|j|☆Testing Voltage
|j|☆Makuryu
|t:|1652880460
|gametype|singles
|player|p1|Testing Voltage|linebacker|1763
|player|p2|Makuryu|koga|1884
|teamsize|p1|6
|teamsize|p2|6
|gen|8
|tier|[Gen 8] OU
|rated|
|rule|Sleep Clause Mod: Limit one foe put to sleep
|rule|Species Clause: Limit one of each Pokémon
|rule|OHKO Clause: OHKO moves are banned
|rule|Evasion Moves Clause: Evasion moves are banned
|rule|Endless Battle Clause: Forcing endless battles is banned
|rule|HP Percentage Mod: HP is shown in percentages
|rule|Dynamax Clause: You cannot dynamax
|clearpoke
|poke|p1|Tapu Koko|
|poke|p1|Raichu-Alola, F|
|poke|p1|Zeraora|
|poke|p1|Ferrothorn, F|
|poke|p1|Mandibuzz, F|
|poke|p1|Latios, M|
|poke|p2|Landorus-Therian, M|
|poke|p2|Tapu Lele|
|poke|p2|Kartana|
|poke|p2|Garchomp, M|
|poke|p2|Corviknight, F|
|poke|p2|Toxapex, F|
|teampreview
|
|t:|1652880478
|start
|switch|p1a: Latios|Latios, M|100/100
|switch|p2a: Tapu Lele|Tapu Lele|100/100
|-fieldstart|move: Psychic Terrain|[from] ability: Psychic Surge|[of] p2a: Tapu Lele
|turn|1
|inactive|Battle timer is ON: inactive players will automatically lose when time's up. (requested by Makuryu)
|j| prof dankness
|
|t:|1652880487
|switch|p1a: Sundowner|Ferrothorn, F, shiny|100/100
|move|p2a: Tapu Lele|Moonblast|p1a: Sundowner
|-resisted|p1a: Sundowner
|-damage|p1a: Sundowner|73/100
|-unboost|p1a: Sundowner|spa|1
|
|-heal|p1a: Sundowner|79/100|[from] item: Leftovers
|upkeep
|turn|2
|
|t:|1652880501
|switch|p2a: Kartana|Kartana|100/100
|move|p1a: Sundowner|Stealth Rock|p2a: Kartana
|-sidestart|p2: Makuryu|move: Stealth Rock
|
|-heal|p1a: Sundowner|86/100|[from] item: Leftovers
|upkeep
|turn|3
|
|t:|1652880506
|switch|p1a: Mandibuzz|Mandibuzz, F|100/100
|move|p2a: Kartana|Knock Off|p1a: Mandibuzz
|-resisted|p1a: Mandibuzz
|-damage|p1a: Mandibuzz|86/100
|-enditem|p1a: Mandibuzz|Heavy-Duty Boots|[from] move: Knock Off|[of] p2a: Kartana
|
|upkeep
|turn|4
|
|t:|1652880514
|switch|p2a: Toxapex|Toxapex, F|100/100
|-damage|p2a: Toxapex|88/100|[from] Stealth Rock
|move|p1a: Mandibuzz|U-turn|p2a: Toxapex
|-resisted|p2a: Toxapex
|-damage|p2a: Toxapex|85/100
|
|t:|1652880522
|switch|p1a: Eagle|Tapu Koko|100/100|[from]move: U-turn
|-fieldstart|move: Electric Terrain|[from] ability: Electric Surge|[of] p1a: Eagle
|
|-heal|p2a: Toxapex|91/100|[from] item: Black Sludge
|upkeep
|turn|5
|
|t:|1652880529
|switch|p2a: Landorus|Landorus-Therian, M|100/100
|-damage|p2a: Landorus|88/100|[from] Stealth Rock
|-ability|p2a: Landorus|Intimidate|boost
|-unboost|p1a: Eagle|atk|1
|move|p1a: Eagle|U-turn|p2a: Landorus
|-resisted|p2a: Landorus
|-damage|p2a: Landorus|84/100
|
|t:|1652880532
|switch|p1a: Latios|Latios, M|100/100|[from]move: U-turn
|
|-heal|p2a: Landorus|90/100|[from] item: Leftovers
|upkeep
|turn|6
|inactive|Makuryu has 120 seconds left.
|j| amogusroxyrrrr
|j| BotTeamTester
|
|t:|1652880583
|switch|p2a: Corviknight|Corviknight, F|100/100
|-damage|p2a: Corviknight|88/100|[from] Stealth Rock
|-ability|p2a: Corviknight|Pressure
|move|p1a: Latios|Surf|p2a: Corviknight
|-damage|p2a: Corviknight|48/100
|
|-heal|p2a: Corviknight|54/100|[from] item: Leftovers
|upkeep
|turn|7
|
|t:|1652880593
|switch|p1a: Zeraora|Zeraora, shiny|100/100
|move|p2a: Corviknight|Roost|p2a: Corviknight
|-heal|p2a: Corviknight|100/100
|-singleturn|p2a: Corviknight|move: Roost
|
|upkeep
|turn|8
|
|t:|1652880607
|switch|p1a: Latios|Latios, M|100/100
|switch|p2a: Garchomp|Garchomp, M|100/100
|-damage|p2a: Garchomp|94/100|[from] Stealth Rock
|
|-heal|p2a: Garchomp|100/100|[from] item: Leftovers
|upkeep
|turn|9
|
|t:|1652880621
|move|p1a: Latios|Trick|p2a: Garchomp
|-activate|p1a: Latios|move: Trick|[of] p2a: Garchomp
|-item|p2a: Garchomp|Choice Specs|[from] move: Trick
|-item|p1a: Latios|Leftovers|[from] move: Trick
|move|p2a: Garchomp|Scale Shot|p1a: Latios
|-supereffective|p1a: Latios
|-damage|p1a: Latios|61/100
|-supereffective|p1a: Latios
|-damage|p1a: Latios|26/100
|-supereffective|p1a: Latios
|-crit|p1a: Latios
|-damage|p1a: Latios|0 fnt
|faint|p1a: Latios
|-hitcount|p1: Latios|3
|-unboost|p2a: Garchomp|def|1
|-boost|p2a: Garchomp|spe|1
|
|upkeep
|
|t:|1652880627
|switch|p1a: Zeraora|Zeraora, shiny|100/100
|turn|10
|
|t:|1652880636
|switch|p2a: Landorus|Landorus-Therian, M|90/100
|-damage|p2a: Landorus|78/100|[from] Stealth Rock
|-ability|p2a: Landorus|Intimidate|boost
|-unboost|p1a: Zeraora|atk|1
|move|p1a: Zeraora|Play Rough|p2a: Landorus
|-damage|p2a: Landorus|56/100
|
|-heal|p2a: Landorus|62/100|[from] item: Leftovers
|upkeep
|turn|11
|inactive|Makuryu has 120 seconds left.
|
|t:|1652880646
|switch|p1a: Mandibuzz|Mandibuzz, F|86/100
|move|p2a: Landorus|U-turn|p1a: Mandibuzz
|-damage|p1a: Mandibuzz|69/100
|
|t:|1652880651
|switch|p2a: Corviknight|Corviknight, F|100/100|[from]move: U-turn
|-damage|p2a: Corviknight|88/100|[from] Stealth Rock
|-ability|p2a: Corviknight|Pressure
|
|-heal|p2a: Corviknight|94/100|[from] item: Leftovers
|-fieldend|move: Electric Terrain
|upkeep
|turn|12
|inactive|Makuryu has 120 seconds left.
|
|t:|1652880662
|move|p1a: Mandibuzz|Roost|p1a: Mandibuzz
|-heal|p1a: Mandibuzz|100/100
|-singleturn|p1a: Mandibuzz|move: Roost
|move|p2a: Corviknight|Defog|p1a: Mandibuzz
|-unboost|p1a: Mandibuzz|evasion|1
|-sideend|p2: Makuryu|Stealth Rock|[from] move: Defog|[of] p2a: Corviknight
|
|-heal|p2a: Corviknight|100/100|[from] item: Leftovers
|upkeep
|turn|13
|
|t:|1652880671
|switch|p1a: Eagle|Tapu Koko|100/100
|-fieldstart|move: Electric Terrain|[from] ability: Electric Surge|[of] p1a: Eagle
|move|p2a: Corviknight|U-turn|p1a: Eagle
|-resisted|p1a: Eagle
|-damage|p1a: Eagle|90/100
|
|t:|1652880678
|switch|p2a: Tapu Lele|Tapu Lele|100/100|[from]move: U-turn
|-fieldstart|move: Psychic Terrain|[from] ability: Psychic Surge|[of] p2a: Tapu Lele
|
|upkeep
|turn|14
|
|t:|1652880688
|switch|p1a: Sundowner|Ferrothorn, F, shiny|86/100
|move|p2a: Tapu Lele|Psychic|p1a: Sundowner
|-resisted|p1a: Sundowner
|-damage|p1a: Sundowner|54/100
|
|-heal|p1a: Sundowner|60/100|[from] item: Leftovers
|upkeep
|turn|15
|
|t:|1652880697
|move|p2a: Tapu Lele|Psychic|p1a: Sundowner
|-resisted|p1a: Sundowner
|-crit|p1a: Sundowner
|-damage|p1a: Sundowner|6/100
|move|p1a: Sundowner|Leech Seed|p2a: Tapu Lele
|-start|p2a: Tapu Lele|move: Leech Seed
|
|-heal|p1a: Sundowner|12/100|[from] item: Leftovers
|-damage|p2a: Tapu Lele|88/100|[from] Leech Seed|[of] p1a: Sundowner
|-heal|p1a: Sundowner|22/100|[silent]
|upkeep
|turn|16
|
|t:|1652880705
|switch|p1a: Mandibuzz|Mandibuzz, F|100/100
|move|p2a: Tapu Lele|Psychic|p1a: Mandibuzz
|-immune|p1a: Mandibuzz
|
|-damage|p2a: Tapu Lele|76/100|[from] Leech Seed|[of] p1a: Mandibuzz
|upkeep
|turn|17
|
|t:|1652880715
|switch|p2a: Toxapex|Toxapex, F|100/100
|move|p1a: Mandibuzz|U-turn|p2a: Toxapex
|-resisted|p2a: Toxapex
|-crit|p2a: Toxapex
|-damage|p2a: Toxapex|95/100
|
|t:|1652880717
|switch|p1a: Eagle|Tapu Koko|90/100|[from]move: U-turn
|-fieldstart|move: Electric Terrain|[from] ability: Electric Surge|[of] p1a: Eagle
|
|-heal|p2a: Toxapex|100/100|[from] item: Black Sludge
|upkeep
|turn|18
|
|t:|1652880730
|move|p1a: Eagle|U-turn|p2a: Toxapex
|-resisted|p2a: Toxapex
|-damage|p2a: Toxapex|96/100
|
|t:|1652880734
|switch|p1a: Mandibuzz|Mandibuzz, F|100/100|[from]move: U-turn
|move|p2a: Toxapex|Recover|p2a: Toxapex
|-heal|p2a: Toxapex|100/100
|
|upkeep
|turn|19
|
|t:|1652880742
|switch|p1a: Sundowner|Ferrothorn, F, shiny|22/100
|move|p2a: Toxapex|Scald|p1a: Sundowner
|-resisted|p1a: Sundowner
|-damage|p1a: Sundowner|17/100
|-status|p1a: Sundowner|brn
|
|-heal|p1a: Sundowner|23/100 brn|[from] item: Leftovers
|-damage|p1a: Sundowner|17/100 brn|[from] brn
|upkeep
|turn|20
|
|t:|1652880755
|move|p2a: Toxapex|Knock Off|p1a: Sundowner
|-damage|p1a: Sundowner|8/100 brn
|-damage|p2a: Toxapex|88/100|[from] ability: Iron Barbs|[of] p1a: Sundowner
|-enditem|p1a: Sundowner|Leftovers|[from] move: Knock Off|[of] p2a: Toxapex
|move|p1a: Sundowner|Leech Seed|p2a: Toxapex
|-start|p2a: Toxapex|move: Leech Seed
|
|-heal|p2a: Toxapex|94/100|[from] item: Black Sludge
|-damage|p2a: Toxapex|82/100|[from] Leech Seed|[of] p1a: Sundowner
|-heal|p1a: Sundowner|18/100 brn|[silent]
|-damage|p1a: Sundowner|12/100 brn|[from] brn
|upkeep
|turn|21
|
|t:|1652880766
|switch|p2a: Kartana|Kartana|100/100
|move|p1a: Sundowner|Stealth Rock|p2a: Kartana
|-sidestart|p2: Makuryu|move: Stealth Rock
|
|-damage|p1a: Sundowner|6/100 brn|[from] brn
|upkeep
|turn|22
|
|t:|1652880777
|move|p2a: Kartana|Smart Strike|p1a: Sundowner
|-resisted|p1a: Sundowner
|-damage|p1a: Sundowner|0 fnt
|-damage|p2a: Kartana|88/100|[from] ability: Iron Barbs|[of] p1a: Sundowner
|faint|p1a: Sundowner
|-ability|p2a: Kartana|Beast Boost|boost
|-boost|p2a: Kartana|atk|1
|
|upkeep
|
|t:|1652880779
|switch|p1a: Valentine|Raichu-Alola, F, shiny|100/100
|turn|23
|
|t:|1652880797
|switch|p2a: Garchomp|Garchomp, M|100/100
|-damage|p2a: Garchomp|94/100|[from] Stealth Rock
|move|p1a: Valentine|Rising Voltage|p2a: Garchomp
|-immune|p2a: Garchomp
|
|upkeep
|turn|24
|
|t:|1652880806
|switch|p1a: Mandibuzz|Mandibuzz, F|100/100
|move|p2a: Garchomp|Earthquake|p1a: Mandibuzz
|-immune|p1a: Mandibuzz
|
|-fieldend|move: Electric Terrain
|upkeep
|turn|25
|
|t:|1652880821
|switch|p2a: Toxapex|Toxapex, F|100/100
|-damage|p2a: Toxapex|88/100|[from] Stealth Rock
|move|p1a: Mandibuzz|U-turn|p2a: Toxapex
|-resisted|p2a: Toxapex
|-damage|p2a: Toxapex|85/100
|
|t:|1652880823
|switch|p1a: Eagle|Tapu Koko|90/100|[from]move: U-turn
|-fieldstart|move: Electric Terrain|[from] ability: Electric Surge|[of] p1a: Eagle
|
|-heal|p2a: Toxapex|91/100|[from] item: Black Sludge
|upkeep
|turn|26
|
|t:|1652880834
|move|p1a: Eagle|U-turn|p2a: Toxapex
|-resisted|p2a: Toxapex
|-damage|p2a: Toxapex|86/100
|
|t:|1652880836
|switch|p1a: Zeraora|Zeraora, shiny|100/100|[from]move: U-turn
|move|p2a: Toxapex|Recover|p2a: Toxapex
|-heal|p2a: Toxapex|100/100
|
|upkeep
|turn|27
|
|t:|1652880844
|switch|p2a: Landorus|Landorus-Therian, M|62/100
|-damage|p2a: Landorus|50/100|[from] Stealth Rock
|-ability|p2a: Landorus|Intimidate|boost
|-unboost|p1a: Zeraora|atk|1
|move|p1a: Zeraora|Volt Switch|p2a: Landorus
|-immune|p2a: Landorus
|
|-heal|p2a: Landorus|56/100|[from] item: Leftovers
|upkeep
|turn|28
|
|t:|1652880854
|switch|p1a: Mandibuzz|Mandibuzz, F|100/100
|move|p2a: Landorus|Stealth Rock|p1a: Mandibuzz
|-sidestart|p1: Testing Voltage|move: Stealth Rock
|
|-heal|p2a: Landorus|62/100|[from] item: Leftovers
|upkeep
|turn|29
|
|t:|1652880860
|move|p2a: Landorus|Toxic|p1a: Mandibuzz
|-status|p1a: Mandibuzz|tox
|move|p1a: Mandibuzz|U-turn|p2a: Landorus
|-resisted|p2a: Landorus
|-damage|p2a: Landorus|57/100
|
|t:|1652880861
|switch|p1a: Valentine|Raichu-Alola, F, shiny|100/100|[from]move: U-turn
|-damage|p1a: Valentine|88/100|[from] Stealth Rock
|
|-heal|p2a: Landorus|63/100|[from] item: Leftovers
|upkeep
|turn|30
|
|t:|1652880876
|switch|p2a: Toxapex|Toxapex, F|100/100
|-damage|p2a: Toxapex|88/100|[from] Stealth Rock
|move|p1a: Valentine|Surf|p2a: Toxapex
|-resisted|p2a: Toxapex
|-damage|p2a: Toxapex|74/100
|-damage|p1a: Valentine|78/100|[from] item: Life Orb
|
|-heal|p2a: Toxapex|80/100|[from] item: Black Sludge
|upkeep
|turn|31
|
|t:|1652880889
|switch|p2a: Garchomp|Garchomp, M|94/100
|-damage|p2a: Garchomp|88/100|[from] Stealth Rock
|move|p1a: Valentine|Nasty Plot|p1a: Valentine
|-boost|p1a: Valentine|spa|2
|
|upkeep
|turn|32
|
|t:|1652880895
|move|p1a: Valentine|Focus Blast|p2a: Garchomp
|-damage|p2a: Garchomp|0 fnt
|faint|p2a: Garchomp
|-damage|p1a: Valentine|68/100|[from] item: Life Orb
|
|-fieldend|move: Electric Terrain
|upkeep
|
|t:|1652880902
|switch|p2a: Kartana|Kartana|88/100
|-damage|p2a: Kartana|82/100|[from] Stealth Rock
|turn|33
|
|t:|1652880909
|switch|p1a: Zeraora|Zeraora, shiny|100/100
|-damage|p1a: Zeraora|88/100|[from] Stealth Rock
|move|p2a: Kartana|Leaf Blade|p1a: Zeraora
|-damage|p1a: Zeraora|6/100
|
|upkeep
|turn|34
|
|t:|1652880916
|move|p2a: Kartana|Leaf Blade|p1a: Zeraora
|-crit|p1a: Zeraora
|-damage|p1a: Zeraora|0 fnt
|faint|p1a: Zeraora
|-ability|p2a: Kartana|Beast Boost|boost
|-boost|p2a: Kartana|atk|1
|
|upkeep
|
|t:|1652880918
|switch|p1a: Mandibuzz|Mandibuzz, F|100/100 tox
|-damage|p1a: Mandibuzz|76/100 tox|[from] Stealth Rock
|turn|35
|
|t:|1652880925
|move|p2a: Kartana|Leaf Blade|p1a: Mandibuzz
|-resisted|p1a: Mandibuzz
|-damage|p1a: Mandibuzz|48/100 tox
|move|p1a: Mandibuzz|Foul Play|p2a: Kartana
|-damage|p2a: Kartana|0 fnt
|faint|p2a: Kartana
|
|-damage|p1a: Mandibuzz|41/100 tox|[from] psn
|upkeep
|
|t:|1652880933
|switch|p2a: Tapu Lele|Tapu Lele|76/100
|-damage|p2a: Tapu Lele|63/100|[from] Stealth Rock
|-fieldstart|move: Psychic Terrain|[from] ability: Psychic Surge|[of] p2a: Tapu Lele
|turn|36
|
|t:|1652880938
|move|p2a: Tapu Lele|Moonblast|p1a: Mandibuzz
|-supereffective|p1a: Mandibuzz
|-damage|p1a: Mandibuzz|0 fnt
|faint|p1a: Mandibuzz
|
|upkeep
|
|t:|1652880942
|switch|p1a: Eagle|Tapu Koko|90/100
|-damage|p1a: Eagle|78/100|[from] Stealth Rock
|-fieldstart|move: Electric Terrain|[from] ability: Electric Surge|[of] p1a: Eagle
|turn|37
|
|t:|1652880947
|move|p1a: Eagle|Thunderbolt|p2a: Tapu Lele
|-damage|p2a: Tapu Lele|11/100
|move|p2a: Tapu Lele|Moonblast|p1a: Eagle
|-damage|p1a: Eagle|0 fnt
|faint|p1a: Eagle
|
|upkeep
|
|t:|1652880952
|switch|p1a: Valentine|Raichu-Alola, F, shiny|68/100
|-damage|p1a: Valentine|56/100|[from] Stealth Rock
|turn|38
|
|t:|1652880957
|move|p1a: Valentine|Surf|p2a: Tapu Lele
|-damage|p2a: Tapu Lele|0 fnt
|faint|p2a: Tapu Lele
|-damage|p1a: Valentine|46/100|[from] item: Life Orb
|
|upkeep
|
|t:|1652880966
|switch|p2a: Corviknight|Corviknight, F|100/100
|-damage|p2a: Corviknight|88/100|[from] Stealth Rock
|-ability|p2a: Corviknight|Pressure
|turn|39
|
|t:|1652880971
|switch|p2a: Landorus|Landorus-Therian, M|63/100
|-damage|p2a: Landorus|51/100|[from] Stealth Rock
|-ability|p2a: Landorus|Intimidate|boost
|-unboost|p1a: Valentine|atk|1
|move|p1a: Valentine|Rising Voltage|p2a: Landorus
|-immune|p2a: Landorus
|
|-heal|p2a: Landorus|57/100|[from] item: Leftovers
|upkeep
|turn|40
|
|t:|1652880981
|switch|p2a: Toxapex|Toxapex, F|100/100
|-damage|p2a: Toxapex|88/100|[from] Stealth Rock
|move|p1a: Valentine|Surf|p2a: Toxapex
|-resisted|p2a: Toxapex
|-damage|p2a: Toxapex|73/100
|-damage|p1a: Valentine|36/100|[from] item: Life Orb
|
|-heal|p2a: Toxapex|79/100|[from] item: Black Sludge
|upkeep
|turn|41
|
|t:|1652880991
|switch|p2a: Landorus|Landorus-Therian, M|57/100
|-damage|p2a: Landorus|45/100|[from] Stealth Rock
|-ability|p2a: Landorus|Intimidate|boost
|-unboost|p1a: Valentine|atk|1
|move|p1a: Valentine|Nasty Plot|p1a: Valentine
|-boost|p1a: Valentine|spa|2
|
|-heal|p2a: Landorus|51/100|[from] item: Leftovers
|upkeep
|turn|42
|
|t:|1652881005
|switch|p2a: Corviknight|Corviknight, F|88/100
|-damage|p2a: Corviknight|75/100|[from] Stealth Rock
|-ability|p2a: Corviknight|Pressure
|move|p1a: Valentine|Surf|p2a: Corviknight
|-damage|p2a: Corviknight|13/100
|-damage|p1a: Valentine|26/100|[from] item: Life Orb
|
|-heal|p2a: Corviknight|19/100|[from] item: Leftovers
|upkeep
|turn|43
|
|t:|1652881021
|switch|p2a: Landorus|Landorus-Therian, M|51/100
|-damage|p2a: Landorus|38/100|[from] Stealth Rock
|-ability|p2a: Landorus|Intimidate|boost
|-unboost|p1a: Valentine|atk|1
|move|p1a: Valentine|Rising Voltage|p2a: Landorus
|-immune|p2a: Landorus
|
|-heal|p2a: Landorus|44/100|[from] item: Leftovers
|upkeep
|turn|44
|
|t:|1652881033
|switch|p2a: Toxapex|Toxapex, F|100/100
|-damage|p2a: Toxapex|88/100|[from] Stealth Rock
|move|p1a: Valentine|Rising Voltage|p2a: Toxapex
|-hint|Rising Voltage's BP doubled on grounded target.
|-supereffective|p2a: Toxapex
|-damage|p2a: Toxapex|0 fnt
|faint|p2a: Toxapex
|-damage|p1a: Valentine|16/100|[from] item: Life Orb
|
|-fieldend|move: Electric Terrain
|upkeep
|
|t:|1652881045
|switch|p2a: Landorus|Landorus-Therian, M|44/100
|-damage|p2a: Landorus|32/100|[from] Stealth Rock
|-ability|p2a: Landorus|Intimidate|boost
|-unboost|p1a: Valentine|atk|1
|turn|45
|
|t:|1652881050
|move|p1a: Valentine|Surf|p2a: Landorus
|-supereffective|p2a: Landorus
|-damage|p2a: Landorus|0 fnt
|faint|p2a: Landorus
|-damage|p1a: Valentine|6/100|[from] item: Life Orb
|
|upkeep
|
|t:|1652881055
|switch|p2a: Corviknight|Corviknight, F|19/100
|-damage|p2a: Corviknight|7/100|[from] Stealth Rock
|-ability|p2a: Corviknight|Pressure
|turn|46
|j| louis974
|
|t:|1652881060
|move|p1a: Valentine|Surf|p2a: Corviknight
|-damage|p2a: Corviknight|0 fnt
|faint|p2a: Corviknight
|-damage|p1a: Valentine|0 fnt|[from] item: Life Orb
|faint|p1a: Valentine
|
|win|Testing Voltage
|raw|Testing Voltage's rating: 1763 &rarr; <strong>1790</strong><br />(+27 for winning)
|raw|Makuryu's rating: 1884 &rarr; <strong>1857</strong><br />(-27 for losing)
|l|☆Makuryu
|c| amogusroxyrrrr|what a comeback
|l| BotTeamTester
||Ladder isn't responding, score probably updated but might not have (Request timeout).
|l| amogusroxyrrrr
|l| prof dankness
|c|☆Testing Voltage|Ty
