|j|☆LT82ZW Down$hift
|j|☆SuperTheoryBros
|t:|1633292693
|gametype|singles
|player|p1|LT82ZW Down$hift|teamrocket|1657
|player|p2|SuperTheoryBros|169|1775
|teamsize|p1|6
|teamsize|p2|6
|gen|8
|tier|[Gen 8] OU
|rated|
|rule|Sleep Clause Mod: Limit one foe put to sleep
|rule|Species Clause: Limit one of each Pokémon
|rule|OHKO Clause: OHKO moves are banned
|rule|Evasion Moves Clause: Evasion moves are banned
|rule|Endless Battle Clause: Forcing endless battles is banned
|rule|HP Percentage Mod: HP is shown in percentages
|rule|Dynamax Clause: You cannot dynamax
|clearpoke
|poke|p1|Corviknight, F|
|poke|p1|Blissey, F|
|poke|p1|Magnezone|
|poke|p1|Clefable, M|
|poke|p1|Heatran, M|
|poke|p1|Tapu Fini|
|poke|p2|Tyranitar, M|
|poke|p2|Garchomp, M|
|poke|p2|Tornadus-Therian, M|
|poke|p2|Clefable, F|
|poke|p2|Ferrothorn, M|
|poke|p2|Toxapex, M|
|teampreview
|inactive|Battle timer is ON: inactive players will automatically lose when time's up. (requested by SuperTheoryBros)
|c|☆LT82ZW Down$hift|Hf
|j| egerededededww
|j| Limited_Toolkit
|inactive|SuperTheoryBros has 120 seconds left.
|inactive|SuperTheoryBros has 90 seconds left.
|
|t:|1633292754
|start
|switch|p1a: Status Crow|Corviknight, F|100/100
|switch|p2a: Tyranitar|Tyranitar, M|100/100
|-weather|Sandstorm|[from] ability: Sand Stream|[of] p2a: Tyranitar
|turn|1
|
|t:|1633292772
|switch|p2a: Toxapex|Toxapex, M|100/100
|move|p1a: Status Crow|Body Press|p2a: Toxapex
|-resisted|p2a: Toxapex
|-damage|p2a: Toxapex|91/100
|
|-weather|Sandstorm|[upkeep]
|-damage|p2a: Toxapex|85/100|[from] Sandstorm
|upkeep
|turn|2
|j| andrethagiiant
|
|t:|1633292785
|switch|p1a: Nurse Depression|Blissey, F|100/100
|move|p2a: Toxapex|Knock Off|p1a: Nurse Depression
|-damage|p1a: Nurse Depression|88/100
|-enditem|p1a: Nurse Depression|Heavy-Duty Boots|[from] move: Knock Off|[of] p2a: Toxapex
|
|-weather|Sandstorm|[upkeep]
|-damage|p1a: Nurse Depression|81/100|[from] Sandstorm
|-damage|p2a: Toxapex|79/100|[from] Sandstorm
|upkeep
|turn|3
|l| andrethagiiant
|
|t:|1633292790
|move|p1a: Nurse Depression|Thunder Wave|p2a: Toxapex
|-status|p2a: Toxapex|par
|move|p2a: Toxapex|Toxic Spikes|p1a: Nurse Depression
|-sidestart|p1: LT82ZW Down$hift|move: Toxic Spikes
|
|-weather|Sandstorm|[upkeep]
|-damage|p1a: Nurse Depression|75/100|[from] Sandstorm
|-damage|p2a: Toxapex|73/100 par|[from] Sandstorm
|upkeep
|turn|4
|inactive|SuperTheoryBros has 120 seconds left.
|
|t:|1633292828
|switch|p2a: Tornadus|Tornadus-Therian, M|100/100
|move|p1a: Nurse Depression|Teleport|p1a: Nurse Depression
|
|t:|1633292857
|switch|p1a: $wagnezone|Magnezone|100/100|[from]move: Teleport
|
|-weather|Sandstorm|[upkeep]
|-damage|p2a: Tornadus|94/100|[from] Sandstorm
|upkeep
|turn|5
|inactive|SuperTheoryBros has 120 seconds left.
|
|t:|1633292877
|move|p2a: Tornadus|Knock Off|p1a: $wagnezone
|-damage|p1a: $wagnezone|86/100
|-enditem|p1a: $wagnezone|Leftovers|[from] move: Knock Off|[of] p2a: Tornadus
|move|p1a: $wagnezone|Discharge|p2a: Tornadus
|-supereffective|p2a: Tornadus
|-damage|p2a: Tornadus|18/100
|-status|p2a: Tornadus|par
|
|-weather|none
|upkeep
|turn|6
|
|t:|1633292889
|move|p2a: Tornadus|U-turn|p1a: $wagnezone
|-resisted|p1a: $wagnezone
|-damage|p1a: $wagnezone|80/100
|inactive|SuperTheoryBros has 90 seconds left.
|
|t:|1633292919
|switch|p2a: Toxapex|Toxapex, M|100/100 par|[from]move: U-turn
|move|p1a: $wagnezone|Discharge|p2a: Toxapex
|-supereffective|p2a: Toxapex
|-damage|p2a: Toxapex|47/100 par
|
|upkeep
|turn|7
|inactive|SuperTheoryBros has 90 seconds left.
|
|t:|1633292939
|switch|p1a: Pink Menace|Clefable, M|100/100
|-status|p1a: Pink Menace|psn
|switch|p2a: Garchomp|Garchomp, M|100/100
|
|upkeep
|turn|8
|
|t:|1633292955
|switch|p2a: Tornadus|Tornadus-Therian, M|51/100 par
|move|p1a: Pink Menace|Moonblast|p2a: Tornadus
|-damage|p2a: Tornadus|17/100 par
|
|upkeep
|turn|9
|
|t:|1633292968
|move|p2a: Tornadus|U-turn|p1a: Pink Menace
|-resisted|p1a: Pink Menace
|-damage|p1a: Pink Menace|95/100 psn
|
|t:|1633292971
|switch|p2a: Ferrothorn|Ferrothorn, M|100/100|[from]move: U-turn
|move|p1a: Pink Menace|Moonblast|p2a: Ferrothorn
|-resisted|p2a: Ferrothorn
|-damage|p2a: Ferrothorn|88/100
|
|-heal|p1a: Pink Menace|100/100 psn|[from] item: Leftovers
|-heal|p2a: Ferrothorn|94/100|[from] item: Leftovers
|upkeep
|turn|10
|j| jeanmilapipe
|
|t:|1633292988
|move|p2a: Ferrothorn|Leech Seed|p1a: Pink Menace
|-start|p1a: Pink Menace|move: Leech Seed
|move|p1a: Pink Menace|Teleport|p1a: Pink Menace
|
|t:|1633292991
|switch|p1a: $wagnezone|Magnezone|80/100|[from]move: Teleport
|
|-heal|p2a: Ferrothorn|99/100|[from] item: Leftovers
|upkeep
|turn|11
|inactive|SuperTheoryBros has 90 seconds left.
|
|t:|1633292997
|move|p1a: $wagnezone|Substitute|p1a: $wagnezone
|-start|p1a: $wagnezone|Substitute
|-damage|p1a: $wagnezone|56/100
|move|p2a: Ferrothorn|Iron Defense|p2a: Ferrothorn
|-boost|p2a: Ferrothorn|def|2
|
|-heal|p2a: Ferrothorn|100/100|[from] item: Leftovers
|upkeep
|turn|12
|
|t:|1633293007
|move|p1a: $wagnezone|Discharge|p2a: Ferrothorn
|-resisted|p2a: Ferrothorn
|-damage|p2a: Ferrothorn|86/100
|move|p2a: Ferrothorn|Iron Defense|p2a: Ferrothorn
|-boost|p2a: Ferrothorn|def|2
|
|-heal|p2a: Ferrothorn|92/100|[from] item: Leftovers
|upkeep
|turn|13
|
|t:|1633293017
|move|p1a: $wagnezone|Discharge|p2a: Ferrothorn
|-resisted|p2a: Ferrothorn
|-damage|p2a: Ferrothorn|77/100
|-status|p2a: Ferrothorn|par
|move|p2a: Ferrothorn|Body Press|p1a: $wagnezone
|-supereffective|p1a: $wagnezone
|-end|p1a: $wagnezone|Substitute
|
|-heal|p2a: Ferrothorn|83/100 par|[from] item: Leftovers
|upkeep
|turn|14
|
|t:|1633293028
|switch|p1a: Pink Menace|Clefable, M|100/100 psn
|cant|p2a: Ferrothorn|par
|
|-heal|p2a: Ferrothorn|89/100 par|[from] item: Leftovers
|upkeep
|turn|15
|
|t:|1633293035
|move|p1a: Pink Menace|Moonblast|p2a: Ferrothorn
|-resisted|p2a: Ferrothorn
|-damage|p2a: Ferrothorn|75/100 par
|move|p2a: Ferrothorn|Gyro Ball|p1a: Pink Menace
|-supereffective|p1a: Pink Menace
|-damage|p1a: Pink Menace|22/100 psn
|
|-heal|p1a: Pink Menace|28/100 psn|[from] item: Leftovers
|-heal|p2a: Ferrothorn|81/100 par|[from] item: Leftovers
|upkeep
|turn|16
|-message|LT82ZW Down$hift forfeited.
|
|win|SuperTheoryBros
|raw|LT82ZW Down$hift's rating: 1657 &rarr; <strong>1644</strong><br />(-13 for losing)
|raw|SuperTheoryBros's rating: 1775 &rarr; <strong>1788</strong><br />(+13 for winning)
|l|☆LT82ZW Down$hift
|l| Limited_Toolkit
||Ladder isn't responding, score probably updated but might not have (Request timeout).
