|j|☆Cowsrule247
|j|☆shiawasenostory
|t:|1668143562
|gametype|singles
|player|p1|Cowsrule247|skyla|1695
|player|p2|shiawasenostory|winona|1755
|teamsize|p1|6
|teamsize|p2|6
|gen|8
|tier|[Gen 8] OU
|rated|
|rule|Sleep Clause Mod: Limit one foe put to sleep
|rule|Species Clause: Limit one of each Pokémon
|rule|OHKO Clause: OHKO moves are banned
|rule|Evasion Items Clause: Evasion items are banned
|rule|Evasion Moves Clause: Evasion moves are banned
|rule|Endless Battle Clause: Forcing endless battles is banned
|rule|HP Percentage Mod: HP is shown in percentages
|rule|Dynamax Clause: You cannot dynamax
|clearpoke
|poke|p1|Corviknight, M|
|poke|p1|Gastrodon-East, M|
|poke|p1|Toxapex, F|
|poke|p1|Buzzwole|
|poke|p1|Clefable, F|
|poke|p1|Blissey, F|
|poke|p2|Skarmory, M|
|poke|p2|Ditto|
|poke|p2|Toxapex, M|
|poke|p2|Blissey, F|
|poke|p2|Shedinja|
|poke|p2|Quagsire, F|
|teampreview
|inactive|Battle timer is ON: inactive players will automatically lose when time's up. (requested by Cowsrule247)
|
|t:|1668143570
|start
|switch|p1a: thicc|Blissey, F|100/100
|switch|p2a: Ditto|Ditto, shiny|100/100
|-transform|p2a: Ditto|p1a: thicc|[from] ability: Imposter
|-item|p2a: Ditto|Air Balloon
|turn|1
|j| Anibunnysomoney
|
|t:|1668143575
|move|p1a: thicc|Stealth Rock|p2a: Ditto
|-sidestart|p2: shiawasenostory|move: Stealth Rock
|move|p2a: Ditto|Stealth Rock|p1a: thicc
|-sidestart|p1: Cowsrule247|move: Stealth Rock
|
|upkeep
|turn|2
|
|t:|1668143584
|switch|p1a: SWOLE|Buzzwole, shiny|100/100
|switch|p2a: Skarmory|Skarmory, M|100/100
|-damage|p2a: Skarmory|88/100|[from] Stealth Rock
|
|-heal|p2a: Skarmory|94/100|[from] item: Leftovers
|upkeep
|turn|3
|
|t:|1668143591
|switch|p2a: Toxapex|Toxapex, M|100/100
|switch|p1a: Caw Bitch|Corviknight, M|100/100
|-damage|p1a: Caw Bitch|88/100|[from] Stealth Rock
|-ability|p1a: Caw Bitch|Pressure
|
|-heal|p1a: Caw Bitch|94/100|[from] item: Leftovers
|upkeep
|turn|4
|
|t:|1668143600
|switch|p1a: ;)|Toxapex, F|100/100
|-damage|p1a: ;)|88/100|[from] Stealth Rock
|move|p2a: Toxapex|Knock Off|p1a: ;)
|-damage|p1a: ;)|78/100
|-enditem|p1a: ;)|Shed Shell|[from] move: Knock Off|[of] p2a: Toxapex
|
|upkeep
|turn|5
|
|t:|1668143606
|move|p2a: Toxapex|Scald|p1a: ;)
|-resisted|p1a: ;)
|-damage|p1a: ;)|72/100
|move|p1a: ;)|Scald|p2a: Toxapex
|-resisted|p2a: Toxapex
|-damage|p2a: Toxapex|94/100
|
|upkeep
|turn|6
|
|t:|1668143609
|move|p2a: Toxapex|Scald|p1a: ;)
|-resisted|p1a: ;)
|-damage|p1a: ;)|65/100
|move|p1a: ;)|Knock Off|p2a: Toxapex
|-damage|p2a: Toxapex|85/100
|-enditem|p2a: Toxapex|Heavy-Duty Boots|[from] move: Knock Off|[of] p1a: ;)
|
|upkeep
|turn|7
|
|t:|1668143611
|move|p1a: ;)|Scald|p2a: Toxapex
|-resisted|p2a: Toxapex
|-damage|p2a: Toxapex|78/100
|move|p2a: Toxapex|Scald|p1a: ;)
|-resisted|p1a: ;)
|-damage|p1a: ;)|58/100
|-status|p1a: ;)|brn
|
|-damage|p1a: ;)|51/100 brn|[from] brn
|upkeep
|turn|8
|
|t:|1668143616
|switch|p2a: Ditto|Ditto, shiny|100/100
|-damage|p2a: Ditto|88/100|[from] Stealth Rock
|-transform|p2a: Ditto|p1a: ;)|[from] ability: Imposter
|-item|p2a: Ditto|Air Balloon
|move|p1a: ;)|Recover|p1a: ;)
|-heal|p1a: ;)|100/100 brn
|
|-damage|p1a: ;)|94/100 brn|[from] brn
|upkeep
|turn|9
|
|t:|1668143624
|move|p1a: ;)|Knock Off|p2a: Ditto
|-damage|p2a: Ditto|83/100
|-enditem|p2a: Ditto|Air Balloon
|move|p2a: Ditto|Knock Off|p1a: ;)
|-damage|p1a: ;)|88/100 brn
|
|-damage|p1a: ;)|82/100 brn|[from] brn
|upkeep
|turn|10
|l| Anibunnysomoney
|
|t:|1668143635
|move|p1a: ;)|Scald|p2a: Ditto
|-resisted|p2a: Ditto
|-damage|p2a: Ditto|77/100
|-status|p2a: Ditto|brn
|move|p2a: Ditto|Scald|p1a: ;)
|-resisted|p1a: ;)
|-damage|p1a: ;)|75/100 brn
|
|-damage|p2a: Ditto|71/100 brn|[from] brn
|-damage|p1a: ;)|68/100 brn|[from] brn
|upkeep
|turn|11
|j| Anibunnysomoney
|
|t:|1668143642
|move|p1a: ;)|Haze|p1a: ;)
|-clearallboost
|move|p2a: Ditto|Scald|p1a: ;)
|-resisted|p1a: ;)
|-damage|p1a: ;)|61/100 brn
|
|-damage|p2a: Ditto|65/100 brn|[from] brn
|-damage|p1a: ;)|55/100 brn|[from] brn
|upkeep
|turn|12
|
|t:|1668143644
|move|p1a: ;)|Recover|p1a: ;)
|-heal|p1a: ;)|100/100 brn
|move|p2a: Ditto|Scald|p1a: ;)
|-resisted|p1a: ;)
|-damage|p1a: ;)|94/100 brn
|
|-damage|p1a: ;)|88/100 brn|[from] brn
|-damage|p2a: Ditto|59/100 brn|[from] brn
|upkeep
|turn|13
|
|t:|1668143647
|move|p2a: Ditto|Scald|p1a: ;)
|-resisted|p1a: ;)
|-damage|p1a: ;)|81/100 brn
|move|p1a: ;)|Haze|p1a: ;)
|-clearallboost
|
|-damage|p1a: ;)|75/100 brn|[from] brn
|-damage|p2a: Ditto|53/100 brn|[from] brn
|upkeep
|turn|14
|
|t:|1668143649
|move|p1a: ;)|Recover|p1a: ;)
|-heal|p1a: ;)|100/100 brn
|move|p2a: Ditto|Recover|p2a: Ditto
|-heal|p2a: Ditto|100/100 brn
|
|-damage|p2a: Ditto|94/100 brn|[from] brn
|-damage|p1a: ;)|94/100 brn|[from] brn
|upkeep
|turn|15
|
|t:|1668143651
|move|p2a: Ditto|Scald|p1a: ;)
|-resisted|p1a: ;)
|-damage|p1a: ;)|88/100 brn
|move|p1a: ;)|Haze|p1a: ;)
|-clearallboost
|
|-damage|p1a: ;)|82/100 brn|[from] brn
|-damage|p2a: Ditto|88/100 brn|[from] brn
|upkeep
|turn|16
|
|t:|1668143656
|move|p2a: Ditto|Haze|p2a: Ditto
|-clearallboost
|move|p1a: ;)|Haze|p1a: ;)
|-clearallboost
|
|-damage|p1a: ;)|75/100 brn|[from] brn
|-damage|p2a: Ditto|82/100 brn|[from] brn
|upkeep
|turn|17
|
|t:|1668143658
|move|p1a: ;)|Haze|p1a: ;)
|-clearallboost
|move|p2a: Ditto|Haze|p2a: Ditto
|-clearallboost
|
|-damage|p1a: ;)|69/100 brn|[from] brn
|-damage|p2a: Ditto|76/100 brn|[from] brn
|upkeep
|turn|18
|
|t:|1668143660
|move|p2a: Ditto|Haze|p2a: Ditto
|-clearallboost
|move|p1a: ;)|Haze|p1a: ;)
|-clearallboost
|
|-damage|p2a: Ditto|70/100 brn|[from] brn
|-damage|p1a: ;)|63/100 brn|[from] brn
|upkeep
|turn|19
|
|t:|1668143662
|move|p2a: Ditto|Haze|p2a: Ditto
|-clearallboost
|move|p1a: ;)|Haze|p1a: ;)
|-clearallboost
|
|-damage|p1a: ;)|57/100 brn|[from] brn
|-damage|p2a: Ditto|64/100 brn|[from] brn
|upkeep
|turn|20
|l| Anibunnysomoney
|
|t:|1668143664
|move|p2a: Ditto|Knock Off|p1a: ;)
|-damage|p1a: ;)|54/100 brn
|move|p1a: ;)|Recover|p1a: ;)
|-heal|p1a: ;)|100/100 brn
|
|-damage|p1a: ;)|94/100 brn|[from] brn
|-damage|p2a: Ditto|58/100 brn|[from] brn
|upkeep
|turn|21
|
|t:|1668143669
|move|p1a: ;)|Haze|p1a: ;)
|-clearallboost
|move|p2a: Ditto|Haze|p2a: Ditto
|-clearallboost
|
|-damage|p2a: Ditto|52/100 brn|[from] brn
|-damage|p1a: ;)|88/100 brn|[from] brn
|upkeep
|turn|22
|
|t:|1668143672
|move|p1a: ;)|Haze|p1a: ;)
|-clearallboost
|move|p2a: Ditto|Knock Off|p1a: ;)
|-damage|p1a: ;)|85/100 brn
|
|-damage|p1a: ;)|79/100 brn|[from] brn
|-damage|p2a: Ditto|46/100 brn|[from] brn
|upkeep
|turn|23
|j| BabyPigsAreLaughin
|
|t:|1668143674
|move|p2a: Ditto|Knock Off|p1a: ;)
|-damage|p1a: ;)|75/100 brn
|move|p1a: ;)|Haze|p1a: ;)
|-clearallboost
|
|-damage|p1a: ;)|69/100 brn|[from] brn
|-damage|p2a: Ditto|40/100 brn|[from] brn
|upkeep
|turn|24
|
|t:|1668143676
|move|p1a: ;)|Recover|p1a: ;)
|-heal|p1a: ;)|100/100 brn
|move|p2a: Ditto|Recover|p2a: Ditto
|-heal|p2a: Ditto|90/100 brn
|
|-damage|p2a: Ditto|84/100 brn|[from] brn
|-damage|p1a: ;)|94/100 brn|[from] brn
|upkeep
|turn|25
|
|t:|1668143679
|move|p2a: Ditto|Knock Off|p1a: ;)
|-damage|p1a: ;)|91/100 brn
|move|p1a: ;)|Haze|p1a: ;)
|-clearallboost
|
|-damage|p1a: ;)|85/100 brn|[from] brn
|-damage|p2a: Ditto|78/100 brn|[from] brn
|upkeep
|turn|26
|
|t:|1668143686
|switch|p2a: Toxapex|Toxapex, M|100/100
|-damage|p2a: Toxapex|88/100|[from] Stealth Rock
|switch|p1a: thicc|Blissey, F|100/100
|
|upkeep
|turn|27
|
|t:|1668143691
|switch|p1a: HitEmFromTheEast|Gastrodon-East, M|100/100
|-damage|p1a: HitEmFromTheEast|94/100|[from] Stealth Rock
|move|p2a: Toxapex|Knock Off|p1a: HitEmFromTheEast
|-damage|p1a: HitEmFromTheEast|78/100
|-activate|p1a: HitEmFromTheEast|ability: Sticky Hold
|
|-heal|p1a: HitEmFromTheEast|84/100|[from] item: Leftovers
|upkeep
|turn|28
|
|t:|1668143700
|move|p1a: HitEmFromTheEast|Earthquake|p2a: Toxapex
|-supereffective|p2a: Toxapex
|-damage|p2a: Toxapex|54/100
|move|p2a: Toxapex|Toxic|p1a: HitEmFromTheEast
|-status|p1a: HitEmFromTheEast|tox
|
|-heal|p1a: HitEmFromTheEast|90/100 tox|[from] item: Leftovers
|-damage|p1a: HitEmFromTheEast|84/100 tox|[from] psn
|upkeep
|turn|29
|
|t:|1668143708
|switch|p2a: Ditto|Ditto, shiny|100/100 brn
|-damage|p2a: Ditto|88/100 brn|[from] Stealth Rock
|-transform|p2a: Ditto|p1a: HitEmFromTheEast|[from] ability: Imposter
|move|p1a: HitEmFromTheEast|Scald|p2a: Ditto
|-damage|p2a: Ditto|64/100 brn
|
|-heal|p1a: HitEmFromTheEast|90/100 tox|[from] item: Leftovers
|-damage|p1a: HitEmFromTheEast|78/100 tox|[from] psn
|-damage|p2a: Ditto|58/100 brn|[from] brn
|upkeep
|turn|30
|
|t:|1668143714
|move|p2a: Ditto|Recover|p2a: Ditto
|-heal|p2a: Ditto|100/100 brn
|move|p1a: HitEmFromTheEast|Earthquake|p2a: Ditto
|-damage|p2a: Ditto|54/100 brn
|
|-heal|p1a: HitEmFromTheEast|84/100 tox|[from] item: Leftovers
|-damage|p1a: HitEmFromTheEast|66/100 tox|[from] psn
|-damage|p2a: Ditto|48/100 brn|[from] brn
|upkeep
|turn|31
|
|t:|1668143717
|move|p2a: Ditto|Recover|p2a: Ditto
|-heal|p2a: Ditto|98/100 brn
|move|p1a: HitEmFromTheEast|Earthquake|p2a: Ditto
|-damage|p2a: Ditto|51/100 brn
|
|-heal|p1a: HitEmFromTheEast|72/100 tox|[from] item: Leftovers
|-damage|p1a: HitEmFromTheEast|47/100 tox|[from] psn
|-damage|p2a: Ditto|45/100 brn|[from] brn
|upkeep
|turn|32
|
|t:|1668143720
|move|p1a: HitEmFromTheEast|Recover|p1a: HitEmFromTheEast
|-heal|p1a: HitEmFromTheEast|97/100 tox
|move|p2a: Ditto|Recover|p2a: Ditto
|-heal|p2a: Ditto|95/100 brn
|
|-heal|p1a: HitEmFromTheEast|100/100 tox|[from] item: Leftovers
|-damage|p1a: HitEmFromTheEast|70/100 tox|[from] psn
|-damage|p2a: Ditto|89/100 brn|[from] brn
|upkeep
|turn|33
|
|t:|1668143727
|switch|p1a: Treble|Clefable, F|100/100
|-damage|p1a: Treble|88/100|[from] Stealth Rock
|switch|p2a: Blissey|Blissey, F|100/100
|
|-heal|p1a: Treble|94/100|[from] item: Leftovers
|upkeep
|turn|34
|
|t:|1668143731
|switch|p2a: Ditto|Ditto, shiny|89/100 brn
|-damage|p2a: Ditto|77/100 brn|[from] Stealth Rock
|-transform|p2a: Ditto|p1a: Treble|[from] ability: Imposter
|move|p1a: Treble|Heal Bell|p1a: Treble
|-activate|p1a: Treble|move: Heal Bell
|-curestatus|p1: ;)|brn|[msg]
|-curestatus|p1: HitEmFromTheEast|tox|[msg]
|
|-heal|p1a: Treble|99/100|[from] item: Leftovers
|-damage|p2a: Ditto|71/100 brn|[from] brn
|upkeep
|turn|35
|
|t:|1668143743
|switch|p1a: ;)|Toxapex, F|100/100
|-damage|p1a: ;)|88/100|[from] Stealth Rock
|move|p2a: Ditto|Heal Bell|p2a: Ditto
|-activate|p2a: Ditto|move: Heal Bell
|-curestatus|p2a: Ditto|brn|[msg]
|
|upkeep
|turn|36
|
|t:|1668143749
|move|p2a: Ditto|Protect|p2a: Ditto
|-singleturn|p2a: Ditto|Protect
|move|p1a: ;)|Knock Off|p2a: Ditto
|-activate|p2a: Ditto|move: Protect
|
|upkeep
|turn|37
|
|t:|1668143752
|move|p2a: Ditto|Wish|p2a: Ditto
|move|p1a: ;)|Knock Off|p2a: Ditto
|-resisted|p2a: Ditto
|-damage|p2a: Ditto|64/100
|
|upkeep
|turn|38
|
|t:|1668143755
|move|p2a: Ditto|Moonblast|p1a: ;)
|-resisted|p1a: ;)
|-damage|p1a: ;)|76/100
|-unboost|p1a: ;)|spa|1
|move|p1a: ;)|Knock Off|p2a: Ditto
|-resisted|p2a: Ditto
|-damage|p2a: Ditto|58/100
|
|-heal|p2a: Ditto|100/100|[from] move: Wish|[wisher] Ditto
|upkeep
|turn|39
|
|t:|1668143760
|move|p2a: Ditto|Moonblast|p1a: ;)
|-resisted|p1a: ;)
|-damage|p1a: ;)|63/100
|move|p1a: ;)|Knock Off|p2a: Ditto
|-resisted|p2a: Ditto
|-damage|p2a: Ditto|94/100
|
|upkeep
|turn|40
|
|t:|1668143769
|switch|p1a: Caw Bitch|Corviknight, M|94/100
|-damage|p1a: Caw Bitch|82/100|[from] Stealth Rock
|-ability|p1a: Caw Bitch|Pressure
|move|p2a: Ditto|Moonblast|p1a: Caw Bitch
|-resisted|p1a: Caw Bitch
|-damage|p1a: Caw Bitch|67/100
|
|-heal|p1a: Caw Bitch|73/100|[from] item: Leftovers
|upkeep
|turn|41
|
|t:|1668143776
|switch|p2a: Toxapex|Toxapex, M|88/100
|-damage|p2a: Toxapex|75/100|[from] Stealth Rock
|move|p1a: Caw Bitch|Iron Defense|p1a: Caw Bitch
|-boost|p1a: Caw Bitch|def|2
|
|-heal|p1a: Caw Bitch|79/100|[from] item: Leftovers
|upkeep
|turn|42
|
|t:|1668143781
|move|p1a: Caw Bitch|Body Press|p2a: Toxapex
|-resisted|p2a: Toxapex
|-damage|p2a: Toxapex|59/100
|move|p2a: Toxapex|Knock Off|p1a: Caw Bitch
|-damage|p1a: Caw Bitch|75/100
|-enditem|p1a: Caw Bitch|Leftovers|[from] move: Knock Off|[of] p2a: Toxapex
|
|upkeep
|turn|43
|
|t:|1668143789
|move|p1a: Caw Bitch|Body Press|p2a: Toxapex
|-resisted|p2a: Toxapex
|-damage|p2a: Toxapex|44/100
|move|p2a: Toxapex|Scald|p1a: Caw Bitch
|-damage|p1a: Caw Bitch|60/100
|
|upkeep
|turn|44
|
|t:|1668143792
|move|p1a: Caw Bitch|Roost|p1a: Caw Bitch
|-heal|p1a: Caw Bitch|100/100
|-singleturn|p1a: Caw Bitch|move: Roost
|move|p2a: Toxapex|Recover|p2a: Toxapex
|-heal|p2a: Toxapex|94/100
|
|upkeep
|turn|45
|
|t:|1668143801
|move|p1a: Caw Bitch|Iron Defense|p1a: Caw Bitch
|-boost|p1a: Caw Bitch|def|2
|move|p2a: Toxapex|Scald|p1a: Caw Bitch
|-damage|p1a: Caw Bitch|86/100
|
|upkeep
|turn|46
|
|t:|1668143806
|move|p1a: Caw Bitch|Iron Defense|p1a: Caw Bitch
|-boost|p1a: Caw Bitch|def|2
|move|p2a: Toxapex|Scald|p1a: Caw Bitch
|-damage|p1a: Caw Bitch|73/100
|
|upkeep
|turn|47
|
|t:|1668143807
|move|p1a: Caw Bitch|Body Press|p2a: Toxapex
|-resisted|p2a: Toxapex
|-damage|p2a: Toxapex|66/100
|move|p2a: Toxapex|Scald|p1a: Caw Bitch
|-damage|p1a: Caw Bitch|57/100
|
|upkeep
|turn|48
|
|t:|1668143812
|move|p1a: Caw Bitch|Body Press|p2a: Toxapex
|-resisted|p2a: Toxapex
|-damage|p2a: Toxapex|39/100
|move|p2a: Toxapex|Scald|p1a: Caw Bitch
|-damage|p1a: Caw Bitch|41/100
|-status|p1a: Caw Bitch|brn
|
|-damage|p1a: Caw Bitch|35/100 brn|[from] brn
|upkeep
|turn|49
|
|t:|1668143818
|switch|p2a: Skarmory|Skarmory, M|94/100
|-damage|p2a: Skarmory|82/100|[from] Stealth Rock
|move|p1a: Caw Bitch|Roost|p1a: Caw Bitch
|-heal|p1a: Caw Bitch|85/100 brn
|-singleturn|p1a: Caw Bitch|move: Roost
|
|-heal|p2a: Skarmory|88/100|[from] item: Leftovers
|-damage|p1a: Caw Bitch|78/100 brn|[from] brn
|upkeep
|turn|50
|
|t:|1668143821
|move|p1a: Caw Bitch|Body Press|p2a: Skarmory
|-damage|p2a: Skarmory|51/100
|move|p2a: Skarmory|Whirlwind|p1a: Caw Bitch
|drag|p1a: thicc|Blissey, F|100/100
|
|-heal|p2a: Skarmory|57/100|[from] item: Leftovers
|upkeep
|turn|51
|
|t:|1668143833
|switch|p1a: Caw Bitch|Corviknight, M|78/100 brn
|-damage|p1a: Caw Bitch|66/100 brn|[from] Stealth Rock
|-ability|p1a: Caw Bitch|Pressure
|move|p2a: Skarmory|Spikes|p1a: Caw Bitch
|-sidestart|p1: Cowsrule247|Spikes
|
|-heal|p2a: Skarmory|63/100|[from] item: Leftovers
|-damage|p1a: Caw Bitch|60/100 brn|[from] brn
|upkeep
|turn|52
|
|t:|1668143839
|switch|p2a: Ditto|Ditto, shiny|94/100
|-damage|p2a: Ditto|82/100|[from] Stealth Rock
|-transform|p2a: Ditto|p1a: Caw Bitch|[from] ability: Imposter
|-ability|p2a: Ditto|Pressure
|move|p1a: Caw Bitch|Roost|p1a: Caw Bitch
|-heal|p1a: Caw Bitch|100/100 brn
|-singleturn|p1a: Caw Bitch|move: Roost
|
|-damage|p1a: Caw Bitch|94/100 brn|[from] brn
|upkeep
|turn|53
|
|t:|1668143844
|move|p1a: Caw Bitch|Iron Defense|p1a: Caw Bitch
|-boost|p1a: Caw Bitch|def|2
|move|p2a: Ditto|Iron Defense|p2a: Ditto
|-boost|p2a: Ditto|def|2
|
|-damage|p1a: Caw Bitch|88/100 brn|[from] brn
|upkeep
|turn|54
|
|t:|1668143849
|move|p2a: Ditto|Iron Defense|p2a: Ditto
|-boost|p2a: Ditto|def|2
|move|p1a: Caw Bitch|Iron Defense|p1a: Caw Bitch
|-boost|p1a: Caw Bitch|def|2
|
|-damage|p1a: Caw Bitch|82/100 brn|[from] brn
|upkeep
|turn|55
|
|t:|1668143852
|move|p2a: Ditto|Iron Defense|p2a: Ditto
|-boost|p2a: Ditto|def|2
|move|p1a: Caw Bitch|Iron Defense|p1a: Caw Bitch
|-boost|p1a: Caw Bitch|def|2
|
|-damage|p1a: Caw Bitch|75/100 brn|[from] brn
|upkeep
|turn|56
|
|t:|1668143855
|switch|p2a: Quagsire|Quagsire, F|100/100
|move|p1a: Caw Bitch|Iron Defense|p1a: Caw Bitch
|-boost|p1a: Caw Bitch|def|0
|
|-damage|p1a: Caw Bitch|69/100 brn|[from] brn
|upkeep
|turn|57
|
|t:|1668143858
|switch|p2a: Toxapex|Toxapex, M|72/100
|-damage|p2a: Toxapex|60/100|[from] Stealth Rock
|move|p1a: Caw Bitch|Roost|p1a: Caw Bitch
|-heal|p1a: Caw Bitch|100/100 brn
|-singleturn|p1a: Caw Bitch|move: Roost
|
|-damage|p1a: Caw Bitch|94/100 brn|[from] brn
|upkeep
|turn|58
|
|t:|1668143864
|switch|p2a: Shedinja|Shedinja|100/100
|move|p1a: Caw Bitch|Defog|p2a: Shedinja
|-unboost|p2a: Shedinja|evasion|1
|-sideend|p2: shiawasenostory|Stealth Rock|[from] move: Defog|[of] p1a: Caw Bitch
|-sideend|p1: Cowsrule247|Spikes|[from] move: Defog|[of] p1a: Caw Bitch
|-sideend|p1: Cowsrule247|Stealth Rock|[from] move: Defog|[of] p1a: Caw Bitch
|
|-damage|p1a: Caw Bitch|88/100 brn|[from] brn
|upkeep
|turn|59
|
|t:|1668143873
|switch|p2a: Skarmory|Skarmory, M|63/100
|switch|p1a: ;)|Toxapex, F|97/100
|
|-heal|p2a: Skarmory|69/100|[from] item: Leftovers
|upkeep
|turn|60
|
|t:|1668143878
|switch|p2a: Ditto|Ditto, shiny|82/100
|-transform|p2a: Ditto|p1a: ;)|[from] ability: Imposter
|move|p1a: ;)|Scald|p2a: Ditto
|-resisted|p2a: Ditto
|-damage|p2a: Ditto|74/100
|
|upkeep
|turn|61
|
|t:|1668143883
|switch|p1a: HitEmFromTheEast|Gastrodon-East, M|70/100
|move|p2a: Ditto|Scald|p1a: HitEmFromTheEast
|-damage|p1a: HitEmFromTheEast|58/100
|
|-heal|p1a: HitEmFromTheEast|64/100|[from] item: Leftovers
|upkeep
|turn|62
|
|t:|1668143892
|switch|p2a: Blissey|Blissey, F|100/100
|move|p1a: HitEmFromTheEast|Earthquake|p2a: Blissey
|-damage|p2a: Blissey|73/100
|
|-heal|p1a: HitEmFromTheEast|70/100|[from] item: Leftovers
|upkeep
|turn|63
|
|t:|1668143894
|move|p2a: Blissey|Toxic|p1a: HitEmFromTheEast
|-status|p1a: HitEmFromTheEast|tox
|move|p1a: HitEmFromTheEast|Toxic|p2a: Blissey
|-status|p2a: Blissey|tox
|
|-heal|p1a: HitEmFromTheEast|76/100 tox|[from] item: Leftovers
|-damage|p2a: Blissey|67/100 tox|[from] psn
|-damage|p1a: HitEmFromTheEast|70/100 tox|[from] psn
|upkeep
|turn|64
|
|t:|1668143899
|-curestatus|p2a: Blissey|tox|[from] ability: Natural Cure
|switch|p2a: Toxapex|Toxapex, M|93/100
|switch|p1a: Treble|Clefable, F|99/100
|
|-heal|p1a: Treble|100/100|[from] item: Leftovers
|upkeep
|turn|65
|
|t:|1668143903
|move|p1a: Treble|Heal Bell|p1a: Treble
|-activate|p1a: Treble|move: Heal Bell
|-curestatus|p1: Caw Bitch|brn|[msg]
|-curestatus|p1: HitEmFromTheEast|tox|[msg]
|move|p2a: Toxapex|Knock Off|p1a: Treble
|-resisted|p1a: Treble
|-damage|p1a: Treble|93/100
|-enditem|p1a: Treble|Leftovers|[from] move: Knock Off|[of] p2a: Toxapex
|
|upkeep
|turn|66
|
|t:|1668143907
|switch|p1a: Caw Bitch|Corviknight, M|88/100
|-ability|p1a: Caw Bitch|Pressure
|move|p2a: Toxapex|Toxic|p1a: Caw Bitch
|-immune|p1a: Caw Bitch
|
|upkeep
|turn|67
|
|t:|1668143910
|switch|p1a: thicc|Blissey, F|100/100
|switch|p2a: Quagsire|Quagsire, F|100/100
|
|upkeep
|turn|68
|
|t:|1668143915
|switch|p2a: Blissey|Blissey, F|67/100
|move|p1a: thicc|Stealth Rock|p2a: Blissey
|-sidestart|p2: shiawasenostory|move: Stealth Rock
|
|upkeep
|turn|69
|
|t:|1668143925
|switch|p2a: Skarmory|Skarmory, M|69/100
|-damage|p2a: Skarmory|57/100|[from] Stealth Rock
|move|p1a: thicc|Toxic|p2a: Skarmory
|-immune|p2a: Skarmory
|
|-heal|p2a: Skarmory|63/100|[from] item: Leftovers
|upkeep
|turn|70
|
|t:|1668143928
|move|p2a: Skarmory|Roost|p2a: Skarmory
|-heal|p2a: Skarmory|100/100
|-singleturn|p2a: Skarmory|move: Roost
|move|p1a: thicc|Seismic Toss|p2a: Skarmory
|-damage|p2a: Skarmory|66/100
|
|-heal|p2a: Skarmory|72/100|[from] item: Leftovers
|upkeep
|turn|71
|
|t:|1668143931
|move|p2a: Skarmory|Spikes|p1a: thicc
|-sidestart|p1: Cowsrule247|Spikes
|move|p1a: thicc|Seismic Toss|p2a: Skarmory
|-damage|p2a: Skarmory|38/100
|
|-heal|p2a: Skarmory|44/100|[from] item: Leftovers
|upkeep
|turn|72
|
|t:|1668143934
|move|p2a: Skarmory|Roost|p2a: Skarmory
|-heal|p2a: Skarmory|94/100
|-singleturn|p2a: Skarmory|move: Roost
|move|p1a: thicc|Seismic Toss|p2a: Skarmory
|-damage|p2a: Skarmory|59/100
|
|-heal|p2a: Skarmory|66/100|[from] item: Leftovers
|upkeep
|turn|73
|
|t:|1668143938
|switch|p2a: Blissey|Blissey, F|67/100
|move|p1a: thicc|Seismic Toss|p2a: Blissey
|-damage|p2a: Blissey|53/100
|
|upkeep
|turn|74
|
|t:|1668143940
|move|p1a: thicc|Toxic|p2a: Blissey
|-status|p2a: Blissey|tox
|move|p2a: Blissey|Toxic|p1a: thicc
|-status|p1a: thicc|tox
|
|-damage|p1a: thicc|94/100 tox|[from] psn
|-damage|p2a: Blissey|47/100 tox|[from] psn
|upkeep
|turn|75
|
|t:|1668143943
|move|p2a: Blissey|Soft-Boiled|p2a: Blissey
|-heal|p2a: Blissey|97/100 tox
|move|p1a: thicc|Seismic Toss|p2a: Blissey
|-damage|p2a: Blissey|83/100 tox
|
|-damage|p2a: Blissey|71/100 tox|[from] psn
|-damage|p1a: thicc|82/100 tox|[from] psn
|upkeep
|turn|76
|
|t:|1668143946
|-curestatus|p2a: Blissey|tox|[from] ability: Natural Cure
|switch|p2a: Toxapex|Toxapex, M|100/100
|-damage|p2a: Toxapex|88/100|[from] Stealth Rock
|move|p1a: thicc|Seismic Toss|p2a: Toxapex
|-damage|p2a: Toxapex|55/100
|
|-damage|p1a: thicc|64/100 tox|[from] psn
|upkeep
|turn|77
|
|t:|1668143954
|-curestatus|p1a: thicc|tox|[from] ability: Natural Cure
|switch|p1a: ;)|Toxapex, F|100/100
|-damage|p1a: ;)|88/100|[from] Spikes
|move|p2a: Toxapex|Knock Off|p1a: ;)
|-damage|p1a: ;)|82/100
|
|upkeep
|turn|78
|
|t:|1668143959
|switch|p2a: Ditto|Ditto, shiny|100/100
|-damage|p2a: Ditto|88/100|[from] Stealth Rock
|-transform|p2a: Ditto|p1a: ;)|[from] ability: Imposter
|move|p1a: ;)|Scald|p2a: Ditto
|-resisted|p2a: Ditto
|-damage|p2a: Ditto|81/100
|
|upkeep
|turn|79
|
|t:|1668143965
|switch|p1a: Caw Bitch|Corviknight, M|88/100
|-ability|p1a: Caw Bitch|Pressure
|move|p2a: Ditto|Knock Off|p1a: Caw Bitch
|-damage|p1a: Caw Bitch|81/100
|
|upkeep
|turn|80
|
|t:|1668143969
|move|p1a: Caw Bitch|Iron Defense|p1a: Caw Bitch
|-boost|p1a: Caw Bitch|def|2
|move|p2a: Ditto|Scald|p1a: Caw Bitch
|-damage|p1a: Caw Bitch|66/100
|
|upkeep
|turn|81
|
|t:|1668143971
|move|p1a: Caw Bitch|Iron Defense|p1a: Caw Bitch
|-boost|p1a: Caw Bitch|def|2
|move|p2a: Ditto|Scald|p1a: Caw Bitch
|-damage|p1a: Caw Bitch|52/100
|-status|p1a: Caw Bitch|brn
|
|-damage|p1a: Caw Bitch|46/100 brn|[from] brn
|upkeep
|turn|82
|
|t:|1668143974
|move|p1a: Caw Bitch|Roost|p1a: Caw Bitch
|-heal|p1a: Caw Bitch|96/100 brn
|-singleturn|p1a: Caw Bitch|move: Roost
|move|p2a: Ditto|Haze|p2a: Ditto
|-clearallboost
|
|-damage|p1a: Caw Bitch|90/100 brn|[from] brn
|upkeep
|turn|83
|
|t:|1668143977
|move|p1a: Caw Bitch|Body Press|p2a: Ditto
|-resisted|p2a: Ditto
|-damage|p2a: Ditto|77/100
|move|p2a: Ditto|Knock Off|p1a: Caw Bitch
|-damage|p1a: Caw Bitch|83/100 brn
|
|-damage|p1a: Caw Bitch|76/100 brn|[from] brn
|upkeep
|turn|84
|
|t:|1668143993
|switch|p1a: ;)|Toxapex, F|100/100
|-damage|p1a: ;)|88/100|[from] Spikes
|move|p2a: Ditto|Recover|p2a: Ditto
|-heal|p2a: Ditto|100/100
|
|upkeep
|turn|85
|j| Anibunnysomoney
|
|t:|1668144004
|switch|p1a: HitEmFromTheEast|Gastrodon-East, M|70/100
|-damage|p1a: HitEmFromTheEast|58/100|[from] Spikes
|move|p2a: Ditto|Scald|p1a: HitEmFromTheEast
|-damage|p1a: HitEmFromTheEast|46/100
|
|-heal|p1a: HitEmFromTheEast|52/100|[from] item: Leftovers
|upkeep
|turn|86
|
|t:|1668144008
|switch|p2a: Toxapex|Toxapex, M|88/100
|-damage|p2a: Toxapex|76/100|[from] Stealth Rock
|move|p1a: HitEmFromTheEast|Recover|p1a: HitEmFromTheEast
|-heal|p1a: HitEmFromTheEast|100/100
|
|upkeep
|turn|87
|
|t:|1668144013
|switch|p2a: Blissey|Blissey, F|71/100
|move|p1a: HitEmFromTheEast|Earthquake|p2a: Blissey
|-damage|p2a: Blissey|46/100
|
|upkeep
|turn|88
|
|t:|1668144015
|move|p2a: Blissey|Soft-Boiled|p2a: Blissey
|-heal|p2a: Blissey|96/100
|move|p1a: HitEmFromTheEast|Earthquake|p2a: Blissey
|-damage|p2a: Blissey|72/100
|
|upkeep
|turn|89
|
|t:|1668144018
|move|p2a: Blissey|Toxic|p1a: HitEmFromTheEast
|-status|p1a: HitEmFromTheEast|tox
|move|p1a: HitEmFromTheEast|Toxic|p2a: Blissey
|-status|p2a: Blissey|tox
|
|-damage|p2a: Blissey|66/100 tox|[from] psn
|-damage|p1a: HitEmFromTheEast|94/100 tox|[from] psn
|upkeep
|turn|90
|
|t:|1668144022
|switch|p1a: Treble|Clefable, F|93/100
|-damage|p1a: Treble|81/100|[from] Spikes
|move|p2a: Blissey|Stealth Rock|p1a: Treble
|-sidestart|p1: Cowsrule247|move: Stealth Rock
|
|-damage|p2a: Blissey|53/100 tox|[from] psn
|upkeep
|turn|91
|
|t:|1668144027
|-curestatus|p2a: Blissey|tox|[from] ability: Natural Cure
|switch|p2a: Toxapex|Toxapex, M|100/100
|-damage|p2a: Toxapex|88/100|[from] Stealth Rock
|move|p1a: Treble|Heal Bell|p1a: Treble
|-activate|p1a: Treble|move: Heal Bell
|-curestatus|p1: Caw Bitch|brn|[msg]
|-curestatus|p1: HitEmFromTheEast|tox|[msg]
|
|upkeep
|turn|92
|
|t:|1668144034
|switch|p2a: Ditto|Ditto, shiny|100/100
|-damage|p2a: Ditto|88/100|[from] Stealth Rock
|-transform|p2a: Ditto|p1a: Treble|[from] ability: Imposter
|move|p1a: Treble|Wish|p1a: Treble
|
|upkeep
|turn|93
|
|t:|1668144040
|switch|p1a: thicc|Blissey, F|64/100
|move|p2a: Ditto|Moonblast|p1a: thicc
|-crit|p1a: thicc
|-damage|p1a: thicc|45/100
|
|-heal|p1a: thicc|72/100|[from] move: Wish|[wisher] Treble
|upkeep
|turn|94
|
|t:|1668144046
|move|p2a: Ditto|Wish|p2a: Ditto
|move|p1a: thicc|Toxic|p2a: Ditto|[miss]
|-miss|p1a: thicc|p2a: Ditto
|
|upkeep
|turn|95
|
|t:|1668144051
|switch|p2a: Blissey|Blissey, F|53/100
|move|p1a: thicc|Seismic Toss|p2a: Blissey
|-damage|p2a: Blissey|39/100
|
|-heal|p2a: Blissey|60/100|[from] move: Wish|[wisher] Ditto
|upkeep
|turn|96
|
|t:|1668144062
|move|p1a: thicc|Toxic|p2a: Blissey
|-status|p2a: Blissey|tox
|move|p2a: Blissey|Soft-Boiled|p2a: Blissey
|-heal|p2a: Blissey|100/100 tox
|
|-damage|p2a: Blissey|94/100 tox|[from] psn
|upkeep
|turn|97
|
|t:|1668144068
|-curestatus|p2a: Blissey|tox|[from] ability: Natural Cure
|switch|p2a: Toxapex|Toxapex, M|100/100
|-damage|p2a: Toxapex|88/100|[from] Stealth Rock
|switch|p1a: Caw Bitch|Corviknight, M|76/100
|-damage|p1a: Caw Bitch|64/100|[from] Stealth Rock
|-ability|p1a: Caw Bitch|Pressure
|
|upkeep
|turn|98
|
|t:|1668144080
|switch|p2a: Quagsire|Quagsire, F|100/100
|move|p1a: Caw Bitch|Defog|p2a: Quagsire
|-unboost|p2a: Quagsire|evasion|1
|-sideend|p2: shiawasenostory|Stealth Rock|[from] move: Defog|[of] p1a: Caw Bitch
|-sideend|p1: Cowsrule247|Spikes|[from] move: Defog|[of] p1a: Caw Bitch
|-sideend|p1: Cowsrule247|Stealth Rock|[from] move: Defog|[of] p1a: Caw Bitch
|
|upkeep
|turn|99
|
|t:|1668144087
|switch|p1a: ;)|Toxapex, F|100/100
|switch|p2a: Ditto|Ditto, shiny|88/100
|-transform|p2a: Ditto|p1a: ;)|[from] ability: Imposter
|
|upkeep
|turn|100
|
|t:|1668144092
|switch|p1a: thicc|Blissey, F|72/100
|move|p2a: Ditto|Knock Off|p1a: thicc
|-damage|p1a: thicc|60/100
|-enditem|p1a: thicc|Heavy-Duty Boots|[from] move: Knock Off|[of] p2a: Ditto
|
|upkeep
|turn|101
|
|t:|1668144103
|switch|p2a: Skarmory|Skarmory, M|66/100
|move|p1a: thicc|Soft-Boiled|p1a: thicc
|-heal|p1a: thicc|100/100
|
|-heal|p2a: Skarmory|72/100|[from] item: Leftovers
|upkeep
|turn|102
|c| Anibunnysomoney|Ah so this is what happens when stall meets stall, always wondered lol
|
|t:|1668144109
|switch|p1a: Caw Bitch|Corviknight, M|64/100
|-ability|p1a: Caw Bitch|Pressure
|move|p2a: Skarmory|Spikes|p1a: Caw Bitch
|-sidestart|p1: Cowsrule247|Spikes
|
|-heal|p2a: Skarmory|78/100|[from] item: Leftovers
|upkeep
|turn|103
|c| BabyPigsAreLaughin|Draw?
|c|☆shiawasenostory|this is hype content
|
|t:|1668144119
|switch|p2a: Ditto|Ditto, shiny|100/100
|-transform|p2a: Ditto|p1a: Caw Bitch|[from] ability: Imposter
|-ability|p2a: Ditto|Pressure
|move|p1a: Caw Bitch|Iron Defense|p1a: Caw Bitch
|-boost|p1a: Caw Bitch|def|2
|
|upkeep
|turn|104
|
|t:|1668144127
|switch|p2a: Quagsire|Quagsire, F|100/100
|move|p1a: Caw Bitch|Defog|p2a: Quagsire
|-unboost|p2a: Quagsire|evasion|1
|-sideend|p1: Cowsrule247|Spikes|[from] move: Defog|[of] p1a: Caw Bitch
|
|upkeep
|turn|105
|
|t:|1668144135
|switch|p1a: thicc|Blissey, F|100/100
|move|p2a: Quagsire|Scald|p1a: thicc
|-damage|p1a: thicc|93/100
|
|upkeep
|turn|106
|
|t:|1668144140
|switch|p2a: Ditto|Ditto, shiny|100/100
|-transform|p2a: Ditto|p1a: thicc|[from] ability: Imposter
|move|p1a: thicc|Stealth Rock|p2a: Ditto
|-sidestart|p2: shiawasenostory|move: Stealth Rock
|
|upkeep
|turn|107
|
|t:|1668144143
|switch|p1a: Caw Bitch|Corviknight, M|64/100
|-ability|p1a: Caw Bitch|Pressure
|move|p2a: Ditto|Stealth Rock|p1a: Caw Bitch
|-sidestart|p1: Cowsrule247|move: Stealth Rock
|
|upkeep
|turn|108
|
|t:|1668144147
|switch|p2a: Shedinja|Shedinja|100/100
|move|p1a: Caw Bitch|Defog|p2a: Shedinja
|-unboost|p2a: Shedinja|evasion|1
|-sideend|p2: shiawasenostory|Stealth Rock|[from] move: Defog|[of] p1a: Caw Bitch
|-sideend|p1: Cowsrule247|Stealth Rock|[from] move: Defog|[of] p1a: Caw Bitch
|
|upkeep
|turn|109
|
|t:|1668144152
|switch|p1a: thicc|Blissey, F|93/100
|move|p2a: Shedinja|Toxic|p1a: thicc|[miss]
|-miss|p2a: Shedinja|p1a: thicc
|
|upkeep
|turn|110
|
|t:|1668144154
|switch|p2a: Ditto|Ditto, shiny|100/100
|-transform|p2a: Ditto|p1a: thicc|[from] ability: Imposter
|move|p1a: thicc|Stealth Rock|p2a: Ditto
|-sidestart|p2: shiawasenostory|move: Stealth Rock
|
|upkeep
|turn|111
|
|t:|1668144160
|switch|p1a: Caw Bitch|Corviknight, M|64/100
|-ability|p1a: Caw Bitch|Pressure
|move|p2a: Ditto|Stealth Rock|p1a: Caw Bitch
|-sidestart|p1: Cowsrule247|move: Stealth Rock
|
|upkeep
|turn|112
|j| ZachPKM
|
|t:|1668144163
|switch|p2a: Shedinja|Shedinja|100/100
|move|p1a: Caw Bitch|Defog|p2a: Shedinja
|-unboost|p2a: Shedinja|evasion|1
|-sideend|p2: shiawasenostory|Stealth Rock|[from] move: Defog|[of] p1a: Caw Bitch
|-sideend|p1: Cowsrule247|Stealth Rock|[from] move: Defog|[of] p1a: Caw Bitch
|
|upkeep
|turn|113
|
|t:|1668144168
|switch|p1a: thicc|Blissey, F|93/100
|move|p2a: Shedinja|Will-O-Wisp|p1a: thicc
|-status|p1a: thicc|brn
|
|-damage|p1a: thicc|87/100 brn|[from] brn
|upkeep
|turn|114
|
|t:|1668144172
|switch|p2a: Ditto|Ditto, shiny|100/100
|-transform|p2a: Ditto|p1a: thicc|[from] ability: Imposter
|-curestatus|p1a: thicc|brn|[from] ability: Natural Cure
|switch|p1a: Caw Bitch|Corviknight, M|64/100
|-ability|p1a: Caw Bitch|Pressure
|
|upkeep
|turn|115
|
|t:|1668144176
|switch|p2a: Shedinja|Shedinja|100/100
|move|p1a: Caw Bitch|Body Press|p2a: Shedinja
|-immune|p2a: Shedinja|[from] ability: Wonder Guard
|
|upkeep
|turn|116
|c| ZachPKM|Oh dear lord what did I join to
|c|☆shiawasenostory|a t600 match
|
|t:|1668144192
|switch|p2a: Toxapex|Toxapex, M|100/100
|switch|p1a: thicc|Blissey, F|87/100
|
|upkeep
|turn|117
|
|t:|1668144209
|switch|p1a: ;)|Toxapex, F|100/100
|switch|p2a: Ditto|Ditto, shiny|100/100
|-transform|p2a: Ditto|p1a: ;)|[from] ability: Imposter
|
|upkeep
|turn|118
|j| PANDA EXPRESS HR
|
|t:|1668144221
|move|p2a: Ditto|Scald|p1a: ;)
|-resisted|p1a: ;)
|-damage|p1a: ;)|93/100
|move|p1a: ;)|Knock Off|p2a: Ditto
|-damage|p2a: Ditto|94/100
|
|upkeep
|turn|119
|l| PANDA EXPRESS HR
|
|t:|1668144225
|move|p1a: ;)|Knock Off|p2a: Ditto
|-damage|p2a: Ditto|87/100
|move|p2a: Ditto|Scald|p1a: ;)
|-resisted|p1a: ;)
|-damage|p1a: ;)|86/100
|-status|p1a: ;)|brn
|
|-damage|p1a: ;)|80/100 brn|[from] brn
|upkeep
|turn|120
|
|t:|1668144228
|move|p1a: ;)|Knock Off|p2a: Ditto
|-damage|p2a: Ditto|84/100
|move|p2a: Ditto|Knock Off|p1a: ;)
|-damage|p1a: ;)|74/100 brn
|
|-damage|p1a: ;)|68/100 brn|[from] brn
|upkeep
|turn|121
|
|t:|1668144230
|move|p2a: Ditto|Knock Off|p1a: ;)
|-damage|p1a: ;)|62/100 brn
|move|p1a: ;)|Knock Off|p2a: Ditto
|-damage|p2a: Ditto|81/100
|
|-damage|p1a: ;)|55/100 brn|[from] brn
|upkeep
|turn|122
|
|t:|1668144232
|move|p1a: ;)|Knock Off|p2a: Ditto
|-damage|p2a: Ditto|78/100
|move|p2a: Ditto|Knock Off|p1a: ;)
|-damage|p1a: ;)|49/100 brn
|
|-damage|p1a: ;)|43/100 brn|[from] brn
|upkeep
|turn|123
|
|t:|1668144235
|move|p2a: Ditto|Haze|p2a: Ditto
|-clearallboost
|move|p1a: ;)|Recover|p1a: ;)
|-heal|p1a: ;)|93/100 brn
|
|-damage|p1a: ;)|87/100 brn|[from] brn
|upkeep
|turn|124
|c| ZachPKM|Genuine question: is this fun for you guys
Cowsrule247 is offering a tie.
shiawasenostory rejected the tie.
|c| BabyPigsAreLaughin|They could just offer a tie, but why do that when you can spend 500 turns of your life away. :+)
|c|☆shiawasenostory|eh its only like 30 mins
|inactive|Cowsrule247 has 120 seconds left.
|c| ZachPKM|No one of them wants to tie
|c| ZachPKM|but
|
|t:|1668144269
|switch|p1a: HitEmFromTheEast|Gastrodon-East, M|94/100
|move|p2a: Ditto|Haze|p2a: Ditto
|-clearallboost
|
|-heal|p1a: HitEmFromTheEast|100/100|[from] item: Leftovers
|upkeep
|turn|125
|c| ZachPKM|alas
|c|☆shiawasenostory|i mean the other guy sent a tie
|c|☆shiawasenostory|but im winning in pp
|c| Anibunnysomoney|It’s a battle of wills
|
|t:|1668144284
|move|p1a: HitEmFromTheEast|Scald|p2a: Ditto
|-resisted|p2a: Ditto
|-damage|p2a: Ditto|67/100
|-status|p2a: Ditto|brn
|move|p2a: Ditto|Scald|p1a: HitEmFromTheEast
|-damage|p1a: HitEmFromTheEast|89/100
|
|-heal|p1a: HitEmFromTheEast|95/100|[from] item: Leftovers
|-damage|p2a: Ditto|61/100 brn|[from] brn
|upkeep
|turn|126
|c| BabyPigsAreLaughin|Cow offered the tie.
|
|t:|1668144292
|switch|p1a: ;)|Toxapex, F|100/100 brn
|switch|p2a: Blissey|Blissey, F|94/100
|
|-damage|p1a: ;)|94/100 brn|[from] brn
|upkeep
|turn|127
|
|t:|1668144298
|switch|p1a: Caw Bitch|Corviknight, M|64/100
|-ability|p1a: Caw Bitch|Pressure
|move|p2a: Blissey|Stealth Rock|p1a: Caw Bitch
|-sidestart|p1: Cowsrule247|move: Stealth Rock
|
|upkeep
|turn|128
|
|t:|1668144301
|switch|p2a: Ditto|Ditto, shiny|94/100 brn
|-transform|p2a: Ditto|p1a: Caw Bitch|[from] ability: Imposter
|-ability|p2a: Ditto|Pressure
|move|p1a: Caw Bitch|Defog|p2a: Ditto
|-unboost|p2a: Ditto|evasion|1
|-sideend|p1: Cowsrule247|Stealth Rock|[from] move: Defog|[of] p1a: Caw Bitch
|
|-damage|p2a: Ditto|88/100 brn|[from] brn
|upkeep
|turn|129
|
|t:|1668144308
|switch|p1a: HitEmFromTheEast|Gastrodon-East, M|95/100
|switch|p2a: Shedinja|Shedinja|100/100
|
|-heal|p1a: HitEmFromTheEast|100/100|[from] item: Leftovers
|upkeep
|turn|130
|c| Anibunnysomoney|that just tells shia that cow is closer to forfeiting it’s all part of his plan lol
|
|t:|1668144321
|switch|p2a: Blissey|Blissey, F|94/100
|move|p1a: HitEmFromTheEast|Toxic|p2a: Blissey
|-status|p2a: Blissey|tox
|
|-damage|p2a: Blissey|88/100 tox|[from] psn
|upkeep
|turn|131
|
|t:|1668144328
|move|p2a: Blissey|Seismic Toss|p1a: HitEmFromTheEast
|-damage|p1a: HitEmFromTheEast|77/100
|move|p1a: HitEmFromTheEast|Earthquake|p2a: Blissey
|-damage|p2a: Blissey|63/100 tox
|
|-heal|p1a: HitEmFromTheEast|83/100|[from] item: Leftovers
|-damage|p2a: Blissey|50/100 tox|[from] psn
|upkeep
|turn|132
|
|t:|1668144335
|move|p2a: Blissey|Soft-Boiled|p2a: Blissey
|-heal|p2a: Blissey|100/100 tox
|move|p1a: HitEmFromTheEast|Earthquake|p2a: Blissey
|-damage|p2a: Blissey|77/100 tox
|
|-heal|p1a: HitEmFromTheEast|89/100|[from] item: Leftovers
|-damage|p2a: Blissey|58/100 tox|[from] psn
|upkeep
|turn|133
|
|t:|1668144338
|-curestatus|p2a: Blissey|tox|[from] ability: Natural Cure
|switch|p2a: Toxapex|Toxapex, M|100/100
|move|p1a: HitEmFromTheEast|Scald|p2a: Toxapex
|-resisted|p2a: Toxapex
|-damage|p2a: Toxapex|90/100
|
|-heal|p1a: HitEmFromTheEast|95/100|[from] item: Leftovers
|upkeep
|turn|134
|
|t:|1668144344
|move|p1a: HitEmFromTheEast|Earthquake|p2a: Toxapex
|-supereffective|p2a: Toxapex
|-damage|p2a: Toxapex|54/100
|move|p2a: Toxapex|Toxic|p1a: HitEmFromTheEast
|-status|p1a: HitEmFromTheEast|tox
|
|-heal|p1a: HitEmFromTheEast|100/100 tox|[from] item: Leftovers
|-damage|p1a: HitEmFromTheEast|94/100 tox|[from] psn
|upkeep
|turn|135
|
|t:|1668144347
|switch|p2a: Blissey|Blissey, F|58/100
|move|p1a: HitEmFromTheEast|Earthquake|p2a: Blissey
|-damage|p2a: Blissey|34/100
|
|-heal|p1a: HitEmFromTheEast|100/100 tox|[from] item: Leftovers
|-damage|p1a: HitEmFromTheEast|88/100 tox|[from] psn
|upkeep
|turn|136
|
|t:|1668144350
|move|p2a: Blissey|Soft-Boiled|p2a: Blissey
|-heal|p2a: Blissey|84/100
|move|p1a: HitEmFromTheEast|Toxic|p2a: Blissey
|-status|p2a: Blissey|tox
|
|-heal|p1a: HitEmFromTheEast|94/100 tox|[from] item: Leftovers
|-damage|p2a: Blissey|78/100 tox|[from] psn
|-damage|p1a: HitEmFromTheEast|76/100 tox|[from] psn
|upkeep
|turn|137
|
|t:|1668144353
|move|p2a: Blissey|Stealth Rock|p1a: HitEmFromTheEast
|-sidestart|p1: Cowsrule247|move: Stealth Rock
|move|p1a: HitEmFromTheEast|Earthquake|p2a: Blissey
|-damage|p2a: Blissey|51/100 tox
|
|-heal|p1a: HitEmFromTheEast|82/100 tox|[from] item: Leftovers
|-damage|p2a: Blissey|39/100 tox|[from] psn
|-damage|p1a: HitEmFromTheEast|58/100 tox|[from] psn
|upkeep
|turn|138
|
|t:|1668144360
|move|p2a: Blissey|Soft-Boiled|p2a: Blissey
|-heal|p2a: Blissey|89/100 tox
|move|p1a: HitEmFromTheEast|Recover|p1a: HitEmFromTheEast
|-heal|p1a: HitEmFromTheEast|100/100 tox
|
|-damage|p2a: Blissey|70/100 tox|[from] psn
|-damage|p1a: HitEmFromTheEast|70/100 tox|[from] psn
|upkeep
|turn|139
|c| Anibunnysomoney|At least they play relatively fast
|
|t:|1668144365
|-curestatus|p2a: Blissey|tox|[from] ability: Natural Cure
|switch|p2a: Toxapex|Toxapex, M|87/100
|switch|p1a: Treble|Clefable, F|81/100
|-damage|p1a: Treble|69/100|[from] Stealth Rock
|
|upkeep
|turn|140
|
|t:|1668144368
|switch|p2a: Ditto|Ditto, shiny|88/100 brn
|-transform|p2a: Ditto|p1a: Treble|[from] ability: Imposter
|move|p1a: Treble|Heal Bell|p1a: Treble
|-activate|p1a: Treble|move: Heal Bell
|-curestatus|p1: ;)|brn|[msg]
|-curestatus|p1: HitEmFromTheEast|tox|[msg]
|
|-damage|p2a: Ditto|82/100 brn|[from] brn
|upkeep
|turn|141
|
|t:|1668144375
|switch|p1a: Caw Bitch|Corviknight, M|64/100
|-damage|p1a: Caw Bitch|51/100|[from] Stealth Rock
|-ability|p1a: Caw Bitch|Pressure
|move|p2a: Ditto|Heal Bell|p2a: Ditto
|-activate|p2a: Ditto|move: Heal Bell
|-curestatus|p2a: Ditto|brn|[msg]
|
|upkeep
|turn|142
|c|☆shiawasenostory|god i love this clef
|
|t:|1668144381
|move|p1a: Caw Bitch|Defog|p2a: Ditto
|-unboost|p2a: Ditto|evasion|1
|-sideend|p1: Cowsrule247|Stealth Rock|[from] move: Defog|[of] p1a: Caw Bitch
|move|p2a: Ditto|Wish|p2a: Ditto
|
|upkeep
|turn|143
|
|t:|1668144386
|switch|p2a: Blissey|Blissey, F|70/100
|move|p1a: Caw Bitch|Roost|p1a: Caw Bitch
|-heal|p1a: Caw Bitch|100/100
|-singleturn|p1a: Caw Bitch|move: Roost
|
|-heal|p2a: Blissey|91/100|[from] move: Wish|[wisher] Ditto
|upkeep
|turn|144
|
|t:|1668144389
|switch|p2a: Shedinja|Shedinja|100/100
|move|p1a: Caw Bitch|Body Press|p2a: Shedinja
|-immune|p2a: Shedinja|[from] ability: Wonder Guard
|
|upkeep
|turn|145
|
|t:|1668144397
|switch|p1a: ;)|Toxapex, F|100/100
|move|p2a: Shedinja|Toxic|p1a: ;)|[miss]
|-miss|p2a: Shedinja|p1a: ;)
|
|upkeep
|turn|146
|
|t:|1668144405
|switch|p2a: Ditto|Ditto, shiny|82/100
|-transform|p2a: Ditto|p1a: ;)|[from] ability: Imposter
|switch|p1a: HitEmFromTheEast|Gastrodon-East, M|70/100
|
|-heal|p1a: HitEmFromTheEast|76/100|[from] item: Leftovers
|upkeep
|turn|147
|
|t:|1668144409
|switch|p1a: ;)|Toxapex, F|100/100
|move|p2a: Ditto|Scald|p1a: ;)
|-resisted|p1a: ;)
|-damage|p1a: ;)|94/100
|-status|p1a: ;)|brn
|
|-damage|p1a: ;)|88/100 brn|[from] brn
|upkeep
|turn|148
|c| Anibunnysomoney|Does ditto theoretically have unlimited pp
|
|t:|1668144412
|switch|p1a: HitEmFromTheEast|Gastrodon-East, M|76/100
|move|p2a: Ditto|Knock Off|p1a: HitEmFromTheEast
|-damage|p1a: HitEmFromTheEast|58/100
|-activate|p1a: HitEmFromTheEast|ability: Sticky Hold
|
|-heal|p1a: HitEmFromTheEast|65/100|[from] item: Leftovers
|upkeep
|turn|149
|
|t:|1668144416
|switch|p1a: ;)|Toxapex, F|100/100 brn
|move|p2a: Ditto|Scald|p1a: ;)
|-resisted|p1a: ;)
|-damage|p1a: ;)|94/100 brn
|
|-damage|p1a: ;)|87/100 brn|[from] brn
|upkeep
|turn|150
|
|t:|1668144419
|switch|p1a: HitEmFromTheEast|Gastrodon-East, M|65/100
|move|p2a: Ditto|Scald|p1a: HitEmFromTheEast
|-damage|p1a: HitEmFromTheEast|53/100
|
|-heal|p1a: HitEmFromTheEast|59/100|[from] item: Leftovers
|upkeep
|turn|151
|
|t:|1668144421
|switch|p1a: ;)|Toxapex, F|100/100 brn
|move|p2a: Ditto|Scald|p1a: ;)
|-resisted|p1a: ;)
|-damage|p1a: ;)|94/100 brn
|
|-damage|p1a: ;)|87/100 brn|[from] brn
|upkeep
|turn|152
|
|t:|1668144423
|switch|p1a: HitEmFromTheEast|Gastrodon-East, M|59/100
|move|p2a: Ditto|Scald|p1a: HitEmFromTheEast
|-damage|p1a: HitEmFromTheEast|47/100
|
|-heal|p1a: HitEmFromTheEast|54/100|[from] item: Leftovers
|upkeep
|turn|153
|
|t:|1668144427
|switch|p2a: Blissey|Blissey, F|91/100
|move|p1a: HitEmFromTheEast|Earthquake|p2a: Blissey
|-damage|p2a: Blissey|66/100
|
|-heal|p1a: HitEmFromTheEast|60/100|[from] item: Leftovers
|upkeep
|turn|154
|
|t:|1668144429
|move|p2a: Blissey|Stealth Rock|p1a: HitEmFromTheEast
|-sidestart|p1: Cowsrule247|move: Stealth Rock
|move|p1a: HitEmFromTheEast|Toxic|p2a: Blissey
|-status|p2a: Blissey|tox
|
|-heal|p1a: HitEmFromTheEast|66/100|[from] item: Leftovers
|-damage|p2a: Blissey|59/100 tox|[from] psn
|upkeep
|turn|155
|
|t:|1668144431
|move|p2a: Blissey|Soft-Boiled|p2a: Blissey
|-heal|p2a: Blissey|100/100 tox
|move|p1a: HitEmFromTheEast|Earthquake|p2a: Blissey
|-damage|p2a: Blissey|73/100 tox
|
|-heal|p1a: HitEmFromTheEast|72/100|[from] item: Leftovers
|-damage|p2a: Blissey|60/100 tox|[from] psn
|upkeep
|turn|156
|
|t:|1668144436
|-curestatus|p2a: Blissey|tox|[from] ability: Natural Cure
|switch|p2a: Toxapex|Toxapex, M|100/100
|move|p1a: HitEmFromTheEast|Earthquake|p2a: Toxapex
|-supereffective|p2a: Toxapex
|-damage|p2a: Toxapex|67/100
|
|-heal|p1a: HitEmFromTheEast|78/100|[from] item: Leftovers
|upkeep
|turn|157
|
|t:|1668144443
|switch|p1a: ;)|Toxapex, F|100/100 brn
|-damage|p1a: ;)|88/100 brn|[from] Stealth Rock
|switch|p2a: Skarmory|Skarmory, M|78/100
|
|-heal|p2a: Skarmory|84/100|[from] item: Leftovers
|-damage|p1a: ;)|82/100 brn|[from] brn
|upkeep
|turn|158
|c| Anibunnysomoney|And if so doesn’t that mean with no real way to make progress that cow loses
|
|t:|1668144451
|switch|p2a: Ditto|Ditto, shiny|100/100
|-transform|p2a: Ditto|p1a: ;)|[from] ability: Imposter
|move|p1a: ;)|Scald|p2a: Ditto
|-resisted|p2a: Ditto
|-damage|p2a: Ditto|94/100
|
|-damage|p1a: ;)|75/100 brn|[from] brn
|upkeep
|turn|159
|
|t:|1668144455
|move|p2a: Ditto|Knock Off|p1a: ;)
|-damage|p1a: ;)|70/100 brn
|move|p1a: ;)|Scald|p2a: Ditto
|-resisted|p2a: Ditto
|-damage|p2a: Ditto|86/100
|
|-damage|p1a: ;)|63/100 brn|[from] brn
|upkeep
|turn|160
|
|t:|1668144459
|switch|p1a: Caw Bitch|Corviknight, M|100/100
|-damage|p1a: Caw Bitch|88/100|[from] Stealth Rock
|-ability|p1a: Caw Bitch|Pressure
|move|p2a: Ditto|Knock Off|p1a: Caw Bitch
|-damage|p1a: Caw Bitch|82/100
|
|upkeep
|turn|161
|
|t:|1668144465
|move|p1a: Caw Bitch|Defog|p2a: Ditto
|-unboost|p2a: Ditto|evasion|1
|-sideend|p1: Cowsrule247|Stealth Rock|[from] move: Defog|[of] p1a: Caw Bitch
|move|p2a: Ditto|Scald|p1a: Caw Bitch
|-damage|p1a: Caw Bitch|66/100
|
|upkeep
|turn|162
|j| aaaaaaaaaaaataaaaa
|c| ZachPKM|Cow has to play for a buzz sweep ig but idk
|j| GoldenTTRex1
|
|t:|1668144493
|switch|p1a: ;)|Toxapex, F|97/100 brn
|switch|p2a: Shedinja|Shedinja|100/100
|
|-damage|p1a: ;)|90/100 brn|[from] brn
|upkeep
|turn|163
|l| GoldenTTRex1
|c| ZachPKM|something needs to die
|
|t:|1668144500
|switch|p2a: Ditto|Ditto, shiny|100/100
|-transform|p2a: Ditto|p1a: ;)|[from] ability: Imposter
|switch|p1a: HitEmFromTheEast|Gastrodon-East, M|78/100
|
|-heal|p1a: HitEmFromTheEast|84/100|[from] item: Leftovers
|upkeep
|turn|164
|
|t:|1668144510
|switch|p1a: ;)|Toxapex, F|100/100 brn
|move|p2a: Ditto|Scald|p1a: ;)
|-resisted|p1a: ;)
|-damage|p1a: ;)|94/100 brn
|
|-damage|p1a: ;)|87/100 brn|[from] brn
|upkeep
|turn|165
|inactive|Cowsrule247 has 120 seconds left.
|
|t:|1668144524
|switch|p1a: HitEmFromTheEast|Gastrodon-East, M|84/100
|move|p2a: Ditto|Scald|p1a: HitEmFromTheEast
|-damage|p1a: HitEmFromTheEast|73/100
|
|-heal|p1a: HitEmFromTheEast|79/100|[from] item: Leftovers
|upkeep
|turn|166
|
|t:|1668144527
|switch|p1a: ;)|Toxapex, F|100/100 brn
|move|p2a: Ditto|Knock Off|p1a: ;)
|-damage|p1a: ;)|94/100 brn
|
|-damage|p1a: ;)|88/100 brn|[from] brn
|upkeep
|turn|167
|
|t:|1668144529
|switch|p1a: HitEmFromTheEast|Gastrodon-East, M|79/100
|move|p2a: Ditto|Knock Off|p1a: HitEmFromTheEast
|-damage|p1a: HitEmFromTheEast|61/100
|-activate|p1a: HitEmFromTheEast|ability: Sticky Hold
|
|-heal|p1a: HitEmFromTheEast|67/100|[from] item: Leftovers
|upkeep
|turn|168
|
|t:|1668144532
|switch|p1a: ;)|Toxapex, F|100/100 brn
|move|p2a: Ditto|Recover||[still]
|-fail|p2a: Ditto|heal
|
|-damage|p1a: ;)|94/100 brn|[from] brn
|upkeep
|turn|169
|
|t:|1668144538
|switch|p1a: HitEmFromTheEast|Gastrodon-East, M|67/100
|move|p2a: Ditto|Knock Off|p1a: HitEmFromTheEast
|-damage|p1a: HitEmFromTheEast|51/100
|-activate|p1a: HitEmFromTheEast|ability: Sticky Hold
|
|-heal|p1a: HitEmFromTheEast|57/100|[from] item: Leftovers
|upkeep
|turn|170
|
|t:|1668144544
|switch|p1a: ;)|Toxapex, F|100/100 brn
|move|p2a: Ditto|Recover||[still]
|-fail|p2a: Ditto|heal
|
|-damage|p1a: ;)|94/100 brn|[from] brn
|upkeep
|turn|171
|
|t:|1668144546
|switch|p1a: HitEmFromTheEast|Gastrodon-East, M|57/100
|move|p2a: Ditto|Scald|p1a: HitEmFromTheEast
|-damage|p1a: HitEmFromTheEast|46/100
|
|-heal|p1a: HitEmFromTheEast|52/100|[from] item: Leftovers
|upkeep
|turn|172
|
|t:|1668144548
|move|p1a: HitEmFromTheEast|Recover|p1a: HitEmFromTheEast
|-heal|p1a: HitEmFromTheEast|100/100
|move|p2a: Ditto|Knock Off|p1a: HitEmFromTheEast
|-damage|p1a: HitEmFromTheEast|84/100
|-activate|p1a: HitEmFromTheEast|ability: Sticky Hold
|
|-heal|p1a: HitEmFromTheEast|90/100|[from] item: Leftovers
|upkeep
|turn|173
|
|t:|1668144552
|switch|p1a: ;)|Toxapex, F|100/100 brn
|move|p2a: Ditto|Haze|p2a: Ditto
|-clearallboost
|
|-damage|p1a: ;)|94/100 brn|[from] brn
|upkeep
|turn|174
|
|t:|1668144554
|switch|p1a: HitEmFromTheEast|Gastrodon-East, M|90/100
|move|p2a: Ditto|Scald|p1a: HitEmFromTheEast
|-damage|p1a: HitEmFromTheEast|78/100
|
|-heal|p1a: HitEmFromTheEast|85/100|[from] item: Leftovers
|upkeep
|turn|175
|c| Anibunnysomoney|This ditto just gets refreshed pp on every switch while cow burns thru his
|
|t:|1668144557
|switch|p1a: ;)|Toxapex, F|100/100 brn
|move|p2a: Ditto|Haze|p2a: Ditto
|-clearallboost
|
|-damage|p1a: ;)|94/100 brn|[from] brn
|upkeep
|turn|176
|c|☆shiawasenostory|this ditto is a fraud
|c|☆shiawasenostory|give me my fucking burns
|
|t:|1668144572
|switch|p1a: HitEmFromTheEast|Gastrodon-East, M|85/100
|move|p2a: Ditto|Knock Off|p1a: HitEmFromTheEast
|-damage|p1a: HitEmFromTheEast|69/100
|-activate|p1a: HitEmFromTheEast|ability: Sticky Hold
|
|-heal|p1a: HitEmFromTheEast|75/100|[from] item: Leftovers
|upkeep
|turn|177
|
|t:|1668144575
|switch|p1a: ;)|Toxapex, F|100/100 brn
|move|p2a: Ditto|Haze|p2a: Ditto
|-clearallboost
|
|-damage|p1a: ;)|94/100 brn|[from] brn
|upkeep
|turn|178
|
|t:|1668144587
|switch|p1a: thicc|Blissey, F|87/100
|move|p2a: Ditto|Scald|p1a: thicc
|-damage|p1a: thicc|80/100
|
|upkeep
|turn|179
|
|t:|1668144597
|switch|p2a: Skarmory|Skarmory, M|84/100
|move|p1a: thicc|Stealth Rock|p2a: Skarmory
|-sidestart|p2: shiawasenostory|move: Stealth Rock
|
|-heal|p2a: Skarmory|90/100|[from] item: Leftovers
|upkeep
|turn|180
|c| Anibunnysomoney|There is no shiawase in this story I think
|
|t:|1668144603
|switch|p1a: Caw Bitch|Corviknight, M|66/100
|-ability|p1a: Caw Bitch|Pressure
|move|p2a: Skarmory|Spikes|p1a: Caw Bitch
|-sidestart|p1: Cowsrule247|Spikes
|
|-heal|p2a: Skarmory|97/100|[from] item: Leftovers
|upkeep
|turn|181
|c|☆shiawasenostory|15 defogs left
|c|☆shiawasenostory|:)
|
|t:|1668144629
|switch|p1a: ;)|Toxapex, F|100/100 brn
|-damage|p1a: ;)|88/100 brn|[from] Spikes
|move|p2a: Skarmory|Whirlwind|p1a: ;)
|drag|p1a: Caw Bitch|Corviknight, M|66/100
|-ability|p1a: Caw Bitch|Pressure
|
|-heal|p2a: Skarmory|100/100|[from] item: Leftovers
|upkeep
|turn|182
|
|t:|1668144638
|switch|p2a: Ditto|Ditto, shiny|100/100
|-damage|p2a: Ditto|88/100|[from] Stealth Rock
|-transform|p2a: Ditto|p1a: Caw Bitch|[from] ability: Imposter
|-ability|p2a: Ditto|Pressure
|move|p1a: Caw Bitch|Iron Defense|p1a: Caw Bitch
|-boost|p1a: Caw Bitch|def|2
|
|upkeep
|turn|183
|
|t:|1668144645
|switch|p1a: ;)|Toxapex, F|100/100 brn
|-damage|p1a: ;)|88/100 brn|[from] Spikes
|switch|p2a: Quagsire|Quagsire, F|100/100
|
|-damage|p1a: ;)|82/100 brn|[from] brn
|upkeep
|turn|184
|
|t:|1668144649
|switch|p2a: Ditto|Ditto, shiny|88/100
|-damage|p2a: Ditto|76/100|[from] Stealth Rock
|-transform|p2a: Ditto|p1a: ;)|[from] ability: Imposter
|move|p1a: ;)|Knock Off|p2a: Ditto
|-damage|p2a: Ditto|73/100
|
|-damage|p1a: ;)|75/100 brn|[from] brn
|upkeep
|turn|185
|
|t:|1668144655
|switch|p1a: Caw Bitch|Corviknight, M|66/100
|-ability|p1a: Caw Bitch|Pressure
|move|p2a: Ditto|Knock Off|p1a: Caw Bitch
|-damage|p1a: Caw Bitch|59/100
|
|upkeep
|turn|186
|
|t:|1668144659
|move|p1a: Caw Bitch|Defog|p2a: Ditto
|-unboost|p2a: Ditto|evasion|1
|-sideend|p2: shiawasenostory|Stealth Rock|[from] move: Defog|[of] p1a: Caw Bitch
|-sideend|p1: Cowsrule247|Spikes|[from] move: Defog|[of] p1a: Caw Bitch
|move|p2a: Ditto|Recover|p2a: Ditto
|-heal|p2a: Ditto|100/100
|
|upkeep
|turn|187
|
|t:|1668144670
|switch|p1a: ;)|Toxapex, F|100/100 brn
|move|p2a: Ditto|Knock Off|p1a: ;)
|-crit|p1a: ;)
|-damage|p1a: ;)|91/100 brn
|
|-damage|p1a: ;)|85/100 brn|[from] brn
|upkeep
|turn|188
|
|t:|1668144674
|switch|p1a: Caw Bitch|Corviknight, M|59/100
|-ability|p1a: Caw Bitch|Pressure
|move|p2a: Ditto|Scald|p1a: Caw Bitch
|-damage|p1a: Caw Bitch|45/100
|-status|p1a: Caw Bitch|brn
|
|-damage|p1a: Caw Bitch|39/100 brn|[from] brn
|upkeep
|turn|189
|
|t:|1668144677
|move|p1a: Caw Bitch|Roost|p1a: Caw Bitch
|-heal|p1a: Caw Bitch|89/100 brn
|-singleturn|p1a: Caw Bitch|move: Roost
|move|p2a: Ditto|Knock Off|p1a: Caw Bitch
|-damage|p1a: Caw Bitch|82/100 brn
|
|-damage|p1a: Caw Bitch|76/100 brn|[from] brn
|upkeep
|turn|190
|
|t:|1668144680
|switch|p1a: HitEmFromTheEast|Gastrodon-East, M|75/100
|move|p2a: Ditto|Haze|p2a: Ditto
|-clearallboost
|
|-heal|p1a: HitEmFromTheEast|81/100|[from] item: Leftovers
|upkeep
|turn|191
|
|t:|1668144683
|switch|p1a: ;)|Toxapex, F|100/100 brn
|move|p2a: Ditto|Haze|p2a: Ditto
|-clearallboost
|
|-damage|p1a: ;)|94/100 brn|[from] brn
|upkeep
|turn|192
|
|t:|1668144685
|switch|p1a: HitEmFromTheEast|Gastrodon-East, M|81/100
|move|p2a: Ditto|Recover||[still]
|-fail|p2a: Ditto|heal
|
|-heal|p1a: HitEmFromTheEast|87/100|[from] item: Leftovers
|upkeep
|turn|193
|
|t:|1668144688
|switch|p1a: ;)|Toxapex, F|100/100 brn
|move|p2a: Ditto|Haze|p2a: Ditto
|-clearallboost
|
|-damage|p1a: ;)|94/100 brn|[from] brn
|upkeep
|turn|194
|
|t:|1668144690
|switch|p1a: HitEmFromTheEast|Gastrodon-East, M|87/100
|move|p2a: Ditto|Scald|p1a: HitEmFromTheEast
|-damage|p1a: HitEmFromTheEast|76/100
|
|-heal|p1a: HitEmFromTheEast|82/100|[from] item: Leftovers
|upkeep
|turn|195
|
|t:|1668144693
|switch|p1a: ;)|Toxapex, F|100/100 brn
|move|p2a: Ditto|Haze|p2a: Ditto
|-clearallboost
|
|-damage|p1a: ;)|94/100 brn|[from] brn
|upkeep
|turn|196
|
|t:|1668144695
|switch|p1a: HitEmFromTheEast|Gastrodon-East, M|82/100
|move|p2a: Ditto|Scald|p1a: HitEmFromTheEast
|-damage|p1a: HitEmFromTheEast|71/100
|
|-heal|p1a: HitEmFromTheEast|77/100|[from] item: Leftovers
|upkeep
|turn|197
|
|t:|1668144698
|switch|p1a: ;)|Toxapex, F|100/100 brn
|move|p2a: Ditto|Haze|p2a: Ditto
|-clearallboost
|
|-damage|p1a: ;)|94/100 brn|[from] brn
|upkeep
|turn|198
|
|t:|1668144702
|move|p1a: ;)|Haze|p1a: ;)
|-clearallboost
|move|p2a: Ditto|Scald|p1a: ;)
|-resisted|p1a: ;)
|-damage|p1a: ;)|88/100 brn
|
|-damage|p1a: ;)|81/100 brn|[from] brn
|upkeep
|turn|199
|
|t:|1668144707
|switch|p1a: HitEmFromTheEast|Gastrodon-East, M|77/100
|switch|p2a: Toxapex|Toxapex, M|99/100
|
|-heal|p1a: HitEmFromTheEast|83/100|[from] item: Leftovers
|upkeep
|turn|200
|l| aaaaaaaaaaaataaaaa
|
|t:|1668144711
|switch|p1a: ;)|Toxapex, F|100/100 brn
|move|p2a: Toxapex|Scald|p1a: ;)
|-resisted|p1a: ;)
|-damage|p1a: ;)|93/100 brn
|
|-damage|p1a: ;)|87/100 brn|[from] brn
|upkeep
|turn|201
|
|t:|1668144716
|switch|p1a: HitEmFromTheEast|Gastrodon-East, M|83/100
|switch|p2a: Ditto|Ditto, shiny|100/100
|-transform|p2a: Ditto|p1a: HitEmFromTheEast|[from] ability: Imposter
|
|-heal|p1a: HitEmFromTheEast|89/100|[from] item: Leftovers
|upkeep
|turn|202
|j| aaaaaaaaaaaataaaaa
|
|t:|1668144722
|switch|p2a: Toxapex|Toxapex, M|100/100
|move|p1a: HitEmFromTheEast|Toxic|p2a: Toxapex
|-immune|p2a: Toxapex
|
|-heal|p1a: HitEmFromTheEast|96/100|[from] item: Leftovers
|upkeep
|turn|203
|
|t:|1668144729
|switch|p1a: ;)|Toxapex, F|100/100 brn
|switch|p2a: Blissey|Blissey, F|60/100
|
|-damage|p1a: ;)|94/100 brn|[from] brn
|upkeep
|turn|204
|l| aaaaaaaaaaaataaaaa
|
|t:|1668144744
|move|p2a: Blissey|Stealth Rock|p1a: ;)
|-sidestart|p1: Cowsrule247|move: Stealth Rock
|move|p1a: ;)|Knock Off|p2a: Blissey
|-damage|p2a: Blissey|54/100
|-enditem|p2a: Blissey|Heavy-Duty Boots|[from] move: Knock Off|[of] p1a: ;)
|
|-damage|p1a: ;)|88/100 brn|[from] brn
|upkeep
|turn|205
|
|t:|1668144750
|switch|p2a: Ditto|Ditto, shiny|100/100
|-transform|p2a: Ditto|p1a: ;)|[from] ability: Imposter
|move|p1a: ;)|Scald|p2a: Ditto
|-resisted|p2a: Ditto
|-damage|p2a: Ditto|94/100
|
|-damage|p1a: ;)|82/100 brn|[from] brn
|upkeep
|turn|206
|
|t:|1668144766
|switch|p1a: HitEmFromTheEast|Gastrodon-East, M|96/100
|-damage|p1a: HitEmFromTheEast|89/100|[from] Stealth Rock
|move|p2a: Ditto|Scald|p1a: HitEmFromTheEast
|-damage|p1a: HitEmFromTheEast|79/100
|-status|p1a: HitEmFromTheEast|brn
|
|-heal|p1a: HitEmFromTheEast|85/100 brn|[from] item: Leftovers
|-damage|p1a: HitEmFromTheEast|79/100 brn|[from] brn
|upkeep
|turn|207
|
|t:|1668144772
|switch|p1a: Treble|Clefable, F|69/100
|-damage|p1a: Treble|56/100|[from] Stealth Rock
|move|p2a: Ditto|Knock Off|p1a: Treble
|-resisted|p1a: Treble
|-damage|p1a: Treble|52/100
|
|upkeep
|turn|208
|
|t:|1668144777
|switch|p2a: Skarmory|Skarmory, M|100/100
|move|p1a: Treble|Wish|p1a: Treble
|
|upkeep
|turn|209
|
|t:|1668144781
|move|p2a: Skarmory|Spikes|p1a: Treble
|-sidestart|p1: Cowsrule247|Spikes
|move|p1a: Treble|Heal Bell|p1a: Treble
|-activate|p1a: Treble|move: Heal Bell
|-curestatus|p1: ;)|brn|[msg]
|-curestatus|p1: HitEmFromTheEast|brn|[msg]
|-curestatus|p1: Caw Bitch|brn|[msg]
|
|-heal|p1a: Treble|100/100|[from] move: Wish|[wisher] Treble
|upkeep
|turn|210
|
|t:|1668144789
|switch|p2a: Ditto|Ditto, shiny|100/100
|-transform|p2a: Ditto|p1a: Treble|[from] ability: Imposter
|switch|p1a: Caw Bitch|Corviknight, M|76/100
|-damage|p1a: Caw Bitch|63/100|[from] Stealth Rock
|-ability|p1a: Caw Bitch|Pressure
|
|upkeep
|turn|211
|j| wdz999
|
|t:|1668144795
|move|p1a: Caw Bitch|Defog|p2a: Ditto
|-unboost|p2a: Ditto|evasion|1
|-sideend|p1: Cowsrule247|Spikes|[from] move: Defog|[of] p1a: Caw Bitch
|-sideend|p1: Cowsrule247|Stealth Rock|[from] move: Defog|[of] p1a: Caw Bitch
|move|p2a: Ditto|Wish|p2a: Ditto
|
|upkeep
|turn|212
|
|t:|1668144810
|switch|p1a: ;)|Toxapex, F|100/100
|move|p2a: Ditto|Moonblast|p1a: ;)
|-resisted|p1a: ;)
|-damage|p1a: ;)|87/100
|
|upkeep
|turn|213
|
|t:|1668144816
|switch|p2a: Blissey|Blissey, F|54/100
|switch|p1a: HitEmFromTheEast|Gastrodon-East, M|79/100
|
|-heal|p1a: HitEmFromTheEast|85/100|[from] item: Leftovers
|upkeep
|turn|214
|
|t:|1668144821
|switch|p1a: Caw Bitch|Corviknight, M|63/100
|-ability|p1a: Caw Bitch|Pressure
|move|p2a: Blissey|Stealth Rock|p1a: Caw Bitch
|-sidestart|p1: Cowsrule247|move: Stealth Rock
|
|upkeep
|turn|215
|
|t:|1668144827
|switch|p2a: Toxapex|Toxapex, M|100/100
|move|p1a: Caw Bitch|Body Press|p2a: Toxapex
|-resisted|p2a: Toxapex
|-damage|p2a: Toxapex|93/100
|
|upkeep
|turn|216
|
|t:|1668144830
|switch|p2a: Ditto|Ditto, shiny|100/100
|-transform|p2a: Ditto|p1a: Caw Bitch|[from] ability: Imposter
|-ability|p2a: Ditto|Pressure
|move|p1a: Caw Bitch|Defog|p2a: Ditto
|-unboost|p2a: Ditto|evasion|1
|-sideend|p1: Cowsrule247|Stealth Rock|[from] move: Defog|[of] p1a: Caw Bitch
|
|upkeep
|turn|217
|
|t:|1668144836
|move|p1a: Caw Bitch|Roost|p1a: Caw Bitch
|-heal|p1a: Caw Bitch|100/100
|-singleturn|p1a: Caw Bitch|move: Roost
|move|p2a: Ditto|Iron Defense|p2a: Ditto
|-boost|p2a: Ditto|def|2
|
|upkeep
|turn|218
|
|t:|1668144846
|switch|p1a: ;)|Toxapex, F|100/100
|move|p2a: Ditto|Body Press|p1a: ;)
|-resisted|p1a: ;)
|-damage|p1a: ;)|85/100
|
|upkeep
|turn|219
|
|t:|1668144853
|switch|p2a: Toxapex|Toxapex, M|100/100
|switch|p1a: HitEmFromTheEast|Gastrodon-East, M|85/100
|
|-heal|p1a: HitEmFromTheEast|91/100|[from] item: Leftovers
|upkeep
|turn|220
|
|t:|1668144860
|switch|p1a: ;)|Toxapex, F|100/100
|move|p2a: Toxapex|Toxic|p1a: ;)
|-immune|p1a: ;)
|
|upkeep
|turn|221
|
|t:|1668144864
|switch|p1a: HitEmFromTheEast|Gastrodon-East, M|91/100
|switch|p2a: Ditto|Ditto, shiny|100/100
|-transform|p2a: Ditto|p1a: HitEmFromTheEast|[from] ability: Imposter
|
|-heal|p1a: HitEmFromTheEast|97/100|[from] item: Leftovers
|upkeep
|turn|222
|
|t:|1668144876
|switch|p2a: Toxapex|Toxapex, M|100/100
|switch|p1a: thicc|Blissey, F|80/100
|
|upkeep
|turn|223
|
|t:|1668144882
|switch|p1a: ;)|Toxapex, F|100/100
|switch|p2a: Ditto|Ditto, shiny|100/100
|-transform|p2a: Ditto|p1a: ;)|[from] ability: Imposter
|
|upkeep
|turn|224
|inactive|shiawasenostory has 120 seconds left.
|
|t:|1668144892
|switch|p1a: thicc|Blissey, F|80/100
|move|p2a: Ditto|Scald|p1a: thicc
|-damage|p1a: thicc|75/100
|
|upkeep
|turn|225
|inactive|shiawasenostory has 120 seconds left.
|
|t:|1668144898
|switch|p2a: Skarmory|Skarmory, M|100/100
|move|p1a: thicc|Seismic Toss|p2a: Skarmory
|-damage|p2a: Skarmory|66/100
|
|-heal|p2a: Skarmory|72/100|[from] item: Leftovers
|upkeep
|turn|226
|
|t:|1668144901
|switch|p2a: Ditto|Ditto, shiny|100/100
|-transform|p2a: Ditto|p1a: thicc|[from] ability: Imposter
|move|p1a: thicc|Seismic Toss|p2a: Ditto
|-damage|p2a: Ditto|67/100
|
|upkeep
|turn|227
|
|t:|1668144908
|switch|p1a: Caw Bitch|Corviknight, M|100/100
|-ability|p1a: Caw Bitch|Pressure
|move|p2a: Ditto|Soft-Boiled|p2a: Ditto
|-heal|p2a: Ditto|100/100
|
|upkeep
|turn|228
|inactive|shiawasenostory has 120 seconds left.
|
|t:|1668144916
|switch|p2a: Toxapex|Toxapex, M|100/100
|move|p1a: Caw Bitch|Body Press|p2a: Toxapex
|-resisted|p2a: Toxapex
|-damage|p2a: Toxapex|93/100
|
|upkeep
|turn|229
|
|t:|1668144923
|switch|p1a: ;)|Toxapex, F|100/100
|switch|p2a: Ditto|Ditto, shiny|100/100
|-transform|p2a: Ditto|p1a: ;)|[from] ability: Imposter
|
|upkeep
|turn|230
|
|t:|1668144927
|switch|p2a: Toxapex|Toxapex, M|100/100
|switch|p1a: HitEmFromTheEast|Gastrodon-East, M|97/100
|
|-heal|p1a: HitEmFromTheEast|100/100|[from] item: Leftovers
|upkeep
|turn|231
|
|t:|1668144932
|switch|p1a: ;)|Toxapex, F|100/100
|move|p2a: Toxapex|Scald|p1a: ;)
|-resisted|p1a: ;)
|-damage|p1a: ;)|93/100
|
|upkeep
|turn|232
|
|t:|1668144937
|switch|p1a: thicc|Blissey, F|75/100
|switch|p2a: Ditto|Ditto, shiny|100/100
|-transform|p2a: Ditto|p1a: thicc|[from] ability: Imposter
|
|upkeep
|turn|233
|
|t:|1668144940
|switch|p1a: Caw Bitch|Corviknight, M|100/100
|-ability|p1a: Caw Bitch|Pressure
|move|p2a: Ditto|Stealth Rock|p1a: Caw Bitch
|-sidestart|p1: Cowsrule247|move: Stealth Rock
|
|upkeep
|turn|234
|
|t:|1668144945
|switch|p2a: Shedinja|Shedinja|100/100
|move|p1a: Caw Bitch|Defog|p2a: Shedinja
|-unboost|p2a: Shedinja|evasion|1
|-sideend|p1: Cowsrule247|Stealth Rock|[from] move: Defog|[of] p1a: Caw Bitch
|
|upkeep
|turn|235
|
|t:|1668144956
|switch|p1a: HitEmFromTheEast|Gastrodon-East, M|100/100
|move|p2a: Shedinja|Will-O-Wisp|p1a: HitEmFromTheEast
|-status|p1a: HitEmFromTheEast|brn
|
|-damage|p1a: HitEmFromTheEast|94/100 brn|[from] brn
|upkeep
|turn|236
|
|t:|1668144964
|switch|p2a: Blissey|Blissey, F|54/100
|switch|p1a: ;)|Toxapex, F|100/100
|
|upkeep
|turn|237
|
|t:|1668144968
|switch|p1a: Caw Bitch|Corviknight, M|100/100
|-ability|p1a: Caw Bitch|Pressure
|move|p2a: Blissey|Stealth Rock|p1a: Caw Bitch
|-sidestart|p1: Cowsrule247|move: Stealth Rock
|
|upkeep
|turn|238
|
|t:|1668144973
|switch|p2a: Ditto|Ditto, shiny|100/100
|-transform|p2a: Ditto|p1a: Caw Bitch|[from] ability: Imposter
|-ability|p2a: Ditto|Pressure
|move|p1a: Caw Bitch|Body Press|p2a: Ditto
|-damage|p2a: Ditto|80/100
|
|upkeep
|turn|239
|
|t:|1668144980
|switch|p1a: SWOLE|Buzzwole, shiny|100/100
|move|p2a: Ditto|Iron Defense|p2a: Ditto
|-boost|p2a: Ditto|def|2
|
|upkeep
|turn|240
|
|t:|1668144986
|switch|p1a: ;)|Toxapex, F|100/100
|-damage|p1a: ;)|88/100|[from] Stealth Rock
|move|p2a: Ditto|Roost|p2a: Ditto
|-heal|p2a: Ditto|100/100
|-singleturn|p2a: Ditto|move: Roost
|
|upkeep
|turn|241
|
|t:|1668144991
|switch|p2a: Blissey|Blissey, F|54/100
|move|p1a: ;)|Haze|p1a: ;)
|-clearallboost
|
|upkeep
|turn|242
|
|t:|1668144997
|switch|p1a: Caw Bitch|Corviknight, M|100/100
|-damage|p1a: Caw Bitch|88/100|[from] Stealth Rock
|-ability|p1a: Caw Bitch|Pressure
|move|p2a: Blissey|Soft-Boiled|p2a: Blissey
|-heal|p2a: Blissey|100/100
|
|upkeep
|turn|243
|
|t:|1668145004
|switch|p1a: SWOLE|Buzzwole, shiny|100/100
|switch|p2a: Ditto|Ditto, shiny|100/100
|-transform|p2a: Ditto|p1a: SWOLE|[from] ability: Imposter
|
|upkeep
|turn|244
|
|t:|1668145009
|switch|p1a: Caw Bitch|Corviknight, M|88/100
|-damage|p1a: Caw Bitch|75/100|[from] Stealth Rock
|-ability|p1a: Caw Bitch|Pressure
|switch|p2a: Shedinja|Shedinja|100/100
|
|upkeep
|turn|245
|
|t:|1668145015
|switch|p2a: Ditto|Ditto, shiny|100/100
|-transform|p2a: Ditto|p1a: Caw Bitch|[from] ability: Imposter
|-ability|p2a: Ditto|Pressure
|switch|p1a: SWOLE|Buzzwole, shiny|100/100
|
|upkeep
|turn|246
|
|t:|1668145020
|switch|p1a: Caw Bitch|Corviknight, M|75/100
|-damage|p1a: Caw Bitch|63/100|[from] Stealth Rock
|-ability|p1a: Caw Bitch|Pressure
|move|p2a: Ditto|Iron Defense|p2a: Ditto
|-boost|p2a: Ditto|def|2
|
|upkeep
|turn|247
|
|t:|1668145022
|switch|p1a: ;)|Toxapex, F|100/100
|-damage|p1a: ;)|88/100|[from] Stealth Rock
|move|p2a: Ditto|Body Press|p1a: ;)
|-resisted|p1a: ;)
|-damage|p1a: ;)|72/100
|
|upkeep
|turn|248
|
|t:|1668145027
|move|p2a: Ditto|Body Press|p1a: ;)
|-resisted|p1a: ;)
|-damage|p1a: ;)|58/100
|move|p1a: ;)|Haze|p1a: ;)
|-clearallboost
|
|upkeep
|turn|249
|
|t:|1668145032
|switch|p2a: Toxapex|Toxapex, M|100/100
|switch|p1a: Caw Bitch|Corviknight, M|63/100
|-damage|p1a: Caw Bitch|50/100|[from] Stealth Rock
|-ability|p1a: Caw Bitch|Pressure
|
|upkeep
|turn|250
|
|t:|1668145035
|switch|p2a: Ditto|Ditto, shiny|100/100
|-transform|p2a: Ditto|p1a: Caw Bitch|[from] ability: Imposter
|-ability|p2a: Ditto|Pressure
|move|p1a: Caw Bitch|Roost|p1a: Caw Bitch
|-heal|p1a: Caw Bitch|100/100
|-singleturn|p1a: Caw Bitch|move: Roost
|
|upkeep
|turn|251
|
|t:|1668145038
|switch|p1a: ;)|Toxapex, F|92/100
|-damage|p1a: ;)|79/100|[from] Stealth Rock
|move|p2a: Ditto|Iron Defense|p2a: Ditto
|-boost|p2a: Ditto|def|2
|
|upkeep
|turn|252
|
|t:|1668145042
|switch|p1a: SWOLE|Buzzwole, shiny|100/100
|move|p2a: Ditto|Body Press|p1a: SWOLE
|-resisted|p1a: SWOLE
|-damage|p1a: SWOLE|87/100
|
|upkeep
|turn|253
|
|t:|1668145047
|switch|p1a: Caw Bitch|Corviknight, M|100/100
|-damage|p1a: Caw Bitch|88/100|[from] Stealth Rock
|-ability|p1a: Caw Bitch|Pressure
|move|p2a: Ditto|Iron Defense|p2a: Ditto
|-boost|p2a: Ditto|def|2
|
|upkeep
|turn|254
|
|t:|1668145048
|switch|p1a: SWOLE|Buzzwole, shiny|87/100
|move|p2a: Ditto|Body Press|p1a: SWOLE
|-resisted|p1a: SWOLE
|-damage|p1a: SWOLE|68/100
|
|upkeep
|turn|255
|
|t:|1668145053
|switch|p1a: ;)|Toxapex, F|100/100
|-damage|p1a: ;)|88/100|[from] Stealth Rock
|move|p2a: Ditto|Body Press|p1a: ;)
|-resisted|p1a: ;)
|-damage|p1a: ;)|65/100
|
|upkeep
|turn|256
|
|t:|1668145055
|move|p2a: Ditto|Body Press|p1a: ;)
|-resisted|p1a: ;)
|-damage|p1a: ;)|44/100
|move|p1a: ;)|Haze|p1a: ;)
|-clearallboost
|
|upkeep
|turn|257
|
|t:|1668145062
|switch|p2a: Toxapex|Toxapex, M|100/100
|switch|p1a: Caw Bitch|Corviknight, M|88/100
|-damage|p1a: Caw Bitch|75/100|[from] Stealth Rock
|-ability|p1a: Caw Bitch|Pressure
|
|upkeep
|turn|258
|
|t:|1668145066
|switch|p1a: SWOLE|Buzzwole, shiny|68/100
|move|p2a: Toxapex|Knock Off|p1a: SWOLE
|-resisted|p1a: SWOLE
|-damage|p1a: SWOLE|64/100
|-enditem|p1a: SWOLE|Heavy-Duty Boots|[from] move: Knock Off|[of] p2a: Toxapex
|
|upkeep
|turn|259
|
|t:|1668145070
|switch|p1a: Caw Bitch|Corviknight, M|75/100
|-damage|p1a: Caw Bitch|63/100|[from] Stealth Rock
|-ability|p1a: Caw Bitch|Pressure
|move|p2a: Toxapex|Knock Off|p1a: Caw Bitch
|-damage|p1a: Caw Bitch|56/100
|
|upkeep
|turn|260
|
|t:|1668145073
|switch|p2a: Skarmory|Skarmory, M|72/100
|move|p1a: Caw Bitch|Defog|p2a: Skarmory
|-unboost|p2a: Skarmory|evasion|1
|-sideend|p1: Cowsrule247|Stealth Rock|[from] move: Defog|[of] p1a: Caw Bitch
|
|-heal|p2a: Skarmory|78/100|[from] item: Leftovers
|upkeep
|turn|261
|
|t:|1668145079
|move|p2a: Skarmory|Spikes|p1a: Caw Bitch
|-sidestart|p1: Cowsrule247|Spikes
|move|p1a: Caw Bitch|Roost|p1a: Caw Bitch
|-heal|p1a: Caw Bitch|100/100
|-singleturn|p1a: Caw Bitch|move: Roost
|
|-heal|p2a: Skarmory|85/100|[from] item: Leftovers
|upkeep
|turn|262
|
|t:|1668145084
|switch|p2a: Ditto|Ditto, shiny|100/100
|-transform|p2a: Ditto|p1a: Caw Bitch|[from] ability: Imposter
|-ability|p2a: Ditto|Pressure
|move|p1a: Caw Bitch|Iron Defense|p1a: Caw Bitch
|-boost|p1a: Caw Bitch|def|2
|
|upkeep
|turn|263
|
|t:|1668145087
|switch|p2a: Shedinja|Shedinja|100/100
|move|p1a: Caw Bitch|Iron Defense|p1a: Caw Bitch
|-boost|p1a: Caw Bitch|def|2
|
|upkeep
|turn|264
|
|t:|1668145092
|move|p2a: Shedinja|Will-O-Wisp|p1a: Caw Bitch
|-status|p1a: Caw Bitch|brn
|move|p1a: Caw Bitch|Defog|p2a: Shedinja
|-unboost|p2a: Shedinja|evasion|1
|-sideend|p1: Cowsrule247|Spikes|[from] move: Defog|[of] p1a: Caw Bitch
|
|-damage|p1a: Caw Bitch|94/100 brn|[from] brn
|upkeep
|turn|265
|
|t:|1668145096
|switch|p2a: Quagsire|Quagsire, F|100/100
|switch|p1a: Treble|Clefable, F|100/100
|
|upkeep
|turn|266
|
|t:|1668145101
|move|p1a: Treble|Heal Bell|p1a: Treble
|-activate|p1a: Treble|move: Heal Bell
|-curestatus|p1: HitEmFromTheEast|brn|[msg]
|-curestatus|p1: Caw Bitch|brn|[msg]
|move|p2a: Quagsire|Toxic|p1a: Treble
|-status|p1a: Treble|tox
|
|-damage|p1a: Treble|94/100 tox|[from] psn
|upkeep
|turn|267
|
|t:|1668145109
|switch|p1a: HitEmFromTheEast|Gastrodon-East, M|94/100
|move|p2a: Quagsire|Toxic|p1a: HitEmFromTheEast
|-status|p1a: HitEmFromTheEast|tox
|
|-heal|p1a: HitEmFromTheEast|100/100 tox|[from] item: Leftovers
|-damage|p1a: HitEmFromTheEast|94/100 tox|[from] psn
|upkeep
|turn|268
|
|t:|1668145115
|switch|p1a: ;)|Toxapex, F|77/100
|switch|p2a: Toxapex|Toxapex, M|100/100
|
|upkeep
|turn|269
|
|t:|1668145117
|switch|p1a: HitEmFromTheEast|Gastrodon-East, M|94/100 tox
|switch|p2a: Ditto|Ditto, shiny|100/100
|-transform|p2a: Ditto|p1a: HitEmFromTheEast|[from] ability: Imposter
|
|-heal|p1a: HitEmFromTheEast|100/100 tox|[from] item: Leftovers
|-damage|p1a: HitEmFromTheEast|94/100 tox|[from] psn
|upkeep
|turn|270
|
|t:|1668145121
|switch|p1a: ;)|Toxapex, F|100/100
|switch|p2a: Blissey|Blissey, F|100/100
|
|upkeep
|turn|271
|
|t:|1668145125
|switch|p1a: Caw Bitch|Corviknight, M|94/100
|-ability|p1a: Caw Bitch|Pressure
|move|p2a: Blissey|Stealth Rock|p1a: Caw Bitch
|-sidestart|p1: Cowsrule247|move: Stealth Rock
|
|upkeep
|turn|272
|
|t:|1668145129
|switch|p2a: Skarmory|Skarmory, M|85/100
|move|p1a: Caw Bitch|Iron Defense|p1a: Caw Bitch
|-boost|p1a: Caw Bitch|def|2
|
|-heal|p2a: Skarmory|91/100|[from] item: Leftovers
|upkeep
|turn|273
|
|t:|1668145132
|switch|p2a: Shedinja|Shedinja|100/100
|move|p1a: Caw Bitch|Defog|p2a: Shedinja
|-unboost|p2a: Shedinja|evasion|1
|-sideend|p1: Cowsrule247|Stealth Rock|[from] move: Defog|[of] p1a: Caw Bitch
|
|upkeep
|turn|274
|
|t:|1668145142
|switch|p1a: thicc|Blissey, F|75/100
|move|p2a: Shedinja|Will-O-Wisp|p1a: thicc
|-status|p1a: thicc|brn
|
|-damage|p1a: thicc|68/100 brn|[from] brn
|upkeep
|turn|275
|
|t:|1668145146
|switch|p2a: Ditto|Ditto, shiny|100/100
|-transform|p2a: Ditto|p1a: thicc|[from] ability: Imposter
|move|p1a: thicc|Stealth Rock|p2a: Ditto
|-sidestart|p2: shiawasenostory|move: Stealth Rock
|
|-damage|p1a: thicc|62/100 brn|[from] brn
|upkeep
|turn|276
|
|t:|1668145148
|-curestatus|p1a: thicc|brn|[from] ability: Natural Cure
|switch|p1a: Caw Bitch|Corviknight, M|94/100
|-ability|p1a: Caw Bitch|Pressure
|move|p2a: Ditto|Stealth Rock|p1a: Caw Bitch
|-sidestart|p1: Cowsrule247|move: Stealth Rock
|
|upkeep
|turn|277
|
|t:|1668145152
|switch|p2a: Shedinja|Shedinja|100/100
|move|p1a: Caw Bitch|Defog|p2a: Shedinja
|-unboost|p2a: Shedinja|evasion|1
|-sideend|p2: shiawasenostory|Stealth Rock|[from] move: Defog|[of] p1a: Caw Bitch
|-sideend|p1: Cowsrule247|Stealth Rock|[from] move: Defog|[of] p1a: Caw Bitch
|
|upkeep
|turn|278
|l| ZachPKM
|
|t:|1668145157
|switch|p2a: Skarmory|Skarmory, M|91/100
|switch|p1a: HitEmFromTheEast|Gastrodon-East, M|94/100 tox
|
|-heal|p2a: Skarmory|97/100|[from] item: Leftovers
|-heal|p1a: HitEmFromTheEast|100/100 tox|[from] item: Leftovers
|-damage|p1a: HitEmFromTheEast|94/100 tox|[from] psn
|upkeep
|turn|279
|
|t:|1668145160
|switch|p2a: Blissey|Blissey, F|100/100
|switch|p1a: ;)|Toxapex, F|100/100
|
|upkeep
|turn|280
|
|t:|1668145164
|switch|p1a: Caw Bitch|Corviknight, M|94/100
|-ability|p1a: Caw Bitch|Pressure
|move|p2a: Blissey|Stealth Rock|p1a: Caw Bitch
|-sidestart|p1: Cowsrule247|move: Stealth Rock
|
|upkeep
|turn|281
|
|t:|1668145169
|switch|p2a: Ditto|Ditto, shiny|100/100
|-transform|p2a: Ditto|p1a: Caw Bitch|[from] ability: Imposter
|-ability|p2a: Ditto|Pressure
|move|p1a: Caw Bitch|Defog|p2a: Ditto
|-unboost|p2a: Ditto|evasion|1
|-sideend|p1: Cowsrule247|Stealth Rock|[from] move: Defog|[of] p1a: Caw Bitch
|
|upkeep
|turn|282
|
|t:|1668145173
|switch|p2a: Shedinja|Shedinja|100/100
|switch|p1a: ;)|Toxapex, F|100/100
|
|upkeep
|turn|283
|
|t:|1668145176
|switch|p2a: Blissey|Blissey, F|100/100
|switch|p1a: HitEmFromTheEast|Gastrodon-East, M|94/100 tox
|
|-heal|p1a: HitEmFromTheEast|100/100 tox|[from] item: Leftovers
|-damage|p1a: HitEmFromTheEast|94/100 tox|[from] psn
|upkeep
|turn|284
|
|t:|1668145178
|move|p2a: Blissey|Stealth Rock|p1a: HitEmFromTheEast
|-sidestart|p1: Cowsrule247|move: Stealth Rock
|move|p1a: HitEmFromTheEast|Toxic|p2a: Blissey
|-status|p2a: Blissey|tox
|
|-heal|p1a: HitEmFromTheEast|100/100 tox|[from] item: Leftovers
|-damage|p2a: Blissey|94/100 tox|[from] psn
|-damage|p1a: HitEmFromTheEast|88/100 tox|[from] psn
|upkeep
|turn|285
|
|t:|1668145181
|-curestatus|p2a: Blissey|tox|[from] ability: Natural Cure
|switch|p2a: Toxapex|Toxapex, M|100/100
|move|p1a: HitEmFromTheEast|Toxic|p2a: Toxapex
|-immune|p2a: Toxapex
|
|-heal|p1a: HitEmFromTheEast|94/100 tox|[from] item: Leftovers
|-damage|p1a: HitEmFromTheEast|76/100 tox|[from] psn
|upkeep
|turn|286
|
|t:|1668145185
|move|p1a: HitEmFromTheEast|Toxic|p2a: Toxapex
|-immune|p2a: Toxapex
|move|p2a: Toxapex|Knock Off|p1a: HitEmFromTheEast
|-damage|p1a: HitEmFromTheEast|59/100 tox
|-activate|p1a: HitEmFromTheEast|ability: Sticky Hold
|
|-heal|p1a: HitEmFromTheEast|65/100 tox|[from] item: Leftovers
|-damage|p1a: HitEmFromTheEast|41/100 tox|[from] psn
|upkeep
|turn|287
|
|t:|1668145187
|move|p1a: HitEmFromTheEast|Recover|p1a: HitEmFromTheEast
|-heal|p1a: HitEmFromTheEast|91/100 tox
|move|p2a: Toxapex|Knock Off|p1a: HitEmFromTheEast
|-damage|p1a: HitEmFromTheEast|74/100 tox
|-activate|p1a: HitEmFromTheEast|ability: Sticky Hold
|
|-heal|p1a: HitEmFromTheEast|81/100 tox|[from] item: Leftovers
|-damage|p1a: HitEmFromTheEast|50/100 tox|[from] psn
|upkeep
|turn|288
|
|t:|1668145190
|switch|p1a: Treble|Clefable, F|94/100 tox
|-damage|p1a: Treble|82/100 tox|[from] Stealth Rock
|move|p2a: Toxapex|Knock Off|p1a: Treble
|-resisted|p1a: Treble
|-damage|p1a: Treble|77/100 tox
|
|-damage|p1a: Treble|71/100 tox|[from] psn
|upkeep
|turn|289
|
|t:|1668145194
|move|p1a: Treble|Heal Bell|p1a: Treble
|-activate|p1a: Treble|move: Heal Bell
|-curestatus|p1a: Treble|tox|[msg]
|-curestatus|p1: HitEmFromTheEast|tox|[msg]
|move|p2a: Toxapex|Toxic|p1a: Treble
|-status|p1a: Treble|tox
|
|-damage|p1a: Treble|65/100 tox|[from] psn
|upkeep
|turn|290
|
|t:|1668145200
|switch|p1a: thicc|Blissey, F|62/100
|-damage|p1a: thicc|50/100|[from] Stealth Rock
|move|p2a: Toxapex|Knock Off|p1a: thicc
|-damage|p1a: thicc|41/100
|
|upkeep
|turn|291
|
|t:|1668145206
|switch|p2a: Ditto|Ditto, shiny|100/100
|-transform|p2a: Ditto|p1a: thicc|[from] ability: Imposter
|move|p1a: thicc|Soft-Boiled|p1a: thicc
|-heal|p1a: thicc|91/100
|
|upkeep
|turn|292
|
|t:|1668145207
|move|p2a: Ditto|Stealth Rock||[still]
|-fail|p2a: Ditto
|move|p1a: thicc|Stealth Rock|p2a: Ditto
|-sidestart|p2: shiawasenostory|move: Stealth Rock
|
|upkeep
|turn|293
|
|t:|1668145212
|move|p2a: Ditto|Toxic|p1a: thicc
|-status|p1a: thicc|tox
|move|p1a: thicc|Seismic Toss|p2a: Ditto
|-damage|p2a: Ditto|67/100
|
|-damage|p1a: thicc|84/100 tox|[from] psn
|upkeep
|turn|294
|
|t:|1668145213
|move|p1a: thicc|Seismic Toss|p2a: Ditto
|-damage|p2a: Ditto|34/100
|move|p2a: Ditto|Soft-Boiled|p2a: Ditto
|-heal|p2a: Ditto|84/100
|
|-damage|p1a: thicc|72/100 tox|[from] psn
|upkeep
|turn|295
|l| Anibunnysomoney
|
|t:|1668145217
|move|p1a: thicc|Toxic|p2a: Ditto
|-status|p2a: Ditto|tox
|move|p2a: Ditto|Soft-Boiled|p2a: Ditto
|-heal|p2a: Ditto|100/100 tox
|
|-damage|p1a: thicc|54/100 tox|[from] psn
|-damage|p2a: Ditto|94/100 tox|[from] psn
|upkeep
|turn|296
|
|t:|1668145219
|-curestatus|p2a: Ditto|tox|[from] ability: Natural Cure
|switch|p2a: Blissey|Blissey, F|94/100
|-damage|p2a: Blissey|82/100|[from] Stealth Rock
|move|p1a: thicc|Soft-Boiled|p1a: thicc
|-heal|p1a: thicc|100/100 tox
|
|-damage|p1a: thicc|76/100 tox|[from] psn
|upkeep
|turn|297
|
|t:|1668145223
|move|p1a: thicc|Toxic|p2a: Blissey
|-status|p2a: Blissey|tox
|move|p2a: Blissey|Seismic Toss|p1a: thicc
|-damage|p1a: thicc|62/100 tox
|
|-damage|p1a: thicc|31/100 tox|[from] psn
|-damage|p2a: Blissey|76/100 tox|[from] psn
|upkeep
|turn|298
|
|t:|1668145227
|move|p1a: thicc|Soft-Boiled|p1a: thicc
|-heal|p1a: thicc|81/100 tox
|move|p2a: Blissey|Seismic Toss|p1a: thicc
|-damage|p1a: thicc|67/100 tox
|
|-damage|p1a: thicc|30/100 tox|[from] psn
|-damage|p2a: Blissey|63/100 tox|[from] psn
|upkeep
|turn|299
|
|t:|1668145229
|-curestatus|p2a: Blissey|tox|[from] ability: Natural Cure
|switch|p2a: Toxapex|Toxapex, M|100/100
|-damage|p2a: Toxapex|88/100|[from] Stealth Rock
|move|p1a: thicc|Soft-Boiled|p1a: thicc
|-heal|p1a: thicc|80/100 tox
|
|-damage|p1a: thicc|37/100 tox|[from] psn
|upkeep
|turn|300
|
|t:|1668145234
|-curestatus|p1a: thicc|tox|[from] ability: Natural Cure
|switch|p1a: ;)|Toxapex, F|100/100
|-damage|p1a: ;)|88/100|[from] Stealth Rock
|move|p2a: Toxapex|Knock Off|p1a: ;)
|-damage|p1a: ;)|82/100
|
|upkeep
|turn|301
|
|t:|1668145239
|switch|p1a: thicc|Blissey, F|37/100
|-damage|p1a: thicc|24/100|[from] Stealth Rock
|switch|p2a: Ditto|Ditto, shiny|94/100
|-damage|p2a: Ditto|82/100|[from] Stealth Rock
|-transform|p2a: Ditto|p1a: thicc|[from] ability: Imposter
|
|upkeep
|turn|302
|
|t:|1668145241
|move|p2a: Ditto|Seismic Toss|p1a: thicc
|-damage|p1a: thicc|10/100
|move|p1a: thicc|Soft-Boiled|p1a: thicc
|-heal|p1a: thicc|60/100
|
|upkeep
|turn|303
|
|t:|1668145244
|move|p2a: Ditto|Toxic|p1a: thicc
|-status|p1a: thicc|tox
|move|p1a: thicc|Soft-Boiled|p1a: thicc
|-heal|p1a: thicc|100/100 tox
|
|-damage|p1a: thicc|94/100 tox|[from] psn
|upkeep
|turn|304
|
|t:|1668145247
|switch|p2a: Skarmory|Skarmory, M|97/100
|-damage|p2a: Skarmory|85/100|[from] Stealth Rock
|move|p1a: thicc|Toxic|p2a: Skarmory
|-immune|p2a: Skarmory
|
|-heal|p2a: Skarmory|91/100|[from] item: Leftovers
|-damage|p1a: thicc|82/100 tox|[from] psn
|upkeep
|turn|305
|
|t:|1668145249
|-curestatus|p1a: thicc|tox|[from] ability: Natural Cure
|switch|p1a: Caw Bitch|Corviknight, M|94/100
|-damage|p1a: Caw Bitch|82/100|[from] Stealth Rock
|-ability|p1a: Caw Bitch|Pressure
|move|p2a: Skarmory|Spikes|p1a: Caw Bitch
|-sidestart|p1: Cowsrule247|Spikes
|
|-heal|p2a: Skarmory|97/100|[from] item: Leftovers
|upkeep
|turn|306
|j| Anibunnysomoney
|
|t:|1668145253
|switch|p2a: Ditto|Ditto, shiny|82/100
|-damage|p2a: Ditto|70/100|[from] Stealth Rock
|-transform|p2a: Ditto|p1a: Caw Bitch|[from] ability: Imposter
|-ability|p2a: Ditto|Pressure
|move|p1a: Caw Bitch|Iron Defense|p1a: Caw Bitch
|-boost|p1a: Caw Bitch|def|2
|
|upkeep
|turn|307
|
|t:|1668145257
|move|p1a: Caw Bitch|Iron Defense|p1a: Caw Bitch
|-boost|p1a: Caw Bitch|def|2
|move|p2a: Ditto|Roost|p2a: Ditto
|-heal|p2a: Ditto|100/100
|-singleturn|p2a: Ditto|move: Roost
|
|upkeep
|turn|308
|
|t:|1668145259
|switch|p2a: Shedinja|Shedinja|100/100
|move|p1a: Caw Bitch|Body Press|p2a: Shedinja
|-immune|p2a: Shedinja|[from] ability: Wonder Guard
|
|upkeep
|turn|309
|
|t:|1668145261
|move|p2a: Shedinja|Will-O-Wisp|p1a: Caw Bitch
|-status|p1a: Caw Bitch|brn
|move|p1a: Caw Bitch|Defog|p2a: Shedinja
|-unboost|p2a: Shedinja|evasion|1
|-sideend|p2: shiawasenostory|Stealth Rock|[from] move: Defog|[of] p1a: Caw Bitch
|-sideend|p1: Cowsrule247|Spikes|[from] move: Defog|[of] p1a: Caw Bitch
|-sideend|p1: Cowsrule247|Stealth Rock|[from] move: Defog|[of] p1a: Caw Bitch
|
|-damage|p1a: Caw Bitch|75/100 brn|[from] brn
|upkeep
|turn|310
|
|t:|1668145265
|switch|p2a: Ditto|Ditto, shiny|100/100
|-transform|p2a: Ditto|p1a: Caw Bitch|[from] ability: Imposter
|-ability|p2a: Ditto|Pressure
|switch|p1a: Treble|Clefable, F|65/100 tox
|
|-damage|p1a: Treble|59/100 tox|[from] psn
|upkeep
|turn|311
|
|t:|1668145268
|move|p2a: Ditto|Body Press|p1a: Treble
|-resisted|p1a: Treble
|-damage|p1a: Treble|48/100 tox
|move|p1a: Treble|Heal Bell|p1a: Treble
|-activate|p1a: Treble|move: Heal Bell
|-curestatus|p1a: Treble|tox|[msg]
|-curestatus|p1: Caw Bitch|brn|[msg]
|
|upkeep
|turn|312
|
|t:|1668145273
|move|p2a: Ditto|Body Press|p1a: Treble
|-resisted|p1a: Treble
|-damage|p1a: Treble|38/100
|move|p1a: Treble|Wish|p1a: Treble
|
|upkeep
|turn|313
|
|t:|1668145276
|move|p2a: Ditto|Body Press|p1a: Treble
|-resisted|p1a: Treble
|-damage|p1a: Treble|27/100
|move|p1a: Treble|Moonblast|p2a: Ditto
|-resisted|p2a: Ditto
|-damage|p2a: Ditto|80/100
|
|-heal|p1a: Treble|77/100|[from] move: Wish|[wisher] Treble
|upkeep
|turn|314
|
|t:|1668145280
|switch|p2a: Toxapex|Toxapex, M|100/100
|move|p1a: Treble|Wish|p1a: Treble
|
|upkeep
|turn|315
|
|t:|1668145283
|switch|p1a: HitEmFromTheEast|Gastrodon-East, M|50/100
|move|p2a: Toxapex|Toxic|p1a: HitEmFromTheEast
|-status|p1a: HitEmFromTheEast|tox
|
|-heal|p1a: HitEmFromTheEast|96/100 tox|[from] move: Wish|[wisher] Treble
|-heal|p1a: HitEmFromTheEast|100/100 tox|[from] item: Leftovers
|-damage|p1a: HitEmFromTheEast|94/100 tox|[from] psn
|upkeep
|turn|316
|
|t:|1668145292
|switch|p1a: ;)|Toxapex, F|100/100
|move|p2a: Toxapex|Knock Off|p1a: ;)
|-damage|p1a: ;)|95/100
|
|upkeep
|turn|317
|
|t:|1668145295
|switch|p1a: HitEmFromTheEast|Gastrodon-East, M|94/100 tox
|switch|p2a: Ditto|Ditto, shiny|80/100
|-transform|p2a: Ditto|p1a: HitEmFromTheEast|[from] ability: Imposter
|
|-heal|p1a: HitEmFromTheEast|100/100 tox|[from] item: Leftovers
|-damage|p1a: HitEmFromTheEast|94/100 tox|[from] psn
|upkeep
|turn|318
|
|t:|1668145299
|switch|p2a: Blissey|Blissey, F|63/100
|switch|p1a: ;)|Toxapex, F|100/100
|
|upkeep
|turn|319
|
|t:|1668145304
|switch|p1a: Caw Bitch|Corviknight, M|75/100
|-ability|p1a: Caw Bitch|Pressure
|move|p2a: Blissey|Stealth Rock|p1a: Caw Bitch
|-sidestart|p1: Cowsrule247|move: Stealth Rock
|
|upkeep
|turn|320
|
|t:|1668145308
|switch|p2a: Ditto|Ditto, shiny|80/100
|-transform|p2a: Ditto|p1a: Caw Bitch|[from] ability: Imposter
|-ability|p2a: Ditto|Pressure
|move|p1a: Caw Bitch|Defog|p2a: Ditto
|-unboost|p2a: Ditto|evasion|1
|-sideend|p1: Cowsrule247|Stealth Rock|[from] move: Defog|[of] p1a: Caw Bitch
|
|upkeep
|turn|321
|
|t:|1668145314
|switch|p1a: ;)|Toxapex, F|100/100
|switch|p2a: Skarmory|Skarmory, M|97/100
|
|-heal|p2a: Skarmory|100/100|[from] item: Leftovers
|upkeep
|turn|322
|
|t:|1668145316
|switch|p2a: Blissey|Blissey, F|63/100
|move|p1a: ;)|Scald|p2a: Blissey
|-damage|p2a: Blissey|57/100
|
|upkeep
|turn|323
|
|t:|1668145321
|switch|p1a: SWOLE|Buzzwole, shiny|64/100
|move|p2a: Blissey|Stealth Rock|p1a: SWOLE
|-sidestart|p1: Cowsrule247|move: Stealth Rock
|
|upkeep
|turn|324
|
|t:|1668145326
|switch|p2a: Shedinja|Shedinja|100/100
|move|p1a: SWOLE|Ice Punch|p2a: Shedinja
|-immune|p2a: Shedinja|[from] ability: Wonder Guard
|
|upkeep
|turn|325
|
|t:|1668145330
|move|p1a: SWOLE|Ice Punch|p2a: Shedinja
|-immune|p2a: Shedinja|[from] ability: Wonder Guard
|move|p2a: Shedinja|Will-O-Wisp|p1a: SWOLE
|-status|p1a: SWOLE|brn
|
|-damage|p1a: SWOLE|57/100 brn|[from] brn
|upkeep
|turn|326
|
|t:|1668145334
|switch|p2a: Toxapex|Toxapex, M|100/100
|move|p1a: SWOLE|Roost|p1a: SWOLE
|-heal|p1a: SWOLE|100/100 brn
|-singleturn|p1a: SWOLE|move: Roost
|
|-damage|p1a: SWOLE|94/100 brn|[from] brn
|upkeep
|turn|327
|
|t:|1668145337
|switch|p1a: ;)|Toxapex, F|100/100
|-damage|p1a: ;)|88/100|[from] Stealth Rock
|switch|p2a: Skarmory|Skarmory, M|100/100
|
|upkeep
|turn|328
|
|t:|1668145345
|switch|p2a: Ditto|Ditto, shiny|80/100
|-transform|p2a: Ditto|p1a: ;)|[from] ability: Imposter
|switch|p1a: SWOLE|Buzzwole, shiny|94/100 brn
|-damage|p1a: SWOLE|82/100 brn|[from] Stealth Rock
|
|-damage|p1a: SWOLE|76/100 brn|[from] brn
|upkeep
|turn|329
|
|t:|1668145352
|switch|p1a: Caw Bitch|Corviknight, M|75/100
|-damage|p1a: Caw Bitch|63/100|[from] Stealth Rock
|-ability|p1a: Caw Bitch|Pressure
|switch|p2a: Skarmory|Skarmory, M|100/100
|
|upkeep
|turn|330
|
|t:|1668145356
|switch|p1a: HitEmFromTheEast|Gastrodon-East, M|94/100 tox
|-damage|p1a: HitEmFromTheEast|88/100 tox|[from] Stealth Rock
|move|p2a: Skarmory|Spikes|p1a: HitEmFromTheEast
|-sidestart|p1: Cowsrule247|Spikes
|
|-heal|p1a: HitEmFromTheEast|94/100 tox|[from] item: Leftovers
|-damage|p1a: HitEmFromTheEast|88/100 tox|[from] psn
|upkeep
|turn|331
|
|t:|1668145361
|switch|p2a: Toxapex|Toxapex, M|100/100
|switch|p1a: ;)|Toxapex, F|100/100
|-damage|p1a: ;)|88/100|[from] Stealth Rock
|-damage|p1a: ;)|75/100|[from] Spikes
|
|upkeep
|turn|332
|
|t:|1668145366
|switch|p1a: HitEmFromTheEast|Gastrodon-East, M|88/100 tox
|-damage|p1a: HitEmFromTheEast|82/100 tox|[from] Stealth Rock
|-damage|p1a: HitEmFromTheEast|70/100 tox|[from] Spikes
|move|p2a: Toxapex|Knock Off|p1a: HitEmFromTheEast
|-damage|p1a: HitEmFromTheEast|53/100 tox
|-activate|p1a: HitEmFromTheEast|ability: Sticky Hold
|
|-heal|p1a: HitEmFromTheEast|59/100 tox|[from] item: Leftovers
|-damage|p1a: HitEmFromTheEast|53/100 tox|[from] psn
|upkeep
|turn|333
|
|t:|1668145369
|move|p1a: HitEmFromTheEast|Recover|p1a: HitEmFromTheEast
|-heal|p1a: HitEmFromTheEast|100/100 tox
|move|p2a: Toxapex|Knock Off|p1a: HitEmFromTheEast
|-damage|p1a: HitEmFromTheEast|85/100 tox
|-activate|p1a: HitEmFromTheEast|ability: Sticky Hold
|
|-heal|p1a: HitEmFromTheEast|91/100 tox|[from] item: Leftovers
|-damage|p1a: HitEmFromTheEast|79/100 tox|[from] psn
|upkeep
|turn|334
|
|t:|1668145374
|switch|p1a: ;)|Toxapex, F|100/100
|-damage|p1a: ;)|88/100|[from] Stealth Rock
|-damage|p1a: ;)|75/100|[from] Spikes
|move|p2a: Toxapex|Scald|p1a: ;)
|-resisted|p1a: ;)
|-damage|p1a: ;)|69/100
|
|upkeep
|turn|335
|
|t:|1668145376
|switch|p1a: Caw Bitch|Corviknight, M|63/100
|-damage|p1a: Caw Bitch|50/100|[from] Stealth Rock
|-ability|p1a: Caw Bitch|Pressure
|move|p2a: Toxapex|Scald|p1a: Caw Bitch
|-damage|p1a: Caw Bitch|37/100
|
|upkeep
|turn|336
|
|t:|1668145380
|switch|p2a: Skarmory|Skarmory, M|100/100
|move|p1a: Caw Bitch|Roost|p1a: Caw Bitch
|-heal|p1a: Caw Bitch|87/100
|-singleturn|p1a: Caw Bitch|move: Roost
|
|upkeep
|turn|337
|
|t:|1668145383
|move|p2a: Skarmory|Spikes|p1a: Caw Bitch
|-sidestart|p1: Cowsrule247|Spikes
|move|p1a: Caw Bitch|Iron Defense|p1a: Caw Bitch
|-boost|p1a: Caw Bitch|def|2
|
|upkeep
|turn|338
|
|t:|1668145388
|move|p1a: Caw Bitch|Defog|p2a: Skarmory
|-unboost|p2a: Skarmory|evasion|1
|-sideend|p1: Cowsrule247|Spikes|[from] move: Defog|[of] p1a: Caw Bitch
|-sideend|p1: Cowsrule247|Stealth Rock|[from] move: Defog|[of] p1a: Caw Bitch
|move|p2a: Skarmory|Whirlwind|p1a: Caw Bitch
|drag|p1a: thicc|Blissey, F|82/100
|
|upkeep
|turn|339
|
|t:|1668145394
|move|p2a: Skarmory|Spikes|p1a: thicc
|-sidestart|p1: Cowsrule247|Spikes
|move|p1a: thicc|Seismic Toss|p2a: Skarmory
|-damage|p2a: Skarmory|66/100
|
|-heal|p2a: Skarmory|72/100|[from] item: Leftovers
|upkeep
|turn|340
|
|t:|1668145399
|move|p2a: Skarmory|Spikes|p1a: thicc
|-sidestart|p1: Cowsrule247|Spikes
|move|p1a: thicc|Stealth Rock|p2a: Skarmory
|-sidestart|p2: shiawasenostory|move: Stealth Rock
|
|-heal|p2a: Skarmory|78/100|[from] item: Leftovers
|upkeep
|turn|341
|
|t:|1668145400
|move|p2a: Skarmory|Spikes|p1a: thicc
|-sidestart|p1: Cowsrule247|Spikes
|move|p1a: thicc|Seismic Toss|p2a: Skarmory
|-damage|p2a: Skarmory|44/100
|
|-heal|p2a: Skarmory|50/100|[from] item: Leftovers
|upkeep
|turn|342
|
|t:|1668145403
|move|p2a: Skarmory|Roost|p2a: Skarmory
|-heal|p2a: Skarmory|99/100
|-singleturn|p2a: Skarmory|move: Roost
|move|p1a: thicc|Seismic Toss|p2a: Skarmory
|-damage|p2a: Skarmory|66/100
|
|-heal|p2a: Skarmory|72/100|[from] item: Leftovers
|upkeep
|turn|343
|
|t:|1668145405
|move|p2a: Skarmory|Body Press|p1a: thicc
|-supereffective|p1a: thicc
|-damage|p1a: thicc|34/100
|move|p1a: thicc|Seismic Toss|p2a: Skarmory
|-damage|p2a: Skarmory|37/100
|
|-heal|p2a: Skarmory|43/100|[from] item: Leftovers
|upkeep
|turn|344
|
|t:|1668145408
|move|p2a: Skarmory|Roost|p2a: Skarmory
|-heal|p2a: Skarmory|94/100
|-singleturn|p2a: Skarmory|move: Roost
|move|p1a: thicc|Soft-Boiled|p1a: thicc
|-heal|p1a: thicc|84/100
|
|-heal|p2a: Skarmory|99/100|[from] item: Leftovers
|upkeep
|turn|345
|
|t:|1668145410
|move|p2a: Skarmory|Body Press|p1a: thicc
|-supereffective|p1a: thicc
|-damage|p1a: thicc|36/100
|move|p1a: thicc|Seismic Toss|p2a: Skarmory
|-damage|p2a: Skarmory|65/100
|
|-heal|p2a: Skarmory|71/100|[from] item: Leftovers
|upkeep
|turn|346
|
|t:|1668145412
|move|p2a: Skarmory|Body Press|p1a: thicc
|-supereffective|p1a: thicc
|-damage|p1a: thicc|0 fnt
|faint|p1a: thicc
|
|-heal|p2a: Skarmory|78/100|[from] item: Leftovers
|upkeep
|
|t:|1668145416
|switch|p1a: SWOLE|Buzzwole, shiny|76/100 brn
|-damage|p1a: SWOLE|51/100 brn|[from] Spikes
|turn|347
|
|t:|1668145418
|move|p2a: Skarmory|Roost|p2a: Skarmory
|-heal|p2a: Skarmory|100/100
|-singleturn|p2a: Skarmory|move: Roost
|move|p1a: SWOLE|Close Combat|p2a: Skarmory
|-supereffective|p2a: Skarmory
|-damage|p2a: Skarmory|54/100
|-unboost|p1a: SWOLE|def|1
|-unboost|p1a: SWOLE|spd|1
|
|-heal|p2a: Skarmory|61/100|[from] item: Leftovers
|-damage|p1a: SWOLE|45/100 brn|[from] brn
|upkeep
|turn|348
|
|t:|1668145422
|move|p2a: Skarmory|Roost|p2a: Skarmory
|-heal|p2a: Skarmory|100/100
|-singleturn|p2a: Skarmory|move: Roost
|move|p1a: SWOLE|Close Combat|p2a: Skarmory
|-supereffective|p2a: Skarmory
|-damage|p2a: Skarmory|51/100
|-unboost|p1a: SWOLE|def|1
|-unboost|p1a: SWOLE|spd|1
|
|-heal|p2a: Skarmory|58/100|[from] item: Leftovers
|-damage|p1a: SWOLE|38/100 brn|[from] brn
|upkeep
|turn|349
|c| Anibunnysomoney|Ohhhhh shizzzzz
|
|t:|1668145425
|move|p2a: Skarmory|Roost|p2a: Skarmory
|-heal|p2a: Skarmory|100/100
|-singleturn|p2a: Skarmory|move: Roost
|move|p1a: SWOLE|Close Combat|p2a: Skarmory
|-supereffective|p2a: Skarmory
|-damage|p2a: Skarmory|58/100
|-unboost|p1a: SWOLE|def|1
|-unboost|p1a: SWOLE|spd|1
|
|-heal|p2a: Skarmory|64/100|[from] item: Leftovers
|-damage|p1a: SWOLE|32/100 brn|[from] brn
|upkeep
|turn|350
|
|t:|1668145427
|move|p2a: Skarmory|Roost|p2a: Skarmory
|-heal|p2a: Skarmory|100/100
|-singleturn|p2a: Skarmory|move: Roost
|move|p1a: SWOLE|Close Combat|p2a: Skarmory
|-supereffective|p2a: Skarmory
|-damage|p2a: Skarmory|57/100
|-unboost|p1a: SWOLE|def|1
|-unboost|p1a: SWOLE|spd|1
|
|-heal|p2a: Skarmory|63/100|[from] item: Leftovers
|-damage|p1a: SWOLE|26/100 brn|[from] brn
|upkeep
|turn|351
|c|☆shiawasenostory|gg
|c| Anibunnysomoney|We got action
|
|t:|1668145432
|move|p2a: Skarmory|Roost|p2a: Skarmory
|-heal|p2a: Skarmory|100/100
|-singleturn|p2a: Skarmory|move: Roost
|move|p1a: SWOLE|Close Combat|p2a: Skarmory
|-supereffective|p2a: Skarmory
|-damage|p2a: Skarmory|52/100
|-unboost|p1a: SWOLE|def|1
|-unboost|p1a: SWOLE|spd|1
|
|-heal|p2a: Skarmory|58/100|[from] item: Leftovers
|-damage|p1a: SWOLE|20/100 brn|[from] brn
|upkeep
|turn|352
|
|t:|1668145435
|move|p2a: Skarmory|Roost|p2a: Skarmory
|-heal|p2a: Skarmory|100/100
|-singleturn|p2a: Skarmory|move: Roost
|move|p1a: SWOLE|Roost|p1a: SWOLE
|-heal|p1a: SWOLE|70/100 brn
|-singleturn|p1a: SWOLE|move: Roost
|
|-damage|p1a: SWOLE|63/100 brn|[from] brn
|upkeep
|turn|353
|
|t:|1668145438
|move|p1a: SWOLE|Close Combat|p2a: Skarmory
|-damage|p2a: Skarmory|78/100
|-unboost|p1a: SWOLE|def|1
|-unboost|p1a: SWOLE|spd|1
|move|p2a: Skarmory|Whirlwind|p1a: SWOLE
|drag|p1a: HitEmFromTheEast|Gastrodon-East, M|79/100 tox
|-damage|p1a: HitEmFromTheEast|54/100 tox|[from] Spikes
|
|-heal|p2a: Skarmory|84/100|[from] item: Leftovers
|-heal|p1a: HitEmFromTheEast|60/100 tox|[from] item: Leftovers
|-damage|p1a: HitEmFromTheEast|54/100 tox|[from] psn
|upkeep
|turn|354
|
|t:|1668145443
|switch|p2a: Blissey|Blissey, F|57/100
|-damage|p2a: Blissey|44/100|[from] Stealth Rock
|move|p1a: HitEmFromTheEast|Scald|p2a: Blissey
|-damage|p2a: Blissey|34/100
|
|-heal|p1a: HitEmFromTheEast|60/100 tox|[from] item: Leftovers
|-damage|p1a: HitEmFromTheEast|48/100 tox|[from] psn
|upkeep
|turn|355
|
|t:|1668145446
|move|p2a: Blissey|Soft-Boiled|p2a: Blissey
|-heal|p2a: Blissey|84/100
|move|p1a: HitEmFromTheEast|Recover|p1a: HitEmFromTheEast
|-heal|p1a: HitEmFromTheEast|98/100 tox
|
|-heal|p1a: HitEmFromTheEast|100/100 tox|[from] item: Leftovers
|-damage|p1a: HitEmFromTheEast|82/100 tox|[from] psn
|upkeep
|turn|356
|
|t:|1668145448
|switch|p1a: ;)|Toxapex, F|100/100
|-damage|p1a: ;)|75/100|[from] Spikes
|move|p2a: Blissey|Stealth Rock|p1a: ;)
|-sidestart|p1: Cowsrule247|move: Stealth Rock
|
|upkeep
|turn|357
|
|t:|1668145451
|move|p2a: Blissey|Seismic Toss|p1a: ;)
|-damage|p1a: ;)|43/100
|move|p1a: ;)|Knock Off|p2a: Blissey
|-damage|p2a: Blissey|76/100
|
|upkeep
|turn|358
|
|t:|1668145454
|switch|p1a: HitEmFromTheEast|Gastrodon-East, M|82/100 tox
|-damage|p1a: HitEmFromTheEast|57/100 tox|[from] Spikes
|-damage|p1a: HitEmFromTheEast|51/100 tox|[from] Stealth Rock
|move|p2a: Blissey|Seismic Toss|p1a: HitEmFromTheEast
|-damage|p1a: HitEmFromTheEast|28/100 tox
|
|-heal|p1a: HitEmFromTheEast|34/100 tox|[from] item: Leftovers
|-damage|p1a: HitEmFromTheEast|28/100 tox|[from] psn
|upkeep
|turn|359
|
|t:|1668145455
|move|p2a: Blissey|Seismic Toss|p1a: HitEmFromTheEast
|-damage|p1a: HitEmFromTheEast|4/100 tox
|move|p1a: HitEmFromTheEast|Earthquake|p2a: Blissey
|-damage|p2a: Blissey|51/100
|
|-heal|p1a: HitEmFromTheEast|10/100 tox|[from] item: Leftovers
|-damage|p1a: HitEmFromTheEast|0 fnt|[from] psn
|faint|p1a: HitEmFromTheEast
|upkeep
|
|t:|1668145458
|switch|p1a: SWOLE|Buzzwole, shiny|63/100 brn
|-damage|p1a: SWOLE|39/100 brn|[from] Spikes
|-damage|p1a: SWOLE|26/100 brn|[from] Stealth Rock
|turn|360
|
|t:|1668145461
|switch|p2a: Toxapex|Toxapex, M|100/100
|-damage|p2a: Toxapex|88/100|[from] Stealth Rock
|move|p1a: SWOLE|Roost|p1a: SWOLE
|-heal|p1a: SWOLE|76/100 brn
|-singleturn|p1a: SWOLE|move: Roost
|
|-damage|p1a: SWOLE|70/100 brn|[from] brn
|upkeep
|turn|361
|
|t:|1668145463
|switch|p1a: ;)|Toxapex, F|76/100
|-damage|p1a: ;)|51/100|[from] Spikes
|-damage|p1a: ;)|38/100|[from] Stealth Rock
|move|p2a: Toxapex|Knock Off|p1a: ;)
|-damage|p1a: ;)|32/100
|
|upkeep
|turn|362
|
|t:|1668145466
|move|p2a: Toxapex|Knock Off|p1a: ;)
|-damage|p1a: ;)|26/100
|move|p1a: ;)|Recover|p1a: ;)
|-heal|p1a: ;)|76/100
|
|upkeep
|turn|363
|
|t:|1668145469
|switch|p1a: Caw Bitch|Corviknight, M|87/100
|-damage|p1a: Caw Bitch|74/100|[from] Stealth Rock
|-ability|p1a: Caw Bitch|Pressure
|move|p2a: Toxapex|Scald|p1a: Caw Bitch
|-damage|p1a: Caw Bitch|60/100
|
|upkeep
|turn|364
|
|t:|1668145473
|switch|p2a: Shedinja|Shedinja|100/100
|move|p1a: Caw Bitch|Iron Defense|p1a: Caw Bitch
|-boost|p1a: Caw Bitch|def|2
|
|upkeep
|turn|365
|
|t:|1668145475
|move|p2a: Shedinja|Will-O-Wisp|p1a: Caw Bitch|[miss]
|-miss|p2a: Shedinja|p1a: Caw Bitch
|move|p1a: Caw Bitch|Iron Defense|p1a: Caw Bitch
|-boost|p1a: Caw Bitch|def|2
|
|upkeep
|turn|366
|
|t:|1668145477
|move|p2a: Shedinja|Will-O-Wisp|p1a: Caw Bitch|[miss]
|-miss|p2a: Shedinja|p1a: Caw Bitch
|move|p1a: Caw Bitch|Iron Defense|p1a: Caw Bitch
|-boost|p1a: Caw Bitch|def|2
|
|upkeep
|turn|367
|
|t:|1668145480
|switch|p1a: SWOLE|Buzzwole, shiny|70/100 brn
|-damage|p1a: SWOLE|45/100 brn|[from] Spikes
|-damage|p1a: SWOLE|33/100 brn|[from] Stealth Rock
|move|p2a: Shedinja|Will-O-Wisp|p1a: SWOLE
|-fail|p1a: SWOLE|brn
|
|-damage|p1a: SWOLE|26/100 brn|[from] brn
|upkeep
|turn|368
|
|t:|1668145483
|move|p2a: Shedinja|Shadow Sneak|p1a: SWOLE
|-damage|p1a: SWOLE|16/100 brn
|move|p1a: SWOLE|Roost|p1a: SWOLE
|-heal|p1a: SWOLE|66/100 brn
|-singleturn|p1a: SWOLE|move: Roost
|
|-damage|p1a: SWOLE|60/100 brn|[from] brn
|upkeep
|turn|369
|
|t:|1668145487
|move|p2a: Shedinja|Shadow Sneak|p1a: SWOLE
|-damage|p1a: SWOLE|51/100 brn
|move|p1a: SWOLE|Roost|p1a: SWOLE
|-heal|p1a: SWOLE|100/100 brn
|-singleturn|p1a: SWOLE|move: Roost
|
|-damage|p1a: SWOLE|94/100 brn|[from] brn
|upkeep
|turn|370
|
|t:|1668145492
|move|p2a: Shedinja|Shadow Sneak|p1a: SWOLE
|-crit|p1a: SWOLE
|-damage|p1a: SWOLE|80/100 brn
|move|p1a: SWOLE|Ice Punch|p2a: Shedinja
|-immune|p2a: Shedinja|[from] ability: Wonder Guard
|
|-damage|p1a: SWOLE|73/100 brn|[from] brn
|upkeep
|turn|371
|
|t:|1668145495
|switch|p2a: Skarmory|Skarmory, M|84/100
|-damage|p2a: Skarmory|72/100|[from] Stealth Rock
|move|p1a: SWOLE|Ice Punch|p2a: Skarmory
|-damage|p2a: Skarmory|62/100
|
|-heal|p2a: Skarmory|68/100|[from] item: Leftovers
|-damage|p1a: SWOLE|67/100 brn|[from] brn
|upkeep
|turn|372
|
|t:|1668145498
|move|p1a: SWOLE|Ice Punch|p2a: Skarmory
|-damage|p2a: Skarmory|58/100
|move|p2a: Skarmory|Whirlwind|p1a: SWOLE
|drag|p1a: ;)|Toxapex, F|100/100
|-damage|p1a: ;)|75/100|[from] Spikes
|-damage|p1a: ;)|63/100|[from] Stealth Rock
|
|-heal|p2a: Skarmory|64/100|[from] item: Leftovers
|upkeep
|turn|373
|
|t:|1668145505
|switch|p2a: Toxapex|Toxapex, M|100/100
|-damage|p2a: Toxapex|88/100|[from] Stealth Rock
|move|p1a: ;)|Scald|p2a: Toxapex
|-resisted|p2a: Toxapex
|-damage|p2a: Toxapex|82/100
|-status|p2a: Toxapex|brn
|
|-damage|p2a: Toxapex|75/100 brn|[from] brn
|upkeep
|turn|374
|
|t:|1668145511
|switch|p1a: Treble|Clefable, F|77/100
|-damage|p1a: Treble|52/100|[from] Spikes
|-damage|p1a: Treble|40/100|[from] Stealth Rock
|switch|p2a: Ditto|Ditto, shiny|100/100
|-damage|p2a: Ditto|88/100|[from] Stealth Rock
|-transform|p2a: Ditto|p1a: Treble|[from] ability: Imposter
|
|upkeep
|turn|375
|c| BabyPigsAreLaughin|Yeah, it's over.
|
|t:|1668145514
|move|p2a: Ditto|Heal Bell|p2a: Ditto
|-activate|p2a: Ditto|move: Heal Bell
|-curestatus|p2: Toxapex|brn|[msg]
|move|p1a: Treble|Wish|p1a: Treble
|
|upkeep
|turn|376
|
|t:|1668145519
|switch|p2a: Blissey|Blissey, F|51/100
|-damage|p2a: Blissey|39/100|[from] Stealth Rock
|move|p1a: Treble|Moonblast|p2a: Blissey
|-crit|p2a: Blissey
|-damage|p2a: Blissey|23/100
|
|-heal|p1a: Treble|90/100|[from] move: Wish|[wisher] Treble
|upkeep
|turn|377
|
|t:|1668145521
|move|p1a: Treble|Moonblast|p2a: Blissey
|-damage|p2a: Blissey|12/100
|-unboost|p2a: Blissey|spa|1
|move|p2a: Blissey|Soft-Boiled|p2a: Blissey
|-heal|p2a: Blissey|62/100
|
|upkeep
|turn|378
|
|t:|1668145524
|move|p1a: Treble|Moonblast|p2a: Blissey
|-damage|p2a: Blissey|50/100
|move|p2a: Blissey|Soft-Boiled|p2a: Blissey
|-heal|p2a: Blissey|99/100
|
|upkeep
|turn|379
|c| Anibunnysomoney|Ditto diff
|
|t:|1668145529
|switch|p1a: SWOLE|Buzzwole, shiny|67/100 brn
|-damage|p1a: SWOLE|42/100 brn|[from] Spikes
|-damage|p1a: SWOLE|30/100 brn|[from] Stealth Rock
|move|p2a: Blissey|Seismic Toss|p1a: SWOLE
|-damage|p1a: SWOLE|6/100 brn
|
|-damage|p1a: SWOLE|0 fnt|[from] brn
|faint|p1a: SWOLE
|upkeep
|
|t:|1668145532
|switch|p1a: ;)|Toxapex, F|96/100
|-damage|p1a: ;)|71/100|[from] Spikes
|-damage|p1a: ;)|59/100|[from] Stealth Rock
|turn|380
|c| Anibunnysomoney|infinite PP hack
|
|t:|1668145535
|switch|p1a: Caw Bitch|Corviknight, M|60/100
|-damage|p1a: Caw Bitch|47/100|[from] Stealth Rock
|-ability|p1a: Caw Bitch|Pressure
|move|p2a: Blissey|Seismic Toss|p1a: Caw Bitch
|-damage|p1a: Caw Bitch|22/100
|
|upkeep
|turn|381
|
|t:|1668145539
|switch|p2a: Shedinja|Shedinja|100/100
|move|p1a: Caw Bitch|Roost|p1a: Caw Bitch
|-heal|p1a: Caw Bitch|72/100
|-singleturn|p1a: Caw Bitch|move: Roost
|
|upkeep
|turn|382
|
|t:|1668145542
|move|p2a: Shedinja|Will-O-Wisp|p1a: Caw Bitch
|-status|p1a: Caw Bitch|brn
|move|p1a: Caw Bitch|Iron Defense|p1a: Caw Bitch
|-boost|p1a: Caw Bitch|def|2
|
|-damage|p1a: Caw Bitch|66/100 brn|[from] brn
|upkeep
|turn|383
|
|t:|1668145544
|switch|p2a: Quagsire|Quagsire, F|100/100
|move|p1a: Caw Bitch|Iron Defense|p1a: Caw Bitch
|-boost|p1a: Caw Bitch|def|2
|
|-damage|p1a: Caw Bitch|60/100 brn|[from] brn
|upkeep
|turn|384
|
|t:|1668145547
|move|p1a: Caw Bitch|Iron Defense|p1a: Caw Bitch
|-boost|p1a: Caw Bitch|def|2
|move|p2a: Quagsire|Scald|p1a: Caw Bitch
|-damage|p1a: Caw Bitch|43/100 brn
|
|-damage|p1a: Caw Bitch|37/100 brn|[from] brn
|upkeep
|turn|385
|
|t:|1668145548
|move|p1a: Caw Bitch|Roost|p1a: Caw Bitch
|-heal|p1a: Caw Bitch|87/100 brn
|-singleturn|p1a: Caw Bitch|move: Roost
|move|p2a: Quagsire|Scald|p1a: Caw Bitch
|-damage|p1a: Caw Bitch|69/100 brn
|
|-damage|p1a: Caw Bitch|62/100 brn|[from] brn
|upkeep
|turn|386
|
|t:|1668145551
|move|p1a: Caw Bitch|Roost|p1a: Caw Bitch
|-heal|p1a: Caw Bitch|100/100 brn
|-singleturn|p1a: Caw Bitch|move: Roost
|move|p2a: Quagsire|Earthquake|p1a: Caw Bitch
|-supereffective|p1a: Caw Bitch
|-damage|p1a: Caw Bitch|61/100 brn
|
|-damage|p1a: Caw Bitch|55/100 brn|[from] brn
|upkeep
|turn|387
|c| BabyPigsAreLaughin|Yeah, Ditto is ret@rded.
|
|t:|1668145553
|move|p1a: Caw Bitch|Roost|p1a: Caw Bitch
|-heal|p1a: Caw Bitch|100/100 brn
|-singleturn|p1a: Caw Bitch|move: Roost
|move|p2a: Quagsire|Earthquake|p1a: Caw Bitch
|-supereffective|p1a: Caw Bitch
|-damage|p1a: Caw Bitch|64/100 brn
|
|-damage|p1a: Caw Bitch|58/100 brn|[from] brn
|upkeep
|turn|388
|
|t:|1668145556
|move|p1a: Caw Bitch|Roost|p1a: Caw Bitch
|-heal|p1a: Caw Bitch|100/100 brn
|-singleturn|p1a: Caw Bitch|move: Roost
|move|p2a: Quagsire|Earthquake|p1a: Caw Bitch
|-supereffective|p1a: Caw Bitch
|-damage|p1a: Caw Bitch|62/100 brn
|
|-damage|p1a: Caw Bitch|56/100 brn|[from] brn
|upkeep
|turn|389
|
|t:|1668145559
|move|p1a: Caw Bitch|Iron Defense|p1a: Caw Bitch
|-boost|p1a: Caw Bitch|def|0
|move|p2a: Quagsire|Earthquake|p1a: Caw Bitch
|-immune|p1a: Caw Bitch
|
|-damage|p1a: Caw Bitch|50/100 brn|[from] brn
|upkeep
|turn|390
|c|☆shiawasenostory|ditto is my guy
|c|☆shiawasenostory|until it loses speedties
|c|☆shiawasenostory|then its a fraud
|c| BabyPigsAreLaughin|Is this about to be a 6-0?
|
|t:|1668145580
|move|p1a: Caw Bitch|Body Press|p2a: Quagsire
|-damage|p2a: Quagsire|92/100
|move|p2a: Quagsire|Scald|p1a: Caw Bitch
|-damage|p1a: Caw Bitch|33/100 brn
|
|-damage|p1a: Caw Bitch|26/100 brn|[from] brn
|upkeep
|turn|391
|
|t:|1668145585
|move|p1a: Caw Bitch|Body Press|p2a: Quagsire
|-damage|p2a: Quagsire|84/100
|move|p2a: Quagsire|Scald|p1a: Caw Bitch
|-damage|p1a: Caw Bitch|10/100 brn
|
|-damage|p1a: Caw Bitch|4/100 brn|[from] brn
|upkeep
|turn|392
|
|t:|1668145587
|move|p1a: Caw Bitch|Body Press|p2a: Quagsire
|-damage|p2a: Quagsire|75/100
|move|p2a: Quagsire|Recover|p2a: Quagsire
|-heal|p2a: Quagsire|100/100
|
|-damage|p1a: Caw Bitch|0 fnt|[from] brn
|faint|p1a: Caw Bitch
|upkeep
|
|t:|1668145590
|switch|p1a: Treble|Clefable, F|90/100
|-damage|p1a: Treble|65/100|[from] Spikes
|-damage|p1a: Treble|53/100|[from] Stealth Rock
|turn|393
|c| Anibunnysomoney|Of course it is lol who getting broken on there
|j| Pokemon Perfection
|
|t:|1668145595
|move|p1a: Treble|Wish|p1a: Treble
|move|p2a: Quagsire|Toxic|p1a: Treble|[miss]
|-miss|p2a: Quagsire|p1a: Treble
|
|upkeep
|turn|394
|
|t:|1668145597
|move|p1a: Treble|Moonblast|p2a: Quagsire
|-damage|p2a: Quagsire|64/100
|move|p2a: Quagsire|Scald|p1a: Treble
|-damage|p1a: Treble|36/100
|
|-heal|p1a: Treble|86/100|[from] move: Wish|[wisher] Treble
|upkeep
|turn|395
|
|t:|1668145600
|move|p1a: Treble|Moonblast|p2a: Quagsire
|-damage|p2a: Quagsire|29/100
|move|p2a: Quagsire|Toxic|p1a: Treble|[miss]
|-miss|p2a: Quagsire|p1a: Treble
|
|upkeep
|turn|396
|
|t:|1668145603
|switch|p2a: Shedinja|Shedinja|100/100
|move|p1a: Treble|Moonblast|p2a: Shedinja
|-immune|p2a: Shedinja|[from] ability: Wonder Guard
|
|upkeep
|turn|397
|
|t:|1668145605
|move|p2a: Shedinja|Toxic|p1a: Treble
|-status|p1a: Treble|tox
|move|p1a: Treble|Moonblast|p2a: Shedinja
|-immune|p2a: Shedinja|[from] ability: Wonder Guard
|
|-damage|p1a: Treble|79/100 tox|[from] psn
|upkeep
|turn|398
|
|t:|1668145608
|move|p2a: Shedinja|Shadow Sneak|p1a: Treble
|-damage|p1a: Treble|64/100 tox
|move|p1a: Treble|Moonblast|p2a: Shedinja
|-immune|p2a: Shedinja|[from] ability: Wonder Guard
|
|-damage|p1a: Treble|52/100 tox|[from] psn
|upkeep
|turn|399
|
|t:|1668145610
|switch|p1a: ;)|Toxapex, F|92/100
|-damage|p1a: ;)|67/100|[from] Spikes
|-damage|p1a: ;)|54/100|[from] Stealth Rock
|move|p2a: Shedinja|Shadow Sneak|p1a: ;)
|-damage|p1a: ;)|44/100
|
|upkeep
|turn|400
|
|t:|1668145614
|switch|p2a: Toxapex|Toxapex, M|100/100
|-damage|p2a: Toxapex|88/100|[from] Stealth Rock
|move|p1a: ;)|Recover|p1a: ;)
|-heal|p1a: ;)|94/100
|
|upkeep
|turn|401
|
|t:|1668145616
|switch|p1a: Treble|Clefable, F|52/100 tox
|-damage|p1a: Treble|27/100 tox|[from] Spikes
|-damage|p1a: Treble|15/100 tox|[from] Stealth Rock
|move|p2a: Toxapex|Scald|p1a: Treble
|-damage|p1a: Treble|2/100 tox
|
|-damage|p1a: Treble|0 fnt|[from] psn
|faint|p1a: Treble
|upkeep
|
|t:|1668145617
|switch|p1a: ;)|Toxapex, F|100/100
|-damage|p1a: ;)|75/100|[from] Spikes
|-damage|p1a: ;)|63/100|[from] Stealth Rock
|turn|402
|
|t:|1668145622
|move|p2a: Toxapex|Scald|p1a: ;)
|-resisted|p1a: ;)
|-damage|p1a: ;)|56/100
|-status|p1a: ;)|brn
|move|p1a: ;)|Knock Off|p2a: Toxapex
|-damage|p2a: Toxapex|85/100
|
|-damage|p1a: ;)|50/100 brn|[from] brn
|upkeep
|turn|403
|
|t:|1668145626
|switch|p2a: Blissey|Blissey, F|99/100
|-damage|p2a: Blissey|88/100|[from] Stealth Rock
|move|p1a: ;)|Scald|p2a: Blissey
|-damage|p2a: Blissey|81/100
|-status|p2a: Blissey|brn
|
|-damage|p2a: Blissey|75/100 brn|[from] brn
|-damage|p1a: ;)|43/100 brn|[from] brn
|upkeep
|turn|404
|
|t:|1668145629
|move|p2a: Blissey|Seismic Toss|p1a: ;)
|-damage|p1a: ;)|10/100 brn
|move|p1a: ;)|Knock Off|p2a: Blissey
|-damage|p2a: Blissey|70/100 brn
|
|-damage|p2a: Blissey|64/100 brn|[from] brn
|-damage|p1a: ;)|4/100 brn|[from] brn
|upkeep
|turn|405
|c|☆shiawasenostory|gg
|
|t:|1668145634
|move|p2a: Blissey|Seismic Toss|p1a: ;)
|-damage|p1a: ;)|0 fnt
|faint|p1a: ;)
|
|win|shiawasenostory
|raw|Cowsrule247's rating: 1695 &rarr; <strong>1678</strong><br />(-17 for losing)
|raw|shiawasenostory's rating: 1755 &rarr; <strong>1772</strong><br />(+17 for winning)
|l|☆Cowsrule247
|c|☆shiawasenostory|only 405 turns
|c| BabyPigsAreLaughin|Nice 6-0.
|c| Anibunnysomoney|Not happy with myself for having watched that
|c| Anibunnysomoney|feels kinda dirty
|c| BabyPigsAreLaughin|You rayped him.
||Ladder isn't responding, score probably updated but might not have (Request timeout).
