|j|☆copypasteteamslol
|j|☆ChandosH
|inactive|Battle timer is ON: inactive players will automatically lose when time's up.
|t:|1666061970
|gametype|singles
|player|p1|copypasteteamslol|169|
|player|p2|ChandosH|n-masters|
|teamsize|p1|6
|teamsize|p2|6
|gen|8
|tier|[Gen 8] OU
|rated|Tournament battle
|rule|Sleep Clause Mod: Limit one foe put to sleep
|rule|Species Clause: Limit one of each Pokémon
|rule|OHKO Clause: OHKO moves are banned
|rule|Evasion Items Clause: Evasion items are banned
|rule|Evasion Moves Clause: Evasion moves are banned
|rule|Endless Battle Clause: Forcing endless battles is banned
|rule|HP Percentage Mod: HP is shown in percentages
|rule|Dynamax Clause: You cannot dynamax
|rule|First Blood Rule: The first team to have a Pokémon faint loses.
|clearpoke
|poke|p1|Dragapult, M|
|poke|p1|Ferrothorn, F|
|poke|p1|Clefable, M|
|poke|p1|Tornadus-Therian, M|
|poke|p1|Magnezone|
|poke|p1|Garchomp, M|
|poke|p2|Pelipper, F|
|poke|p2|Barraskewda, M|
|poke|p2|Zapdos|
|poke|p2|Ferrothorn, F|
|poke|p2|Crawdaunt, F|
|poke|p2|Landorus-Therian, M|
|teampreview
|inactive|ChandosH has 120 seconds left.
|c|☆ChandosH|bold move with non-pull zone
|
|t:|1666062008
|start
|switch|p1a: Magnezone|Magnezone|100/100
|switch|p2a: Pelipper|Pelipper, F|100/100
|-weather|RainDance|[from] ability: Drizzle|[of] p2a: Pelipper
|turn|1
|c|☆copypasteteamslol|you see
|c|☆copypasteteamslol|i snuck in magnet pull with my leet hax
|
|t:|1666062032
|switch|p2a: Ferrothorn|Ferrothorn, F|100/100
|move|p1a: Magnezone|Toxic|p2a: Ferrothorn
|-immune|p2a: Ferrothorn
|
|-weather|RainDance|[upkeep]
|upkeep
|turn|2
|
|t:|1666062049
|switch|p1a: Ferrothorn|Ferrothorn, F|100/100
|move|p2a: Ferrothorn|Stealth Rock|p1a: Ferrothorn
|-sidestart|p1: copypasteteamslol|move: Stealth Rock
|
|-weather|RainDance|[upkeep]
|upkeep
|turn|3
|
|t:|1666062057
|switch|p2a: Zapdos|Zapdos|100/100
|move|p1a: Ferrothorn|Spikes|p2a: Zapdos
|-sidestart|p2: ChandosH|Spikes
|
|-weather|RainDance|[upkeep]
|upkeep
|turn|4
|
|t:|1666062063
|move|p2a: Zapdos|Hurricane|p1a: Ferrothorn
|-damage|p1a: Ferrothorn|31/100
|-start|p1a: Ferrothorn|confusion
|-activate|p1a: Ferrothorn|confusion
|move|p1a: Ferrothorn|Leech Seed|p2a: Zapdos|[miss]
|-miss|p1a: Ferrothorn|p2a: Zapdos
|
|-weather|RainDance|[upkeep]
|-heal|p1a: Ferrothorn|37/100|[from] item: Leftovers
|upkeep
|turn|5
|j| Walter C Dolnez
|
|t:|1666062077
|switch|p2a: Barraskewda|Barraskewda, M|100/100
|-damage|p2a: Barraskewda|88/100|[from] Spikes
|switch|p1a: Magnezone|Magnezone|100/100
|-damage|p1a: Magnezone|94/100|[from] Stealth Rock
|
|-weather|RainDance|[upkeep]
|upkeep
|turn|6
|l| Walter C Dolnez
|
|t:|1666062098
|switch|p1a: Dragapult|Dragapult, M|100/100
|-damage|p1a: Dragapult|88/100|[from] Stealth Rock
|move|p2a: Barraskewda|Liquidation|p1a: Dragapult
|-resisted|p1a: Dragapult
|-damage|p1a: Dragapult|18/100
|
|-weather|RainDance|[upkeep]
|upkeep
|turn|7
|j| witchcraftworks
|j| Baka Hyuga
|inactive|copypasteteamslol has 120 seconds left.
|
|t:|1666062130
|switch|p1a: Garchomp|Garchomp, M|100/100
|-damage|p1a: Garchomp|94/100|[from] Stealth Rock
|move|p2a: Barraskewda|Liquidation|p1a: Garchomp
|-damage|p1a: Garchomp|4/100
|-damage|p2a: Barraskewda|76/100|[from] ability: Rough Skin|[of] p1a: Garchomp
|
|-weather|RainDance|[upkeep]
|-heal|p1a: Garchomp|10/100|[from] item: Leftovers
|upkeep
|turn|8
|
|t:|1666062143
|move|p1a: Garchomp|Protect|p1a: Garchomp
|-singleturn|p1a: Garchomp|Protect
|move|p2a: Barraskewda|Liquidation|p1a: Garchomp
|-activate|p1a: Garchomp|move: Protect
|
|-weather|none
|-heal|p1a: Garchomp|17/100|[from] item: Leftovers
|upkeep
|turn|9
|
|t:|1666062155
|switch|p1a: Magnezone|Magnezone|94/100
|-damage|p1a: Magnezone|88/100|[from] Stealth Rock
|move|p2a: Barraskewda|Liquidation|p1a: Magnezone
|-damage|p1a: Magnezone|19/100
|
|upkeep
|turn|10
|c|☆copypasteteamslol|only 12 pp left
|c|☆copypasteteamslol|i got this
|inactive|ChandosH has 120 seconds left.
|
|t:|1666062187
|switch|p1a: Tornadus|Tornadus-Therian, M|100/100
|move|p2a: Barraskewda|Liquidation|p1a: Tornadus
|-damage|p1a: Tornadus|26/100
|-unboost|p1a: Tornadus|def|1
|
|upkeep
|turn|11
|j|%htcl
|inactive|ChandosH has 120 seconds left.
|
|t:|1666062201
|switch|p2a: Landorus|Landorus-Therian, M|100/100
|-ability|p2a: Landorus|Intimidate|boost
|-unboost|p1a: Tornadus|atk|1
|switch|p1a: Clefable|Clefable, M|100/100
|
|upkeep
|turn|12
|
|t:|1666062210
|move|p2a: Landorus|U-turn|p1a: Clefable
|-resisted|p1a: Clefable
|-damage|p1a: Clefable|91/100
|
|t:|1666062214
|switch|p2a: Zapdos|Zapdos|100/100|[from]move: U-turn
|move|p1a: Clefable|Moonblast|p2a: Zapdos
|-damage|p2a: Zapdos|62/100
|-unboost|p2a: Zapdos|spa|1
|
|-heal|p1a: Clefable|97/100|[from] item: Leftovers
|upkeep
|turn|13
|inactive|copypasteteamslol has 120 seconds left.
|
|t:|1666062235
|move|p2a: Zapdos|Volt Switch|p1a: Clefable
|-damage|p1a: Clefable|66/100
|
|t:|1666062239
|switch|p2a: Pelipper|Pelipper, F|100/100|[from]move: Volt Switch
|-weather|RainDance|[from] ability: Drizzle|[of] p2a: Pelipper
|move|p1a: Clefable|Knock Off|p2a: Pelipper
|-damage|p2a: Pelipper|89/100
|-enditem|p2a: Pelipper|Damp Rock|[from] move: Knock Off|[of] p1a: Clefable
|
|-weather|RainDance|[upkeep]
|-heal|p1a: Clefable|72/100|[from] item: Leftovers
|upkeep
|turn|14
|inactive|copypasteteamslol has 120 seconds left.
|
|t:|1666062250
|move|p2a: Pelipper|U-turn|p1a: Clefable
|-resisted|p1a: Clefable
|-damage|p1a: Clefable|69/100
|
|t:|1666062262
|switch|p2a: Zapdos|Zapdos|62/100|[from]move: U-turn
|move|p1a: Clefable|Thunder Wave|p2a: Zapdos
|-immune|p2a: Zapdos
|
|-weather|RainDance|[upkeep]
|-heal|p1a: Clefable|75/100|[from] item: Leftovers
|upkeep
|turn|15
|l| Baka Hyuga
|inactive|copypasteteamslol has 120 seconds left.
|
|t:|1666062276
|move|p2a: Zapdos|Hurricane|p1a: Clefable
|-damage|p1a: Clefable|11/100
|move|p1a: Clefable|Soft-Boiled|p1a: Clefable
|-heal|p1a: Clefable|61/100
|
|-weather|RainDance|[upkeep]
|-heal|p1a: Clefable|68/100|[from] item: Leftovers
|upkeep
|turn|16
|
|t:|1666062283
|move|p2a: Zapdos|Hurricane|p1a: Clefable
|-damage|p1a: Clefable|4/100
|move|p1a: Clefable|Soft-Boiled|p1a: Clefable
|-heal|p1a: Clefable|54/100
|
|-weather|RainDance|[upkeep]
|-heal|p1a: Clefable|60/100|[from] item: Leftovers
|upkeep
|turn|17
|c|☆ChandosH|Gg ?
|
|t:|1666062296
|move|p2a: Zapdos|Hurricane|p1a: Clefable
|-damage|p1a: Clefable|0 fnt
|faint|p1a: Clefable
|
|win|ChandosH
|n|☆copypasteteamslol|copypasteteamslol
|n|☆ChandosH|chandosh
|n| witchcraftworks|witchcraftworks
|n| htcl|htcl
