|j|☆HOF69
|j|☆LT94JE Fuse
|t:|1661636710
|gametype|singles
|player|p1|HOF69|red|1764
|player|p2|LT94JE Fuse|yellow|1975
|teamsize|p1|6
|teamsize|p2|6
|gen|8
|tier|[Gen 8] OU
|rated|
|rule|Sleep Clause Mod: Limit one foe put to sleep
|rule|Species Clause: Limit one of each Pokémon
|rule|OHKO Clause: OHKO moves are banned
|rule|Evasion Items Clause: Evasion items are banned
|rule|Evasion Moves Clause: Evasion moves are banned
|rule|Endless Battle Clause: Forcing endless battles is banned
|rule|HP Percentage Mod: HP is shown in percentages
|rule|Dynamax Clause: You cannot dynamax
|clearpoke
|poke|p1|Cloyster, M|
|poke|p1|Gengar, M|
|poke|p1|Landorus-Therian, M|
|poke|p1|Krookodile, M|
|poke|p1|Kartana|
|poke|p1|Tapu Lele|
|poke|p2|Zapdos|
|poke|p2|Urshifu-*, F|
|poke|p2|Dragapult, M|
|poke|p2|Landorus-Therian, M|
|poke|p2|Melmetal|
|poke|p2|Clefable, F|
|teampreview
|c|☆LT94JE Fuse|hf
|j| hump
|j| negative bitches
|j| lt92pf mj
|c| negative bitches|u2
|c|☆HOF69|u2
|j| 7amintenerife
|j| Oily man
|
|t:|1661636734
|start
|switch|p1a: Krookodile|Krookodile, M|100/100
|switch|p2a: Zapdos|Zapdos|100/100
|-ability|p1a: Krookodile|Intimidate|boost
|-unboost|p2a: Zapdos|atk|1
|turn|1
|
|t:|1661636737
|move|p2a: Zapdos|Hurricane|p1a: Krookodile
|-enditem|p1a: Krookodile|Focus Sash
|-damage|p1a: Krookodile|1/100
|move|p1a: Krookodile|Stealth Rock|p2a: Zapdos
|-sidestart|p2: LT94JE Fuse|move: Stealth Rock
|
|upkeep
|turn|2
|
|t:|1661636740
|move|p2a: Zapdos|Hurricane|p1a: Krookodile|[miss]
|-miss|p2a: Zapdos|p1a: Krookodile
|move|p1a: Krookodile|Knock Off|p2a: Zapdos
|-damage|p2a: Zapdos|42/100
|-enditem|p2a: Zapdos|Choice Specs|[from] move: Knock Off|[of] p1a: Krookodile
|
|upkeep
|turn|3
|
|t:|1661636743
|move|p2a: Zapdos|Heat Wave|p1a: Krookodile
|-damage|p1a: Krookodile|0 fnt
|faint|p1a: Krookodile
|
|upkeep
|j| belvinita
|
|t:|1661636756
|switch|p1a: Gengar|Gengar, M, shiny|100/100
|turn|4
|c| Oily man|negative bitches ur username hits close to home for me
|
|t:|1661636769
|switch|p2a: Landorus|Landorus-Therian, M|100/100
|-damage|p2a: Landorus|88/100|[from] Stealth Rock
|-ability|p2a: Landorus|Intimidate|boost
|-unboost|p1a: Gengar|atk|1
|move|p1a: Gengar|Shadow Ball|p2a: Landorus
|-damage|p2a: Landorus|57/100
|-unboost|p2a: Landorus|spd|1
|
|-heal|p2a: Landorus|63/100|[from] item: Leftovers
|upkeep
|turn|5
|
|t:|1661636773
|move|p1a: Gengar|Shadow Ball|p2a: Landorus
|-damage|p2a: Landorus|18/100
|move|p2a: Landorus|Defog|p1a: Gengar
|-unboost|p1a: Gengar|evasion|1
|-sideend|p2: LT94JE Fuse|Stealth Rock|[from] move: Defog|[of] p2a: Landorus
|
|-heal|p2a: Landorus|24/100|[from] item: Leftovers
|upkeep
|turn|6
|
|t:|1661636780
|switch|p2a: Melmetal|Melmetal|100/100
|move|p1a: Gengar|Shadow Ball|p2a: Melmetal
|-damage|p2a: Melmetal|73/100
|
|-heal|p2a: Melmetal|79/100|[from] item: Leftovers
|upkeep
|turn|7
|c| negative bitches|thats crazy
|
|t:|1661636789
|move|p1a: Gengar|Focus Blast|p2a: Melmetal|[miss]
|-miss|p1a: Gengar|p2a: Melmetal
|move|p2a: Melmetal|Double Iron Bash|p1a: Gengar
|-damage|p1a: Gengar|29/100
|-damage|p1a: Gengar|0 fnt
|faint|p1a: Gengar
|-hitcount|p1: Gengar|2
|
|-heal|p2a: Melmetal|86/100|[from] item: Leftovers
|upkeep
|c| negative bitches|fusien sauce
|c| negative bitches|fusien try to lose challenge (impossible!)
|
|t:|1661636817
|switch|p1a: Kartana|Kartana|100/100
|turn|8
|raw|<div class="broadcast-red"><strong>Moderated chat was set to +!</strong><br />Only users of rank + and higher can talk.</div>
|
|t:|1661636851
|switch|p2a: Clefable|Clefable, F|100/100
|move|p1a: Kartana|Knock Off|p2a: Clefable
|-resisted|p2a: Clefable
|-damage|p2a: Clefable|83/100
|-enditem|p2a: Clefable|Rocky Helmet|[from] move: Knock Off|[of] p1a: Kartana
|
|upkeep
|turn|9
|
|t:|1661636879
|move|p1a: Kartana|Leaf Blade|p2a: Clefable
|-damage|p2a: Clefable|38/100
|move|p2a: Clefable|Thunder Wave|p1a: Kartana
|-status|p1a: Kartana|par
|
|upkeep
|turn|10
|
|t:|1661636884
|move|p1a: Kartana|Leaf Blade|p2a: Clefable
|-crit|p2a: Clefable
|-damage|p2a: Clefable|0 fnt
|faint|p2a: Clefable
|-ability|p1a: Kartana|Beast Boost|boost
|-boost|p1a: Kartana|atk|1
|
|upkeep
|
|t:|1661636920
|switch|p2a: Dragapult|Dragapult, M|100/100
|turn|11
|
|t:|1661636932
|switch|p1a: Landorus|Landorus-Therian, M|100/100
|-ability|p1a: Landorus|Intimidate|boost
|-unboost|p2a: Dragapult|atk|1
|move|p2a: Dragapult|Shadow Ball|p1a: Landorus
|-damage|p1a: Landorus|66/100
|
|upkeep
|turn|12
|
|t:|1661636949
|move|p2a: Dragapult|Shadow Ball|p1a: Landorus
|-damage|p1a: Landorus|33/100
|move|p1a: Landorus|U-turn|p2a: Dragapult
|-resisted|p2a: Dragapult
|-damage|p2a: Dragapult|83/100
|
|t:|1661636966
|switch|p1a: Kartana|Kartana|100/100 par|[from]move: U-turn
|
|upkeep
|turn|13
|
|t:|1661636972
|move|p2a: Dragapult|Shadow Ball|p1a: Kartana
|-damage|p1a: Kartana|0 fnt
|faint|p1a: Kartana
|
|upkeep
|
|t:|1661636974
|switch|p1a: Tapu Lele|Tapu Lele|100/100
|-fieldstart|move: Psychic Terrain|[from] ability: Psychic Surge|[of] p1a: Tapu Lele
|turn|14
|
|t:|1661636983
|move|p2a: Dragapult|Shadow Ball|p1a: Tapu Lele
|-supereffective|p1a: Tapu Lele
|-damage|p1a: Tapu Lele|0 fnt
|faint|p1a: Tapu Lele
|
|upkeep
|
|t:|1661636987
|switch|p1a: Cloyster|Cloyster, M, shiny|100/100
|turn|15
|
|t:|1661636991
|move|p2a: Dragapult|Shadow Ball|p1a: Cloyster
|-enditem|p1a: Cloyster|Focus Sash
|-damage|p1a: Cloyster|1/100
|move|p1a: Cloyster|Shell Smash|p1a: Cloyster
|-unboost|p1a: Cloyster|def|1
|-unboost|p1a: Cloyster|spd|1
|-boost|p1a: Cloyster|atk|2
|-boost|p1a: Cloyster|spa|2
|-boost|p1a: Cloyster|spe|2
|
|upkeep
|turn|16
|
|t:|1661636994
|move|p1a: Cloyster|Icicle Spear|p2a: Dragapult
|-supereffective|p2a: Dragapult
|-damage|p2a: Dragapult|30/100
|-supereffective|p2a: Dragapult
|-damage|p2a: Dragapult|0 fnt
|faint|p2a: Dragapult
|-hitcount|p2: Dragapult|2
|
|upkeep
|
|t:|1661636995
|switch|p2a: Urshifu|Urshifu-Rapid-Strike, F|100/100
|turn|17
|
|t:|1661637000
|move|p1a: Cloyster|Icicle Spear|p2a: Urshifu
|-resisted|p2a: Urshifu
|-damage|p2a: Urshifu|91/100
|-resisted|p2a: Urshifu
|-damage|p2a: Urshifu|81/100
|-resisted|p2a: Urshifu
|-damage|p2a: Urshifu|70/100
|-resisted|p2a: Urshifu
|-damage|p2a: Urshifu|59/100
|-resisted|p2a: Urshifu
|-damage|p2a: Urshifu|48/100
|-hitcount|p2a: Urshifu|5
|move|p2a: Urshifu|Surging Strikes|p1a: Cloyster
|-resisted|p1a: Cloyster
|-crit|p1a: Cloyster
|-damage|p1a: Cloyster|0 fnt
|faint|p1a: Cloyster
|-hitcount|p1: Cloyster|1
|
|upkeep
|-message|HOF69 forfeited.
|
|win|LT94JE Fuse
|raw|HOF69's rating: 1764 &rarr; <strong>1755</strong><br />(-9 for losing)
|raw|LT94JE Fuse's rating: 1975 &rarr; <strong>1984</strong><br />(+9 for winning)
|l|☆HOF69
|c|☆LT94JE Fuse|gg
||Ladder isn't responding, score probably updated but might not have (Request timeout).
|l|☆LT94JE Fuse
