|j|☆Geenobe
|j|☆HarmonyHatterene37
|t:|1668024638
|gametype|singles
|player|p1|Geenobe|102|1607
|player|p2|HarmonyHatterene37|265|1557
|teamsize|p1|6
|teamsize|p2|6
|gen|8
|tier|[Gen 8] OU
|rated|
|rule|Sleep Clause Mod: Limit one foe put to sleep
|rule|Species Clause: Limit one of each Pokémon
|rule|OHKO Clause: OHKO moves are banned
|rule|Evasion Items Clause: Evasion items are banned
|rule|Evasion Moves Clause: Evasion moves are banned
|rule|Endless Battle Clause: Forcing endless battles is banned
|rule|HP Percentage Mod: HP is shown in percentages
|rule|Dynamax Clause: You cannot dynamax
|clearpoke
|poke|p1|Barraskewda, F|
|poke|p1|Pelipper, M|
|poke|p1|Seismitoad, F|
|poke|p1|Tornadus-Therian, M|
|poke|p1|Ferrothorn, M|
|poke|p1|Weavile, F|
|poke|p2|Dragapult, F|
|poke|p2|Ninetales-Alola, F|
|poke|p2|Heatran, F|
|poke|p2|Garchomp, M|
|poke|p2|Kartana|
|poke|p2|Cloyster, F|
|teampreview
|inactive|Battle timer is ON: inactive players will automatically lose when time's up. (requested by HarmonyHatterene37)
|
|t:|1668024652
|start
|switch|p1a: Pelipper|Pelipper, M|100/100
|switch|p2a: Gelato|Ninetales-Alola, F|100/100
|-weather|Hail|[from] ability: Snow Warning|[of] p2a: Gelato
|-weather|RainDance|[from] ability: Drizzle|[of] p1a: Pelipper
|turn|1
|
|t:|1668024681
|switch|p1a: bird|Tornadus-Therian, M|100/100
|move|p2a: Gelato|Hypnosis|p1a: bird|[miss]
|-miss|p2a: Gelato|p1a: bird
|
|-weather|RainDance|[upkeep]
|upkeep
|turn|2
|
|t:|1668024703
|move|p1a: bird|Taunt|p2a: Gelato
|-start|p2a: Gelato|move: Taunt
|move|p2a: Gelato|Freeze-Dry|p1a: bird
|-supereffective|p1a: bird
|-damage|p1a: bird|36/100
|
|-weather|RainDance|[upkeep]
|upkeep
|turn|3
|
|t:|1668024720
|switch|p1a: Weavile|Weavile, F|100/100
|-ability|p1a: Weavile|Pressure
|move|p2a: Gelato|Freeze-Dry|p1a: Weavile
|-resisted|p1a: Weavile
|-damage|p1a: Weavile|80/100
|
|-weather|RainDance|[upkeep]
|upkeep
|turn|4
|
|t:|1668024732
|switch|p2a: Paperplane|Kartana|100/100
|move|p1a: Weavile|Swords Dance|p1a: Weavile
|-boost|p1a: Weavile|atk|2
|
|-weather|RainDance|[upkeep]
|upkeep
|turn|5
|inactive|HarmonyHatterene37 has 120 seconds left.
|
|t:|1668024754
|switch|p1a: Pelipper|Pelipper, M|100/100
|move|p2a: Paperplane|Leaf Blade|p1a: Pelipper
|-damage|p1a: Pelipper|27/100
|
|-weather|RainDance|[upkeep]
|upkeep
|turn|6
|inactive|HarmonyHatterene37 has 120 seconds left.
|
|t:|1668024766
|switch|p2a: Gelato|Ninetales-Alola, F|100/100
|-weather|Hail|[from] ability: Snow Warning|[of] p2a: Gelato
|switch|p1a: Ferrothorn|Ferrothorn, M|100/100
|
|-weather|Hail|[upkeep]
|-damage|p1a: Ferrothorn|94/100|[from] Hail
|-heal|p1a: Ferrothorn|100/100|[from] item: Leftovers
|upkeep
|turn|7
|inactive|HarmonyHatterene37 has 120 seconds left.
|
|t:|1668024781
|move|p2a: Gelato|Hypnosis|p1a: Ferrothorn|[miss]
|-miss|p2a: Gelato|p1a: Ferrothorn
|move|p1a: Ferrothorn|Stealth Rock|p2a: Gelato
|-sidestart|p2: HarmonyHatterene37|move: Stealth Rock
|
|-weather|Hail|[upkeep]
|-damage|p1a: Ferrothorn|94/100|[from] Hail
|-heal|p1a: Ferrothorn|100/100|[from] item: Leftovers
|upkeep
|turn|8
|
|t:|1668024790
|switch|p1a: Pelipper|Pelipper, M|27/100
|-weather|RainDance|[from] ability: Drizzle|[of] p1a: Pelipper
|move|p2a: Gelato|Hypnosis|p1a: Pelipper
|-status|p1a: Pelipper|slp|[from] move: Hypnosis
|
|-weather|RainDance|[upkeep]
|upkeep
|turn|9
|inactive|HarmonyHatterene37 has 120 seconds left.
|
|t:|1668024808
|switch|p1a: bird|Tornadus-Therian, M|70/100
|move|p2a: Gelato|Freeze-Dry|p1a: bird
|-supereffective|p1a: bird
|-damage|p1a: bird|0 fnt
|faint|p1a: bird
|
|-weather|RainDance|[upkeep]
|upkeep
|
|t:|1668024811
|switch|p1a: fish|Barraskewda, F|100/100
|turn|10
|inactive|HarmonyHatterene37 has 120 seconds left.
|
|t:|1668024826
|switch|p2a: Paperplane|Kartana|100/100
|-damage|p2a: Paperplane|94/100|[from] Stealth Rock
|move|p1a: fish|Flip Turn|p2a: Paperplane
|-resisted|p2a: Paperplane
|-damage|p2a: Paperplane|56/100
|
|t:|1668024835
|switch|p1a: Ferrothorn|Ferrothorn, M|100/100|[from]move: Flip Turn
|
|-weather|RainDance|[upkeep]
|upkeep
|turn|11
|
|t:|1668024843
|move|p2a: Paperplane|Knock Off|p1a: Ferrothorn
|-damage|p1a: Ferrothorn|73/100
|-damage|p2a: Paperplane|44/100|[from] ability: Iron Barbs|[of] p1a: Ferrothorn
|-enditem|p1a: Ferrothorn|Leftovers|[from] move: Knock Off|[of] p2a: Paperplane
|move|p1a: Ferrothorn|Knock Off|p2a: Paperplane
|-damage|p2a: Paperplane|22/100
|-enditem|p2a: Paperplane|Choice Scarf|[from] move: Knock Off|[of] p1a: Ferrothorn
|
|-weather|RainDance|[upkeep]
|upkeep
|turn|12
|
|t:|1668024851
|switch|p1a: frog|Seismitoad, F|100/100
|move|p2a: Paperplane|Sacred Sword|p1a: frog
|-damage|p1a: frog|45/100
|
|-weather|RainDance|[upkeep]
|upkeep
|turn|13
|
|t:|1668024874
|move|p1a: frog|Surf|p2a: Paperplane
|-resisted|p2a: Paperplane
|-damage|p2a: Paperplane|0 fnt
|faint|p2a: Paperplane
|-damage|p1a: frog|35/100|[from] item: Life Orb
|
|-weather|RainDance|[upkeep]
|upkeep
|inactive|HarmonyHatterene37 has 120 seconds left.
|
|t:|1668024891
|switch|p2a: Dreepyeet|Dragapult, F|100/100
|-damage|p2a: Dreepyeet|88/100|[from] Stealth Rock
|turn|14
|
|t:|1668024895
|move|p1a: frog|Earth Power|p2a: Dreepyeet
|-damage|p2a: Dreepyeet|24/100
|-damage|p1a: frog|25/100|[from] item: Life Orb
|move|p2a: Dreepyeet|Dragon Dance|p2a: Dreepyeet
|-boost|p2a: Dreepyeet|atk|1
|-boost|p2a: Dreepyeet|spe|1
|
|-weather|RainDance|[upkeep]
|upkeep
|turn|15
|inactive|HarmonyHatterene37 has 120 seconds left.
|
|t:|1668024910
|move|p2a: Dreepyeet|Fire Blast|p1a: frog
|-resisted|p1a: frog
|-damage|p1a: frog|18/100
|move|p1a: frog|Earth Power|p2a: Dreepyeet
|-damage|p2a: Dreepyeet|0 fnt
|faint|p2a: Dreepyeet
|-damage|p1a: frog|8/100|[from] item: Life Orb
|
|-weather|none
|upkeep
|inactive|HarmonyHatterene37 has 120 seconds left.
|
|t:|1668024921
|switch|p2a: Gelato|Ninetales-Alola, F|100/100
|-damage|p2a: Gelato|76/100|[from] Stealth Rock
|-weather|Hail|[from] ability: Snow Warning|[of] p2a: Gelato
|turn|16
|inactive|HarmonyHatterene37 has 120 seconds left.
|
|t:|1668024936
|switch|p1a: Pelipper|Pelipper, M|27/100 slp
|-weather|RainDance|[from] ability: Drizzle|[of] p1a: Pelipper
|move|p2a: Gelato|Freeze-Dry|p1a: Pelipper
|-supereffective|p1a: Pelipper
|-damage|p1a: Pelipper|0 fnt
|faint|p1a: Pelipper
|
|-weather|RainDance|[upkeep]
|upkeep
|
|t:|1668024944
|switch|p1a: fish|Barraskewda, F|100/100
|turn|17
|
|t:|1668024958
|switch|p2a: GastIy|Cloyster, F|100/100
|move|p1a: fish|Close Combat|p2a: GastIy
|-supereffective|p2a: GastIy
|-damage|p2a: GastIy|0 fnt
|-unboost|p1a: fish|def|1
|-unboost|p1a: fish|spd|1
|faint|p2a: GastIy
|
|-weather|RainDance|[upkeep]
|upkeep
|inactive|HarmonyHatterene37 has 120 seconds left.
|
|t:|1668024973
|switch|p2a: I H8 Ice|Garchomp, M|100/100
|-damage|p2a: I H8 Ice|94/100|[from] Stealth Rock
|turn|18
|
|t:|1668024987
|switch|p1a: Ferrothorn|Ferrothorn, M|73/100
|move|p2a: I H8 Ice|Earthquake|p1a: Ferrothorn
|-damage|p1a: Ferrothorn|38/100
|
|-weather|RainDance|[upkeep]
|-heal|p2a: I H8 Ice|100/100|[from] item: Leftovers
|upkeep
|turn|19
|inactive|HarmonyHatterene37 has 120 seconds left.
|
|t:|1668025017
|switch|p2a: Laval|Heatran, F|100/100
|-damage|p2a: Laval|88/100|[from] Stealth Rock
|-item|p2a: Laval|Air Balloon
|move|p1a: Ferrothorn|Power Whip|p2a: Laval
|-resisted|p2a: Laval
|-damage|p2a: Laval|78/100
|-enditem|p2a: Laval|Air Balloon
|
|-weather|RainDance|[upkeep]
|upkeep
|turn|20
|
|t:|1668025032
|move|p2a: Laval|Stealth Rock|p1a: Ferrothorn
|-sidestart|p1: Geenobe|move: Stealth Rock
|move|p1a: Ferrothorn|Leech Seed|p2a: Laval
|-start|p2a: Laval|move: Leech Seed
|
|-weather|RainDance|[upkeep]
|-damage|p2a: Laval|65/100|[from] Leech Seed|[of] p1a: Ferrothorn
|-heal|p1a: Ferrothorn|49/100|[silent]
|upkeep
|turn|21
|
|t:|1668025046
|switch|p1a: fish|Barraskewda, F|100/100
|-damage|p1a: fish|88/100|[from] Stealth Rock
|move|p2a: Laval|Magma Storm|p1a: fish
|-resisted|p1a: fish
|-damage|p1a: fish|59/100
|-activate|p1a: fish|move: Magma Storm|[of] p2a: Laval
|
|-weather|RainDance|[upkeep]
|-damage|p2a: Laval|53/100|[from] Leech Seed|[of] p1a: fish
|-heal|p1a: fish|74/100|[silent]
|-damage|p1a: fish|62/100|[from] move: Magma Storm|[partiallytrapped]
|upkeep
|turn|22
|
|t:|1668025055
|move|p1a: fish|Liquidation|p2a: Laval
|-supereffective|p2a: Laval
|-damage|p2a: Laval|0 fnt
|faint|p2a: Laval
|
|-weather|RainDance|[upkeep]
|-end|p1a: fish|Magma Storm|[partiallytrapped]|[silent]
|upkeep
|
|t:|1668025058
|switch|p2a: I H8 Ice|Garchomp, M|100/100
|-damage|p2a: I H8 Ice|94/100|[from] Stealth Rock
|turn|23
|inactive|HarmonyHatterene37 has 120 seconds left.
|
|t:|1668025063
|move|p1a: fish|Liquidation|p2a: I H8 Ice
|-damage|p2a: I H8 Ice|0 fnt
|-damage|p1a: fish|50/100|[from] ability: Rough Skin|[of] p2a: I H8 Ice
|faint|p2a: I H8 Ice
|
|-weather|none
|upkeep
|inactive|HarmonyHatterene37 has 120 seconds left.
|
|t:|1668025068
|switch|p2a: Gelato|Ninetales-Alola, F|76/100
|-damage|p2a: Gelato|51/100|[from] Stealth Rock
|-weather|Hail|[from] ability: Snow Warning|[of] p2a: Gelato
|turn|24
|
|t:|1668025077
|move|p1a: fish|Liquidation|p2a: Gelato
|-damage|p2a: Gelato|0 fnt
|faint|p2a: Gelato
|
|win|Geenobe
|raw|Geenobe's rating: 1607 &rarr; <strong>1624</strong><br />(+17 for winning)
|raw|HarmonyHatterene37's rating: 1557 &rarr; <strong>1540</strong><br />(-17 for losing)
