|j|☆Rheinmetal
|j|☆Avistoned
|t:|1609125375
|player|p1|Rheinmetal|cynthia|1628
|player|p2|Avistoned|265|1521
|teamsize|p1|6
|teamsize|p2|6
|gametype|singles
|gen|8
|tier|[Gen 8] OU
|rated|
|clearpoke
|poke|p1|Pelipper, F|
|poke|p1|Barraskewda, M|
|poke|p1|Zapdos|
|poke|p1|Ferrothorn, M|
|poke|p1|Kingdra, M|
|poke|p1|Excadrill, M|
|poke|p2|Urshifu-*, F|
|poke|p2|Thundurus-Therian, M|
|poke|p2|Pelipper, M|
|poke|p2|Ferrothorn, F|
|poke|p2|Barraskewda, M|
|poke|p2|Omastar, M|
|rule|Sleep Clause Mod: Limit one foe put to sleep
|rule|Species Clause: Limit one of each Pokémon
|rule|OHKO Clause: OHKO moves are banned
|rule|Evasion Moves Clause: Evasion moves are banned
|rule|Endless Battle Clause: Forcing endless battles is banned
|rule|HP Percentage Mod: HP is shown in percentages
|rule|Dynamax Clause: You cannot dynamax
|teampreview
|inactive|Battle timer is ON: inactive players will automatically lose when time's up. (requested by Rheinmetal)
|
|t:|1609125385
|start
|switch|p1a: Zapdos|Zapdos|100/100
|switch|p2a: Pelipper|Pelipper, M|100/100
|-weather|RainDance|[from] ability: Drizzle|[of] p2a: Pelipper
|turn|1
|
|t:|1609125397
|switch|p1a: Barraskewda|Barraskewda, M|100/100
|switch|p2a: Thundurus|Thundurus-Therian, M|100/100
|
|-weather|RainDance|[upkeep]
|upkeep
|turn|2
|
|t:|1609125401
|switch|p2a: Ferrothorn|Ferrothorn, F|100/100
|move|p1a: Barraskewda|Flip Turn|p2a: Ferrothorn
|-resisted|p2a: Ferrothorn
|-damage|p2a: Ferrothorn|75/100
|-damage|p1a: Barraskewda|88/100|[from] ability: Iron Barbs|[of] p2a: Ferrothorn
|
|t:|1609125405
|switch|p1a: Kingdra|Kingdra, M|100/100|[from]move: Flip Turn
|
|-weather|RainDance|[upkeep]
|-heal|p2a: Ferrothorn|81/100|[from] item: Leftovers
|upkeep
|turn|3
|
|t:|1609125409
|move|p1a: Kingdra|Hydro Pump|p2a: Ferrothorn
|-resisted|p2a: Ferrothorn
|-damage|p2a: Ferrothorn|42/100
|move|p2a: Ferrothorn|Thunder Wave|p1a: Kingdra
|-status|p1a: Kingdra|par
|
|-weather|RainDance|[upkeep]
|-heal|p2a: Ferrothorn|48/100|[from] item: Leftovers
|upkeep
|turn|4
|
|t:|1609125428
|switch|p2a: Omastar|Omastar, M|100/100
|cant|p1a: Kingdra|par
|
|-weather|RainDance|[upkeep]
|upkeep
|turn|5
|
|t:|1609125434
|move|p2a: Omastar|Ice Beam|p1a: Kingdra
|-damage|p1a: Kingdra|59/100 par
|move|p1a: Kingdra|Hydro Pump|p2a: Omastar|[miss]
|-miss|p1a: Kingdra|p2a: Omastar
|
|-weather|RainDance|[upkeep]
|upkeep
|turn|6
|
|t:|1609125441
|move|p2a: Omastar|Ice Beam|p1a: Kingdra
|-damage|p1a: Kingdra|17/100 par
|cant|p1a: Kingdra|par
|
|-weather|RainDance|[upkeep]
|upkeep
|turn|7
|
|t:|1609125446
|switch|p1a: Ferrothorn|Ferrothorn, M|100/100
|move|p2a: Omastar|Ice Beam|p1a: Ferrothorn
|-damage|p1a: Ferrothorn|75/100
|
|-weather|RainDance|[upkeep]
|-heal|p1a: Ferrothorn|81/100|[from] item: Leftovers
|upkeep
|turn|8
|
|t:|1609125454
|switch|p2a: Urshifu|Urshifu, F|100/100
|move|p1a: Ferrothorn|Spikes|p2a: Urshifu
|-sidestart|p2: Avistoned|Spikes
|
|-weather|none
|-heal|p1a: Ferrothorn|87/100|[from] item: Leftovers
|upkeep
|turn|9
|
|t:|1609125460
|switch|p1a: Zapdos|Zapdos|100/100
|move|p2a: Urshifu|Wicked Blow|p1a: Zapdos
|-crit|p1a: Zapdos
|-damage|p1a: Zapdos|20/100
|-damage|p2a: Urshifu|91/100|[from] item: Life Orb
|
|upkeep
|turn|10
|
|t:|1609125465
|switch|p1a: Pelipper|Pelipper, F|100/100
|-weather|RainDance|[from] ability: Drizzle|[of] p1a: Pelipper
|move|p2a: Urshifu|Wicked Blow|p1a: Pelipper
|-crit|p1a: Pelipper
|-damage|p1a: Pelipper|40/100
|-damage|p2a: Urshifu|81/100|[from] item: Life Orb
|
|-weather|RainDance|[upkeep]
|upkeep
|turn|11
|
|t:|1609125470
|switch|p1a: Kingdra|Kingdra, M|17/100 par
|move|p2a: Urshifu|Wicked Blow|p1a: Kingdra
|-crit|p1a: Kingdra
|-damage|p1a: Kingdra|0 fnt
|-damage|p2a: Urshifu|71/100|[from] item: Life Orb
|faint|p1a: Kingdra
|
|-weather|RainDance|[upkeep]
|upkeep
|
|t:|1609125472
|switch|p1a: Zapdos|Zapdos|20/100
|turn|12
|
|t:|1609125475
|move|p1a: Zapdos|Hurricane|p2a: Urshifu
|-supereffective|p2a: Urshifu
|-damage|p2a: Urshifu|0 fnt
|faint|p2a: Urshifu
|
|-weather|RainDance|[upkeep]
|upkeep
|
|t:|1609125491
|switch|p2a: Thundurus|Thundurus-Therian, M|100/100
|turn|13
|
|t:|1609125497
|switch|p1a: Excadrill|Excadrill, M|100/100
|-ability|p1a: Excadrill|Mold Breaker
|move|p2a: Thundurus|Weather Ball|p1a: Excadrill
|-supereffective|p1a: Excadrill
|-damage|p1a: Excadrill|19/100
|
|-weather|RainDance|[upkeep]
|-heal|p1a: Excadrill|25/100|[from] item: Leftovers
|upkeep
|turn|14
|
|t:|1609125501
|move|p2a: Thundurus|Weather Ball|p1a: Excadrill
|-supereffective|p1a: Excadrill
|-damage|p1a: Excadrill|0 fnt
|faint|p1a: Excadrill
|
|-weather|RainDance|[upkeep]
|upkeep
|
|t:|1609125503
|switch|p1a: Barraskewda|Barraskewda, M|88/100
|turn|15
|
|t:|1609125508
|move|p1a: Barraskewda|Liquidation|p2a: Thundurus
|-damage|p2a: Thundurus|0 fnt
|faint|p2a: Thundurus
|
|-weather|RainDance|[upkeep]
|upkeep
|
|t:|1609125512
|switch|p2a: Ferrothorn|Ferrothorn, F|48/100
|-damage|p2a: Ferrothorn|36/100|[from] Spikes
|turn|16
|
|t:|1609125515
|move|p1a: Barraskewda|Liquidation|p2a: Ferrothorn
|-resisted|p2a: Ferrothorn
|-damage|p2a: Ferrothorn|0 fnt
|-damage|p1a: Barraskewda|76/100|[from] ability: Iron Barbs|[of] p2a: Ferrothorn
|faint|p2a: Ferrothorn
|
|-weather|RainDance|[upkeep]
|upkeep
|
|t:|1609125518
|switch|p2a: Pelipper|Pelipper, M|100/100
|turn|17
|
|t:|1609125523
|switch|p1a: Pelipper|Pelipper, F|40/100
|move|p2a: Pelipper|Hurricane|p1a: Pelipper
|-damage|p1a: Pelipper|0 fnt
|faint|p1a: Pelipper
|
|-weather|none
|upkeep
|
|t:|1609125525
|switch|p1a: Zapdos|Zapdos|20/100
|turn|18
|
|t:|1609125543
|move|p1a: Zapdos|Roost|p1a: Zapdos
|-heal|p1a: Zapdos|70/100
|-singleturn|p1a: Zapdos|move: Roost
|move|p2a: Pelipper|U-turn|p1a: Zapdos
|-damage|p1a: Zapdos|61/100
|
|t:|1609125548
|switch|p2a: Barraskewda|Barraskewda, M|100/100|[from]move: U-turn
|-damage|p2a: Barraskewda|88/100|[from] Spikes
|
|upkeep
|turn|19
|
|t:|1609125550
|switch|p2a: Pelipper|Pelipper, M|100/100
|-weather|RainDance|[from] ability: Drizzle|[of] p2a: Pelipper
|move|p1a: Zapdos|Discharge|p2a: Pelipper
|-supereffective|p2a: Pelipper
|-damage|p2a: Pelipper|0 fnt
|faint|p2a: Pelipper
|
|-weather|RainDance|[upkeep]
|upkeep
|
|t:|1609125552
|switch|p2a: Omastar|Omastar, M|100/100
|-damage|p2a: Omastar|88/100|[from] Spikes
|turn|20
|
|t:|1609125564
|switch|p1a: Ferrothorn|Ferrothorn, M|87/100
|move|p2a: Omastar|Meteor Beam||[still]
|-prepare|p2a: Omastar|Meteor Beam
|-boost|p2a: Omastar|spa|1
|-enditem|p2a: Omastar|Power Herb
|-anim|p2a: Omastar|Meteor Beam|p1a: Ferrothorn
|-resisted|p1a: Ferrothorn
|-damage|p1a: Ferrothorn|49/100
|
|-weather|RainDance|[upkeep]
|-heal|p1a: Ferrothorn|55/100|[from] item: Leftovers
|upkeep
|turn|21
|
|t:|1609125567
|move|p2a: Omastar|Ice Beam|p1a: Ferrothorn
|-damage|p1a: Ferrothorn|15/100
|move|p1a: Ferrothorn|Power Whip|p2a: Omastar
|-supereffective|p2a: Omastar
|-damage|p2a: Omastar|0 fnt
|faint|p2a: Omastar
|
|-weather|RainDance|[upkeep]
|-heal|p1a: Ferrothorn|21/100|[from] item: Leftovers
|upkeep
|
|t:|1609125570
|switch|p2a: Barraskewda|Barraskewda, M|88/100
|-damage|p2a: Barraskewda|76/100|[from] Spikes
|turn|22
|
|t:|1609125574
|move|p2a: Barraskewda|Liquidation|p1a: Ferrothorn
|-resisted|p1a: Ferrothorn
|-damage|p1a: Ferrothorn|0 fnt
|-damage|p2a: Barraskewda|64/100|[from] ability: Iron Barbs|[of] p1a: Ferrothorn
|faint|p1a: Ferrothorn
|
|-weather|RainDance|[upkeep]
|upkeep
|
|t:|1609125579
|switch|p1a: Zapdos|Zapdos|61/100
|turn|23
|
|t:|1609125580
|move|p2a: Barraskewda|Liquidation|p1a: Zapdos
|-damage|p1a: Zapdos|0 fnt
|faint|p1a: Zapdos
|
|-weather|RainDance|[upkeep]
|upkeep
|
|t:|1609125583
|switch|p1a: Barraskewda|Barraskewda, M|76/100
|turn|24
|
|t:|1609125586
|move|p2a: Barraskewda|Liquidation|p1a: Barraskewda
|-resisted|p1a: Barraskewda
|-damage|p1a: Barraskewda|0 fnt
|faint|p1a: Barraskewda
|
|win|Avistoned
|c|☆Avistoned|gg
|raw|Rheinmetal's rating: 1628 &rarr; <strong>1601</strong><br />(-27 for losing)
|raw|Avistoned's rating: 1500 &rarr; <strong>1527</strong><br />(+27 for winning)
|l|☆Rheinmetal
