|j|☆ferromolybdenum
|j|☆Dancing shoes
|player|p1|ferromolybdenum|1|1608
|player|p2|Dancing shoes|101|1563
|teamsize|p1|6
|teamsize|p2|6
|gametype|singles
|gen|8
|tier|[Gen 8] OU
|rated|
|clearpoke
|poke|p1|Hatterene, F|
|poke|p1|Seismitoad, F|
|poke|p1|Corviknight, F|
|poke|p1|Dragapult, M|
|poke|p1|Aegislash, M|
|poke|p1|Clefable, M|
|poke|p2|Dragapult, F|
|poke|p2|Steelix, M|
|poke|p2|Mandibuzz, F|
|poke|p2|Sylveon, M|
|poke|p2|Cinderace, M|
|poke|p2|Toxapex, F|
|rule|Sleep Clause Mod: Limit one foe put to sleep
|rule|Species Clause: Limit one of each Pokémon
|rule|OHKO Clause: OHKO moves are banned
|rule|Evasion Moves Clause: Evasion moves are banned
|rule|Endless Battle Clause: Forcing endless battles is banned
|rule|HP Percentage Mod: HP is shown in percentages
|rule|Dynamax Clause: You cannot dynamax
|teampreview
|
|start
|switch|p1a: Dragapult|Dragapult, M|100/100
|switch|p2a: Steelix|Steelix, M|100/100
|turn|1
|
|move|p1a: Dragapult|Shadow Ball|p2a: Steelix
|-damage|p2a: Steelix|54/100
|-unboost|p2a: Steelix|spd|1
|move|p2a: Steelix|Stealth Rock|p1a: Dragapult
|-sidestart|p1: ferromolybdenum|move: Stealth Rock
|
|-heal|p2a: Steelix|60/100|[from] item: Leftovers
|upkeep
|turn|2
|
|switch|p2a: Mandibuzz|Mandibuzz, F|100/100
|move|p1a: Dragapult|Shadow Ball|p2a: Mandibuzz
|-resisted|p2a: Mandibuzz
|-damage|p2a: Mandibuzz|83/100
|
|upkeep
|turn|3
|
|switch|p1a: Corviknight|Corviknight, F|100/100
|-damage|p1a: Corviknight|88/100|[from] Stealth Rock
|-ability|p1a: Corviknight|Pressure
|move|p2a: Mandibuzz|U-turn|p1a: Corviknight
|-resisted|p1a: Corviknight
|-damage|p1a: Corviknight|86/100
|
|switch|p2a: Cinderace|Cinderace, M|100/100|[from]move: U-turn
|
|-heal|p1a: Corviknight|92/100|[from] item: Leftovers
|upkeep
|turn|4
|
|switch|p1a: Seismitoad|Seismitoad, F|100/100
|-damage|p1a: Seismitoad|94/100|[from] Stealth Rock
|move|p2a: Cinderace|Pyro Ball|p1a: Seismitoad
|-resisted|p1a: Seismitoad
|-damage|p1a: Seismitoad|64/100
|
|-heal|p1a: Seismitoad|70/100|[from] item: Leftovers
|upkeep
|turn|5
|
|switch|p2a: Dragapult|Dragapult, F|100/100
|move|p1a: Seismitoad|Stealth Rock|p2a: Dragapult
|-sidestart|p2: Dancing shoes|move: Stealth Rock
|
|-heal|p1a: Seismitoad|76/100|[from] item: Leftovers
|upkeep
|turn|6
|
|switch|p1a: Clefable|Clefable, M|100/100
|move|p2a: Dragapult|Shadow Ball|p1a: Clefable
|-damage|p1a: Clefable|63/100
|-unboost|p1a: Clefable|spd|1
|-damage|p2a: Dragapult|91/100|[from] item: Life Orb
|
|-heal|p1a: Clefable|69/100|[from] item: Leftovers
|upkeep
|turn|7
|
|switch|p2a: Sylveon|Sylveon, M|100/100
|-damage|p2a: Sylveon|88/100|[from] Stealth Rock
|move|p1a: Clefable|Protect||[still]
|-fail|p1a: Clefable
|
|-heal|p1a: Clefable|75/100|[from] item: Leftovers
|-heal|p2a: Sylveon|94/100|[from] item: Leftovers
|upkeep
|turn|8
|
|switch|p1a: Aegislash|Aegislash, M|100/100
|-damage|p1a: Aegislash|94/100|[from] Stealth Rock
|move|p2a: Sylveon|Wish|p2a: Sylveon
|
|-heal|p2a: Sylveon|99/100|[from] item: Leftovers
|-heal|p1a: Aegislash|100/100|[from] item: Leftovers
|upkeep
|turn|9
|
|switch|p2a: Steelix|Steelix, M|60/100
|-damage|p2a: Steelix|57/100|[from] Stealth Rock
|-formechange|p1a: Aegislash|Aegislash-Blade||[from] ability: Stance Change
|move|p1a: Aegislash|Iron Head|p2a: Steelix
|-resisted|p2a: Steelix
|-damage|p2a: Steelix|47/100
|
|-heal|p2a: Steelix|100/100|[from] move: Wish|[wisher] Sylveon
|upkeep
|turn|10
|
|switch|p1a: Corviknight|Corviknight, F|92/100
|-damage|p1a: Corviknight|80/100|[from] Stealth Rock
|-ability|p1a: Corviknight|Pressure
|move|p2a: Steelix|Iron Defense|p2a: Steelix
|-boost|p2a: Steelix|def|2
|
|-heal|p1a: Corviknight|86/100|[from] item: Leftovers
|upkeep
|turn|11
|
|move|p1a: Corviknight|Body Press|p2a: Steelix
|-supereffective|p2a: Steelix
|-damage|p2a: Steelix|85/100
|move|p2a: Steelix|Body Press|p1a: Corviknight
|-damage|p1a: Corviknight|46/100
|
|-heal|p1a: Corviknight|52/100|[from] item: Leftovers
|-heal|p2a: Steelix|91/100|[from] item: Leftovers
|upkeep
|turn|12
|
|move|p1a: Corviknight|Roost|p1a: Corviknight
|-heal|p1a: Corviknight|100/100
|-singleturn|p1a: Corviknight|move: Roost
|move|p2a: Steelix|Iron Defense|p2a: Steelix
|-boost|p2a: Steelix|def|2
|
|-heal|p2a: Steelix|98/100|[from] item: Leftovers
|upkeep
|turn|13
|
|switch|p1a: Dragapult|Dragapult, M|100/100
|-damage|p1a: Dragapult|88/100|[from] Stealth Rock
|move|p2a: Steelix|Body Press|p1a: Dragapult
|-immune|p1a: Dragapult
|
|-heal|p2a: Steelix|100/100|[from] item: Leftovers
|upkeep
|turn|14
|
|switch|p2a: Mandibuzz|Mandibuzz, F|83/100
|move|p1a: Dragapult|Fire Blast|p2a: Mandibuzz
|-damage|p2a: Mandibuzz|52/100
|
|upkeep
|turn|15
|
|switch|p1a: Corviknight|Corviknight, F|100/100
|-damage|p1a: Corviknight|88/100|[from] Stealth Rock
|-ability|p1a: Corviknight|Pressure
|move|p2a: Mandibuzz|Roost|p2a: Mandibuzz
|-heal|p2a: Mandibuzz|100/100
|-singleturn|p2a: Mandibuzz|move: Roost
|
|-heal|p1a: Corviknight|94/100|[from] item: Leftovers
|upkeep
|turn|16
|
|move|p2a: Mandibuzz|U-turn|p1a: Corviknight
|-resisted|p1a: Corviknight
|-damage|p1a: Corviknight|92/100
|
|switch|p2a: Steelix|Steelix, M|100/100|[from]move: U-turn
|-damage|p2a: Steelix|97/100|[from] Stealth Rock
|move|p1a: Corviknight|Brave Bird|p2a: Steelix
|-resisted|p2a: Steelix
|-damage|p2a: Steelix|88/100
|-damage|p1a: Corviknight|90/100|[from] Recoil
|
|-heal|p1a: Corviknight|96/100|[from] item: Leftovers
|-heal|p2a: Steelix|94/100|[from] item: Leftovers
|upkeep
|turn|17
|
|switch|p1a: Dragapult|Dragapult, M|88/100
|-damage|p1a: Dragapult|76/100|[from] Stealth Rock
|move|p2a: Steelix|Iron Defense|p2a: Steelix
|-boost|p2a: Steelix|def|2
|
|-heal|p2a: Steelix|100/100|[from] item: Leftovers
|upkeep
|turn|18
|
|switch|p2a: Sylveon|Sylveon, M|99/100
|-damage|p2a: Sylveon|88/100|[from] Stealth Rock
|move|p1a: Dragapult|Fire Blast|p2a: Sylveon
|-damage|p2a: Sylveon|63/100
|
|-heal|p2a: Sylveon|69/100|[from] item: Leftovers
|upkeep
|turn|19
|
|switch|p1a: Aegislash|Aegislash, M|100/100
|-damage|p1a: Aegislash|94/100|[from] Stealth Rock
|move|p2a: Sylveon|Wish|p2a: Sylveon
|
|-heal|p2a: Sylveon|75/100|[from] item: Leftovers
|-heal|p1a: Aegislash|100/100|[from] item: Leftovers
|upkeep
|turn|20
|inactive|Battle timer is ON: inactive players will automatically lose when time's up. (requested by ferromolybdenum)
|
|switch|p2a: Steelix|Steelix, M|100/100
|-damage|p2a: Steelix|97/100|[from] Stealth Rock
|-formechange|p1a: Aegislash|Aegislash-Blade||[from] ability: Stance Change
|move|p1a: Aegislash|Iron Head|p2a: Steelix
|-resisted|p2a: Steelix
|-damage|p2a: Steelix|87/100
|
|-heal|p2a: Steelix|100/100|[from] move: Wish|[wisher] Sylveon
|upkeep
|turn|21
|
|switch|p1a: Dragapult|Dragapult, M|76/100
|-damage|p1a: Dragapult|64/100|[from] Stealth Rock
|move|p2a: Steelix|Heavy Slam|p1a: Dragapult
|-crit|p1a: Dragapult
|-damage|p1a: Dragapult|0 fnt
|faint|p1a: Dragapult
|
|upkeep
|
|switch|p1a: Seismitoad|Seismitoad, F|76/100
|-damage|p1a: Seismitoad|70/100|[from] Stealth Rock
|turn|22
|
|switch|p2a: Dragapult|Dragapult, F|91/100
|-damage|p2a: Dragapult|78/100|[from] Stealth Rock
|move|p1a: Seismitoad|Scald|p2a: Dragapult
|-resisted|p2a: Dragapult
|-damage|p2a: Dragapult|64/100
|
|-heal|p1a: Seismitoad|76/100|[from] item: Leftovers
|upkeep
|turn|23
|
|switch|p1a: Clefable|Clefable, M|75/100
|move|p2a: Dragapult|Draco Meteor|p1a: Clefable
|-immune|p1a: Clefable
|
|-heal|p1a: Clefable|81/100|[from] item: Leftovers
|upkeep
|turn|24
|
|switch|p2a: Steelix|Steelix, M|100/100
|-damage|p2a: Steelix|97/100|[from] Stealth Rock
|move|p1a: Clefable|Moonblast|p2a: Steelix
|-resisted|p2a: Steelix
|-damage|p2a: Steelix|84/100
|-unboost|p2a: Steelix|spa|1
|
|-heal|p1a: Clefable|87/100|[from] item: Leftovers
|-heal|p2a: Steelix|91/100|[from] item: Leftovers
|upkeep
|turn|25
|
|switch|p1a: Seismitoad|Seismitoad, F|76/100
|-damage|p1a: Seismitoad|70/100|[from] Stealth Rock
|move|p2a: Steelix|Iron Defense|p2a: Steelix
|-boost|p2a: Steelix|def|2
|
|-heal|p1a: Seismitoad|76/100|[from] item: Leftovers
|-heal|p2a: Steelix|97/100|[from] item: Leftovers
|upkeep
|turn|26
|
|move|p1a: Seismitoad|Scald|p2a: Steelix
|-supereffective|p2a: Steelix
|-damage|p2a: Steelix|57/100
|move|p2a: Steelix|Body Press|p1a: Seismitoad
|-damage|p1a: Seismitoad|30/100
|
|-heal|p1a: Seismitoad|36/100|[from] item: Leftovers
|-heal|p2a: Steelix|63/100|[from] item: Leftovers
|upkeep
|turn|27
|
|move|p1a: Seismitoad|Scald|p2a: Steelix
|-supereffective|p2a: Steelix
|-damage|p2a: Steelix|26/100
|move|p2a: Steelix|Body Press|p1a: Seismitoad
|-damage|p1a: Seismitoad|0 fnt
|faint|p1a: Seismitoad
|
|-heal|p2a: Steelix|32/100|[from] item: Leftovers
|upkeep
|
|switch|p1a: Aegislash|Aegislash, M|100/100
|-damage|p1a: Aegislash|94/100|[from] Stealth Rock
|turn|28
|
|switch|p2a: Toxapex|Toxapex, F|100/100
|-damage|p2a: Toxapex|88/100|[from] Stealth Rock
|-formechange|p1a: Aegislash|Aegislash-Blade||[from] ability: Stance Change
|move|p1a: Aegislash|Shadow Ball|p2a: Toxapex
|-damage|p2a: Toxapex|59/100
|
|-heal|p1a: Aegislash|100/100|[from] item: Leftovers
|upkeep
|turn|29
|
|switch|p1a: Hatterene|Hatterene, F|100/100
|-damage|p1a: Hatterene|88/100|[from] Stealth Rock
|move|p2a: Toxapex|Toxic Spikes|p1a: Hatterene
|move|p1a: Hatterene|Toxic Spikes|p2a: Toxapex|[from]Magic Bounce
|-sidestart|p2: Dancing shoes|move: Toxic Spikes
|
|-heal|p1a: Hatterene|94/100|[from] item: Leftovers
|upkeep
|turn|30
|
|switch|p2a: Mandibuzz|Mandibuzz, F|100/100
|move|p1a: Hatterene|Calm Mind|p1a: Hatterene
|-boost|p1a: Hatterene|spa|1
|-boost|p1a: Hatterene|spd|1
|
|-heal|p1a: Hatterene|99/100|[from] item: Leftovers
|upkeep
|turn|31
|
|move|p2a: Mandibuzz|Defog|p1a: Hatterene
|move|p1a: Hatterene|Defog|p2a: Mandibuzz|[from]Magic Bounce
|-unboost|p2a: Mandibuzz|evasion|1
|-sideend|p2: Dancing shoes|Toxic Spikes|[from] move: Defog|[of] p1a: Hatterene
|-sideend|p2: Dancing shoes|Stealth Rock|[from] move: Defog|[of] p1a: Hatterene
|-sideend|p1: ferromolybdenum|Stealth Rock|[from] move: Defog|[of] p1a: Hatterene
|move|p1a: Hatterene|Calm Mind|p1a: Hatterene
|-boost|p1a: Hatterene|spa|1
|-boost|p1a: Hatterene|spd|1
|
|-heal|p1a: Hatterene|100/100|[from] item: Leftovers
|upkeep
|turn|32
|
|move|p2a: Mandibuzz|U-turn|p1a: Hatterene
|-damage|p1a: Hatterene|90/100
|
|switch|p2a: Sylveon|Sylveon, M|75/100|[from]move: U-turn
|move|p1a: Hatterene|Calm Mind|p1a: Hatterene
|-boost|p1a: Hatterene|spa|1
|-boost|p1a: Hatterene|spd|1
|
|-heal|p2a: Sylveon|81/100|[from] item: Leftovers
|-heal|p1a: Hatterene|96/100|[from] item: Leftovers
|upkeep
|turn|33
|
|move|p2a: Sylveon|Calm Mind|p2a: Sylveon
|-boost|p2a: Sylveon|spa|1
|-boost|p2a: Sylveon|spd|1
|move|p1a: Hatterene|Mystical Fire|p2a: Sylveon
|-damage|p2a: Sylveon|63/100
|-unboost|p2a: Sylveon|spa|1
|
|-heal|p2a: Sylveon|69/100|[from] item: Leftovers
|-heal|p1a: Hatterene|100/100|[from] item: Leftovers
|upkeep
|turn|34
|
|move|p2a: Sylveon|Calm Mind|p2a: Sylveon
|-boost|p2a: Sylveon|spa|1
|-boost|p2a: Sylveon|spd|1
|move|p1a: Hatterene|Calm Mind|p1a: Hatterene
|-boost|p1a: Hatterene|spa|1
|-boost|p1a: Hatterene|spd|1
|
|-heal|p2a: Sylveon|75/100|[from] item: Leftovers
|upkeep
|turn|35
|
|move|p2a: Sylveon|Calm Mind|p2a: Sylveon
|-boost|p2a: Sylveon|spa|1
|-boost|p2a: Sylveon|spd|1
|move|p1a: Hatterene|Mystical Fire|p2a: Sylveon
|-crit|p2a: Sylveon
|-damage|p2a: Sylveon|20/100
|-unboost|p2a: Sylveon|spa|1
|
|-heal|p2a: Sylveon|26/100|[from] item: Leftovers
|upkeep
|turn|36
|
|move|p2a: Sylveon|Calm Mind|p2a: Sylveon
|-boost|p2a: Sylveon|spa|1
|-boost|p2a: Sylveon|spd|1
|move|p1a: Hatterene|Mystical Fire|p2a: Sylveon
|-damage|p2a: Sylveon|13/100
|-unboost|p2a: Sylveon|spa|1
|
|-heal|p2a: Sylveon|19/100|[from] item: Leftovers
|upkeep
|turn|37
|
|move|p2a: Sylveon|Wish|p2a: Sylveon
|move|p1a: Hatterene|Mystical Fire|p2a: Sylveon
|-damage|p2a: Sylveon|7/100
|-unboost|p2a: Sylveon|spa|1
|
|-heal|p2a: Sylveon|13/100|[from] item: Leftovers
|upkeep
|turn|38
|
|move|p2a: Sylveon|Protect|p2a: Sylveon
|-singleturn|p2a: Sylveon|Protect
|move|p1a: Hatterene|Calm Mind|p1a: Hatterene
|-boost|p1a: Hatterene|spa|1
|-boost|p1a: Hatterene|spd|1
|
|-heal|p2a: Sylveon|63/100|[from] move: Wish|[wisher] Sylveon
|-heal|p2a: Sylveon|69/100|[from] item: Leftovers
|upkeep
|turn|39
|
|move|p2a: Sylveon|Calm Mind|p2a: Sylveon
|-boost|p2a: Sylveon|spa|1
|-boost|p2a: Sylveon|spd|1
|move|p1a: Hatterene|Calm Mind|p1a: Hatterene
|-boost|p1a: Hatterene|spa|1
|-boost|p1a: Hatterene|spd|1
|
|-heal|p2a: Sylveon|76/100|[from] item: Leftovers
|upkeep
|turn|40
|
|move|p2a: Sylveon|Calm Mind|p2a: Sylveon
|-boost|p2a: Sylveon|spa|1
|-boost|p2a: Sylveon|spd|1
|move|p1a: Hatterene|Mystical Fire|p2a: Sylveon
|-damage|p2a: Sylveon|64/100
|-unboost|p2a: Sylveon|spa|1
|
|-heal|p2a: Sylveon|70/100|[from] item: Leftovers
|upkeep
|turn|41
|
|move|p2a: Sylveon|Calm Mind|p2a: Sylveon
|-boost|p2a: Sylveon|spa|1
|-boost|p2a: Sylveon|spd|0
|move|p1a: Hatterene|Mystical Fire|p2a: Sylveon
|-damage|p2a: Sylveon|57/100
|-unboost|p2a: Sylveon|spa|1
|
|-heal|p2a: Sylveon|63/100|[from] item: Leftovers
|upkeep
|turn|42
|
|move|p2a: Sylveon|Calm Mind|p2a: Sylveon
|-boost|p2a: Sylveon|spa|1
|-boost|p2a: Sylveon|spd|0
|move|p1a: Hatterene|Mystical Fire|p2a: Sylveon
|-damage|p2a: Sylveon|51/100
|-unboost|p2a: Sylveon|spa|1
|
|-heal|p2a: Sylveon|57/100|[from] item: Leftovers
|upkeep
|turn|43
|
|move|p2a: Sylveon|Wish|p2a: Sylveon
|move|p1a: Hatterene|Mystical Fire|p2a: Sylveon
|-damage|p2a: Sylveon|45/100
|-unboost|p2a: Sylveon|spa|1
|
|-heal|p2a: Sylveon|51/100|[from] item: Leftovers
|upkeep
|turn|44
|
|move|p2a: Sylveon|Hyper Voice|p1a: Hatterene
|-damage|p1a: Hatterene|90/100
|move|p1a: Hatterene|Mystical Fire|p2a: Sylveon
|-damage|p2a: Sylveon|38/100
|-unboost|p2a: Sylveon|spa|1
|
|-heal|p2a: Sylveon|88/100|[from] move: Wish|[wisher] Sylveon
|-heal|p2a: Sylveon|94/100|[from] item: Leftovers
|-heal|p1a: Hatterene|96/100|[from] item: Leftovers
|upkeep
|turn|45
|
|move|p2a: Sylveon|Hyper Voice|p1a: Hatterene
|-damage|p1a: Hatterene|89/100
|move|p1a: Hatterene|Mystical Fire|p2a: Sylveon
|-damage|p2a: Sylveon|83/100
|-unboost|p2a: Sylveon|spa|1
|
|-heal|p2a: Sylveon|89/100|[from] item: Leftovers
|-heal|p1a: Hatterene|95/100|[from] item: Leftovers
|upkeep
|turn|46
|
|move|p2a: Sylveon|Calm Mind|p2a: Sylveon
|-boost|p2a: Sylveon|spa|1
|-boost|p2a: Sylveon|spd|0
|move|p1a: Hatterene|Psychic|p2a: Sylveon
|-damage|p2a: Sylveon|70/100
|-unboost|p2a: Sylveon|spd|1
|
|-heal|p2a: Sylveon|76/100|[from] item: Leftovers
|-heal|p1a: Hatterene|100/100|[from] item: Leftovers
|upkeep
|turn|47
|
|move|p2a: Sylveon|Calm Mind|p2a: Sylveon
|-boost|p2a: Sylveon|spa|1
|-boost|p2a: Sylveon|spd|1
|move|p1a: Hatterene|Psychic|p2a: Sylveon
|-damage|p2a: Sylveon|56/100
|
|-heal|p2a: Sylveon|62/100|[from] item: Leftovers
|upkeep
|turn|48
|
|move|p2a: Sylveon|Wish|p2a: Sylveon
|move|p1a: Hatterene|Mystical Fire|p2a: Sylveon
|-damage|p2a: Sylveon|51/100
|-unboost|p2a: Sylveon|spa|1
|
|-heal|p2a: Sylveon|57/100|[from] item: Leftovers
|upkeep
|turn|49
|
|move|p2a: Sylveon|Calm Mind|p2a: Sylveon
|-boost|p2a: Sylveon|spa|1
|-boost|p2a: Sylveon|spd|0
|move|p1a: Hatterene|Psychic|p2a: Sylveon
|-damage|p2a: Sylveon|37/100
|
|-heal|p2a: Sylveon|87/100|[from] move: Wish|[wisher] Sylveon
|-heal|p2a: Sylveon|93/100|[from] item: Leftovers
|upkeep
|turn|50
|
|move|p2a: Sylveon|Calm Mind|p2a: Sylveon
|-boost|p2a: Sylveon|spa|1
|-boost|p2a: Sylveon|spd|0
|move|p1a: Hatterene|Psychic|p2a: Sylveon
|-crit|p2a: Sylveon
|-damage|p2a: Sylveon|0 fnt
|faint|p2a: Sylveon
|
|upkeep
|
|switch|p2a: Cinderace|Cinderace, M|100/100
|turn|51
|
|move|p2a: Cinderace|Pyro Ball|p1a: Hatterene
|-damage|p1a: Hatterene|34/100
|move|p1a: Hatterene|Psychic|p2a: Cinderace
|-damage|p2a: Cinderace|0 fnt
|faint|p2a: Cinderace
|
|-heal|p1a: Hatterene|39/100|[from] item: Leftovers
|upkeep
|
|switch|p2a: Steelix|Steelix, M|32/100
|turn|52
|
|switch|p1a: Aegislash|Aegislash, M|100/100
|move|p2a: Steelix|Heavy Slam|p1a: Aegislash
|-resisted|p1a: Aegislash
|-damage|p1a: Aegislash|87/100
|
|-heal|p1a: Aegislash|93/100|[from] item: Leftovers
|-heal|p2a: Steelix|38/100|[from] item: Leftovers
|upkeep
|turn|53
|
|switch|p2a: Mandibuzz|Mandibuzz, F|100/100
|-formechange|p1a: Aegislash|Aegislash-Blade||[from] ability: Stance Change
|move|p1a: Aegislash|Shadow Ball|p2a: Mandibuzz
|-resisted|p2a: Mandibuzz
|-damage|p2a: Mandibuzz|90/100
|-unboost|p2a: Mandibuzz|spd|1
|
|-heal|p1a: Aegislash|99/100|[from] item: Leftovers
|upkeep
|turn|54
|
|switch|p1a: Hatterene|Hatterene, F|39/100
|move|p2a: Mandibuzz|U-turn|p1a: Hatterene
|-damage|p1a: Hatterene|30/100
|
|switch|p2a: Dragapult|Dragapult, F|64/100|[from]move: U-turn
|
|-heal|p1a: Hatterene|36/100|[from] item: Leftovers
|upkeep
|turn|55
|
|switch|p1a: Clefable|Clefable, M|87/100
|move|p2a: Dragapult|Shadow Ball|p1a: Clefable
|-damage|p1a: Clefable|49/100
|-damage|p2a: Dragapult|54/100|[from] item: Life Orb
|
|-heal|p1a: Clefable|56/100|[from] item: Leftovers
|upkeep
|turn|56
|
|switch|p2a: Steelix|Steelix, M|38/100
|move|p1a: Clefable|Wish|p1a: Clefable
|
|-heal|p1a: Clefable|62/100|[from] item: Leftovers
|-heal|p2a: Steelix|45/100|[from] item: Leftovers
|upkeep
|turn|57
|
|move|p1a: Clefable|Protect|p1a: Clefable
|-singleturn|p1a: Clefable|Protect
|move|p2a: Steelix|Heavy Slam|p1a: Clefable
|-activate|p1a: Clefable|move: Protect
|
|-heal|p1a: Clefable|100/100|[from] move: Wish|[wisher] Clefable
|-heal|p2a: Steelix|51/100|[from] item: Leftovers
|upkeep
|turn|58
|
|switch|p1a: Aegislash|Aegislash, M|99/100
|move|p2a: Steelix|Stealth Rock|p1a: Aegislash
|-sidestart|p1: ferromolybdenum|move: Stealth Rock
|
|-heal|p1a: Aegislash|100/100|[from] item: Leftovers
|-heal|p2a: Steelix|57/100|[from] item: Leftovers
|upkeep
|turn|59
|
|switch|p2a: Toxapex|Toxapex, F|92/100
|-formechange|p1a: Aegislash|Aegislash-Blade||[from] ability: Stance Change
|move|p1a: Aegislash|Shadow Ball|p2a: Toxapex
|-damage|p2a: Toxapex|61/100
|
|upkeep
|turn|60
|
|switch|p1a: Hatterene|Hatterene, F|36/100
|-damage|p1a: Hatterene|24/100|[from] Stealth Rock
|move|p2a: Toxapex|Scald|p1a: Hatterene
|-damage|p1a: Hatterene|5/100
|-status|p1a: Hatterene|brn
|
|-heal|p1a: Hatterene|11/100 brn|[from] item: Leftovers
|-damage|p1a: Hatterene|5/100 brn|[from] brn
|upkeep
|turn|61
|
|move|p1a: Hatterene|Psychic|p2a: Toxapex
|-supereffective|p2a: Toxapex
|-damage|p2a: Toxapex|0 fnt
|faint|p2a: Toxapex
|
|-heal|p1a: Hatterene|11/100 brn|[from] item: Leftovers
|-damage|p1a: Hatterene|5/100 brn|[from] brn
|upkeep
|
|switch|p2a: Dragapult|Dragapult, F|54/100
|turn|62
|
|move|p2a: Dragapult|U-turn|p1a: Hatterene
|-damage|p1a: Hatterene|0 fnt
|-damage|p2a: Dragapult|44/100|[from] item: Life Orb
|faint|p1a: Hatterene
|
|switch|p2a: Steelix|Steelix, M|57/100|[from]move: U-turn
|
|-heal|p2a: Steelix|63/100|[from] item: Leftovers
|upkeep
|
|switch|p1a: Aegislash|Aegislash, M|100/100
|-damage|p1a: Aegislash|94/100|[from] Stealth Rock
|turn|63
|
|switch|p2a: Mandibuzz|Mandibuzz, F|90/100
|-formechange|p1a: Aegislash|Aegislash-Blade||[from] ability: Stance Change
|move|p1a: Aegislash|Iron Head|p2a: Mandibuzz
|-damage|p2a: Mandibuzz|61/100
|
|-heal|p1a: Aegislash|100/100|[from] item: Leftovers
|upkeep
|turn|64
|
|switch|p1a: Clefable|Clefable, M|100/100
|move|p2a: Mandibuzz|Foul Play|p1a: Clefable
|-resisted|p1a: Clefable
|-damage|p1a: Clefable|92/100
|
|-heal|p1a: Clefable|98/100|[from] item: Leftovers
|upkeep
|turn|65
|
|switch|p2a: Steelix|Steelix, M|63/100
|move|p1a: Clefable|Moonblast|p2a: Steelix
|-resisted|p2a: Steelix
|-damage|p2a: Steelix|50/100
|-unboost|p2a: Steelix|spa|1
|
|-heal|p1a: Clefable|100/100|[from] item: Leftovers
|-heal|p2a: Steelix|56/100|[from] item: Leftovers
|upkeep
|turn|66
|
|switch|p1a: Aegislash|Aegislash, M|100/100
|-damage|p1a: Aegislash|94/100|[from] Stealth Rock
|move|p2a: Steelix|Heavy Slam|p1a: Aegislash
|-resisted|p1a: Aegislash
|-damage|p1a: Aegislash|80/100
|
|-heal|p1a: Aegislash|87/100|[from] item: Leftovers
|-heal|p2a: Steelix|62/100|[from] item: Leftovers
|upkeep
|turn|67
|
|switch|p2a: Mandibuzz|Mandibuzz, F|61/100
|-formechange|p1a: Aegislash|Aegislash-Blade||[from] ability: Stance Change
|move|p1a: Aegislash|Shadow Ball|p2a: Mandibuzz
|-resisted|p2a: Mandibuzz
|-damage|p2a: Mandibuzz|50/100
|
|-heal|p1a: Aegislash|93/100|[from] item: Leftovers
|upkeep
|turn|68
|
|switch|p1a: Clefable|Clefable, M|100/100
|move|p2a: Mandibuzz|Roost|p2a: Mandibuzz
|-heal|p2a: Mandibuzz|99/100
|-singleturn|p2a: Mandibuzz|move: Roost
|
|upkeep
|turn|69
|
|switch|p2a: Steelix|Steelix, M|62/100
|move|p1a: Clefable|Moonblast|p2a: Steelix
|-resisted|p2a: Steelix
|-damage|p2a: Steelix|48/100
|
|-heal|p2a: Steelix|54/100|[from] item: Leftovers
|upkeep
|turn|70
|
|switch|p1a: Aegislash|Aegislash, M|93/100
|-damage|p1a: Aegislash|87/100|[from] Stealth Rock
|move|p2a: Steelix|Heavy Slam|p1a: Aegislash
|-resisted|p1a: Aegislash
|-damage|p1a: Aegislash|74/100
|
|-heal|p1a: Aegislash|80/100|[from] item: Leftovers
|-heal|p2a: Steelix|60/100|[from] item: Leftovers
|upkeep
|turn|71
|
|switch|p2a: Mandibuzz|Mandibuzz, F|99/100
|-formechange|p1a: Aegislash|Aegislash-Blade||[from] ability: Stance Change
|move|p1a: Aegislash|Shadow Ball|p2a: Mandibuzz
|-resisted|p2a: Mandibuzz
|-damage|p2a: Mandibuzz|88/100
|
|-heal|p1a: Aegislash|86/100|[from] item: Leftovers
|upkeep
|turn|72
|
|switch|p1a: Clefable|Clefable, M|100/100
|move|p2a: Mandibuzz|U-turn|p1a: Clefable
|-resisted|p1a: Clefable
|-damage|p1a: Clefable|96/100
|
|switch|p2a: Steelix|Steelix, M|60/100|[from]move: U-turn
|
|-heal|p1a: Clefable|100/100|[from] item: Leftovers
|-heal|p2a: Steelix|66/100|[from] item: Leftovers
|upkeep
|turn|73
|
|switch|p1a: Aegislash|Aegislash, M|86/100
|-damage|p1a: Aegislash|80/100|[from] Stealth Rock
|move|p2a: Steelix|Heavy Slam|p1a: Aegislash
|-resisted|p1a: Aegislash
|-damage|p1a: Aegislash|65/100
|
|-heal|p1a: Aegislash|71/100|[from] item: Leftovers
|-heal|p2a: Steelix|72/100|[from] item: Leftovers
|upkeep
|turn|74
|
|switch|p2a: Mandibuzz|Mandibuzz, F|88/100
|-formechange|p1a: Aegislash|Aegislash-Blade||[from] ability: Stance Change
|move|p1a: Aegislash|Shadow Ball|p2a: Mandibuzz
|-resisted|p2a: Mandibuzz
|-damage|p2a: Mandibuzz|78/100
|
|-heal|p1a: Aegislash|77/100|[from] item: Leftovers
|upkeep
|turn|75
|
|switch|p1a: Clefable|Clefable, M|100/100
|move|p2a: Mandibuzz|U-turn|p1a: Clefable
|-resisted|p1a: Clefable
|-damage|p1a: Clefable|96/100
|
|switch|p2a: Steelix|Steelix, M|72/100|[from]move: U-turn
|
|-heal|p1a: Clefable|100/100|[from] item: Leftovers
|-heal|p2a: Steelix|79/100|[from] item: Leftovers
|upkeep
|turn|76
|
|switch|p1a: Corviknight|Corviknight, F|96/100
|-damage|p1a: Corviknight|83/100|[from] Stealth Rock
|-ability|p1a: Corviknight|Pressure
|move|p2a: Steelix|Heavy Slam|p1a: Corviknight
|-resisted|p1a: Corviknight
|-damage|p1a: Corviknight|73/100
|
|-heal|p1a: Corviknight|79/100|[from] item: Leftovers
|-heal|p2a: Steelix|85/100|[from] item: Leftovers
|upkeep
|turn|77
|
|move|p1a: Corviknight|Defog|p2a: Steelix
|-unboost|p2a: Steelix|evasion|1
|-sideend|p1: ferromolybdenum|Stealth Rock|[from] move: Defog|[of] p1a: Corviknight
|move|p2a: Steelix|Iron Defense|p2a: Steelix
|-boost|p2a: Steelix|def|2
|
|-heal|p1a: Corviknight|85/100|[from] item: Leftovers
|-heal|p2a: Steelix|91/100|[from] item: Leftovers
|upkeep
|turn|78
|
|switch|p1a: Aegislash|Aegislash, M|77/100
|move|p2a: Steelix|Heavy Slam|p1a: Aegislash
|-resisted|p1a: Aegislash
|-damage|p1a: Aegislash|63/100
|
|-heal|p1a: Aegislash|69/100|[from] item: Leftovers
|-heal|p2a: Steelix|97/100|[from] item: Leftovers
|upkeep
|turn|79
|
|-formechange|p1a: Aegislash|Aegislash-Blade||[from] ability: Stance Change
|move|p1a: Aegislash|Shadow Ball|p2a: Steelix
|-damage|p2a: Steelix|61/100
|move|p2a: Steelix|Stealth Rock|p1a: Aegislash
|-sidestart|p1: ferromolybdenum|move: Stealth Rock
|
|-heal|p1a: Aegislash|75/100|[from] item: Leftovers
|-heal|p2a: Steelix|68/100|[from] item: Leftovers
|upkeep
|turn|80
|
|switch|p2a: Mandibuzz|Mandibuzz, F|78/100
|move|p1a: Aegislash|Shadow Ball|p2a: Mandibuzz
|-resisted|p2a: Mandibuzz
|-damage|p2a: Mandibuzz|67/100
|
|-heal|p1a: Aegislash|81/100|[from] item: Leftovers
|upkeep
|turn|81
|
|-formechange|p1a: Aegislash|Aegislash||[from] ability: Stance Change
|move|p1a: Aegislash|King's Shield|p1a: Aegislash
|-singleturn|p1a: Aegislash|Protect
|move|p2a: Mandibuzz|U-turn|p1a: Aegislash
|-activate|p1a: Aegislash|move: Protect
|-unboost|p2a: Mandibuzz|atk|1
|
|-heal|p1a: Aegislash|87/100|[from] item: Leftovers
|upkeep
|turn|82
|
|switch|p1a: Clefable|Clefable, M|100/100
|move|p2a: Mandibuzz|U-turn|p1a: Clefable
|-resisted|p1a: Clefable
|-damage|p1a: Clefable|97/100
|
|switch|p2a: Steelix|Steelix, M|68/100|[from]move: U-turn
|
|-heal|p1a: Clefable|100/100|[from] item: Leftovers
|-heal|p2a: Steelix|74/100|[from] item: Leftovers
|upkeep
|turn|83
|
|switch|p1a: Aegislash|Aegislash, M|87/100
|-damage|p1a: Aegislash|81/100|[from] Stealth Rock
|move|p2a: Steelix|Iron Defense|p2a: Steelix
|-boost|p2a: Steelix|def|2
|
|-heal|p1a: Aegislash|87/100|[from] item: Leftovers
|-heal|p2a: Steelix|80/100|[from] item: Leftovers
|upkeep
|turn|84
|
|switch|p2a: Mandibuzz|Mandibuzz, F|67/100
|-formechange|p1a: Aegislash|Aegislash-Blade||[from] ability: Stance Change
|move|p1a: Aegislash|Shadow Ball|p2a: Mandibuzz
|-resisted|p2a: Mandibuzz
|-damage|p2a: Mandibuzz|56/100
|
|-heal|p1a: Aegislash|93/100|[from] item: Leftovers
|upkeep
|turn|85
|
|switch|p1a: Clefable|Clefable, M|100/100
|move|p2a: Mandibuzz|Roost|p2a: Mandibuzz
|-heal|p2a: Mandibuzz|100/100
|-singleturn|p2a: Mandibuzz|move: Roost
|
|upkeep
|turn|86
|
|move|p2a: Mandibuzz|U-turn|p1a: Clefable
|-resisted|p1a: Clefable
|-damage|p1a: Clefable|95/100
|
|switch|p2a: Steelix|Steelix, M|80/100|[from]move: U-turn
|move|p1a: Clefable|Moonblast|p2a: Steelix
|-resisted|p2a: Steelix
|-damage|p2a: Steelix|67/100
|
|-heal|p1a: Clefable|100/100|[from] item: Leftovers
|-heal|p2a: Steelix|73/100|[from] item: Leftovers
|upkeep
|turn|87
|
|switch|p1a: Aegislash|Aegislash, M|93/100
|-damage|p1a: Aegislash|87/100|[from] Stealth Rock
|move|p2a: Steelix|Iron Defense|p2a: Steelix
|-boost|p2a: Steelix|def|2
|
|-heal|p1a: Aegislash|93/100|[from] item: Leftovers
|-heal|p2a: Steelix|79/100|[from] item: Leftovers
|upkeep
|turn|88
|
|switch|p2a: Mandibuzz|Mandibuzz, F|100/100
|-formechange|p1a: Aegislash|Aegislash-Blade||[from] ability: Stance Change
|move|p1a: Aegislash|Iron Head|p2a: Mandibuzz
|-damage|p2a: Mandibuzz|75/100
|
|-heal|p1a: Aegislash|99/100|[from] item: Leftovers
|upkeep
|turn|89
|
|switch|p1a: Clefable|Clefable, M|100/100
|move|p2a: Mandibuzz|Foul Play|p1a: Clefable
|-resisted|p1a: Clefable
|-damage|p1a: Clefable|92/100
|
|-heal|p1a: Clefable|98/100|[from] item: Leftovers
|upkeep
|turn|90
|
|move|p2a: Mandibuzz|U-turn|p1a: Clefable
|-resisted|p1a: Clefable
|-damage|p1a: Clefable|93/100
|
|switch|p2a: Steelix|Steelix, M|79/100|[from]move: U-turn
|move|p1a: Clefable|Moonblast|p2a: Steelix
|-resisted|p2a: Steelix
|-damage|p2a: Steelix|65/100
|
|-heal|p1a: Clefable|99/100|[from] item: Leftovers
|-heal|p2a: Steelix|71/100|[from] item: Leftovers
|upkeep
|turn|91
|
|switch|p1a: Aegislash|Aegislash, M|99/100
|-damage|p1a: Aegislash|93/100|[from] Stealth Rock
|move|p2a: Steelix|Iron Defense|p2a: Steelix
|-boost|p2a: Steelix|def|2
|
|-heal|p1a: Aegislash|99/100|[from] item: Leftovers
|-heal|p2a: Steelix|77/100|[from] item: Leftovers
|upkeep
|turn|92
|
|switch|p2a: Mandibuzz|Mandibuzz, F|75/100
|-formechange|p1a: Aegislash|Aegislash-Blade||[from] ability: Stance Change
|move|p1a: Aegislash|Shadow Ball|p2a: Mandibuzz
|-resisted|p2a: Mandibuzz
|-damage|p2a: Mandibuzz|63/100
|
|-heal|p1a: Aegislash|100/100|[from] item: Leftovers
|upkeep
|turn|93
|
|switch|p1a: Clefable|Clefable, M|99/100
|move|p2a: Mandibuzz|U-turn|p1a: Clefable
|-resisted|p1a: Clefable
|-damage|p1a: Clefable|94/100
|
|switch|p2a: Steelix|Steelix, M|77/100|[from]move: U-turn
|
|-heal|p1a: Clefable|99/100|[from] item: Leftovers
|-heal|p2a: Steelix|84/100|[from] item: Leftovers
|upkeep
|turn|94
|
|move|p1a: Clefable|Wish|p1a: Clefable
|move|p2a: Steelix|Iron Defense|p2a: Steelix
|-boost|p2a: Steelix|def|2
|
|-heal|p1a: Clefable|100/100|[from] item: Leftovers
|-heal|p2a: Steelix|90/100|[from] item: Leftovers
|upkeep
|turn|95
|
|switch|p1a: Aegislash|Aegislash, M|100/100
|-damage|p1a: Aegislash|94/100|[from] Stealth Rock
|move|p2a: Steelix|Iron Defense|p2a: Steelix
|-boost|p2a: Steelix|def|2
|
|-heal|p1a: Aegislash|100/100|[from] move: Wish|[wisher] Clefable
|-heal|p2a: Steelix|96/100|[from] item: Leftovers
|upkeep
|turn|96
|
|switch|p2a: Mandibuzz|Mandibuzz, F|63/100
|-formechange|p1a: Aegislash|Aegislash-Blade||[from] ability: Stance Change
|move|p1a: Aegislash|Shadow Ball|p2a: Mandibuzz
|-resisted|p2a: Mandibuzz
|-crit|p2a: Mandibuzz
|-damage|p2a: Mandibuzz|47/100
|
|upkeep
|turn|97
|
|switch|p1a: Corviknight|Corviknight, F|85/100
|-damage|p1a: Corviknight|73/100|[from] Stealth Rock
|-ability|p1a: Corviknight|Pressure
|move|p2a: Mandibuzz|Roost|p2a: Mandibuzz
|-heal|p2a: Mandibuzz|97/100
|-singleturn|p2a: Mandibuzz|move: Roost
|
|-heal|p1a: Corviknight|79/100|[from] item: Leftovers
|upkeep
|turn|98
|
|switch|p2a: Dragapult|Dragapult, F|44/100
|move|p1a: Corviknight|Defog|p2a: Dragapult
|-unboost|p2a: Dragapult|evasion|1
|-sideend|p1: ferromolybdenum|Stealth Rock|[from] move: Defog|[of] p1a: Corviknight
|
|-heal|p1a: Corviknight|85/100|[from] item: Leftovers
|upkeep
|turn|99
|
|switch|p1a: Clefable|Clefable, M|100/100
|move|p2a: Dragapult|Fire Blast|p1a: Clefable
|-damage|p1a: Clefable|68/100
|-damage|p2a: Dragapult|35/100|[from] item: Life Orb
|
|-heal|p1a: Clefable|74/100|[from] item: Leftovers
|upkeep
|turn|100
|
|switch|p2a: Steelix|Steelix, M|96/100
|move|p1a: Clefable|Moonblast|p2a: Steelix
|-resisted|p2a: Steelix
|-damage|p2a: Steelix|82/100
|
|-heal|p1a: Clefable|80/100|[from] item: Leftovers
|-heal|p2a: Steelix|89/100|[from] item: Leftovers
|upkeep
|turn|101
|
|switch|p1a: Aegislash|Aegislash, M|100/100
|move|p2a: Steelix|Stealth Rock|p1a: Aegislash
|-sidestart|p1: ferromolybdenum|move: Stealth Rock
|
|-heal|p2a: Steelix|95/100|[from] item: Leftovers
|upkeep
|turn|102
|
|switch|p2a: Mandibuzz|Mandibuzz, F|97/100
|-formechange|p1a: Aegislash|Aegislash-Blade||[from] ability: Stance Change
|move|p1a: Aegislash|Shadow Ball|p2a: Mandibuzz
|-resisted|p2a: Mandibuzz
|-damage|p2a: Mandibuzz|86/100
|
|upkeep
|turn|103
|
|move|p2a: Mandibuzz|U-turn|p1a: Aegislash
|-resisted|p1a: Aegislash
|-damage|p1a: Aegislash|95/100
|
|switch|p2a: Steelix|Steelix, M|95/100|[from]move: U-turn
|move|p1a: Aegislash|Iron Head|p2a: Steelix
|-resisted|p2a: Steelix
|-damage|p2a: Steelix|84/100
|
|-heal|p1a: Aegislash|100/100|[from] item: Leftovers
|-heal|p2a: Steelix|91/100|[from] item: Leftovers
|upkeep
|turn|104
|
|switch|p2a: Mandibuzz|Mandibuzz, F|86/100
|move|p1a: Aegislash|Shadow Ball|p2a: Mandibuzz
|-resisted|p2a: Mandibuzz
|-damage|p2a: Mandibuzz|75/100
|
|upkeep
|turn|105
|
|switch|p1a: Clefable|Clefable, M|80/100
|move|p2a: Mandibuzz|Roost|p2a: Mandibuzz
|-heal|p2a: Mandibuzz|100/100
|-singleturn|p2a: Mandibuzz|move: Roost
|
|-heal|p1a: Clefable|86/100|[from] item: Leftovers
|upkeep
|turn|106
|
|switch|p2a: Steelix|Steelix, M|91/100
|move|p1a: Clefable|Moonblast|p2a: Steelix
|-resisted|p2a: Steelix
|-damage|p2a: Steelix|78/100
|
|-heal|p1a: Clefable|92/100|[from] item: Leftovers
|-heal|p2a: Steelix|84/100|[from] item: Leftovers
|upkeep
|turn|107
|-message|Dancing shoes forfeited.
|
|win|ferromolybdenum
|l|☆Dancing shoes
|raw|ferromolybdenum's rating: 1608 &rarr; <strong>1624</strong><br />(+16 for winning)
|raw|Dancing shoes's rating: 1537 &rarr; <strong>1521</strong><br />(-16 for losing)
ferromolybdenum is offering a tie.
