|html|<div class="broadcast-blue"><strong>[Gen 8] OU is currently suspecting Melmetal! For information on how to participate check out the <a href="https://www.smogon.com/forums/threads/np-ss-ou-suspect-process-round-12-monster-mash.3709234/">suspect thread</a>.</strong></div>
|j|☆gotsnsd
|j|☆minimax_ai
|t:|1666422220
|gametype|singles
|player|p1|gotsnsd|beauty-gen2jp|1539
|player|p2|minimax_ai|lusamine-nihilego|1469
|teamsize|p1|6
|teamsize|p2|6
|gen|8
|tier|[Gen 8] OU
|rated|
|rule|Sleep Clause Mod: Limit one foe put to sleep
|rule|Species Clause: Limit one of each Pokémon
|rule|OHKO Clause: OHKO moves are banned
|rule|Evasion Items Clause: Evasion items are banned
|rule|Evasion Moves Clause: Evasion moves are banned
|rule|Endless Battle Clause: Forcing endless battles is banned
|rule|HP Percentage Mod: HP is shown in percentages
|rule|Dynamax Clause: You cannot dynamax
|clearpoke
|poke|p1|Melmetal|
|poke|p1|Tapu Fini|
|poke|p1|Mr. Rime, F|
|poke|p1|Dragapult, M|
|poke|p1|Heatran, F|
|poke|p1|Landorus-Therian, M|
|poke|p2|Rotom-Wash|
|poke|p2|Weavile, M|
|poke|p2|Landorus-Therian, M|
|poke|p2|Heatran, M|
|poke|p2|Tangrowth, M|
|poke|p2|Melmetal|
|teampreview
|
|t:|1666422224
|start
|switch|p1a: Mr. Rime|Mr. Rime, F|100/100
|switch|p2a: Melmetal|Melmetal|100/100
|turn|1
|c|☆minimax_ai|hf
|inactive|Battle timer is ON: inactive players will automatically lose when time's up. (requested by minimax_ai)
|
|t:|1666422233
|switch|p1a: Heatran|Heatran, F|100/100
|move|p2a: Melmetal|Double Iron Bash|p1a: Heatran
|-resisted|p1a: Heatran
|-damage|p1a: Heatran|93/100
|-resisted|p1a: Heatran
|-damage|p1a: Heatran|84/100
|-hitcount|p1a: Heatran|2
|
|-heal|p1a: Heatran|90/100|[from] item: Leftovers
|upkeep
|turn|2
|
|t:|1666422237
|move|p1a: Heatran|Stealth Rock|p2a: Melmetal
|-sidestart|p2: minimax_ai|move: Stealth Rock
|move|p2a: Melmetal|Earthquake|p1a: Heatran
|-supereffective|p1a: Heatran
|-crit|p1a: Heatran
|-damage|p1a: Heatran|0 fnt
|faint|p1a: Heatran
|
|upkeep
|
|t:|1666422245
|switch|p1a: Melmetal|Melmetal|100/100
|turn|3
|
|t:|1666422248
|switch|p2a: rotomwash|Rotom-Wash|100/100
|-damage|p2a: rotomwash|88/100|[from] Stealth Rock
|move|p1a: Melmetal|Double Iron Bash|p2a: rotomwash
|-resisted|p2a: rotomwash
|-damage|p2a: rotomwash|76/100
|-resisted|p2a: rotomwash
|-damage|p2a: rotomwash|65/100
|-hitcount|p2a: rotomwash|2
|
|-heal|p2a: rotomwash|72/100|[from] item: Leftovers
|upkeep
|turn|4
|
|t:|1666422255
|switch|p1a: Dragapult|Dragapult, M|100/100
|move|p2a: rotomwash|Pain Split|p1a: Dragapult
|-sethp|p1a: Dragapult|84/100|[from] move: Pain Split|[silent]
|-sethp|p2a: rotomwash|88/100|[from] move: Pain Split
|
|-heal|p2a: rotomwash|94/100|[from] item: Leftovers
|upkeep
|turn|5
|
|t:|1666422268
|switch|p2a: Melmetal|Melmetal|100/100
|-damage|p2a: Melmetal|94/100|[from] Stealth Rock
|move|p1a: Dragapult|U-turn|p2a: Melmetal
|-resisted|p2a: Melmetal
|-damage|p2a: Melmetal|84/100
|
|t:|1666422279
|switch|p1a: Melmetal|Melmetal|100/100|[from]move: U-turn
|
|upkeep
|turn|6
|
|t:|1666422281
|move|p1a: Melmetal|Double Iron Bash|p2a: Melmetal
|-resisted|p2a: Melmetal
|-damage|p2a: Melmetal|73/100
|-resisted|p2a: Melmetal
|-damage|p2a: Melmetal|60/100
|-hitcount|p2a: Melmetal|2
|cant|p2a: Melmetal|flinch
|
|upkeep
|turn|7
|
|t:|1666422285
|move|p1a: Melmetal|Double Iron Bash|p2a: Melmetal
|-resisted|p2a: Melmetal
|-damage|p2a: Melmetal|48/100
|-resisted|p2a: Melmetal
|-damage|p2a: Melmetal|35/100
|-hitcount|p2a: Melmetal|2
|cant|p2a: Melmetal|flinch
|
|upkeep
|turn|8
|
|t:|1666422287
|switch|p2a: Heatran|Heatran, M|100/100
|-damage|p2a: Heatran|88/100|[from] Stealth Rock
|-item|p2a: Heatran|Air Balloon
|move|p1a: Melmetal|Earthquake|p2a: Heatran
|-immune|p2a: Heatran
|
|upkeep
|turn|9
|
|t:|1666422291
|switch|p1a: Landorus|Landorus-Therian, M|100/100
|-ability|p1a: Landorus|Intimidate|boost
|-unboost|p2a: Heatran|atk|1
|move|p2a: Heatran|Stealth Rock|p1a: Landorus
|-sidestart|p1: gotsnsd|move: Stealth Rock
|
|upkeep
|turn|10
|
|t:|1666422294
|move|p2a: Heatran|Eruption|p1a: Landorus
|-damage|p1a: Landorus|47/100
|move|p1a: Landorus|U-turn|p2a: Heatran
|-resisted|p2a: Heatran
|-damage|p2a: Heatran|83/100
|-enditem|p2a: Heatran|Air Balloon
|
|t:|1666422301
|switch|p1a: Tapu Fini|Tapu Fini|100/100|[from]move: U-turn
|-damage|p1a: Tapu Fini|88/100|[from] Stealth Rock
|-fieldstart|move: Misty Terrain|[from] ability: Misty Surge|[of] p1a: Tapu Fini
|
|-heal|p1a: Tapu Fini|94/100|[from] item: Leftovers
|upkeep
|turn|11
|
|t:|1666422305
|switch|p2a: rotomwash|Rotom-Wash|94/100
|-damage|p2a: rotomwash|82/100|[from] Stealth Rock
|move|p1a: Tapu Fini|Substitute|p1a: Tapu Fini
|-start|p1a: Tapu Fini|Substitute
|-damage|p1a: Tapu Fini|69/100
|
|-heal|p2a: rotomwash|88/100|[from] item: Leftovers
|-heal|p1a: Tapu Fini|75/100|[from] item: Leftovers
|upkeep
|turn|12
|
|t:|1666422317
|move|p2a: rotomwash|Thunderbolt|p1a: Tapu Fini
|-supereffective|p1a: Tapu Fini
|-end|p1a: Tapu Fini|Substitute
|move|p1a: Tapu Fini|Calm Mind|p1a: Tapu Fini
|-boost|p1a: Tapu Fini|spa|1
|-boost|p1a: Tapu Fini|spd|1
|
|-heal|p2a: rotomwash|94/100|[from] item: Leftovers
|-heal|p1a: Tapu Fini|81/100|[from] item: Leftovers
|upkeep
|turn|13
|
|t:|1666422329
|move|p2a: rotomwash|Nasty Plot|p2a: rotomwash
|-boost|p2a: rotomwash|spa|2
|move|p1a: Tapu Fini|Substitute|p1a: Tapu Fini
|-start|p1a: Tapu Fini|Substitute
|-damage|p1a: Tapu Fini|57/100
|
|-heal|p2a: rotomwash|100/100|[from] item: Leftovers
|-heal|p1a: Tapu Fini|63/100|[from] item: Leftovers
|upkeep
|turn|14
|
|t:|1666422331
|move|p2a: rotomwash|Thunderbolt|p1a: Tapu Fini
|-supereffective|p1a: Tapu Fini
|-end|p1a: Tapu Fini|Substitute
|move|p1a: Tapu Fini|Calm Mind|p1a: Tapu Fini
|-boost|p1a: Tapu Fini|spa|1
|-boost|p1a: Tapu Fini|spd|1
|
|-heal|p1a: Tapu Fini|69/100|[from] item: Leftovers
|-fieldend|Misty Terrain
|upkeep
|turn|15
|
|t:|1666422334
|move|p2a: rotomwash|Thunderbolt|p1a: Tapu Fini
|-supereffective|p1a: Tapu Fini
|-damage|p1a: Tapu Fini|23/100
|move|p1a: Tapu Fini|Draining Kiss|p2a: rotomwash
|-damage|p2a: rotomwash|66/100
|-heal|p1a: Tapu Fini|47/100|[from] drain|[of] p2a: rotomwash
|
|-heal|p2a: rotomwash|72/100|[from] item: Leftovers
|-heal|p1a: Tapu Fini|53/100|[from] item: Leftovers
|upkeep
|turn|16
|
|t:|1666422337
|move|p2a: rotomwash|Thunderbolt|p1a: Tapu Fini
|-supereffective|p1a: Tapu Fini
|-damage|p1a: Tapu Fini|3/100
|move|p1a: Tapu Fini|Scald|p2a: rotomwash
|-resisted|p2a: rotomwash
|-damage|p2a: rotomwash|44/100
|
|-heal|p2a: rotomwash|50/100|[from] item: Leftovers
|-heal|p1a: Tapu Fini|9/100|[from] item: Leftovers
|upkeep
|turn|17
|
|t:|1666422343
|move|p2a: rotomwash|Thunderbolt|p1a: Tapu Fini
|-supereffective|p1a: Tapu Fini
|-damage|p1a: Tapu Fini|0 fnt
|faint|p1a: Tapu Fini
|
|-heal|p2a: rotomwash|56/100|[from] item: Leftovers
|upkeep
|
|t:|1666422346
|switch|p1a: Dragapult|Dragapult, M|84/100
|-damage|p1a: Dragapult|72/100|[from] Stealth Rock
|turn|18
|
|t:|1666422349
|switch|p2a: landorustherian|Landorus-Therian, M|100/100
|-damage|p2a: landorustherian|88/100|[from] Stealth Rock
|-ability|p2a: landorustherian|Intimidate|boost
|-fail|p1a: Dragapult|unboost|[from] ability: Clear Body|[of] p1a: Dragapult
|move|p1a: Dragapult|Dragon Darts|p2a: landorustherian
|-crit|p2a: landorustherian
|-damage|p2a: landorustherian|32/100
|-anim|p1a: Dragapult|Dragon Darts|p2a: landorustherian
|-damage|p2a: landorustherian|0 fnt
|faint|p2a: landorustherian
|
|upkeep
|
|t:|1666422349
|switch|p2a: Melmetal|Melmetal|35/100
|-damage|p2a: Melmetal|29/100|[from] Stealth Rock
|turn|19
|
|t:|1666422352
|move|p1a: Dragapult|Dragon Darts|p2a: Melmetal
|-resisted|p2a: Melmetal
|-damage|p2a: Melmetal|18/100
|-anim|p1a: Dragapult|Dragon Darts|p2a: Melmetal
|-resisted|p2a: Melmetal
|-damage|p2a: Melmetal|8/100
|move|p2a: Melmetal|Double Iron Bash|p1a: Dragapult
|-damage|p1a: Dragapult|14/100
|-damage|p1a: Dragapult|0 fnt
|faint|p1a: Dragapult
|-hitcount|p1: Dragapult|2
|
|upkeep
|
|t:|1666422358
|switch|p1a: Mr. Rime|Mr. Rime, F|100/100
|turn|20
|
|t:|1666422362
|move|p1a: Mr. Rime|Psyshock|p2a: Melmetal
|-resisted|p2a: Melmetal
|-damage|p2a: Melmetal|0 fnt
|faint|p2a: Melmetal
|
|upkeep
|
|t:|1666422362
|switch|p2a: Heatran|Heatran, M|83/100
|-damage|p2a: Heatran|70/100|[from] Stealth Rock
|turn|21
|
|t:|1666422366
|move|p2a: Heatran|Eruption|p1a: Mr. Rime
|-supereffective|p1a: Mr. Rime
|-damage|p1a: Mr. Rime|0 fnt
|faint|p1a: Mr. Rime
|
|upkeep
|
|t:|1666422371
|switch|p1a: Landorus|Landorus-Therian, M|47/100
|-damage|p1a: Landorus|35/100|[from] Stealth Rock
|-ability|p1a: Landorus|Intimidate|boost
|-unboost|p2a: Heatran|atk|1
|turn|22
|
|t:|1666422373
|move|p2a: Heatran|Eruption|p1a: Landorus
|-damage|p1a: Landorus|0 fnt
|faint|p1a: Landorus
|
|upkeep
|
|t:|1666422376
|switch|p1a: Melmetal|Melmetal|100/100
|-damage|p1a: Melmetal|94/100|[from] Stealth Rock
|turn|23
|
|t:|1666422380
|switch|p2a: rotomwash|Rotom-Wash|56/100
|-damage|p2a: rotomwash|44/100|[from] Stealth Rock
|move|p1a: Melmetal|Earthquake|p2a: rotomwash
|-immune|p2a: rotomwash|[from] ability: Levitate
|
|-heal|p2a: rotomwash|50/100|[from] item: Leftovers
|upkeep
|turn|24
|
|t:|1666422383
|move|p2a: rotomwash|Nasty Plot|p2a: rotomwash
|-boost|p2a: rotomwash|spa|2
|move|p1a: Melmetal|Double Iron Bash|p2a: rotomwash
|-resisted|p2a: rotomwash
|-damage|p2a: rotomwash|38/100
|-resisted|p2a: rotomwash
|-damage|p2a: rotomwash|26/100
|-hitcount|p2a: rotomwash|2
|
|-heal|p2a: rotomwash|32/100|[from] item: Leftovers
|upkeep
|turn|25
|
|t:|1666422387
|move|p2a: rotomwash|Pain Split|p1a: Melmetal
|-sethp|p1a: Melmetal|59/100|[from] move: Pain Split|[silent]
|-sethp|p2a: rotomwash|81/100|[from] move: Pain Split
|move|p1a: Melmetal|Double Iron Bash|p2a: rotomwash
|-resisted|p2a: rotomwash
|-damage|p2a: rotomwash|70/100
|-resisted|p2a: rotomwash
|-damage|p2a: rotomwash|58/100
|-hitcount|p2a: rotomwash|2
|
|-heal|p2a: rotomwash|64/100|[from] item: Leftovers
|upkeep
|turn|26
|-message|gotsnsd forfeited.
|
|win|minimax_ai
|raw|gotsnsd's rating: 1539 &rarr; <strong>1515</strong><br />(-24 for losing)
|raw|minimax_ai's rating: 1469 &rarr; <strong>1493</strong><br />(+24 for winning)
|c|☆minimax_ai|gg
