|j|☆cump2
|j|☆Seraphz
|t:|1656299818
|gametype|singles
|player|p1|cump2|gentleman-gen4|1700
|player|p2|Seraphz|iris-gen5bw2|1713
|teamsize|p1|6
|teamsize|p2|6
|gen|8
|tier|[Gen 8] OU
|rated|
|rule|Sleep Clause Mod: Limit one foe put to sleep
|rule|Species Clause: Limit one of each Pokémon
|rule|OHKO Clause: OHKO moves are banned
|rule|Evasion Moves Clause: Evasion moves are banned
|rule|Endless Battle Clause: Forcing endless battles is banned
|rule|HP Percentage Mod: HP is shown in percentages
|rule|Dynamax Clause: You cannot dynamax
|clearpoke
|poke|p1|Ferrothorn, F|
|poke|p1|Tornadus-Therian, M|
|poke|p1|Slowking, M|
|poke|p1|Urshifu-*, F|
|poke|p1|Porygon-Z|
|poke|p1|Landorus-Therian, M|
|poke|p2|Melmetal|
|poke|p2|Buzzwole|
|poke|p2|Tapu Fini|
|poke|p2|Landorus-Therian, M|
|poke|p2|Dragapult, M|
|poke|p2|Volcanion|
|teampreview
|c|☆cump2|hf
|c|☆Seraphz|PZ
|c|☆Seraphz|u2
|c|☆cump2|yee
|j| Narwhale37
|
|t:|1656299846
|start
|switch|p1a: Urshifu|Urshifu-Rapid-Strike, F|100/100
|switch|p2a: Landorus|Landorus-Therian, M|100/100
|-ability|p2a: Landorus|Intimidate|boost
|-unboost|p1a: Urshifu|atk|1
|turn|1
|
|t:|1656299850
|switch|p2a: Buzzwole|Buzzwole, shiny|100/100
|move|p1a: Urshifu|U-turn|p2a: Buzzwole
|-resisted|p2a: Buzzwole
|-damage|p2a: Buzzwole|95/100
|-damage|p1a: Urshifu|84/100|[from] item: Rocky Helmet|[of] p2a: Buzzwole
|
|t:|1656299851
|switch|p1a: Porygon-Z|Porygon-Z, shiny|100/100|[from]move: U-turn
|-ability|p1a: Porygon-Z|Download|boost
|-boost|p1a: Porygon-Z|spa|1
|
|upkeep
|turn|2
|
|t:|1656299857
|switch|p2a: Tapu Fini|Tapu Fini|100/100
|-fieldstart|move: Misty Terrain|[from] ability: Misty Surge|[of] p2a: Tapu Fini
|move|p1a: Porygon-Z|Ice Beam|p2a: Tapu Fini
|-resisted|p2a: Tapu Fini
|-damage|p2a: Tapu Fini|78/100
|
|-heal|p2a: Tapu Fini|84/100|[from] item: Leftovers
|upkeep
|turn|3
|j| PSaddict123
|
|t:|1656299864
|switch|p1a: Slowking|Slowking, M, shiny|100/100
|move|p2a: Tapu Fini|Nature's Madness|p1a: Slowking
|-damage|p1a: Slowking|50/100
|
|-heal|p2a: Tapu Fini|90/100|[from] item: Leftovers
|upkeep
|turn|4
|
|t:|1656299869
|switch|p1a: Porygon-Z|Porygon-Z, shiny|100/100
|-ability|p1a: Porygon-Z|Download|boost
|-boost|p1a: Porygon-Z|atk|1
|move|p2a: Tapu Fini|Moonblast|p1a: Porygon-Z
|-damage|p1a: Porygon-Z|57/100
|
|-heal|p2a: Tapu Fini|96/100|[from] item: Leftovers
|upkeep
|turn|5
|
|t:|1656299872
|move|p1a: Porygon-Z|Thunderbolt|p2a: Tapu Fini
|-supereffective|p2a: Tapu Fini
|-damage|p2a: Tapu Fini|30/100
|move|p2a: Tapu Fini|Moonblast|p1a: Porygon-Z
|-damage|p1a: Porygon-Z|15/100
|
|-heal|p2a: Tapu Fini|36/100|[from] item: Leftovers
|upkeep
|turn|6
|
|t:|1656299876
|switch|p1a: Urshifu|Urshifu-Rapid-Strike, F|84/100
|switch|p2a: Landorus|Landorus-Therian, M|100/100
|-ability|p2a: Landorus|Intimidate|boost
|-unboost|p1a: Urshifu|atk|1
|
|-fieldend|Misty Terrain
|upkeep
|turn|7
|
|t:|1656299879
|switch|p2a: Buzzwole|Buzzwole, shiny|95/100
|move|p1a: Urshifu|U-turn|p2a: Buzzwole
|-resisted|p2a: Buzzwole
|-damage|p2a: Buzzwole|89/100
|-damage|p1a: Urshifu|68/100|[from] item: Rocky Helmet|[of] p2a: Buzzwole
|
|t:|1656299881
|switch|p1a: Porygon-Z|Porygon-Z, shiny|15/100|[from]move: U-turn
|-ability|p1a: Porygon-Z|Download|boost
|-boost|p1a: Porygon-Z|spa|1
|
|upkeep
|turn|8
|
|t:|1656299885
|switch|p2a: Dragapult|Dragapult, M, shiny|100/100
|move|p1a: Porygon-Z|Ice Beam|p2a: Dragapult
|-supereffective|p2a: Dragapult
|-damage|p2a: Dragapult|0 fnt
|faint|p2a: Dragapult
|
|upkeep
|
|t:|1656299888
|switch|p2a: Melmetal|Melmetal|100/100
|turn|9
|
|t:|1656299891
|switch|p1a: Ferrothorn|Ferrothorn, F|100/100
|switch|p2a: Landorus|Landorus-Therian, M|100/100
|-ability|p2a: Landorus|Intimidate|boost
|-unboost|p1a: Ferrothorn|atk|1
|
|upkeep
|turn|10
|
|t:|1656299893
|move|p2a: Landorus|Substitute|p2a: Landorus
|-start|p2a: Landorus|Substitute
|-damage|p2a: Landorus|76/100
|move|p1a: Ferrothorn|Leech Seed||[still]
|-fail|p1a: Ferrothorn
|
|-heal|p2a: Landorus|82/100|[from] item: Leftovers
|upkeep
|turn|11
|
|t:|1656299899
|switch|p1a: Tornadus|Tornadus-Therian, M, shiny|100/100
|move|p2a: Landorus|Swords Dance|p2a: Landorus
|-boost|p2a: Landorus|atk|2
|
|-heal|p2a: Landorus|88/100|[from] item: Leftovers
|upkeep
|turn|12
|
|t:|1656299902
|move|p1a: Tornadus|Hurricane|p2a: Landorus
|-crit|p2a: Landorus
|-end|p2a: Landorus|Substitute
|move|p2a: Landorus|Smack Down|p1a: Tornadus
|-supereffective|p1a: Tornadus
|-damage|p1a: Tornadus|29/100
|-start|p1a: Tornadus|Smack Down
|
|-heal|p2a: Landorus|94/100|[from] item: Leftovers
|upkeep
|turn|13
|
|t:|1656299906
|move|p1a: Tornadus|Hurricane|p2a: Landorus
|-damage|p2a: Landorus|41/100
|move|p2a: Landorus|Earthquake|p1a: Tornadus
|-damage|p1a: Tornadus|0 fnt
|faint|p1a: Tornadus
|
|-heal|p2a: Landorus|47/100|[from] item: Leftovers
|upkeep
|
|t:|1656299910
|switch|p1a: Urshifu|Urshifu-Rapid-Strike, F|68/100
|turn|14
|
|t:|1656299912
|switch|p2a: Buzzwole|Buzzwole, shiny|89/100
|move|p1a: Urshifu|U-turn|p2a: Buzzwole
|-resisted|p2a: Buzzwole
|-crit|p2a: Buzzwole
|-damage|p2a: Buzzwole|76/100
|-damage|p1a: Urshifu|51/100|[from] item: Rocky Helmet|[of] p2a: Buzzwole
|
|t:|1656299914
|switch|p1a: Porygon-Z|Porygon-Z, shiny|15/100|[from]move: U-turn
|-ability|p1a: Porygon-Z|Download|boost
|-boost|p1a: Porygon-Z|spa|1
|
|upkeep
|turn|15
|
|t:|1656299920
|switch|p2a: Tapu Fini|Tapu Fini|36/100
|-fieldstart|move: Misty Terrain|[from] ability: Misty Surge|[of] p2a: Tapu Fini
|move|p1a: Porygon-Z|Thunderbolt|p2a: Tapu Fini
|-supereffective|p2a: Tapu Fini
|-damage|p2a: Tapu Fini|0 fnt
|faint|p2a: Tapu Fini
|
|upkeep
|
|t:|1656299922
|switch|p2a: Landorus|Landorus-Therian, M|47/100
|-ability|p2a: Landorus|Intimidate|boost
|-unboost|p1a: Porygon-Z|atk|1
|turn|16
|
|t:|1656299926
|switch|p1a: Urshifu|Urshifu-Rapid-Strike, F|51/100
|move|p2a: Landorus|Earthquake|p1a: Urshifu
|-damage|p1a: Urshifu|0 fnt
|faint|p1a: Urshifu
|
|-heal|p2a: Landorus|53/100|[from] item: Leftovers
|upkeep
|
|t:|1656299934
|switch|p1a: Slowking|Slowking, M, shiny|84/100
|turn|17
|
|t:|1656299936
|switch|p2a: Melmetal|Melmetal|100/100
|move|p1a: Slowking|Scald|p2a: Melmetal
|-crit|p2a: Melmetal
|-damage|p2a: Melmetal|59/100
|
|upkeep
|turn|18
|
|t:|1656299941
|switch|p2a: Volcanion|Volcanion|100/100
|move|p1a: Slowking|Flamethrower|p2a: Volcanion
|-resisted|p2a: Volcanion
|-damage|p2a: Volcanion|95/100
|
|upkeep
|turn|19
|
|t:|1656299953
|switch|p2a: Melmetal|Melmetal|59/100
|move|p1a: Slowking|Teleport|p1a: Slowking
|
|t:|1656299956
|switch|p1a: Landorus|Landorus-Therian, M|100/100|[from]move: Teleport
|-ability|p1a: Landorus|Intimidate|boost
|-unboost|p2a: Melmetal|atk|1
|
|-fieldend|Misty Terrain
|upkeep
|turn|20
|
|t:|1656299958
|switch|p2a: Landorus|Landorus-Therian, M|53/100
|-ability|p2a: Landorus|Intimidate|boost
|-unboost|p1a: Landorus|atk|1
|move|p1a: Landorus|Knock Off|p2a: Landorus
|-damage|p2a: Landorus|26/100
|-enditem|p2a: Landorus|Leftovers|[from] move: Knock Off|[of] p1a: Landorus
|
|upkeep
|turn|21
|
|t:|1656299963
|move|p1a: Landorus|Knock Off|p2a: Landorus
|-damage|p2a: Landorus|6/100
|move|p2a: Landorus|Smack Down|p1a: Landorus
|-damage|p1a: Landorus|79/100
|-start|p1a: Landorus|Smack Down
|
|upkeep
|turn|22
|
|t:|1656299966
|move|p1a: Landorus|Knock Off|p2a: Landorus
|-damage|p2a: Landorus|0 fnt
|faint|p2a: Landorus
|
|upkeep
|
|t:|1656299970
|switch|p2a: Volcanion|Volcanion|95/100
|turn|23
|
|t:|1656299973
|switch|p1a: Slowking|Slowking, M, shiny|100/100
|move|p2a: Volcanion|Steam Eruption|p1a: Slowking
|-resisted|p1a: Slowking
|-damage|p1a: Slowking|83/100
|
|upkeep
|turn|24
|
|t:|1656299976
|switch|p2a: Melmetal|Melmetal|59/100
|move|p1a: Slowking|Teleport|p1a: Slowking
|
|t:|1656299978
|switch|p1a: Landorus|Landorus-Therian, M|79/100|[from]move: Teleport
|-ability|p1a: Landorus|Intimidate|boost
|-unboost|p2a: Melmetal|atk|1
|
|upkeep
|turn|25
|
|t:|1656299981
|switch|p2a: Buzzwole|Buzzwole, shiny|76/100
|move|p1a: Landorus|Earthquake|p2a: Buzzwole
|-resisted|p2a: Buzzwole
|-damage|p2a: Buzzwole|63/100
|
|upkeep
|turn|26
|
|t:|1656299987
|switch|p1a: Slowking|Slowking, M, shiny|100/100
|switch|p2a: Volcanion|Volcanion|95/100
|
|upkeep
|turn|27
|
|t:|1656299991
|switch|p2a: Melmetal|Melmetal|59/100
|move|p1a: Slowking|Teleport|p1a: Slowking
|
|t:|1656299993
|switch|p1a: Landorus|Landorus-Therian, M|79/100|[from]move: Teleport
|-ability|p1a: Landorus|Intimidate|boost
|-unboost|p2a: Melmetal|atk|1
|
|upkeep
|turn|28
|
|t:|1656299995
|switch|p2a: Buzzwole|Buzzwole, shiny|63/100
|move|p1a: Landorus|U-turn|p2a: Buzzwole
|-resisted|p2a: Buzzwole
|-damage|p2a: Buzzwole|56/100
|-damage|p1a: Landorus|62/100|[from] item: Rocky Helmet|[of] p2a: Buzzwole
|
|t:|1656299998
|switch|p1a: Porygon-Z|Porygon-Z, shiny|15/100|[from]move: U-turn
|-ability|p1a: Porygon-Z|Download|boost
|-boost|p1a: Porygon-Z|spa|1
|
|upkeep
|turn|29
|
|t:|1656300001
|switch|p2a: Melmetal|Melmetal|59/100
|move|p1a: Porygon-Z|Thunderbolt|p2a: Melmetal
|-crit|p2a: Melmetal
|-damage|p2a: Melmetal|0 fnt
|faint|p2a: Melmetal
|
|upkeep
|
|t:|1656300004
|switch|p2a: Volcanion|Volcanion|95/100
|turn|30
|
|t:|1656300007
|switch|p1a: Slowking|Slowking, M, shiny|100/100
|move|p2a: Volcanion|Steam Eruption|p1a: Slowking
|-resisted|p1a: Slowking
|-damage|p1a: Slowking|83/100
|
|upkeep
|turn|31
|
|t:|1656300011
|move|p2a: Volcanion|Steam Eruption|p1a: Slowking
|-resisted|p1a: Slowking
|-damage|p1a: Slowking|64/100
|-status|p1a: Slowking|brn
|move|p1a: Slowking|Teleport|p1a: Slowking
|
|t:|1656300014
|switch|p1a: Landorus|Landorus-Therian, M|62/100|[from]move: Teleport
|-ability|p1a: Landorus|Intimidate|boost
|-unboost|p2a: Volcanion|atk|1
|
|upkeep
|turn|32
|
|t:|1656300015
|move|p1a: Landorus|Earthquake|p2a: Volcanion
|-supereffective|p2a: Volcanion
|-damage|p2a: Volcanion|0 fnt
|faint|p2a: Volcanion
|
|upkeep
|
|t:|1656300018
|switch|p2a: Buzzwole|Buzzwole, shiny|56/100
|turn|33
|
|t:|1656300021
|move|p1a: Landorus|Earthquake|p2a: Buzzwole
|-resisted|p2a: Buzzwole
|-damage|p2a: Buzzwole|43/100
|move|p2a: Buzzwole|Roost|p2a: Buzzwole
|-heal|p2a: Buzzwole|94/100
|-singleturn|p2a: Buzzwole|move: Roost
|
|upkeep
|turn|34
|
|t:|1656300023
|switch|p1a: Slowking|Slowking, M, shiny|98/100 brn
|move|p2a: Buzzwole|Ice Punch|p1a: Slowking
|-resisted|p1a: Slowking
|-damage|p1a: Slowking|87/100 brn
|
|-damage|p1a: Slowking|80/100 brn|[from] brn
|upkeep
|turn|35
|
|t:|1656300025
|move|p2a: Buzzwole|Roost|p2a: Buzzwole
|-heal|p2a: Buzzwole|100/100
|-singleturn|p2a: Buzzwole|move: Roost
|move|p1a: Slowking|Flamethrower|p2a: Buzzwole
|-supereffective|p2a: Buzzwole
|-damage|p2a: Buzzwole|43/100
|
|-damage|p1a: Slowking|74/100 brn|[from] brn
|upkeep
|turn|36
|
|t:|1656300027
|move|p2a: Buzzwole|Leech Life|p1a: Slowking
|-supereffective|p1a: Slowking
|-damage|p1a: Slowking|4/100 brn
|-heal|p2a: Buzzwole|77/100|[from] drain|[of] p1a: Slowking
|move|p1a: Slowking|Flamethrower|p2a: Buzzwole
|-supereffective|p2a: Buzzwole
|-damage|p2a: Buzzwole|18/100
|
|-damage|p1a: Slowking|0 fnt|[from] brn
|faint|p1a: Slowking
|upkeep
|
|t:|1656300029
|switch|p1a: Porygon-Z|Porygon-Z, shiny|15/100
|-ability|p1a: Porygon-Z|Download|boost
|-boost|p1a: Porygon-Z|spa|1
|turn|37
|
|t:|1656300031
|move|p1a: Porygon-Z|Tri Attack|p2a: Buzzwole
|-damage|p2a: Buzzwole|0 fnt
|faint|p2a: Buzzwole
|
|win|cump2
|raw|cump2's rating: 1700 &rarr; <strong>1721</strong><br />(+21 for winning)
|raw|Seraphz's rating: 1713 &rarr; <strong>1692</strong><br />(-21 for losing)
|c|☆cump2|gg
|c|☆Seraphz|gg
|l|☆Seraphz
