|html|<div class="broadcast-blue"><strong>[Gen 8] OU is currently suspecting Melmetal! For information on how to participate check out the <a href="https://www.smogon.com/forums/threads/np-ss-ou-suspect-process-round-12-monster-mash.3709234/">suspect thread</a>.</strong></div>
|j|☆Scratchez
|j|☆HQSTest
|t:|1665903489
|gametype|singles
|player|p1|Scratchez|101|1482
|player|p2|HQSTest|veteranf|1626
|teamsize|p1|6
|teamsize|p2|6
|gen|8
|tier|[Gen 8] OU
|rated|
|rule|Sleep Clause Mod: Limit one foe put to sleep
|rule|Species Clause: Limit one of each Pokémon
|rule|OHKO Clause: OHKO moves are banned
|rule|Evasion Items Clause: Evasion items are banned
|rule|Evasion Moves Clause: Evasion moves are banned
|rule|Endless Battle Clause: Forcing endless battles is banned
|rule|HP Percentage Mod: HP is shown in percentages
|rule|Dynamax Clause: You cannot dynamax
|clearpoke
|poke|p1|Kartana|
|poke|p1|Metagross|
|poke|p1|Chandelure, F|
|poke|p1|Goodra, M|
|poke|p1|Thundurus, M|
|poke|p1|Latios, M|
|poke|p2|Heatran, M|
|poke|p2|Mew|
|poke|p2|Blaziken, F|
|poke|p2|Rillaboom, F|
|poke|p2|Weavile, F|
|poke|p2|Dragonite, F|
|teampreview
|inactive|Battle timer is ON: inactive players will automatically lose when time's up. (requested by Scratchez)
|
|t:|1665903507
|start
|switch|p1a: Thundurus|Thundurus, M|100/100
|switch|p2a: Heatran|Heatran, M|100/100
|turn|1
|
|t:|1665903518
|move|p1a: Thundurus|Taunt|p2a: Heatran
|-start|p2a: Heatran|move: Taunt
|cant|p2a: Heatran|move: Taunt|Stealth Rock
|
|upkeep
|turn|2
|
|t:|1665903522
|move|p1a: Thundurus|Volt Switch|p2a: Heatran
|-damage|p2a: Heatran|65/100
|
|t:|1665903527
|switch|p1a: Chandelure|Chandelure, F|100/100|[from]move: Volt Switch
|move|p2a: Heatran|Magma Storm|p1a: Chandelure
|-start|p1a: Chandelure|ability: Flash Fire
|
|upkeep
|turn|3
|
|t:|1665903534
|move|p2a: Heatran|Steel Beam|p1a: Chandelure
|-resisted|p1a: Chandelure
|-damage|p1a: Chandelure|49/100
|-damage|p2a: Heatran|15/100|[from] mindblown
|move|p1a: Chandelure|Shadow Ball|p2a: Heatran
|-damage|p2a: Heatran|0 fnt
|faint|p2a: Heatran
|
|upkeep
|
|t:|1665903540
|switch|p2a: Weavile|Weavile, F|100/100
|-ability|p2a: Weavile|Pressure
|turn|4
|
|t:|1665903549
|move|p2a: Weavile|Swords Dance|p2a: Weavile
|-boost|p2a: Weavile|atk|2
|move|p1a: Chandelure|Shadow Ball|p2a: Weavile
|-resisted|p2a: Weavile
|-damage|p2a: Weavile|46/100
|
|upkeep
|turn|5
|
|t:|1665903552
|move|p2a: Weavile|Knock Off|p1a: Chandelure
|-supereffective|p1a: Chandelure
|-damage|p1a: Chandelure|0 fnt
|-enditem|p1a: Chandelure|Choice Specs|[from] move: Knock Off|[of] p2a: Weavile
|faint|p1a: Chandelure
|-damage|p2a: Weavile|36/100|[from] item: Life Orb
|
|upkeep
|
|t:|1665903564
|switch|p1a: Thundurus|Thundurus, M|100/100
|turn|6
|
|t:|1665903572
|move|p1a: Thundurus|Thunder Wave|p2a: Weavile
|-hint|Since gen 7, Dark is immune to Prankster moves.
|-immune|p2a: Weavile
|move|p2a: Weavile|Knock Off|p1a: Thundurus
|-damage|p1a: Thundurus|0 fnt
|-enditem|p1a: Thundurus|Heavy-Duty Boots|[from] move: Knock Off|[of] p2a: Weavile
|faint|p1a: Thundurus
|-damage|p2a: Weavile|26/100|[from] item: Life Orb
|
|upkeep
|
|t:|1665903580
|switch|p1a: Kartana|Kartana|100/100
|turn|7
|
|t:|1665903587
|move|p2a: Weavile|Knock Off|p1a: Kartana
|-damage|p1a: Kartana|0 fnt
|-enditem|p1a: Kartana|Choice Band|[from] move: Knock Off|[of] p2a: Weavile
|faint|p1a: Kartana
|-damage|p2a: Weavile|16/100|[from] item: Life Orb
|
|upkeep
|
|t:|1665903594
|switch|p1a: Metagross|Metagross|100/100
|turn|8
|
|t:|1665903596
|move|p2a: Weavile|Knock Off|p1a: Metagross
|-supereffective|p1a: Metagross
|-damage|p1a: Metagross|0 fnt
|-enditem|p1a: Metagross|Leftovers|[from] move: Knock Off|[of] p2a: Weavile
|faint|p1a: Metagross
|-damage|p2a: Weavile|6/100|[from] item: Life Orb
|
|upkeep
|
|t:|1665903599
|switch|p1a: Goodra|Goodra, M|100/100
|turn|9
|
|t:|1665903607
|move|p2a: Weavile|Knock Off|p1a: Goodra
|-damage|p1a: Goodra|0 fnt
|-enditem|p1a: Goodra|Leftovers|[from] move: Knock Off|[of] p2a: Weavile
|faint|p1a: Goodra
|-damage|p2a: Weavile|0 fnt|[from] item: Life Orb
|faint|p2a: Weavile
|
|upkeep
|
|t:|1665903612
|switch|p2a: Dragonite|Dragonite, F|100/100
|switch|p1a: Latios|Latios, M|100/100
|turn|10
|
|t:|1665903619
|move|p1a: Latios|Substitute|p1a: Latios
|-start|p1a: Latios|Substitute
|-damage|p1a: Latios|76/100
|move|p2a: Dragonite|Dragon Dance|p2a: Dragonite
|-boost|p2a: Dragonite|atk|1
|-boost|p2a: Dragonite|spe|1
|
|upkeep
|turn|11
|
|t:|1665903621
|move|p2a: Dragonite|Ice Punch|p1a: Latios
|-supereffective|p1a: Latios
|-end|p1a: Latios|Substitute
|move|p1a: Latios|Dragon Pulse|p2a: Dragonite
|-supereffective|p2a: Dragonite
|-damage|p2a: Dragonite|42/100
|
|upkeep
|turn|12
|
|t:|1665903626
|move|p2a: Dragonite|Ice Punch|p1a: Latios
|-supereffective|p1a: Latios
|-damage|p1a: Latios|0 fnt
|faint|p1a: Latios
|
|win|HQSTest
|raw|Scratchez's rating: 1482 &rarr; <strong>1470</strong><br />(-12 for losing)
|raw|HQSTest's rating: 1626 &rarr; <strong>1638</strong><br />(+12 for winning)
|l|☆Scratchez
