|raw|<div class="broadcast-blue"><strong>This battle is required to be public due to a player having a name starting with 'lt91bb'.</div>
|j|☆LT91BB Pokeglace17
|j|☆yo it's yoda
|t:|1659553873
|gametype|singles
|player|p1|LT91BB Pokeglace17|koga-gen2|1712
|player|p2|yo it's yoda|ballguy|1750
|teamsize|p1|6
|teamsize|p2|6
|gen|8
|tier|[Gen 8] OU
|rated|
|rule|Sleep Clause Mod: Limit one foe put to sleep
|rule|Species Clause: Limit one of each Pokémon
|rule|OHKO Clause: OHKO moves are banned
|rule|Evasion Moves Clause: Evasion moves are banned
|rule|Endless Battle Clause: Forcing endless battles is banned
|rule|HP Percentage Mod: HP is shown in percentages
|rule|Dynamax Clause: You cannot dynamax
|clearpoke
|poke|p1|Nidoking, M|
|poke|p1|Dragapult, F|
|poke|p1|Heatran, F|
|poke|p1|Tapu Bulu|
|poke|p1|Rotom-Wash|
|poke|p1|Buzzwole|
|poke|p2|Bisharp, M|
|poke|p2|Dragapult, F|
|poke|p2|Rillaboom, M|
|poke|p2|Garchomp, M|
|poke|p2|Mamoswine, F|
|poke|p2|Skarmory, F|
|teampreview
|j| javixGG
|
|t:|1659553884
|start
|switch|p1a: Dragapult|Dragapult, F|100/100
|switch|p2a: dababy money|Skarmory, F|100/100
|turn|1
|
|t:|1659553891
|move|p1a: Dragapult|U-turn|p2a: dababy money
|-resisted|p2a: dababy money
|-damage|p2a: dababy money|92/100
|
|t:|1659553897
|switch|p1a: Nidoking|Nidoking, M|100/100|[from]move: U-turn
|move|p2a: dababy money|Stealth Rock|p1a: Nidoking
|-sidestart|p1: LT91BB Pokeglace17|move: Stealth Rock
|
|upkeep
|turn|2
|j|+Dragonillis
|
|t:|1659553909
|move|p1a: Nidoking|Fire Blast|p2a: dababy money
|-supereffective|p2a: dababy money
|-damage|p2a: dababy money|0 fnt
|faint|p2a: dababy money
|
|upkeep
|
|t:|1659553911
|switch|p2a: SUN BLEACHED|Garchomp, M, shiny|100/100
|turn|3
|
|t:|1659553922
|switch|p1a: Tapu Bulu|Tapu Bulu|100/100
|-damage|p1a: Tapu Bulu|88/100|[from] Stealth Rock
|-fieldstart|move: Grassy Terrain|[from] ability: Grassy Surge|[of] p1a: Tapu Bulu
|move|p2a: SUN BLEACHED|Earthquake|p1a: Tapu Bulu
|-resisted|p1a: Tapu Bulu
|-crit|p1a: Tapu Bulu
|-damage|p1a: Tapu Bulu|71/100
|-damage|p2a: SUN BLEACHED|91/100|[from] item: Life Orb
|
|-heal|p2a: SUN BLEACHED|97/100|[from] Grassy Terrain
|-heal|p1a: Tapu Bulu|77/100|[from] Grassy Terrain
|-heal|p1a: Tapu Bulu|83/100|[from] item: Leftovers
|upkeep
|turn|4
|inactive|Battle timer is ON: inactive players will automatically lose when time's up. (requested by yo it's yoda)
|
|t:|1659553936
|move|p2a: SUN BLEACHED|Fire Blast|p1a: Tapu Bulu
|-supereffective|p1a: Tapu Bulu
|-damage|p1a: Tapu Bulu|20/100
|-damage|p2a: SUN BLEACHED|87/100|[from] item: Life Orb
|move|p1a: Tapu Bulu|Bulk Up|p1a: Tapu Bulu
|-boost|p1a: Tapu Bulu|atk|1
|-boost|p1a: Tapu Bulu|def|1
|
|-heal|p2a: SUN BLEACHED|93/100|[from] Grassy Terrain
|-heal|p1a: Tapu Bulu|26/100|[from] Grassy Terrain
|-heal|p1a: Tapu Bulu|32/100|[from] item: Leftovers
|upkeep
|turn|5
|l| javixGG
|
|t:|1659553944
|switch|p1a: Rotom|Rotom-Wash|100/100
|-damage|p1a: Rotom|88/100|[from] Stealth Rock
|move|p2a: SUN BLEACHED|Draco Meteor|p1a: Rotom
|-damage|p1a: Rotom|38/100
|-unboost|p2a: SUN BLEACHED|spa|2
|-damage|p2a: SUN BLEACHED|83/100|[from] item: Life Orb
|
|-heal|p2a: SUN BLEACHED|90/100|[from] Grassy Terrain
|-heal|p1a: Rotom|44/100|[from] item: Leftovers
|upkeep
|turn|6
|c|☆LT91BB Pokeglace17|Bro
|inactive|LT91BB Pokeglace17 has 120 seconds left.
|c|☆LT91BB Pokeglace17|fuckibg internet
|c|☆LT91BB Pokeglace17|i cancelled and clicked horn leech but it didnt let me
|
|t:|1659553995
|switch|p2a: BLACKTAR|Bisharp, M, shiny|100/100
|move|p1a: Rotom|Defog|p2a: BLACKTAR
|-unboost|p2a: BLACKTAR|evasion|1
|-ability|p2a: BLACKTAR|Defiant
|-boost|p2a: BLACKTAR|atk|2
|-sideend|p1: LT91BB Pokeglace17|Stealth Rock|[from] move: Defog|[of] p1a: Rotom
|-fieldend|move: Grassy Terrain
|
|-heal|p1a: Rotom|50/100|[from] item: Leftovers
|upkeep
|turn|7
|
|t:|1659554007
|move|p2a: BLACKTAR|Knock Off|p1a: Rotom
|-damage|p1a: Rotom|0 fnt
|-enditem|p1a: Rotom|Leftovers|[from] move: Knock Off|[of] p2a: BLACKTAR
|faint|p1a: Rotom
|-damage|p2a: BLACKTAR|91/100|[from] item: Life Orb
|
|upkeep
|
|t:|1659554016
|switch|p1a: Buzzwole|Buzzwole|100/100
|turn|8
|
|t:|1659554022
|move|p1a: Buzzwole|Close Combat|p2a: BLACKTAR
|-supereffective|p2a: BLACKTAR
|-damage|p2a: BLACKTAR|0 fnt
|-unboost|p1a: Buzzwole|def|1
|-unboost|p1a: Buzzwole|spd|1
|faint|p2a: BLACKTAR
|-ability|p1a: Buzzwole|Beast Boost|boost
|-boost|p1a: Buzzwole|atk|1
|
|upkeep
|
|t:|1659554025
|switch|p2a: SUN BLEACHED|Garchomp, M, shiny|90/100
|turn|9
|c|☆yo it's yoda|sure u did bud
|inactive|LT91BB Pokeglace17 has 120 seconds left.
|
|t:|1659554033
|switch|p1a: Tapu Bulu|Tapu Bulu|32/100
|-fieldstart|move: Grassy Terrain|[from] ability: Grassy Surge|[of] p1a: Tapu Bulu
|move|p2a: SUN BLEACHED|Draco Meteor|p1a: Tapu Bulu
|-immune|p1a: Tapu Bulu
|
|-heal|p2a: SUN BLEACHED|96/100|[from] Grassy Terrain
|-heal|p1a: Tapu Bulu|38/100|[from] Grassy Terrain
|-heal|p1a: Tapu Bulu|44/100|[from] item: Leftovers
|upkeep
|turn|10
|inactive|LT91BB Pokeglace17 has 120 seconds left.
|c|☆LT91BB Pokeglace17|I did lol
|
|t:|1659554051
|move|p2a: SUN BLEACHED|Fire Blast|p1a: Tapu Bulu
|-supereffective|p1a: Tapu Bulu
|-damage|p1a: Tapu Bulu|0 fnt
|faint|p1a: Tapu Bulu
|-damage|p2a: SUN BLEACHED|86/100|[from] item: Life Orb
|
|-heal|p2a: SUN BLEACHED|92/100|[from] Grassy Terrain
|upkeep
|c|☆yo it's yoda|yee i agree
|
|t:|1659554056
|switch|p1a: Dragapult|Dragapult, F|100/100
|turn|11
|
|t:|1659554061
|switch|p2a: Mamoswine|Mamoswine, F|100/100
|move|p1a: Dragapult|Dragon Darts|p2a: Mamoswine
|-damage|p2a: Mamoswine|62/100
|-anim|p1a: Dragapult|Dragon Darts|p2a: Mamoswine
|-damage|p2a: Mamoswine|20/100
|
|-heal|p2a: Mamoswine|26/100|[from] Grassy Terrain
|upkeep
|turn|12
|
|t:|1659554073
|move|p2a: Mamoswine|Ice Shard|p1a: Dragapult
|-supereffective|p1a: Dragapult
|-damage|p1a: Dragapult|24/100
|-damage|p2a: Mamoswine|17/100|[from] item: Life Orb
|move|p1a: Dragapult|Dragon Darts|p2a: Mamoswine
|-damage|p2a: Mamoswine|0 fnt
|faint|p2a: Mamoswine
|
|-heal|p1a: Dragapult|30/100|[from] Grassy Terrain
|upkeep
|
|t:|1659554088
|switch|p2a: dababy|Dragapult, F, shiny|100/100
|turn|13
|j| zagirl
|
|t:|1659554097
|switch|p1a: Heatran|Heatran, F|100/100
|move|p2a: dababy|Sucker Punch||[still]
|-fail|p2a: dababy
|
|-fieldend|move: Grassy Terrain
|upkeep
|turn|14
|
|t:|1659554107
|move|p2a: dababy|Dragon Dance|p2a: dababy
|-boost|p2a: dababy|atk|1
|-boost|p2a: dababy|spe|1
|move|p1a: Heatran|Toxic|p2a: dababy
|-status|p2a: dababy|tox
|
|-damage|p2a: dababy|95/100 tox|[from] psn
|upkeep
|turn|15
|
|t:|1659554121
|move|p2a: dababy|Dragon Dance|p2a: dababy
|-boost|p2a: dababy|atk|1
|-boost|p2a: dababy|spe|1
|move|p1a: Heatran|Earth Power|p2a: dababy
|-damage|p2a: dababy|58/100 tox
|
|-damage|p2a: dababy|46/100 tox|[from] psn
|upkeep
|turn|16
|
|t:|1659554130
|move|p2a: dababy|Phantom Force||[still]
|-prepare|p2a: dababy|Phantom Force
|move|p1a: Heatran|Stealth Rock|p2a: dababy
|-sidestart|p2: yo it's yoda|move: Stealth Rock
|
|-damage|p2a: dababy|28/100 tox|[from] psn
|upkeep
|turn|17
|j| Hey hey hello
|
|t:|1659554148
|switch|p1a: Nidoking|Nidoking, M|100/100
|move|p2a: dababy|Phantom Force|p1a: Nidoking|[from]lockedmove
|-damage|p1a: Nidoking|0 fnt
|faint|p1a: Nidoking
|-damage|p2a: dababy|18/100 tox|[from] item: Life Orb
|
|-damage|p2a: dababy|0 fnt|[from] psn
|faint|p2a: dababy
|upkeep
|
|t:|1659554177
|switch|p2a: Rillaboom|Rillaboom, M, shiny|100/100
|switch|p1a: Buzzwole|Buzzwole|100/100
|-damage|p2a: Rillaboom|88/100|[from] Stealth Rock
|-fieldstart|move: Grassy Terrain|[from] ability: Grassy Surge|[of] p2a: Rillaboom
|turn|18
|l|☆LT91BB Pokeglace17
|inactive|LT91BB Pokeglace17 disconnected and has a minute to reconnect!
|player|p1|
|inactive|LT91BB Pokeglace17 has 30 seconds to reconnect!
|j|☆LT91BB Pokeglace17
|inactive|LT91BB Pokeglace17 reconnected and has 100 seconds left.
|player|p1|LT91BB Pokeglace17|koga-gen2
|
|t:|1659554230
|switch|p2a: SUN BLEACHED|Garchomp, M, shiny|92/100
|-damage|p2a: SUN BLEACHED|86/100|[from] Stealth Rock
|move|p1a: Buzzwole|Ice Punch|p2a: SUN BLEACHED
|-supereffective|p2a: SUN BLEACHED
|-damage|p2a: SUN BLEACHED|0 fnt
|-damage|p1a: Buzzwole|88/100|[from] ability: Rough Skin|[of] p2a: SUN BLEACHED
|faint|p2a: SUN BLEACHED
|-ability|p1a: Buzzwole|Beast Boost|boost
|-boost|p1a: Buzzwole|atk|1
|
|-heal|p1a: Buzzwole|94/100|[from] Grassy Terrain
|upkeep
|-message|yo it's yoda forfeited.
|
|win|LT91BB Pokeglace17
|raw|LT91BB Pokeglace17's rating: 1712 &rarr; <strong>1734</strong><br />(+22 for winning)
|raw|yo it&apos;s yoda's rating: 1754 &rarr; <strong>1732</strong><br />(-22 for losing)
|l|☆yo it's yoda
|c|☆LT91BB Pokeglace17|Gg
|l| Hey hey hello
|l|☆LT91BB Pokeglace17
||Ladder isn't responding, score probably updated but might not have (Request timeout).
|l| zagirl
|j| The Delta Maybca☆〜
|l| The Delta Maybca☆〜
