|j|☆playeraccount
|j|☆ManImissMyBrain
|t:|1663860353
|gametype|singles
|player|p1|playeraccount|169|1401
|player|p2|ManImissMyBrain|unknown|1397
|teamsize|p1|6
|teamsize|p2|6
|gen|8
|tier|[Gen 8] OU
|rated|
|rule|Sleep Clause Mod: Limit one foe put to sleep
|rule|Species Clause: Limit one of each Pokémon
|rule|OHKO Clause: OHKO moves are banned
|rule|Evasion Items Clause: Evasion items are banned
|rule|Evasion Moves Clause: Evasion moves are banned
|rule|Endless Battle Clause: Forcing endless battles is banned
|rule|HP Percentage Mod: HP is shown in percentages
|rule|Dynamax Clause: You cannot dynamax
|clearpoke
|poke|p1|Nidoqueen, F|
|poke|p1|Slowbro, F|
|poke|p1|Porygon2|
|poke|p1|Tapu Fini|
|poke|p1|Kartana|
|poke|p1|Tornadus-Therian, M|
|poke|p2|Tapu Lele|
|poke|p2|Magnezone|
|poke|p2|Slowking-Galar, M|
|poke|p2|Dragapult, M|
|poke|p2|Tyranitar, F|
|poke|p2|Landorus-Therian, M|
|teampreview
|inactive|Battle timer is ON: inactive players will automatically lose when time's up. (requested by playeraccount)
|
|t:|1663860373
|start
|switch|p1a: Kartana|Kartana|100/100
|switch|p2a: Tapu Lele|Tapu Lele|100/100
|-fieldstart|move: Psychic Terrain|[from] ability: Psychic Surge|[of] p2a: Tapu Lele
|turn|1
|
|t:|1663860402
|switch|p2a: Landorus|Landorus-Therian, M|100/100
|-ability|p2a: Landorus|Intimidate|boost
|-unboost|p1a: Kartana|atk|1
|move|p1a: Kartana|Knock Off|p2a: Landorus
|-damage|p2a: Landorus|71/100
|-enditem|p2a: Landorus|Leftovers|[from] move: Knock Off|[of] p1a: Kartana
|
|upkeep
|turn|2
|
|t:|1663860414
|switch|p1a: Tornadus|Tornadus-Therian, M|100/100
|move|p2a: Landorus|Earthquake|p1a: Tornadus
|-immune|p1a: Tornadus
|
|upkeep
|turn|3
|
|t:|1663860421
|move|p1a: Tornadus|Knock Off|p2a: Landorus
|-damage|p2a: Landorus|61/100
|move|p2a: Landorus|U-turn|p1a: Tornadus
|-resisted|p1a: Tornadus
|-damage|p1a: Tornadus|87/100
|
|t:|1663860432
|switch|p2a: Tyranitar|Tyranitar, F|100/100|[from]move: U-turn
|-weather|Sandstorm|[from] ability: Sand Stream|[of] p2a: Tyranitar
|
|-weather|Sandstorm|[upkeep]
|-damage|p1a: Tornadus|81/100|[from] Sandstorm
|upkeep
|turn|4
|
|t:|1663860442
|move|p1a: Tornadus|U-turn|p2a: Tyranitar
|-supereffective|p2a: Tyranitar
|-damage|p2a: Tyranitar|78/100
|
|t:|1663860450
|switch|p1a: Slowbro|Slowbro, F, shiny|100/100|[from]move: U-turn
|move|p2a: Tyranitar|Stealth Rock|p1a: Slowbro
|-sidestart|p1: playeraccount|move: Stealth Rock
|
|-weather|Sandstorm|[upkeep]
|-damage|p1a: Slowbro|94/100|[from] Sandstorm
|-heal|p2a: Tyranitar|84/100|[from] item: Leftovers
|upkeep
|turn|5
|
|t:|1663860460
|switch|p2a: Slowking|Slowking-Galar, M, shiny|100/100
|move|p1a: Slowbro|Future Sight|p2a: Slowking
|-start|p1a: Slowbro|move: Future Sight
|
|-weather|Sandstorm|[upkeep]
|-damage|p1a: Slowbro|88/100|[from] Sandstorm
|-damage|p2a: Slowking|94/100|[from] Sandstorm
|-fieldend|move: Psychic Terrain
|upkeep
|turn|6
|
|t:|1663860467
|move|p2a: Slowking|Future Sight|p1a: Slowbro
|-start|p2a: Slowking|move: Future Sight
|move|p1a: Slowbro|Teleport|p1a: Slowbro
|
|t:|1663860470
|switch|p1a: Kartana|Kartana|100/100|[from]move: Teleport
|-damage|p1a: Kartana|94/100|[from] Stealth Rock
|
|-weather|Sandstorm|[upkeep]
|-damage|p2a: Slowking|88/100|[from] Sandstorm
|upkeep
|turn|7
|
|t:|1663860479
|switch|p2a: Landorus|Landorus-Therian, M|61/100
|-ability|p2a: Landorus|Intimidate|boost
|-unboost|p1a: Kartana|atk|1
|move|p1a: Kartana|Knock Off|p2a: Landorus
|-damage|p2a: Landorus|41/100
|
|-weather|none
|-end|p2a: Landorus|move: Future Sight
|-damage|p2a: Landorus|0 fnt
|faint|p2a: Landorus
|upkeep
|
|t:|1663860494
|switch|p2a: Magnezone|Magnezone, shiny|100/100
|turn|8
|
|t:|1663860504
|move|p1a: Kartana|Knock Off|p2a: Magnezone
|-damage|p2a: Magnezone|63/100
|-enditem|p2a: Magnezone|Leftovers|[from] move: Knock Off|[of] p1a: Kartana
|move|p2a: Magnezone|Iron Defense|p2a: Magnezone
|-boost|p2a: Magnezone|def|2
|
|-end|p1a: Kartana|move: Future Sight
|-resisted|p1a: Kartana
|-damage|p1a: Kartana|1/100
|upkeep
|turn|9
|
|t:|1663860510
|move|p1a: Kartana|Knock Off|p2a: Magnezone
|-damage|p2a: Magnezone|52/100
|move|p2a: Magnezone|Iron Defense|p2a: Magnezone
|-boost|p2a: Magnezone|def|2
|
|upkeep
|turn|10
|
|t:|1663860522
|move|p1a: Kartana|Knock Off|p2a: Magnezone
|-damage|p2a: Magnezone|44/100
|move|p2a: Magnezone|Body Press|p1a: Kartana
|-supereffective|p1a: Kartana
|-damage|p1a: Kartana|0 fnt
|faint|p1a: Kartana
|
|upkeep
|
|t:|1663860527
|switch|p1a: Nidoqueen|Nidoqueen, F, shiny|100/100
|-damage|p1a: Nidoqueen|94/100|[from] Stealth Rock
|turn|11
|
|t:|1663860537
|switch|p2a: Tyranitar|Tyranitar, F|84/100
|-weather|Sandstorm|[from] ability: Sand Stream|[of] p2a: Tyranitar
|move|p1a: Nidoqueen|Earth Power|p2a: Tyranitar
|-supereffective|p2a: Tyranitar
|-damage|p2a: Tyranitar|42/100
|
|-weather|Sandstorm|[upkeep]
|-heal|p2a: Tyranitar|48/100|[from] item: Leftovers
|upkeep
|turn|12
|
|t:|1663860547
|move|p1a: Nidoqueen|Earth Power|p2a: Tyranitar
|-supereffective|p2a: Tyranitar
|-damage|p2a: Tyranitar|5/100
|move|p2a: Tyranitar|Earthquake|p1a: Nidoqueen
|-supereffective|p1a: Nidoqueen
|-damage|p1a: Nidoqueen|25/100
|
|-weather|Sandstorm|[upkeep]
|-heal|p2a: Tyranitar|11/100|[from] item: Leftovers
|upkeep
|turn|13
|
|t:|1663860557
|move|p1a: Nidoqueen|Earth Power|p2a: Tyranitar
|-supereffective|p2a: Tyranitar
|-damage|p2a: Tyranitar|0 fnt
|faint|p2a: Tyranitar
|
|-weather|Sandstorm|[upkeep]
|upkeep
|
|t:|1663860567
|switch|p2a: Tapu Lele|Tapu Lele|100/100
|-fieldstart|move: Psychic Terrain|[from] ability: Psychic Surge|[of] p2a: Tapu Lele
|turn|14
|
|t:|1663860577
|switch|p1a: Slowbro|Slowbro, F, shiny|100/100
|-damage|p1a: Slowbro|88/100|[from] Stealth Rock
|move|p2a: Tapu Lele|Psyshock|p1a: Slowbro
|-resisted|p1a: Slowbro
|-damage|p1a: Slowbro|64/100
|
|-weather|Sandstorm|[upkeep]
|-damage|p2a: Tapu Lele|94/100|[from] Sandstorm
|-damage|p1a: Slowbro|58/100|[from] Sandstorm
|upkeep
|turn|15
|
|t:|1663860586
|switch|p2a: Slowking|Slowking-Galar, M, shiny|100/100
|move|p1a: Slowbro|Future Sight|p2a: Slowking
|-start|p1a: Slowbro|move: Future Sight
|
|-weather|none
|upkeep
|turn|16
|
|t:|1663860595
|move|p2a: Slowking|Sludge Bomb|p1a: Slowbro
|-damage|p1a: Slowbro|11/100
|move|p1a: Slowbro|Teleport|p1a: Slowbro
|
|t:|1663860602
|switch|p1a: Porygon2|Porygon2, shiny|100/100|[from]move: Teleport
|-damage|p1a: Porygon2|88/100|[from] Stealth Rock
|-ability|p1a: Porygon2|Regenerator|[from] ability: Trace|[of] p2a: Slowking
|
|upkeep
|turn|17
|
|t:|1663860608
|move|p1a: Porygon2|Tri Attack|p2a: Slowking
|-damage|p2a: Slowking|85/100
|move|p2a: Slowking|Future Sight|p1a: Porygon2
|-start|p2a: Slowking|move: Future Sight
|
|-end|p2a: Slowking|move: Future Sight
|-damage|p2a: Slowking|55/100
|upkeep
|turn|18
|
|t:|1663860615
|move|p1a: Porygon2|Tri Attack|p2a: Slowking
|-damage|p2a: Slowking|38/100
|-status|p2a: Slowking|frz
|cant|p2a: Slowking|frz
|
|-fieldend|move: Psychic Terrain
|upkeep
|turn|19
|
|t:|1663860621
|move|p1a: Porygon2|Tri Attack|p2a: Slowking
|-damage|p2a: Slowking|24/100 frz
|cant|p2a: Slowking|frz
|
|-end|p1a: Porygon2|move: Future Sight
|-damage|p1a: Porygon2|59/100
|upkeep
|turn|20
|
|t:|1663860634
|switch|p2a: Magnezone|Magnezone, shiny|44/100
|move|p1a: Porygon2|Tri Attack|p2a: Magnezone
|-resisted|p2a: Magnezone
|-crit|p2a: Magnezone
|-damage|p2a: Magnezone|16/100
|
|upkeep
|turn|21
|
|t:|1663860645
|switch|p1a: Slowbro|Slowbro, F, shiny|44/100
|-damage|p1a: Slowbro|32/100|[from] Stealth Rock
|move|p2a: Magnezone|Body Press|p1a: Slowbro
|-resisted|p1a: Slowbro
|-damage|p1a: Slowbro|23/100
|-damage|p2a: Magnezone|0 fnt|[from] item: Rocky Helmet|[of] p1a: Slowbro
|faint|p2a: Magnezone
|
|upkeep
|
|t:|1663860653
|switch|p2a: Tapu Lele|Tapu Lele|94/100
|-fieldstart|move: Psychic Terrain|[from] ability: Psychic Surge|[of] p2a: Tapu Lele
|turn|22
|
|t:|1663860667
|switch|p1a: Porygon2|Porygon2, shiny|92/100
|-damage|p1a: Porygon2|80/100|[from] Stealth Rock
|-ability|p1a: Porygon2|Psychic Surge|[from] ability: Trace|[of] p2a: Tapu Lele
|move|p2a: Tapu Lele|Psyshock|p1a: Porygon2
|-damage|p1a: Porygon2|26/100
|
|upkeep
|turn|23
|
|t:|1663860675
|switch|p1a: Slowbro|Slowbro, F, shiny|56/100
|-damage|p1a: Slowbro|44/100|[from] Stealth Rock
|move|p2a: Tapu Lele|Psyshock|p1a: Slowbro
|-resisted|p1a: Slowbro
|-damage|p1a: Slowbro|18/100
|
|upkeep
|turn|24
|
|t:|1663860681
|move|p2a: Tapu Lele|Psyshock|p1a: Slowbro
|-resisted|p1a: Slowbro
|-damage|p1a: Slowbro|0 fnt
|faint|p1a: Slowbro
|
|upkeep
|
|t:|1663860687
|switch|p1a: Porygon2|Porygon2, shiny|26/100
|-damage|p1a: Porygon2|14/100|[from] Stealth Rock
|-ability|p1a: Porygon2|Psychic Surge|[from] ability: Trace|[of] p2a: Tapu Lele
|turn|25
|
|t:|1663860695
|switch|p2a: Slowking|Slowking-Galar, M, shiny|57/100 frz
|move|p1a: Porygon2|Toxic|p2a: Slowking|[miss]
|-miss|p1a: Porygon2|p2a: Slowking
|
|upkeep
|turn|26
|
|t:|1663860701
|move|p1a: Porygon2|Recover|p1a: Porygon2
|-heal|p1a: Porygon2|64/100
|cant|p2a: Slowking|frz
|
|-fieldend|move: Psychic Terrain
|upkeep
|turn|27
|
|t:|1663860708
|move|p1a: Porygon2|Recover|p1a: Porygon2
|-heal|p1a: Porygon2|100/100
|cant|p2a: Slowking|frz
|
|upkeep
|turn|28
|
|t:|1663860711
|-curestatus|p2a: Slowking|frz|[msg]
|move|p2a: Slowking|Future Sight|p1a: Porygon2
|-start|p2a: Slowking|move: Future Sight
|move|p1a: Porygon2|Teleport|p1a: Porygon2
|
|t:|1663860715
|switch|p1a: Nidoqueen|Nidoqueen, F, shiny|25/100|[from]move: Teleport
|-damage|p1a: Nidoqueen|19/100|[from] Stealth Rock
|
|upkeep
|turn|29
|
|t:|1663860723
|move|p1a: Nidoqueen|Earth Power|p2a: Slowking
|-supereffective|p2a: Slowking
|-damage|p2a: Slowking|1/100
|move|p2a: Slowking|Hydro Pump|p1a: Nidoqueen
|-supereffective|p1a: Nidoqueen
|-damage|p1a: Nidoqueen|0 fnt
|faint|p1a: Nidoqueen
|
|upkeep
|
|t:|1663860730
|switch|p1a: Tornadus|Tornadus-Therian, M|100/100
|turn|30
|
|t:|1663860755
|switch|p2a: Tapu Lele|Tapu Lele|94/100
|-fieldstart|move: Psychic Terrain|[from] ability: Psychic Surge|[of] p2a: Tapu Lele
|move|p1a: Tornadus|U-turn|p2a: Tapu Lele
|-damage|p2a: Tapu Lele|73/100
|
|t:|1663860761
|switch|p1a: Porygon2|Porygon2, shiny|100/100|[from]move: U-turn
|-damage|p1a: Porygon2|88/100|[from] Stealth Rock
|-ability|p1a: Porygon2|Psychic Surge|[from] ability: Trace|[of] p2a: Tapu Lele
|
|-end|p1a: Porygon2|move: Future Sight
|-damage|p1a: Porygon2|52/100
|upkeep
|turn|31
|
|t:|1663860767
|move|p2a: Tapu Lele|Psyshock|p1a: Porygon2
|-damage|p1a: Porygon2|0 fnt
|faint|p1a: Porygon2
|
|upkeep
|
|t:|1663860771
|switch|p1a: Tornadus|Tornadus-Therian, M|100/100
|turn|32
|
|t:|1663860776
|move|p1a: Tornadus|Knock Off|p2a: Tapu Lele
|-crit|p2a: Tapu Lele
|-damage|p2a: Tapu Lele|29/100
|-enditem|p2a: Tapu Lele|Choice Specs|[from] move: Knock Off|[of] p1a: Tornadus
|move|p2a: Tapu Lele|Psyshock|p1a: Tornadus
|-damage|p1a: Tornadus|35/100
|
|upkeep
|turn|33
|
|t:|1663860788
|move|p1a: Tornadus|Knock Off|p2a: Tapu Lele
|-damage|p2a: Tapu Lele|8/100
|move|p2a: Tapu Lele|Thunderbolt|p1a: Tornadus
|-supereffective|p1a: Tornadus
|-crit|p1a: Tornadus
|-damage|p1a: Tornadus|0 fnt
|faint|p1a: Tornadus
|
|upkeep
|
|t:|1663860792
|switch|p1a: Tapu Fini|Tapu Fini|100/100
|-damage|p1a: Tapu Fini|88/100|[from] Stealth Rock
|-fieldstart|move: Misty Terrain|[from] ability: Misty Surge|[of] p1a: Tapu Fini
|turn|34
|
|t:|1663860801
|move|p1a: Tapu Fini|Moonblast|p2a: Tapu Lele
|-damage|p2a: Tapu Lele|0 fnt
|faint|p2a: Tapu Lele
|
|upkeep
|
|t:|1663860805
|switch|p2a: Slowking|Slowking-Galar, M, shiny|34/100
|turn|35
|
|t:|1663860811
|switch|p2a: Dragapult|Dragapult, M|100/100
|move|p1a: Tapu Fini|Moonblast|p2a: Dragapult
|-supereffective|p2a: Dragapult
|-damage|p2a: Dragapult|1/100
|
|-heal|p2a: Dragapult|7/100|[from] item: Leftovers
|upkeep
|turn|36
|
|t:|1663860818
|move|p1a: Tapu Fini|Moonblast|p2a: Dragapult
|-supereffective|p2a: Dragapult
|-damage|p2a: Dragapult|0 fnt
|faint|p2a: Dragapult
|
|upkeep
|
|t:|1663860821
|switch|p2a: Slowking|Slowking-Galar, M, shiny|68/100
|turn|37
|
|t:|1663860825
|move|p1a: Tapu Fini|Moonblast|p2a: Slowking
|-resisted|p2a: Slowking
|-damage|p2a: Slowking|58/100
|-unboost|p2a: Slowking|spa|1
|move|p2a: Slowking|Sludge Bomb|p1a: Tapu Fini
|-supereffective|p1a: Tapu Fini
|-damage|p1a: Tapu Fini|32/100
|
|upkeep
|turn|38
|
|t:|1663860831
|move|p1a: Tapu Fini|Moonblast|p2a: Slowking
|-resisted|p2a: Slowking
|-damage|p2a: Slowking|47/100
|move|p2a: Slowking|Sludge Bomb|p1a: Tapu Fini
|-supereffective|p1a: Tapu Fini
|-damage|p1a: Tapu Fini|0 fnt
|faint|p1a: Tapu Fini
|
|win|ManImissMyBrain
|raw|playeraccount's rating: 1401 &rarr; <strong>1381</strong><br />(-20 for losing)
|raw|ManImissMyBrain's rating: 1397 &rarr; <strong>1417</strong><br />(+20 for winning)
|l|☆playeraccount
||Ladder isn't responding, score probably updated but might not have (Request timeout).
