|raw|<div class="broadcast-blue"><strong>This battle is required to be public due to a player having a name prefixed by 'LT71LX'.</div>
|j|☆Arnaud Senju vgc
|j|☆LT71LX Chai
|t:|1597269149
|player|p1|Arnaud Senju vgc|steven|1908
|player|p2|LT71LX Chai|veteran|1879
|teamsize|p1|6
|teamsize|p2|6
|gametype|singles
|gen|8
|tier|[Gen 8] OU
|rated|
|clearpoke
|poke|p1|Mew|
|poke|p1|Azumarill, F|
|poke|p1|Rillaboom, M|
|poke|p1|Urshifu-*, F|
|poke|p1|Volcarona, F|
|poke|p1|Togekiss, M|
|poke|p2|Clefable, F|
|poke|p2|Rillaboom, M|
|poke|p2|Skarmory, F|
|poke|p2|Hatterene, F|
|poke|p2|Magnezone|
|poke|p2|Azumarill, F|
|rule|Sleep Clause Mod: Limit one foe put to sleep
|rule|Species Clause: Limit one of each Pokémon
|rule|OHKO Clause: OHKO moves are banned
|rule|Evasion Moves Clause: Evasion moves are banned
|rule|Endless Battle Clause: Forcing endless battles is banned
|rule|HP Percentage Mod: HP is shown in percentages
|rule|Dynamax Clause: You cannot dynamax
|teampreview
|
|t:|1597269165
|start
|switch|p1a: Mew|Mew|100/100
|switch|p2a: Magnezone|Magnezone|100/100
|turn|1
|
|t:|1597269175
|switch|p1a: Volcarona|Volcarona, F|100/100
|move|p2a: Magnezone|Volt Switch|p1a: Volcarona
|-damage|p1a: Volcarona|67/100
|inactive|Battle timer is ON: inactive players will automatically lose when time's up. (requested by Arnaud Senju vgc)
|j| Brisked
|
|t:|1597269207
|switch|p2a: Azumarill|Azumarill, F|100/100|[from]move: Volt Switch
|
|upkeep
|turn|2
|
|t:|1597269214
|switch|p1a: Rillaboom|Rillaboom, M|100/100
|-fieldstart|move: Grassy Terrain|[from] ability: Grassy Surge|[of] p1a: Rillaboom
|-enditem|p1a: Rillaboom|Grassy Seed
|-boost|p1a: Rillaboom|def|1|[from] item: Grassy Seed
|move|p2a: Azumarill|Whirlpool|p1a: Rillaboom
|-resisted|p1a: Rillaboom
|-damage|p1a: Rillaboom|95/100
|-activate|p1a: Rillaboom|move: Whirlpool|[of] p2a: Azumarill
|
|-heal|p1a: Rillaboom|100/100|[from] Grassy Terrain
|-damage|p1a: Rillaboom|88/100|[from] move: Whirlpool|[partiallytrapped]
|upkeep
|turn|3
|
|t:|1597269230
|move|p1a: Rillaboom|Swords Dance|p1a: Rillaboom
|-boost|p1a: Rillaboom|atk|2
|move|p2a: Azumarill|Perish Song|p2a: Azumarill
|-start|p1a: Rillaboom|perish3|[silent]
|-start|p2a: Azumarill|perish3|[silent]
|-fieldactivate|move: Perish Song
|
|-heal|p1a: Rillaboom|94/100|[from] Grassy Terrain
|-damage|p1a: Rillaboom|82/100|[from] move: Whirlpool|[partiallytrapped]
|-start|p1a: Rillaboom|perish3
|-start|p2a: Azumarill|perish3
|upkeep
|turn|4
|
|t:|1597269242
|move|p2a: Azumarill|Protect|p2a: Azumarill
|-singleturn|p2a: Azumarill|Protect
|move|p1a: Rillaboom|Swords Dance|p1a: Rillaboom
|-boost|p1a: Rillaboom|atk|2
|
|-heal|p1a: Rillaboom|88/100|[from] Grassy Terrain
|-damage|p1a: Rillaboom|76/100|[from] move: Whirlpool|[partiallytrapped]
|-start|p1a: Rillaboom|perish2
|-start|p2a: Azumarill|perish2
|upkeep
|turn|5
|
|t:|1597269255
|switch|p2a: Skarmory|Skarmory, F|100/100
|move|p1a: Rillaboom|Acrobatics|p2a: Skarmory
|-resisted|p2a: Skarmory
|-damage|p2a: Skarmory|65/100
|-damage|p1a: Rillaboom|59/100|[from] item: Rocky Helmet|[of] p2a: Skarmory
|
|-heal|p1a: Rillaboom|65/100|[from] Grassy Terrain
|-end|p1a: Rillaboom|Whirlpool|[partiallytrapped]|[silent]
|-start|p1a: Rillaboom|perish1
|upkeep
|turn|6
|
|t:|1597269275
|switch|p1a: Mew|Mew|100/100
|move|p2a: Skarmory|Spikes|p1a: Mew
|-sidestart|p1: Arnaud Senju vgc|Spikes
|
|-fieldend|move: Grassy Terrain
|upkeep
|turn|7
|
|t:|1597269284
|switch|p2a: Hatterene|Hatterene, F|100/100
|move|p1a: Mew|Block|p2a: Hatterene
|move|p2a: Hatterene|Block|p1a: Mew|[from]Magic Bounce
|-activate|p1a: Mew|trapped
|
|upkeep
|turn|8
|
|t:|1597269299
|move|p1a: Mew|Imprison|p1a: Mew
|-start|p1a: Mew|move: Imprison
|move|p2a: Hatterene|Calm Mind|p2a: Hatterene
|-boost|p2a: Hatterene|spa|1
|-boost|p2a: Hatterene|spd|1
|
|upkeep
|turn|9
|j| wyn
|j| reje
|j| izaya
|j| Maki's Fox
|inactive|LT71LX Chai has 120 seconds left.
|j| Magazijn
|inactive|LT71LX Chai has 90 seconds left.
|l| Magazijn
|j| Chans3y
|l| Chans3y
|inactive|LT71LX Chai has 60 seconds left.
|
|t:|1597269401
|switch|p2a: Clefable|Clefable, F|100/100
|move|p1a: Mew|Transform|p2a: Clefable
|-transform|p1a: Mew|p2a: Clefable
|-endability|p1a: Mew|Synchronize|[from] move: Transform
|
|upkeep
|turn|10
|
|t:|1597269420
|switch|p2a: Hatterene|Hatterene, F|100/100
|move|p1a: Mew|Stealth Rock|p2a: Hatterene
|move|p2a: Hatterene|Stealth Rock|p1a: Mew|[from]Magic Bounce
|-sidestart|p1: Arnaud Senju vgc|move: Stealth Rock
|
|upkeep
|turn|11
|inactive|LT71LX Chai has 60 seconds left.
|
|t:|1597269456
|move|p1a: Mew|Knock Off|p2a: Hatterene
|-damage|p2a: Hatterene|88/100
|-enditem|p2a: Hatterene|Grassy Seed|[from] move: Knock Off|[of] p1a: Mew
|move|p2a: Hatterene|Calm Mind|p2a: Hatterene
|-boost|p2a: Hatterene|spa|1
|-boost|p2a: Hatterene|spd|1
|
|upkeep
|turn|12
|
|t:|1597269468
|switch|p1a: Togekiss|Togekiss, M|100/100
|-damage|p1a: Togekiss|75/100|[from] Stealth Rock
|move|p2a: Hatterene|Mystical Fire|p1a: Togekiss
|-damage|p1a: Togekiss|40/100
|-unboost|p1a: Togekiss|spa|1
|
|upkeep
|turn|13
|
|t:|1597269478
|move|p1a: Togekiss|Trick|p2a: Hatterene
|-activate|p1a: Togekiss|move: Trick|[of] p2a: Hatterene
|-item|p2a: Hatterene|Choice Scarf|[from] move: Trick
|-enditem|p1a: Togekiss|Choice Scarf|[silent]|[from] move: Trick
|move|p2a: Hatterene|Psychic|p1a: Togekiss
|-damage|p1a: Togekiss|0 fnt
|faint|p1a: Togekiss
|
|upkeep
|
|t:|1597269486
|switch|p1a: Urshifu|Urshifu, F|100/100
|-damage|p1a: Urshifu|94/100|[from] Stealth Rock
|-damage|p1a: Urshifu|82/100|[from] Spikes
|turn|14
|
|t:|1597269493
|switch|p2a: Clefable|Clefable, F|100/100
|move|p1a: Urshifu|Bulk Up|p1a: Urshifu
|-boost|p1a: Urshifu|atk|1
|-boost|p1a: Urshifu|def|1
|
|upkeep
|turn|15
|l| izaya
|inactive|LT71LX Chai has 60 seconds left.
|
|t:|1597269511
|move|p1a: Urshifu|Iron Head|p2a: Clefable
|-supereffective|p2a: Clefable
|-damage|p2a: Clefable|7/100
|-damage|p1a: Urshifu|72/100|[from] item: Life Orb
|move|p2a: Clefable|Moonblast|p1a: Urshifu
|-supereffective|p1a: Urshifu
|-damage|p1a: Urshifu|0 fnt
|faint|p1a: Urshifu
|
|-heal|p2a: Clefable|13/100|[from] item: Leftovers
|upkeep
|
|t:|1597269524
|switch|p1a: Rillaboom|Rillaboom, M|65/100
|-damage|p1a: Rillaboom|53/100|[from] Spikes
|-damage|p1a: Rillaboom|41/100|[from] Stealth Rock
|-fieldstart|move: Grassy Terrain|[from] ability: Grassy Surge|[of] p1a: Rillaboom
|turn|16
|inactive|LT71LX Chai has 60 seconds left.
|
|t:|1597269536
|switch|p2a: Skarmory|Skarmory, F|65/100
|move|p1a: Rillaboom|Grassy Glide|p2a: Skarmory
|-resisted|p2a: Skarmory
|-damage|p2a: Skarmory|57/100
|-damage|p1a: Rillaboom|24/100|[from] item: Rocky Helmet|[of] p2a: Skarmory
|
|-heal|p1a: Rillaboom|30/100|[from] Grassy Terrain
|upkeep
|turn|17
|
|t:|1597269547
|switch|p1a: Volcarona|Volcarona, F|67/100
|move|p2a: Skarmory|Toxic|p1a: Volcarona
|-status|p1a: Volcarona|tox
|
|-heal|p1a: Volcarona|73/100 tox|[from] Grassy Terrain
|-damage|p1a: Volcarona|67/100 tox|[from] psn
|upkeep
|turn|18
|
|t:|1597269557
|switch|p2a: Azumarill|Azumarill, F|100/100
|move|p1a: Volcarona|Fiery Dance|p2a: Azumarill
|-resisted|p2a: Azumarill
|-damage|p2a: Azumarill|88/100
|
|-heal|p1a: Volcarona|73/100 tox|[from] Grassy Terrain
|-heal|p2a: Azumarill|94/100|[from] Grassy Terrain
|-damage|p1a: Volcarona|61/100 tox|[from] psn
|upkeep
|turn|19
|
|t:|1597269571
|switch|p1a: Mew|Mew|100/100
|-damage|p1a: Mew|88/100|[from] Stealth Rock
|-damage|p1a: Mew|76/100|[from] Spikes
|move|p2a: Azumarill|Perish Song|p2a: Azumarill
|-start|p1a: Mew|perish3|[silent]
|-start|p2a: Azumarill|perish3|[silent]
|-fieldactivate|move: Perish Song
|
|-heal|p1a: Mew|82/100|[from] item: Leftovers
|-heal|p1a: Mew|88/100|[from] Grassy Terrain
|-heal|p2a: Azumarill|99/100|[from] Grassy Terrain
|-start|p1a: Mew|perish3
|-start|p2a: Azumarill|perish3
|upkeep
|turn|20
|
|t:|1597269587
|switch|p1a: Azumarill|Azumarill, F|100/100
|-damage|p1a: Azumarill|88/100|[from] Stealth Rock
|-damage|p1a: Azumarill|76/100|[from] Spikes
|switch|p2a: Hatterene|Hatterene, F|88/100
|
|-heal|p2a: Hatterene|94/100|[from] Grassy Terrain
|-heal|p1a: Azumarill|82/100|[from] Grassy Terrain
|-fieldend|move: Grassy Terrain
|upkeep
|turn|21
|
|t:|1597269599
|move|p2a: Hatterene|Psychic|p1a: Azumarill
|-damage|p1a: Azumarill|40/100
|-enditem|p1a: Azumarill|Sitrus Berry|[eat]
|-heal|p1a: Azumarill|65/100|[from] item: Sitrus Berry
|move|p1a: Azumarill|Play Rough|p2a: Hatterene
|-damage|p2a: Hatterene|46/100
|-unboost|p2a: Hatterene|atk|1
|
|upkeep
|turn|22
|j| Maccy99
|
|t:|1597269610
|move|p2a: Hatterene|Psychic|p1a: Azumarill
|-damage|p1a: Azumarill|21/100
|move|p1a: Azumarill|Play Rough|p2a: Hatterene
|-crit|p2a: Hatterene
|-damage|p2a: Hatterene|0 fnt
|faint|p2a: Hatterene
|
|upkeep
|
|t:|1597269615
|switch|p2a: Magnezone|Magnezone|100/100
|turn|23
|
|t:|1597269621
|move|p1a: Azumarill|Aqua Jet|p2a: Magnezone
|-damage|p2a: Magnezone|72/100
|move|p2a: Magnezone|Volt Switch|p1a: Azumarill
|-supereffective|p1a: Azumarill
|-damage|p1a: Azumarill|0 fnt
|faint|p1a: Azumarill
|
|t:|1597269636
|switch|p2a: Skarmory|Skarmory, F|57/100|[from]move: Volt Switch
|
|upkeep
|
|t:|1597269641
|switch|p1a: Volcarona|Volcarona, F|61/100 tox
|turn|24
|
|t:|1597269646
|switch|p1a: Mew|Mew|88/100
|-damage|p1a: Mew|76/100|[from] Spikes
|-damage|p1a: Mew|63/100|[from] Stealth Rock
|switch|p2a: Azumarill|Azumarill, F|99/100
|
|-heal|p1a: Mew|70/100|[from] item: Leftovers
|upkeep
|turn|25
|l| wyn
|
|t:|1597269672
|switch|p2a: Magnezone|Magnezone|72/100
|move|p1a: Mew|Imprison|p1a: Mew
|-start|p1a: Mew|move: Imprison
|
|-heal|p1a: Mew|76/100|[from] item: Leftovers
|upkeep
|turn|26
|
|t:|1597269684
|move|p1a: Mew|Roost|p1a: Mew
|-heal|p1a: Mew|100/100
|-singleturn|p1a: Mew|move: Roost
|move|p2a: Magnezone|Toxic|p1a: Mew
|-status|p1a: Mew|tox
|-activate|p1a: Mew|ability: Synchronize
|-immune|p2a: Magnezone
|
|-damage|p1a: Mew|94/100 tox|[from] psn
|upkeep
|turn|27
|-message|Arnaud Senju vgc forfeited.
|
|win|LT71LX Chai
|l|☆Arnaud Senju vgc
|l|☆LT71LX Chai
|j| Iwantatago2sitonme
|l| Iwantatago2sitonme
||Ladder (probably) updated, but score could not be retrieved (Request timeout).
