|j|☆InvincibleRoserade
|j|☆Smash BrOUs
|t:|1663377437
|gametype|singles
|player|p1|InvincibleRoserade|dawn|1656
|player|p2|Smash BrOUs|musician|1742
|teamsize|p1|6
|teamsize|p2|6
|gen|8
|tier|[Gen 8] OU
|rated|
|rule|Sleep Clause Mod: Limit one foe put to sleep
|rule|Species Clause: Limit one of each Pokémon
|rule|OHKO Clause: OHKO moves are banned
|rule|Evasion Items Clause: Evasion items are banned
|rule|Evasion Moves Clause: Evasion moves are banned
|rule|Endless Battle Clause: Forcing endless battles is banned
|rule|HP Percentage Mod: HP is shown in percentages
|rule|Dynamax Clause: You cannot dynamax
|clearpoke
|poke|p1|Clefable, F|
|poke|p1|Tornadus-Therian, M|
|poke|p1|Nidoking, M|
|poke|p1|Slowking, F|
|poke|p1|Urshifu-*, M|
|poke|p1|Ferrothorn, M|
|poke|p2|Turtonator, F|
|poke|p2|Blastoise, M|
|poke|p2|Barbaracle, M|
|poke|p2|Cloyster, F|
|poke|p2|Polteageist|
|poke|p2|Crustle, F|
|teampreview
|inactive|Battle timer is ON: inactive players will automatically lose when time's up. (requested by Smash BrOUs)
|inactive|Smash BrOUs has 120 seconds left.
|
|t:|1663377468
|start
|switch|p1a: Urshifu|Urshifu-Rapid-Strike, M|100/100
|switch|p2a: Bowser|Turtonator, F|100/100
|turn|1
|inactive|InvincibleRoserade has 120 seconds left.
|
|t:|1663377520
|move|p1a: Urshifu|U-turn|p2a: Bowser
|-resisted|p2a: Bowser
|-damage|p2a: Bowser|89/100
|
|t:|1663377527
|switch|p1a: Slowking|Slowking, F, shiny|100/100|[from]move: U-turn
|move|p2a: Bowser|Shell Smash|p2a: Bowser
|-unboost|p2a: Bowser|def|1
|-unboost|p2a: Bowser|spd|1
|-boost|p2a: Bowser|atk|2
|-boost|p2a: Bowser|spa|2
|-boost|p2a: Bowser|spe|2
|
|upkeep
|turn|2
|inactive|Smash BrOUs has 120 seconds left.
|
|t:|1663377567
|move|p2a: Bowser|Dragon Pulse|p1a: Slowking
|-damage|p1a: Slowking|61/100
|move|p1a: Slowking|Scald|p2a: Bowser
|-damage|p2a: Bowser|28/100
|
|upkeep
|turn|3
|inactive|InvincibleRoserade has 90 seconds left.
|
|t:|1663377593
|move|p2a: Bowser|Dragon Pulse|p1a: Slowking
|-damage|p1a: Slowking|23/100
|move|p1a: Slowking|Scald|p2a: Bowser
|-damage|p2a: Bowser|0 fnt
|faint|p2a: Bowser
|
|upkeep
|
|t:|1663377619
|switch|p2a: Little Mac|Barbaracle, M|100/100
|turn|4
|inactive|InvincibleRoserade has 90 seconds left.
|inactive|InvincibleRoserade has 60 seconds left.
|
|t:|1663377668
|move|p2a: Little Mac|Shell Smash|p2a: Little Mac
|-unboost|p2a: Little Mac|def|1
|-unboost|p2a: Little Mac|spd|1
|-boost|p2a: Little Mac|atk|2
|-boost|p2a: Little Mac|spa|2
|-boost|p2a: Little Mac|spe|2
|move|p1a: Slowking|Future Sight|p2a: Little Mac
|-start|p1a: Slowking|move: Future Sight
|
|upkeep
|turn|5
|inactive|InvincibleRoserade has 60 seconds left.
|inactive|Smash BrOUs has 90 seconds left.
|
|t:|1663377712
|switch|p1a: Ferrothorn|Ferrothorn, M, shiny|100/100
|move|p2a: Little Mac|Poison Jab|p1a: Ferrothorn
|-immune|p1a: Ferrothorn
|
|upkeep
|turn|6
|inactive|InvincibleRoserade has 60 seconds left.
|
|t:|1663377735
|move|p2a: Little Mac|Superpower|p1a: Ferrothorn
|-supereffective|p1a: Ferrothorn
|-damage|p1a: Ferrothorn|0 fnt
|-unboost|p2a: Little Mac|atk|1
|-unboost|p2a: Little Mac|def|1
|-damage|p2a: Little Mac|88/100|[from] ability: Iron Barbs|[of] p1a: Ferrothorn
|-damage|p2a: Little Mac|72/100|[from] item: Rocky Helmet|[of] p1a: Ferrothorn
|faint|p1a: Ferrothorn
|
|-end|p2a: Little Mac|move: Future Sight
|-damage|p2a: Little Mac|0 fnt
|faint|p2a: Little Mac
|upkeep
|inactive|Smash BrOUs has 90 seconds left.
|inactive|Smash BrOUs has 60 seconds left.
|inactive|Smash BrOUs has 30 seconds left.
|inactive|Smash BrOUs has 20 seconds left.
|inactive|Smash BrOUs has 15 seconds left.
|inactive|Smash BrOUs has 10 seconds left.
|inactive|Smash BrOUs has 5 seconds left.
|
|t:|1663377830
|switch|p2a: Kirby|Polteageist|100/100
|switch|p1a: Urshifu|Urshifu-Rapid-Strike, M|100/100
|turn|7
|inactive|Smash BrOUs has 15 seconds left this turn.
|inactive|InvincibleRoserade has 60 seconds left.
|
|t:|1663377846
|switch|p2a: Ridley|Cloyster, F|100/100
|move|p1a: Urshifu|Surging Strikes|p2a: Ridley
|-resisted|p2a: Ridley
|-crit|p2a: Ridley
|-damage|p2a: Ridley|92/100
|-resisted|p2a: Ridley
|-crit|p2a: Ridley
|-damage|p2a: Ridley|84/100
|-resisted|p2a: Ridley
|-crit|p2a: Ridley
|-damage|p2a: Ridley|76/100
|-hitcount|p2a: Ridley|3
|
|upkeep
|turn|8
|inactive|Smash BrOUs has 25 seconds left this turn.
|inactive|Smash BrOUs has 20 seconds left.
|inactive|Smash BrOUs has 15 seconds left.
|
|t:|1663377869
|switch|p1a: Clefable|Clefable, F, shiny|100/100
|move|p2a: Ridley|Shell Smash|p2a: Ridley
|-unboost|p2a: Ridley|def|1
|-unboost|p2a: Ridley|spd|1
|-boost|p2a: Ridley|atk|2
|-boost|p2a: Ridley|spa|2
|-boost|p2a: Ridley|spe|2
|
|upkeep
|turn|9
|inactive|Smash BrOUs has 25 seconds left this turn.
|
|t:|1663377878
|move|p2a: Ridley|Icicle Spear|p1a: Clefable
|-damage|p1a: Clefable|82/100
|-damage|p1a: Clefable|63/100
|-damage|p1a: Clefable|45/100
|-damage|p1a: Clefable|26/100
|-damage|p1a: Clefable|6/100
|-hitcount|p1a: Clefable|5
|move|p1a: Clefable|Thunder Wave|p2a: Ridley
|-status|p2a: Ridley|par
|
|-heal|p1a: Clefable|12/100|[from] item: Leftovers
|upkeep
|turn|10
|inactive|Smash BrOUs has 30 seconds left.
|inactive|Smash BrOUs has 20 seconds left.
|
|t:|1663377895
|move|p2a: Ridley|Icicle Spear|p1a: Clefable
|-damage|p1a: Clefable|0 fnt
|faint|p1a: Clefable
|-hitcount|p1: Clefable|1
|
|upkeep
|inactive|Smash BrOUs has 25 seconds left this turn.
|inactive|InvincibleRoserade has 30 seconds left.
|
|t:|1663377915
|switch|p1a: Nidoking|Nidoking, M|100/100
|turn|11
|
|t:|1663377922
|move|p1a: Nidoking|Earth Power|p2a: Ridley
|-damage|p2a: Ridley|0 fnt
|faint|p2a: Ridley
|
|upkeep
|
|t:|1663377928
|switch|p2a: Kirby|Polteageist|100/100
|turn|12
|inactive|InvincibleRoserade has 30 seconds left.
|inactive|InvincibleRoserade has 20 seconds left.
|
|t:|1663377962
|move|p1a: Nidoking|Earth Power|p2a: Kirby
|-damage|p2a: Kirby|30/100
|move|p2a: Kirby|Shell Smash|p2a: Kirby
|-unboost|p2a: Kirby|def|1
|-unboost|p2a: Kirby|spd|1
|-boost|p2a: Kirby|atk|2
|-boost|p2a: Kirby|spa|2
|-boost|p2a: Kirby|spe|2
|
|upkeep
|turn|13
|inactive|InvincibleRoserade has 30 seconds left this turn.
|j| lingjolunojobana
|inactive|InvincibleRoserade has 20 seconds left.
|inactive|InvincibleRoserade has 15 seconds left.
|inactive|InvincibleRoserade has 10 seconds left.
|
|t:|1663377983
|switch|p1a: Slowking|Slowking, F, shiny|56/100
|move|p2a: Kirby|Stored Power|p1a: Slowking
|-resisted|p1a: Slowking
|-damage|p1a: Slowking|25/100
|
|upkeep
|turn|14
|inactive|InvincibleRoserade has 20 seconds left this turn.
|inactive|InvincibleRoserade has 15 seconds left.
|inactive|InvincibleRoserade has 10 seconds left.
|inactive|Smash BrOUs has 30 seconds left.
|inactive|Smash BrOUs has 20 seconds left.
|
|t:|1663378020
|switch|p1a: Nidoking|Nidoking, M|100/100
|move|p2a: Kirby|Giga Drain|p1a: Nidoking
|-damage|p1a: Nidoking|20/100
|-heal|p2a: Kirby|76/100|[from] drain|[of] p1a: Nidoking
|
|upkeep
|turn|15
|inactive|InvincibleRoserade has 20 seconds left this turn.
|inactive|Smash BrOUs has 30 seconds left this turn.
|inactive|InvincibleRoserade has 15 seconds left.
|inactive|InvincibleRoserade has 10 seconds left.
|inactive|InvincibleRoserade has 5 seconds left.
|
|t:|1663378036
|move|p2a: Kirby|Giga Drain|p1a: Nidoking
|-damage|p1a: Nidoking|0 fnt
|-heal|p2a: Kirby|88/100|[from] drain|[of] p1a: Nidoking
|faint|p1a: Nidoking
|
|upkeep
|inactive|InvincibleRoserade has 10 seconds left this turn.
|
|t:|1663378037
|switch|p1a: Tornadus|Tornadus-Therian, M, shiny|100/100
|turn|16
|inactive|InvincibleRoserade has 20 seconds left this turn.
|
|t:|1663378043
|move|p2a: Kirby|Giga Drain|p1a: Tornadus
|-resisted|p1a: Tornadus
|-crit|p1a: Tornadus
|-damage|p1a: Tornadus|59/100
|-heal|p2a: Kirby|100/100|[from] drain|[of] p1a: Tornadus
|move|p1a: Tornadus|Knock Off|p2a: Kirby
|-supereffective|p2a: Kirby
|-enditem|p2a: Kirby|Focus Sash
|-damage|p2a: Kirby|1/100
|-ability|p2a: Kirby|Weak Armor|boost
|-unboost|p2a: Kirby|def|1
|-boost|p2a: Kirby|spe|2
|
|upkeep
|turn|17
|inactive|InvincibleRoserade has 30 seconds left this turn.
|inactive|InvincibleRoserade has 20 seconds left.
|-message|InvincibleRoserade forfeited.
|
|win|Smash BrOUs
|inactive|InvincibleRoserade has 25 seconds left this turn.
|raw|InvincibleRoserade's rating: 1656 &rarr; <strong>1641</strong><br />(-15 for losing)
|raw|Smash BrOUs's rating: 1742 &rarr; <strong>1757</strong><br />(+15 for winning)
|l|☆InvincibleRoserade
|l| lingjolunojobana
||Ladder isn't responding, score probably updated but might not have (Request timeout).
|l|☆Smash BrOUs
|j| lingjolunojobana
