|j|☆groundt
|j|☆Kylenano
|player|p1|groundt|285|1513
|player|p2|Kylenano|169|1438
|teamsize|p1|6
|teamsize|p2|6
|gametype|singles
|gen|8
|tier|[Gen 8] OU
|rated|
|rule|Sleep Clause Mod: Limit one foe put to sleep
|rule|Species Clause: Limit one of each Pokémon
|rule|OHKO Clause: OHKO moves are banned
|rule|Evasion Moves Clause: Evasion moves are banned
|rule|Endless Battle Clause: Forcing endless battles is banned
|rule|HP Percentage Mod: HP is shown in percentages
|clearpoke
|poke|p1|Dugtrio, F|
|poke|p1|Kommo-o, F|
|poke|p1|Toxapex, F|
|poke|p1|Ferrothorn, M|
|poke|p1|Corviknight, F|
|poke|p1|Rotom-Wash|
|poke|p2|Hawlucha, M|
|poke|p2|Grimmsnarl, M|
|poke|p2|Ferrothorn, M|
|poke|p2|Rotom-Wash|
|poke|p2|Dragapult, F|
|poke|p2|Cinderace, F|
|teampreview
|inactive|Battle timer is ON: inactive players will automatically lose when time's up. (requested by Kylenano)
|
|start
|switch|p1a: Rotom|Rotom-Wash|100/100
|switch|p2a: Grimmsnarl|Grimmsnarl, M|100/100
|turn|1
|
|move|p2a: Grimmsnarl|Fake Out|p1a: Rotom
|-damage|p1a: Rotom|86/100
|cant|p1a: Rotom|flinch
|
|upkeep
|turn|2
|
|move|p2a: Grimmsnarl|Trick|p1a: Rotom
|-activate|p2a: Grimmsnarl|move: Trick|[of] p1a: Rotom
|-item|p1a: Rotom|Iron Ball|[from] move: Trick
|-item|p2a: Grimmsnarl|Choice Scarf|[from] move: Trick
|move|p1a: Rotom|Volt Switch|p2a: Grimmsnarl
|-damage|p2a: Grimmsnarl|68/100
|
|switch|p1a: Toxapex|Toxapex, F|100/100|[from]move: Volt Switch
|
|upkeep
|turn|3
|
|switch|p1a: Rotom|Rotom-Wash|86/100
|move|p2a: Grimmsnarl|Thunder Wave|p1a: Rotom
|-immune|p1a: Rotom
|
|upkeep
|turn|4
|inactive|Kylenano has 120 seconds left.
|
|switch|p2a: Ferrothorn|Ferrothorn, M|100/100
|move|p1a: Rotom|Trick|p2a: Ferrothorn
|-activate|p1a: Rotom|move: Trick|[of] p2a: Ferrothorn
|-item|p2a: Ferrothorn|Iron Ball|[from] move: Trick
|-item|p1a: Rotom|Leftovers|[from] move: Trick
|
|-heal|p1a: Rotom|92/100|[from] item: Leftovers
|upkeep
|turn|5
|
|move|p1a: Rotom|Volt Switch|p2a: Ferrothorn
|-resisted|p2a: Ferrothorn
|-damage|p2a: Ferrothorn|87/100
|
|switch|p1a: Toxapex|Toxapex, F|100/100|[from]move: Volt Switch
|move|p2a: Ferrothorn|Power Whip|p1a: Toxapex
|-damage|p1a: Toxapex|68/100
|-enditem|p1a: Toxapex|Eject Button
|
|switch|p1a: Ferrothorn|Ferrothorn, M|100/100
|
|upkeep
|turn|6
|
|switch|p2a: Cinderace|Cinderace, F|100/100
|move|p1a: Ferrothorn|Stealth Rock|p2a: Cinderace
|-sidestart|p2: Kylenano|move: Stealth Rock
|
|upkeep
|turn|7
|
|switch|p1a: Dugtrio|Dugtrio, F|100/100
|move|p2a: Cinderace|Court Change|p2a: Cinderace
|-sideend|p2: Kylenano|Stealth Rock|[from] move: Court Change|[of] p2a: Cinderace
|-sidestart|p1: groundt|move: Stealth Rock
|
|upkeep
|turn|8
|
|move|p1a: Dugtrio|Earthquake|p2a: Cinderace
|-supereffective|p2a: Cinderace
|-damage|p2a: Cinderace|0 fnt
|faint|p2a: Cinderace
|
|upkeep
|
|switch|p2a: Dragapult|Dragapult, F|100/100
|turn|9
|
|move|p2a: Dragapult|Draco Meteor|p1a: Dugtrio|[miss]
|-miss|p2a: Dragapult|p1a: Dugtrio
|move|p1a: Dugtrio|Earthquake|p2a: Dragapult
|-damage|p2a: Dragapult|40/100
|
|upkeep
|turn|10
|
|move|p1a: Dugtrio|Sucker Punch|p2a: Dragapult
|-supereffective|p2a: Dragapult
|-damage|p2a: Dragapult|0 fnt
|faint|p2a: Dragapult
|
|upkeep
|
|switch|p2a: Rotom|Rotom-Wash, shiny|100/100
|turn|11
|
|switch|p1a: Ferrothorn|Ferrothorn, M|100/100
|-damage|p1a: Ferrothorn|94/100|[from] Stealth Rock
|move|p2a: Rotom|Will-O-Wisp|p1a: Ferrothorn
|-status|p1a: Ferrothorn|brn
|
|-heal|p1a: Ferrothorn|100/100 brn|[from] item: Leftovers
|-damage|p1a: Ferrothorn|94/100 brn|[from] brn
|upkeep
|turn|12
|
|switch|p2a: Hawlucha|Hawlucha, M, shiny|100/100
|move|p1a: Ferrothorn|Leech Seed|p2a: Hawlucha
|-start|p2a: Hawlucha|move: Leech Seed
|
|-heal|p1a: Ferrothorn|100/100 brn|[from] item: Leftovers
|-damage|p2a: Hawlucha|88/100|[from] Leech Seed|[of] p1a: Ferrothorn
|-damage|p1a: Ferrothorn|94/100 brn|[from] brn
|upkeep
|turn|13
|
|switch|p1a: Corviknight|Corviknight, F|100/100
|-damage|p1a: Corviknight|88/100|[from] Stealth Rock
|switch|p2a: Ferrothorn|Ferrothorn, M|87/100
|
|-heal|p1a: Corviknight|94/100|[from] item: Leftovers
|upkeep
|turn|14
|
|switch|p2a: Rotom|Rotom-Wash, shiny|100/100
|move|p1a: Corviknight|Defog|p2a: Rotom
|-unboost|p2a: Rotom|evasion|1
|-sideend|p1: groundt|Stealth Rock|[from] move: Defog|[of] p1a: Corviknight
|
|-heal|p1a: Corviknight|100/100|[from] item: Leftovers
|upkeep
|turn|15
|
|switch|p1a: Ferrothorn|Ferrothorn, M|94/100 brn
|move|p2a: Rotom|Hydro Pump|p1a: Ferrothorn
|-resisted|p1a: Ferrothorn
|-damage|p1a: Ferrothorn|75/100 brn
|
|-heal|p1a: Ferrothorn|81/100 brn|[from] item: Leftovers
|-damage|p1a: Ferrothorn|75/100 brn|[from] brn
|upkeep
|turn|16
|
|switch|p2a: Grimmsnarl|Grimmsnarl, M|68/100
|move|p1a: Ferrothorn|Stealth Rock|p2a: Grimmsnarl
|-sidestart|p2: Kylenano|move: Stealth Rock
|
|-heal|p1a: Ferrothorn|81/100 brn|[from] item: Leftovers
|-damage|p1a: Ferrothorn|75/100 brn|[from] brn
|upkeep
|turn|17
|
|move|p2a: Grimmsnarl|Sucker Punch||[still]
|-fail|p2a: Grimmsnarl
|move|p1a: Ferrothorn|Leech Seed|p2a: Grimmsnarl
|-start|p2a: Grimmsnarl|move: Leech Seed
|
|-heal|p1a: Ferrothorn|81/100 brn|[from] item: Leftovers
|-damage|p2a: Grimmsnarl|56/100|[from] Leech Seed|[of] p1a: Ferrothorn
|-heal|p1a: Ferrothorn|95/100 brn|[silent]
|-damage|p1a: Ferrothorn|89/100 brn|[from] brn
|upkeep
|turn|18
|
|switch|p1a: Dugtrio|Dugtrio, F|100/100
|switch|p2a: Hawlucha|Hawlucha, M, shiny|88/100
|-damage|p2a: Hawlucha|76/100|[from] Stealth Rock
|
|upkeep
|turn|19
|
|switch|p1a: Corviknight|Corviknight, F|100/100
|move|p2a: Hawlucha|Swords Dance|p2a: Hawlucha
|-boost|p2a: Hawlucha|atk|2
|
|upkeep
|turn|20
|
|-start|p2a: Hawlucha|Dynamax
|-heal|p2a: Hawlucha|76/100|[silent]
|-start|p1a: Corviknight|Dynamax
|-heal|p1a: Corviknight|100/100|[silent]
|move|p2a: Hawlucha|Max Lightning|p1a: Corviknight
|-supereffective|p1a: Corviknight
|-damage|p1a: Corviknight|36/100
|-fieldstart|move: Electric Terrain
|-enditem|p2a: Hawlucha|Electric Seed
|-boost|p2a: Hawlucha|def|1
|move|p1a: Corviknight|Max Airstream|p2a: Hawlucha
|-supereffective|p2a: Hawlucha
|-damage|p2a: Hawlucha|31/100
|-boost|p1a: Corviknight|spe|1
|
|-heal|p1a: Corviknight|42/100|[from] item: Leftovers
|upkeep
|turn|21
|
|move|p1a: Corviknight|Max Guard|p1a: Corviknight
|-singleturn|p1a: Corviknight|Max Guard
|move|p2a: Hawlucha|Max Lightning|p1a: Corviknight
|-activate|p1a: Corviknight|move: Max Guard
|
|-heal|p1a: Corviknight|48/100|[from] item: Leftovers
|upkeep
|turn|22
|inactive|groundt has 120 seconds left.
|
|move|p2a: Hawlucha|Max Knuckle|p1a: Corviknight
|-damage|p1a: Corviknight|11/100
|-boost|p2a: Hawlucha|atk|1
|move|p1a: Corviknight|Max Airstream|p2a: Hawlucha
|-supereffective|p2a: Hawlucha
|-damage|p2a: Hawlucha|0 fnt
|-boost|p1a: Corviknight|spe|1
|faint|p2a: Hawlucha
|
|-heal|p1a: Corviknight|17/100|[from] item: Leftovers
|-end|p1a: Corviknight|Dynamax
|-heal|p1a: Corviknight|17/100|[silent]
|upkeep
|
|switch|p2a: Rotom|Rotom-Wash, shiny|100/100
|-damage|p2a: Rotom|88/100|[from] Stealth Rock
|turn|23
|-message|Kylenano forfeited.
|
|win|groundt
|l|☆Kylenano
