|j|☆yung_iznamakin
|j|☆quixana
|t:|1650946941
|gametype|singles
|player|p1|yung_iznamakin|kukui-stand|1634
|player|p2|quixana|ethan-pokeathlon|1711
|teamsize|p1|6
|teamsize|p2|6
|gen|8
|tier|[Gen 8] OU
|rated|
|rule|Sleep Clause Mod: Limit one foe put to sleep
|rule|Species Clause: Limit one of each Pokémon
|rule|OHKO Clause: OHKO moves are banned
|rule|Evasion Moves Clause: Evasion moves are banned
|rule|Endless Battle Clause: Forcing endless battles is banned
|rule|HP Percentage Mod: HP is shown in percentages
|rule|Dynamax Clause: You cannot dynamax
|clearpoke
|poke|p1|Hatterene, F|
|poke|p1|Melmetal|
|poke|p1|Marowak-Alola, F|
|poke|p1|Crawdaunt, F|
|poke|p1|Porygon2|
|poke|p1|Cresselia, F|
|poke|p2|Pyukumuku, L95, M|
|poke|p2|Clefable, F|
|poke|p2|Blissey, F|
|poke|p2|Skarmory, F|
|poke|p2|Zeraora|
|poke|p2|Garchomp, F|
|teampreview
|j| DA COME UP ️✞
|inactive|Battle timer is ON: inactive players will automatically lose when time's up. (requested by yung_iznamakin)
|c|☆quixana|you swapped your team?
|c|☆quixana|yung iznamakin
|c|☆yung_iznamakin|im testing teams
|inactive|quixana has 120 seconds left.
|c|☆quixana|was this your og creation?
|c|☆yung_iznamakin|no
|c| DA COME UP ️✞|Prob not
|c|☆quixana|the dude who made that team smashed me
|inactive|quixana has 90 seconds left.
|
|t:|1650947012
|start
|switch|p1a: Hatterene|Hatterene, F|100/100
|switch|p2a: Zeraora|Zeraora|100/100
|turn|1
|
|t:|1650947029
|move|p2a: Zeraora|Plasma Fists|p1a: Hatterene
|-damage|p1a: Hatterene|45/100
|-fieldactivate|move: Ion Deluge
|-hint|Normal-type moves become Electric-type after using Plasma Fists.
|move|p1a: Hatterene|Trick Room|p1a: Hatterene
|-fieldstart|move: Trick Room|[of] p1a: Hatterene
|
|upkeep
|turn|2
|
|t:|1650947037
|switch|p1a: Melmetal|Melmetal, shiny|100/100
|move|p2a: Zeraora|Plasma Fists|p1a: Melmetal
|-damage|p1a: Melmetal|75/100
|-fieldactivate|move: Ion Deluge
|-hint|Normal-type moves become Electric-type after using Plasma Fists.
|
|upkeep
|turn|3
|
|t:|1650947046
|move|p1a: Melmetal|Thunder Punch|p2a: Zeraora
|-immune|p2a: Zeraora|[from] ability: Volt Absorb
|move|p2a: Zeraora|Volt Switch|p1a: Melmetal
|-damage|p1a: Melmetal|50/100
|
|t:|1650947053
|switch|p2a: Garchomp|Garchomp, F|100/100|[from]move: Volt Switch
|
|upkeep
|turn|4
|
|t:|1650947060
|switch|p1a: Cresselia|Cresselia, F|100/100
|move|p2a: Garchomp|Protect||[still]
|-fail|p2a: Garchomp
|
|upkeep
|turn|5
|inactive|quixana has 120 seconds left.
|
|t:|1650947093
|switch|p2a: Clefable|Clefable, F|100/100
|move|p1a: Cresselia|Ice Beam|p2a: Clefable
|-damage|p2a: Clefable|84/100
|
|-fieldend|move: Trick Room
|upkeep
|turn|6
|
|t:|1650947101
|move|p2a: Clefable|Thunder Wave|p1a: Cresselia
|-status|p1a: Cresselia|par
|move|p1a: Cresselia|Trick Room|p1a: Cresselia
|-fieldstart|move: Trick Room|[of] p1a: Cresselia
|
|upkeep
|turn|7
|inactive|quixana has 120 seconds left.
|
|t:|1650947122
|switch|p1a: Melmetal|Melmetal, shiny|50/100
|switch|p2a: Garchomp|Garchomp, F|100/100
|
|upkeep
|turn|8
|inactive|quixana has 120 seconds left.
|
|t:|1650947129
|move|p2a: Garchomp|Protect|p2a: Garchomp
|-singleturn|p2a: Garchomp|Protect
|move|p1a: Melmetal|Thunder Punch|p2a: Garchomp
|-activate|p2a: Garchomp|move: Protect
|
|upkeep
|turn|9
|
|t:|1650947138
|switch|p1a: Crawdaunt|Crawdaunt, F|100/100
|move|p2a: Garchomp|Earthquake|p1a: Crawdaunt
|-damage|p1a: Crawdaunt|45/100
|
|upkeep
|turn|10
|
|t:|1650947145
|move|p2a: Garchomp|Protect|p2a: Garchomp
|-singleturn|p2a: Garchomp|Protect
|move|p1a: Crawdaunt|Crabhammer|p2a: Garchomp
|-activate|p2a: Garchomp|move: Protect
|
|-fieldend|move: Trick Room
|upkeep
|turn|11
|
|t:|1650947153
|switch|p1a: Cresselia|Cresselia, F|100/100 par
|move|p2a: Garchomp|Earthquake|p1a: Cresselia
|-immune|p1a: Cresselia|[from] ability: Levitate
|
|upkeep
|turn|12
|
|t:|1650947160
|move|p2a: Garchomp|Stealth Rock|p1a: Cresselia
|-sidestart|p1: yung_iznamakin|move: Stealth Rock
|move|p1a: Cresselia|Trick Room|p1a: Cresselia
|-fieldstart|move: Trick Room|[of] p1a: Cresselia
|
|upkeep
|turn|13
|
|t:|1650947172
|switch|p1a: Crawdaunt|Crawdaunt, F|45/100
|-damage|p1a: Crawdaunt|33/100|[from] Stealth Rock
|switch|p2a: Blissey|Blissey, F|100/100
|
|upkeep
|turn|14
|
|t:|1650947189
|switch|p2a: Pyukumuku|Pyukumuku, L95, M|100/100
|move|p1a: Crawdaunt|Swords Dance|p1a: Crawdaunt
|-boost|p1a: Crawdaunt|atk|2
|
|upkeep
|turn|15
|
|t:|1650947200
|move|p2a: Pyukumuku|Toxic|p1a: Crawdaunt
|-status|p1a: Crawdaunt|tox
|move|p1a: Crawdaunt|Knock Off|p2a: Pyukumuku
|-damage|p2a: Pyukumuku|0 fnt
|-damage|p1a: Crawdaunt|0 fnt|[from] ability: Innards Out|[of] p2a: Pyukumuku
|faint|p2a: Pyukumuku
|faint|p1a: Crawdaunt
|
|upkeep
|j| Iwatchu◉‿◉
|
|t:|1650947208
|switch|p2a: Garchomp|Garchomp, F|100/100
|switch|p1a: Hatterene|Hatterene, F|45/100
|-damage|p1a: Hatterene|33/100|[from] Stealth Rock
|turn|16
|
|t:|1650947213
|move|p2a: Garchomp|Protect|p2a: Garchomp
|-singleturn|p2a: Garchomp|Protect
|move|p1a: Hatterene|Healing Wish|p1a: Hatterene
|faint|p1a: Hatterene
|
|-fieldend|move: Trick Room
|upkeep
|
|t:|1650947218
|switch|p1a: Melmetal|Melmetal, shiny|50/100
|-heal|p1a: Melmetal|100/100|[from] move: Healing Wish
|-damage|p1a: Melmetal|94/100|[from] Stealth Rock
|turn|17
|j| pyh333
|
|t:|1650947223
|move|p2a: Garchomp|Protect||[still]
|-fail|p2a: Garchomp
|move|p1a: Melmetal|Ice Punch|p2a: Garchomp
|-supereffective|p2a: Garchomp
|-damage|p2a: Garchomp|0 fnt
|-damage|p1a: Melmetal|82/100|[from] ability: Rough Skin|[of] p2a: Garchomp
|faint|p2a: Garchomp
|
|upkeep
|c|☆quixana|lmao
|
|t:|1650947238
|switch|p2a: Skarmory|Skarmory, F|100/100
|turn|18
|
|t:|1650947252
|switch|p2a: Zeraora|Zeraora|100/100
|switch|p1a: Porygon2|Porygon2|100/100
|-damage|p1a: Porygon2|88/100|[from] Stealth Rock
|-ability|p1a: Porygon2|Download|boost
|-boost|p1a: Porygon2|atk|1
|
|upkeep
|turn|19
|
|t:|1650947260
|move|p2a: Zeraora|Knock Off|p1a: Porygon2
|-damage|p1a: Porygon2|68/100
|-enditem|p1a: Porygon2|Eviolite|[from] move: Knock Off|[of] p2a: Zeraora
|move|p1a: Porygon2|Trick Room|p1a: Porygon2
|-fieldstart|move: Trick Room|[of] p1a: Porygon2
|
|upkeep
|turn|20
|
|t:|1650947282
|move|p2a: Zeraora|Volt Switch|p1a: Porygon2
|-damage|p1a: Porygon2|54/100
|
|t:|1650947295
|switch|p2a: Clefable|Clefable, F|84/100|[from]move: Volt Switch
|move|p1a: Porygon2|Teleport|p1a: Porygon2
|
|t:|1650947299
|switch|p1a: Marowak|Marowak-Alola, F|100/100|[from]move: Teleport
|-damage|p1a: Marowak|76/100|[from] Stealth Rock
|
|upkeep
|turn|21
|
|t:|1650947303
|move|p1a: Marowak|Flare Blitz|p2a: Clefable
|-damage|p2a: Clefable|14/100
|move|p2a: Clefable|Trick|p1a: Marowak
|-activate|p2a: Clefable|move: Trick|[of] p1a: Marowak
|-item|p1a: Marowak|Sticky Barb|[from] move: Trick
|-item|p2a: Clefable|Thick Club|[from] move: Trick
|
|-damage|p1a: Marowak|63/100|[from] item: Sticky Barb
|upkeep
|turn|22
|
|t:|1650947314
|move|p1a: Marowak|Flare Blitz|p2a: Clefable
|-damage|p2a: Clefable|0 fnt
|faint|p2a: Clefable
|
|-damage|p1a: Marowak|51/100|[from] item: Sticky Barb
|upkeep
|
|t:|1650947323
|switch|p2a: Blissey|Blissey, F|100/100
|turn|23
|
|t:|1650947326
|move|p1a: Marowak|Flare Blitz|p2a: Blissey
|-damage|p2a: Blissey|54/100
|move|p2a: Blissey|Teleport|p2a: Blissey
|
|t:|1650947329
|switch|p2a: Zeraora|Zeraora|100/100|[from]move: Teleport
|
|-fieldend|move: Trick Room
|-damage|p1a: Marowak|39/100|[from] item: Sticky Barb
|upkeep
|turn|24
|
|t:|1650947350
|switch|p1a: Melmetal|Melmetal, shiny|82/100
|-damage|p1a: Melmetal|76/100|[from] Stealth Rock
|move|p2a: Zeraora|Plasma Fists|p1a: Melmetal
|-damage|p1a: Melmetal|50/100
|-fieldactivate|move: Ion Deluge
|-hint|Normal-type moves become Electric-type after using Plasma Fists.
|
|upkeep
|turn|25
|
|t:|1650947364
|move|p2a: Zeraora|Volt Switch|p1a: Melmetal
|-damage|p1a: Melmetal|26/100
|
|t:|1650947367
|switch|p2a: Skarmory|Skarmory, F|100/100|[from]move: Volt Switch
|move|p1a: Melmetal|Thunder Punch|p2a: Skarmory
|-supereffective|p2a: Skarmory
|-damage|p2a: Skarmory|36/100
|-damage|p1a: Melmetal|9/100|[from] item: Rocky Helmet|[of] p2a: Skarmory
|
|upkeep
|turn|26
|
|t:|1650947378
|switch|p1a: Cresselia|Cresselia, F|100/100 par
|-damage|p1a: Cresselia|88/100 par|[from] Stealth Rock
|move|p2a: Skarmory|Body Press|p1a: Cresselia
|-resisted|p1a: Cresselia
|-damage|p1a: Cresselia|81/100 par
|
|-heal|p1a: Cresselia|87/100 par|[from] item: Leftovers
|upkeep
|turn|27
|
|t:|1650947392
|move|p2a: Skarmory|Roost|p2a: Skarmory
|-heal|p2a: Skarmory|86/100
|-singleturn|p2a: Skarmory|move: Roost
|move|p1a: Cresselia|Trick Room|p1a: Cresselia
|-fieldstart|move: Trick Room|[of] p1a: Cresselia
|
|-heal|p1a: Cresselia|93/100 par|[from] item: Leftovers
|upkeep
|turn|28
|
|t:|1650947399
|move|p1a: Cresselia|Lunar Dance|p1a: Cresselia
|faint|p1a: Cresselia
|move|p2a: Skarmory|Iron Defense|p2a: Skarmory
|-boost|p2a: Skarmory|def|2
|
|upkeep
|
|t:|1650947403
|switch|p1a: Marowak|Marowak-Alola, F|39/100
|-heal|p1a: Marowak|100/100|[from] move: Lunar Dance
|-damage|p1a: Marowak|76/100|[from] Stealth Rock
|turn|29
|
|t:|1650947414
|move|p1a: Marowak|Swords Dance|p1a: Marowak
|-boost|p1a: Marowak|atk|2
|move|p2a: Skarmory|Roost|p2a: Skarmory
|-heal|p2a: Skarmory|100/100
|-singleturn|p2a: Skarmory|move: Roost
|
|-damage|p1a: Marowak|63/100|[from] item: Sticky Barb
|upkeep
|turn|30
|
|t:|1650947423
|switch|p2a: Blissey|Blissey, F|54/100
|move|p1a: Marowak|Swords Dance|p1a: Marowak
|-boost|p1a: Marowak|atk|2
|
|-damage|p1a: Marowak|51/100|[from] item: Sticky Barb
|upkeep
|turn|31
|
|t:|1650947429
|move|p1a: Marowak|Flare Blitz|p2a: Blissey
|-damage|p2a: Blissey|0 fnt
|faint|p2a: Blissey
|
|-fieldend|move: Trick Room
|-damage|p1a: Marowak|39/100|[from] item: Sticky Barb
|upkeep
|
|t:|1650947432
|switch|p2a: Zeraora|Zeraora|100/100
|turn|32
|
|t:|1650947445
|move|p2a: Zeraora|Plasma Fists|p1a: Marowak
|-damage|p1a: Marowak|0 fnt
|-fieldactivate|move: Ion Deluge
|-hint|Normal-type moves become Electric-type after using Plasma Fists.
|faint|p1a: Marowak
|
|upkeep
|
|t:|1650947451
|switch|p1a: Melmetal|Melmetal, shiny|9/100
|-damage|p1a: Melmetal|3/100|[from] Stealth Rock
|turn|33
|
|t:|1650947460
|move|p2a: Zeraora|Plasma Fists|p1a: Melmetal
|-damage|p1a: Melmetal|0 fnt
|-fieldactivate|move: Ion Deluge
|-hint|Normal-type moves become Electric-type after using Plasma Fists.
|faint|p1a: Melmetal
|
|upkeep
|
|t:|1650947465
|switch|p1a: Porygon2|Porygon2|54/100
|-damage|p1a: Porygon2|41/100|[from] Stealth Rock
|-ability|p1a: Porygon2|Download|boost
|-boost|p1a: Porygon2|atk|1
|turn|34
|
|t:|1650947472
|move|p2a: Zeraora|Close Combat|p1a: Porygon2
|-supereffective|p1a: Porygon2
|-damage|p1a: Porygon2|0 fnt
|-unboost|p2a: Zeraora|def|1
|-unboost|p2a: Zeraora|spd|1
|faint|p1a: Porygon2
|
|win|quixana
|raw|yung_iznamakin's rating: 1634 &rarr; <strong>1618</strong><br />(-16 for losing)
|raw|quixana's rating: 1711 &rarr; <strong>1727</strong><br />(+16 for winning)
|l|☆yung_iznamakin
