|raw|<div class="broadcast-blue"><strong>This battle is required to be public due to a player having a name starting with 'lt84jm'.</div>
|j|☆LT84JM Santu
|j|☆user1_ou
|t:|1627239344
|gametype|singles
|player|p1|LT84JM Santu|ethan|1750
|player|p2|user1_ou|eusine|1725
|teamsize|p1|6
|teamsize|p2|6
|gen|8
|tier|[Gen 8] OU
|rated|
|rule|Sleep Clause Mod: Limit one foe put to sleep
|rule|Species Clause: Limit one of each Pokémon
|rule|OHKO Clause: OHKO moves are banned
|rule|Evasion Moves Clause: Evasion moves are banned
|rule|Endless Battle Clause: Forcing endless battles is banned
|rule|HP Percentage Mod: HP is shown in percentages
|rule|Dynamax Clause: You cannot dynamax
|clearpoke
|poke|p1|Mew|
|poke|p1|Kartana|
|poke|p1|Dragonite, F|
|poke|p1|Cloyster, M|
|poke|p1|Bisharp, F|
|poke|p1|Blacephalon|
|poke|p2|Weavile, M|
|poke|p2|Urshifu-*, F|
|poke|p2|Slowking-Galar, F|
|poke|p2|Corviknight, M|
|poke|p2|Garchomp, F|
|poke|p2|Tapu Fini|
|teampreview
|j| Chkrome
|j| blt5
|j| jhehehehe
|j| lt84jmps
|j| Giove97
|j| king of spycrabs
|j| SandBaggers
|inactive|Battle timer is ON: inactive players will automatically lose when time's up. (requested by user1_ou)
|l| lt84jmps
|l| jhehehehe
|
|t:|1627239385
|start
|switch|p1a: Mew|Mew|100/100
|switch|p2a: Tapu Fini|Tapu Fini|100/100
|-fieldstart|move: Misty Terrain|[from] ability: Misty Surge|[of] p2a: Tapu Fini
|turn|1
|
|t:|1627239390
|switch|p2a: Weavile|Weavile, M|100/100
|-ability|p2a: Weavile|Pressure
|move|p1a: Mew|Stealth Rock|p2a: Weavile
|-sidestart|p2: user1_ou|move: Stealth Rock
|
|upkeep
|turn|2
|j| isa200bela⚤
|j| Empo
|l| Chkrome
|
|t:|1627239397
|move|p2a: Weavile|Swords Dance|p2a: Weavile
|-boost|p2a: Weavile|atk|2
|move|p1a: Mew|Spikes|p2a: Weavile
|-sidestart|p2: user1_ou|Spikes
|
|upkeep
|turn|3
|
|t:|1627239400
|move|p2a: Weavile|Swords Dance|p2a: Weavile
|-boost|p2a: Weavile|atk|2
|move|p1a: Mew|Taunt|p2a: Weavile
|-start|p2a: Weavile|move: Taunt
|
|upkeep
|turn|4
|
|t:|1627239403
|move|p2a: Weavile|Knock Off|p1a: Mew
|-supereffective|p1a: Mew
|-enditem|p1a: Mew|Colbur Berry|[eat]
|-enditem|p1a: Mew|Colbur Berry|[weaken]
|-damage|p1a: Mew|0 fnt
|faint|p1a: Mew
|
|upkeep
|
|t:|1627239408
|switch|p1a: Blacephalon|Blacephalon|100/100
|turn|5
|j| ppev
|
|t:|1627239428
|switch|p2a: Slowking|Slowking-Galar, F|100/100
|-damage|p2a: Slowking|88/100|[from] Stealth Rock
|-damage|p2a: Slowking|76/100|[from] Spikes
|move|p1a: Blacephalon|Flamethrower|p2a: Slowking
|-damage|p2a: Slowking|51/100
|
|-fieldend|Misty Terrain
|upkeep
|turn|6
|j| Chkrome
|inactive|LT84JM Santu has 120 seconds left.
|
|t:|1627239458
|move|p1a: Blacephalon|Flamethrower|p2a: Slowking
|-damage|p2a: Slowking|29/100
|move|p2a: Slowking|Flamethrower|p1a: Blacephalon
|-resisted|p1a: Blacephalon
|-damage|p1a: Blacephalon|79/100
|
|upkeep
|turn|7
|
|t:|1627239465
|switch|p1a: Bisharp|Bisharp, F|100/100
|move|p2a: Slowking|Sludge Bomb|p1a: Bisharp
|-immune|p1a: Bisharp
|
|upkeep
|turn|8
|j| Shea Coulee Fan
|
|t:|1627239472
|move|p1a: Bisharp|Knock Off|p2a: Slowking
|-supereffective|p2a: Slowking
|-damage|p2a: Slowking|0 fnt
|-enditem|p2a: Slowking|Assault Vest|[from] move: Knock Off|[of] p1a: Bisharp
|faint|p2a: Slowking
|-damage|p1a: Bisharp|91/100|[from] item: Life Orb
|
|upkeep
|
|t:|1627239478
|switch|p2a: Garchomp|Garchomp, F|100/100
|-damage|p2a: Garchomp|94/100|[from] Stealth Rock
|-damage|p2a: Garchomp|82/100|[from] Spikes
|turn|9
|
|t:|1627239487
|switch|p1a: Cloyster|Cloyster, M|100/100
|move|p2a: Garchomp|Stealth Rock|p1a: Cloyster
|-sidestart|p1: LT84JM Santu|move: Stealth Rock
|
|-heal|p2a: Garchomp|88/100|[from] item: Leftovers
|upkeep
|turn|10
|
|t:|1627239492
|move|p2a: Garchomp|Toxic|p1a: Cloyster
|-status|p1a: Cloyster|tox
|move|p1a: Cloyster|Icicle Spear|p2a: Garchomp
|-supereffective|p2a: Garchomp
|-damage|p2a: Garchomp|56/100
|-supereffective|p2a: Garchomp
|-damage|p2a: Garchomp|24/100
|-supereffective|p2a: Garchomp
|-damage|p2a: Garchomp|0 fnt
|faint|p2a: Garchomp
|-hitcount|p2: Garchomp|3
|
|-damage|p1a: Cloyster|94/100 tox|[from] psn
|upkeep
|
|t:|1627239500
|switch|p2a: Tapu Fini|Tapu Fini|100/100
|-damage|p2a: Tapu Fini|88/100|[from] Stealth Rock
|-damage|p2a: Tapu Fini|75/100|[from] Spikes
|-fieldstart|move: Misty Terrain|[from] ability: Misty Surge|[of] p2a: Tapu Fini
|turn|11
|
|t:|1627239503
|move|p2a: Tapu Fini|Taunt|p1a: Cloyster
|-start|p1a: Cloyster|move: Taunt
|move|p1a: Cloyster|Rock Blast|p2a: Tapu Fini
|-damage|p2a: Tapu Fini|69/100
|-damage|p2a: Tapu Fini|63/100
|-damage|p2a: Tapu Fini|57/100
|-damage|p2a: Tapu Fini|50/100
|-crit|p2a: Tapu Fini
|-damage|p2a: Tapu Fini|39/100
|-hitcount|p2a: Tapu Fini|5
|
|-heal|p2a: Tapu Fini|46/100|[from] item: Leftovers
|-damage|p1a: Cloyster|82/100 tox|[from] psn
|upkeep
|turn|12
|
|t:|1627239505
|move|p2a: Tapu Fini|Moonblast|p1a: Cloyster
|-damage|p1a: Cloyster|0 fnt
|faint|p1a: Cloyster
|
|-heal|p2a: Tapu Fini|52/100|[from] item: Leftovers
|upkeep
|
|t:|1627239513
|switch|p1a: Kartana|Kartana|100/100
|-damage|p1a: Kartana|94/100|[from] Stealth Rock
|turn|13
|
|t:|1627239520
|switch|p2a: Corviknight|Corviknight, M|100/100
|-damage|p2a: Corviknight|88/100|[from] Stealth Rock
|-ability|p2a: Corviknight|Pressure
|move|p1a: Kartana|Leaf Blade|p2a: Corviknight
|-resisted|p2a: Corviknight
|-damage|p2a: Corviknight|77/100
|-damage|p1a: Kartana|78/100|[from] item: Rocky Helmet|[of] p2a: Corviknight
|
|upkeep
|turn|14
|
|t:|1627239524
|switch|p1a: Blacephalon|Blacephalon|79/100
|-damage|p1a: Blacephalon|54/100|[from] Stealth Rock
|move|p2a: Corviknight|U-turn|p1a: Blacephalon
|-resisted|p1a: Blacephalon
|-damage|p1a: Blacephalon|45/100
|
|t:|1627239527
|switch|p2a: Urshifu|Urshifu-Rapid-Strike, F|100/100|[from]move: U-turn
|-damage|p2a: Urshifu|94/100|[from] Stealth Rock
|-damage|p2a: Urshifu|82/100|[from] Spikes
|
|upkeep
|turn|15
|l| SandBaggers
|
|t:|1627239532
|switch|p1a: Dragonite|Dragonite, F|100/100
|move|p2a: Urshifu|U-turn|p1a: Dragonite
|-resisted|p1a: Dragonite
|-damage|p1a: Dragonite|90/100
|
|t:|1627239535
|switch|p2a: Weavile|Weavile, M|100/100|[from]move: U-turn
|-ability|p2a: Weavile|Pressure
|
|-fieldend|Misty Terrain
|upkeep
|turn|16
|
|t:|1627239544
|switch|p1a: Blacephalon|Blacephalon|45/100
|-damage|p1a: Blacephalon|21/100|[from] Stealth Rock
|move|p2a: Weavile|Triple Axel|p1a: Blacephalon
|-resisted|p1a: Blacephalon
|-damage|p1a: Blacephalon|10/100
|-resisted|p1a: Blacephalon
|-damage|p1a: Blacephalon|0 fnt
|faint|p1a: Blacephalon
|-hitcount|p1: Blacephalon|2
|
|upkeep
|
|t:|1627239545
|switch|p1a: Kartana|Kartana|78/100
|-damage|p1a: Kartana|72/100|[from] Stealth Rock
|turn|17
|
|t:|1627239556
|switch|p1a: Bisharp|Bisharp, F|91/100
|-damage|p1a: Bisharp|85/100|[from] Stealth Rock
|switch|p2a: Corviknight|Corviknight, M|77/100
|-damage|p2a: Corviknight|64/100|[from] Stealth Rock
|-ability|p2a: Corviknight|Pressure
|
|upkeep
|turn|18
|
|t:|1627239559
|move|p1a: Bisharp|Knock Off|p2a: Corviknight
|-damage|p2a: Corviknight|21/100
|-damage|p1a: Bisharp|68/100|[from] item: Rocky Helmet|[of] p2a: Corviknight
|-enditem|p2a: Corviknight|Rocky Helmet|[from] move: Knock Off|[of] p1a: Bisharp
|-damage|p1a: Bisharp|58/100|[from] item: Life Orb
|move|p2a: Corviknight|Roost|p2a: Corviknight
|-heal|p2a: Corviknight|71/100
|-singleturn|p2a: Corviknight|move: Roost
|
|upkeep
|turn|19
|j| h9gh
|
|t:|1627239562
|move|p1a: Bisharp|Knock Off|p2a: Corviknight
|-damage|p2a: Corviknight|44/100
|-damage|p1a: Bisharp|48/100|[from] item: Life Orb
|move|p2a: Corviknight|U-turn|p1a: Bisharp
|-damage|p1a: Bisharp|29/100
|l| king of spycrabs
|
|t:|1627239590
|switch|p2a: Tapu Fini|Tapu Fini|52/100|[from]move: U-turn
|-damage|p2a: Tapu Fini|39/100|[from] Spikes
|-damage|p2a: Tapu Fini|27/100|[from] Stealth Rock
|-fieldstart|move: Misty Terrain|[from] ability: Misty Surge|[of] p2a: Tapu Fini
|
|-heal|p2a: Tapu Fini|33/100|[from] item: Leftovers
|upkeep
|turn|20
|inactive|user1_ou has 120 seconds left.
|j| IntrovertedLab
|j| LT84JM Kibo
|inactive|LT84JM Santu has 120 seconds left.
|
|t:|1627239629
|move|p1a: Bisharp|Sucker Punch|p2a: Tapu Fini
|-resisted|p2a: Tapu Fini
|-damage|p2a: Tapu Fini|15/100
|-damage|p1a: Bisharp|19/100|[from] item: Life Orb
|move|p2a: Tapu Fini|Moonblast|p1a: Bisharp
|-damage|p1a: Bisharp|0 fnt
|faint|p1a: Bisharp
|
|-heal|p2a: Tapu Fini|21/100|[from] item: Leftovers
|upkeep
|
|t:|1627239640
|switch|p1a: Dragonite|Dragonite, F|90/100
|turn|21
|
|t:|1627239646
|move|p1a: Dragonite|Dragon Dance|p1a: Dragonite
|-boost|p1a: Dragonite|atk|1
|-boost|p1a: Dragonite|spe|1
|move|p2a: Tapu Fini|Moonblast|p1a: Dragonite
|-supereffective|p1a: Dragonite
|-damage|p1a: Dragonite|25/100
|
|-heal|p2a: Tapu Fini|27/100|[from] item: Leftovers
|upkeep
|turn|22
|
|t:|1627239654
|move|p1a: Dragonite|Earthquake|p2a: Tapu Fini
|-damage|p2a: Tapu Fini|0 fnt
|faint|p2a: Tapu Fini
|
|upkeep
|
|t:|1627239657
|switch|p2a: Weavile|Weavile, M|100/100
|-ability|p2a: Weavile|Pressure
|turn|23
|l| Chkrome
|
|t:|1627239659
|move|p2a: Weavile|Ice Shard|p1a: Dragonite
|-supereffective|p1a: Dragonite
|-damage|p1a: Dragonite|0 fnt
|faint|p1a: Dragonite
|
|-fieldend|Misty Terrain
|upkeep
|
|t:|1627239661
|switch|p1a: Kartana|Kartana|72/100
|-damage|p1a: Kartana|65/100|[from] Stealth Rock
|turn|24
|
|t:|1627239667
|move|p1a: Kartana|Sacred Sword|p2a: Weavile
|-supereffective|p2a: Weavile
|-damage|p2a: Weavile|0 fnt
|faint|p2a: Weavile
|-ability|p1a: Kartana|Beast Boost|boost
|-boost|p1a: Kartana|atk|1
|
|upkeep
|j| andreasmang
|
|t:|1627239682
|switch|p2a: Urshifu|Urshifu-Rapid-Strike, F|82/100
|-damage|p2a: Urshifu|76/100|[from] Stealth Rock
|-damage|p2a: Urshifu|64/100|[from] Spikes
|turn|25
|j| LT84JM CONMAN
|
|t:|1627239698
|move|p1a: Kartana|Sacred Sword|p2a: Urshifu
|-damage|p2a: Urshifu|0 fnt
|faint|p2a: Urshifu
|-ability|p1a: Kartana|Beast Boost|boost
|-boost|p1a: Kartana|atk|1
|
|upkeep
|
|t:|1627239704
|switch|p2a: Corviknight|Corviknight, M|44/100
|-damage|p2a: Corviknight|32/100|[from] Stealth Rock
|-ability|p2a: Corviknight|Pressure
|turn|26
|
|t:|1627239707
|move|p1a: Kartana|Sacred Sword|p2a: Corviknight
|-damage|p2a: Corviknight|0 fnt
|faint|p2a: Corviknight
|
|win|LT84JM Santu
|raw|LT84JM Santu's rating: 1770 &rarr; <strong>1787</strong><br />(+17 for winning)
|raw|user1_ou's rating: 1725 &rarr; <strong>1708</strong><br />(-17 for losing)
|l|☆user1_ou
