|j|☆Wheezer
|j|☆s1mpp
|t:|1616087417
|player|p1|Wheezer|petrel|1511
|player|p2|s1mpp|silver|1543
|teamsize|p1|6
|teamsize|p2|6
|gametype|singles
|gen|8
|tier|[Gen 8] OU
|rated|
|clearpoke
|poke|p1|Venusaur, F|
|poke|p1|Darmanitan, F|
|poke|p1|Torkoal, M|
|poke|p1|Garchomp, F|
|poke|p1|Charizard, F|
|poke|p1|Hatterene, F|
|poke|p2|Tapu Lele|
|poke|p2|Volcarona, F|
|poke|p2|Zeraora|
|poke|p2|Ferrothorn, M|
|poke|p2|Mandibuzz, F|
|poke|p2|Swampert, F|
|rule|Sleep Clause Mod: Limit one foe put to sleep
|rule|Species Clause: Limit one of each Pokémon
|rule|OHKO Clause: OHKO moves are banned
|rule|Evasion Moves Clause: Evasion moves are banned
|rule|Endless Battle Clause: Forcing endless battles is banned
|rule|HP Percentage Mod: HP is shown in percentages
|rule|Dynamax Clause: You cannot dynamax
|teampreview
|inactive|Battle timer is ON: inactive players will automatically lose when time's up. (requested by s1mpp)
|
|t:|1616087428
|start
|switch|p1a: Torkoal|Torkoal, M, shiny|100/100
|switch|p2a: Swampert|Swampert, F|100/100
|-weather|SunnyDay|[from] ability: Drought|[of] p1a: Torkoal
|turn|1
|
|t:|1616087434
|switch|p1a: Hatterene|Hatterene, F|100/100
|move|p2a: Swampert|Stealth Rock|p1a: Hatterene
|move|p1a: Hatterene|Stealth Rock|p2a: Swampert|[from]ability: Magic Bounce
|-sidestart|p2: s1mpp|move: Stealth Rock
|
|-weather|SunnyDay|[upkeep]
|upkeep
|turn|2
|
|t:|1616087442
|move|p2a: Swampert|Flip Turn|p1a: Hatterene
|-damage|p1a: Hatterene|92/100
|
|t:|1616087457
|switch|p2a: Tapu Lele|Tapu Lele|100/100|[from]move: Flip Turn
|-damage|p2a: Tapu Lele|88/100|[from] Stealth Rock
|-fieldstart|move: Psychic Terrain|[from] ability: Psychic Surge|[of] p2a: Tapu Lele
|move|p1a: Hatterene|Mystical Fire|p2a: Tapu Lele
|-damage|p2a: Tapu Lele|53/100
|-unboost|p2a: Tapu Lele|spa|1
|
|-weather|SunnyDay|[upkeep]
|-heal|p1a: Hatterene|98/100|[from] item: Leftovers
|upkeep
|turn|3
|
|t:|1616087465
|move|p2a: Tapu Lele|Moonblast|p1a: Hatterene
|-damage|p1a: Hatterene|46/100
|-unboost|p1a: Hatterene|spa|1
|move|p1a: Hatterene|Psyshock|p2a: Tapu Lele
|-resisted|p2a: Tapu Lele
|-damage|p2a: Tapu Lele|28/100
|
|-weather|SunnyDay|[upkeep]
|-heal|p1a: Hatterene|52/100|[from] item: Leftovers
|upkeep
|turn|4
|
|t:|1616087473
|switch|p1a: Darmanitan|Darmanitan, F|100/100
|move|p2a: Tapu Lele|Moonblast|p1a: Darmanitan
|-resisted|p1a: Darmanitan
|-damage|p1a: Darmanitan|63/100
|-unboost|p1a: Darmanitan|spa|1
|
|-weather|SunnyDay|[upkeep]
|upkeep
|turn|5
|
|t:|1616087483
|switch|p2a: Mandibuzz|Mandibuzz, F|100/100
|move|p1a: Darmanitan|U-turn|p2a: Mandibuzz
|-damage|p2a: Mandibuzz|77/100
|j| ugly tom
|
|t:|1616087488
|switch|p1a: Charizard|Charizard, F|100/100|[from]move: U-turn
|
|-weather|SunnyDay|[upkeep]
|-damage|p1a: Charizard|88/100|[from] ability: Solar Power|[of] p1a: Charizard
|upkeep
|turn|6
|
|t:|1616087493
|move|p1a: Charizard|Weather Ball|p2a: Mandibuzz
|-damage|p2a: Mandibuzz|0 fnt
|faint|p2a: Mandibuzz
|
|-weather|SunnyDay|[upkeep]
|-damage|p1a: Charizard|76/100|[from] ability: Solar Power|[of] p1a: Charizard
|-fieldend|move: Psychic Terrain
|upkeep
|
|t:|1616087504
|switch|p2a: Swampert|Swampert, F|100/100
|-damage|p2a: Swampert|94/100|[from] Stealth Rock
|turn|7
|
|t:|1616087510
|switch|p1a: Venusaur|Venusaur, F, shiny|100/100
|move|p2a: Swampert|Flip Turn|p1a: Venusaur
|-resisted|p1a: Venusaur
|-damage|p1a: Venusaur|93/100
|
|t:|1616087513
|switch|p2a: Volcarona|Volcarona, F|100/100|[from]move: Flip Turn
|
|-weather|SunnyDay|[upkeep]
|upkeep
|turn|8
|
|t:|1616087517
|move|p1a: Venusaur|Weather Ball|p2a: Volcarona
|-damage|p2a: Volcarona|41/100
|-damage|p1a: Venusaur|83/100|[from] item: Life Orb
|move|p2a: Volcarona|Quiver Dance|p2a: Volcarona
|-boost|p2a: Volcarona|spa|1
|-boost|p2a: Volcarona|spd|1
|-boost|p2a: Volcarona|spe|1
|
|-weather|none
|upkeep
|turn|9
|
|t:|1616087525
|switch|p1a: Torkoal|Torkoal, M, shiny|100/100
|-weather|SunnyDay|[from] ability: Drought|[of] p1a: Torkoal
|move|p2a: Volcarona|Roost|p2a: Volcarona
|-heal|p2a: Volcarona|91/100
|-singleturn|p2a: Volcarona|move: Roost
|
|-weather|SunnyDay|[upkeep]
|upkeep
|turn|10
|
|t:|1616087560
|switch|p2a: Swampert|Swampert, F|94/100
|-damage|p2a: Swampert|88/100|[from] Stealth Rock
|switch|p1a: Garchomp|Garchomp, F, shiny|100/100
|
|-weather|SunnyDay|[upkeep]
|-heal|p2a: Swampert|94/100|[from] item: Leftovers
|upkeep
|turn|11
|
|t:|1616087565
|move|p1a: Garchomp|Swords Dance|p1a: Garchomp
|-boost|p1a: Garchomp|atk|2
|move|p2a: Swampert|Toxic|p1a: Garchomp
|-status|p1a: Garchomp|tox
|
|-weather|SunnyDay|[upkeep]
|-heal|p2a: Swampert|100/100|[from] item: Leftovers
|-damage|p1a: Garchomp|94/100 tox|[from] psn
|upkeep
|turn|12
|
|t:|1616087568
|move|p1a: Garchomp|Earthquake|p2a: Swampert
|-damage|p2a: Swampert|0 fnt
|-damage|p1a: Garchomp|85/100 tox|[from] item: Life Orb
|faint|p2a: Swampert
|
|-weather|SunnyDay|[upkeep]
|-damage|p1a: Garchomp|72/100 tox|[from] psn
|upkeep
|
|t:|1616087573
|switch|p2a: Ferrothorn|Ferrothorn, M|100/100
|-damage|p2a: Ferrothorn|94/100|[from] Stealth Rock
|turn|13
|
|t:|1616087577
|move|p1a: Garchomp|Earthquake|p2a: Ferrothorn
|-damage|p2a: Ferrothorn|0 fnt
|-damage|p1a: Garchomp|62/100 tox|[from] item: Life Orb
|faint|p2a: Ferrothorn
|
|-weather|SunnyDay|[upkeep]
|-damage|p1a: Garchomp|44/100 tox|[from] psn
|upkeep
|
|t:|1616087588
|switch|p2a: Zeraora|Zeraora|100/100
|turn|14
|
|t:|1616087591
|move|p2a: Zeraora|Knock Off|p1a: Garchomp
|-damage|p1a: Garchomp|13/100 tox
|-damage|p2a: Zeraora|88/100|[from] ability: Rough Skin|[of] p1a: Garchomp
|-enditem|p1a: Garchomp|Life Orb|[from] move: Knock Off|[of] p2a: Zeraora
|move|p1a: Garchomp|Scale Shot|p2a: Zeraora
|-damage|p2a: Zeraora|49/100
|-damage|p2a: Zeraora|14/100
|-hitcount|p2a: Zeraora|2
|-unboost|p1a: Garchomp|def|1
|-boost|p1a: Garchomp|spe|1
|
|-weather|SunnyDay|[upkeep]
|-damage|p1a: Garchomp|0 fnt|[from] psn
|faint|p1a: Garchomp
|upkeep
|
|t:|1616087595
|switch|p1a: Venusaur|Venusaur, F, shiny|83/100
|turn|15
|
|t:|1616087600
|move|p1a: Venusaur|Weather Ball|p2a: Zeraora
|-damage|p2a: Zeraora|0 fnt
|-damage|p1a: Venusaur|73/100|[from] item: Life Orb
|faint|p2a: Zeraora
|
|-weather|SunnyDay|[upkeep]
|upkeep
|
|t:|1616087604
|switch|p2a: Volcarona|Volcarona, F|91/100
|turn|16
|
|t:|1616087607
|move|p1a: Venusaur|Weather Ball|p2a: Volcarona
|-damage|p2a: Volcarona|36/100
|-damage|p1a: Venusaur|63/100|[from] item: Life Orb
|move|p2a: Volcarona|Quiver Dance|p2a: Volcarona
|-boost|p2a: Volcarona|spa|1
|-boost|p2a: Volcarona|spd|1
|-boost|p2a: Volcarona|spe|1
|
|-weather|none
|upkeep
|turn|17
|
|t:|1616087615
|switch|p1a: Darmanitan|Darmanitan, F|63/100
|move|p2a: Volcarona|Roost|p2a: Volcarona
|-heal|p2a: Volcarona|86/100
|-singleturn|p2a: Volcarona|move: Roost
|
|upkeep
|turn|18
|
|t:|1616087620
|move|p2a: Volcarona|Psychic|p1a: Darmanitan
|-damage|p1a: Darmanitan|0 fnt
|faint|p1a: Darmanitan
|
|upkeep
|
|t:|1616087623
|switch|p1a: Torkoal|Torkoal, M, shiny|100/100
|-weather|SunnyDay|[from] ability: Drought|[of] p1a: Torkoal
|turn|19
|
|t:|1616087632
|move|p2a: Volcarona|Quiver Dance|p2a: Volcarona
|-boost|p2a: Volcarona|spa|1
|-boost|p2a: Volcarona|spd|1
|-boost|p2a: Volcarona|spe|1
|move|p1a: Torkoal|Fire Blast|p2a: Volcarona
|-damage|p2a: Volcarona|58/100
|
|-weather|SunnyDay|[upkeep]
|upkeep
|turn|20
|
|t:|1616087639
|switch|p1a: Venusaur|Venusaur, F, shiny|63/100
|move|p2a: Volcarona|Quiver Dance|p2a: Volcarona
|-boost|p2a: Volcarona|spa|1
|-boost|p2a: Volcarona|spd|1
|-boost|p2a: Volcarona|spe|1
|
|-weather|SunnyDay|[upkeep]
|upkeep
|turn|21
|
|t:|1616087643
|move|p2a: Volcarona|Psychic|p1a: Venusaur
|-supereffective|p1a: Venusaur
|-damage|p1a: Venusaur|0 fnt
|faint|p1a: Venusaur
|
|-weather|SunnyDay|[upkeep]
|upkeep
|
|t:|1616087645
|switch|p1a: Charizard|Charizard, F|76/100
|turn|22
|
|t:|1616087650
|move|p2a: Volcarona|Roost|p2a: Volcarona
|-heal|p2a: Volcarona|100/100
|-singleturn|p2a: Volcarona|move: Roost
|move|p1a: Charizard|Blast Burn|p2a: Volcarona
|-damage|p2a: Volcarona|21/100
|-mustrecharge|p1a: Charizard
|
|-weather|SunnyDay|[upkeep]
|-damage|p1a: Charizard|63/100|[from] ability: Solar Power|[of] p1a: Charizard
|upkeep
|turn|23
|
|t:|1616087656
|move|p2a: Volcarona|Roost|p2a: Volcarona
|-heal|p2a: Volcarona|72/100
|-singleturn|p2a: Volcarona|move: Roost
|cant|p1a: Charizard|recharge
|
|-weather|SunnyDay|[upkeep]
|-damage|p1a: Charizard|51/100|[from] ability: Solar Power|[of] p1a: Charizard
|upkeep
|turn|24
|
|t:|1616087660
|move|p2a: Volcarona|Psychic|p1a: Charizard
|-damage|p1a: Charizard|0 fnt
|faint|p1a: Charizard
|
|-weather|SunnyDay|[upkeep]
|upkeep
|-message|Wheezer forfeited.
|
|win|s1mpp
|l|☆Wheezer
|raw|Wheezer's rating: 1511 &rarr; <strong>1493</strong><br />(-18 for losing)
|raw|s1mpp's rating: 1543 &rarr; <strong>1561</strong><br />(+18 for winning)
