|j|☆A3720
|j|☆thgdhgj
|t:|1650151642
|gametype|singles
|player|p1|A3720|169|1618
|player|p2|thgdhgj|265|1659
|teamsize|p1|6
|teamsize|p2|6
|gen|8
|tier|[Gen 8] OU
|rated|
|rule|Sleep Clause Mod: Limit one foe put to sleep
|rule|Species Clause: Limit one of each Pokémon
|rule|OHKO Clause: OHKO moves are banned
|rule|Evasion Moves Clause: Evasion moves are banned
|rule|Endless Battle Clause: Forcing endless battles is banned
|rule|HP Percentage Mod: HP is shown in percentages
|rule|Dynamax Clause: You cannot dynamax
|clearpoke
|poke|p1|Tapu Koko|
|poke|p1|Weavile, F|
|poke|p1|Garchomp, F|
|poke|p1|Kartana|
|poke|p1|Thundurus, M|
|poke|p1|Melmetal|
|poke|p2|Slowbro, M|
|poke|p2|Ferrothorn, F|
|poke|p2|Zapdos|
|poke|p2|Clefable, M|
|poke|p2|Nidoking, M|
|poke|p2|Urshifu-*, F|
|teampreview
|inactive|Battle timer is ON: inactive players will automatically lose when time's up. (requested by thgdhgj)
|
|t:|1650151659
|start
|switch|p1a: Garchomp|Garchomp, F|100/100
|switch|p2a: Clefable|Clefable, M|100/100
|turn|1
|
|t:|1650151671
|switch|p1a: Melmetal|Melmetal|100/100
|move|p2a: Clefable|Trick|p1a: Melmetal
|-activate|p2a: Clefable|move: Trick|[of] p1a: Melmetal
|-item|p1a: Melmetal|Sticky Barb|[from] move: Trick
|-item|p2a: Clefable|Protective Pads|[from] move: Trick
|
|-damage|p1a: Melmetal|88/100|[from] item: Sticky Barb
|upkeep
|turn|2
|
|t:|1650151678
|switch|p2a: Ferrothorn|Ferrothorn, F|100/100
|move|p1a: Melmetal|Thunder Wave|p2a: Ferrothorn
|-status|p2a: Ferrothorn|par
|
|-damage|p1a: Melmetal|76/100|[from] item: Sticky Barb
|upkeep
|turn|3
|
|t:|1650151682
|move|p1a: Melmetal|Superpower|p2a: Ferrothorn
|-supereffective|p2a: Ferrothorn
|-damage|p2a: Ferrothorn|41/100 par
|-unboost|p1a: Melmetal|atk|1
|-unboost|p1a: Melmetal|def|1
|-damage|p1a: Melmetal|64/100|[from] ability: Iron Barbs|[of] p2a: Ferrothorn
|-damage|p1a: Melmetal|47/100|[from] item: Rocky Helmet|[of] p2a: Ferrothorn
|move|p2a: Ferrothorn|Thunder Wave|p1a: Melmetal
|-status|p1a: Melmetal|par
|
|-damage|p1a: Melmetal|35/100 par|[from] item: Sticky Barb
|upkeep
|turn|4
|j| xtyftugy
|j| ash_won_kalos
|j| simplegent
|
|t:|1650151693
|switch|p1a: Garchomp|Garchomp, F|100/100
|switch|p2a: Zapdos|Zapdos|100/100
|
|upkeep
|turn|5
|
|t:|1650151699
|move|p1a: Garchomp|Toxic|p2a: Zapdos
|-status|p2a: Zapdos|tox
|move|p2a: Zapdos|Hurricane|p1a: Garchomp
|-damage|p1a: Garchomp|58/100
|-start|p1a: Garchomp|confusion
|
|-damage|p2a: Zapdos|94/100 tox|[from] psn
|upkeep
|turn|6
|
|t:|1650151707
|switch|p1a: Tapu Koko|Tapu Koko|100/100
|-fieldstart|move: Electric Terrain|[from] ability: Electric Surge|[of] p1a: Tapu Koko
|switch|p2a: Clefable|Clefable, M|100/100
|
|upkeep
|turn|7
|j| ppev
|
|t:|1650151712
|switch|p2a: Nidoking|Nidoking, M|100/100
|move|p1a: Tapu Koko|Nature's Madness|p2a: Nidoking
|-damage|p2a: Nidoking|51/100
|
|upkeep
|turn|8
|
|t:|1650151720
|switch|p1a: Melmetal|Melmetal|35/100 par
|move|p2a: Nidoking|Earth Power|p1a: Melmetal
|-supereffective|p1a: Melmetal
|-damage|p1a: Melmetal|0 fnt
|faint|p1a: Melmetal
|
|upkeep
|inactive|A3720 has 120 seconds left.
|
|t:|1650151761
|switch|p1a: Weavile|Weavile, F|100/100
|-ability|p1a: Weavile|Pressure
|turn|9
|
|t:|1650151767
|switch|p2a: Urshifu|Urshifu-Rapid-Strike, F|100/100
|move|p1a: Weavile|Knock Off|p2a: Urshifu
|-resisted|p2a: Urshifu
|-damage|p2a: Urshifu|76/100
|-enditem|p2a: Urshifu|Choice Band|[from] move: Knock Off|[of] p1a: Weavile
|
|upkeep
|turn|10
|
|t:|1650151776
|switch|p1a: Garchomp|Garchomp, F|58/100
|move|p2a: Urshifu|Surging Strikes|p1a: Garchomp
|-crit|p1a: Garchomp
|-damage|p1a: Garchomp|43/100
|-damage|p2a: Urshifu|63/100|[from] ability: Rough Skin|[of] p1a: Garchomp
|-damage|p2a: Urshifu|47/100|[from] item: Rocky Helmet|[of] p1a: Garchomp
|-crit|p1a: Garchomp
|-damage|p1a: Garchomp|29/100
|-damage|p2a: Urshifu|35/100|[from] ability: Rough Skin|[of] p1a: Garchomp
|-damage|p2a: Urshifu|18/100|[from] item: Rocky Helmet|[of] p1a: Garchomp
|-crit|p1a: Garchomp
|-damage|p1a: Garchomp|14/100
|-damage|p2a: Urshifu|6/100|[from] ability: Rough Skin|[of] p1a: Garchomp
|-damage|p2a: Urshifu|0 fnt|[from] item: Rocky Helmet|[of] p1a: Garchomp
|faint|p2a: Urshifu
|-hitcount|p1a: Garchomp|3
|
|-fieldend|move: Electric Terrain
|upkeep
|j| Alejndro Sosa
|
|t:|1650151782
|switch|p2a: Clefable|Clefable, M|100/100
|turn|11
|
|t:|1650151789
|move|p1a: Garchomp|Stealth Rock|p2a: Clefable
|-sidestart|p2: thgdhgj|move: Stealth Rock
|move|p2a: Clefable|Moonblast|p1a: Garchomp
|-supereffective|p1a: Garchomp
|-damage|p1a: Garchomp|0 fnt
|faint|p1a: Garchomp
|
|upkeep
|
|t:|1650151800
|switch|p1a: Kartana|Kartana|100/100
|turn|12
|
|t:|1650151803
|switch|p2a: Ferrothorn|Ferrothorn, F|41/100 par
|-damage|p2a: Ferrothorn|35/100 par|[from] Stealth Rock
|move|p1a: Kartana|Knock Off|p2a: Ferrothorn
|-damage|p2a: Ferrothorn|15/100 par
|-activate|p2a: Ferrothorn|ability: Iron Barbs
|-activate|p1a: Kartana|item: Protective Pads
|-enditem|p2a: Ferrothorn|Rocky Helmet|[from] move: Knock Off|[of] p1a: Kartana
|
|upkeep
|turn|13
|
|t:|1650151817
|switch|p2a: Zapdos|Zapdos|94/100 tox
|move|p1a: Kartana|Sacred Sword|p2a: Zapdos
|-resisted|p2a: Zapdos
|-damage|p2a: Zapdos|80/100 tox
|
|-damage|p2a: Zapdos|74/100 tox|[from] psn
|upkeep
|turn|14
|
|t:|1650151829
|switch|p1a: Thundurus|Thundurus, M|100/100
|move|p2a: Zapdos|Hurricane|p1a: Thundurus
|-resisted|p1a: Thundurus
|-damage|p1a: Thundurus|66/100
|
|-damage|p2a: Zapdos|61/100 tox|[from] psn
|upkeep
|turn|15
|
|t:|1650151834
|move|p1a: Thundurus|Psychic|p2a: Zapdos
|-damage|p2a: Zapdos|41/100 tox
|move|p2a: Zapdos|Defog|p1a: Thundurus
|-unboost|p1a: Thundurus|evasion|1
|-sideend|p2: thgdhgj|Stealth Rock|[from] move: Defog|[of] p2a: Zapdos
|
|-damage|p2a: Zapdos|22/100 tox|[from] psn
|upkeep
|turn|16
|
|t:|1650151845
|switch|p1a: Weavile|Weavile, F|100/100
|-ability|p1a: Weavile|Pressure
|switch|p2a: Clefable|Clefable, M|100/100
|
|upkeep
|turn|17
|
|t:|1650151859
|switch|p1a: Thundurus|Thundurus, M|66/100
|move|p2a: Clefable|Moonblast|p1a: Thundurus
|-crit|p1a: Thundurus
|-damage|p1a: Thundurus|0 fnt
|faint|p1a: Thundurus
|
|upkeep
|
|t:|1650151863
|switch|p1a: Kartana|Kartana|100/100
|turn|18
|
|t:|1650151869
|switch|p2a: Zapdos|Zapdos|22/100 tox
|move|p1a: Kartana|Swords Dance|p1a: Kartana
|-boost|p1a: Kartana|atk|2
|
|-damage|p2a: Zapdos|16/100 tox|[from] psn
|upkeep
|turn|19
|
|t:|1650151876
|move|p1a: Kartana|Knock Off|p2a: Zapdos
|-damage|p2a: Zapdos|0 fnt
|-enditem|p2a: Zapdos|Heavy-Duty Boots|[from] move: Knock Off|[of] p1a: Kartana
|faint|p2a: Zapdos
|-ability|p1a: Kartana|Beast Boost|boost
|-boost|p1a: Kartana|spe|1
|
|upkeep
|
|t:|1650151878
|switch|p2a: Ferrothorn|Ferrothorn, F|15/100 par
|turn|20
|
|t:|1650151881
|move|p1a: Kartana|Sacred Sword|p2a: Ferrothorn
|-supereffective|p2a: Ferrothorn
|-damage|p2a: Ferrothorn|0 fnt
|-activate|p2a: Ferrothorn|ability: Iron Barbs
|-activate|p1a: Kartana|item: Protective Pads
|faint|p2a: Ferrothorn
|-ability|p1a: Kartana|Beast Boost|boost
|-boost|p1a: Kartana|spe|1
|
|upkeep
|
|t:|1650151884
|switch|p2a: Nidoking|Nidoking, M|51/100
|turn|21
|
|t:|1650151887
|move|p1a: Kartana|Leaf Blade|p2a: Nidoking
|-damage|p2a: Nidoking|0 fnt
|faint|p2a: Nidoking
|-ability|p1a: Kartana|Beast Boost|boost
|-boost|p1a: Kartana|spe|1
|
|upkeep
|-message|thgdhgj forfeited.
|
|win|A3720
|raw|A3720's rating: 1618 &rarr; <strong>1640</strong><br />(+22 for winning)
|raw|thgdhgj's rating: 1659 &rarr; <strong>1637</strong><br />(-22 for losing)
|l|☆thgdhgj
|l|☆A3720
|l| simplegent
||Ladder isn't responding, score probably updated but might not have (Request timeout).
|l| ash_won_kalos
