|j|☆Draco09876
|j|☆patas mmm
|t:|1621537446
|gametype|singles
|player|p1|Draco09876|102|1715
|player|p2|patas mmm|170|1691
|teamsize|p1|6
|teamsize|p2|6
|gen|8
|tier|[Gen 8] OU
|rated|
|rule|Sleep Clause Mod: Limit one foe put to sleep
|rule|Species Clause: Limit one of each Pokémon
|rule|OHKO Clause: OHKO moves are banned
|rule|Evasion Moves Clause: Evasion moves are banned
|rule|Endless Battle Clause: Forcing endless battles is banned
|rule|HP Percentage Mod: HP is shown in percentages
|rule|Dynamax Clause: You cannot dynamax
|clearpoke
|poke|p1|Victini|
|poke|p1|Dragapult, F|
|poke|p1|Swampert, F|
|poke|p1|Slowking-Galar, F|
|poke|p1|Ferrothorn, F|
|poke|p1|Mandibuzz, F|
|poke|p2|Regieleki|
|poke|p2|Dragapult, M|
|poke|p2|Corviknight, F|
|poke|p2|Hawlucha, M|
|poke|p2|Latios, M|
|poke|p2|Landorus-Therian, M|
|teampreview
|
|t:|1621537453
|start
|switch|p1a: Dragapult|Dragapult, F|100/100
|switch|p2a: Regieleki|Regieleki|100/100
|turn|1
|
|t:|1621537457
|move|p2a: Regieleki|Light Screen|p2a: Regieleki
|-sidestart|p2: patas mmm|move: Light Screen
|move|p1a: Dragapult|Shadow Ball|p2a: Regieleki
|-damage|p2a: Regieleki|55/100
|
|upkeep
|turn|2
|
|t:|1621537461
|switch|p1a: Ferrothorn|Ferrothorn, F|100/100
|move|p2a: Regieleki|Reflect|p2a: Regieleki
|-sidestart|p2: patas mmm|Reflect
|
|upkeep
|turn|3
|
|t:|1621537468
|switch|p2a: Landorus|Landorus-Therian, M|100/100
|-ability|p2a: Landorus|Intimidate|boost
|-unboost|p1a: Ferrothorn|atk|1
|move|p1a: Ferrothorn|Stealth Rock|p2a: Landorus
|-sidestart|p2: patas mmm|move: Stealth Rock
|
|upkeep
|turn|4
|
|t:|1621537475
|switch|p1a: Mandibuzz|Mandibuzz, F|100/100
|move|p2a: Landorus|Stealth Rock|p1a: Mandibuzz
|-sidestart|p1: Draco09876|move: Stealth Rock
|
|upkeep
|turn|5
|
|t:|1621537479
|move|p2a: Landorus|Swords Dance|p2a: Landorus
|-boost|p2a: Landorus|atk|2
|move|p1a: Mandibuzz|Defog|p2a: Landorus
|-unboost|p2a: Landorus|evasion|1
|-sideend|p2: patas mmm|Reflect
|-sideend|p2: patas mmm|move: Light Screen
|-sideend|p2: patas mmm|Stealth Rock|[from] move: Defog|[of] p1a: Mandibuzz
|-sideend|p1: Draco09876|Stealth Rock|[from] move: Defog|[of] p1a: Mandibuzz
|
|upkeep
|turn|6
|
|t:|1621537483
|move|p2a: Landorus|Stealth Rock|p1a: Mandibuzz
|-sidestart|p1: Draco09876|move: Stealth Rock
|move|p1a: Mandibuzz|Whirlwind|p2a: Landorus
|drag|p2a: Hawlucha|Hawlucha, M|100/100
|
|upkeep
|turn|7
|
|t:|1621537488
|move|p2a: Hawlucha|Swords Dance|p2a: Hawlucha
|-boost|p2a: Hawlucha|atk|2
|move|p1a: Mandibuzz|Defog|p2a: Hawlucha
|-unboost|p2a: Hawlucha|evasion|1
|-sideend|p1: Draco09876|Stealth Rock|[from] move: Defog|[of] p1a: Mandibuzz
|
|upkeep
|turn|8
|inactive|Battle timer is ON: inactive players will automatically lose when time's up. (requested by patas mmm)
|
|t:|1621537494
|move|p2a: Hawlucha|Close Combat|p1a: Mandibuzz
|-damage|p1a: Mandibuzz|41/100
|-unboost|p2a: Hawlucha|def|1
|-unboost|p2a: Hawlucha|spd|1
|move|p1a: Mandibuzz|Whirlwind|p2a: Hawlucha
|drag|p2a: Corviknight|Corviknight, F|100/100
|-ability|p2a: Corviknight|Pressure
|
|upkeep
|turn|9
|
|t:|1621537500
|switch|p2a: Landorus|Landorus-Therian, M|100/100
|-ability|p2a: Landorus|Intimidate|boost
|-unboost|p1a: Mandibuzz|atk|1
|move|p1a: Mandibuzz|Roost|p1a: Mandibuzz
|-heal|p1a: Mandibuzz|92/100
|-singleturn|p1a: Mandibuzz|move: Roost
|
|upkeep
|turn|10
|
|t:|1621537505
|switch|p1a: Dragapult|Dragapult, F|100/100
|move|p2a: Landorus|Stealth Rock|p1a: Dragapult
|-sidestart|p1: Draco09876|move: Stealth Rock
|
|upkeep
|turn|11
|c|☆patas mmm|._.
|
|t:|1621537511
|move|p1a: Dragapult|Draco Meteor|p2a: Landorus
|-damage|p2a: Landorus|1/100
|-unboost|p1a: Dragapult|spa|2
|move|p2a: Landorus|Earthquake|p1a: Dragapult
|-damage|p1a: Dragapult|25/100
|
|upkeep
|turn|12
|
|t:|1621537517
|switch|p2a: Corviknight|Corviknight, F|100/100
|-ability|p2a: Corviknight|Pressure
|move|p1a: Dragapult|Draco Meteor|p2a: Corviknight
|-resisted|p2a: Corviknight
|-damage|p2a: Corviknight|86/100
|-unboost|p1a: Dragapult|spa|2
|
|upkeep
|turn|13
|j| Stall is coming
|
|t:|1621537522
|switch|p1a: Mandibuzz|Mandibuzz, F|92/100
|switch|p2a: Landorus|Landorus-Therian, M|1/100
|-ability|p2a: Landorus|Intimidate|boost
|-unboost|p1a: Mandibuzz|atk|1
|
|upkeep
|turn|14
|
|t:|1621537527
|move|p2a: Landorus|Explosion|p1a: Mandibuzz
|-damage|p1a: Mandibuzz|38/100
|faint|p2a: Landorus
|move|p1a: Mandibuzz|Roost|p1a: Mandibuzz
|-heal|p1a: Mandibuzz|88/100
|-singleturn|p1a: Mandibuzz|move: Roost
|
|upkeep
|
|t:|1621537553
|switch|p2a: Hawlucha|Hawlucha, M|100/100
|turn|15
|
|t:|1621537557
|move|p2a: Hawlucha|Close Combat|p1a: Mandibuzz
|-damage|p1a: Mandibuzz|59/100
|-unboost|p2a: Hawlucha|def|1
|-unboost|p2a: Hawlucha|spd|1
|move|p1a: Mandibuzz|Whirlwind|p2a: Hawlucha
|drag|p2a: Latios|Latios, M|100/100
|
|upkeep
|turn|16
|
|t:|1621537561
|switch|p1a: Slowking|Slowking-Galar, F|100/100
|-damage|p1a: Slowking|88/100|[from] Stealth Rock
|move|p2a: Latios|Calm Mind|p2a: Latios
|-boost|p2a: Latios|spa|1
|-boost|p2a: Latios|spd|1
|
|upkeep
|turn|17
|
|t:|1621537570
|switch|p1a: Mandibuzz|Mandibuzz, F|59/100
|move|p2a: Latios|Calm Mind|p2a: Latios
|-boost|p2a: Latios|spa|1
|-boost|p2a: Latios|spd|1
|
|upkeep
|turn|18
|
|t:|1621537573
|move|p2a: Latios|Aura Sphere|p1a: Mandibuzz
|-crit|p1a: Mandibuzz
|-damage|p1a: Mandibuzz|0 fnt
|faint|p1a: Mandibuzz
|
|upkeep
|
|t:|1621537583
|switch|p1a: Victini|Victini|100/100
|-damage|p1a: Victini|76/100|[from] Stealth Rock
|turn|19
|
|t:|1621537594
|move|p2a: Latios|Agility|p2a: Latios
|-boost|p2a: Latios|spe|2
|move|p1a: Victini|Trick|p2a: Latios
|-activate|p1a: Victini|move: Trick|[of] p2a: Latios
|-item|p2a: Latios|Choice Band|[from] move: Trick
|-item|p1a: Victini|Weakness Policy|[from] move: Trick
|
|upkeep
|turn|20
|
|t:|1621537604
|move|p2a: Latios|Stored Power|p1a: Victini
|-resisted|p1a: Victini
|-damage|p1a: Victini|8/100
|move|p1a: Victini|U-turn|p2a: Latios
|-supereffective|p2a: Latios
|-damage|p2a: Latios|44/100
|
|t:|1621537613
|switch|p1a: Ferrothorn|Ferrothorn, F|100/100|[from]move: U-turn
|-damage|p1a: Ferrothorn|95/100|[from] Stealth Rock
|
|upkeep
|turn|21
|
|t:|1621537620
|move|p2a: Latios|Stored Power|p1a: Ferrothorn
|-resisted|p1a: Ferrothorn
|-damage|p1a: Ferrothorn|32/100
|move|p1a: Ferrothorn|Leech Seed|p2a: Latios
|-start|p2a: Latios|move: Leech Seed
|
|-damage|p2a: Latios|32/100|[from] Leech Seed|[of] p1a: Ferrothorn
|-heal|p1a: Ferrothorn|42/100|[silent]
|upkeep
|turn|22
|
|t:|1621537627
|switch|p1a: Slowking|Slowking-Galar, F|100/100
|-damage|p1a: Slowking|88/100|[from] Stealth Rock
|move|p2a: Latios|Stored Power|p1a: Slowking
|-damage|p1a: Slowking|4/100
|
|-damage|p2a: Latios|19/100|[from] Leech Seed|[of] p1a: Slowking
|-heal|p1a: Slowking|13/100|[silent]
|upkeep
|turn|23
|
|t:|1621537633
|switch|p1a: Victini|Victini|8/100
|-damage|p1a: Victini|0 fnt|[from] Stealth Rock
|faint|p1a: Victini
|move|p2a: Latios|Stored Power|p1: Victini|[notarget]
|-fail|p2a: Latios
|
|upkeep
|
|t:|1621537639
|switch|p1a: Slowking|Slowking-Galar, F|47/100
|-damage|p1a: Slowking|34/100|[from] Stealth Rock
|turn|24
|
|t:|1621537648
|switch|p1a: Ferrothorn|Ferrothorn, F|42/100
|-damage|p1a: Ferrothorn|36/100|[from] Stealth Rock
|move|p2a: Latios|Stored Power|p1a: Ferrothorn
|-resisted|p1a: Ferrothorn
|-damage|p1a: Ferrothorn|0 fnt
|faint|p1a: Ferrothorn
|
|upkeep
|
|t:|1621537654
|switch|p1a: Swampert|Swampert, F|100/100
|-damage|p1a: Swampert|94/100|[from] Stealth Rock
|turn|25
|j| Date with Sylveon
|
|t:|1621537662
|move|p2a: Latios|Stored Power|p1a: Swampert
|-damage|p1a: Swampert|0 fnt
|faint|p1a: Swampert
|
|upkeep
|-message|Draco09876 forfeited.
|
|win|patas mmm
|raw|Draco09876's rating: 1715 &rarr; <strong>1694</strong><br />(-21 for losing)
|raw|patas mmm's rating: 1691 &rarr; <strong>1712</strong><br />(+21 for winning)
|l|☆Draco09876
|l| Stall is coming
||Ladder isn't responding, score probably updated but might not have (Request timeout).
