|j|☆Deshaun to Raiders
|j|☆PQPP214
|t:|1646978315
|gametype|singles
|player|p1|Deshaun to Raiders|169|1376
|player|p2|PQPP214|266|1358
|teamsize|p1|6
|teamsize|p2|6
|gen|8
|tier|[Gen 8] OU
|rated|
|rule|Sleep Clause Mod: Limit one foe put to sleep
|rule|Species Clause: Limit one of each Pokémon
|rule|OHKO Clause: OHKO moves are banned
|rule|Evasion Moves Clause: Evasion moves are banned
|rule|Endless Battle Clause: Forcing endless battles is banned
|rule|HP Percentage Mod: HP is shown in percentages
|rule|Dynamax Clause: You cannot dynamax
|clearpoke
|poke|p1|Tyranitar, M|
|poke|p1|Mew|
|poke|p1|Zapdos-Galar|
|poke|p1|Tapu Fini|
|poke|p1|Claydol|
|poke|p1|Ferrothorn, M|
|poke|p2|Landorus-Therian, M|
|poke|p2|Tornadus-Therian, M|
|poke|p2|Zeraora|
|poke|p2|Zapdos-Galar|
|poke|p2|Jirachi|
|poke|p2|Toxapex, M|
|teampreview
|
|t:|1646978322
|start
|switch|p1a: Mew|Mew|100/100
|switch|p2a: Tornadus|Tornadus-Therian, M, shiny|100/100
|turn|1
|inactive|Battle timer is ON: inactive players will automatically lose when time's up. (requested by PQPP214)
|
|t:|1646978325
|move|p2a: Tornadus|Knock Off|p1a: Mew
|-supereffective|p1a: Mew
|-damage|p1a: Mew|65/100
|-enditem|p1a: Mew|Red Card|[from] move: Knock Off|[of] p2a: Tornadus
|move|p1a: Mew|Thunder Wave|p2a: Tornadus
|-status|p2a: Tornadus|par
|
|upkeep
|turn|2
|
|t:|1646978344
|move|p1a: Mew|Spikes|p2a: Tornadus
|-sidestart|p2: PQPP214|Spikes
|move|p2a: Tornadus|U-turn|p1a: Mew
|-supereffective|p1a: Mew
|-damage|p1a: Mew|42/100
|
|t:|1646978356
|switch|p2a: Zeraora|Zeraora, shiny|100/100|[from]move: U-turn
|
|upkeep
|turn|3
|
|t:|1646978379
|move|p2a: Zeraora|Plasma Fists|p1a: Mew
|-damage|p1a: Mew|2/100
|-fieldactivate|move: Ion Deluge
|-hint|Normal-type moves become Electric-type after using Plasma Fists.
|move|p1a: Mew|Spikes|p2a: Zeraora
|-sidestart|p2: PQPP214|Spikes
|
|upkeep
|turn|4
|
|t:|1646978389
|move|p2a: Zeraora|Volt Switch|p1a: Mew
|-damage|p1a: Mew|0 fnt
|faint|p1a: Mew
|
|t:|1646978391
|switch|p2a: Zapdos|Zapdos-Galar|100/100|[from]move: Volt Switch
|
|upkeep
|
|t:|1646978400
|switch|p1a: Tyranitar|Tyranitar, M|100/100
|-weather|Sandstorm|[from] ability: Sand Stream|[of] p1a: Tyranitar
|turn|5
|
|t:|1646978405
|switch|p1a: Tapu Fini|Tapu Fini|100/100
|-fieldstart|move: Misty Terrain|[from] ability: Misty Surge|[of] p1a: Tapu Fini
|move|p2a: Zapdos|Close Combat|p1a: Tapu Fini
|-resisted|p1a: Tapu Fini
|-damage|p1a: Tapu Fini|49/100
|-unboost|p2a: Zapdos|def|1
|-unboost|p2a: Zapdos|spd|1
|
|-weather|Sandstorm|[upkeep]
|-damage|p1a: Tapu Fini|43/100|[from] Sandstorm
|-damage|p2a: Zapdos|94/100|[from] Sandstorm
|upkeep
|turn|6
|
|t:|1646978410
|move|p1a: Tapu Fini|Moonblast|p2a: Zapdos
|-supereffective|p2a: Zapdos
|-damage|p2a: Zapdos|0 fnt
|faint|p2a: Zapdos
|
|-weather|Sandstorm|[upkeep]
|-damage|p1a: Tapu Fini|37/100|[from] Sandstorm
|upkeep
|
|t:|1646978434
|switch|p2a: Jirachi|Jirachi, shiny|100/100
|-damage|p2a: Jirachi|84/100|[from] Spikes
|turn|7
|
|t:|1646978442
|switch|p1a: Ferrothorn|Ferrothorn, M|100/100
|switch|p2a: Tornadus|Tornadus-Therian, M, shiny|100/100 par
|
|-weather|Sandstorm|[upkeep]
|-damage|p2a: Tornadus|94/100 par|[from] Sandstorm
|upkeep
|turn|8
|
|t:|1646978445
|switch|p1a: Zapdos|Zapdos-Galar|100/100
|move|p2a: Tornadus|Heat Wave|p1a: Zapdos
|-damage|p1a: Zapdos|74/100
|
|-weather|Sandstorm|[upkeep]
|-damage|p1a: Zapdos|67/100|[from] Sandstorm
|-damage|p2a: Tornadus|88/100 par|[from] Sandstorm
|upkeep
|turn|9
|
|t:|1646978449
|move|p1a: Zapdos|Brave Bird|p2a: Tornadus
|-damage|p2a: Tornadus|0 fnt
|faint|p2a: Tornadus
|-damage|p1a: Zapdos|35/100|[from] Recoil
|
|-weather|none
|-fieldend|Misty Terrain
|upkeep
|
|t:|1646978453
|switch|p2a: Zeraora|Zeraora, shiny|100/100
|turn|10
|
|t:|1646978464
|switch|p1a: Ferrothorn|Ferrothorn, M|100/100
|move|p2a: Zeraora|Close Combat|p1a: Ferrothorn
|-supereffective|p1a: Ferrothorn
|-damage|p1a: Ferrothorn|56/100
|-unboost|p2a: Zeraora|def|1
|-unboost|p2a: Zeraora|spd|1
|-damage|p2a: Zeraora|88/100|[from] ability: Iron Barbs|[of] p1a: Ferrothorn
|-damage|p2a: Zeraora|72/100|[from] item: Rocky Helmet|[of] p1a: Ferrothorn
|
|upkeep
|turn|11
|
|t:|1646978467
|move|p2a: Zeraora|Close Combat|p1a: Ferrothorn
|-supereffective|p1a: Ferrothorn
|-damage|p1a: Ferrothorn|14/100
|-unboost|p2a: Zeraora|def|1
|-unboost|p2a: Zeraora|spd|1
|-damage|p2a: Zeraora|59/100|[from] ability: Iron Barbs|[of] p1a: Ferrothorn
|-damage|p2a: Zeraora|43/100|[from] item: Rocky Helmet|[of] p1a: Ferrothorn
|move|p1a: Ferrothorn|Leech Seed|p2a: Zeraora
|-start|p2a: Zeraora|move: Leech Seed
|
|-damage|p2a: Zeraora|31/100|[from] Leech Seed|[of] p1a: Ferrothorn
|-heal|p1a: Ferrothorn|25/100|[silent]
|upkeep
|turn|12
|
|t:|1646978475
|switch|p1a: Claydol|Claydol|100/100
|move|p2a: Zeraora|Close Combat|p1a: Claydol
|-resisted|p1a: Claydol
|-damage|p1a: Claydol|88/100
|-unboost|p2a: Zeraora|def|1
|-unboost|p2a: Zeraora|spd|1
|
|-damage|p2a: Zeraora|18/100|[from] Leech Seed|[of] p1a: Claydol
|-heal|p1a: Claydol|99/100|[silent]
|upkeep
|turn|13
|
|t:|1646978481
|switch|p2a: Jirachi|Jirachi, shiny|84/100
|-damage|p2a: Jirachi|67/100|[from] Spikes
|move|p1a: Claydol|Teleport|p1a: Claydol
|
|t:|1646978483
|switch|p1a: Tyranitar|Tyranitar, M|100/100|[from]move: Teleport
|-weather|Sandstorm|[from] ability: Sand Stream|[of] p1a: Tyranitar
|
|-weather|Sandstorm|[upkeep]
|-heal|p2a: Jirachi|73/100|[from] item: Leftovers
|upkeep
|turn|14
|
|t:|1646978488
|move|p2a: Jirachi|Iron Head|p1a: Tyranitar
|-supereffective|p1a: Tyranitar
|-damage|p1a: Tyranitar|49/100
|cant|p1a: Tyranitar|flinch
|
|-weather|Sandstorm|[upkeep]
|-heal|p2a: Jirachi|80/100|[from] item: Leftovers
|upkeep
|turn|15
|
|t:|1646978497
|switch|p1a: Ferrothorn|Ferrothorn, M|25/100
|move|p2a: Jirachi|Iron Head|p1a: Ferrothorn
|-resisted|p1a: Ferrothorn
|-damage|p1a: Ferrothorn|17/100
|-damage|p2a: Jirachi|67/100|[from] ability: Iron Barbs|[of] p1a: Ferrothorn
|-damage|p2a: Jirachi|51/100|[from] item: Rocky Helmet|[of] p1a: Ferrothorn
|
|-weather|Sandstorm|[upkeep]
|-heal|p2a: Jirachi|57/100|[from] item: Leftovers
|upkeep
|turn|16
|
|t:|1646978501
|move|p2a: Jirachi|U-turn|p1a: Ferrothorn
|-crit|p1a: Ferrothorn
|-damage|p1a: Ferrothorn|2/100
|-damage|p2a: Jirachi|44/100|[from] ability: Iron Barbs|[of] p1a: Ferrothorn
|-damage|p2a: Jirachi|28/100|[from] item: Rocky Helmet|[of] p1a: Ferrothorn
|
|t:|1646978505
|switch|p2a: Landorus|Landorus-Therian, M, shiny|100/100|[from]move: U-turn
|-ability|p2a: Landorus|Intimidate|boost
|-unboost|p1a: Ferrothorn|atk|1
|move|p1a: Ferrothorn|Leech Seed|p2a: Landorus
|-start|p2a: Landorus|move: Leech Seed
|
|-weather|Sandstorm|[upkeep]
|-damage|p2a: Landorus|88/100|[from] Leech Seed|[of] p1a: Ferrothorn
|-heal|p1a: Ferrothorn|15/100|[silent]
|upkeep
|turn|17
|
|t:|1646978512
|switch|p1a: Claydol|Claydol|99/100
|move|p2a: Landorus|U-turn|p1a: Claydol
|-supereffective|p1a: Claydol
|-damage|p1a: Claydol|67/100
|
|t:|1646978516
|switch|p2a: Jirachi|Jirachi, shiny|28/100|[from]move: U-turn
|-damage|p2a: Jirachi|11/100|[from] Spikes
|
|-weather|none
|-heal|p2a: Jirachi|17/100|[from] item: Leftovers
|upkeep
|turn|18
|
|t:|1646978522
|switch|p1a: Ferrothorn|Ferrothorn, M|15/100
|move|p2a: Jirachi|Healing Wish|p2a: Jirachi
|faint|p2a: Jirachi
|
|upkeep
|
|t:|1646978524
|switch|p2a: Zeraora|Zeraora, shiny|18/100
|-heal|p2a: Zeraora|100/100|[from] move: Healing Wish
|turn|19
|
|t:|1646978530
|move|p2a: Zeraora|Close Combat|p1a: Ferrothorn
|-supereffective|p1a: Ferrothorn
|-damage|p1a: Ferrothorn|0 fnt
|-unboost|p2a: Zeraora|def|1
|-unboost|p2a: Zeraora|spd|1
|-damage|p2a: Zeraora|88/100|[from] ability: Iron Barbs|[of] p1a: Ferrothorn
|-damage|p2a: Zeraora|72/100|[from] item: Rocky Helmet|[of] p1a: Ferrothorn
|faint|p1a: Ferrothorn
|
|upkeep
|
|t:|1646978534
|switch|p1a: Tapu Fini|Tapu Fini|37/100
|-fieldstart|move: Misty Terrain|[from] ability: Misty Surge|[of] p1a: Tapu Fini
|turn|20
|
|t:|1646978544
|switch|p1a: Zapdos|Zapdos-Galar|35/100
|switch|p2a: Toxapex|Toxapex, M, shiny|100/100
|-damage|p2a: Toxapex|84/100|[from] Spikes
|
|upkeep
|turn|21
|
|t:|1646978549
|move|p1a: Zapdos|Stomping Tantrum|p2a: Toxapex
|-supereffective|p2a: Toxapex
|-damage|p2a: Toxapex|40/100
|-enditem|p2a: Toxapex|Eject Button
|
|t:|1646978555
|switch|p2a: Zeraora|Zeraora, shiny|72/100
|
|upkeep
|turn|22
|
|t:|1646978564
|switch|p1a: Claydol|Claydol|67/100
|move|p2a: Zeraora|Plasma Fists|p1a: Claydol
|-immune|p1a: Claydol
|
|upkeep
|turn|23
|
|t:|1646978569
|move|p2a: Zeraora|Knock Off|p1a: Claydol
|-supereffective|p1a: Claydol
|-crit|p1a: Claydol
|-enditem|p1a: Claydol|Colbur Berry|[eat]
|-enditem|p1a: Claydol|Colbur Berry|[weaken]
|-damage|p1a: Claydol|35/100
|move|p1a: Claydol|Teleport|p1a: Claydol
|
|t:|1646978590
|switch|p1a: Tapu Fini|Tapu Fini|37/100|[from]move: Teleport
|
|upkeep
|turn|24
|
|t:|1646978598
|switch|p1a: Claydol|Claydol|35/100
|move|p2a: Zeraora|Plasma Fists|p1a: Claydol
|-immune|p1a: Claydol
|
|-fieldend|Misty Terrain
|upkeep
|turn|25
|
|t:|1646978606
|switch|p2a: Landorus|Landorus-Therian, M, shiny|88/100
|-ability|p2a: Landorus|Intimidate|boost
|-unboost|p1a: Claydol|atk|1
|move|p1a: Claydol|Scorching Sands|p2a: Landorus
|-immune|p2a: Landorus
|
|-heal|p2a: Landorus|94/100|[from] item: Leftovers
|upkeep
|turn|26
|
|t:|1646978612
|switch|p1a: Zapdos|Zapdos-Galar|35/100
|move|p2a: Landorus|U-turn|p1a: Zapdos
|-resisted|p1a: Zapdos
|-damage|p1a: Zapdos|29/100
|
|t:|1646978615
|switch|p2a: Zeraora|Zeraora, shiny|72/100|[from]move: U-turn
|
|upkeep
|turn|27
|
|t:|1646978621
|move|p2a: Zeraora|Knock Off|p1a: Zapdos
|-resisted|p1a: Zapdos
|-damage|p1a: Zapdos|10/100
|-enditem|p1a: Zapdos|Choice Band|[from] move: Knock Off|[of] p2a: Zeraora
|move|p1a: Zapdos|Stomping Tantrum|p2a: Zeraora
|-supereffective|p2a: Zeraora
|-damage|p2a: Zeraora|2/100
|
|upkeep
|turn|28
|
|t:|1646978629
|move|p2a: Zeraora|Knock Off|p1a: Zapdos
|-resisted|p1a: Zapdos
|-damage|p1a: Zapdos|0 fnt
|faint|p1a: Zapdos
|
|upkeep
|
|t:|1646978631
|switch|p1a: Tapu Fini|Tapu Fini|37/100
|-fieldstart|move: Misty Terrain|[from] ability: Misty Surge|[of] p1a: Tapu Fini
|turn|29
|
|t:|1646978638
|switch|p1a: Tyranitar|Tyranitar, M|49/100
|-weather|Sandstorm|[from] ability: Sand Stream|[of] p1a: Tyranitar
|switch|p2a: Toxapex|Toxapex, M, shiny|73/100
|-damage|p2a: Toxapex|57/100|[from] Spikes
|
|-weather|Sandstorm|[upkeep]
|-damage|p2a: Toxapex|51/100|[from] Sandstorm
|upkeep
|turn|30
|
|t:|1646978641
|move|p1a: Tyranitar|Stone Edge|p2a: Toxapex
|-damage|p2a: Toxapex|0 fnt
|faint|p2a: Toxapex
|
|-weather|Sandstorm|[upkeep]
|upkeep
|
|t:|1646978644
|switch|p2a: Landorus|Landorus-Therian, M, shiny|94/100
|-ability|p2a: Landorus|Intimidate|boost
|-unboost|p1a: Tyranitar|atk|1
|turn|31
|
|t:|1646978651
|switch|p1a: Claydol|Claydol|35/100
|move|p2a: Landorus|Earthquake|p1a: Claydol
|-immune|p1a: Claydol|[from] ability: Levitate
|
|-weather|Sandstorm|[upkeep]
|-heal|p2a: Landorus|99/100|[from] item: Leftovers
|upkeep
|turn|32
|
|t:|1646978658
|move|p2a: Landorus|Toxic|p1a: Claydol
|-status|p1a: Claydol|tox
|move|p1a: Claydol|Toxic|p2a: Landorus
|-status|p2a: Landorus|tox
|
|-weather|Sandstorm|[upkeep]
|-heal|p2a: Landorus|100/100 tox|[from] item: Leftovers
|-damage|p2a: Landorus|94/100 tox|[from] psn
|-damage|p1a: Claydol|29/100 tox|[from] psn
|upkeep
|turn|33
|
|t:|1646978664
|move|p2a: Landorus|Defog|p1a: Claydol
|-unboost|p1a: Claydol|evasion|1
|-sideend|p2: PQPP214|Spikes|[from] move: Defog|[of] p2a: Landorus
|-fieldend|Misty Terrain
|move|p1a: Claydol|Rapid Spin|p2a: Landorus
|-crit|p2a: Landorus
|-damage|p2a: Landorus|83/100 tox
|-boost|p1a: Claydol|spe|1
|
|-weather|none
|-heal|p2a: Landorus|89/100 tox|[from] item: Leftovers
|-damage|p1a: Claydol|17/100 tox|[from] psn
|-damage|p2a: Landorus|77/100 tox|[from] psn
|upkeep
|turn|34
|
|t:|1646978675
|move|p1a: Claydol|Rapid Spin|p2a: Landorus
|-damage|p2a: Landorus|68/100 tox
|-boost|p1a: Claydol|spe|1
|move|p2a: Landorus|U-turn|p1a: Claydol
|-supereffective|p1a: Claydol
|-damage|p1a: Claydol|0 fnt
|faint|p1a: Claydol
|
|t:|1646978678
|switch|p2a: Zeraora|Zeraora, shiny|2/100|[from]move: U-turn
|
|upkeep
|
|t:|1646978682
|switch|p1a: Tapu Fini|Tapu Fini|37/100
|-fieldstart|move: Misty Terrain|[from] ability: Misty Surge|[of] p1a: Tapu Fini
|turn|35
|
|t:|1646978689
|move|p1a: Tapu Fini|Ice Beam|p2a: Zeraora
|-damage|p2a: Zeraora|0 fnt
|faint|p2a: Zeraora
|
|upkeep
|
|t:|1646978693
|switch|p2a: Landorus|Landorus-Therian, M, shiny|68/100 tox
|-ability|p2a: Landorus|Intimidate|boost
|-unboost|p1a: Tapu Fini|atk|1
|turn|36
|
|t:|1646978695
|move|p1a: Tapu Fini|Ice Beam|p2a: Landorus
|-supereffective|p2a: Landorus
|-damage|p2a: Landorus|0 fnt
|faint|p2a: Landorus
|
|win|Deshaun to Raiders
|raw|Deshaun to Raiders's rating: 1376 &rarr; <strong>1395</strong><br />(+19 for winning)
|raw|PQPP214's rating: 1358 &rarr; <strong>1339</strong><br />(-19 for losing)
|l|☆PQPP214
