|j|☆zKally
|j|☆YaBoiMomi
|t:|1667666405
|gametype|singles
|player|p1|zKally|2|1444
|player|p2|YaBoiMomi|fantina|1436
|teamsize|p1|6
|teamsize|p2|6
|gen|8
|tier|[Gen 8] OU
|rated|
|rule|Sleep Clause Mod: Limit one foe put to sleep
|rule|Species Clause: Limit one of each Pokémon
|rule|OHKO Clause: OHKO moves are banned
|rule|Evasion Items Clause: Evasion items are banned
|rule|Evasion Moves Clause: Evasion moves are banned
|rule|Endless Battle Clause: Forcing endless battles is banned
|rule|HP Percentage Mod: HP is shown in percentages
|rule|Dynamax Clause: You cannot dynamax
|clearpoke
|poke|p1|Mew|
|poke|p1|Weavile, M|
|poke|p1|Celesteela|
|poke|p1|Garchomp, M|
|poke|p1|Blacephalon|
|poke|p1|Crawdaunt, F|
|poke|p2|Regieleki|
|poke|p2|Ferrothorn, F|
|poke|p2|Tapu Koko|
|poke|p2|Kartana|
|poke|p2|Zoroark, F|
|poke|p2|Landorus-Therian, M|
|teampreview
|inactive|Battle timer is ON: inactive players will automatically lose when time's up. (requested by zKally)
|
|t:|1667666419
|start
|switch|p1a: Mew|Mew|100/100
|switch|p2a: Ferrothorn|Ferrothorn, F|100/100
|turn|1
|
|t:|1667666421
|move|p2a: Ferrothorn|Dark Pulse|p1a: Mew
|-supereffective|p1a: Mew
|-enditem|p1a: Mew|Colbur Berry|[eat]
|-enditem|p1a: Mew|Colbur Berry|[weaken]
|-damage|p1a: Mew|69/100
|move|p1a: Mew|Taunt|p2a: Ferrothorn
|-start|p2a: Ferrothorn|move: Taunt
|
|upkeep
|turn|2
|
|t:|1667666428
|move|p2a: Ferrothorn|U-turn|p1a: Mew
|-supereffective|p1a: Mew
|-damage|p1a: Mew|45/100
|
|t:|1667666432
|switch|p2a: Landorus|Landorus-Therian, M|100/100|[from]move: U-turn
|-ability|p2a: Landorus|Intimidate|boost
|-unboost|p1a: Mew|atk|1
|move|p1a: Mew|Thunder Wave|p2a: Landorus
|-immune|p2a: Landorus
|
|upkeep
|turn|3
|
|t:|1667666436
|move|p2a: Landorus|U-turn|p1a: Mew
|-supereffective|p1a: Mew
|-damage|p1a: Mew|0 fnt
|faint|p1a: Mew
|
|t:|1667666439
|switch|p2a: Ferrothorn|Ferrothorn, F|100/100|[from]move: U-turn
|
|upkeep
|
|t:|1667666446
|switch|p1a: Celesteela|Celesteela|100/100
|turn|4
|
|t:|1667666451
|move|p2a: Ferrothorn|Flamethrower|p1a: Celesteela
|-supereffective|p1a: Celesteela
|-crit|p1a: Celesteela
|-damage|p1a: Celesteela|8/100
|-status|p1a: Celesteela|brn
|move|p1a: Celesteela|Autotomize|p1a: Celesteela
|-boost|p1a: Celesteela|spe|2
|-start|p1a: Celesteela|Autotomize
|
|-damage|p1a: Celesteela|1/100 brn|[from] brn
|upkeep
|turn|5
|
|t:|1667666468
|switch|p2a: Tapu Koko|Tapu Koko|100/100
|-fieldstart|move: Electric Terrain|[from] ability: Electric Surge|[of] p2a: Tapu Koko
|move|p1a: Celesteela|Meteor Beam||[still]
|-prepare|p1a: Celesteela|Meteor Beam
|-boost|p1a: Celesteela|spa|1
|-enditem|p1a: Celesteela|Power Herb
|-anim|p1a: Celesteela|Meteor Beam|p2a: Tapu Koko|[miss]
|-miss|p1a: Celesteela|p2a: Tapu Koko
|
|-damage|p1a: Celesteela|0 fnt|[from] brn
|faint|p1a: Celesteela
|upkeep
|-message|zKally forfeited.
|
|win|YaBoiMomi
|raw|zKally's rating: 1444 &rarr; <strong>1424</strong><br />(-20 for losing)
|raw|YaBoiMomi's rating: 1436 &rarr; <strong>1456</strong><br />(+20 for winning)
|l|☆zKally
