|j|☆DJ CRIB DEF
|j|‽zokua
|inactive|Battle timer is ON: inactive players will automatically lose when time's up.
|t:|1666963498
|gametype|singles
|player|p1|DJ CRIB DEF|170|
|player|p2|zokua|marlon|
|teamsize|p1|6
|teamsize|p2|6
|gen|8
|tier|[Gen 8] OU
|rated|Tournament battle
|rule|Sleep Clause Mod: Limit one foe put to sleep
|rule|Species Clause: Limit one of each Pokémon
|rule|OHKO Clause: OHKO moves are banned
|rule|Evasion Items Clause: Evasion items are banned
|rule|Evasion Moves Clause: Evasion moves are banned
|rule|Endless Battle Clause: Forcing endless battles is banned
|rule|HP Percentage Mod: HP is shown in percentages
|rule|Dynamax Clause: You cannot dynamax
|clearpoke
|poke|p1|Lickilicky, M|
|poke|p1|Regieleki|
|poke|p1|Zoroark, M|
|poke|p1|Landorus-Therian, M|
|poke|p1|Nidoking, M|
|poke|p1|Urshifu-*, M|
|poke|p2|Garchomp, F|
|poke|p2|Ferrothorn, F|
|poke|p2|Clefable, F|
|poke|p2|Rotom-Wash|
|poke|p2|Tornadus-Therian, M|
|poke|p2|Weavile, M|
|teampreview
|inactive|zokua also wants the timer to be on.
|j| Adopted
|j| Julzb1300
|j| smoolicalt
|j| cypherstest
|c| smoolicalt|lickilicky in the finales
|j|%moondazing
|c| Julzb1300|gl
|inactive|DJ CRIB DEF has 120 seconds left.
|c|☆DJ CRIB DEF|hf
|j|%ian_yo
|
|t:|1666963545
|start
|switch|p1a: Lickilicky|Lickilicky, M|100/100
|switch|p2a: Weavile|Weavile, M|100/100
|-ability|p2a: Weavile|Pressure
|turn|1
|c| Julzb1300|Lickylicky is a GOD
|c| smoolicalt|it truly is
|
|t:|1666963556
|switch|p2a: Ferrothorn|Ferrothorn, F|100/100
|move|p1a: Lickilicky|Explosion|p2a: Ferrothorn
|-resisted|p2a: Ferrothorn
|-damage|p2a: Ferrothorn|52/100
|faint|p1a: Lickilicky
|
|-heal|p2a: Ferrothorn|58/100|[from] item: Leftovers
|upkeep
|c| smoolicalt|oh
|c|☆DJ CRIB DEF|i almost focus bunched
|inactive|DJ CRIB DEF has 120 seconds left.
|
|t:|1666963582
|switch|p1a: Urshifu|Urshifu-Rapid-Strike, M|100/100
|turn|2
|
|t:|1666963595
|switch|p2a: Tornadus|Tornadus-Therian, M|100/100
|move|p1a: Urshifu|U-turn|p2a: Tornadus
|-resisted|p2a: Tornadus
|-crit|p2a: Tornadus
|-damage|p2a: Tornadus|72/100
|
|t:|1666963602
|switch|p1a: Regieleki|Regieleki, shiny|100/100|[from]move: U-turn
|
|upkeep
|turn|3
|
|t:|1666963612
|switch|p2a: Garchomp|Garchomp, F|100/100
|move|p1a: Regieleki|Volt Switch|p2a: Garchomp
|-immune|p2a: Garchomp
|
|upkeep
|turn|4
|
|t:|1666963617
|switch|p1a: Landorus|Landorus-Therian, M|100/100
|-ability|p1a: Landorus|Intimidate|boost
|-unboost|p2a: Garchomp|atk|1
|move|p2a: Garchomp|Stealth Rock|p1a: Landorus
|-sidestart|p1: DJ CRIB DEF|move: Stealth Rock
|
|upkeep
|turn|5
|
|t:|1666963620
|switch|p2a: Ferrothorn|Ferrothorn, F|58/100
|move|p1a: Landorus|Toxic|p2a: Ferrothorn
|-immune|p2a: Ferrothorn
|
|-heal|p2a: Ferrothorn|64/100|[from] item: Leftovers
|upkeep
|turn|6
|
|t:|1666963622
|move|p1a: Landorus|Earthquake|p2a: Ferrothorn
|-damage|p2a: Ferrothorn|36/100
|move|p2a: Ferrothorn|Knock Off|p1a: Landorus
|-damage|p1a: Landorus|85/100
|-enditem|p1a: Landorus|Leftovers|[from] move: Knock Off|[of] p2a: Ferrothorn
|
|-heal|p2a: Ferrothorn|42/100|[from] item: Leftovers
|upkeep
|turn|7
|j| follower of Christ
|
|t:|1666963626
|move|p1a: Landorus|Earthquake|p2a: Ferrothorn
|-damage|p2a: Ferrothorn|14/100
|move|p2a: Ferrothorn|Leech Seed|p1a: Landorus
|-start|p1a: Landorus|move: Leech Seed
|
|-heal|p2a: Ferrothorn|20/100|[from] item: Leftovers
|-damage|p1a: Landorus|72/100|[from] Leech Seed|[of] p2a: Ferrothorn
|-heal|p2a: Ferrothorn|33/100|[silent]
|upkeep
|turn|8
|l| follower of Christ
|j| follower of Christ
|
|t:|1666963633
|switch|p1a: Nidoking|Nidoking, M|100/100
|-damage|p1a: Nidoking|95/100|[from] Stealth Rock
|switch|p2a: Rotom|Rotom-Wash|100/100
|
|upkeep
|turn|9
|
|t:|1666963638
|move|p1a: Nidoking|Sludge Wave|p2a: Rotom
|-damage|p2a: Rotom|41/100
|move|p2a: Rotom|Hydro Pump|p1a: Nidoking
|-supereffective|p1a: Nidoking
|-damage|p1a: Nidoking|0 fnt
|faint|p1a: Nidoking
|
|-heal|p2a: Rotom|47/100|[from] item: Leftovers
|upkeep
|
|t:|1666963641
|switch|p1a: Urshifu|Urshifu-Rapid-Strike, M|100/100
|-damage|p1a: Urshifu|94/100|[from] Stealth Rock
|turn|10
|
|t:|1666963647
|switch|p2a: Tornadus|Tornadus-Therian, M|100/100
|move|p1a: Urshifu|Close Combat|p2a: Tornadus
|-resisted|p2a: Tornadus
|-damage|p2a: Tornadus|49/100
|-unboost|p1a: Urshifu|def|1
|-unboost|p1a: Urshifu|spd|1
|
|upkeep
|turn|11
|
|t:|1666963657
|switch|p1a: Regieleki|Regieleki, shiny|100/100
|-damage|p1a: Regieleki|88/100|[from] Stealth Rock
|move|p2a: Tornadus|U-turn|p1a: Regieleki
|-damage|p1a: Regieleki|59/100
|
|t:|1666963661
|switch|p2a: Weavile|Weavile, M|100/100|[from]move: U-turn
|-ability|p2a: Weavile|Pressure
|
|upkeep
|turn|12
|
|t:|1666963667
|move|p2a: Weavile|Ice Shard|p1a: Regieleki
|-damage|p1a: Regieleki|2/100
|move|p1a: Regieleki|Volt Switch|p2a: Weavile
|-damage|p2a: Weavile|16/100
|
|t:|1666963673
|switch|p1a: Urshifu|Urshifu-Rapid-Strike, M|94/100|[from]move: Volt Switch
|-damage|p1a: Urshifu|88/100|[from] Stealth Rock
|
|upkeep
|turn|13
|
|t:|1666963677
|switch|p2a: Ferrothorn|Ferrothorn, F|33/100
|move|p1a: Urshifu|Surging Strikes|p2a: Ferrothorn
|-resisted|p2a: Ferrothorn
|-crit|p2a: Ferrothorn
|-damage|p2a: Ferrothorn|25/100
|-damage|p1a: Urshifu|76/100|[from] ability: Iron Barbs|[of] p2a: Ferrothorn
|-resisted|p2a: Ferrothorn
|-crit|p2a: Ferrothorn
|-damage|p2a: Ferrothorn|16/100
|-damage|p1a: Urshifu|64/100|[from] ability: Iron Barbs|[of] p2a: Ferrothorn
|-resisted|p2a: Ferrothorn
|-crit|p2a: Ferrothorn
|-damage|p2a: Ferrothorn|7/100
|-damage|p1a: Urshifu|51/100|[from] ability: Iron Barbs|[of] p2a: Ferrothorn
|-hitcount|p2a: Ferrothorn|3
|
|-heal|p2a: Ferrothorn|13/100|[from] item: Leftovers
|upkeep
|turn|14
|
|t:|1666963683
|move|p1a: Urshifu|Surging Strikes|p2a: Ferrothorn
|-resisted|p2a: Ferrothorn
|-crit|p2a: Ferrothorn
|-damage|p2a: Ferrothorn|4/100
|-damage|p1a: Urshifu|39/100|[from] ability: Iron Barbs|[of] p2a: Ferrothorn
|-resisted|p2a: Ferrothorn
|-crit|p2a: Ferrothorn
|-damage|p2a: Ferrothorn|0 fnt
|-damage|p1a: Urshifu|27/100|[from] ability: Iron Barbs|[of] p2a: Ferrothorn
|faint|p2a: Ferrothorn
|-hitcount|p2: Ferrothorn|2
|
|upkeep
|
|t:|1666963693
|switch|p2a: Tornadus|Tornadus-Therian, M|82/100
|turn|15
|
|t:|1666963695
|switch|p1a: Regieleki|Regieleki, shiny|2/100
|-damage|p1a: Regieleki|0 fnt|[from] Stealth Rock
|faint|p1a: Regieleki
|move|p2a: Tornadus|Hurricane|p1: Regieleki|[notarget]
|-fail|p2a: Tornadus
|
|upkeep
|
|t:|1666963697
|switch|p1a: Landorus|Landorus-Therian, M|72/100
|-damage|p1a: Landorus|60/100|[from] Stealth Rock
|-ability|p1a: Landorus|Intimidate|boost
|-unboost|p2a: Tornadus|atk|1
|turn|16
|
|t:|1666963700
|move|p2a: Tornadus|Taunt|p1a: Landorus
|-start|p1a: Landorus|move: Taunt
|cant|p1a: Landorus|move: Taunt|Toxic
|
|upkeep
|turn|17
|
|t:|1666963702
|move|p2a: Tornadus|Hurricane|p1a: Landorus
|-damage|p1a: Landorus|20/100
|move|p1a: Landorus|U-turn|p2a: Tornadus
|-resisted|p2a: Tornadus
|-damage|p2a: Tornadus|68/100
|c|☆DJ CRIB DEF|gg
|
|t:|1666963706
|switch|p1a: Urshifu|Urshifu-Rapid-Strike, M|100/100|[from]move: U-turn
|-damage|p1a: Urshifu|88/100|[from] Stealth Rock
|
|upkeep
|turn|18
|
|t:|1666963712
|move|p2a: Tornadus|U-turn|p1a: Urshifu
|-supereffective|p1a: Urshifu
|-damage|p1a: Urshifu|49/100
|replace|p1a: Zoroark|Zoroark, M, shiny
|-end|p1a: Zoroark|Illusion
|j| sufyss
|
|t:|1666963716
|switch|p2a: Rotom|Rotom-Wash|47/100|[from]move: U-turn
|move|p1a: Zoroark|Dark Pulse|p2a: Rotom
|-damage|p2a: Rotom|16/100
|
|-heal|p2a: Rotom|22/100|[from] item: Leftovers
|upkeep
|turn|19
|
|t:|1666963721
|switch|p2a: Clefable|Clefable, F|100/100
|move|p1a: Zoroark|Dark Pulse|p2a: Clefable
|-resisted|p2a: Clefable
|-damage|p2a: Clefable|81/100
|
|upkeep
|turn|20
|
|t:|1666963724
|move|p1a: Zoroark|Sludge Bomb|p2a: Clefable
|-supereffective|p2a: Clefable
|-damage|p2a: Clefable|24/100
|-status|p2a: Clefable|psn
|move|p2a: Clefable|Moonblast|p1a: Zoroark
|-supereffective|p1a: Zoroark
|-damage|p1a: Zoroark|0 fnt
|faint|p1a: Zoroark
|
|upkeep
|
|t:|1666963728
|switch|p1a: Urshifu|Urshifu-Rapid-Strike, M|27/100
|-damage|p1a: Urshifu|20/100|[from] Stealth Rock
|turn|21
|
|t:|1666963733
|switch|p2a: Garchomp|Garchomp, F|100/100
|move|p1a: Urshifu|Surging Strikes|p2a: Garchomp
|-crit|p2a: Garchomp
|-damage|p2a: Garchomp|70/100
|-damage|p1a: Urshifu|8/100|[from] ability: Rough Skin|[of] p2a: Garchomp
|-crit|p2a: Garchomp
|-damage|p2a: Garchomp|42/100
|-damage|p1a: Urshifu|0 fnt|[from] ability: Rough Skin|[of] p2a: Garchomp
|faint|p1a: Urshifu
|-hitcount|p2a: Garchomp|2
|
|-heal|p2a: Garchomp|48/100|[from] item: Leftovers
|upkeep
|
|t:|1666963735
|switch|p1a: Landorus|Landorus-Therian, M|20/100
|-damage|p1a: Landorus|8/100|[from] Stealth Rock
|-ability|p1a: Landorus|Intimidate|boost
|-unboost|p2a: Garchomp|atk|1
|turn|22
|
|t:|1666963738
|move|p2a: Garchomp|Scale Shot|p1a: Landorus|[miss]
|-miss|p2a: Garchomp|p1a: Landorus
|move|p1a: Landorus|Earthquake|p2a: Garchomp
|-damage|p2a: Garchomp|2/100
|
|-heal|p2a: Garchomp|8/100|[from] item: Leftovers
|upkeep
|turn|23
|
|t:|1666963741
|move|p2a: Garchomp|Scale Shot|p1a: Landorus
|-damage|p1a: Landorus|1/100
|-damage|p1a: Landorus|0 fnt
|faint|p1a: Landorus
|-hitcount|p1: Landorus|2
|
|win|zokua
|n|☆DJ CRIB DEF|djcribdef
|n|‽zokua|zokua
|n| Adopted|adopted
|n| Julzb1300|julzb1300
|n| smoolicalt|smoolicalt
|n| cypherstest|cypherstest
|n|+moondazing|moondazing
|n| ian_yo|ianyo
|n| follower of Christ|followerofchrist
|n| sufyss|sufyss
