|j|☆Lou dort
|j|☆brianortegachoice
|t:|1659997868
|gametype|singles
|player|p1|Lou dort|nate|
|player|p2|brianortegachoice|acetrainer-gen4|
|teamsize|p1|6
|teamsize|p2|6
|gen|8
|tier|[Gen 8] OU
|rule|Sleep Clause Mod: Limit one foe put to sleep
|rule|Species Clause: Limit one of each Pokémon
|rule|OHKO Clause: OHKO moves are banned
|rule|Evasion Items Clause: Evasion items are banned
|rule|Evasion Moves Clause: Evasion moves are banned
|rule|Endless Battle Clause: Forcing endless battles is banned
|rule|HP Percentage Mod: HP is shown in percentages
|rule|Dynamax Clause: You cannot dynamax
|clearpoke
|poke|p1|Slowbro, M|
|poke|p1|Corviknight, M|
|poke|p1|Nidoking, M|
|poke|p1|Tapu Koko|
|poke|p1|Clefable, M|
|poke|p1|Tyranitar, M|
|poke|p2|Ferrothorn, F|
|poke|p2|Grimmsnarl, M|
|poke|p2|Dragapult, F|
|poke|p2|Gyarados, M|
|poke|p2|Garchomp, F|
|poke|p2|Blaziken, M|
|teampreview
|inactive|Battle timer is ON: inactive players will automatically lose when time's up. (requested by brianortegachoice)
|inactive|Lou dort also wants the timer to be on.
|c|☆brianortegachoice|gg, I win
|c|☆brianortegachoice|lol
|c|☆brianortegachoice|I know this team
|c|☆Lou dort|ok
|c|☆Lou dort|me too
|j| luminarie
|j| Rubiaa
|c|☆Lou dort|what are my sets then
|c|☆Lou dort|pls tell me
|c| Rubiaa|LMAO
|inactive|Lou dort has 270 seconds left.
|inactive|brianortegachoice has 270 seconds left.
|c| Rubiaa|and u brung the same team
|c|☆brianortegachoice|*bring
|c| luminarie|"i know this team" he says while loading grimmsnarl screens for the 4th time
|c| Rubiaa|exactly
|c|☆brianortegachoice|don't worry you'll get good at english one day
|c| luminarie|i think lou knows urs too
|inactive|brianortegachoice has 240 seconds left.
|c| Rubiaa|exactly
|inactive|Lou dort has 240 seconds left.
|c|☆Lou dort|yo can u hold on just a moment
|c|☆brianortegachoice|difference is it won't change his fate
|c|☆Lou dort|i have to piss
|inactive|Lou dort no longer wants the timer on, but the timer is staying on because brianortegachoice still does.
|c|☆Lou dort|turn off timer
|c| Rubiaa|it prob does tbh
|c|☆brianortegachoice|wait he actually ran away ?
|c| luminarie|he's taking a piss bro x_x
|c|☆brianortegachoice|I don't wanna win like this
|c|☆Lou dort|bro i have to use the bathroom turn off the timer
|inactive|Lou dort has 210 seconds left.
|c| Rubiaa|hes going to pee you dumbass
|c|☆brianortegachoice|you better be quick or ask nicely
|c| luminarie|if u dont wanna win like this then turn timer off lol
|c|☆brianortegachoice|nah I'm good
|c| Rubiaa|exactly
|c|☆brianortegachoice|a W is a W
|c| Rubiaa|turn off timer
|j| ProGar65
|c| luminarie|ok so im gonna disqualify u if u dont
|inactive|Lou dort has 180 seconds left.
|c| luminarie|pause it
|c| ProGar65|I’m here
|c|☆brianortegachoice|nice biased judging lum
|c| Rubiaa|yea, luminarie can do that too
|c| luminarie|its not biased
|c| Rubiaa|hes mod
|c| luminarie|its fair
|c|☆brianortegachoice|oh it is
|c| luminarie|i would do the same for u
|inactive|Lou dort has 150 seconds left.
|c| luminarie|i dont want anybody winning by the timer running out
|c| Rubiaa|turn off timer rn
|c| Rubiaa|or we're dq'ing u
|c|☆brianortegachoice|difference is I went to toilet like two times before last game
|c| luminarie|ok?
|c| Rubiaa|and banning u from the server forever
|inactive|Lou dort has 120 seconds left.
|c| luminarie|i dont see how that matters bro
|c|☆Lou dort|back
|
|t:|1659998060
|start
|switch|p1a: Clefable|Clefable, M|100/100
|switch|p2a: Garchomp|Garchomp, F|100/100
|turn|1
|c| Rubiaa|alr cool
|c| Rubiaa|he didnt even turn off timer
|inactive|Lou dort has 180 seconds left.
|c| ProGar65|Lead chomp
|c| Rubiaa|what a pussy
|c|☆brianortegachoice|you can ban be but you're not gonna con me into giving your friend the W
|c|☆brianortegachoice|dipshits
|c| Rubiaa|stfu
|c| ProGar65|predicting it rn
|c| ProGar65|lead chomp
|c| luminarie|jesus christ
|c|☆Lou dort|turning off the timer
|c| luminarie|turning off timer isnt conning u into anything
|c| luminarie|do u think u lose the game bc u turn off timer
|c|☆Lou dort|doesnt give an instant win
|
|t:|1659998088
|switch|p2a: Ferrothorn|Ferrothorn, F|100/100
|switch|p1a: Corviknight|Corviknight, M|100/100
|-ability|p1a: Corviknight|Pressure
|
|upkeep
|turn|2
|c|☆Lou dort|he does
|c|☆brianortegachoice|you're not gonna threaten me like that
|c|☆Lou dort|cuz its his only way of winning
|c|☆brianortegachoice|it's a game I know and I was gonna turn it off
|inactive|brianortegachoice has 270 seconds left.
|c| luminarie|if u dont want to play by the rules u will get sanctioned
|c|☆brianortegachoice|but then you go and say it rudely I didn't want to anymore
|c| luminarie|dont @ me about threats
|c| Rubiaa|hey brianortegachoice. after this loss your gonna take im kicking you out of the server and the tourney bc you alr took 2 L's after this
|c| luminarie|u been talkin shit for days
|c|☆brianortegachoice|what rules are that ?
|inactive|Lou dort has 150 seconds left.
|c|☆brianortegachoice|I didn't read anywhere that I had to
|c| luminarie|play the game
|c| luminarie|discuss after
|
|t:|1659998146
|switch|p1a: Nidoking|Nidoking, M|100/100
|move|p2a: Ferrothorn|Thunder Wave|p1a: Nidoking
|-immune|p1a: Nidoking
|
|upkeep
|turn|3
|c| Rubiaa|you. are. a. true. dumbass. brianortegachoice.
|c| Rubiaa|predicted
|c|☆Lou dort|☆brianortegachoice: what rules are that ?
|inactive|brianortegachoice has 240 seconds left.
|c| luminarie|the common courtesy rule
|c|☆Lou dort|nono
|c|☆Lou dort|☆brianortegachoice: don't worry you'll get good at english one day
|
|t:|1659998174
|switch|p2a: Gyarados|Gyarados, M|100/100
|move|p1a: Nidoking|Flamethrower|p2a: Gyarados
|-resisted|p2a: Gyarados
|-damage|p2a: Gyarados|78/100
|
|upkeep
|turn|4
|c|☆brianortegachoice|you keep coming up with rules to this thing to help your guys win
|inactive|brianortegachoice has 240 seconds left.
|c|☆Lou dort|talks about being good at english
|inactive|Lou dort has 120 seconds left.
|c|☆brianortegachoice|this isn't even funny anymore
|c|☆Lou dort|then makes a grammar mistake
|c| luminarie|idk what rules ur talkin about bro
|
|t:|1659998196
|switch|p1a: Slowbro|Slowbro, M|100/100
|move|p2a: Gyarados|Dragon Dance|p2a: Gyarados
|-boost|p2a: Gyarados|atk|1
|-boost|p2a: Gyarados|spe|1
|
|upkeep
|turn|5
|c| luminarie|sounding delusional now
|inactive|brianortegachoice has 240 seconds left.
|
|t:|1659998209
|switch|p2a: Grimmsnarl|Grimmsnarl, M|100/100
|move|p1a: Slowbro|Scald|p2a: Grimmsnarl
|-damage|p2a: Grimmsnarl|78/100
|-status|p2a: Grimmsnarl|brn
|
|-damage|p2a: Grimmsnarl|72/100 brn|[from] brn
|upkeep
|turn|6
|
|t:|1659998213
|move|p2a: Grimmsnarl|Light Screen|p2a: Grimmsnarl
|-sidestart|p2: brianortegachoice|move: Light Screen
|move|p1a: Slowbro|Teleport|p1a: Slowbro
|
|t:|1659998218
|switch|p1a: Corviknight|Corviknight, M|100/100|[from]move: Teleport
|-ability|p1a: Corviknight|Pressure
|
|-damage|p2a: Grimmsnarl|66/100 brn|[from] brn
|upkeep
|turn|7
|c| Rubiaa|shut the fuck up brianortega choice. lou dort came all the way down to losers bracket to give u an ass beating
|c| Rubiaa|how u feel about dat?
|inactive|brianortegachoice has 240 seconds left.
|c|☆brianortegachoice|who's this ignored user talking ?
|l| ProGar65
|c| Rubiaa|L bozo
|c| Rubiaa|we smoking yo pack after dis
|c|☆Lou dort|clearly u didnt ignore Rubiaa if u knew they messaged
|inactive|Lou dort has 120 seconds left.
|
|t:|1659998260
|move|p2a: Grimmsnarl|Reflect|p2a: Grimmsnarl
|-sidestart|p2: brianortegachoice|Reflect
|move|p1a: Corviknight|Defog|p2a: Grimmsnarl
|-unboost|p2a: Grimmsnarl|evasion|1
|-sideend|p2: brianortegachoice|Reflect
|-sideend|p2: brianortegachoice|move: Light Screen
|
|-damage|p2a: Grimmsnarl|60/100 brn|[from] brn
|upkeep
|turn|8
|inactive|brianortegachoice has 240 seconds left.
|c| Rubiaa|exactly
|
|t:|1659998268
|switch|p1a: Nidoking|Nidoking, M|100/100
|move|p2a: Grimmsnarl|Taunt|p1a: Nidoking
|-start|p1a: Nidoking|move: Taunt
|
|-damage|p2a: Grimmsnarl|54/100 brn|[from] brn
|upkeep
|turn|9
|c| Rubiaa|wow, your gonna taunt
|c| Rubiaa|so predictable
|c| Rubiaa|LMAO
|
|t:|1659998275
|move|p2a: Grimmsnarl|Light Screen|p2a: Grimmsnarl
|-sidestart|p2: brianortegachoice|move: Light Screen
|move|p1a: Nidoking|Sludge Wave|p2a: Grimmsnarl
|-supereffective|p2a: Grimmsnarl
|-damage|p2a: Grimmsnarl|7/100 brn
|
|-damage|p2a: Grimmsnarl|1/100 brn|[from] brn
|upkeep
|turn|10
|c| luminarie|dead grimm
|c| Rubiaa|smoking that grimm pack
|
|t:|1659998287
|switch|p2a: Blaziken|Blaziken, M, shiny|100/100
|move|p1a: Nidoking|Flamethrower|p2a: Blaziken
|-resisted|p2a: Blaziken
|-damage|p2a: Blaziken|86/100
|
|-heal|p2a: Blaziken|92/100|[from] item: Leftovers
|-end|p1a: Nidoking|move: Taunt
|upkeep
|turn|11
|inactive|brianortegachoice has 240 seconds left.
|
|t:|1659998305
|switch|p1a: Slowbro|Slowbro, M|100/100
|move|p2a: Blaziken|Flare Blitz|p1a: Slowbro
|-resisted|p1a: Slowbro
|-damage|p1a: Slowbro|81/100
|-damage|p2a: Blaziken|76/100|[from] item: Rocky Helmet|[of] p1a: Slowbro
|-damage|p2a: Blaziken|67/100|[from] Recoil
|
|-heal|p2a: Blaziken|73/100|[from] item: Leftovers
|-ability|p2a: Blaziken|Speed Boost|boost
|-boost|p2a: Blaziken|spe|1
|upkeep
|turn|12
|c|☆Lou dort|bozo running no sd eq ken
|inactive|Lou dort has 150 seconds left.
|
|t:|1659998315
|switch|p2a: Ferrothorn|Ferrothorn, F|100/100
|move|p1a: Slowbro|Teleport|p1a: Slowbro
|
|t:|1659998319
|switch|p1a: Tyranitar|Tyranitar, M|100/100|[from]move: Teleport
|-weather|Sandstorm|[from] ability: Sand Stream|[of] p1a: Tyranitar
|
|-weather|Sandstorm|[upkeep]
|upkeep
|turn|13
|
|t:|1659998327
|move|p1a: Tyranitar|Fire Punch|p2a: Ferrothorn
|-supereffective|p2a: Ferrothorn
|-damage|p2a: Ferrothorn|0 fnt
|-damage|p1a: Tyranitar|88/100|[from] ability: Iron Barbs|[of] p2a: Ferrothorn
|-damage|p1a: Tyranitar|72/100|[from] item: Rocky Helmet|[of] p2a: Ferrothorn
|faint|p2a: Ferrothorn
|
|-weather|Sandstorm|[upkeep]
|upkeep
|c|☆Lou dort|bozo sacked his ferro
|c| Rubiaa|im ngl bro ik you're annoying when you got Luminarie texting back to u
|c| Rubiaa|x.x
|
|t:|1659998344
|switch|p2a: Garchomp|Garchomp, F|100/100
|turn|14
|c| luminarie|im hard to annoy ngl
|c| Rubiaa|exactly
|inactive|brianortegachoice has 240 seconds left.
|c|☆Lou dort|pick a move holy shit
|c| Rubiaa|bro not even talking no mo
|c|☆brianortegachoice|shut up
|inactive|brianortegachoice has 210 seconds left.
|
|t:|1659998391
|switch|p1a: Corviknight|Corviknight, M|100/100
|-ability|p1a: Corviknight|Pressure
|move|p2a: Garchomp|Swords Dance|p2a: Garchomp
|-boost|p2a: Garchomp|atk|2
|
|-weather|Sandstorm|[upkeep]
|upkeep
|turn|15
|c| Rubiaa|shut yo bitch ass up and play the game
|
|t:|1659998400
|move|p2a: Garchomp|Scale Shot|p1a: Corviknight
|-resisted|p1a: Corviknight
|-damage|p1a: Corviknight|89/100
|-resisted|p1a: Corviknight
|-damage|p1a: Corviknight|77/100
|-resisted|p1a: Corviknight
|-damage|p1a: Corviknight|65/100
|-hitcount|p1a: Corviknight|3
|-unboost|p2a: Garchomp|def|1
|-boost|p2a: Garchomp|spe|1
|-damage|p2a: Garchomp|91/100|[from] item: Life Orb
|move|p1a: Corviknight|Brave Bird|p2a: Garchomp
|-damage|p2a: Garchomp|35/100
|-damage|p1a: Corviknight|53/100|[from] ability: Rough Skin|[of] p2a: Garchomp
|-damage|p1a: Corviknight|37/100|[from] Recoil
|
|-weather|Sandstorm|[upkeep]
|upkeep
|turn|16
|
|t:|1659998408
|move|p2a: Garchomp|Scale Shot|p1a: Corviknight
|-resisted|p1a: Corviknight
|-damage|p1a: Corviknight|26/100
|-resisted|p1a: Corviknight
|-damage|p1a: Corviknight|15/100
|-resisted|p1a: Corviknight
|-damage|p1a: Corviknight|4/100
|-resisted|p1a: Corviknight
|-damage|p1a: Corviknight|0 fnt
|faint|p1a: Corviknight
|-hitcount|p1: Corviknight|4
|-unboost|p2a: Garchomp|def|1
|-boost|p2a: Garchomp|spe|1
|-damage|p2a: Garchomp|25/100|[from] item: Life Orb
|
|-weather|none
|-sideend|p2: brianortegachoice|move: Light Screen
|upkeep
|
|t:|1659998413
|switch|p1a: Slowbro|Slowbro, M|100/100
|turn|17
|
|t:|1659998417
|move|p2a: Garchomp|Earthquake|p1a: Slowbro
|-damage|p1a: Slowbro|4/100
|-damage|p2a: Garchomp|16/100|[from] item: Life Orb
|move|p1a: Slowbro|Scald|p2a: Garchomp
|-damage|p2a: Garchomp|0 fnt
|faint|p2a: Garchomp
|
|upkeep
|
|t:|1659998421
|switch|p2a: Grimmsnarl|Grimmsnarl, M|1/100 brn
|turn|18
|
|t:|1659998424
|move|p2a: Grimmsnarl|Sucker Punch||[still]
|-fail|p2a: Grimmsnarl
|move|p1a: Slowbro|Teleport|p1a: Slowbro
|c|☆Lou dort|LMFAO
|c| Rubiaa|free teleporty
|c| Rubiaa|dumbass
|
|t:|1659998436
|switch|p1a: Nidoking|Nidoking, M|100/100|[from]move: Teleport
|
|-damage|p2a: Grimmsnarl|0 fnt|[from] brn
|faint|p2a: Grimmsnarl
|upkeep
|c|☆brianortegachoice|ok mr.forfeit
|c| Rubiaa|i was using CM clef
|c| Rubiaa|oh yeah
|
|t:|1659998453
|switch|p2a: Gyarados|Gyarados, M|78/100
|turn|19
|
|t:|1659998458
|switch|p1a: Slowbro|Slowbro, M|37/100
|move|p2a: Gyarados|Dragon Dance|p2a: Gyarados
|-boost|p2a: Gyarados|atk|1
|-boost|p2a: Gyarados|spe|1
|
|upkeep
|turn|20
|c| Rubiaa|werent u tryna practice for dis tournament?
|
|t:|1659998466
|switch|p1a: Clefable|Clefable, M|100/100
|move|p2a: Gyarados|Earthquake|p1a: Clefable
|-damage|p1a: Clefable|55/100
|
|-heal|p1a: Clefable|61/100|[from] item: Leftovers
|upkeep
|turn|21
|c| Rubiaa|LMAO
|
|t:|1659998474
|move|p2a: Gyarados|Waterfall|p1a: Clefable
|-damage|p1a: Clefable|3/100
|move|p1a: Clefable|Thunder Wave|p2a: Gyarados
|-status|p2a: Gyarados|par
|
|-heal|p1a: Clefable|9/100|[from] item: Leftovers
|upkeep
|turn|22
|c|☆Lou dort|gg
|
|t:|1659998478
|move|p2a: Gyarados|Waterfall|p1a: Clefable
|-damage|p1a: Clefable|0 fnt
|faint|p1a: Clefable
|-ability|p2a: Gyarados|Moxie|boost
|-boost|p2a: Gyarados|atk|1
|
|upkeep
|c|☆brianortegachoice|gg, I win
|c| Rubiaa|gg, you lose dumbass
|
|t:|1659998486
|switch|p1a: Tapu Koko|Tapu Koko|100/100
|-fieldstart|move: Electric Terrain|[from] ability: Electric Surge|[of] p1a: Tapu Koko
|turn|23
|c| Rubiaa|he goes koko
|c| luminarie|homie said gg i win
|c| Rubiaa|look at dat, bro thought he won
|c| Rubiaa|why so quiet bitch boy?
|inactive|brianortegachoice has 270 seconds left.
|
|t:|1659998507
|move|p1a: Tapu Koko|Thunderbolt|p2a: Gyarados
|-supereffective|p2a: Gyarados
|-damage|p2a: Gyarados|0 fnt
|faint|p2a: Gyarados
|
|upkeep
|c|☆Lou dort|no way
|inactive|brianortegachoice has 270 seconds left.
|c|☆brianortegachoice|paralysis
|c|☆Lou dort|hes down 4-3
|c| Rubiaa|thats why your gyarados dead ash
|c|☆Lou dort|and said i win
|c|☆brianortegachoice|this is where I would have typed wp but you're so annoying
|j| ProGar65
|c| Rubiaa|your ferrothorn grimmsnarl garchomp and gyarados need a better trainer
|inactive|brianortegachoice has 240 seconds left.
|c|☆Lou dort|too bad youre banned tho
|c| Rubiaa|we smoking they ashes too
|c|☆brianortegachoice|Rubiaa I was thinking of facing you that's why I said that lol
|
|t:|1659998550
|switch|p2a: Blaziken|Blaziken, M, shiny|73/100
|turn|24
|c| Rubiaa|youcant
|inactive|brianortegachoice has 240 seconds left.
|c| ProGar65|This is chaotic
|
|t:|1659998559
|switch|p1a: Slowbro|Slowbro, M|70/100
|move|p2a: Blaziken|Protect||[still]
|-fail|p2a: Blaziken
|
|-heal|p2a: Blaziken|79/100|[from] item: Leftovers
|-ability|p2a: Blaziken|Speed Boost|boost
|-boost|p2a: Blaziken|spe|1
|upkeep
|turn|25
|c| luminarie|yeee thats the play
|c| luminarie|knew it lmao
|c| Rubiaa|your out of the tournament after this bc u took 2 L's
|
|t:|1659998568
|move|p2a: Blaziken|Earthquake|p1a: Slowbro
|-damage|p1a: Slowbro|49/100
|move|p1a: Slowbro|Teleport|p1a: Slowbro
|c| Rubiaa|ohh nah
|c| luminarie|bro lookin healthy again
|
|t:|1659998576
|switch|p1a: Tyranitar|Tyranitar, M|72/100|[from]move: Teleport
|-weather|Sandstorm|[from] ability: Sand Stream|[of] p1a: Tyranitar
|
|-weather|Sandstorm|[upkeep]
|-damage|p2a: Blaziken|73/100|[from] Sandstorm
|-heal|p2a: Blaziken|79/100|[from] item: Leftovers
|-ability|p2a: Blaziken|Speed Boost|boost
|-boost|p2a: Blaziken|spe|1
|upkeep
|turn|26
|c| luminarie|lookin well fed
|
|t:|1659998585
|switch|p1a: Slowbro|Slowbro, M|82/100
|move|p2a: Blaziken|Close Combat|p1a: Slowbro
|-resisted|p1a: Slowbro
|-damage|p1a: Slowbro|61/100
|-unboost|p2a: Blaziken|def|1
|-unboost|p2a: Blaziken|spd|1
|-damage|p2a: Blaziken|62/100|[from] item: Rocky Helmet|[of] p1a: Slowbro
|
|-weather|Sandstorm|[upkeep]
|-damage|p2a: Blaziken|56/100|[from] Sandstorm
|-damage|p1a: Slowbro|54/100|[from] Sandstorm
|-heal|p2a: Blaziken|62/100|[from] item: Leftovers
|-ability|p2a: Blaziken|Speed Boost|boost
|-boost|p2a: Blaziken|spe|1
|upkeep
|turn|27
|c| Rubiaa|lou dorts disrespectful
|c|☆Lou dort|no not really
|c| Rubiaa|hes toying with him
|c|☆Lou dort|i thought he would go hard pult
|c| Rubiaa|L,AO
|c|☆Lou dort|on bro
|c| Rubiaa|*LMAO
|
|t:|1659998604
|move|p2a: Blaziken|Earthquake|p1a: Slowbro
|-damage|p1a: Slowbro|33/100
|move|p1a: Slowbro|Teleport|p1a: Slowbro
|c| luminarie|he def just playin it safe
|
|t:|1659998610
|switch|p1a: Tapu Koko|Tapu Koko|100/100|[from]move: Teleport
|
|-weather|Sandstorm|[upkeep]
|-damage|p2a: Blaziken|56/100|[from] Sandstorm
|-damage|p1a: Tapu Koko|94/100|[from] Sandstorm
|-heal|p2a: Blaziken|62/100|[from] item: Leftovers
|-fieldend|move: Electric Terrain
|-ability|p2a: Blaziken|Speed Boost|boost
|-boost|p2a: Blaziken|spe|1
|upkeep
|turn|28
|c|☆brianortegachoice|nice stalling
|c| Rubiaa|yep
|inactive|brianortegachoice has 270 seconds left.
|
|t:|1659998620
|switch|p1a: Slowbro|Slowbro, M|66/100
|move|p2a: Blaziken|Close Combat|p1a: Slowbro
|-resisted|p1a: Slowbro
|-damage|p1a: Slowbro|45/100
|-unboost|p2a: Blaziken|def|1
|-unboost|p2a: Blaziken|spd|1
|-damage|p2a: Blaziken|46/100|[from] item: Rocky Helmet|[of] p1a: Slowbro
|
|-weather|Sandstorm|[upkeep]
|-damage|p2a: Blaziken|40/100|[from] Sandstorm
|-damage|p1a: Slowbro|39/100|[from] Sandstorm
|-heal|p2a: Blaziken|46/100|[from] item: Leftovers
|-ability|p2a: Blaziken|Speed Boost|boost
|-boost|p2a: Blaziken|spe|1
|upkeep
|turn|29
|c| ProGar65|Bruh
|c| luminarie|koko nido stall B)
|
|t:|1659998627
|move|p2a: Blaziken|Earthquake|p1a: Slowbro
|-damage|p1a: Slowbro|15/100
|move|p1a: Slowbro|Slack Off|p1a: Slowbro
|-heal|p1a: Slowbro|65/100
|
|-weather|none
|-heal|p2a: Blaziken|52/100|[from] item: Leftovers
|-ability|p2a: Blaziken|Speed Boost|boost
|-boost|p2a: Blaziken|spe|1
|upkeep
|turn|30
|c| luminarie|my favorite kind
|c| ProGar65|lou dort just end his misery
|c| Rubiaa|if u didnt know, this is how we play pokemon
|c| Rubiaa|LMAO
|c|☆Lou dort|im playing it safe
|c|☆Lou dort|jsut incase he goes pult
|c| luminarie|ye
|c|☆Lou dort|*just
|
|t:|1659998644
|switch|p2a: Dragapult|Dragapult, F|100/100
|move|p1a: Slowbro|Teleport|p1a: Slowbro
|
|t:|1659998646
|switch|p1a: Tyranitar|Tyranitar, M|72/100|[from]move: Teleport
|-weather|Sandstorm|[from] ability: Sand Stream|[of] p1a: Tyranitar
|
|-weather|Sandstorm|[upkeep]
|-damage|p2a: Dragapult|95/100|[from] Sandstorm
|upkeep
|turn|31
|c| ProGar65|Oh ok
|c| Rubiaa|caught his ass
|
|t:|1659998661
|move|p2a: Dragapult|Dragon Darts|p1a: Tyranitar
|-damage|p1a: Tyranitar|51/100
|-anim|p2a: Dragapult|Dragon Darts|p1a: Tyranitar
|-damage|p1a: Tyranitar|30/100
|move|p1a: Tyranitar|Crunch|p2a: Dragapult
|-supereffective|p2a: Dragapult
|-damage|p2a: Dragapult|0 fnt
|faint|p2a: Dragapult
|
|-weather|Sandstorm|[upkeep]
|upkeep
|c| Rubiaa|SMOKING THAT BRIAN [ACK
|
|t:|1659998665
|switch|p2a: Blaziken|Blaziken, M, shiny|52/100
|turn|32
|c| Rubiaa|YO DRAGAPULT dead ass hell
|
|t:|1659998676
|switch|p1a: Slowbro|Slowbro, M|99/100
|move|p2a: Blaziken|Earthquake|p1a: Slowbro
|-damage|p1a: Slowbro|75/100
|
|-weather|Sandstorm|[upkeep]
|-damage|p2a: Blaziken|46/100|[from] Sandstorm
|-damage|p1a: Slowbro|68/100|[from] Sandstorm
|-heal|p2a: Blaziken|52/100|[from] item: Leftovers
|-ability|p2a: Blaziken|Speed Boost|boost
|-boost|p2a: Blaziken|spe|1
|upkeep
|turn|33
|c| luminarie|thats a wrap
|
|t:|1659998685
|move|p2a: Blaziken|Protect|p2a: Blaziken
|-singleturn|p2a: Blaziken|Protect
|move|p1a: Slowbro|Scald|p2a: Blaziken
|-activate|p2a: Blaziken|move: Protect
|
|-weather|Sandstorm|[upkeep]
|-damage|p2a: Blaziken|46/100|[from] Sandstorm
|-damage|p1a: Slowbro|62/100|[from] Sandstorm
|-heal|p2a: Blaziken|52/100|[from] item: Leftovers
|-ability|p2a: Blaziken|Speed Boost|boost
|-boost|p2a: Blaziken|spe|1
|upkeep
|turn|34
|c| Rubiaa|wrapped up and packed up
|c| ProGar65|Yup
|c| Rubiaa|ggez
|
|t:|1659998696
|move|p2a: Blaziken|Earthquake|p1a: Slowbro
|-damage|p1a: Slowbro|38/100
|move|p1a: Slowbro|Scald|p2a: Blaziken
|-supereffective|p2a: Blaziken
|-damage|p2a: Blaziken|0 fnt
|faint|p2a: Blaziken
|
|win|Lou dort
|c| ProGar65|thays a wrap
|c|☆Lou dort|gg
|c| Rubiaa|alr so lemme get this replay rq
|c|☆Lou dort|bye bye
|c|☆brianortegachoice|gg
|c| Rubiaa|then ban him
|c| Rubiaa|gg
|c| ProGar65|Ok
|l|☆Lou dort
|c| Rubiaa|get tf out of here brian
|c|☆brianortegachoice|fuck all of you
|c| Rubiaa|shit face
|c| Rubiaa|bye bye
|l| ProGar65
|l| luminarie
|c|☆brianortegachoice|you're a dumbass motherfucker
