|j|☆chen_233
|j|☆Bloody Busybody
|t:|1664198908
|gametype|singles
|player|p1|chen_233|dawn-gen4pt|1596
|player|p2|Bloody Busybody|bugcatcher|1812
|teamsize|p1|6
|teamsize|p2|6
|gen|8
|tier|[Gen 8] OU
|rated|
|rule|Sleep Clause Mod: Limit one foe put to sleep
|rule|Species Clause: Limit one of each Pokémon
|rule|OHKO Clause: OHKO moves are banned
|rule|Evasion Items Clause: Evasion items are banned
|rule|Evasion Moves Clause: Evasion moves are banned
|rule|Endless Battle Clause: Forcing endless battles is banned
|rule|HP Percentage Mod: HP is shown in percentages
|rule|Dynamax Clause: You cannot dynamax
|clearpoke
|poke|p1|Lycanroc-Dusk, M|
|poke|p1|Blaziken, M|
|poke|p1|Charizard, F|
|poke|p1|Grimmsnarl, M|
|poke|p1|Snorlax, F|
|poke|p1|Kartana|
|poke|p2|Volcanion|
|poke|p2|Corviknight, F|
|poke|p2|Mamoswine, M|
|poke|p2|Blissey, F|
|poke|p2|Rillaboom, M|
|poke|p2|Hydreigon, F|
|teampreview
|inactive|Battle timer is ON: inactive players will automatically lose when time's up. (requested by chen_233)
|
|t:|1664198926
|start
|switch|p1a: Lycanroc|Lycanroc-Dusk, M, shiny|100/100
|switch|p2a: Volcanion|Volcanion|100/100
|turn|1
|
|t:|1664198949
|switch|p2a: Corviknight|Corviknight, F|100/100
|-ability|p2a: Corviknight|Pressure
|move|p1a: Lycanroc|Stealth Rock|p2a: Corviknight
|-sidestart|p2: Bloody Busybody|move: Stealth Rock
|
|upkeep
|turn|2
|
|t:|1664198952
|move|p1a: Lycanroc|Taunt|p2a: Corviknight
|-start|p2a: Corviknight|move: Taunt
|move|p2a: Corviknight|Body Press|p1a: Lycanroc
|-supereffective|p1a: Lycanroc
|-damage|p1a: Lycanroc|9/100
|
|upkeep
|turn|3
|
|t:|1664198956
|move|p1a: Lycanroc|Endeavor|p2a: Corviknight
|-damage|p2a: Corviknight|7/100
|-damage|p1a: Lycanroc|0 fnt|[from] item: Rocky Helmet|[of] p2a: Corviknight
|faint|p1a: Lycanroc
|move|p2a: Corviknight|Body Press|p1: Lycanroc|[notarget]
|-fail|p2a: Corviknight
|
|upkeep
|
|t:|1664198962
|switch|p1a: Kartana|Kartana|100/100
|turn|4
|
|t:|1664198968
|move|p1a: Kartana|Swords Dance|p1a: Kartana
|-boost|p1a: Kartana|atk|2
|move|p2a: Corviknight|Body Press|p1a: Kartana
|-supereffective|p1a: Kartana
|-damage|p1a: Kartana|55/100
|
|-end|p2a: Corviknight|move: Taunt
|upkeep
|turn|5
|
|t:|1664198974
|move|p1a: Kartana|Knock Off|p2a: Corviknight
|-damage|p2a: Corviknight|0 fnt
|-enditem|p2a: Corviknight|Rocky Helmet|[from] move: Knock Off|[of] p1a: Kartana
|faint|p2a: Corviknight
|-ability|p1a: Kartana|Beast Boost|boost
|-boost|p1a: Kartana|spe|1
|
|upkeep
|
|t:|1664198980
|switch|p2a: Rillaboom|Rillaboom, M|100/100
|-damage|p2a: Rillaboom|88/100|[from] Stealth Rock
|-fieldstart|move: Grassy Terrain|[from] ability: Grassy Surge|[of] p2a: Rillaboom
|turn|6
|
|t:|1664198983
|move|p1a: Kartana|Knock Off|p2a: Rillaboom
|-damage|p2a: Rillaboom|21/100
|-enditem|p2a: Rillaboom|Choice Band|[from] move: Knock Off|[of] p1a: Kartana
|move|p2a: Rillaboom|Knock Off|p1a: Kartana
|-damage|p1a: Kartana|26/100
|-enditem|p1a: Kartana|Protective Pads|[from] move: Knock Off|[of] p2a: Rillaboom
|
|-heal|p1a: Kartana|32/100|[from] Grassy Terrain
|-heal|p2a: Rillaboom|27/100|[from] Grassy Terrain
|upkeep
|turn|7
|
|t:|1664198989
|move|p1a: Kartana|Knock Off|p2a: Rillaboom
|-damage|p2a: Rillaboom|0 fnt
|faint|p2a: Rillaboom
|-ability|p1a: Kartana|Beast Boost|boost
|-boost|p1a: Kartana|spe|1
|
|-heal|p1a: Kartana|38/100|[from] Grassy Terrain
|upkeep
|-message|Bloody Busybody forfeited.
|
|win|chen_233
|raw|chen_233's rating: 1596 &rarr; <strong>1627</strong><br />(+31 for winning)
|raw|Bloody Busybody's rating: 1812 &rarr; <strong>1781</strong><br />(-31 for losing)
|l|☆Bloody Busybody
||Ladder isn't responding, score probably updated but might not have (Request timeout).
