|j|☆LT91BB Theoko
|j|☆Oryen
|inactive|Battle timer is ON: inactive players will automatically lose when time's up.
|t:|1659115877
|gametype|singles
|player|p1|LT91BB Theoko|juggler|
|player|p2|Oryen|266|
|teamsize|p1|6
|teamsize|p2|6
|gen|8
|tier|[Gen 8] OU
|rated|Tournament battle
|rule|Sleep Clause Mod: Limit one foe put to sleep
|rule|Species Clause: Limit one of each Pokémon
|rule|OHKO Clause: OHKO moves are banned
|rule|Evasion Moves Clause: Evasion moves are banned
|rule|Endless Battle Clause: Forcing endless battles is banned
|rule|HP Percentage Mod: HP is shown in percentages
|rule|Dynamax Clause: You cannot dynamax
|clearpoke
|poke|p1|Heatran, M|
|poke|p1|Landorus-Therian, M|
|poke|p1|Toxapex, M|
|poke|p1|Blacephalon|
|poke|p1|Corviknight, M|
|poke|p1|Dragapult, F|
|poke|p2|Volcanion|
|poke|p2|Ninetales-Alola, M|
|poke|p2|Corviknight, M|
|poke|p2|Arctozolt|
|poke|p2|Landorus-Therian, M|
|poke|p2|Tornadus-Therian, M|
|teampreview
|j|*Lady Monita ☀
|j| BB-8-NU
|inactive|LT91BB Theoko also wants the timer to be on.
|j| CasuallyOlive
|j| neckbeard007
|j| L8zerus
|j| Medicolo
|j| NintendoNed
|inactive|LT91BB Theoko has 120 seconds left.
|c|☆LT91BB Theoko|hf
|j| RainerBob
|l| RainerBob
|
|t:|1659115927
|start
|switch|p1a: Dragapult|Dragapult, F|100/100
|switch|p2a: Tornadus|Tornadus-Therian, M|100/100
|turn|1
|c|☆Oryen|hf
|
|t:|1659115956
|move|p1a: Dragapult|U-turn|p2a: Tornadus
|-resisted|p2a: Tornadus
|-damage|p2a: Tornadus|92/100
|
|t:|1659115962
|switch|p1a: Toxapex|Toxapex, M|100/100|[from]move: U-turn
|move|p2a: Tornadus|Knock Off|p1a: Toxapex
|-damage|p1a: Toxapex|87/100
|-damage|p2a: Tornadus|75/100|[from] item: Rocky Helmet|[of] p1a: Toxapex
|-enditem|p1a: Toxapex|Rocky Helmet|[from] move: Knock Off|[of] p2a: Tornadus
|
|upkeep
|turn|2
|
|t:|1659115974
|move|p2a: Tornadus|U-turn|p1a: Toxapex
|-resisted|p1a: Toxapex
|-damage|p1a: Toxapex|83/100
|j| arnavgupta
|
|t:|1659115978
|switch|p2a: Ninetales|Ninetales-Alola, M|100/100|[from]move: U-turn
|-weather|Hail|[from] ability: Snow Warning|[of] p2a: Ninetales
|move|p1a: Toxapex|Knock Off|p2a: Ninetales
|-resisted|p2a: Ninetales
|-damage|p2a: Ninetales|92/100
|-enditem|p2a: Ninetales|Icy Rock|[from] move: Knock Off|[of] p1a: Toxapex
|
|-weather|Hail|[upkeep]
|-damage|p1a: Toxapex|76/100|[from] Hail
|upkeep
|turn|3
|j| ckspoff
|
|t:|1659115987
|switch|p2a: Arctozolt|Arctozolt|100/100
|switch|p1a: Blacephalon|Blacephalon|100/100
|
|-weather|Hail|[upkeep]
|-damage|p1a: Blacephalon|94/100|[from] Hail
|upkeep
|turn|4
|j| caih
|j| enrique1913t
|inactive|LT91BB Theoko has 120 seconds left.
|
|t:|1659116020
|switch|p2a: Tornadus|Tornadus-Therian, M|100/100
|move|p1a: Blacephalon|Flamethrower|p2a: Tornadus
|-damage|p2a: Tornadus|45/100
|
|-weather|Hail|[upkeep]
|-damage|p2a: Tornadus|39/100|[from] Hail
|-damage|p1a: Blacephalon|88/100|[from] Hail
|upkeep
|turn|5
|inactive|LT91BB Theoko has 120 seconds left.
|
|t:|1659116033
|switch|p2a: Volcanion|Volcanion|100/100
|switch|p1a: Toxapex|Toxapex, M|100/100
|
|-weather|Hail|[upkeep]
|-damage|p2a: Volcanion|95/100|[from] Hail
|-damage|p1a: Toxapex|94/100|[from] Hail
|upkeep
|turn|6
|j| TheBugsHaveArrived
|
|t:|1659116043
|move|p2a: Volcanion|Earth Power|p1a: Toxapex
|-supereffective|p1a: Toxapex
|-damage|p1a: Toxapex|8/100
|move|p1a: Toxapex|Knock Off|p2a: Volcanion
|-crit|p2a: Volcanion
|-damage|p2a: Volcanion|73/100
|-enditem|p2a: Volcanion|Choice Specs|[from] move: Knock Off|[of] p1a: Toxapex
|
|-weather|Hail|[upkeep]
|-damage|p2a: Volcanion|67/100|[from] Hail
|-damage|p1a: Toxapex|2/100|[from] Hail
|upkeep
|turn|7
|
|t:|1659116052
|switch|p1a: Dragapult|Dragapult, F|100/100
|move|p2a: Volcanion|Steam Eruption|p1a: Dragapult
|-resisted|p1a: Dragapult
|-damage|p1a: Dragapult|58/100
|
|-weather|Hail|[upkeep]
|-damage|p1a: Dragapult|52/100|[from] Hail
|-damage|p2a: Volcanion|61/100|[from] Hail
|upkeep
|turn|8
|
|t:|1659116059
|switch|p2a: Tornadus|Tornadus-Therian, M|73/100
|move|p1a: Dragapult|Shadow Ball|p2a: Tornadus
|-crit|p2a: Tornadus
|-damage|p2a: Tornadus|22/100
|
|-weather|Hail|[upkeep]
|-damage|p1a: Dragapult|46/100|[from] Hail
|-damage|p2a: Tornadus|16/100|[from] Hail
|upkeep
|turn|9
|
|t:|1659116066
|switch|p2a: Landorus|Landorus-Therian, M|100/100
|-ability|p2a: Landorus|Intimidate|boost
|-unboost|p1a: Dragapult|atk|1
|move|p1a: Dragapult|Shadow Ball|p2a: Landorus
|-damage|p2a: Landorus|61/100
|
|-weather|none
|-heal|p2a: Landorus|67/100|[from] item: Leftovers
|upkeep
|turn|10
|c|☆LT91BB Theoko|sorry if it play
|c|☆LT91BB Theoko|but I think not
|
|t:|1659116082
|move|p1a: Dragapult|Shadow Ball|p2a: Landorus
|-damage|p2a: Landorus|26/100
|-unboost|p2a: Landorus|spd|1
|move|p2a: Landorus|U-turn|p1a: Dragapult
|-resisted|p1a: Dragapult
|-damage|p1a: Dragapult|31/100
|
|t:|1659116095
|switch|p2a: Ninetales|Ninetales-Alola, M|92/100|[from]move: U-turn
|-weather|Hail|[from] ability: Snow Warning|[of] p2a: Ninetales
|
|-weather|Hail|[upkeep]
|-damage|p1a: Dragapult|25/100|[from] Hail
|upkeep
|turn|11
|
|t:|1659116105
|switch|p1a: Heatran|Heatran, M|100/100
|switch|p2a: Arctozolt|Arctozolt|100/100
|
|-weather|Hail|[upkeep]
|-damage|p1a: Heatran|94/100|[from] Hail
|-heal|p1a: Heatran|100/100|[from] item: Leftovers
|upkeep
|turn|12
|
|t:|1659116111
|switch|p2a: Volcanion|Volcanion|61/100
|move|p1a: Heatran|Earth Power|p2a: Volcanion
|-supereffective|p2a: Volcanion
|-damage|p2a: Volcanion|0 fnt
|faint|p2a: Volcanion
|
|-weather|Hail|[upkeep]
|-damage|p1a: Heatran|94/100|[from] Hail
|-heal|p1a: Heatran|100/100|[from] item: Leftovers
|upkeep
|
|t:|1659116115
|switch|p2a: Tornadus|Tornadus-Therian, M|50/100
|turn|13
|
|t:|1659116132
|move|p2a: Tornadus|Knock Off|p1a: Heatran
|-damage|p1a: Heatran|81/100
|-enditem|p1a: Heatran|Leftovers|[from] move: Knock Off|[of] p2a: Tornadus
|move|p1a: Heatran|Magma Storm|p2a: Tornadus
|-damage|p2a: Tornadus|24/100
|-activate|p2a: Tornadus|move: Magma Storm|[of] p1a: Heatran
|
|-weather|Hail|[upkeep]
|-damage|p2a: Tornadus|18/100|[from] Hail
|-damage|p1a: Heatran|75/100|[from] Hail
|-damage|p2a: Tornadus|5/100|[from] move: Magma Storm|[partiallytrapped]
|upkeep
|turn|14
|
|t:|1659116140
|move|p2a: Tornadus|Superpower|p1a: Heatran
|-supereffective|p1a: Heatran
|-damage|p1a: Heatran|26/100
|-unboost|p2a: Tornadus|atk|1
|-unboost|p2a: Tornadus|def|1
|move|p1a: Heatran|Magma Storm|p2a: Tornadus
|-damage|p2a: Tornadus|0 fnt
|faint|p2a: Tornadus
|
|-weather|none
|upkeep
|c|☆LT91BB Theoko|oh nice
|
|t:|1659116152
|switch|p2a: Arctozolt|Arctozolt|100/100
|turn|15
|
|t:|1659116160
|switch|p1a: Landorus|Landorus-Therian, M|100/100
|-ability|p1a: Landorus|Intimidate|boost
|-unboost|p2a: Arctozolt|atk|1
|move|p2a: Arctozolt|Bolt Beak|p1a: Landorus
|-immune|p1a: Landorus
|
|upkeep
|turn|16
|j| Arcanine1929
|
|t:|1659116172
|switch|p2a: Corviknight|Corviknight, M|100/100
|-ability|p2a: Corviknight|Pressure
|move|p1a: Landorus|U-turn|p2a: Corviknight
|-resisted|p2a: Corviknight
|-damage|p2a: Corviknight|97/100
|-damage|p1a: Landorus|84/100|[from] item: Rocky Helmet|[of] p2a: Corviknight
|
|t:|1659116175
|switch|p1a: Blacephalon|Blacephalon|88/100|[from]move: U-turn
|
|upkeep
|turn|17
|
|t:|1659116186
|switch|p2a: Ninetales|Ninetales-Alola, M|92/100
|-weather|Hail|[from] ability: Snow Warning|[of] p2a: Ninetales
|move|p1a: Blacephalon|Flamethrower|p2a: Ninetales
|-supereffective|p2a: Ninetales
|-damage|p2a: Ninetales|0 fnt
|faint|p2a: Ninetales
|-ability|p1a: Blacephalon|Beast Boost|boost
|-boost|p1a: Blacephalon|spa|1
|
|-weather|Hail|[upkeep]
|-damage|p1a: Blacephalon|82/100|[from] Hail
|upkeep
|
|t:|1659116189
|switch|p2a: Arctozolt|Arctozolt|100/100
|turn|18
|
|t:|1659116201
|switch|p1a: Corviknight|Corviknight, M|100/100
|-ability|p1a: Corviknight|Pressure
|move|p2a: Arctozolt|Blizzard|p1a: Corviknight
|-damage|p1a: Corviknight|64/100
|
|-weather|Hail|[upkeep]
|-damage|p1a: Corviknight|58/100|[from] Hail
|upkeep
|turn|19
|l| L8zerus
|
|t:|1659116208
|move|p2a: Arctozolt|Blizzard|p1a: Corviknight
|-damage|p1a: Corviknight|23/100
|move|p1a: Corviknight|Body Press|p2a: Arctozolt
|-supereffective|p2a: Arctozolt
|-damage|p2a: Arctozolt|41/100
|
|-weather|Hail|[upkeep]
|-damage|p1a: Corviknight|17/100|[from] Hail
|-heal|p2a: Arctozolt|47/100|[from] item: Leftovers
|upkeep
|turn|20
|
|t:|1659116217
|move|p2a: Arctozolt|Bolt Beak|p1a: Corviknight
|-supereffective|p1a: Corviknight
|-damage|p1a: Corviknight|0 fnt
|-damage|p2a: Arctozolt|30/100|[from] item: Rocky Helmet|[of] p1a: Corviknight
|faint|p1a: Corviknight
|
|-weather|Hail|[upkeep]
|-heal|p2a: Arctozolt|37/100|[from] item: Leftovers
|upkeep
|
|t:|1659116228
|switch|p1a: Heatran|Heatran, M|26/100
|turn|21
|
|t:|1659116236
|move|p2a: Arctozolt|Blizzard|p1a: Heatran
|-resisted|p1a: Heatran
|-damage|p1a: Heatran|21/100
|move|p1a: Heatran|Earth Power|p2a: Arctozolt
|-supereffective|p2a: Arctozolt
|-damage|p2a: Arctozolt|0 fnt
|faint|p2a: Arctozolt
|
|-weather|none
|upkeep
|c|☆Oryen|gg
|l| Medicolo
|-message|Oryen forfeited.
|
|win|LT91BB Theoko
|n|☆LT91BB Theoko|lt91bbtheoko
|n|☆Oryen|oryen
|n|*Lady Monita ☀|ladymonita
|n| BB-8-NU|bb8nu
|n| CasuallyOlive|casuallyolive
|n| neckbeard007|neckbeard007
|n| NintendoNed|nintendoned
|n| arnavgupta|arnavgupta
|n| ckspoff|ckspoff
|n| caih|caih
|n| enrique1913t|enrique1913t
|n| TheBugsHaveArrived|thebugshavearrived
|n| Arcanine1929|arcanine1929
|l|*Lady Monita ☀
|l|☆Oryen
|l| BB-8-NU
|c|☆LT91BB Theoko|gg
|l| TheBugsHaveArrived
|l| ckspoff
|l| neckbeard007
|l| NintendoNed
|l| enrique1913t
