|j|☆tanishq1
|j|☆GGeorgie
|t:|1652938895
|gametype|singles
|player|p1|tanishq1|2|1673
|player|p2|GGeorgie|hiker-gen2|1841
|teamsize|p1|6
|teamsize|p2|6
|gen|8
|tier|[Gen 8] OU
|rated|
|rule|Sleep Clause Mod: Limit one foe put to sleep
|rule|Species Clause: Limit one of each Pokémon
|rule|OHKO Clause: OHKO moves are banned
|rule|Evasion Moves Clause: Evasion moves are banned
|rule|Endless Battle Clause: Forcing endless battles is banned
|rule|HP Percentage Mod: HP is shown in percentages
|rule|Dynamax Clause: You cannot dynamax
|clearpoke
|poke|p1|Clefable, F|
|poke|p1|Ferrothorn, F|
|poke|p1|Dragonite, F|
|poke|p1|Landorus-Therian, M|
|poke|p1|Volcarona, F|
|poke|p1|Tapu Koko|
|poke|p2|Zapdos|
|poke|p2|Tyranitar, F|
|poke|p2|Excadrill, F|
|poke|p2|Amoonguss, F|
|poke|p2|Heatran, M|
|poke|p2|Rotom-Wash|
|teampreview
|inactive|Battle timer is ON: inactive players will automatically lose when time's up. (requested by tanishq1)
|j| SmackPackt
|j| ripreckful
|j| SKIP THE DRIP
|j| Kwaga
|j| Rantox567
|j| Djjduddh
|j| joey milktank
|j| mango carlsen
|
|t:|1652938914
|start
|switch|p1a: Nightcore Drake|Clefable, F, shiny|100/100
|switch|p2a: Rotom|Rotom-Wash|100/100
|turn|1
|
|t:|1652938917
|move|p2a: Rotom|Volt Switch|p1a: Nightcore Drake
|-damage|p1a: Nightcore Drake|83/100
|
|t:|1652938920
|switch|p2a: Amoonguss|Amoonguss, F, shiny|100/100|[from]move: Volt Switch
|move|p1a: Nightcore Drake|Thunder Wave|p2a: Amoonguss
|-status|p2a: Amoonguss|par
|
|upkeep
|turn|2
|j| blueberry rinds
|
|t:|1652938925
|switch|p1a: Peter Griffin|Ferrothorn, F|100/100
|switch|p2a: Heatran|Heatran, M|100/100
|
|upkeep
|turn|3
|j| Starlight Burst
|
|t:|1652938930
|switch|p1a: GEËK PACK|Dragonite, F|100/100
|move|p2a: Heatran|Magma Storm|p1a: GEËK PACK
|-resisted|p1a: GEËK PACK
|-damage|p1a: GEËK PACK|92/100
|-activate|p1a: GEËK PACK|move: Magma Storm|[of] p2a: Heatran
|
|-damage|p1a: GEËK PACK|80/100|[from] move: Magma Storm|[partiallytrapped]
|upkeep
|turn|4
|
|t:|1652938935
|switch|p2a: Rotom|Rotom-Wash|100/100
|move|p1a: GEËK PACK|Roost|p1a: GEËK PACK
|-heal|p1a: GEËK PACK|100/100
|-singleturn|p1a: GEËK PACK|move: Roost
|
|-end|p1a: GEËK PACK|Magma Storm|[partiallytrapped]|[silent]
|upkeep
|turn|5
|
|t:|1652938938
|switch|p1a: Nightcore Drake|Clefable, F, shiny|83/100
|move|p2a: Rotom|Nasty Plot|p2a: Rotom
|-boost|p2a: Rotom|spa|2
|
|upkeep
|turn|6
|
|t:|1652938942
|move|p2a: Rotom|Nasty Plot|p2a: Rotom
|-boost|p2a: Rotom|spa|2
|move|p1a: Nightcore Drake|Soft-Boiled|p1a: Nightcore Drake
|-heal|p1a: Nightcore Drake|100/100
|
|upkeep
|turn|7
|
|t:|1652938947
|switch|p1a: Peter Griffin|Ferrothorn, F|100/100
|move|p2a: Rotom|Hydro Pump|p1a: Peter Griffin|[miss]
|-miss|p2a: Rotom|p1a: Peter Griffin
|
|upkeep
|turn|8
|
|t:|1652938949
|move|p2a: Rotom|Hydro Pump|p1a: Peter Griffin
|-resisted|p1a: Peter Griffin
|-damage|p1a: Peter Griffin|47/100
|move|p1a: Peter Griffin|Leech Seed|p2a: Rotom
|-start|p2a: Rotom|move: Leech Seed
|
|-heal|p1a: Peter Griffin|53/100|[from] item: Leftovers
|-damage|p2a: Rotom|88/100|[from] Leech Seed|[of] p1a: Peter Griffin
|-heal|p1a: Peter Griffin|64/100|[silent]
|upkeep
|turn|9
|
|t:|1652938955
|move|p2a: Rotom|Volt Switch|p1a: Peter Griffin
|-resisted|p1a: Peter Griffin
|-damage|p1a: Peter Griffin|29/100
|
|t:|1652938965
|switch|p2a: Heatran|Heatran, M|100/100|[from]move: Volt Switch
|move|p1a: Peter Griffin|Spikes|p2a: Heatran
|-sidestart|p2: GGeorgie|Spikes
|
|-heal|p1a: Peter Griffin|35/100|[from] item: Leftovers
|upkeep
|turn|10
|
|t:|1652938971
|switch|p1a: Nightcore Drake|Clefable, F, shiny|100/100
|move|p2a: Heatran|Stealth Rock|p1a: Nightcore Drake
|-sidestart|p1: tanishq1|move: Stealth Rock
|
|upkeep
|turn|11
|
|t:|1652938974
|switch|p2a: Excadrill|Excadrill, F|100/100
|-item|p2a: Excadrill|Air Balloon
|move|p1a: Nightcore Drake|Trick|p2a: Excadrill
|-activate|p1a: Nightcore Drake|move: Trick|[of] p2a: Excadrill
|-item|p2a: Excadrill|Sticky Barb|[from] move: Trick
|-item|p1a: Nightcore Drake|Air Balloon
|-item|p1a: Nightcore Drake|Air Balloon|[from] move: Trick
|
|-damage|p2a: Excadrill|88/100|[from] item: Sticky Barb
|upkeep
|turn|12
|
|t:|1652938979
|switch|p1a: I Hate Monday...|Landorus-Therian, M|100/100
|-damage|p1a: I Hate Monday...|88/100|[from] Stealth Rock
|-ability|p1a: I Hate Monday...|Intimidate|boost
|-unboost|p2a: Excadrill|atk|1
|move|p2a: Excadrill|Rapid Spin|p1a: I Hate Monday...
|-damage|p1a: I Hate Monday...|75/100
|-boost|p2a: Excadrill|spe|1
|-sideend|p2: GGeorgie|Spikes|[from] move: Rapid Spin|[of] p2a: Excadrill
|
|-damage|p2a: Excadrill|76/100|[from] item: Sticky Barb
|upkeep
|turn|13
|
|t:|1652938984
|move|p2a: Excadrill|Iron Head|p1a: I Hate Monday...
|-damage|p1a: I Hate Monday...|44/100
|move|p1a: I Hate Monday...|Stealth Rock|p2a: Excadrill
|-sidestart|p2: GGeorgie|move: Stealth Rock
|
|-damage|p2a: Excadrill|63/100|[from] item: Sticky Barb
|upkeep
|turn|14
|
|t:|1652938988
|switch|p2a: Rotom|Rotom-Wash|88/100
|-damage|p2a: Rotom|76/100|[from] Stealth Rock
|move|p1a: I Hate Monday...|Earthquake|p2a: Rotom
|-immune|p2a: Rotom|[from] ability: Levitate
|
|upkeep
|turn|15
|
|t:|1652938990
|move|p2a: Rotom|Hydro Pump|p1a: I Hate Monday...
|-supereffective|p1a: I Hate Monday...
|-damage|p1a: I Hate Monday...|0 fnt
|faint|p1a: I Hate Monday...
|
|upkeep
|
|t:|1652938998
|switch|p1a: GEËK PACK|Dragonite, F|100/100
|turn|16
|
|t:|1652939001
|move|p2a: Rotom|Nasty Plot|p2a: Rotom
|-boost|p2a: Rotom|spa|2
|move|p1a: GEËK PACK|Dragon Dance|p1a: GEËK PACK
|-boost|p1a: GEËK PACK|atk|1
|-boost|p1a: GEËK PACK|spe|1
|
|upkeep
|turn|17
|
|t:|1652939003
|move|p2a: Rotom|Hydro Pump|p1a: GEËK PACK
|-resisted|p1a: GEËK PACK
|-damage|p1a: GEËK PACK|83/100
|move|p1a: GEËK PACK|Dragon Dance|p1a: GEËK PACK
|-boost|p1a: GEËK PACK|atk|1
|-boost|p1a: GEËK PACK|spe|1
|
|upkeep
|turn|18
|
|t:|1652939006
|move|p1a: GEËK PACK|Roost|p1a: GEËK PACK
|-heal|p1a: GEËK PACK|100/100
|-singleturn|p1a: GEËK PACK|move: Roost
|move|p2a: Rotom|Volt Switch|p1a: GEËK PACK
|-resisted|p1a: GEËK PACK
|-damage|p1a: GEËK PACK|90/100
|
|t:|1652939008
|switch|p2a: Tyranitar|Tyranitar, F, shiny|100/100|[from]move: Volt Switch
|-damage|p2a: Tyranitar|88/100|[from] Stealth Rock
|-weather|Sandstorm|[from] ability: Sand Stream|[of] p2a: Tyranitar
|
|-weather|Sandstorm|[upkeep]
|-damage|p1a: GEËK PACK|84/100|[from] Sandstorm
|upkeep
|turn|19
|
|t:|1652939011
|move|p1a: GEËK PACK|Earthquake|p2a: Tyranitar
|-supereffective|p2a: Tyranitar
|-damage|p2a: Tyranitar|0 fnt
|faint|p2a: Tyranitar
|
|-weather|Sandstorm|[upkeep]
|-damage|p1a: GEËK PACK|78/100|[from] Sandstorm
|upkeep
|
|t:|1652939013
|switch|p2a: Excadrill|Excadrill, F|63/100
|-damage|p2a: Excadrill|60/100|[from] Stealth Rock
|turn|20
|
|t:|1652939016
|move|p2a: Excadrill|Iron Head|p1a: GEËK PACK
|-damage|p1a: GEËK PACK|40/100
|cant|p1a: GEËK PACK|flinch
|
|-weather|Sandstorm|[upkeep]
|-damage|p1a: GEËK PACK|34/100|[from] Sandstorm
|-damage|p2a: Excadrill|48/100|[from] item: Sticky Barb
|upkeep
|turn|21
|
|t:|1652939020
|switch|p1a: Peter Griffin|Ferrothorn, F|35/100
|-damage|p1a: Peter Griffin|29/100|[from] Stealth Rock
|move|p2a: Excadrill|Iron Head|p1a: Peter Griffin
|-resisted|p1a: Peter Griffin
|-damage|p1a: Peter Griffin|16/100
|-damage|p2a: Excadrill|35/100|[from] ability: Iron Barbs|[of] p1a: Peter Griffin
|
|-weather|Sandstorm|[upkeep]
|-heal|p1a: Peter Griffin|22/100|[from] item: Leftovers
|-damage|p2a: Excadrill|23/100|[from] item: Sticky Barb
|upkeep
|turn|22
|
|t:|1652939023
|move|p2a: Excadrill|Earthquake|p1a: Peter Griffin
|-damage|p1a: Peter Griffin|0 fnt
|faint|p1a: Peter Griffin
|
|-weather|none
|-damage|p2a: Excadrill|10/100|[from] item: Sticky Barb
|upkeep
|j| ForgottenFlesh
|
|t:|1652939028
|switch|p1a: Mind Goblin|Tapu Koko|100/100
|-fieldstart|move: Electric Terrain|[from] ability: Electric Surge|[of] p1a: Mind Goblin
|turn|23
|l| ForgottenFlesh
|
|t:|1652939031
|move|p1a: Mind Goblin|Dazzling Gleam|p2a: Excadrill
|-resisted|p2a: Excadrill
|-damage|p2a: Excadrill|0 fnt
|faint|p2a: Excadrill
|
|upkeep
|j| Pinecoishot
|
|t:|1652939041
|switch|p2a: Heatran|Heatran, M|100/100
|-damage|p2a: Heatran|88/100|[from] Stealth Rock
|turn|24
|
|t:|1652939043
|move|p1a: Mind Goblin|Thunderbolt|p2a: Heatran
|-damage|p2a: Heatran|48/100
|move|p2a: Heatran|Magma Storm|p1a: Mind Goblin
|-damage|p1a: Mind Goblin|38/100
|-activate|p1a: Mind Goblin|move: Magma Storm|[of] p2a: Heatran
|
|-heal|p2a: Heatran|54/100|[from] item: Leftovers
|-damage|p1a: Mind Goblin|26/100|[from] move: Magma Storm|[partiallytrapped]
|upkeep
|turn|25
|
|t:|1652939046
|move|p2a: Heatran|Protect|p2a: Heatran
|-singleturn|p2a: Heatran|Protect
|move|p1a: Mind Goblin|Thunderbolt|p2a: Heatran
|-activate|p2a: Heatran|move: Protect
|
|-heal|p2a: Heatran|61/100|[from] item: Leftovers
|-damage|p1a: Mind Goblin|14/100|[from] move: Magma Storm|[partiallytrapped]
|upkeep
|turn|26
|
|t:|1652939055
|move|p1a: Mind Goblin|Thunderbolt|p2a: Heatran
|-damage|p2a: Heatran|18/100
|move|p2a: Heatran|Earth Power|p1a: Mind Goblin
|-supereffective|p1a: Mind Goblin
|-damage|p1a: Mind Goblin|0 fnt
|faint|p1a: Mind Goblin
|
|-heal|p2a: Heatran|24/100|[from] item: Leftovers
|upkeep
|
|t:|1652939057
|switch|p1a: GEËK PACK|Dragonite, F|34/100
|turn|27
|
|t:|1652939059
|switch|p2a: Zapdos|Zapdos|100/100
|-damage|p2a: Zapdos|76/100|[from] Stealth Rock
|move|p1a: GEËK PACK|Roost|p1a: GEËK PACK
|-heal|p1a: GEËK PACK|84/100
|-singleturn|p1a: GEËK PACK|move: Roost
|
|-fieldend|move: Electric Terrain
|upkeep
|turn|28
|j| Wemix
|
|t:|1652939062
|switch|p1a: Nightcore Drake|Clefable, F, shiny|100/100
|-item|p1a: Nightcore Drake|Air Balloon
|move|p2a: Zapdos|Hurricane|p1a: Nightcore Drake
|-damage|p1a: Nightcore Drake|53/100
|-start|p1a: Nightcore Drake|confusion
|-enditem|p1a: Nightcore Drake|Air Balloon
|
|upkeep
|turn|29
|
|t:|1652939065
|move|p2a: Zapdos|Thunderbolt|p1a: Nightcore Drake
|-damage|p1a: Nightcore Drake|23/100
|-status|p1a: Nightcore Drake|par
|-activate|p1a: Nightcore Drake|confusion
|move|p1a: Nightcore Drake|Soft-Boiled|p1a: Nightcore Drake
|-heal|p1a: Nightcore Drake|73/100 par
|
|upkeep
|turn|30
|
|t:|1652939068
|move|p2a: Zapdos|Thunderbolt|p1a: Nightcore Drake
|-damage|p1a: Nightcore Drake|42/100 par
|-activate|p1a: Nightcore Drake|confusion
|move|p1a: Nightcore Drake|Soft-Boiled|p1a: Nightcore Drake
|-heal|p1a: Nightcore Drake|92/100 par
|
|upkeep
|turn|31
|c| Kwaga|mind boblin deez nutz?
|
|t:|1652939071
|move|p2a: Zapdos|Hurricane|p1a: Nightcore Drake|[miss]
|-miss|p2a: Zapdos|p1a: Nightcore Drake
|-activate|p1a: Nightcore Drake|confusion
|move|p1a: Nightcore Drake|Moonblast|p2a: Zapdos
|-damage|p2a: Zapdos|40/100
|
|upkeep
|turn|32
|
|t:|1652939072
|move|p2a: Zapdos|Hurricane|p1a: Nightcore Drake
|-damage|p1a: Nightcore Drake|43/100 par
|-end|p1a: Nightcore Drake|confusion
|move|p1a: Nightcore Drake|Moonblast|p2a: Zapdos
|-damage|p2a: Zapdos|3/100
|
|upkeep
|turn|33
|
|t:|1652939075
|move|p2a: Zapdos|Roost|p2a: Zapdos
|-heal|p2a: Zapdos|53/100
|-singleturn|p2a: Zapdos|move: Roost
|cant|p1a: Nightcore Drake|par
|
|upkeep
|turn|34
|
|t:|1652939079
|move|p2a: Zapdos|Hurricane|p1a: Nightcore Drake
|-damage|p1a: Nightcore Drake|0 fnt
|faint|p1a: Nightcore Drake
|
|upkeep
|
|t:|1652939081
|switch|p1a: GEËK PACK|Dragonite, F|84/100
|turn|35
|c| SKIP THE DRIP|bro
|
|t:|1652939083
|move|p2a: Zapdos|Thunderbolt|p1a: GEËK PACK
|-damage|p1a: GEËK PACK|48/100
|move|p1a: GEËK PACK|Dragon Dance|p1a: GEËK PACK
|-boost|p1a: GEËK PACK|atk|1
|-boost|p1a: GEËK PACK|spe|1
|
|upkeep
|turn|36
|l| Rantox567
|
|t:|1652939086
|move|p2a: Zapdos|Hurricane|p1a: GEËK PACK
|-damage|p1a: GEËK PACK|0 fnt
|faint|p1a: GEËK PACK
|
|upkeep
|c| SKIP THE DRIP|hit every cane
|
|t:|1652939088
|switch|p1a: Sick Ass Cat|Volcarona, F|100/100
|turn|37
|
|t:|1652939090
|move|p2a: Zapdos|Hurricane|p1a: Sick Ass Cat
|-supereffective|p1a: Sick Ass Cat
|-damage|p1a: Sick Ass Cat|0 fnt
|faint|p1a: Sick Ass Cat
|
|win|GGeorgie
|raw|tanishq1's rating: 1673 &rarr; <strong>1662</strong><br />(-11 for losing)
|raw|GGeorgie's rating: 1841 &rarr; <strong>1852</strong><br />(+11 for winning)
|c|☆GGeorgie|gg
|l|☆tanishq1
