|j|☆galarian dragapult
|j|☆minimax_ai
|t:|1663823926
|gametype|singles
|player|p1|galarian dragapult|zinzolin|1591
|player|p2|minimax_ai|lusamine-nihilego|1606
|teamsize|p1|6
|teamsize|p2|6
|gen|8
|tier|[Gen 8] OU
|rated|
|rule|Sleep Clause Mod: Limit one foe put to sleep
|rule|Species Clause: Limit one of each Pokémon
|rule|OHKO Clause: OHKO moves are banned
|rule|Evasion Items Clause: Evasion items are banned
|rule|Evasion Moves Clause: Evasion moves are banned
|rule|Endless Battle Clause: Forcing endless battles is banned
|rule|HP Percentage Mod: HP is shown in percentages
|rule|Dynamax Clause: You cannot dynamax
|clearpoke
|poke|p1|Ferrothorn, F|
|poke|p1|Tornadus-Therian, M|
|poke|p1|Slowbro, F|
|poke|p1|Tapu Koko|
|poke|p1|Victini|
|poke|p1|Hippowdon, F|
|poke|p2|Rotom-Wash|
|poke|p2|Weavile, M|
|poke|p2|Landorus-Therian, M|
|poke|p2|Heatran, M|
|poke|p2|Tangrowth, M|
|poke|p2|Melmetal|
|teampreview
|c|☆minimax_ai|hf
|inactive|Battle timer is ON: inactive players will automatically lose when time's up. (requested by minimax_ai)
|
|t:|1663823937
|start
|switch|p1a: Tornadus|Tornadus-Therian, M|100/100
|switch|p2a: Heatran|Heatran, M|100/100
|-item|p2a: Heatran|Air Balloon
|turn|1
|
|t:|1663823944
|move|p1a: Tornadus|Knock Off|p2a: Heatran
|-damage|p2a: Heatran|82/100
|-enditem|p2a: Heatran|Air Balloon
|move|p2a: Heatran|Stealth Rock|p1a: Tornadus
|-sidestart|p1: galarian dragapult|move: Stealth Rock
|
|upkeep
|turn|2
|
|t:|1663823948
|switch|p1a: Hippowdon|Hippowdon, F|100/100
|-damage|p1a: Hippowdon|94/100|[from] Stealth Rock
|-weather|Sandstorm|[from] ability: Sand Stream|[of] p1a: Hippowdon
|move|p2a: Heatran|Eruption|p1a: Hippowdon
|-damage|p1a: Hippowdon|47/100
|
|-weather|Sandstorm|[upkeep]
|-heal|p1a: Hippowdon|53/100|[from] item: Leftovers
|upkeep
|turn|3
|
|t:|1663823951
|switch|p2a: rotomwash|Rotom-Wash|100/100
|move|p1a: Hippowdon|Slack Off|p1a: Hippowdon
|-heal|p1a: Hippowdon|100/100
|
|-weather|Sandstorm|[upkeep]
|-damage|p2a: rotomwash|94/100|[from] Sandstorm
|-heal|p2a: rotomwash|100/100|[from] item: Leftovers
|upkeep
|turn|4
|
|t:|1663823955
|switch|p1a: Ferrothorn|Ferrothorn, F|100/100
|-damage|p1a: Ferrothorn|94/100|[from] Stealth Rock
|move|p2a: rotomwash|Nasty Plot|p2a: rotomwash
|-boost|p2a: rotomwash|spa|2
|
|-weather|Sandstorm|[upkeep]
|-damage|p2a: rotomwash|94/100|[from] Sandstorm
|-heal|p2a: rotomwash|100/100|[from] item: Leftovers
|-heal|p1a: Ferrothorn|100/100|[from] item: Leftovers
|upkeep
|turn|5
|
|t:|1663823957
|switch|p2a: Heatran|Heatran, M|82/100
|move|p1a: Ferrothorn|Power Whip|p2a: Heatran
|-resisted|p2a: Heatran
|-damage|p2a: Heatran|72/100
|
|-weather|Sandstorm|[upkeep]
|upkeep
|turn|6
|
|t:|1663823959
|switch|p1a: Hippowdon|Hippowdon, F|100/100
|-damage|p1a: Hippowdon|94/100|[from] Stealth Rock
|move|p2a: Heatran|Magma Storm|p1a: Hippowdon
|-damage|p1a: Hippowdon|56/100
|-activate|p1a: Hippowdon|move: Magma Storm|[of] p2a: Heatran
|
|-weather|none
|-heal|p1a: Hippowdon|63/100|[from] item: Leftovers
|-damage|p1a: Hippowdon|50/100|[from] move: Magma Storm|[partiallytrapped]
|upkeep
|turn|7
|
|t:|1663823962
|switch|p2a: Weavile|Weavile, M|100/100
|-ability|p2a: Weavile|Pressure
|move|p1a: Hippowdon|Earthquake|p2a: Weavile
|-damage|p2a: Weavile|36/100
|
|-heal|p1a: Hippowdon|56/100|[from] item: Leftovers
|-end|p1a: Hippowdon|Magma Storm|[partiallytrapped]|[silent]
|upkeep
|turn|8
|j| Evil T-tar
|
|t:|1663823966
|switch|p1a: Ferrothorn|Ferrothorn, F|100/100
|-damage|p1a: Ferrothorn|94/100|[from] Stealth Rock
|move|p2a: Weavile|Triple Axel|p1a: Ferrothorn
|-damage|p1a: Ferrothorn|85/100
|-damage|p2a: Weavile|24/100|[from] ability: Iron Barbs|[of] p1a: Ferrothorn
|-crit|p1a: Ferrothorn
|-damage|p1a: Ferrothorn|61/100
|-damage|p2a: Weavile|11/100|[from] ability: Iron Barbs|[of] p1a: Ferrothorn
|-hitcount|p1a: Ferrothorn|2
|
|-heal|p1a: Ferrothorn|68/100|[from] item: Leftovers
|upkeep
|turn|9
|
|t:|1663823971
|switch|p2a: Tangrowth|Tangrowth, M|100/100
|move|p1a: Ferrothorn|Spikes|p2a: Tangrowth
|-sidestart|p2: minimax_ai|Spikes
|
|-heal|p1a: Ferrothorn|74/100|[from] item: Leftovers
|upkeep
|turn|10
|
|t:|1663823976
|switch|p1a: Tornadus|Tornadus-Therian, M|100/100
|move|p2a: Tangrowth|Focus Blast|p1a: Tornadus|[miss]
|-miss|p2a: Tangrowth|p1a: Tornadus
|
|upkeep
|turn|11
|
|t:|1663823981
|switch|p2a: landorustherian|Landorus-Therian, M|100/100
|-ability|p2a: landorustherian|Intimidate|boost
|-unboost|p1a: Tornadus|atk|1
|move|p1a: Tornadus|Knock Off|p2a: landorustherian
|-damage|p2a: landorustherian|87/100
|-enditem|p2a: landorustherian|Leftovers|[from] move: Knock Off|[of] p1a: Tornadus
|
|upkeep
|turn|12
|
|t:|1663823982
|move|p1a: Tornadus|Hurricane|p2a: landorustherian
|-damage|p2a: landorustherian|56/100
|move|p2a: landorustherian|Earthquake|p1a: Tornadus
|-immune|p1a: Tornadus
|
|upkeep
|turn|13
|
|t:|1663823985
|move|p1a: Tornadus|Hurricane|p2a: landorustherian
|-damage|p2a: landorustherian|25/100
|-start|p2a: landorustherian|confusion
|-activate|p2a: landorustherian|confusion
|move|p2a: landorustherian|Earthquake|p1a: Tornadus
|-immune|p1a: Tornadus
|
|upkeep
|turn|14
|
|t:|1663823988
|move|p1a: Tornadus|Hurricane|p2a: landorustherian
|-damage|p2a: landorustherian|0 fnt
|faint|p2a: landorustherian
|
|upkeep
|
|t:|1663823988
|switch|p2a: Heatran|Heatran, M|72/100
|-damage|p2a: Heatran|60/100|[from] Spikes
|turn|15
|
|t:|1663823993
|switch|p1a: Hippowdon|Hippowdon, F|56/100
|-damage|p1a: Hippowdon|50/100|[from] Stealth Rock
|-weather|Sandstorm|[from] ability: Sand Stream|[of] p1a: Hippowdon
|move|p2a: Heatran|Magma Storm|p1a: Hippowdon|[miss]
|-miss|p2a: Heatran|p1a: Hippowdon
|
|-weather|Sandstorm|[upkeep]
|-heal|p1a: Hippowdon|56/100|[from] item: Leftovers
|upkeep
|turn|16
|
|t:|1663823995
|switch|p2a: rotomwash|Rotom-Wash|100/100
|move|p1a: Hippowdon|Slack Off|p1a: Hippowdon
|-heal|p1a: Hippowdon|100/100
|
|-weather|Sandstorm|[upkeep]
|-damage|p2a: rotomwash|94/100|[from] Sandstorm
|-heal|p2a: rotomwash|100/100|[from] item: Leftovers
|upkeep
|turn|17
|
|t:|1663823997
|switch|p1a: Ferrothorn|Ferrothorn, F|74/100
|-damage|p1a: Ferrothorn|68/100|[from] Stealth Rock
|move|p2a: rotomwash|Nasty Plot|p2a: rotomwash
|-boost|p2a: rotomwash|spa|2
|
|-weather|Sandstorm|[upkeep]
|-damage|p2a: rotomwash|94/100|[from] Sandstorm
|-heal|p2a: rotomwash|100/100|[from] item: Leftovers
|-heal|p1a: Ferrothorn|74/100|[from] item: Leftovers
|upkeep
|turn|18
|
|t:|1663823999
|switch|p2a: Heatran|Heatran, M|60/100
|-damage|p2a: Heatran|47/100|[from] Spikes
|move|p1a: Ferrothorn|Power Whip|p2a: Heatran
|-resisted|p2a: Heatran
|-damage|p2a: Heatran|38/100
|
|-weather|Sandstorm|[upkeep]
|-heal|p1a: Ferrothorn|80/100|[from] item: Leftovers
|upkeep
|turn|19
|
|t:|1663824003
|switch|p1a: Hippowdon|Hippowdon, F|100/100
|-damage|p1a: Hippowdon|94/100|[from] Stealth Rock
|move|p2a: Heatran|Magma Storm|p1a: Hippowdon
|-damage|p1a: Hippowdon|55/100
|-activate|p1a: Hippowdon|move: Magma Storm|[of] p2a: Heatran
|
|-weather|none
|-heal|p1a: Hippowdon|61/100|[from] item: Leftovers
|-damage|p1a: Hippowdon|49/100|[from] move: Magma Storm|[partiallytrapped]
|upkeep
|turn|20
|
|t:|1663824004
|switch|p2a: rotomwash|Rotom-Wash|100/100
|move|p1a: Hippowdon|Earthquake|p2a: rotomwash
|-immune|p2a: rotomwash|[from] ability: Levitate
|
|-heal|p1a: Hippowdon|55/100|[from] item: Leftovers
|-end|p1a: Hippowdon|Magma Storm|[partiallytrapped]|[silent]
|upkeep
|turn|21
|
|t:|1663824007
|switch|p1a: Ferrothorn|Ferrothorn, F|80/100
|-damage|p1a: Ferrothorn|74/100|[from] Stealth Rock
|move|p2a: rotomwash|Nasty Plot|p2a: rotomwash
|-boost|p2a: rotomwash|spa|2
|
|-heal|p1a: Ferrothorn|80/100|[from] item: Leftovers
|upkeep
|turn|22
|
|t:|1663824008
|switch|p2a: Tangrowth|Tangrowth, M|100/100
|-damage|p2a: Tangrowth|88/100|[from] Spikes
|move|p1a: Ferrothorn|Power Whip|p2a: Tangrowth
|-resisted|p2a: Tangrowth
|-damage|p2a: Tangrowth|78/100
|-damage|p1a: Ferrothorn|64/100|[from] item: Rocky Helmet|[of] p2a: Tangrowth
|
|-heal|p1a: Ferrothorn|70/100|[from] item: Leftovers
|upkeep
|turn|23
|
|t:|1663824011
|switch|p1a: Tornadus|Tornadus-Therian, M|100/100
|move|p2a: Tangrowth|Focus Blast|p1a: Tornadus|[miss]
|-miss|p2a: Tangrowth|p1a: Tornadus
|
|upkeep
|turn|24
|
|t:|1663824015
|switch|p2a: rotomwash|Rotom-Wash|100/100
|move|p1a: Tornadus|Knock Off|p2a: rotomwash
|-damage|p2a: rotomwash|80/100
|-enditem|p2a: rotomwash|Leftovers|[from] move: Knock Off|[of] p1a: Tornadus
|
|upkeep
|turn|25
|
|t:|1663824018
|switch|p1a: Ferrothorn|Ferrothorn, F|70/100
|-damage|p1a: Ferrothorn|64/100|[from] Stealth Rock
|move|p2a: rotomwash|Thunderbolt|p1a: Ferrothorn
|-resisted|p1a: Ferrothorn
|-damage|p1a: Ferrothorn|50/100
|
|-heal|p1a: Ferrothorn|56/100|[from] item: Leftovers
|upkeep
|turn|26
|
|t:|1663824021
|switch|p2a: Tangrowth|Tangrowth, M|100/100
|-damage|p2a: Tangrowth|88/100|[from] Spikes
|move|p1a: Ferrothorn|Spikes|p2a: Tangrowth
|-sidestart|p2: minimax_ai|Spikes
|
|-heal|p1a: Ferrothorn|62/100|[from] item: Leftovers
|upkeep
|turn|27
|
|t:|1663824022
|switch|p1a: Tornadus|Tornadus-Therian, M|100/100
|move|p2a: Tangrowth|Focus Blast|p1a: Tornadus|[miss]
|-miss|p2a: Tangrowth|p1a: Tornadus
|
|upkeep
|turn|28
|
|t:|1663824026
|switch|p1a: Ferrothorn|Ferrothorn, F|62/100
|-damage|p1a: Ferrothorn|56/100|[from] Stealth Rock
|switch|p2a: rotomwash|Rotom-Wash|80/100
|
|-heal|p1a: Ferrothorn|62/100|[from] item: Leftovers
|upkeep
|turn|29
|
|t:|1663824029
|switch|p2a: Tangrowth|Tangrowth, M|100/100
|-damage|p2a: Tangrowth|84/100|[from] Spikes
|move|p1a: Ferrothorn|Spikes|p2a: Tangrowth
|-sidestart|p2: minimax_ai|Spikes
|
|-heal|p1a: Ferrothorn|68/100|[from] item: Leftovers
|upkeep
|turn|30
|
|t:|1663824031
|switch|p1a: Tornadus|Tornadus-Therian, M|100/100
|move|p2a: Tangrowth|Giga Drain|p1a: Tornadus
|-resisted|p1a: Tornadus
|-damage|p1a: Tornadus|87/100
|-heal|p2a: Tangrowth|90/100|[from] drain|[of] p1a: Tornadus
|
|upkeep
|turn|31
|
|t:|1663824034
|switch|p2a: rotomwash|Rotom-Wash|80/100
|move|p1a: Tornadus|Hurricane|p2a: rotomwash
|-resisted|p2a: rotomwash
|-damage|p2a: rotomwash|60/100
|
|upkeep
|turn|32
|
|t:|1663824036
|switch|p1a: Ferrothorn|Ferrothorn, F|68/100
|-damage|p1a: Ferrothorn|62/100|[from] Stealth Rock
|move|p2a: rotomwash|Pain Split|p1a: Ferrothorn
|-sethp|p1a: Ferrothorn|57/100|[from] move: Pain Split|[silent]
|-sethp|p2a: rotomwash|66/100|[from] move: Pain Split
|
|-heal|p1a: Ferrothorn|63/100|[from] item: Leftovers
|upkeep
|turn|33
|
|t:|1663824047
|switch|p2a: Tangrowth|Tangrowth, M|100/100
|-damage|p2a: Tangrowth|75/100|[from] Spikes
|switch|p1a: Tornadus|Tornadus-Therian, M|100/100
|
|upkeep
|turn|34
|
|t:|1663824050
|switch|p1a: Tapu Koko|Tapu Koko, shiny|100/100
|-damage|p1a: Tapu Koko|88/100|[from] Stealth Rock
|-fieldstart|move: Electric Terrain|[from] ability: Electric Surge|[of] p1a: Tapu Koko
|switch|p2a: rotomwash|Rotom-Wash|66/100
|
|upkeep
|turn|35
|
|t:|1663824051
|switch|p2a: Weavile|Weavile, M|11/100
|-damage|p2a: Weavile|0 fnt|[from] Spikes
|faint|p2a: Weavile
|move|p1a: Tapu Koko|Volt Switch|p2: Weavile|[notarget]
|-fail|p1a: Tapu Koko
|
|upkeep
|
|t:|1663824051
|switch|p2a: rotomwash|Rotom-Wash|66/100
|turn|36
|
|t:|1663824054
|move|p1a: Tapu Koko|Volt Switch|p2a: rotomwash
|-damage|p2a: rotomwash|1/100
|
|t:|1663824056
|switch|p1a: Tornadus|Tornadus-Therian, M|100/100|[from]move: Volt Switch
|move|p2a: rotomwash|Pain Split|p1a: Tornadus
|-sethp|p1a: Tornadus|51/100|[from] move: Pain Split|[silent]
|-sethp|p2a: rotomwash|60/100|[from] move: Pain Split
|
|upkeep
|turn|37
|
|t:|1663824058
|switch|p1a: Ferrothorn|Ferrothorn, F|63/100
|-damage|p1a: Ferrothorn|57/100|[from] Stealth Rock
|move|p2a: rotomwash|Pain Split|p1a: Ferrothorn
|-sethp|p1a: Ferrothorn|54/100|[from] move: Pain Split|[silent]
|-sethp|p2a: rotomwash|63/100|[from] move: Pain Split
|
|-heal|p1a: Ferrothorn|61/100|[from] item: Leftovers
|upkeep
|turn|38
|
|t:|1663824064
|switch|p2a: Tangrowth|Tangrowth, M|100/100
|-damage|p2a: Tangrowth|75/100|[from] Spikes
|switch|p1a: Slowbro|Slowbro, F, shiny|100/100
|
|-fieldend|move: Electric Terrain
|upkeep
|turn|39
|
|t:|1663824065
|move|p2a: Tangrowth|Giga Drain|p1a: Slowbro
|-supereffective|p1a: Slowbro
|-damage|p1a: Slowbro|59/100
|-heal|p2a: Tangrowth|96/100|[from] drain|[of] p1a: Slowbro
|move|p1a: Slowbro|Future Sight|p2a: Tangrowth
|-start|p1a: Slowbro|move: Future Sight
|
|upkeep
|turn|40
|
|t:|1663824067
|move|p2a: Tangrowth|Sleep Powder|p1a: Slowbro
|-status|p1a: Slowbro|slp|[from] move: Sleep Powder
|cant|p1a: Slowbro|slp
|
|upkeep
|turn|41
|
|t:|1663824072
|move|p2a: Tangrowth|Giga Drain|p1a: Slowbro
|-supereffective|p1a: Slowbro
|-damage|p1a: Slowbro|21/100 slp
|-heal|p2a: Tangrowth|100/100|[from] drain|[of] p1a: Slowbro
|-curestatus|p1a: Slowbro|slp|[msg]
|move|p1a: Slowbro|Slack Off|p1a: Slowbro
|-heal|p1a: Slowbro|71/100
|
|-end|p2a: Tangrowth|move: Future Sight
|-damage|p2a: Tangrowth|40/100
|upkeep
|turn|42
|
|t:|1663824075
|switch|p1a: Tornadus|Tornadus-Therian, M|84/100
|move|p2a: Tangrowth|Giga Drain|p1a: Tornadus
|-resisted|p1a: Tornadus
|-damage|p1a: Tornadus|70/100
|-heal|p2a: Tangrowth|46/100|[from] drain|[of] p1a: Tornadus
|
|upkeep
|turn|43
|
|t:|1663824082
|switch|p1a: Tapu Koko|Tapu Koko, shiny|88/100
|-damage|p1a: Tapu Koko|76/100|[from] Stealth Rock
|-fieldstart|move: Electric Terrain|[from] ability: Electric Surge|[of] p1a: Tapu Koko
|switch|p2a: rotomwash|Rotom-Wash|63/100
|
|upkeep
|turn|44
|
|t:|1663824086
|switch|p2a: Heatran|Heatran, M|38/100
|-damage|p2a: Heatran|13/100|[from] Spikes
|move|p1a: Tapu Koko|Thunderbolt|p2a: Heatran
|-damage|p2a: Heatran|0 fnt
|faint|p2a: Heatran
|
|upkeep
|
|t:|1663824086
|switch|p2a: Melmetal|Melmetal|100/100
|-damage|p2a: Melmetal|76/100|[from] Spikes
|turn|45
|
|t:|1663824093
|switch|p1a: Hippowdon|Hippowdon, F|55/100
|-damage|p1a: Hippowdon|49/100|[from] Stealth Rock
|-weather|Sandstorm|[from] ability: Sand Stream|[of] p1a: Hippowdon
|move|p2a: Melmetal|Earthquake|p1a: Hippowdon
|-damage|p1a: Hippowdon|23/100
|
|-weather|Sandstorm|[upkeep]
|-heal|p1a: Hippowdon|30/100|[from] item: Leftovers
|upkeep
|turn|46
|
|t:|1663824094
|move|p1a: Hippowdon|Earthquake|p2a: Melmetal
|-supereffective|p2a: Melmetal
|-damage|p2a: Melmetal|30/100
|move|p2a: Melmetal|Ice Punch|p1a: Hippowdon
|-supereffective|p1a: Hippowdon
|-damage|p1a: Hippowdon|0 fnt
|faint|p1a: Hippowdon
|
|-weather|Sandstorm|[upkeep]
|upkeep
|
|t:|1663824097
|switch|p1a: Tapu Koko|Tapu Koko, shiny|76/100
|-damage|p1a: Tapu Koko|63/100|[from] Stealth Rock
|turn|47
|
|t:|1663824100
|move|p1a: Tapu Koko|Volt Switch|p2a: Melmetal
|-damage|p2a: Melmetal|0 fnt
|faint|p2a: Melmetal
|
|t:|1663824103
|switch|p1a: Victini|Victini|100/100|[from]move: Volt Switch
|-damage|p1a: Victini|76/100|[from] Stealth Rock
|
|-weather|Sandstorm|[upkeep]
|-damage|p1a: Victini|69/100|[from] Sandstorm
|-fieldend|move: Electric Terrain
|upkeep
|
|t:|1663824103
|switch|p2a: rotomwash|Rotom-Wash|63/100
|turn|48
|
|t:|1663824106
|move|p1a: Victini|Trick|p2a: rotomwash
|-activate|p1a: Victini|move: Trick|[of] p2a: rotomwash
|-item|p2a: rotomwash|Choice Band|[from] move: Trick
|-enditem|p1a: Victini|Choice Band|[silent]|[from] move: Trick
|move|p2a: rotomwash|Hydro Pump|p1a: Victini
|-supereffective|p1a: Victini
|-damage|p1a: Victini|0 fnt
|faint|p1a: Victini
|
|-weather|Sandstorm|[upkeep]
|-damage|p2a: rotomwash|57/100|[from] Sandstorm
|upkeep
|
|t:|1663824109
|switch|p1a: Tapu Koko|Tapu Koko, shiny|63/100
|-damage|p1a: Tapu Koko|51/100|[from] Stealth Rock
|-fieldstart|move: Electric Terrain|[from] ability: Electric Surge|[of] p1a: Tapu Koko
|turn|49
|
|t:|1663824111
|move|p1a: Tapu Koko|Thunderbolt|p2a: rotomwash
|-damage|p2a: rotomwash|0 fnt
|faint|p2a: rotomwash
|
|-weather|none
|upkeep
|
|t:|1663824111
|switch|p2a: Tangrowth|Tangrowth, M|79/100
|-damage|p2a: Tangrowth|54/100|[from] Spikes
|turn|50
|
|t:|1663824113
|move|p1a: Tapu Koko|Thunderbolt|p2a: Tangrowth
|-resisted|p2a: Tangrowth
|-damage|p2a: Tangrowth|0 fnt
|faint|p2a: Tangrowth
|
|win|galarian dragapult
|raw|galarian dragapult's rating: 1591 &rarr; <strong>1612</strong><br />(+21 for winning)
|raw|minimax_ai's rating: 1606 &rarr; <strong>1585</strong><br />(-21 for losing)
|c|☆minimax_ai|gg
