|j|☆Q114
|j|☆826aska
|player|p1|Q114|102|1768
|player|p2|826aska|erika|1707
|teamsize|p1|6
|teamsize|p2|6
|gametype|singles
|gen|8
|tier|[Gen 8] OU
|rated|
|clearpoke
|poke|p1|Toxapex, F|
|poke|p1|Ferrothorn, M|
|poke|p1|Seismitoad, F|
|poke|p1|Tyranitar, M|
|poke|p1|Clefable, M|
|poke|p1|Corviknight, M|
|poke|p2|Hydreigon, M|
|poke|p2|Darmanitan, M|
|poke|p2|Corviknight, M|
|poke|p2|Clefable, F|
|poke|p2|Toxapex, M|
|poke|p2|Kyurem|
|rule|Sleep Clause Mod: Limit one foe put to sleep
|rule|Species Clause: Limit one of each Pokémon
|rule|OHKO Clause: OHKO moves are banned
|rule|Evasion Moves Clause: Evasion moves are banned
|rule|Endless Battle Clause: Forcing endless battles is banned
|rule|HP Percentage Mod: HP is shown in percentages
|rule|Dynamax Clause: You cannot dynamax
|teampreview
|j| Cookin'Drugs
|j| Toxic Imperatrix
|inactive|Battle timer is ON: inactive players will automatically lose when time's up. (requested by Q114)
|
|start
|switch|p1a: Toxapex|Toxapex, F|100/100
|switch|p2a: Kyurem|Kyurem, shiny|100/100
|-ability|p2a: Kyurem|Pressure
|turn|1
|l| Cookin'Drugs
|
|switch|p1a: Ferrothorn|Ferrothorn, M|100/100
|move|p2a: Kyurem|Freeze-Dry|p1a: Ferrothorn
|-damage|p1a: Ferrothorn|61/100
|
|-heal|p1a: Ferrothorn|67/100|[from] item: Leftovers
|upkeep
|turn|2
|
|move|p2a: Kyurem|Freeze-Dry|p1a: Ferrothorn
|-crit|p1a: Ferrothorn
|-damage|p1a: Ferrothorn|5/100
|move|p1a: Ferrothorn|Leech Seed|p2a: Kyurem
|-start|p2a: Kyurem|move: Leech Seed
|
|-heal|p1a: Ferrothorn|11/100|[from] item: Leftovers
|-damage|p2a: Kyurem|88/100|[from] Leech Seed|[of] p1a: Ferrothorn
|-heal|p1a: Ferrothorn|25/100|[silent]
|upkeep
|turn|3
|
|switch|p2a: Darmanitan|Darmanitan, M|100/100
|move|p1a: Ferrothorn|Protect||[still]
|-fail|p1a: Ferrothorn
|
|-heal|p1a: Ferrothorn|31/100|[from] item: Leftovers
|upkeep
|turn|4
|
|move|p1a: Ferrothorn|Protect|p1a: Ferrothorn
|-singleturn|p1a: Ferrothorn|Protect
|move|p2a: Darmanitan|Flare Blitz|p1a: Ferrothorn
|-activate|p1a: Ferrothorn|move: Protect
|
|-heal|p1a: Ferrothorn|37/100|[from] item: Leftovers
|upkeep
|turn|5
|
|switch|p2a: Kyurem|Kyurem, shiny|88/100
|-ability|p2a: Kyurem|Pressure
|switch|p1a: Toxapex|Toxapex, F|100/100
|
|upkeep
|turn|6
|
|switch|p1a: Tyranitar|Tyranitar, M|100/100
|-weather|Sandstorm|[from] ability: Sand Stream|[of] p1a: Tyranitar
|move|p2a: Kyurem|Freeze-Dry|p1a: Tyranitar
|-damage|p1a: Tyranitar|83/100
|-status|p1a: Tyranitar|frz
|
|-weather|Sandstorm|[upkeep]
|-damage|p2a: Kyurem|82/100|[from] Sandstorm
|upkeep
|turn|7
|j| Cookin'Drugs
|j| Proftreez
|l| Cookin'Drugs
|
|switch|p2a: Darmanitan|Darmanitan, M|100/100
|switch|p1a: Ferrothorn|Ferrothorn, M|37/100
|
|-weather|Sandstorm|[upkeep]
|-damage|p2a: Darmanitan|95/100|[from] Sandstorm
|-heal|p1a: Ferrothorn|43/100|[from] item: Leftovers
|upkeep
|turn|8
|
|move|p1a: Ferrothorn|Protect|p1a: Ferrothorn
|-singleturn|p1a: Ferrothorn|Protect
|move|p2a: Darmanitan|Flare Blitz|p1a: Ferrothorn
|-activate|p1a: Ferrothorn|move: Protect
|
|-weather|Sandstorm|[upkeep]
|-damage|p2a: Darmanitan|89/100|[from] Sandstorm
|-heal|p1a: Ferrothorn|49/100|[from] item: Leftovers
|upkeep
|turn|9
|j| xxxsaaawxxx
|
|switch|p1a: Toxapex|Toxapex, F|100/100
|move|p2a: Darmanitan|Flare Blitz|p1a: Toxapex
|-resisted|p1a: Toxapex
|-damage|p1a: Toxapex|62/100
|-damage|p2a: Darmanitan|77/100|[from] Recoil
|
|-weather|Sandstorm|[upkeep]
|-damage|p2a: Darmanitan|71/100|[from] Sandstorm
|-damage|p1a: Toxapex|56/100|[from] Sandstorm
|-heal|p1a: Toxapex|62/100|[from] item: Black Sludge
|upkeep
|turn|10
|j| IDHB
|
|switch|p1a: Corviknight|Corviknight, M|100/100
|-ability|p1a: Corviknight|Pressure
|move|p2a: Darmanitan|Zen Headbutt|p1a: Corviknight
|-resisted|p1a: Corviknight
|-damage|p1a: Corviknight|85/100
|-damage|p2a: Darmanitan|55/100|[from] item: Rocky Helmet|[of] p1a: Corviknight
|
|-weather|none
|upkeep
|turn|11
|
|switch|p1a: Toxapex|Toxapex, F|95/100
|move|p2a: Darmanitan|Flare Blitz|p1a: Toxapex
|-resisted|p1a: Toxapex
|-damage|p1a: Toxapex|59/100
|-damage|p2a: Darmanitan|45/100|[from] Recoil
|
|-heal|p1a: Toxapex|65/100|[from] item: Black Sludge
|upkeep
|turn|12
|
|switch|p2a: Kyurem|Kyurem, shiny|82/100
|-ability|p2a: Kyurem|Pressure
|switch|p1a: Corviknight|Corviknight, M|85/100
|-ability|p1a: Corviknight|Pressure
|
|upkeep
|turn|13
|
|switch|p1a: Tyranitar|Tyranitar, M|83/100 frz
|-weather|Sandstorm|[from] ability: Sand Stream|[of] p1a: Tyranitar
|move|p2a: Kyurem|Ice Beam|p1a: Tyranitar
|-damage|p1a: Tyranitar|62/100 frz
|
|-weather|Sandstorm|[upkeep]
|-damage|p2a: Kyurem|76/100|[from] Sandstorm
|upkeep
|turn|14
|
|switch|p2a: Haishera =w=|Clefable, F|100/100
|switch|p1a: Toxapex|Toxapex, F|98/100
|
|-weather|Sandstorm|[upkeep]
|-damage|p2a: Haishera =w=|94/100|[from] Sandstorm
|-damage|p1a: Toxapex|92/100|[from] Sandstorm
|-heal|p2a: Haishera =w=|100/100|[from] item: Leftovers
|-heal|p1a: Toxapex|98/100|[from] item: Black Sludge
|upkeep
|turn|15
|
|move|p2a: Haishera =w=|Wish|p2a: Haishera =w=
|move|p1a: Toxapex|Knock Off|p2a: Haishera =w=
|-resisted|p2a: Haishera =w=
|-damage|p2a: Haishera =w=|95/100
|-enditem|p2a: Haishera =w=|Leftovers|[from] move: Knock Off|[of] p1a: Toxapex
|
|-weather|Sandstorm|[upkeep]
|-damage|p2a: Haishera =w=|89/100|[from] Sandstorm
|-damage|p1a: Toxapex|92/100|[from] Sandstorm
|-heal|p1a: Toxapex|98/100|[from] item: Black Sludge
|upkeep
|turn|16
|
|switch|p2a: Kyurem|Kyurem, shiny|76/100
|-ability|p2a: Kyurem|Pressure
|move|p1a: Toxapex|Toxic Spikes|p2a: Kyurem
|-sidestart|p2: 826aska|move: Toxic Spikes
|
|-weather|Sandstorm|[upkeep]
|-damage|p2a: Kyurem|70/100|[from] Sandstorm
|-damage|p1a: Toxapex|92/100|[from] Sandstorm
|-heal|p2a: Kyurem|100/100|[from] move: Wish|[wisher] Haishera =w=
|-heal|p1a: Toxapex|98/100|[from] item: Black Sludge
|upkeep
|turn|17
|
|switch|p1a: Tyranitar|Tyranitar, M|62/100 frz
|move|p2a: Kyurem|Freeze-Dry|p1a: Tyranitar
|-damage|p1a: Tyranitar|44/100 frz
|
|-weather|none
|upkeep
|turn|18
|
|move|p2a: Kyurem|Freeze-Dry|p1a: Tyranitar
|-damage|p1a: Tyranitar|19/100 frz
|cant|p1a: Tyranitar|frz
|
|upkeep
|turn|19
|
|switch|p1a: Corviknight|Corviknight, M|85/100
|-ability|p1a: Corviknight|Pressure
|move|p2a: Kyurem|Freeze-Dry|p1a: Corviknight
|-damage|p1a: Corviknight|30/100
|
|upkeep
|turn|20
|
|switch|p1a: Clefable|Clefable, M|100/100
|move|p2a: Kyurem|Freeze-Dry|p1a: Clefable
|-damage|p1a: Clefable|43/100
|-status|p1a: Clefable|frz
|
|-heal|p1a: Clefable|49/100 frz|[from] item: Leftovers
|upkeep
|turn|21
|c|☆826aska|Sorry
|c|☆826aska|thats a lil too much
|inactive|Q114 has 120 seconds left.
|c| xxxsaaawxxx|not your fault though
|c| xxxsaaawxxx|thats the game we play in its finest
|inactive|Q114 has 90 seconds left.
|inactive|Q114 has 60 seconds left.
|c| Toxic Imperatrix|Toxa can unfreeze with scald
|c|☆826aska|Good tip
|inactive|Q114 has 30 seconds left.
|inactive|Q114 has 20 seconds left.
|c| xxxsaaawxxx|lol freeze dry its super effective againts toxa
|inactive|Q114 has 15 seconds left.
|j| myjava
|inactive|Q114 has 10 seconds left.
|c|☆826aska|What happened
|inactive|Q114 has 5 seconds left.
|-message|Q114 lost due to inactivity.
|
|win|826aska
|raw|Q114's rating: 1787 &rarr; <strong>1762</strong><br />(-25 for losing)
|raw|826aska's rating: 1708 &rarr; <strong>1732</strong><br />(+24 for winning)
