|j|☆Rheinmetal
|j|☆Testing Diamonds
|t:|1599914431
|player|p1|Rheinmetal|cynthia|1587
|player|p2|Testing Diamonds|ghetsis-gen5bw|1558
|teamsize|p1|6
|teamsize|p2|6
|gametype|singles
|gen|8
|tier|[Gen 8] OU
|rated|
|clearpoke
|poke|p1|Torkoal, M|
|poke|p1|Charizard, M|
|poke|p1|Venusaur, M|
|poke|p1|Excadrill, M|
|poke|p1|Togekiss, M|
|poke|p1|Urshifu-*, M|
|poke|p2|Flapple, M|
|poke|p2|Excadrill, M|
|poke|p2|Alakazam, M|
|poke|p2|Meowstic, M|
|poke|p2|Gigalith, F|
|poke|p2|Mandibuzz, F|
|rule|Sleep Clause Mod: Limit one foe put to sleep
|rule|Species Clause: Limit one of each Pokémon
|rule|OHKO Clause: OHKO moves are banned
|rule|Evasion Moves Clause: Evasion moves are banned
|rule|Endless Battle Clause: Forcing endless battles is banned
|rule|HP Percentage Mod: HP is shown in percentages
|rule|Dynamax Clause: You cannot dynamax
|teampreview
|inactive|Battle timer is ON: inactive players will automatically lose when time's up. (requested by Rheinmetal)
|inactive|Testing Diamonds has 120 seconds left.
|
|t:|1599914475
|start
|switch|p1a: Oppenheimer|Torkoal, M|100/100
|switch|p2a: Meowstic|Meowstic, M|100/100
|-weather|SunnyDay|[from] ability: Drought|[of] p1a: Oppenheimer
|turn|1
|
|t:|1599914484
|switch|p1a: Nuclear|Charizard, M, shiny|100/100
|move|p2a: Meowstic|Thunder Wave|p1a: Nuclear
|-status|p1a: Nuclear|par
|
|-weather|SunnyDay|[upkeep]
|-damage|p1a: Nuclear|88/100 par|[from] ability: Solar Power|[of] p1a: Nuclear
|upkeep
|turn|2
|
|t:|1599914495
|move|p2a: Meowstic|Gravity|p2a: Meowstic
|-fieldstart|move: Gravity
|cant|p1a: Nuclear|par
|
|-weather|SunnyDay|[upkeep]
|-damage|p1a: Nuclear|76/100 par|[from] ability: Solar Power|[of] p1a: Nuclear
|upkeep
|turn|3
|
|t:|1599914502
|move|p2a: Meowstic|Psychic|p1a: Nuclear
|-damage|p1a: Nuclear|40/100 par
|move|p1a: Nuclear|Focus Blast|p2a: Meowstic
|-resisted|p2a: Meowstic
|-damage|p2a: Meowstic|57/100
|-enditem|p2a: Meowstic|Eject Button
|
|t:|1599914511
|switch|p2a: Excadrill|Excadrill, M|100/100
|
|-weather|SunnyDay|[upkeep]
|-damage|p1a: Nuclear|28/100 par|[from] ability: Solar Power|[of] p1a: Nuclear
|upkeep
|turn|4
|
|t:|1599914518
|move|p2a: Excadrill|Earthquake|p1a: Nuclear
|-supereffective|p1a: Nuclear
|-damage|p1a: Nuclear|0 fnt
|faint|p1a: Nuclear
|
|-weather|SunnyDay|[upkeep]
|upkeep
|
|t:|1599914521
|switch|p1a: Venusaur|Venusaur, M|100/100
|turn|5
|
|t:|1599914530
|switch|p2a: Gigalith|Gigalith, F|100/100
|-weather|Sandstorm|[from] ability: Sand Stream|[of] p2a: Gigalith
|move|p1a: Venusaur|Growth|p1a: Venusaur
|-boost|p1a: Venusaur|atk|1
|-boost|p1a: Venusaur|spa|1
|
|-weather|Sandstorm|[upkeep]
|-damage|p1a: Venusaur|94/100|[from] Sandstorm
|upkeep
|turn|6
|inactive|Testing Diamonds has 120 seconds left.
|
|t:|1599914567
|switch|p2a: Mandibuzz|Mandibuzz, F|100/100
|move|p1a: Venusaur|Earth Power|p2a: Mandibuzz
|-damage|p2a: Mandibuzz|53/100
|-damage|p1a: Venusaur|84/100|[from] item: Life Orb
|
|-weather|Sandstorm|[upkeep]
|-damage|p1a: Venusaur|78/100|[from] Sandstorm
|-fieldend|move: Gravity
|upkeep
|turn|7
|inactive|Testing Diamonds has 120 seconds left.
|
|t:|1599914579
|move|p1a: Venusaur|Weather Ball|p2a: Mandibuzz
|-supereffective|p2a: Mandibuzz
|-damage|p2a: Mandibuzz|0 fnt
|-damage|p1a: Venusaur|68/100|[from] item: Life Orb
|faint|p2a: Mandibuzz
|
|-weather|Sandstorm|[upkeep]
|-damage|p1a: Venusaur|62/100|[from] Sandstorm
|upkeep
|
|t:|1599914594
|switch|p2a: Meowstic|Meowstic, M|57/100
|turn|8
|
|t:|1599914599
|switch|p1a: Excadrill|Excadrill, M|100/100
|-ability|p1a: Excadrill|Mold Breaker
|move|p2a: Meowstic|Gravity|p2a: Meowstic
|-fieldstart|move: Gravity
|
|-weather|Sandstorm|[upkeep]
|-damage|p2a: Meowstic|50/100|[from] Sandstorm
|upkeep
|turn|9
|
|t:|1599914614
|switch|p2a: Flapple|Flapple, M|100/100
|move|p1a: Excadrill|Stealth Rock|p2a: Flapple
|-sidestart|p2: Testing Diamonds|move: Stealth Rock
|
|-weather|Sandstorm|[upkeep]
|-damage|p2a: Flapple|94/100|[from] Sandstorm
|upkeep
|turn|10
|
|t:|1599914625
|switch|p1a: Oppenheimer|Torkoal, M|100/100
|-weather|SunnyDay|[from] ability: Drought|[of] p1a: Oppenheimer
|move|p2a: Flapple|Dragon Rush|p1a: Oppenheimer
|-damage|p1a: Oppenheimer|48/100
|-damage|p2a: Flapple|85/100|[from] item: Life Orb
|
|-weather|SunnyDay|[upkeep]
|upkeep
|turn|11
|
|t:|1599914639
|switch|p1a: Togekiss|Togekiss, M|100/100
|move|p2a: Flapple|Dual Wingbeat|p1a: Togekiss
|-damage|p1a: Togekiss|72/100
|-damage|p1a: Togekiss|42/100
|-hitcount|p1a: Togekiss|2
|-damage|p2a: Flapple|75/100|[from] item: Life Orb
|
|-weather|SunnyDay|[upkeep]
|upkeep
|turn|12
|
|t:|1599914657
|switch|p2a: Gigalith|Gigalith, F|100/100
|-damage|p2a: Gigalith|88/100|[from] Stealth Rock
|-weather|Sandstorm|[from] ability: Sand Stream|[of] p2a: Gigalith
|move|p1a: Togekiss|Dazzling Gleam|p2a: Gigalith
|-damage|p2a: Gigalith|59/100
|
|-weather|Sandstorm|[upkeep]
|-damage|p1a: Togekiss|36/100|[from] Sandstorm
|-fieldend|move: Gravity
|upkeep
|turn|13
|
|t:|1599914671
|switch|p1a: Oppenheimer|Torkoal, M|48/100
|-weather|SunnyDay|[from] ability: Drought|[of] p1a: Oppenheimer
|move|p2a: Gigalith|Stealth Rock|p1a: Oppenheimer
|-sidestart|p1: Rheinmetal|move: Stealth Rock
|
|-weather|SunnyDay|[upkeep]
|upkeep
|turn|14
|
|t:|1599914679
|switch|p1a: Excadrill|Excadrill, M|100/100
|-damage|p1a: Excadrill|97/100|[from] Stealth Rock
|-ability|p1a: Excadrill|Mold Breaker
|move|p2a: Gigalith|Earthquake|p1a: Excadrill
|-supereffective|p1a: Excadrill
|-crit|p1a: Excadrill
|-damage|p1a: Excadrill|0 fnt
|faint|p1a: Excadrill
|
|-weather|SunnyDay|[upkeep]
|upkeep
|
|t:|1599914682
|switch|p1a: Venusaur|Venusaur, M|62/100
|-damage|p1a: Venusaur|50/100|[from] Stealth Rock
|turn|15
|inactive|Testing Diamonds has 120 seconds left.
|
|t:|1599914697
|switch|p2a: Flapple|Flapple, M|75/100
|-damage|p2a: Flapple|62/100|[from] Stealth Rock
|move|p1a: Venusaur|Giga Drain|p2a: Flapple
|-resisted|p2a: Flapple
|-damage|p2a: Flapple|43/100
|-heal|p1a: Venusaur|59/100|[from] drain|[of] p2a: Flapple
|-damage|p1a: Venusaur|49/100|[from] item: Life Orb
|
|-weather|SunnyDay|[upkeep]
|upkeep
|turn|16
|
|t:|1599914708
|move|p2a: Flapple|Sucker Punch|p1a: Venusaur
|-damage|p1a: Venusaur|0 fnt
|-damage|p2a: Flapple|33/100|[from] item: Life Orb
|faint|p1a: Venusaur
|
|-weather|SunnyDay|[upkeep]
|upkeep
|-message|Rheinmetal forfeited.
|
|win|Testing Diamonds
|l|☆Rheinmetal
|raw|Rheinmetal's rating: 1587 &rarr; <strong>1565</strong><br />(-22 for losing)
|raw|Testing Diamonds's rating: 1558 &rarr; <strong>1580</strong><br />(+22 for winning)
