|j|☆minimax_ai
|j|☆galarian dragapult
|t:|1662104416
|gametype|singles
|player|p1|minimax_ai|2|1494
|player|p2|galarian dragapult|zinzolin|1768
|teamsize|p1|6
|teamsize|p2|6
|gen|8
|tier|[Gen 8] OU
|rated|
|rule|Sleep Clause Mod: Limit one foe put to sleep
|rule|Species Clause: Limit one of each Pokémon
|rule|OHKO Clause: OHKO moves are banned
|rule|Evasion Items Clause: Evasion items are banned
|rule|Evasion Moves Clause: Evasion moves are banned
|rule|Endless Battle Clause: Forcing endless battles is banned
|rule|HP Percentage Mod: HP is shown in percentages
|rule|Dynamax Clause: You cannot dynamax
|clearpoke
|poke|p1|Rotom-Wash|
|poke|p1|Weavile, F|
|poke|p1|Landorus-Therian, M|
|poke|p1|Heatran, M|
|poke|p1|Tangrowth, F|
|poke|p1|Melmetal|
|poke|p2|Blacephalon|
|poke|p2|Blissey, F|
|poke|p2|Buzzwole|
|poke|p2|Melmetal|
|poke|p2|Slowbro, M|
|poke|p2|Landorus-Therian, M|
|teampreview
|c|☆minimax_ai|hf
|inactive|Battle timer is ON: inactive players will automatically lose when time's up. (requested by minimax_ai)
|
|t:|1662104426
|start
|switch|p1a: landorustherian|Landorus-Therian, M|100/100
|switch|p2a: Blissey|Blissey, F|100/100
|-ability|p1a: landorustherian|Intimidate|boost
|-unboost|p2a: Blissey|atk|1
|turn|1
|
|t:|1662104428
|move|p1a: landorustherian|U-turn|p2a: Blissey
|-damage|p2a: Blissey|83/100
|
|t:|1662104429
|switch|p1a: Heatran|Heatran, M|100/100|[from]move: U-turn
|-item|p1a: Heatran|Air Balloon
|move|p2a: Blissey|Toxic|p1a: Heatran
|-immune|p1a: Heatran
|
|upkeep
|turn|2
|
|t:|1662104430
|move|p1a: Heatran|Magma Storm|p2a: Blissey
|-damage|p2a: Blissey|62/100
|-activate|p2a: Blissey|move: Magma Storm|[of] p1a: Heatran
|move|p2a: Blissey|Seismic Toss|p1a: Heatran
|-damage|p1a: Heatran|70/100
|-enditem|p1a: Heatran|Air Balloon
|
|-damage|p2a: Blissey|50/100|[from] move: Magma Storm|[partiallytrapped]
|upkeep
|turn|3
|
|t:|1662104432
|move|p1a: Heatran|Stealth Rock|p2a: Blissey
|-sidestart|p2: galarian dragapult|move: Stealth Rock
|move|p2a: Blissey|Soft-Boiled|p2a: Blissey
|-heal|p2a: Blissey|99/100
|
|-damage|p2a: Blissey|87/100|[from] move: Magma Storm|[partiallytrapped]
|upkeep
|turn|4
|
|t:|1662104434
|move|p1a: Heatran|Magma Storm|p2a: Blissey
|-damage|p2a: Blissey|69/100
|move|p2a: Blissey|Stealth Rock|p1a: Heatran
|-sidestart|p1: minimax_ai|move: Stealth Rock
|
|-damage|p2a: Blissey|57/100|[from] move: Magma Storm|[partiallytrapped]
|upkeep
|turn|5
|
|t:|1662104435
|move|p1a: Heatran|Magma Storm|p2a: Blissey|[miss]
|-miss|p1a: Heatran|p2a: Blissey
|move|p2a: Blissey|Soft-Boiled|p2a: Blissey
|-heal|p2a: Blissey|100/100
|
|-damage|p2a: Blissey|88/100|[from] move: Magma Storm|[partiallytrapped]
|upkeep
|turn|6
|
|t:|1662104437
|move|p1a: Heatran|Magma Storm|p2a: Blissey
|-damage|p2a: Blissey|68/100
|move|p2a: Blissey|Seismic Toss|p1a: Heatran
|-damage|p1a: Heatran|39/100
|
|-damage|p2a: Blissey|55/100|[from] move: Magma Storm|[partiallytrapped]
|upkeep
|turn|7
|
|t:|1662104438
|move|p1a: Heatran|Magma Storm|p2a: Blissey|[miss]
|-miss|p1a: Heatran|p2a: Blissey
|move|p2a: Blissey|Soft-Boiled|p2a: Blissey
|-heal|p2a: Blissey|100/100
|
|-end|p2a: Blissey|Magma Storm|[partiallytrapped]
|upkeep
|turn|8
|
|t:|1662104439
|move|p1a: Heatran|Magma Storm|p2a: Blissey
|-damage|p2a: Blissey|80/100
|-activate|p2a: Blissey|move: Magma Storm|[of] p1a: Heatran
|move|p2a: Blissey|Seismic Toss|p1a: Heatran
|-damage|p1a: Heatran|8/100
|
|-damage|p2a: Blissey|67/100|[from] move: Magma Storm|[partiallytrapped]
|upkeep
|turn|9
|
|t:|1662104441
|switch|p1a: Melmetal|Melmetal|100/100
|-damage|p1a: Melmetal|94/100|[from] Stealth Rock
|move|p2a: Blissey|Soft-Boiled|p2a: Blissey
|-heal|p2a: Blissey|100/100
|
|-end|p2a: Blissey|Magma Storm|[partiallytrapped]|[silent]
|upkeep
|turn|10
|
|t:|1662104442
|switch|p2a: Slowbro|Slowbro, M|100/100
|-damage|p2a: Slowbro|88/100|[from] Stealth Rock
|move|p1a: Melmetal|Ice Punch|p2a: Slowbro
|-resisted|p2a: Slowbro
|-damage|p2a: Slowbro|74/100
|-damage|p1a: Melmetal|78/100|[from] item: Rocky Helmet|[of] p2a: Slowbro
|
|upkeep
|turn|11
|
|t:|1662104446
|move|p1a: Melmetal|Thunder Punch|p2a: Slowbro
|-supereffective|p2a: Slowbro
|-damage|p2a: Slowbro|24/100
|-damage|p1a: Melmetal|61/100|[from] item: Rocky Helmet|[of] p2a: Slowbro
|move|p2a: Slowbro|Teleport|p2a: Slowbro
|
|t:|1662104463
|switch|p2a: Blacephalon|Blacephalon|100/100|[from]move: Teleport
|-damage|p2a: Blacephalon|76/100|[from] Stealth Rock
|
|upkeep
|turn|12
|
|t:|1662104467
|switch|p1a: Heatran|Heatran, M|8/100
|-damage|p1a: Heatran|0 fnt|[from] Stealth Rock
|faint|p1a: Heatran
|move|p2a: Blacephalon|Shadow Ball|p1: Heatran|[notarget]
|-fail|p2a: Blacephalon
|
|upkeep
|
|t:|1662104467
|switch|p1a: Melmetal|Melmetal|61/100
|-damage|p1a: Melmetal|55/100|[from] Stealth Rock
|turn|13
|
|t:|1662104472
|switch|p2a: Buzzwole|Buzzwole|100/100
|move|p1a: Melmetal|Double Iron Bash|p2a: Buzzwole
|-damage|p2a: Buzzwole|83/100
|-damage|p2a: Buzzwole|62/100
|-hitcount|p2a: Buzzwole|2
|
|upkeep
|turn|14
|
|t:|1662104474
|switch|p1a: Tangrowth|Tangrowth, F|100/100
|-damage|p1a: Tangrowth|88/100|[from] Stealth Rock
|move|p2a: Buzzwole|Roost|p2a: Buzzwole
|-heal|p2a: Buzzwole|100/100
|-singleturn|p2a: Buzzwole|move: Roost
|
|upkeep
|turn|15
|
|t:|1662104476
|switch|p2a: Landorus|Landorus-Therian, M|100/100
|-damage|p2a: Landorus|88/100|[from] Stealth Rock
|-ability|p2a: Landorus|Intimidate|boost
|-unboost|p1a: Tangrowth|atk|1
|move|p1a: Tangrowth|Sleep Powder|p2a: Landorus|[miss]
|-miss|p1a: Tangrowth|p2a: Landorus
|
|-heal|p2a: Landorus|94/100|[from] item: Leftovers
|upkeep
|turn|16
|
|t:|1662104478
|move|p2a: Landorus|Defog|p1a: Tangrowth
|-unboost|p1a: Tangrowth|evasion|1
|-sideend|p1: minimax_ai|Stealth Rock|[from] move: Defog|[of] p2a: Landorus
|-sideend|p2: galarian dragapult|Stealth Rock|[from] move: Defog|[of] p2a: Landorus
|move|p1a: Tangrowth|Sleep Powder|p2a: Landorus|[miss]
|-miss|p1a: Tangrowth|p2a: Landorus
|
|-heal|p2a: Landorus|99/100|[from] item: Leftovers
|upkeep
|turn|17
|
|t:|1662104484
|move|p2a: Landorus|Knock Off|p1a: Tangrowth
|-damage|p1a: Tangrowth|72/100
|-damage|p2a: Landorus|84/100|[from] item: Rocky Helmet|[of] p1a: Tangrowth
|-enditem|p1a: Tangrowth|Rocky Helmet|[from] move: Knock Off|[of] p2a: Landorus
|move|p1a: Tangrowth|Sleep Powder|p2a: Landorus
|-status|p2a: Landorus|slp|[from] move: Sleep Powder
|
|-heal|p2a: Landorus|90/100 slp|[from] item: Leftovers
|upkeep
|turn|18
|
|t:|1662104490
|switch|p2a: Blissey|Blissey, F|100/100
|switch|p1a: rotomwash|Rotom-Wash|100/100
|
|upkeep
|turn|19
|
|t:|1662104492
|move|p1a: rotomwash|Nasty Plot|p1a: rotomwash
|-boost|p1a: rotomwash|spa|2
|move|p2a: Blissey|Stealth Rock|p1a: rotomwash
|-sidestart|p1: minimax_ai|move: Stealth Rock
|
|upkeep
|turn|20
|
|t:|1662104493
|move|p1a: rotomwash|Nasty Plot|p1a: rotomwash
|-boost|p1a: rotomwash|spa|2
|move|p2a: Blissey|Toxic|p1a: rotomwash
|-status|p1a: rotomwash|tox
|
|-damage|p1a: rotomwash|94/100 tox|[from] psn
|upkeep
|turn|21
|
|t:|1662104495
|move|p1a: rotomwash|Thunderbolt|p2a: Blissey
|-damage|p2a: Blissey|58/100
|move|p2a: Blissey|Seismic Toss|p1a: rotomwash
|-damage|p1a: rotomwash|61/100 tox
|
|-heal|p1a: rotomwash|68/100 tox|[from] item: Leftovers
|-damage|p1a: rotomwash|55/100 tox|[from] psn
|upkeep
|turn|22
|
|t:|1662104496
|move|p1a: rotomwash|Thunderbolt|p2a: Blissey
|-damage|p2a: Blissey|16/100
|move|p2a: Blissey|Soft-Boiled|p2a: Blissey
|-heal|p2a: Blissey|66/100
|
|-heal|p1a: rotomwash|61/100 tox|[from] item: Leftovers
|-damage|p1a: rotomwash|43/100 tox|[from] psn
|upkeep
|turn|23
|
|t:|1662104497
|move|p1a: rotomwash|Thunderbolt|p2a: Blissey
|-damage|p2a: Blissey|29/100
|move|p2a: Blissey|Soft-Boiled|p2a: Blissey
|-heal|p2a: Blissey|79/100
|
|-heal|p1a: rotomwash|49/100 tox|[from] item: Leftovers
|-damage|p1a: rotomwash|24/100 tox|[from] psn
|upkeep
|turn|24
|
|t:|1662104499
|switch|p1a: landorustherian|Landorus-Therian, M|100/100
|-damage|p1a: landorustherian|88/100|[from] Stealth Rock
|-ability|p1a: landorustherian|Intimidate|boost
|-unboost|p2a: Blissey|atk|1
|move|p2a: Blissey|Soft-Boiled|p2a: Blissey
|-heal|p2a: Blissey|100/100
|
|-heal|p1a: landorustherian|94/100|[from] item: Leftovers
|upkeep
|turn|25
|
|t:|1662104501
|move|p1a: landorustherian|Defog|p2a: Blissey
|-unboost|p2a: Blissey|evasion|1
|-sideend|p1: minimax_ai|Stealth Rock|[from] move: Defog|[of] p1a: landorustherian
|move|p2a: Blissey|Toxic|p1a: landorustherian
|-status|p1a: landorustherian|tox
|
|-heal|p1a: landorustherian|99/100 tox|[from] item: Leftovers
|-damage|p1a: landorustherian|94/100 tox|[from] psn
|upkeep
|turn|26
|
|t:|1662104502
|move|p1a: landorustherian|Earthquake|p2a: Blissey
|-damage|p2a: Blissey|57/100
|move|p2a: Blissey|Stealth Rock|p1a: landorustherian
|-sidestart|p1: minimax_ai|move: Stealth Rock
|
|-heal|p1a: landorustherian|99/100 tox|[from] item: Leftovers
|-damage|p1a: landorustherian|88/100 tox|[from] psn
|upkeep
|turn|27
|
|t:|1662104504
|move|p1a: landorustherian|Earthquake|p2a: Blissey
|-damage|p2a: Blissey|18/100
|move|p2a: Blissey|Soft-Boiled|p2a: Blissey
|-heal|p2a: Blissey|68/100
|
|-heal|p1a: landorustherian|94/100 tox|[from] item: Leftovers
|-damage|p1a: landorustherian|76/100 tox|[from] psn
|upkeep
|turn|28
|
|t:|1662104505
|move|p1a: landorustherian|Earthquake|p2a: Blissey
|-damage|p2a: Blissey|26/100
|move|p2a: Blissey|Soft-Boiled|p2a: Blissey
|-heal|p2a: Blissey|76/100
|
|-heal|p1a: landorustherian|82/100 tox|[from] item: Leftovers
|-damage|p1a: landorustherian|58/100 tox|[from] psn
|upkeep
|turn|29
|
|t:|1662104507
|move|p1a: landorustherian|Earthquake|p2a: Blissey
|-crit|p2a: Blissey
|-damage|p2a: Blissey|11/100
|move|p2a: Blissey|Soft-Boiled|p2a: Blissey
|-heal|p2a: Blissey|61/100
|
|-heal|p1a: landorustherian|64/100 tox|[from] item: Leftovers
|-damage|p1a: landorustherian|34/100 tox|[from] psn
|upkeep
|turn|30
|
|t:|1662104509
|move|p1a: landorustherian|Defog|p2a: Blissey
|-unboost|p2a: Blissey|evasion|1
|-sideend|p1: minimax_ai|Stealth Rock|[from] move: Defog|[of] p1a: landorustherian
|move|p2a: Blissey|Soft-Boiled|p2a: Blissey
|-heal|p2a: Blissey|100/100
|
|-heal|p1a: landorustherian|40/100 tox|[from] item: Leftovers
|-damage|p1a: landorustherian|4/100 tox|[from] psn
|upkeep
|turn|31
|
|t:|1662104511
|switch|p1a: Weavile|Weavile, F|100/100
|-ability|p1a: Weavile|Pressure
|move|p2a: Blissey|Stealth Rock|p1a: Weavile
|-sidestart|p1: minimax_ai|move: Stealth Rock
|
|upkeep
|turn|32
|
|t:|1662104513
|switch|p2a: Buzzwole|Buzzwole|100/100
|move|p1a: Weavile|Knock Off|p2a: Buzzwole
|-resisted|p2a: Buzzwole
|-damage|p2a: Buzzwole|85/100
|-enditem|p2a: Buzzwole|Heavy-Duty Boots|[from] move: Knock Off|[of] p1a: Weavile
|
|upkeep
|turn|33
|
|t:|1662104516
|switch|p1a: landorustherian|Landorus-Therian, M|4/100 tox
|-damage|p1a: landorustherian|0 fnt|[from] Stealth Rock
|faint|p1a: landorustherian
|move|p2a: Buzzwole|Ice Punch|p1: landorustherian|[notarget]
|-fail|p2a: Buzzwole
|
|upkeep
|
|t:|1662104516
|switch|p1a: rotomwash|Rotom-Wash|24/100 tox
|-damage|p1a: rotomwash|11/100 tox|[from] Stealth Rock
|turn|34
|
|t:|1662104519
|switch|p2a: Blissey|Blissey, F|100/100
|move|p1a: rotomwash|Thunderbolt|p2a: Blissey
|-damage|p2a: Blissey|87/100
|-status|p2a: Blissey|par
|
|-heal|p1a: rotomwash|18/100 tox|[from] item: Leftovers
|-damage|p1a: rotomwash|11/100 tox|[from] psn
|upkeep
|turn|35
|
|t:|1662104522
|move|p1a: rotomwash|Thunderbolt|p2a: Blissey
|-damage|p2a: Blissey|73/100 par
|move|p2a: Blissey|Seismic Toss|p1a: rotomwash
|-damage|p1a: rotomwash|0 fnt
|faint|p1a: rotomwash
|
|upkeep
|
|t:|1662104522
|switch|p1a: Melmetal|Melmetal|55/100
|-damage|p1a: Melmetal|49/100|[from] Stealth Rock
|turn|36
|
|t:|1662104525
|-curestatus|p2a: Blissey|par|[from] ability: Natural Cure
|switch|p2a: Slowbro|Slowbro, M|57/100
|move|p1a: Melmetal|Double Iron Bash|p2a: Slowbro
|-resisted|p2a: Slowbro
|-damage|p2a: Slowbro|42/100
|-damage|p1a: Melmetal|32/100|[from] item: Rocky Helmet|[of] p2a: Slowbro
|-resisted|p2a: Slowbro
|-damage|p2a: Slowbro|26/100
|-damage|p1a: Melmetal|16/100|[from] item: Rocky Helmet|[of] p2a: Slowbro
|-hitcount|p2a: Slowbro|2
|
|upkeep
|turn|37
|
|t:|1662104526
|move|p1a: Melmetal|Thunder Punch|p2a: Slowbro
|-supereffective|p2a: Slowbro
|-damage|p2a: Slowbro|0 fnt
|-damage|p1a: Melmetal|0 fnt|[from] item: Rocky Helmet|[of] p2a: Slowbro
|faint|p2a: Slowbro
|faint|p1a: Melmetal
|
|upkeep
|
|t:|1662104530
|switch|p1a: Weavile|Weavile, F|100/100
|switch|p2a: Buzzwole|Buzzwole|85/100
|-damage|p1a: Weavile|76/100|[from] Stealth Rock
|-ability|p1a: Weavile|Pressure
|turn|38
|
|t:|1662104531
|move|p1a: Weavile|Triple Axel|p2a: Buzzwole
|-damage|p2a: Buzzwole|78/100
|-damage|p2a: Buzzwole|63/100
|-damage|p2a: Buzzwole|41/100
|-hitcount|p2a: Buzzwole|3
|move|p2a: Buzzwole|Close Combat|p1a: Weavile
|-supereffective|p1a: Weavile
|-damage|p1a: Weavile|0 fnt
|-unboost|p2a: Buzzwole|def|1
|-unboost|p2a: Buzzwole|spd|1
|faint|p1a: Weavile
|-ability|p2a: Buzzwole|Beast Boost|boost
|-boost|p2a: Buzzwole|def|1
|
|upkeep
|
|t:|1662104531
|switch|p1a: Tangrowth|Tangrowth, F|100/100
|-damage|p1a: Tangrowth|88/100|[from] Stealth Rock
|turn|39
|c|☆galarian dragapult|well that was fast
|
|t:|1662104548
|move|p2a: Buzzwole|Ice Punch|p1a: Tangrowth
|-supereffective|p1a: Tangrowth
|-damage|p1a: Tangrowth|64/100
|move|p1a: Tangrowth|Focus Blast|p2a: Buzzwole
|-resisted|p2a: Buzzwole
|-damage|p2a: Buzzwole|8/100
|
|upkeep
|turn|40
|
|t:|1662104549
|move|p2a: Buzzwole|Ice Punch|p1a: Tangrowth
|-supereffective|p1a: Tangrowth
|-damage|p1a: Tangrowth|38/100
|move|p1a: Tangrowth|Knock Off|p2a: Buzzwole
|-resisted|p2a: Buzzwole
|-damage|p2a: Buzzwole|5/100
|
|upkeep
|turn|41
|
|t:|1662104551
|move|p2a: Buzzwole|Ice Punch|p1a: Tangrowth
|-supereffective|p1a: Tangrowth
|-crit|p1a: Tangrowth
|-damage|p1a: Tangrowth|2/100
|move|p1a: Tangrowth|Knock Off|p2a: Buzzwole
|-resisted|p2a: Buzzwole
|-damage|p2a: Buzzwole|1/100
|
|upkeep
|turn|42
|
|t:|1662104552
|move|p2a: Buzzwole|Ice Punch|p1a: Tangrowth
|-supereffective|p1a: Tangrowth
|-damage|p1a: Tangrowth|0 fnt
|faint|p1a: Tangrowth
|
|win|galarian dragapult
|raw|minimax_ai's rating: 1494 &rarr; <strong>1487</strong><br />(-7 for losing)
|raw|galarian dragapult's rating: 1768 &rarr; <strong>1775</strong><br />(+7 for winning)
|c|☆minimax_ai|gg
