|j|☆Tirkys
|j|☆Burner8000
|t:|1615680144
|player|p1|Tirkys|hilda-dueldisk|1652
|player|p2|Burner8000|1|1529
|teamsize|p1|6
|teamsize|p2|6
|gametype|singles
|gen|8
|tier|[Gen 8] OU
|rated|
|clearpoke
|poke|p1|Volcarona, F|
|poke|p1|Quagsire, M|
|poke|p1|Xatu, M|
|poke|p1|Mantine, M|
|poke|p1|Ferrothorn, F|
|poke|p1|Ninetales-Alola, M|
|poke|p2|Hydreigon, M|
|poke|p2|Grimmsnarl, M|
|poke|p2|Corviknight, M|
|poke|p2|Slowking-Galar, M|
|poke|p2|Urshifu-*, M|
|poke|p2|Seismitoad, M|
|rule|Sleep Clause Mod: Limit one foe put to sleep
|rule|Species Clause: Limit one of each Pokémon
|rule|OHKO Clause: OHKO moves are banned
|rule|Evasion Moves Clause: Evasion moves are banned
|rule|Endless Battle Clause: Forcing endless battles is banned
|rule|HP Percentage Mod: HP is shown in percentages
|rule|Dynamax Clause: You cannot dynamax
|teampreview
|inactive|Battle timer is ON: inactive players will automatically lose when time's up. (requested by Tirkys)
|
|t:|1615680157
|start
|switch|p1a: WhiteAlbum|Ninetales-Alola, M|100/100
|switch|p2a: Grimmlocks|Grimmsnarl, M, shiny|100/100
|-weather|Hail|[from] ability: Snow Warning|[of] p1a: WhiteAlbum
|turn|1
|
|t:|1615680164
|switch|p1a: StarPlatinum|Quagsire, M, shiny|100/100
|move|p2a: Grimmlocks|Fire Punch|p1a: StarPlatinum
|-resisted|p1a: StarPlatinum
|-damage|p1a: StarPlatinum|86/100
|
|-weather|Hail|[upkeep]
|-damage|p2a: Grimmlocks|94/100|[from] Hail
|-damage|p1a: StarPlatinum|80/100|[from] Hail
|-heal|p1a: StarPlatinum|86/100|[from] item: Leftovers
|upkeep
|turn|2
|
|t:|1615680176
|switch|p2a: Sir. Knight|Corviknight, M, shiny|100/100
|-ability|p2a: Sir. Knight|Pressure
|move|p1a: StarPlatinum|Scald|p2a: Sir. Knight
|-damage|p2a: Sir. Knight|83/100
|
|-weather|Hail|[upkeep]
|-damage|p2a: Sir. Knight|77/100|[from] Hail
|-damage|p1a: StarPlatinum|80/100|[from] Hail
|-heal|p1a: StarPlatinum|86/100|[from] item: Leftovers
|upkeep
|turn|3
|
|t:|1615680186
|move|p2a: Sir. Knight|U-turn|p1a: StarPlatinum
|-damage|p1a: StarPlatinum|77/100
|
|t:|1615680192
|switch|p2a: Bing Boom Pow|Urshifu-Rapid-Strike, M, shiny|100/100|[from]move: U-turn
|move|p1a: StarPlatinum|Scald|p2a: Bing Boom Pow
|-resisted|p2a: Bing Boom Pow
|-damage|p2a: Bing Boom Pow|85/100
|
|-weather|Hail|[upkeep]
|-damage|p2a: Bing Boom Pow|79/100|[from] Hail
|-damage|p1a: StarPlatinum|71/100|[from] Hail
|-heal|p1a: StarPlatinum|77/100|[from] item: Leftovers
|upkeep
|turn|4
|
|t:|1615680201
|switch|p1a: CatchTheRainbow|Mantine, M|100/100
|move|p2a: Bing Boom Pow|Close Combat|p1a: CatchTheRainbow
|-resisted|p1a: CatchTheRainbow
|-damage|p1a: CatchTheRainbow|56/100
|-unboost|p2a: Bing Boom Pow|def|1
|-unboost|p2a: Bing Boom Pow|spd|1
|
|-weather|Hail|[upkeep]
|-damage|p2a: Bing Boom Pow|72/100|[from] Hail
|-damage|p1a: CatchTheRainbow|50/100|[from] Hail
|-heal|p1a: CatchTheRainbow|56/100|[from] item: Leftovers
|upkeep
|turn|5
|
|t:|1615680212
|switch|p2a: DontLickMe|Seismitoad, M, shiny|100/100
|move|p1a: CatchTheRainbow|Roost|p1a: CatchTheRainbow
|-heal|p1a: CatchTheRainbow|100/100
|-singleturn|p1a: CatchTheRainbow|move: Roost
|
|-weather|none
|upkeep
|turn|6
|
|t:|1615680220
|switch|p1a: ManInTheMirror|Xatu, M|100/100
|move|p2a: DontLickMe|Knock Off|p1a: ManInTheMirror
|-supereffective|p1a: ManInTheMirror
|-crit|p1a: ManInTheMirror
|-damage|p1a: ManInTheMirror|15/100
|-damage|p2a: DontLickMe|84/100|[from] item: Rocky Helmet|[of] p1a: ManInTheMirror
|-enditem|p1a: ManInTheMirror|Rocky Helmet|[from] move: Knock Off|[of] p2a: DontLickMe
|
|-heal|p2a: DontLickMe|90/100|[from] item: Leftovers
|upkeep
|turn|7
|
|t:|1615680229
|move|p1a: ManInTheMirror|Roost|p1a: ManInTheMirror
|-heal|p1a: ManInTheMirror|65/100
|-singleturn|p1a: ManInTheMirror|move: Roost
|move|p2a: DontLickMe|Scald|p1a: ManInTheMirror
|-damage|p1a: ManInTheMirror|43/100
|
|-heal|p2a: DontLickMe|96/100|[from] item: Leftovers
|upkeep
|turn|8
|
|t:|1615680242
|switch|p2a: Rhaegal|Hydreigon, M, shiny|100/100
|move|p1a: ManInTheMirror|Roost|p1a: ManInTheMirror
|-heal|p1a: ManInTheMirror|93/100
|-singleturn|p1a: ManInTheMirror|move: Roost
|
|upkeep
|turn|9
|
|t:|1615680249
|switch|p1a: WhiteAlbum|Ninetales-Alola, M|100/100
|-weather|Hail|[from] ability: Snow Warning|[of] p1a: WhiteAlbum
|move|p2a: Rhaegal|Dark Pulse|p1a: WhiteAlbum
|-resisted|p1a: WhiteAlbum
|-damage|p1a: WhiteAlbum|79/100
|
|-weather|Hail|[upkeep]
|-damage|p2a: Rhaegal|94/100|[from] Hail
|upkeep
|turn|10
|
|t:|1615680259
|switch|p2a: Sir. Knight|Corviknight, M, shiny|77/100
|-ability|p2a: Sir. Knight|Pressure
|move|p1a: WhiteAlbum|Blizzard|p2a: Sir. Knight
|-damage|p2a: Sir. Knight|39/100
|
|-weather|Hail|[upkeep]
|-damage|p2a: Sir. Knight|33/100|[from] Hail
|upkeep
|turn|11
|
|t:|1615680269
|switch|p2a: Lean King|Slowking-Galar, M, shiny|100/100
|move|p1a: WhiteAlbum|Blizzard|p2a: Lean King
|-damage|p2a: Lean King|82/100
|
|-weather|Hail|[upkeep]
|-damage|p2a: Lean King|76/100|[from] Hail
|upkeep
|turn|12
|
|t:|1615680276
|switch|p1a: Magician'sRed|Volcarona, F|100/100
|move|p2a: Lean King|Sludge Bomb|p1a: Magician'sRed
|-damage|p1a: Magician'sRed|67/100
|
|-weather|Hail|[upkeep]
|-damage|p1a: Magician'sRed|61/100|[from] Hail
|-damage|p2a: Lean King|70/100|[from] Hail
|-heal|p1a: Magician'sRed|67/100|[from] item: Leftovers
|upkeep
|turn|13
|
|t:|1615680286
|switch|p2a: Grimmlocks|Grimmsnarl, M, shiny|94/100
|move|p1a: Magician'sRed|Bug Buzz|p2a: Grimmlocks
|-damage|p2a: Grimmlocks|47/100
|
|-weather|none
|-heal|p1a: Magician'sRed|74/100|[from] item: Leftovers
|upkeep
|turn|14
|
|t:|1615680293
|switch|p1a: StarPlatinum|Quagsire, M, shiny|77/100
|move|p2a: Grimmlocks|Trick|p1a: StarPlatinum
|-activate|p2a: Grimmlocks|move: Trick|[of] p1a: StarPlatinum
|-item|p1a: StarPlatinum|Choice Band|[from] move: Trick
|-item|p2a: Grimmlocks|Leftovers|[from] move: Trick
|
|-heal|p2a: Grimmlocks|53/100|[from] item: Leftovers
|upkeep
|turn|15
|
|t:|1615680301
|switch|p2a: Sir. Knight|Corviknight, M, shiny|33/100
|-ability|p2a: Sir. Knight|Pressure
|move|p1a: StarPlatinum|Scald|p2a: Sir. Knight
|-damage|p2a: Sir. Knight|15/100
|-status|p2a: Sir. Knight|brn
|
|-damage|p2a: Sir. Knight|9/100 brn|[from] brn
|upkeep
|turn|16
|
|t:|1615680312
|switch|p1a: Metallica|Ferrothorn, F|100/100
|move|p2a: Sir. Knight|Roost|p2a: Sir. Knight
|-heal|p2a: Sir. Knight|59/100 brn
|-singleturn|p2a: Sir. Knight|move: Roost
|
|-damage|p2a: Sir. Knight|53/100 brn|[from] brn
|upkeep
|turn|17
|
|t:|1615680324
|switch|p2a: Grimmlocks|Grimmsnarl, M, shiny|53/100
|move|p1a: Metallica|Knock Off|p2a: Grimmlocks
|-resisted|p2a: Grimmlocks
|-damage|p2a: Grimmlocks|46/100
|-enditem|p2a: Grimmlocks|Leftovers|[from] move: Knock Off|[of] p1a: Metallica
|
|upkeep
|turn|18
|
|t:|1615680331
|switch|p1a: StarPlatinum|Quagsire, M, shiny|77/100
|move|p2a: Grimmlocks|Fire Punch|p1a: StarPlatinum
|-resisted|p1a: StarPlatinum
|-damage|p1a: StarPlatinum|68/100
|
|upkeep
|turn|19
|
|t:|1615680338
|switch|p2a: DontLickMe|Seismitoad, M, shiny|96/100
|move|p1a: StarPlatinum|Recover|p1a: StarPlatinum
|-heal|p1a: StarPlatinum|100/100
|
|-heal|p2a: DontLickMe|100/100|[from] item: Leftovers
|upkeep
|turn|20
|
|t:|1615680345
|switch|p1a: ManInTheMirror|Xatu, M|93/100
|move|p2a: DontLickMe|Scald|p1a: ManInTheMirror
|-damage|p1a: ManInTheMirror|69/100
|
|upkeep
|turn|21
|
|t:|1615680351
|move|p1a: ManInTheMirror|Roost|p1a: ManInTheMirror
|-heal|p1a: ManInTheMirror|100/100
|-singleturn|p1a: ManInTheMirror|move: Roost
|move|p2a: DontLickMe|Scald|p1a: ManInTheMirror
|-damage|p1a: ManInTheMirror|77/100
|-status|p1a: ManInTheMirror|brn
|
|-damage|p1a: ManInTheMirror|71/100 brn|[from] brn
|upkeep
|turn|22
|
|t:|1615680365
|switch|p1a: Metallica|Ferrothorn, F|100/100
|move|p2a: DontLickMe|Knock Off|p1a: Metallica
|-damage|p1a: Metallica|85/100
|-damage|p2a: DontLickMe|88/100|[from] ability: Iron Barbs|[of] p1a: Metallica
|-damage|p2a: DontLickMe|72/100|[from] item: Rocky Helmet|[of] p1a: Metallica
|-enditem|p1a: Metallica|Rocky Helmet|[from] move: Knock Off|[of] p2a: DontLickMe
|
|-heal|p2a: DontLickMe|78/100|[from] item: Leftovers
|upkeep
|turn|23
|
|t:|1615680379
|move|p2a: DontLickMe|Stealth Rock|p1a: Metallica
|-sidestart|p1: Tirkys|move: Stealth Rock
|move|p1a: Metallica|Knock Off|p2a: DontLickMe
|-damage|p2a: DontLickMe|57/100
|-enditem|p2a: DontLickMe|Leftovers|[from] move: Knock Off|[of] p1a: Metallica
|
|upkeep
|turn|24
|
|t:|1615680388
|switch|p2a: Grimmlocks|Grimmsnarl, M, shiny|46/100
|move|p1a: Metallica|Stealth Rock|p2a: Grimmlocks
|-sidestart|p2: Burner8000|move: Stealth Rock
|
|upkeep
|turn|25
|
|t:|1615680394
|switch|p1a: StarPlatinum|Quagsire, M, shiny|100/100
|-damage|p1a: StarPlatinum|94/100|[from] Stealth Rock
|move|p2a: Grimmlocks|Darkest Lariat|p1a: StarPlatinum
|-damage|p1a: StarPlatinum|62/100
|
|upkeep
|turn|26
|
|t:|1615680400
|move|p2a: Grimmlocks|Darkest Lariat|p1a: StarPlatinum
|-damage|p1a: StarPlatinum|29/100
|move|p1a: StarPlatinum|Recover|p1a: StarPlatinum
|-heal|p1a: StarPlatinum|79/100
|
|upkeep
|turn|27
|
|t:|1615680405
|move|p2a: Grimmlocks|Darkest Lariat|p1a: StarPlatinum
|-damage|p1a: StarPlatinum|45/100
|move|p1a: StarPlatinum|Recover|p1a: StarPlatinum
|-heal|p1a: StarPlatinum|95/100
|
|upkeep
|turn|28
|
|t:|1615680416
|switch|p1a: Magician'sRed|Volcarona, F|74/100
|-damage|p1a: Magician'sRed|24/100|[from] Stealth Rock
|move|p2a: Grimmlocks|Darkest Lariat|p1a: Magician'sRed
|-damage|p1a: Magician'sRed|0 fnt
|-status|p2a: Grimmlocks|brn|[from] ability: Flame Body|[of] p1a: Magician'sRed
|faint|p1a: Magician'sRed
|
|-damage|p2a: Grimmlocks|40/100 brn|[from] brn
|upkeep
|
|t:|1615680419
|switch|p1a: WhiteAlbum|Ninetales-Alola, M|79/100
|-damage|p1a: WhiteAlbum|54/100|[from] Stealth Rock
|-weather|Hail|[from] ability: Snow Warning|[of] p1a: WhiteAlbum
|turn|29
|
|t:|1615680430
|move|p2a: Grimmlocks|Trick|p1a: WhiteAlbum
|-activate|p2a: Grimmlocks|move: Trick|[of] p1a: WhiteAlbum
|-enditem|p1a: WhiteAlbum|Choice Scarf|[silent]|[from] move: Trick
|-item|p2a: Grimmlocks|Choice Scarf|[from] move: Trick
|move|p1a: WhiteAlbum|Blizzard|p2a: Grimmlocks
|-crit|p2a: Grimmlocks
|-damage|p2a: Grimmlocks|0 fnt
|faint|p2a: Grimmlocks
|
|-weather|Hail|[upkeep]
|upkeep
|
|t:|1615680441
|switch|p2a: Lean King|Slowking-Galar, M, shiny|100/100
|-damage|p2a: Lean King|88/100|[from] Stealth Rock
|turn|30
|
|t:|1615680444
|move|p1a: WhiteAlbum|Dark Pulse|p2a: Lean King
|-supereffective|p2a: Lean King
|-damage|p2a: Lean King|71/100
|move|p2a: Lean King|Sludge Bomb|p1a: WhiteAlbum
|-supereffective|p1a: WhiteAlbum
|-damage|p1a: WhiteAlbum|0 fnt
|faint|p1a: WhiteAlbum
|
|-weather|Hail|[upkeep]
|-damage|p2a: Lean King|65/100|[from] Hail
|upkeep
|
|t:|1615680448
|switch|p1a: Metallica|Ferrothorn, F|85/100
|-damage|p1a: Metallica|79/100|[from] Stealth Rock
|turn|31
|
|t:|1615680456
|move|p2a: Lean King|Flamethrower|p1a: Metallica
|-supereffective|p1a: Metallica
|-damage|p1a: Metallica|5/100
|move|p1a: Metallica|Leech Seed|p2a: Lean King
|-start|p2a: Lean King|move: Leech Seed
|
|-weather|Hail|[upkeep]
|-damage|p2a: Lean King|59/100|[from] Hail
|-damage|p1a: Metallica|0 fnt|[from] Hail
|faint|p1a: Metallica
|upkeep
|
|t:|1615680460
|switch|p1a: ManInTheMirror|Xatu, M|71/100 brn
|-damage|p1a: ManInTheMirror|46/100 brn|[from] Stealth Rock
|turn|32
|
|t:|1615680467
|move|p1a: ManInTheMirror|Roost|p1a: ManInTheMirror
|-heal|p1a: ManInTheMirror|96/100 brn
|-singleturn|p1a: ManInTheMirror|move: Roost
|move|p2a: Lean King|Sludge Bomb|p1a: ManInTheMirror
|-damage|p1a: ManInTheMirror|59/100 brn
|
|-weather|Hail|[upkeep]
|-damage|p1a: ManInTheMirror|53/100 brn|[from] Hail
|-damage|p2a: Lean King|53/100|[from] Hail
|-damage|p2a: Lean King|41/100|[from] Leech Seed|[of] p1a: ManInTheMirror
|-heal|p1a: ManInTheMirror|67/100 brn|[silent]
|-damage|p1a: ManInTheMirror|61/100 brn|[from] brn
|upkeep
|turn|33
|
|t:|1615680479
|switch|p2a: Bing Boom Pow|Urshifu-Rapid-Strike, M, shiny|72/100
|-damage|p2a: Bing Boom Pow|66/100|[from] Stealth Rock
|move|p1a: ManInTheMirror|Heat Wave|p2a: Bing Boom Pow
|-resisted|p2a: Bing Boom Pow
|-damage|p2a: Bing Boom Pow|49/100
|-status|p2a: Bing Boom Pow|brn
|
|-weather|none
|-damage|p2a: Bing Boom Pow|43/100 brn|[from] brn
|-damage|p1a: ManInTheMirror|55/100 brn|[from] brn
|upkeep
|turn|34
|
|t:|1615680490
|switch|p1a: StarPlatinum|Quagsire, M, shiny|95/100
|-damage|p1a: StarPlatinum|89/100|[from] Stealth Rock
|move|p2a: Bing Boom Pow|U-turn|p1a: StarPlatinum
|-damage|p1a: StarPlatinum|76/100
|
|t:|1615680498
|switch|p2a: Sir. Knight|Corviknight, M, shiny|53/100 brn|[from]move: U-turn
|-damage|p2a: Sir. Knight|40/100 brn|[from] Stealth Rock
|-ability|p2a: Sir. Knight|Pressure
|
|-damage|p2a: Sir. Knight|34/100 brn|[from] brn
|upkeep
|turn|35
|j| dgffdgsdfgsdfs
|
|t:|1615680506
|switch|p1a: ManInTheMirror|Xatu, M|55/100 brn
|-damage|p1a: ManInTheMirror|30/100 brn|[from] Stealth Rock
|move|p2a: Sir. Knight|Defog|p1a: ManInTheMirror
|move|p1a: ManInTheMirror|Defog|p2a: Sir. Knight|[from]ability: Magic Bounce
|-unboost|p2a: Sir. Knight|evasion|1
|-sideend|p2: Burner8000|Stealth Rock|[from] move: Defog|[of] p1a: ManInTheMirror
|-sideend|p1: Tirkys|Stealth Rock|[from] move: Defog|[of] p1a: ManInTheMirror
|
|-damage|p1a: ManInTheMirror|24/100 brn|[from] brn
|-damage|p2a: Sir. Knight|28/100 brn|[from] brn
|upkeep
|turn|36
|
|t:|1615680516
|move|p1a: ManInTheMirror|Roost|p1a: ManInTheMirror
|-heal|p1a: ManInTheMirror|74/100 brn
|-singleturn|p1a: ManInTheMirror|move: Roost
|move|p2a: Sir. Knight|U-turn|p1a: ManInTheMirror
|-supereffective|p1a: ManInTheMirror
|-damage|p1a: ManInTheMirror|56/100 brn
|
|t:|1615680524
|switch|p2a: Rhaegal|Hydreigon, M, shiny|94/100|[from]move: U-turn
|
|-damage|p1a: ManInTheMirror|50/100 brn|[from] brn
|upkeep
|turn|37
|
|t:|1615680529
|switch|p1a: CatchTheRainbow|Mantine, M|100/100
|move|p2a: Rhaegal|Dark Pulse|p1a: CatchTheRainbow
|-damage|p1a: CatchTheRainbow|76/100
|
|-heal|p1a: CatchTheRainbow|82/100|[from] item: Leftovers
|upkeep
|turn|38
|
|t:|1615680537
|switch|p2a: Lean King|Slowking-Galar, M, shiny|74/100
|move|p1a: CatchTheRainbow|Toxic|p2a: Lean King
|-immune|p2a: Lean King
|
|-heal|p1a: CatchTheRainbow|88/100|[from] item: Leftovers
|upkeep
|turn|39
|
|t:|1615680546
|switch|p1a: StarPlatinum|Quagsire, M, shiny|76/100
|move|p2a: Lean King|Sludge Bomb|p1a: StarPlatinum
|-resisted|p1a: StarPlatinum
|-damage|p1a: StarPlatinum|55/100
|
|upkeep
|turn|40
|
|t:|1615680552
|switch|p2a: DontLickMe|Seismitoad, M, shiny|57/100
|move|p1a: StarPlatinum|Rest|p1a: StarPlatinum
|-status|p1a: StarPlatinum|slp|[from] move: Rest
|-heal|p1a: StarPlatinum|100/100 slp|[silent]
|
|upkeep
|turn|41
|
|t:|1615680560
|switch|p1a: ManInTheMirror|Xatu, M|50/100 brn
|move|p2a: DontLickMe|Scald|p1a: ManInTheMirror
|-damage|p1a: ManInTheMirror|26/100 brn
|
|-damage|p1a: ManInTheMirror|20/100 brn|[from] brn
|upkeep
|turn|42
|
|t:|1615680567
|move|p1a: ManInTheMirror|Roost|p1a: ManInTheMirror
|-heal|p1a: ManInTheMirror|70/100 brn
|-singleturn|p1a: ManInTheMirror|move: Roost
|move|p2a: DontLickMe|Knock Off|p1a: ManInTheMirror
|-supereffective|p1a: ManInTheMirror
|-damage|p1a: ManInTheMirror|36/100 brn
|
|-damage|p1a: ManInTheMirror|30/100 brn|[from] brn
|upkeep
|turn|43
|
|t:|1615680575
|switch|p2a: Sir. Knight|Corviknight, M, shiny|28/100 brn
|-ability|p2a: Sir. Knight|Pressure
|move|p1a: ManInTheMirror|Roost|p1a: ManInTheMirror
|-heal|p1a: ManInTheMirror|80/100 brn
|-singleturn|p1a: ManInTheMirror|move: Roost
|
|-damage|p1a: ManInTheMirror|74/100 brn|[from] brn
|-damage|p2a: Sir. Knight|22/100 brn|[from] brn
|upkeep
|turn|44
|
|t:|1615680587
|switch|p2a: Lean King|Slowking-Galar, M, shiny|100/100
|move|p1a: ManInTheMirror|Heat Wave|p2a: Lean King
|-damage|p2a: Lean King|91/100
|
|-damage|p1a: ManInTheMirror|68/100 brn|[from] brn
|upkeep
|turn|45
|
|t:|1615680593
|move|p1a: ManInTheMirror|Cosmic Power|p1a: ManInTheMirror
|-boost|p1a: ManInTheMirror|def|1
|-boost|p1a: ManInTheMirror|spd|1
|move|p2a: Lean King|Sludge Bomb|p1a: ManInTheMirror
|-crit|p1a: ManInTheMirror
|-damage|p1a: ManInTheMirror|18/100 brn
|
|-damage|p1a: ManInTheMirror|12/100 brn|[from] brn
|upkeep
|turn|46
|
|t:|1615680609
|switch|p2a: Rhaegal|Hydreigon, M, shiny|94/100
|move|p1a: ManInTheMirror|Roost|p1a: ManInTheMirror
|-heal|p1a: ManInTheMirror|62/100 brn
|-singleturn|p1a: ManInTheMirror|move: Roost
|
|-damage|p1a: ManInTheMirror|56/100 brn|[from] brn
|upkeep
|turn|47
|
|t:|1615680622
|switch|p1a: CatchTheRainbow|Mantine, M|88/100
|move|p2a: Rhaegal|Dark Pulse|p1a: CatchTheRainbow
|-damage|p1a: CatchTheRainbow|65/100
|
|-heal|p1a: CatchTheRainbow|72/100|[from] item: Leftovers
|upkeep
|turn|48
|
|t:|1615680634
|switch|p2a: Sir. Knight|Corviknight, M, shiny|22/100 brn
|-ability|p2a: Sir. Knight|Pressure
|move|p1a: CatchTheRainbow|Toxic||[still]
|-fail|p1a: CatchTheRainbow
|
|-heal|p1a: CatchTheRainbow|78/100|[from] item: Leftovers
|-damage|p2a: Sir. Knight|16/100 brn|[from] brn
|upkeep
|turn|49
|
|t:|1615680642
|switch|p1a: ManInTheMirror|Xatu, M|56/100 brn
|move|p2a: Sir. Knight|Roost|p2a: Sir. Knight
|-heal|p2a: Sir. Knight|66/100 brn
|-singleturn|p2a: Sir. Knight|move: Roost
|
|-damage|p1a: ManInTheMirror|50/100 brn|[from] brn
|-damage|p2a: Sir. Knight|60/100 brn|[from] brn
|upkeep
|turn|50
|
|t:|1615680651
|switch|p2a: Rhaegal|Hydreigon, M, shiny|94/100
|move|p1a: ManInTheMirror|Roost|p1a: ManInTheMirror
|-heal|p1a: ManInTheMirror|99/100 brn
|-singleturn|p1a: ManInTheMirror|move: Roost
|
|-damage|p1a: ManInTheMirror|94/100 brn|[from] brn
|upkeep
|turn|51
|
|t:|1615680659
|switch|p1a: CatchTheRainbow|Mantine, M|78/100
|move|p2a: Rhaegal|Dark Pulse|p1a: CatchTheRainbow
|-damage|p1a: CatchTheRainbow|56/100
|
|-heal|p1a: CatchTheRainbow|62/100|[from] item: Leftovers
|upkeep
|turn|52
|l|☆Tirkys
|inactive|Tirkys disconnected and has a minute to reconnect!
|player|p1|
|c|☆Burner8000|trashbag
|j|☆Tirkys
|inactive|Tirkys reconnected and has 125 seconds left.
|player|p1|Tirkys|hilda-dueldisk
|
|t:|1615680688
|switch|p2a: Sir. Knight|Corviknight, M, shiny|60/100 brn
|-ability|p2a: Sir. Knight|Pressure
|move|p1a: CatchTheRainbow|Roost|p1a: CatchTheRainbow
|-heal|p1a: CatchTheRainbow|100/100
|-singleturn|p1a: CatchTheRainbow|move: Roost
|
|-damage|p2a: Sir. Knight|54/100 brn|[from] brn
|upkeep
|turn|53
|
|t:|1615680697
|switch|p1a: StarPlatinum|Quagsire, M, shiny|100/100 slp
|move|p2a: Sir. Knight|Roost|p2a: Sir. Knight
|-heal|p2a: Sir. Knight|100/100 brn
|-singleturn|p2a: Sir. Knight|move: Roost
|
|-damage|p2a: Sir. Knight|94/100 brn|[from] brn
|upkeep
|turn|54
|
|t:|1615680707
|switch|p2a: DontLickMe|Seismitoad, M, shiny|57/100
|cant|p1a: StarPlatinum|slp
|
|upkeep
|turn|55
|
|t:|1615680712
|switch|p1a: CatchTheRainbow|Mantine, M|100/100
|move|p2a: DontLickMe|Scald|p1a: CatchTheRainbow
|-immune|p1a: CatchTheRainbow|[from] ability: Water Absorb
|
|upkeep
|turn|56
|
|t:|1615680721
|switch|p1a: StarPlatinum|Quagsire, M, shiny|100/100 slp
|switch|p2a: Lean King|Slowking-Galar, M, shiny|100/100
|
|upkeep
|turn|57
|
|t:|1615680728
|cant|p1a: StarPlatinum|slp
|move|p2a: Lean King|Psychic|p1a: StarPlatinum
|-damage|p1a: StarPlatinum|56/100 slp
|
|upkeep
|turn|58
|
|t:|1615680733
|-curestatus|p1a: StarPlatinum|slp|[msg]
|move|p1a: StarPlatinum|Recover|p1a: StarPlatinum
|-heal|p1a: StarPlatinum|100/100
|move|p2a: Lean King|Sludge Bomb|p1a: StarPlatinum
|-resisted|p1a: StarPlatinum
|-damage|p1a: StarPlatinum|78/100
|
|upkeep
|turn|59
|
|t:|1615680741
|move|p1a: StarPlatinum|Recover|p1a: StarPlatinum
|-heal|p1a: StarPlatinum|100/100
|move|p2a: Lean King|Psychic|p1a: StarPlatinum
|-damage|p1a: StarPlatinum|56/100
|
|upkeep
|turn|60
|
|t:|1615680747
|move|p1a: StarPlatinum|Recover|p1a: StarPlatinum
|-heal|p1a: StarPlatinum|100/100
|move|p2a: Lean King|Psychic|p1a: StarPlatinum
|-damage|p1a: StarPlatinum|53/100
|
|upkeep
|turn|61
|
|t:|1615680754
|move|p1a: StarPlatinum|Recover|p1a: StarPlatinum
|-heal|p1a: StarPlatinum|100/100
|move|p2a: Lean King|Psychic|p1a: StarPlatinum
|-damage|p1a: StarPlatinum|53/100
|
|upkeep
|turn|62
|
|t:|1615680759
|move|p1a: StarPlatinum|Recover|p1a: StarPlatinum
|-heal|p1a: StarPlatinum|100/100
|move|p2a: Lean King|Sludge Bomb|p1a: StarPlatinum
|-resisted|p1a: StarPlatinum
|-damage|p1a: StarPlatinum|76/100
|-status|p1a: StarPlatinum|psn
|
|-damage|p1a: StarPlatinum|64/100 psn|[from] psn
|upkeep
|turn|63
|-message|Tirkys forfeited.
|
|win|Burner8000
|l|☆Tirkys
|raw|Tirkys's rating: 1652 &rarr; <strong>1631</strong><br />(-21 for losing)
|raw|Burner8000's rating: 1530 &rarr; <strong>1557</strong><br />(+27 for winning)
||Ladder (probably) updated, but score could not be retrieved (Request timeout).
