|html|<div class="broadcast-blue"><strong>[Gen 8] OU is currently suspecting Melmetal! For information on how to participate check out the <a href="https://www.smogon.com/forums/threads/np-ss-ou-suspect-process-round-12-monster-mash.3709234/">suspect thread</a>.</strong></div>
|j|☆Celistesting
|j|☆Shotintheheart
|t:|1666136639
|gametype|singles
|player|p1|Celistesting|nate|1736
|player|p2|Shotintheheart|linebacker|1781
|teamsize|p1|6
|teamsize|p2|6
|gen|8
|tier|[Gen 8] OU
|rated|
|rule|Sleep Clause Mod: Limit one foe put to sleep
|rule|Species Clause: Limit one of each Pokémon
|rule|OHKO Clause: OHKO moves are banned
|rule|Evasion Items Clause: Evasion items are banned
|rule|Evasion Moves Clause: Evasion moves are banned
|rule|Endless Battle Clause: Forcing endless battles is banned
|rule|HP Percentage Mod: HP is shown in percentages
|rule|Dynamax Clause: You cannot dynamax
|clearpoke
|poke|p1|Rillaboom, M|
|poke|p1|Tapu Koko|
|poke|p1|Mamoswine, M|
|poke|p1|Urshifu-*, F|
|poke|p1|Victini|
|poke|p1|Garchomp, M|
|poke|p2|Rillaboom, M|
|poke|p2|Zapdos|
|poke|p2|Obstagoon, M|
|poke|p2|Tapu Fini|
|poke|p2|Heatran, M|
|poke|p2|Swampert, M|
|teampreview
|j| sadsas
|j| dieMoldau
|
|t:|1666136665
|start
|switch|p1a: Papu Loko|Tapu Koko|100/100
|switch|p2a: Heatran|Heatran, M|100/100
|-fieldstart|move: Electric Terrain|[from] ability: Electric Surge|[of] p1a: Papu Loko
|turn|1
|j| Burnt Bright
|
|t:|1666136672
|move|p1a: Papu Loko|U-turn|p2a: Heatran
|-resisted|p2a: Heatran
|-damage|p2a: Heatran|97/100
|
|t:|1666136674
|switch|p1a: Urshifu|Urshifu-Rapid-Strike, F|100/100|[from]move: U-turn
|move|p2a: Heatran|Eruption|p1a: Urshifu
|-resisted|p1a: Urshifu
|-damage|p1a: Urshifu|40/100
|
|upkeep
|turn|2
|
|t:|1666136681
|switch|p1a: Victini|Victini|100/100
|move|p2a: Heatran|Eruption|p1a: Victini
|-resisted|p1a: Victini
|-damage|p1a: Victini|60/100
|
|upkeep
|turn|3
|
|t:|1666136691
|switch|p2a: Swampert|Swampert, M|100/100
|move|p1a: Victini|Psychic|p2a: Swampert
|-damage|p2a: Swampert|76/100
|
|-heal|p2a: Swampert|82/100|[from] item: Leftovers
|upkeep
|turn|4
|j| LMG66
|
|t:|1666136699
|move|p1a: Victini|U-turn|p2a: Swampert
|-damage|p2a: Swampert|69/100
|
|t:|1666136703
|switch|p1a: Tapu Rilla|Rillaboom, M|100/100|[from]move: U-turn
|-fieldstart|move: Grassy Terrain|[from] ability: Grassy Surge|[of] p1a: Tapu Rilla
|move|p2a: Swampert|High Horsepower|p1a: Tapu Rilla
|-resisted|p1a: Tapu Rilla
|-damage|p1a: Tapu Rilla|80/100
|
|-heal|p1a: Tapu Rilla|86/100|[from] Grassy Terrain
|-heal|p2a: Swampert|75/100|[from] Grassy Terrain
|-heal|p2a: Swampert|82/100|[from] item: Leftovers
|upkeep
|turn|5
|
|t:|1666136708
|switch|p2a: Zapdos|Zapdos|100/100
|move|p1a: Tapu Rilla|Knock Off|p2a: Zapdos
|-damage|p2a: Zapdos|65/100
|-enditem|p2a: Zapdos|Heavy-Duty Boots|[from] move: Knock Off|[of] p1a: Tapu Rilla
|-damage|p1a: Tapu Rilla|76/100|[from] item: Life Orb
|
|-heal|p1a: Tapu Rilla|82/100|[from] Grassy Terrain
|upkeep
|turn|6
|j| Lake Effect
|
|t:|1666136722
|switch|p1a: Garchadomp|Garchomp, M, shiny|100/100
|move|p2a: Zapdos|Roost|p2a: Zapdos
|-heal|p2a: Zapdos|100/100
|-singleturn|p2a: Zapdos|move: Roost
|
|upkeep
|turn|7
|j| jiohiuviyfviyigb
|
|t:|1666136737
|switch|p2a: Tapu Fini|Tapu Fini|100/100
|-fieldstart|move: Misty Terrain|[from] ability: Misty Surge|[of] p2a: Tapu Fini
|move|p1a: Garchadomp|Toxic|p2a: Tapu Fini
|-activate|p2a: Tapu Fini|move: Misty Terrain
|
|upkeep
|turn|8
|j| Jongruenwald
|
|t:|1666136747
|switch|p1a: Victini|Victini|60/100
|switch|p2a: Rillaboom|Rillaboom, M|100/100
|-fieldstart|move: Grassy Terrain|[from] ability: Grassy Surge|[of] p2a: Rillaboom
|
|-heal|p1a: Victini|66/100|[from] Grassy Terrain
|upkeep
|turn|9
|
|t:|1666136752
|switch|p2a: Zapdos|Zapdos|100/100
|move|p1a: Victini|Searing Shot|p2a: Zapdos
|-crit|p2a: Zapdos
|-damage|p2a: Zapdos|43/100
|-status|p2a: Zapdos|brn
|
|-heal|p1a: Victini|72/100|[from] Grassy Terrain
|-damage|p2a: Zapdos|37/100 brn|[from] brn
|upkeep
|turn|10
|
|t:|1666136761
|switch|p1a: Garchadomp|Garchomp, M, shiny|100/100
|move|p2a: Zapdos|Roost|p2a: Zapdos
|-heal|p2a: Zapdos|87/100 brn
|-singleturn|p2a: Zapdos|move: Roost
|
|-heal|p2a: Zapdos|93/100 brn|[from] Grassy Terrain
|-damage|p2a: Zapdos|87/100 brn|[from] brn
|upkeep
|turn|11
|
|t:|1666136767
|switch|p2a: Rillaboom|Rillaboom, M|100/100
|move|p1a: Garchadomp|Stealth Rock|p2a: Rillaboom
|-sidestart|p2: Shotintheheart|move: Stealth Rock
|
|upkeep
|turn|12
|
|t:|1666136773
|move|p1a: Garchadomp|Fire Blast|p2a: Rillaboom
|-supereffective|p2a: Rillaboom
|-damage|p2a: Rillaboom|45/100
|move|p2a: Rillaboom|Wood Hammer|p1a: Garchadomp
|-damage|p1a: Garchadomp|0 fnt
|-damage|p2a: Rillaboom|33/100|[from] ability: Rough Skin|[of] p1a: Garchadomp
|-damage|p2a: Rillaboom|16/100|[from] item: Rocky Helmet|[of] p1a: Garchadomp
|faint|p1a: Garchadomp
|-damage|p2a: Rillaboom|0 fnt|[from] Recoil
|faint|p2a: Rillaboom
|
|-fieldend|move: Grassy Terrain
|upkeep
|
|t:|1666136796
|switch|p1a: Papu Loko|Tapu Koko|100/100
|switch|p2a: Heatran|Heatran, M|97/100
|-fieldstart|move: Electric Terrain|[from] ability: Electric Surge|[of] p1a: Papu Loko
|-damage|p2a: Heatran|84/100|[from] Stealth Rock
|turn|13
|
|t:|1666136802
|switch|p2a: Swampert|Swampert, M|82/100
|-damage|p2a: Swampert|75/100|[from] Stealth Rock
|move|p1a: Papu Loko|Thunderbolt|p2a: Swampert
|-immune|p2a: Swampert
|
|-heal|p2a: Swampert|82/100|[from] item: Leftovers
|upkeep
|turn|14
|
|t:|1666136809
|switch|p1a: Mamoswine|Mamoswine, M|100/100
|move|p2a: Swampert|Flip Turn|p1a: Mamoswine
|-supereffective|p1a: Mamoswine
|-damage|p1a: Mamoswine|47/100
|l| dieMoldau
|
|t:|1666136826
|switch|p2a: Obstagoon|Obstagoon, M|100/100|[from]move: Flip Turn
|-damage|p2a: Obstagoon|88/100|[from] Stealth Rock
|
|-status|p2a: Obstagoon|brn|[from] item: Flame Orb
|upkeep
|turn|15
|
|t:|1666136834
|move|p1a: Mamoswine|Earthquake|p2a: Obstagoon
|-damage|p2a: Obstagoon|31/100 brn
|move|p2a: Obstagoon|Facade|p1a: Mamoswine
|-damage|p1a: Mamoswine|0 fnt
|faint|p1a: Mamoswine
|
|-damage|p2a: Obstagoon|25/100 brn|[from] brn
|upkeep
|j| BabyPigsAreLaughin
|
|t:|1666136842
|switch|p1a: Urshifu|Urshifu-Rapid-Strike, F|40/100
|turn|16
|j| tapu moxo
|
|t:|1666136851
|switch|p2a: Zapdos|Zapdos|87/100 brn
|-damage|p2a: Zapdos|62/100 brn|[from] Stealth Rock
|move|p1a: Urshifu|Surging Strikes|p2a: Zapdos
|-crit|p2a: Zapdos
|-damage|p2a: Zapdos|47/100 brn
|-crit|p2a: Zapdos
|-damage|p2a: Zapdos|31/100 brn
|-crit|p2a: Zapdos
|-damage|p2a: Zapdos|14/100 brn
|-hitcount|p2a: Zapdos|3
|
|-damage|p2a: Zapdos|8/100 brn|[from] brn
|upkeep
|turn|17
|j| ty-tyui↻
|
|t:|1666136861
|switch|p1a: Victini|Victini|72/100
|move|p2a: Zapdos|Defog|p1a: Victini
|-unboost|p1a: Victini|evasion|1
|-sideend|p2: Shotintheheart|Stealth Rock|[from] move: Defog|[of] p2a: Zapdos
|-fieldend|move: Electric Terrain
|
|-damage|p2a: Zapdos|2/100 brn|[from] brn
|upkeep
|turn|18
|j| pianotheory
|
|t:|1666136873
|move|p1a: Victini|Psychic|p2a: Zapdos
|-damage|p2a: Zapdos|0 fnt
|faint|p2a: Zapdos
|
|upkeep
|
|t:|1666136885
|switch|p2a: Swampert|Swampert, M|82/100
|turn|19
|
|t:|1666136892
|move|p1a: Victini|Searing Shot|p2a: Swampert
|-resisted|p2a: Swampert
|-damage|p2a: Swampert|66/100
|move|p2a: Swampert|Yawn|p1a: Victini
|-start|p1a: Victini|move: Yawn|[of] p2a: Swampert
|
|-heal|p2a: Swampert|72/100|[from] item: Leftovers
|upkeep
|turn|20
|
|t:|1666136898
|move|p1a: Victini|U-turn|p2a: Swampert
|-damage|p2a: Swampert|60/100
|
|t:|1666136901
|switch|p1a: Urshifu|Urshifu-Rapid-Strike, F|40/100|[from]move: U-turn
|move|p2a: Swampert|Yawn|p1a: Urshifu
|-start|p1a: Urshifu|move: Yawn|[of] p2a: Swampert
|
|-heal|p2a: Swampert|66/100|[from] item: Leftovers
|upkeep
|turn|21
|
|t:|1666136905
|move|p1a: Urshifu|U-turn|p2a: Swampert
|-crit|p2a: Swampert
|-damage|p2a: Swampert|32/100
|
|t:|1666136909
|switch|p1a: Victini|Victini|72/100|[from]move: U-turn
|move|p2a: Swampert|Stealth Rock|p1a: Victini
|-sidestart|p1: Celistesting|move: Stealth Rock
|
|-heal|p2a: Swampert|38/100|[from] item: Leftovers
|upkeep
|turn|22
|
|t:|1666136914
|move|p1a: Victini|Psychic|p2a: Swampert
|-damage|p2a: Swampert|11/100
|move|p2a: Swampert|Flip Turn|p1a: Victini
|-supereffective|p1a: Victini
|-damage|p1a: Victini|9/100
|
|t:|1666136920
|switch|p2a: Heatran|Heatran, M|84/100|[from]move: Flip Turn
|
|upkeep
|turn|23
|
|t:|1666136925
|move|p2a: Heatran|Eruption|p1a: Victini
|-resisted|p1a: Victini
|-damage|p1a: Victini|0 fnt
|faint|p1a: Victini
|
|upkeep
|
|t:|1666136928
|switch|p1a: Papu Loko|Tapu Koko|100/100
|-damage|p1a: Papu Loko|88/100|[from] Stealth Rock
|-fieldstart|move: Electric Terrain|[from] ability: Electric Surge|[of] p1a: Papu Loko
|turn|24
|
|t:|1666136933
|move|p1a: Papu Loko|Thunderbolt|p2a: Heatran
|-damage|p2a: Heatran|31/100
|move|p2a: Heatran|Eruption|p1a: Papu Loko
|-damage|p1a: Papu Loko|50/100
|
|upkeep
|turn|25
|
|t:|1666136937
|switch|p1a: Urshifu|Urshifu-Rapid-Strike, F|40/100
|-damage|p1a: Urshifu|34/100|[from] Stealth Rock
|switch|p2a: Swampert|Swampert, M|11/100
|
|-heal|p2a: Swampert|17/100|[from] item: Leftovers
|upkeep
|turn|26
|
|t:|1666136945
|switch|p2a: Heatran|Heatran, M|31/100
|move|p1a: Urshifu|Surging Strikes|p2a: Heatran
|-supereffective|p2a: Heatran
|-crit|p2a: Heatran
|-damage|p2a: Heatran|0 fnt
|faint|p2a: Heatran
|-hitcount|p2: Heatran|1
|
|upkeep
|
|t:|1666136948
|switch|p2a: Tapu Fini|Tapu Fini|100/100
|-fieldstart|move: Misty Terrain|[from] ability: Misty Surge|[of] p2a: Tapu Fini
|turn|27
|
|t:|1666136962
|move|p1a: Urshifu|Thunder Punch|p2a: Tapu Fini
|-supereffective|p2a: Tapu Fini
|-damage|p2a: Tapu Fini|61/100
|move|p2a: Tapu Fini|Scald|p1a: Urshifu
|-resisted|p1a: Urshifu
|-damage|p1a: Urshifu|16/100
|
|-heal|p2a: Tapu Fini|68/100|[from] item: Leftovers
|upkeep
|turn|28
|j| darkcloud1986
|
|t:|1666136970
|move|p1a: Urshifu|Thunder Punch|p2a: Tapu Fini
|-supereffective|p2a: Tapu Fini
|-damage|p2a: Tapu Fini|26/100
|move|p2a: Tapu Fini|Draining Kiss|p1a: Urshifu
|-supereffective|p1a: Urshifu
|-crit|p1a: Urshifu
|-damage|p1a: Urshifu|0 fnt
|-heal|p2a: Tapu Fini|38/100|[from] drain|[of] p1a: Urshifu
|faint|p1a: Urshifu
|
|-heal|p2a: Tapu Fini|44/100|[from] item: Leftovers
|upkeep
|
|t:|1666136973
|switch|p1a: Tapu Rilla|Rillaboom, M|82/100
|-damage|p1a: Tapu Rilla|70/100|[from] Stealth Rock
|-fieldstart|move: Grassy Terrain|[from] ability: Grassy Surge|[of] p1a: Tapu Rilla
|turn|29
|
|t:|1666136979
|move|p1a: Tapu Rilla|Grassy Glide|p2a: Tapu Fini
|-supereffective|p2a: Tapu Fini
|-damage|p2a: Tapu Fini|0 fnt
|faint|p2a: Tapu Fini
|-damage|p1a: Tapu Rilla|60/100|[from] item: Life Orb
|
|-heal|p1a: Tapu Rilla|66/100|[from] Grassy Terrain
|upkeep
|
|t:|1666136983
|switch|p2a: Obstagoon|Obstagoon, M|25/100 brn
|turn|30
|
|t:|1666136987
|move|p1a: Tapu Rilla|Grassy Glide|p2a: Obstagoon
|-damage|p2a: Obstagoon|0 fnt
|faint|p2a: Obstagoon
|-damage|p1a: Tapu Rilla|56/100|[from] item: Life Orb
|
|-heal|p1a: Tapu Rilla|62/100|[from] Grassy Terrain
|upkeep
|-message|Shotintheheart forfeited.
|
|win|Celistesting
|raw|Celistesting's rating: 1736 &rarr; <strong>1759</strong><br />(+23 for winning)
|raw|Shotintheheart's rating: 1781 &rarr; <strong>1758</strong><br />(-23 for losing)
|l|☆Shotintheheart
|l| ty-tyui↻
|c|☆Celistesting|gg
|j| mariahmaru
|l| sadsas
|l| jiohiuviyfviyigb
|l| mariahmaru
|l| LMG66
||Ladder isn't responding, score probably updated but might not have (Request timeout).
