|j|☆Amane Misa
|j|‽minimax_ai
|t:|1667458228
|gametype|singles
|player|p1|Amane Misa|#amanemisa|1533
|player|p2|minimax_ai|266|1572
|teamsize|p1|6
|teamsize|p2|6
|gen|8
|tier|[Gen 8] OU
|rated|
|rule|Sleep Clause Mod: Limit one foe put to sleep
|rule|Species Clause: Limit one of each Pokémon
|rule|OHKO Clause: OHKO moves are banned
|rule|Evasion Items Clause: Evasion items are banned
|rule|Evasion Moves Clause: Evasion moves are banned
|rule|Endless Battle Clause: Forcing endless battles is banned
|rule|HP Percentage Mod: HP is shown in percentages
|rule|Dynamax Clause: You cannot dynamax
|clearpoke
|poke|p1|Terrakion|
|poke|p1|Slowbro, M|
|poke|p1|Landorus-Therian, M|
|poke|p1|Dragapult, M|
|poke|p1|Tapu Koko|
|poke|p1|Corviknight, M|
|poke|p2|Rotom-Wash|
|poke|p2|Weavile, M|
|poke|p2|Landorus-Therian, M|
|poke|p2|Heatran, M|
|poke|p2|Tangrowth, F|
|poke|p2|Melmetal|
|teampreview
|inactive|Battle timer is ON: inactive players will automatically lose when time's up. (requested by minimax_ai)
|j| Rem!x
|
|t:|1667458245
|start
|switch|p1a: Slowbro|Slowbro, M|100/100
|switch|p2a: Rotom|Rotom-Wash|100/100
|turn|1
|
|t:|1667458251
|move|p2a: Rotom|Nasty Plot|p2a: Rotom
|-boost|p2a: Rotom|spa|2
|move|p1a: Slowbro|Future Sight|p2a: Rotom
|-start|p1a: Slowbro|move: Future Sight
|
|upkeep
|turn|2
|
|t:|1667458275
|switch|p1a: Dragapult|Dragapult, M|100/100
|move|p2a: Rotom|Nasty Plot|p2a: Rotom
|-boost|p2a: Rotom|spa|2
|
|upkeep
|turn|3
|
|t:|1667458282
|switch|p2a: Melmetal|Melmetal|100/100
|move|p1a: Dragapult|Draco Meteor|p2a: Melmetal
|-resisted|p2a: Melmetal
|-damage|p2a: Melmetal|77/100
|-unboost|p1a: Dragapult|spa|2
|
|-end|p2a: Melmetal|move: Future Sight
|-resisted|p2a: Melmetal
|-damage|p2a: Melmetal|66/100
|upkeep
|turn|4
|
|t:|1667458286
|switch|p1a: Slowbro|Slowbro, M|100/100
|switch|p2a: Rotom|Rotom-Wash|100/100
|
|upkeep
|turn|5
|
|t:|1667458288
|move|p2a: Rotom|Nasty Plot|p2a: Rotom
|-boost|p2a: Rotom|spa|2
|move|p1a: Slowbro|Teleport|p1a: Slowbro
|
|t:|1667458290
|switch|p1a: Dragapult|Dragapult, M|100/100|[from]move: Teleport
|
|upkeep
|turn|6
|
|t:|1667458291
|move|p1a: Dragapult|Draco Meteor|p2a: Rotom
|-damage|p2a: Rotom|13/100
|-unboost|p1a: Dragapult|spa|2
|move|p2a: Rotom|Pain Split|p1a: Dragapult
|-sethp|p1a: Dragapult|57/100|[from] move: Pain Split|[silent]
|-sethp|p2a: Rotom|59/100|[from] move: Pain Split
|
|-heal|p2a: Rotom|65/100|[from] item: Leftovers
|upkeep
|turn|7
|
|t:|1667458294
|move|p1a: Dragapult|Draco Meteor|p2a: Rotom|[miss]
|-miss|p1a: Dragapult|p2a: Rotom
|move|p2a: Rotom|Thunderbolt|p1a: Dragapult
|-resisted|p1a: Dragapult
|-damage|p1a: Dragapult|7/100
|
|-heal|p2a: Rotom|72/100|[from] item: Leftovers
|upkeep
|turn|8
|
|t:|1667458296
|move|p1a: Dragapult|Draco Meteor|p2a: Rotom
|-damage|p2a: Rotom|27/100
|-unboost|p1a: Dragapult|spa|2
|move|p2a: Rotom|Hydro Pump|p1a: Dragapult|[miss]
|-miss|p2a: Rotom|p1a: Dragapult
|
|-heal|p2a: Rotom|33/100|[from] item: Leftovers
|upkeep
|turn|9
|
|t:|1667458297
|move|p1a: Dragapult|Draco Meteor|p2a: Rotom
|-damage|p2a: Rotom|2/100
|-unboost|p1a: Dragapult|spa|2
|move|p2a: Rotom|Hydro Pump|p1a: Dragapult|[miss]
|-miss|p2a: Rotom|p1a: Dragapult
|
|-heal|p2a: Rotom|8/100|[from] item: Leftovers
|upkeep
|turn|10
|
|t:|1667458299
|move|p1a: Dragapult|Draco Meteor|p2a: Rotom
|-damage|p2a: Rotom|0 fnt
|faint|p2a: Rotom
|
|upkeep
|
|t:|1667458300
|switch|p2a: Heatran|Heatran, M|100/100
|-item|p2a: Heatran|Air Balloon
|turn|11
|
|t:|1667458304
|switch|p1a: Terrakion|Terrakion|100/100
|move|p2a: Heatran|Stealth Rock|p1a: Terrakion
|-sidestart|p1: Amane Misa|move: Stealth Rock
|
|upkeep
|turn|12
|
|t:|1667458307
|switch|p2a: Tangrowth|Tangrowth, F|100/100
|move|p1a: Terrakion|Close Combat|p2a: Tangrowth
|-damage|p2a: Tangrowth|54/100
|-unboost|p1a: Terrakion|def|1
|-unboost|p1a: Terrakion|spd|1
|-damage|p1a: Terrakion|84/100|[from] item: Rocky Helmet|[of] p2a: Tangrowth
|
|upkeep
|turn|13
|
|t:|1667458309
|switch|p1a: Corviknight|Corviknight, M|100/100
|-damage|p1a: Corviknight|88/100|[from] Stealth Rock
|-ability|p1a: Corviknight|Pressure
|move|p2a: Tangrowth|Sleep Powder|p1a: Corviknight
|-status|p1a: Corviknight|slp|[from] move: Sleep Powder
|
|-heal|p1a: Corviknight|94/100 slp|[from] item: Leftovers
|upkeep
|turn|14
|
|t:|1667458312
|switch|p2a: Heatran|Heatran, M|100/100
|-item|p2a: Heatran|Air Balloon
|cant|p1a: Corviknight|slp
|
|-heal|p1a: Corviknight|100/100 slp|[from] item: Leftovers
|upkeep
|turn|15
|
|t:|1667458315
|switch|p1a: Slowbro|Slowbro, M|100/100
|move|p2a: Heatran|Eruption|p1a: Slowbro
|-resisted|p1a: Slowbro
|-damage|p1a: Slowbro|57/100
|
|upkeep
|turn|16
|
|t:|1667458318
|move|p2a: Heatran|Eruption|p1a: Slowbro
|-resisted|p1a: Slowbro
|-damage|p1a: Slowbro|14/100
|move|p1a: Slowbro|Slack Off|p1a: Slowbro
|-heal|p1a: Slowbro|65/100
|
|upkeep
|turn|17
|
|t:|1667458320
|move|p2a: Heatran|Eruption|p1a: Slowbro
|-resisted|p1a: Slowbro
|-crit|p1a: Slowbro
|-damage|p1a: Slowbro|2/100
|move|p1a: Slowbro|Scald|p2a: Heatran
|-supereffective|p2a: Heatran
|-damage|p2a: Heatran|48/100
|-enditem|p2a: Heatran|Air Balloon
|
|upkeep
|turn|18
|
|t:|1667458323
|switch|p1a: Terrakion|Terrakion|84/100
|-damage|p1a: Terrakion|78/100|[from] Stealth Rock
|move|p2a: Heatran|Magma Storm|p1a: Terrakion
|-resisted|p1a: Terrakion
|-damage|p1a: Terrakion|47/100
|-activate|p1a: Terrakion|move: Magma Storm|[of] p2a: Heatran
|
|-damage|p1a: Terrakion|34/100|[from] move: Magma Storm|[partiallytrapped]
|upkeep
|turn|19
|
|t:|1667458327
|switch|p2a: Tangrowth|Tangrowth, F|88/100
|move|p1a: Terrakion|Stone Edge|p2a: Tangrowth
|-damage|p2a: Tangrowth|50/100
|
|-end|p1a: Terrakion|Magma Storm|[partiallytrapped]|[silent]
|upkeep
|turn|20
|
|t:|1667458330
|switch|p1a: Corviknight|Corviknight, M|100/100 slp
|-damage|p1a: Corviknight|88/100 slp|[from] Stealth Rock
|-ability|p1a: Corviknight|Pressure
|switch|p2a: Melmetal|Melmetal|66/100
|
|-heal|p1a: Corviknight|94/100 slp|[from] item: Leftovers
|upkeep
|turn|21
|
|t:|1667458332
|cant|p1a: Corviknight|slp
|move|p2a: Melmetal|Thunder Punch|p1a: Corviknight
|-supereffective|p1a: Corviknight
|-damage|p1a: Corviknight|48/100 slp
|
|-heal|p1a: Corviknight|54/100 slp|[from] item: Leftovers
|upkeep
|turn|22
|
|t:|1667458334
|-curestatus|p1a: Corviknight|slp|[msg]
|move|p1a: Corviknight|Defog|p2a: Melmetal
|-unboost|p2a: Melmetal|evasion|1
|-sideend|p1: Amane Misa|Stealth Rock|[from] move: Defog|[of] p1a: Corviknight
|move|p2a: Melmetal|Thunder Punch|p1a: Corviknight
|-supereffective|p1a: Corviknight
|-damage|p1a: Corviknight|7/100
|
|-heal|p1a: Corviknight|13/100|[from] item: Leftovers
|upkeep
|turn|23
|
|t:|1667458335
|move|p1a: Corviknight|Roost|p1a: Corviknight
|-heal|p1a: Corviknight|63/100
|-singleturn|p1a: Corviknight|move: Roost
|move|p2a: Melmetal|Thunder Punch|p1a: Corviknight
|-damage|p1a: Corviknight|40/100
|
|-heal|p1a: Corviknight|47/100|[from] item: Leftovers
|upkeep
|turn|24
|
|t:|1667458338
|move|p1a: Corviknight|Roost|p1a: Corviknight
|-heal|p1a: Corviknight|97/100
|-singleturn|p1a: Corviknight|move: Roost
|move|p2a: Melmetal|Thunder Punch|p1a: Corviknight
|-damage|p1a: Corviknight|77/100
|
|-heal|p1a: Corviknight|83/100|[from] item: Leftovers
|upkeep
|turn|25
|
|t:|1667458341
|move|p1a: Corviknight|Body Press|p2a: Melmetal
|-supereffective|p2a: Melmetal
|-damage|p2a: Melmetal|37/100
|move|p2a: Melmetal|Thunder Punch|p1a: Corviknight
|-supereffective|p1a: Corviknight
|-damage|p1a: Corviknight|38/100
|
|-heal|p1a: Corviknight|44/100|[from] item: Leftovers
|upkeep
|turn|26
|
|t:|1667458342
|move|p1a: Corviknight|Roost|p1a: Corviknight
|-heal|p1a: Corviknight|94/100
|-singleturn|p1a: Corviknight|move: Roost
|move|p2a: Melmetal|Thunder Punch|p1a: Corviknight
|-damage|p1a: Corviknight|73/100
|
|-heal|p1a: Corviknight|79/100|[from] item: Leftovers
|upkeep
|turn|27
|
|t:|1667458343
|switch|p2a: Tangrowth|Tangrowth, F|83/100
|move|p1a: Corviknight|Body Press|p2a: Tangrowth
|-damage|p2a: Tangrowth|69/100
|-damage|p1a: Corviknight|63/100|[from] item: Rocky Helmet|[of] p2a: Tangrowth
|
|-heal|p1a: Corviknight|69/100|[from] item: Leftovers
|upkeep
|turn|28
|
|t:|1667458347
|switch|p1a: Tapu Koko|Tapu Koko|100/100
|-fieldstart|move: Electric Terrain|[from] ability: Electric Surge|[of] p1a: Tapu Koko
|move|p2a: Tangrowth|Sleep Powder|p1a: Tapu Koko
|-activate|p1a: Tapu Koko|move: Electric Terrain
|
|upkeep
|turn|29
|
|t:|1667458349
|switch|p2a: Landorus|Landorus-Therian, M|100/100
|-ability|p2a: Landorus|Intimidate|boost
|-unboost|p1a: Tapu Koko|atk|1
|move|p1a: Tapu Koko|Dazzling Gleam|p2a: Landorus
|-damage|p2a: Landorus|73/100
|
|-heal|p2a: Landorus|80/100|[from] item: Leftovers
|upkeep
|turn|30
|
|t:|1667458353
|switch|p1a: Corviknight|Corviknight, M|69/100
|-ability|p1a: Corviknight|Pressure
|move|p2a: Landorus|Toxic|p1a: Corviknight
|-immune|p1a: Corviknight
|
|-heal|p2a: Landorus|86/100|[from] item: Leftovers
|-heal|p1a: Corviknight|75/100|[from] item: Leftovers
|upkeep
|turn|31
|
|t:|1667458355
|move|p2a: Landorus|Defog|p1a: Corviknight
|-unboost|p1a: Corviknight|evasion|1
|-fieldend|move: Electric Terrain
|move|p1a: Corviknight|U-turn|p2a: Landorus
|-resisted|p2a: Landorus
|-damage|p2a: Landorus|78/100
|
|t:|1667458360
|switch|p1a: Landorus|Landorus-Therian, M|100/100|[from]move: U-turn
|-ability|p1a: Landorus|Intimidate|boost
|-unboost|p2a: Landorus|atk|1
|
|-heal|p2a: Landorus|84/100|[from] item: Leftovers
|upkeep
|turn|32
|
|t:|1667458362
|move|p1a: Landorus|Knock Off|p2a: Landorus
|-damage|p2a: Landorus|57/100
|-enditem|p2a: Landorus|Leftovers|[from] move: Knock Off|[of] p1a: Landorus
|move|p2a: Landorus|Toxic|p1a: Landorus
|-status|p1a: Landorus|tox
|
|-damage|p1a: Landorus|94/100 tox|[from] psn
|upkeep
|turn|33
|
|t:|1667458364
|move|p1a: Landorus|U-turn|p2a: Landorus
|-resisted|p2a: Landorus
|-damage|p2a: Landorus|45/100
|
|t:|1667458365
|switch|p1a: Corviknight|Corviknight, M|75/100|[from]move: U-turn
|-ability|p1a: Corviknight|Pressure
|move|p2a: Landorus|U-turn|p1a: Corviknight
|-resisted|p1a: Corviknight
|-damage|p1a: Corviknight|73/100
|
|t:|1667458365
|switch|p2a: Heatran|Heatran, M|48/100|[from]move: U-turn
|
|-heal|p1a: Corviknight|79/100|[from] item: Leftovers
|upkeep
|turn|34
|
|t:|1667458367
|switch|p1a: Slowbro|Slowbro, M|36/100
|move|p2a: Heatran|Magma Storm|p1a: Slowbro
|-resisted|p1a: Slowbro
|-crit|p1a: Slowbro
|-damage|p1a: Slowbro|0 fnt
|faint|p1a: Slowbro
|
|upkeep
|
|t:|1667458371
|switch|p1a: Terrakion|Terrakion|34/100
|turn|35
|
|t:|1667458373
|switch|p2a: Tangrowth|Tangrowth, F|100/100
|move|p1a: Terrakion|Stone Edge|p2a: Tangrowth
|-damage|p2a: Tangrowth|62/100
|
|upkeep
|turn|36
|
|t:|1667458378
|switch|p1a: Corviknight|Corviknight, M|79/100
|-ability|p1a: Corviknight|Pressure
|move|p2a: Tangrowth|Giga Drain|p1a: Corviknight
|-resisted|p1a: Corviknight
|-damage|p1a: Corviknight|73/100
|-heal|p2a: Tangrowth|65/100|[from] drain|[of] p1a: Corviknight
|
|-heal|p1a: Corviknight|79/100|[from] item: Leftovers
|upkeep
|turn|37
|
|t:|1667458380
|move|p1a: Corviknight|U-turn|p2a: Tangrowth
|-supereffective|p2a: Tangrowth
|-damage|p2a: Tangrowth|49/100
|-damage|p1a: Corviknight|63/100|[from] item: Rocky Helmet|[of] p2a: Tangrowth
|
|t:|1667458382
|switch|p1a: Tapu Koko|Tapu Koko|100/100|[from]move: U-turn
|-fieldstart|move: Electric Terrain|[from] ability: Electric Surge|[of] p1a: Tapu Koko
|move|p2a: Tangrowth|Sleep Powder|p1a: Tapu Koko
|-activate|p1a: Tapu Koko|move: Electric Terrain
|
|upkeep
|turn|38
|
|t:|1667458391
|switch|p2a: Melmetal|Melmetal|37/100
|move|p1a: Tapu Koko|Dazzling Gleam|p2a: Melmetal
|-resisted|p2a: Melmetal
|-damage|p2a: Melmetal|29/100
|
|upkeep
|turn|39
|
|t:|1667458392
|move|p1a: Tapu Koko|Thunderbolt|p2a: Melmetal
|-damage|p2a: Melmetal|4/100
|move|p2a: Melmetal|Thunder Punch|p1a: Tapu Koko
|-resisted|p1a: Tapu Koko
|-damage|p1a: Tapu Koko|71/100
|
|upkeep
|turn|40
|
|t:|1667458394
|switch|p2a: Tangrowth|Tangrowth, F|82/100
|move|p1a: Tapu Koko|Dazzling Gleam|p2a: Tangrowth
|-damage|p2a: Tangrowth|37/100
|
|upkeep
|turn|41
|
|t:|1667458398
|switch|p2a: Melmetal|Melmetal|4/100
|move|p1a: Tapu Koko|Dazzling Gleam|p2a: Melmetal
|-resisted|p2a: Melmetal
|-damage|p2a: Melmetal|0 fnt
|faint|p2a: Melmetal
|
|-fieldend|move: Electric Terrain
|upkeep
|
|t:|1667458398
|switch|p2a: Tangrowth|Tangrowth, F|71/100
|turn|42
|
|t:|1667458401
|switch|p1a: Corviknight|Corviknight, M|63/100
|-ability|p1a: Corviknight|Pressure
|move|p2a: Tangrowth|Sleep Powder|p1a: Corviknight|[miss]
|-miss|p2a: Tangrowth|p1a: Corviknight
|
|-heal|p1a: Corviknight|69/100|[from] item: Leftovers
|upkeep
|turn|43
|
|t:|1667458404
|move|p1a: Corviknight|U-turn|p2a: Tangrowth
|-supereffective|p2a: Tangrowth
|-damage|p2a: Tangrowth|55/100
|-damage|p1a: Corviknight|52/100|[from] item: Rocky Helmet|[of] p2a: Tangrowth
|
|t:|1667458406
|switch|p1a: Tapu Koko|Tapu Koko|71/100|[from]move: U-turn
|-fieldstart|move: Electric Terrain|[from] ability: Electric Surge|[of] p1a: Tapu Koko
|move|p2a: Tangrowth|Sleep Powder|p1a: Tapu Koko
|-activate|p1a: Tapu Koko|move: Electric Terrain
|
|upkeep
|turn|44
|
|t:|1667458407
|move|p1a: Tapu Koko|Dazzling Gleam|p2a: Tangrowth
|-damage|p2a: Tangrowth|10/100
|move|p2a: Tangrowth|Giga Drain|p1a: Tapu Koko
|-damage|p1a: Tapu Koko|28/100
|-heal|p2a: Tangrowth|25/100|[from] drain|[of] p1a: Tapu Koko
|
|upkeep
|turn|45
|
|t:|1667458409
|switch|p2a: Landorus|Landorus-Therian, M|45/100
|-ability|p2a: Landorus|Intimidate|boost
|-unboost|p1a: Tapu Koko|atk|1
|move|p1a: Tapu Koko|Dazzling Gleam|p2a: Landorus
|-damage|p2a: Landorus|20/100
|
|upkeep
|turn|46
|
|t:|1667458411
|move|p1a: Tapu Koko|Dazzling Gleam|p2a: Landorus
|-damage|p2a: Landorus|0 fnt
|faint|p2a: Landorus
|
|upkeep
|
|t:|1667458411
|switch|p2a: Weavile|Weavile, M|100/100
|-ability|p2a: Weavile|Pressure
|turn|47
|
|t:|1667458413
|move|p1a: Tapu Koko|Dazzling Gleam|p2a: Weavile
|-supereffective|p2a: Weavile
|-damage|p2a: Weavile|7/100
|move|p2a: Weavile|Triple Axel|p1a: Tapu Koko
|-damage|p1a: Tapu Koko|7/100
|-damage|p1a: Tapu Koko|0 fnt
|faint|p1a: Tapu Koko
|-hitcount|p1: Tapu Koko|2
|
|-fieldend|move: Electric Terrain
|upkeep
|
|t:|1667458418
|switch|p1a: Terrakion|Terrakion|34/100
|turn|48
|
|t:|1667458420
|move|p1a: Terrakion|Quick Attack|p2a: Weavile
|-damage|p2a: Weavile|0 fnt
|faint|p2a: Weavile
|
|upkeep
|
|t:|1667458420
|switch|p2a: Heatran|Heatran, M|48/100
|turn|49
|
|t:|1667458422
|switch|p1a: Landorus|Landorus-Therian, M|94/100 tox
|-ability|p1a: Landorus|Intimidate|boost
|-unboost|p2a: Heatran|atk|1
|move|p2a: Heatran|Eruption|p1a: Landorus
|-damage|p1a: Landorus|51/100 tox
|
|-heal|p1a: Landorus|57/100 tox|[from] item: Leftovers
|-damage|p1a: Landorus|51/100 tox|[from] psn
|upkeep
|turn|50
|
|t:|1667458424
|move|p2a: Heatran|Magma Storm|p1a: Landorus
|-damage|p1a: Landorus|0 fnt
|faint|p1a: Landorus
|
|upkeep
|
|t:|1667458429
|switch|p1a: Terrakion|Terrakion|34/100
|turn|51
|
|t:|1667458431
|switch|p2a: Tangrowth|Tangrowth, F|59/100
|move|p1a: Terrakion|Stone Edge|p2a: Tangrowth
|-damage|p2a: Tangrowth|19/100
|
|upkeep
|turn|52
|
|t:|1667458432
|move|p1a: Terrakion|Stone Edge|p2a: Tangrowth|[miss]
|-miss|p1a: Terrakion|p2a: Tangrowth
|move|p2a: Tangrowth|Giga Drain|p1a: Terrakion
|-supereffective|p1a: Terrakion
|-damage|p1a: Terrakion|0 fnt
|-heal|p2a: Tangrowth|32/100|[from] drain|[of] p1a: Terrakion
|faint|p1a: Terrakion
|
|upkeep
|
|t:|1667458434
|switch|p1a: Dragapult|Dragapult, M|7/100
|turn|53
|
|t:|1667458436
|switch|p2a: Heatran|Heatran, M|48/100
|move|p1a: Dragapult|Shadow Ball|p2a: Heatran
|-damage|p2a: Heatran|0 fnt
|faint|p2a: Heatran
|
|upkeep
|
|t:|1667458436
|switch|p2a: Tangrowth|Tangrowth, F|65/100
|turn|54
|
|t:|1667458438
|move|p1a: Dragapult|Shadow Ball|p2a: Tangrowth
|-damage|p2a: Tangrowth|0 fnt
|faint|p2a: Tangrowth
|
|win|Amane Misa
|raw|Amane Misa's rating: 1533 &rarr; <strong>1555</strong><br />(+22 for winning)
|raw|minimax_ai's rating: 1572 &rarr; <strong>1550</strong><br />(-22 for losing)
