|raw|<div class="broadcast-blue"><strong>This battle is required to be public due to a player having a name starting with 'lt93oq'.</div>
|j|☆LT93OQ Raptor
|j|☆Mimikyu Stardust
|t:|1660833609
|gametype|singles
|player|p1|LT93OQ Raptor|anabel|1828
|player|p2|Mimikyu Stardust|#wcop2022asia|1826
|teamsize|p1|6
|teamsize|p2|6
|gen|8
|tier|[Gen 8] OU
|rated|
|rule|Sleep Clause Mod: Limit one foe put to sleep
|rule|Species Clause: Limit one of each Pokémon
|rule|OHKO Clause: OHKO moves are banned
|rule|Evasion Items Clause: Evasion items are banned
|rule|Evasion Moves Clause: Evasion moves are banned
|rule|Endless Battle Clause: Forcing endless battles is banned
|rule|HP Percentage Mod: HP is shown in percentages
|rule|Dynamax Clause: You cannot dynamax
|clearpoke
|poke|p1|Dragonite, M|
|poke|p1|Garchomp, F|
|poke|p1|Kartana|
|poke|p1|Mew|
|poke|p1|Volcarona, F|
|poke|p1|Weavile, M|
|poke|p2|Mew|
|poke|p2|Lycanroc-Dusk, F|
|poke|p2|Garchomp, M|
|poke|p2|Blacephalon|
|poke|p2|Nihilego|
|poke|p2|Kartana|
|teampreview
|c|☆Mimikyu Stardust|hf
|c|☆LT93OQ Raptor|u2
|inactive|Battle timer is ON: inactive players will automatically lose when time's up. (requested by LT93OQ Raptor)
|j| regnite ◕‿◕
|
|t:|1660833633
|start
|switch|p1a: Garchomp|Garchomp, F|100/100
|switch|p2a: Blacephalon|Blacephalon|100/100
|turn|1
|
|t:|1660833645
|move|p2a: Blacephalon|Shadow Ball|p1a: Garchomp
|-damage|p1a: Garchomp|57/100
|move|p1a: Garchomp|Earthquake|p2a: Blacephalon
|-supereffective|p2a: Blacephalon
|-enditem|p2a: Blacephalon|Focus Sash
|-damage|p2a: Blacephalon|1/100
|-damage|p1a: Garchomp|47/100|[from] item: Life Orb
|
|upkeep
|turn|2
|
|t:|1660833653
|move|p2a: Blacephalon|Shadow Ball|p1a: Garchomp
|-damage|p1a: Garchomp|0 fnt
|faint|p1a: Garchomp
|-ability|p2a: Blacephalon|Beast Boost|boost
|-boost|p2a: Blacephalon|spe|1
|
|upkeep
|
|t:|1660833658
|switch|p1a: Kartana|Kartana|100/100
|turn|3
|
|t:|1660833661
|move|p1a: Kartana|Knock Off|p2a: Blacephalon
|-supereffective|p2a: Blacephalon
|-damage|p2a: Blacephalon|0 fnt
|faint|p2a: Blacephalon
|-ability|p1a: Kartana|Beast Boost|boost
|-boost|p1a: Kartana|atk|1
|
|upkeep
|
|t:|1660833669
|switch|p2a: Kartana|Kartana|100/100
|turn|4
|
|t:|1660833688
|switch|p1a: Mew|Mew|100/100
|move|p2a: Kartana|Sacred Sword|p1a: Mew
|-resisted|p1a: Mew
|-damage|p1a: Mew|84/100
|
|upkeep
|turn|5
|
|t:|1660833691
|move|p2a: Kartana|Swords Dance|p2a: Kartana
|-boost|p2a: Kartana|atk|2
|move|p1a: Mew|Stealth Rock|p2a: Kartana
|-sidestart|p2: Mimikyu Stardust|move: Stealth Rock
|
|upkeep
|turn|6
|
|t:|1660833695
|move|p2a: Kartana|Leaf Blade|p1a: Mew
|-damage|p1a: Mew|0 fnt
|faint|p1a: Mew
|-ability|p2a: Kartana|Beast Boost|boost
|-boost|p2a: Kartana|atk|1
|
|upkeep
|j| antistalldestroye
|inactive|LT93OQ Raptor has 120 seconds left.
|
|t:|1660833749
|switch|p1a: Weavile|Weavile, M|100/100
|-ability|p1a: Weavile|Pressure
|turn|7
|
|t:|1660833755
|move|p1a: Weavile|Triple Axel|p2a: Kartana
|-damage|p2a: Kartana|85/100
|-damage|p2a: Kartana|60/100
|-hitcount|p2a: Kartana|2
|-damage|p1a: Weavile|91/100|[from] item: Life Orb
|move|p2a: Kartana|Leaf Blade|p1a: Weavile
|-damage|p1a: Weavile|0 fnt
|faint|p1a: Weavile
|-ability|p2a: Kartana|Beast Boost|boost
|-boost|p2a: Kartana|atk|1
|
|upkeep
|
|t:|1660833761
|switch|p1a: Kartana|Kartana|100/100
|turn|8
|
|t:|1660833764
|move|p1a: Kartana|Sacred Sword|p2a: Kartana
|-supereffective|p2a: Kartana
|-damage|p2a: Kartana|0 fnt
|faint|p2a: Kartana
|-ability|p1a: Kartana|Beast Boost|boost
|-boost|p1a: Kartana|atk|1
|
|upkeep
|
|t:|1660833766
|switch|p2a: Mew|Mew|100/100
|-damage|p2a: Mew|88/100|[from] Stealth Rock
|turn|9
|
|t:|1660833776
|switch|p1a: Dragonite|Dragonite, M|100/100
|move|p2a: Mew|Close Combat|p1a: Dragonite
|-resisted|p1a: Dragonite
|-damage|p1a: Dragonite|92/100
|-unboost|p2a: Mew|def|1
|-unboost|p2a: Mew|spd|1
|
|upkeep
|turn|10
|
|t:|1660833779
|switch|p1a: Volcarona|Volcarona, F|100/100
|move|p2a: Mew|Taunt|p1a: Volcarona
|-start|p1a: Volcarona|move: Taunt
|
|upkeep
|turn|11
|
|t:|1660833783
|move|p2a: Mew|Spikes|p1a: Volcarona
|-sidestart|p1: LT93OQ Raptor|Spikes
|move|p1a: Volcarona|Bug Buzz|p2a: Mew
|-supereffective|p2a: Mew
|-damage|p2a: Mew|0 fnt
|faint|p2a: Mew
|
|upkeep
|j| EricDansPierre
|
|t:|1660833791
|switch|p2a: Garchomp|Garchomp, M|100/100
|-damage|p2a: Garchomp|94/100|[from] Stealth Rock
|turn|12
|
|t:|1660833795
|move|p2a: Garchomp|Scale Shot|p1a: Volcarona|[miss]
|-miss|p2a: Garchomp|p1a: Volcarona
|move|p1a: Volcarona|Bug Buzz|p2a: Garchomp
|-damage|p2a: Garchomp|45/100
|
|-end|p1a: Volcarona|move: Taunt
|upkeep
|turn|13
|l| EricDansPierre
|
|t:|1660833798
|move|p2a: Garchomp|Scale Shot|p1a: Volcarona
|-damage|p1a: Volcarona|82/100
|-damage|p1a: Volcarona|64/100
|-hitcount|p1a: Volcarona|2
|-unboost|p2a: Garchomp|def|1
|-boost|p2a: Garchomp|spe|1
|move|p1a: Volcarona|Bug Buzz|p2a: Garchomp
|-damage|p2a: Garchomp|0 fnt
|faint|p2a: Garchomp
|
|upkeep
|j| LT93OQ acii
|-message|Mimikyu Stardust forfeited.
|
|win|LT93OQ Raptor
|raw|LT93OQ Raptor's rating: 1828 &rarr; <strong>1848</strong><br />(+20 for winning)
|raw|Mimikyu Stardust's rating: 1826 &rarr; <strong>1806</strong><br />(-20 for losing)
|l|☆Mimikyu Stardust
|l| regnite ◕‿◕
