|html|<div class="broadcast-blue"><strong>[Gen 8] OU is currently suspecting Melmetal! For information on how to participate check out the <a href="https://www.smogon.com/forums/threads/np-ss-ou-suspect-process-round-12-monster-mash.3709234/">suspect thread</a>.</strong></div>
|j|☆khatru my goat
|j|☆OUTD Wraks2
|t:|1666512968
|gametype|singles
|player|p1|khatru my goat|teamrocket|1727
|player|p2|OUTD Wraks2|266|1640
|teamsize|p1|6
|teamsize|p2|6
|gen|8
|tier|[Gen 8] OU
|rated|
|rule|Sleep Clause Mod: Limit one foe put to sleep
|rule|Species Clause: Limit one of each Pokémon
|rule|OHKO Clause: OHKO moves are banned
|rule|Evasion Items Clause: Evasion items are banned
|rule|Evasion Moves Clause: Evasion moves are banned
|rule|Endless Battle Clause: Forcing endless battles is banned
|rule|HP Percentage Mod: HP is shown in percentages
|rule|Dynamax Clause: You cannot dynamax
|clearpoke
|poke|p1|Skarmory, M|
|poke|p1|Dragapult, M|
|poke|p1|Toxtricity, F|
|poke|p1|Bisharp, F|
|poke|p1|Tapu Fini|
|poke|p1|Blaziken, M|
|poke|p2|Pelipper, F|
|poke|p2|Slowbro, M|
|poke|p2|Tornadus-Therian, M|
|poke|p2|Thundurus-Therian, M|
|poke|p2|Blissey, F|
|poke|p2|Urshifu-*, M|
|teampreview
|inactive|Battle timer is ON: inactive players will automatically lose when time's up. (requested by khatru my goat)
|inactive|OUTD Wraks2 also wants the timer to be on.
|
|t:|1666512984
|start
|switch|p1a: Toxtricity|Toxtricity, F|100/100
|switch|p2a: Pelipper|Pelipper, F|100/100
|-weather|RainDance|[from] ability: Drizzle|[of] p2a: Pelipper
|turn|1
|
|t:|1666512986
|switch|p2a: Blissey|Blissey, F|100/100
|move|p1a: Toxtricity|Boomburst|p2a: Blissey
|-damage|p2a: Blissey|63/100
|
|-weather|RainDance|[upkeep]
|upkeep
|turn|2
|
|t:|1666512992
|move|p1a: Toxtricity|Boomburst|p2a: Blissey
|-damage|p2a: Blissey|27/100
|move|p2a: Blissey|Soft-Boiled|p2a: Blissey
|-heal|p2a: Blissey|77/100
|
|-weather|RainDance|[upkeep]
|upkeep
|turn|3
|
|t:|1666513003
|switch|p1a: Skarmory|Skarmory, M|100/100
|move|p2a: Blissey|Stealth Rock|p1a: Skarmory
|-sidestart|p1: khatru my goat|move: Stealth Rock
|
|-weather|RainDance|[upkeep]
|upkeep
|turn|4
|
|t:|1666513009
|move|p1a: Skarmory|Stealth Rock|p2a: Blissey
|-sidestart|p2: OUTD Wraks2|move: Stealth Rock
|move|p2a: Blissey|Teleport|p2a: Blissey
|
|t:|1666513013
|switch|p2a: Thundurus|Thundurus-Therian, M|100/100|[from]move: Teleport
|
|-weather|RainDance|[upkeep]
|upkeep
|turn|5
|
|t:|1666513018
|move|p2a: Thundurus|Thunder|p1a: Skarmory
|-supereffective|p1a: Skarmory
|-ability|p1a: Skarmory|Sturdy
|-damage|p1a: Skarmory|1/100
|move|p1a: Skarmory|Spikes|p2a: Thundurus
|-sidestart|p2: OUTD Wraks2|Spikes
|
|-weather|RainDance|[upkeep]
|upkeep
|turn|6
|-enditem|p1a: Skarmory|Custap Berry|[eat]
|-activate|p1a: Skarmory|item: Custap Berry|[consumed]
|
|t:|1666513026
|move|p1a: Skarmory|Brave Bird|p2a: Thundurus
|-resisted|p2a: Thundurus
|-damage|p2a: Thundurus|66/100
|-damage|p1a: Skarmory|0 fnt|[from] Recoil
|faint|p1a: Skarmory
|move|p2a: Thundurus|Thunder|p1: Skarmory|[notarget]
|-fail|p2a: Thundurus
|
|-weather|RainDance|[upkeep]
|upkeep
|
|t:|1666513030
|switch|p1a: Dragapult|Dragapult, M|100/100
|-damage|p1a: Dragapult|88/100|[from] Stealth Rock
|turn|7
|
|t:|1666513039
|switch|p2a: Slowbro|Slowbro, M|100/100
|-damage|p2a: Slowbro|88/100|[from] Stealth Rock
|-damage|p2a: Slowbro|76/100|[from] Spikes
|move|p1a: Dragapult|Dragon Darts|p2a: Slowbro
|-damage|p2a: Slowbro|52/100
|-anim|p1a: Dragapult|Dragon Darts|p2a: Slowbro
|-damage|p2a: Slowbro|31/100
|
|-weather|RainDance|[upkeep]
|upkeep
|turn|8
|
|t:|1666513055
|switch|p2a: Thundurus|Thundurus-Therian, M|66/100
|move|p1a: Dragapult|Dragon Darts|p2a: Thundurus
|-damage|p2a: Thundurus|14/100
|-anim|p1a: Dragapult|Dragon Darts|p2a: Thundurus
|-damage|p2a: Thundurus|0 fnt
|faint|p2a: Thundurus
|
|-weather|none
|upkeep
|
|t:|1666513069
|switch|p2a: Pelipper|Pelipper, F|100/100
|-damage|p2a: Pelipper|75/100|[from] Stealth Rock
|-weather|RainDance|[from] ability: Drizzle|[of] p2a: Pelipper
|turn|9
|
|t:|1666513073
|move|p1a: Dragapult|Dragon Darts|p2a: Pelipper
|-damage|p2a: Pelipper|37/100
|-anim|p1a: Dragapult|Dragon Darts|p2a: Pelipper
|-damage|p2a: Pelipper|0 fnt
|faint|p2a: Pelipper
|
|-weather|RainDance|[upkeep]
|upkeep
|
|t:|1666513078
|switch|p2a: Urshifu|Urshifu-Rapid-Strike, M|100/100
|-damage|p2a: Urshifu|94/100|[from] Stealth Rock
|-damage|p2a: Urshifu|82/100|[from] Spikes
|turn|10
|
|t:|1666513089
|move|p2a: Urshifu|Surging Strikes|p1a: Dragapult
|-resisted|p1a: Dragapult
|-crit|p1a: Dragapult
|-damage|p1a: Dragapult|68/100
|-resisted|p1a: Dragapult
|-crit|p1a: Dragapult
|-damage|p1a: Dragapult|49/100
|-resisted|p1a: Dragapult
|-crit|p1a: Dragapult
|-damage|p1a: Dragapult|30/100
|-hitcount|p1a: Dragapult|3
|move|p1a: Dragapult|Dragon Darts|p2a: Urshifu
|-damage|p2a: Urshifu|45/100
|-anim|p1a: Dragapult|Dragon Darts|p2a: Urshifu
|-damage|p2a: Urshifu|7/100
|
|-weather|RainDance|[upkeep]
|upkeep
|turn|11
|
|t:|1666513097
|switch|p1a: Raven|Tapu Fini, shiny|100/100
|-damage|p1a: Raven|88/100|[from] Stealth Rock
|-fieldstart|move: Misty Terrain|[from] ability: Misty Surge|[of] p1a: Raven
|move|p2a: Urshifu|Surging Strikes|p1a: Raven
|-resisted|p1a: Raven
|-crit|p1a: Raven
|-damage|p1a: Raven|71/100
|-resisted|p1a: Raven
|-crit|p1a: Raven
|-damage|p1a: Raven|54/100
|-resisted|p1a: Raven
|-crit|p1a: Raven
|-damage|p1a: Raven|36/100
|-hitcount|p1a: Raven|3
|
|-weather|RainDance|[upkeep]
|upkeep
|turn|12
|
|t:|1666513105
|move|p2a: Urshifu|Surging Strikes|p1a: Raven
|-resisted|p1a: Raven
|-crit|p1a: Raven
|-damage|p1a: Raven|20/100
|-resisted|p1a: Raven
|-crit|p1a: Raven
|-damage|p1a: Raven|5/100
|-resisted|p1a: Raven
|-crit|p1a: Raven
|-damage|p1a: Raven|0 fnt
|faint|p1a: Raven
|-hitcount|p1: Raven|3
|
|-weather|RainDance|[upkeep]
|upkeep
|
|t:|1666513109
|switch|p1a: Bisharp|Bisharp, F, shiny|100/100
|-damage|p1a: Bisharp|95/100|[from] Stealth Rock
|turn|13
|
|t:|1666513116
|switch|p2a: Tornadus|Tornadus-Therian, M|100/100
|move|p1a: Bisharp|Sucker Punch||[still]
|-fail|p1a: Bisharp
|
|-weather|RainDance|[upkeep]
|upkeep
|turn|14
|
|t:|1666513128
|switch|p1a: Toxtricity|Toxtricity, F|100/100
|-damage|p1a: Toxtricity|88/100|[from] Stealth Rock
|move|p2a: Tornadus|Weather Ball|p1a: Toxtricity
|-damage|p1a: Toxtricity|16/100
|
|-weather|RainDance|[upkeep]
|upkeep
|turn|15
|
|t:|1666513135
|move|p2a: Tornadus|Weather Ball|p1a: Toxtricity
|-damage|p1a: Toxtricity|0 fnt
|faint|p1a: Toxtricity
|
|-weather|RainDance|[upkeep]
|-fieldend|Misty Terrain
|upkeep
|
|t:|1666513137
|switch|p1a: Dragapult|Dragapult, M|30/100
|-damage|p1a: Dragapult|18/100|[from] Stealth Rock
|turn|16
|j| StormRush
|j| gold bottle
|
|t:|1666513149
|switch|p2a: Blissey|Blissey, F|77/100
|move|p1a: Dragapult|Dragon Darts|p2a: Blissey
|-damage|p2a: Blissey|47/100
|-anim|p1a: Dragapult|Dragon Darts|p2a: Blissey
|-damage|p2a: Blissey|12/100
|
|-weather|none
|upkeep
|turn|17
|j| WeirdHamster
|
|t:|1666513157
|move|p1a: Dragapult|Dragon Darts|p2a: Blissey
|-damage|p2a: Blissey|0 fnt
|faint|p2a: Blissey
|
|upkeep
|inactive|OUTD Wraks2 has 120 seconds left.
|
|t:|1666513188
|switch|p2a: Slowbro|Slowbro, M|64/100
|-damage|p2a: Slowbro|52/100|[from] Stealth Rock
|-damage|p2a: Slowbro|39/100|[from] Spikes
|turn|18
|
|t:|1666513192
|switch|p2a: Urshifu|Urshifu-Rapid-Strike, M|7/100
|-damage|p2a: Urshifu|0 fnt|[from] Stealth Rock
|faint|p2a: Urshifu
|move|p1a: Dragapult|Dragon Darts|p2: Urshifu|[notarget]
|-fail|p1a: Dragapult
|
|upkeep
|
|t:|1666513195
|switch|p2a: Slowbro|Slowbro, M|72/100
|-damage|p2a: Slowbro|60/100|[from] Stealth Rock
|-damage|p2a: Slowbro|47/100|[from] Spikes
|turn|19
|l| StormRush
|inactive|OUTD Wraks2 has 120 seconds left.
|
|t:|1666513232
|move|p1a: Dragapult|Dragon Darts|p2a: Slowbro
|-damage|p2a: Slowbro|25/100
|-anim|p1a: Dragapult|Dragon Darts|p2a: Slowbro
|-damage|p2a: Slowbro|3/100
|move|p2a: Slowbro|Slack Off|p2a: Slowbro
|-heal|p2a: Slowbro|53/100
|
|upkeep
|turn|20
|
|t:|1666513241
|move|p1a: Dragapult|Dragon Darts|p2a: Slowbro
|-damage|p2a: Slowbro|33/100
|-anim|p1a: Dragapult|Dragon Darts|p2a: Slowbro
|-damage|p2a: Slowbro|12/100
|move|p2a: Slowbro|Slack Off|p2a: Slowbro
|-heal|p2a: Slowbro|62/100
|
|upkeep
|turn|21
|
|t:|1666513244
|move|p1a: Dragapult|Dragon Darts|p2a: Slowbro
|-damage|p2a: Slowbro|39/100
|-anim|p1a: Dragapult|Dragon Darts|p2a: Slowbro
|-damage|p2a: Slowbro|18/100
|move|p2a: Slowbro|Slack Off|p2a: Slowbro
|-heal|p2a: Slowbro|68/100
|
|upkeep
|turn|22
|
|t:|1666513246
|move|p1a: Dragapult|Dragon Darts|p2a: Slowbro
|-damage|p2a: Slowbro|48/100
|-anim|p1a: Dragapult|Dragon Darts|p2a: Slowbro
|-crit|p2a: Slowbro
|-damage|p2a: Slowbro|18/100
|move|p2a: Slowbro|Slack Off|p2a: Slowbro
|-heal|p2a: Slowbro|68/100
|
|upkeep
|turn|23
|
|t:|1666513248
|move|p1a: Dragapult|Dragon Darts|p2a: Slowbro
|-damage|p2a: Slowbro|44/100
|-anim|p1a: Dragapult|Dragon Darts|p2a: Slowbro
|-damage|p2a: Slowbro|21/100
|move|p2a: Slowbro|Slack Off|p2a: Slowbro
|-heal|p2a: Slowbro|71/100
|
|upkeep
|turn|24
|j| cypherstest
|
|t:|1666513251
|move|p1a: Dragapult|Dragon Darts|p2a: Slowbro
|-damage|p2a: Slowbro|50/100
|-anim|p1a: Dragapult|Dragon Darts|p2a: Slowbro
|-damage|p2a: Slowbro|29/100
|move|p2a: Slowbro|Slack Off|p2a: Slowbro
|-heal|p2a: Slowbro|79/100
|
|upkeep
|turn|25
|
|t:|1666513254
|move|p1a: Dragapult|Dragon Darts|p2a: Slowbro
|-damage|p2a: Slowbro|57/100
|-anim|p1a: Dragapult|Dragon Darts|p2a: Slowbro
|-damage|p2a: Slowbro|34/100
|move|p2a: Slowbro|Slack Off|p2a: Slowbro
|-heal|p2a: Slowbro|84/100
|
|upkeep
|turn|26
|
|t:|1666513256
|move|p1a: Dragapult|Dragon Darts|p2a: Slowbro
|-damage|p2a: Slowbro|61/100
|-anim|p1a: Dragapult|Dragon Darts|p2a: Slowbro
|-damage|p2a: Slowbro|38/100
|move|p2a: Slowbro|Slack Off|p2a: Slowbro
|-heal|p2a: Slowbro|88/100
|
|upkeep
|turn|27
|
|t:|1666513259
|move|p1a: Dragapult|Dragon Darts|p2a: Slowbro
|-damage|p2a: Slowbro|65/100
|-anim|p1a: Dragapult|Dragon Darts|p2a: Slowbro
|-damage|p2a: Slowbro|44/100
|move|p2a: Slowbro|Slack Off|p2a: Slowbro
|-heal|p2a: Slowbro|94/100
|
|upkeep
|turn|28
|
|t:|1666513265
|switch|p1a: Blaziken|Blaziken, M|100/100
|-damage|p1a: Blaziken|88/100|[from] Stealth Rock
|-item|p1a: Blaziken|Air Balloon
|move|p2a: Slowbro|Body Press|p1a: Blaziken
|-damage|p1a: Blaziken|50/100
|-enditem|p1a: Blaziken|Air Balloon
|
|upkeep
|turn|29
|c| WeirdHamster|how is over 50% of this game just dragon darts
|
|t:|1666513292
|move|p1a: Blaziken|Flare Blitz|p2a: Slowbro
|-resisted|p2a: Slowbro
|-crit|p2a: Slowbro
|-damage|p2a: Slowbro|69/100
|-damage|p1a: Blaziken|39/100|[from] Recoil
|move|p2a: Slowbro|Body Press|p1a: Blaziken
|-damage|p1a: Blaziken|0 fnt
|faint|p1a: Blaziken
|
|upkeep
|
|t:|1666513300
|switch|p1a: Dragapult|Dragapult, M|18/100
|-damage|p1a: Dragapult|5/100|[from] Stealth Rock
|turn|30
|
|t:|1666513306
|switch|p2a: Tornadus|Tornadus-Therian, M|100/100
|move|p1a: Dragapult|Phantom Force||[still]
|-prepare|p1a: Dragapult|Phantom Force
|
|upkeep
|turn|31
|j| SJ90009
|
|t:|1666513312
|move|p1a: Dragapult|Phantom Force|p2a: Tornadus|[from]lockedmove
|-damage|p2a: Tornadus|4/100
|move|p2a: Tornadus|U-turn|p1a: Dragapult
|-resisted|p1a: Dragapult
|-damage|p1a: Dragapult|0 fnt
|faint|p1a: Dragapult
|
|t:|1666513315
|switch|p2a: Slowbro|Slowbro, M|100/100|[from]move: U-turn
|-damage|p2a: Slowbro|88/100|[from] Stealth Rock
|-damage|p2a: Slowbro|76/100|[from] Spikes
|
|upkeep
|
|t:|1666513317
|switch|p1a: Bisharp|Bisharp, F, shiny|95/100
|-damage|p1a: Bisharp|89/100|[from] Stealth Rock
|turn|32
|
|t:|1666513321
|move|p1a: Bisharp|Knock Off|p2a: Slowbro
|-supereffective|p2a: Slowbro
|-enditem|p2a: Slowbro|Colbur Berry|[eat]
|-enditem|p2a: Slowbro|Colbur Berry|[weaken]
|-damage|p2a: Slowbro|32/100
|-damage|p1a: Bisharp|79/100|[from] item: Life Orb
|move|p2a: Slowbro|Body Press|p1a: Bisharp
|-supereffective|p1a: Bisharp
|-damage|p1a: Bisharp|0 fnt
|faint|p1a: Bisharp
|
|win|OUTD Wraks2
|raw|khatru my goat's rating: 1727 &rarr; <strong>1702</strong><br />(-25 for losing)
|raw|OUTD Wraks2's rating: 1640 &rarr; <strong>1665</strong><br />(+25 for winning)
|c|☆OUTD Wraks2|gg
|l| cypherstest
|l|☆khatru my goat
