|j|☆GGeorgie◕‿◕
|j|☆lie flat
|t:|1668055558
|gametype|singles
|player|p1|GGeorgie◕‿◕|hiker-gen2|1626
|player|p2|lie flat|lass-gen4dp|1576
|teamsize|p1|6
|teamsize|p2|6
|gen|8
|tier|[Gen 8] OU
|rated|
|rule|Sleep Clause Mod: Limit one foe put to sleep
|rule|Species Clause: Limit one of each Pokémon
|rule|OHKO Clause: OHKO moves are banned
|rule|Evasion Items Clause: Evasion items are banned
|rule|Evasion Moves Clause: Evasion moves are banned
|rule|Endless Battle Clause: Forcing endless battles is banned
|rule|HP Percentage Mod: HP is shown in percentages
|rule|Dynamax Clause: You cannot dynamax
|clearpoke
|poke|p1|Zapdos|
|poke|p1|Tyranitar, M|
|poke|p1|Landorus-Therian, M|
|poke|p1|Excadrill, M|
|poke|p1|Clefable, F|
|poke|p1|Ferrothorn, F|
|poke|p2|Slowbro-Galar, F|
|poke|p2|Clefable, F|
|poke|p2|Ninetales-Alola, F|
|poke|p2|Magnezone|
|poke|p2|Seismitoad, M|
|poke|p2|Tornadus-Therian, M|
|teampreview
|inactive|Battle timer is ON: inactive players will automatically lose when time's up. (requested by GGeorgie◕‿◕)
|
|t:|1668055574
|start
|switch|p1a: Tyranitar|Tyranitar, M, shiny|100/100
|switch|p2a: Seismitoad|Seismitoad, M|100/100
|-weather|Sandstorm|[from] ability: Sand Stream|[of] p1a: Tyranitar
|turn|1
|
|t:|1668055593
|switch|p1a: Clefable|Clefable, F|100/100
|move|p2a: Seismitoad|Knock Off|p1a: Clefable
|-resisted|p1a: Clefable
|-damage|p1a: Clefable|92/100
|-enditem|p1a: Clefable|Life Orb|[from] move: Knock Off|[of] p2a: Seismitoad
|
|-weather|Sandstorm|[upkeep]
|upkeep
|turn|2
|inactive|lie flat has 120 seconds left.
|
|t:|1668055624
|move|p2a: Seismitoad|Stealth Rock|p1a: Clefable
|-sidestart|p1: GGeorgie◕‿◕|move: Stealth Rock
|move|p1a: Clefable|Moonblast|p2a: Seismitoad
|-damage|p2a: Seismitoad|76/100
|
|-weather|Sandstorm|[upkeep]
|-heal|p2a: Seismitoad|82/100|[from] item: Leftovers
|upkeep
|turn|3
|inactive|lie flat has 120 seconds left.
|
|t:|1668055636
|switch|p2a: Ninetales|Ninetales-Alola, F|100/100
|-weather|Hail|[from] ability: Snow Warning|[of] p2a: Ninetales
|move|p1a: Clefable|Moonblast|p2a: Ninetales
|-damage|p2a: Ninetales|62/100
|
|-weather|Hail|[upkeep]
|upkeep
|turn|4
|j| Pokemon Perfection
|
|t:|1668055644
|move|p2a: Ninetales|Nasty Plot|p2a: Ninetales
|-boost|p2a: Ninetales|spa|2
|move|p1a: Clefable|Moonblast|p2a: Ninetales
|-damage|p2a: Ninetales|24/100
|
|-weather|Hail|[upkeep]
|upkeep
|turn|5
|
|t:|1668055651
|switch|p1a: Tyranitar|Tyranitar, M, shiny|100/100
|-damage|p1a: Tyranitar|88/100|[from] Stealth Rock
|-weather|Sandstorm|[from] ability: Sand Stream|[of] p1a: Tyranitar
|move|p2a: Ninetales|Aurora Veil||[still]
|-fail|p2a: Ninetales
|
|-weather|Sandstorm|[upkeep]
|-damage|p2a: Ninetales|18/100|[from] Sandstorm
|upkeep
|turn|6
|
|t:|1668055660
|switch|p1a: Excadrill|Excadrill, M|100/100
|-damage|p1a: Excadrill|97/100|[from] Stealth Rock
|move|p2a: Ninetales|Moonblast|p1a: Excadrill
|-resisted|p1a: Excadrill
|-damage|p1a: Excadrill|53/100
|
|-weather|Sandstorm|[upkeep]
|-damage|p2a: Ninetales|12/100|[from] Sandstorm
|-heal|p1a: Excadrill|59/100|[from] item: Leftovers
|upkeep
|turn|7
|
|t:|1668055678
|switch|p2a: Tornadus|Tornadus-Therian, M|100/100
|move|p1a: Excadrill|Rapid Spin|p2a: Tornadus
|-damage|p2a: Tornadus|73/100
|-boost|p1a: Excadrill|spe|1
|-sideend|p1: GGeorgie◕‿◕|Stealth Rock|[from] move: Rapid Spin|[of] p1a: Excadrill
|
|-weather|Sandstorm|[upkeep]
|-damage|p2a: Tornadus|67/100|[from] Sandstorm
|-heal|p1a: Excadrill|65/100|[from] item: Leftovers
|upkeep
|turn|8
|
|t:|1668055693
|switch|p2a: Seismitoad|Seismitoad, M|82/100
|move|p1a: Excadrill|Iron Head|p2a: Seismitoad
|-resisted|p2a: Seismitoad
|-damage|p2a: Seismitoad|56/100
|
|-weather|Sandstorm|[upkeep]
|-heal|p1a: Excadrill|71/100|[from] item: Leftovers
|-heal|p2a: Seismitoad|62/100|[from] item: Leftovers
|upkeep
|turn|9
|
|t:|1668055705
|move|p1a: Excadrill|Earthquake|p2a: Seismitoad
|-damage|p2a: Seismitoad|0 fnt
|faint|p2a: Seismitoad
|
|-weather|none
|-heal|p1a: Excadrill|78/100|[from] item: Leftovers
|upkeep
|
|t:|1668055711
|switch|p2a: Magnezone|Magnezone|100/100
|-item|p2a: Magnezone|Air Balloon
|turn|10
|
|t:|1668055719
|move|p1a: Excadrill|Iron Head|p2a: Magnezone
|-resisted|p2a: Magnezone
|-damage|p2a: Magnezone|93/100
|-enditem|p2a: Magnezone|Air Balloon
|move|p2a: Magnezone|Body Press|p1a: Excadrill
|-supereffective|p1a: Excadrill
|-damage|p1a: Excadrill|0 fnt
|faint|p1a: Excadrill
|
|upkeep
|
|t:|1668055725
|switch|p1a: Zapdos|Zapdos|100/100
|turn|11
|inactive|lie flat has 120 seconds left.
|
|t:|1668055759
|switch|p2a: Tornadus|Tornadus-Therian, M|100/100
|move|p1a: Zapdos|Heat Wave|p2a: Tornadus
|-damage|p2a: Tornadus|40/100
|
|upkeep
|turn|12
|
|t:|1668055768
|switch|p1a: Ferrothorn|Ferrothorn, F, shiny|100/100
|move|p2a: Tornadus|Hurricane|p1a: Ferrothorn
|-damage|p1a: Ferrothorn|59/100
|-start|p1a: Ferrothorn|confusion
|
|upkeep
|turn|13
|
|t:|1668055777
|move|p2a: Tornadus|Heat Wave|p1a: Ferrothorn
|-supereffective|p1a: Ferrothorn
|-damage|p1a: Ferrothorn|0 fnt
|faint|p1a: Ferrothorn
|
|upkeep
|
|t:|1668055780
|switch|p1a: Landorus|Landorus-Therian, M|100/100
|-ability|p1a: Landorus|Intimidate|boost
|-unboost|p2a: Tornadus|atk|1
|turn|14
|
|t:|1668055786
|move|p1a: Landorus|Stone Edge|p2a: Tornadus
|-supereffective|p2a: Tornadus
|-damage|p2a: Tornadus|0 fnt
|faint|p2a: Tornadus
|
|upkeep
|
|t:|1668055797
|switch|p2a: Slowbro|Slowbro-Galar, F|100/100
|turn|15
|
|t:|1668055800
|switch|p1a: Tyranitar|Tyranitar, M, shiny|88/100
|-weather|Sandstorm|[from] ability: Sand Stream|[of] p1a: Tyranitar
|move|p2a: Slowbro|Nasty Plot|p2a: Slowbro
|-boost|p2a: Slowbro|spa|2
|
|-weather|Sandstorm|[upkeep]
|-damage|p2a: Slowbro|94/100|[from] Sandstorm
|upkeep
|turn|16
|-activate|p2a: Slowbro|ability: Quick Draw
|
|t:|1668055808
|move|p2a: Slowbro|Focus Blast|p1a: Tyranitar|[miss]
|-miss|p2a: Slowbro|p1a: Tyranitar
|move|p1a: Tyranitar|Earthquake|p2a: Slowbro
|-supereffective|p2a: Slowbro
|-damage|p2a: Slowbro|28/100
|
|-weather|Sandstorm|[upkeep]
|-damage|p2a: Slowbro|22/100|[from] Sandstorm
|upkeep
|turn|17
|
|t:|1668055817
|move|p1a: Tyranitar|Earthquake|p2a: Slowbro
|-supereffective|p2a: Slowbro
|-crit|p2a: Slowbro
|-damage|p2a: Slowbro|0 fnt
|faint|p2a: Slowbro
|
|-weather|Sandstorm|[upkeep]
|upkeep
|
|t:|1668055823
|switch|p2a: Ninetales|Ninetales-Alola, F|12/100
|-weather|Hail|[from] ability: Snow Warning|[of] p2a: Ninetales
|turn|18
|
|t:|1668055829
|move|p2a: Ninetales|Aurora Veil|p2a: Ninetales
|-sidestart|p2: lie flat|move: Aurora Veil
|move|p1a: Tyranitar|Earthquake|p2a: Ninetales
|-damage|p2a: Ninetales|0 fnt
|faint|p2a: Ninetales
|
|-weather|Hail|[upkeep]
|-damage|p1a: Tyranitar|82/100|[from] Hail
|upkeep
|
|t:|1668055835
|switch|p2a: Clefable|Clefable, F|100/100
|turn|19
|
|t:|1668055838
|move|p1a: Tyranitar|Taunt|p2a: Clefable
|-start|p2a: Clefable|move: Taunt
|cant|p2a: Clefable|move: Taunt|Cosmic Power
|
|-weather|Hail|[upkeep]
|-damage|p1a: Tyranitar|76/100|[from] Hail
|-damage|p2a: Clefable|94/100|[from] Hail
|-heal|p2a: Clefable|100/100|[from] item: Leftovers
|upkeep
|turn|20
|
|t:|1668055849
|switch|p1a: Zapdos|Zapdos|100/100
|move|p2a: Clefable|Charge Beam|p1a: Zapdos
|-damage|p1a: Zapdos|87/100
|-boost|p2a: Clefable|spa|1
|
|-weather|Hail|[upkeep]
|-damage|p1a: Zapdos|81/100|[from] Hail
|-damage|p2a: Clefable|94/100|[from] Hail
|-heal|p2a: Clefable|100/100|[from] item: Leftovers
|upkeep
|turn|21
|
|t:|1668055859
|move|p1a: Zapdos|Volt Switch|p2a: Clefable
|-damage|p2a: Clefable|79/100
|
|t:|1668055861
|switch|p1a: Tyranitar|Tyranitar, M, shiny|76/100|[from]move: Volt Switch
|-weather|Sandstorm|[from] ability: Sand Stream|[of] p1a: Tyranitar
|move|p2a: Clefable|Stored Power|p1a: Tyranitar
|-immune|p1a: Tyranitar
|
|-weather|Sandstorm|[upkeep]
|-damage|p2a: Clefable|73/100|[from] Sandstorm
|-heal|p2a: Clefable|79/100|[from] item: Leftovers
|-end|p2a: Clefable|move: Taunt
|upkeep
|turn|22
|-message|lie flat forfeited.
|
|win|GGeorgie◕‿◕
|raw|GGeorgie◕‿◕'s rating: 1626 &rarr; <strong>1643</strong><br />(+17 for winning)
|raw|lie flat's rating: 1576 &rarr; <strong>1559</strong><br />(-17 for losing)
|l|☆lie flat
