|raw|<div class="broadcast-blue"><strong>This battle is required to be public due to a player having a name starting with 'LT73IU'.</div>
|j|☆Commando 55
|j|☆lt73iu kingpin
|t:|1598671783
|player|p1|Commando 55|iris-gen5bw2|1849
|player|p2|lt73iu kingpin|morty-gen2|1982
|teamsize|p1|6
|teamsize|p2|6
|gametype|singles
|gen|8
|tier|[Gen 8] OU
|rated|
|clearpoke
|poke|p1|Raboot, F|
|poke|p1|Dragapult, M|
|poke|p1|Zeraora|
|poke|p1|Azumarill, F|
|poke|p1|Mandibuzz, F|
|poke|p1|Clefable, F|
|poke|p2|Excadrill, F|
|poke|p2|Rillaboom, M|
|poke|p2|Urshifu-*, F|
|poke|p2|Primarina, F|
|poke|p2|Toxtricity, F|
|poke|p2|Volcarona, M|
|rule|Sleep Clause Mod: Limit one foe put to sleep
|rule|Species Clause: Limit one of each Pokémon
|rule|OHKO Clause: OHKO moves are banned
|rule|Evasion Moves Clause: Evasion moves are banned
|rule|Endless Battle Clause: Forcing endless battles is banned
|rule|HP Percentage Mod: HP is shown in percentages
|rule|Dynamax Clause: You cannot dynamax
|teampreview
|j| dice
|j| Destro16
|j| tigers jaw
|inactive|Battle timer is ON: inactive players will automatically lose when time's up. (requested by lt73iu kingpin)
|j| egalvanc
|
|t:|1598671795
|start
|switch|p1a: Mandibuzz|Mandibuzz, F|100/100
|switch|p2a: Rillaboom|Rillaboom, M|100/100
|-fieldstart|move: Grassy Terrain|[from] ability: Grassy Surge|[of] p2a: Rillaboom
|turn|1
|j| Redflix
|
|t:|1598671799
|move|p2a: Rillaboom|U-turn|p1a: Mandibuzz
|-crit|p1a: Mandibuzz
|-damage|p1a: Mandibuzz|69/100
|j| LT73IU dTM
|
|t:|1598671804
|switch|p2a: Volcarona|Volcarona, M|100/100|[from]move: U-turn
|move|p1a: Mandibuzz|U-turn|p2a: Volcarona
|-resisted|p2a: Volcarona
|-damage|p2a: Volcarona|93/100
|j| Aurella
|j| Hockey1
|
|t:|1598671822
|switch|p1a: Raboot|Raboot, F, shiny|100/100|[from]move: U-turn
|
|-heal|p2a: Volcarona|99/100|[from] Grassy Terrain
|upkeep
|turn|2
|j| chenchujia
|c| tigers jaw|...
|c| tigers jaw|heat
|n| Ho-oh galar|redflix
|j| Tristan Liones
|
|t:|1598671834
|switch|p2a: Urshifu|Urshifu, F|100/100
|move|p1a: Raboot|Gunk Shot|p2a: Urshifu
|-start|p1a: Raboot|typechange|Poison|[from] ability: Libero
|-damage|p2a: Urshifu|25/100
|
|-heal|p2a: Urshifu|31/100|[from] Grassy Terrain
|upkeep
|turn|3
|j| spikematoi
|
|t:|1598671843
|switch|p1a: Clefable|Clefable, F|100/100
|move|p2a: Urshifu|Poison Jab|p1a: Clefable
|-supereffective|p1a: Clefable
|-damage|p1a: Clefable|49/100
|-damage|p2a: Urshifu|21/100|[from] item: Life Orb
|
|-heal|p2a: Urshifu|27/100|[from] Grassy Terrain
|-heal|p1a: Clefable|55/100|[from] item: Leftovers
|-heal|p1a: Clefable|61/100|[from] Grassy Terrain
|upkeep
|turn|4
|
|t:|1598671850
|switch|p2a: Excadrill|Excadrill, F|100/100
|-ability|p2a: Excadrill|Mold Breaker
|move|p1a: Clefable|Moonblast|p2a: Excadrill
|-resisted|p2a: Excadrill
|-damage|p2a: Excadrill|89/100
|
|-heal|p2a: Excadrill|95/100|[from] item: Leftovers
|-heal|p2a: Excadrill|100/100|[from] Grassy Terrain
|-heal|p1a: Clefable|67/100|[from] item: Leftovers
|-heal|p1a: Clefable|73/100|[from] Grassy Terrain
|upkeep
|turn|5
|
|t:|1598671859
|switch|p1a: Dragapult|Dragapult, M, shiny|100/100
|move|p2a: Excadrill|Stealth Rock|p1a: Dragapult
|-sidestart|p1: Commando 55|move: Stealth Rock
|
|-fieldend|move: Grassy Terrain
|upkeep
|turn|6
|
|t:|1598671868
|switch|p2a: Volcarona|Volcarona, M|99/100
|move|p1a: Dragapult|Fire Blast|p2a: Volcarona
|-damage|p2a: Volcarona|54/100
|
|upkeep
|turn|7
|l| chenchujia
|
|t:|1598671879
|move|p1a: Dragapult|Fire Blast|p2a: Volcarona
|-damage|p2a: Volcarona|8/100
|move|p2a: Volcarona|Roost|p2a: Volcarona
|-heal|p2a: Volcarona|58/100
|-singleturn|p2a: Volcarona|move: Roost
|
|upkeep
|turn|8
|l| LT73IU dTM
|
|t:|1598671890
|switch|p1a: Clefable|Clefable, F|73/100
|move|p2a: Volcarona|Roost|p2a: Volcarona
|-heal|p2a: Volcarona|100/100
|-singleturn|p2a: Volcarona|move: Roost
|
|-heal|p1a: Clefable|79/100|[from] item: Leftovers
|upkeep
|turn|9
|j| Staxi
|j| LT73IU dTM
|
|t:|1598671900
|switch|p2a: Excadrill|Excadrill, F|100/100
|-ability|p2a: Excadrill|Mold Breaker
|move|p1a: Clefable|Wish|p1a: Clefable
|
|-heal|p1a: Clefable|86/100|[from] item: Leftovers
|upkeep
|turn|10
|
|t:|1598671911
|switch|p1a: Mandibuzz|Mandibuzz, F|69/100
|move|p2a: Excadrill|High Horsepower|p1a: Mandibuzz
|-immune|p1a: Mandibuzz
|
|-heal|p1a: Mandibuzz|100/100|[from] move: Wish|[wisher] Clefable
|upkeep
|turn|11
|j| tanggy
|
|t:|1598671913
|move|p2a: Excadrill|Toxic|p1a: Mandibuzz
|-status|p1a: Mandibuzz|tox
|move|p1a: Mandibuzz|Defog|p2a: Excadrill
|-unboost|p2a: Excadrill|evasion|1
|-sideend|p1: Commando 55|Stealth Rock|[from] move: Defog|[of] p1a: Mandibuzz
|
|-damage|p1a: Mandibuzz|94/100 tox|[from] psn
|upkeep
|turn|12
|
|t:|1598671918
|move|p2a: Excadrill|Stealth Rock|p1a: Mandibuzz
|-sidestart|p1: Commando 55|move: Stealth Rock
|move|p1a: Mandibuzz|Foul Play|p2a: Excadrill
|-damage|p2a: Excadrill|49/100
|
|-heal|p2a: Excadrill|55/100|[from] item: Leftovers
|-damage|p1a: Mandibuzz|82/100 tox|[from] psn
|upkeep
|turn|13
|
|t:|1598671921
|switch|p2a: Primarina|Primarina, F|100/100
|move|p1a: Mandibuzz|Foul Play|p2a: Primarina
|-resisted|p2a: Primarina
|-damage|p2a: Primarina|90/100
|
|-heal|p2a: Primarina|96/100|[from] item: Leftovers
|-damage|p1a: Mandibuzz|64/100 tox|[from] psn
|upkeep
|turn|14
|
|t:|1598671927
|move|p1a: Mandibuzz|Defog|p2a: Primarina
|-unboost|p2a: Primarina|evasion|1
|-sideend|p1: Commando 55|Stealth Rock|[from] move: Defog|[of] p1a: Mandibuzz
|move|p2a: Primarina|Substitute|p2a: Primarina
|-start|p2a: Primarina|Substitute
|-damage|p2a: Primarina|71/100
|
|-heal|p2a: Primarina|77/100|[from] item: Leftovers
|-damage|p1a: Mandibuzz|39/100 tox|[from] psn
|upkeep
|turn|15
|
|t:|1598671929
|move|p1a: Mandibuzz|U-turn|p2a: Primarina
|-resisted|p2a: Primarina
|-activate|p2a: Primarina|move: Substitute|[damage]
|
|t:|1598671936
|switch|p1a: Azumarill|Azumarill, F, shiny|100/100|[from]move: U-turn
|move|p2a: Primarina|Calm Mind|p2a: Primarina
|-boost|p2a: Primarina|spa|1
|-boost|p2a: Primarina|spd|1
|
|-heal|p2a: Primarina|83/100|[from] item: Leftovers
|upkeep
|turn|16
|
|t:|1598671944
|move|p2a: Primarina|Scald|p1a: Azumarill
|-resisted|p1a: Azumarill
|-damage|p1a: Azumarill|83/100
|-status|p1a: Azumarill|brn
|move|p1a: Azumarill|Perish Song|p1a: Azumarill
|-start|p1a: Azumarill|perish3|[silent]
|-start|p2a: Primarina|perish3|[silent]
|-fieldactivate|move: Perish Song
|
|-heal|p2a: Primarina|89/100|[from] item: Leftovers
|-heal|p1a: Azumarill|89/100 brn|[from] item: Leftovers
|-damage|p1a: Azumarill|83/100 brn|[from] brn
|-start|p2a: Primarina|perish3
|-start|p1a: Azumarill|perish3
|upkeep
|turn|17
|
|t:|1598671952
|move|p1a: Azumarill|Protect|p1a: Azumarill
|-singleturn|p1a: Azumarill|Protect
|move|p2a: Primarina|Draining Kiss|p1a: Azumarill
|-activate|p1a: Azumarill|move: Protect
|
|-heal|p2a: Primarina|95/100|[from] item: Leftovers
|-heal|p1a: Azumarill|89/100 brn|[from] item: Leftovers
|-damage|p1a: Azumarill|83/100 brn|[from] brn
|-start|p2a: Primarina|perish2
|-start|p1a: Azumarill|perish2
|upkeep
|turn|18
|j|+Team Pokepals
|
|t:|1598671956
|move|p1a: Azumarill|Protect||[still]
|-fail|p1a: Azumarill
|move|p2a: Primarina|Draining Kiss|p1a: Azumarill
|-damage|p1a: Azumarill|60/100 brn
|-heal|p2a: Primarina|100/100|[from] drain|[of] p1a: Azumarill
|
|-heal|p1a: Azumarill|66/100 brn|[from] item: Leftovers
|-damage|p1a: Azumarill|60/100 brn|[from] brn
|-start|p2a: Primarina|perish1
|-start|p1a: Azumarill|perish1
|upkeep
|turn|19
|j| ligmadon769
|
|t:|1598671963
|switch|p2a: Rillaboom|Rillaboom, M|100/100
|-fieldstart|move: Grassy Terrain|[from] ability: Grassy Surge|[of] p2a: Rillaboom
|switch|p1a: Raboot|Raboot, F, shiny|100/100
|
|upkeep
|turn|20
|
|t:|1598671991
|move|p2a: Rillaboom|Grassy Glide|p1a: Raboot
|-resisted|p1a: Raboot
|-damage|p1a: Raboot|33/100
|move|p1a: Raboot|U-turn|p2a: Rillaboom
|-start|p1a: Raboot|typechange|Bug|[from] ability: Libero
|-supereffective|p2a: Rillaboom
|-crit|p2a: Rillaboom
|-damage|p2a: Rillaboom|0 fnt
|faint|p2a: Rillaboom
|j| lax
|
|t:|1598672007
|switch|p1a: Zeraora|Zeraora, shiny|100/100|[from]move: U-turn
|
|upkeep
|j| IT'S FINK DUMBASS
|inactive|lt73iu kingpin has 120 seconds left.
|
|t:|1598672023
|switch|p2a: Toxtricity|Toxtricity, F|100/100
|turn|21
|
|t:|1598672025
|move|p1a: Zeraora|Knock Off|p2a: Toxtricity
|-damage|p2a: Toxtricity|47/100
|-enditem|p2a: Toxtricity|Life Orb|[from] move: Knock Off|[of] p1a: Zeraora
|move|p2a: Toxtricity|Shift Gear|p2a: Toxtricity
|-boost|p2a: Toxtricity|spe|2
|-boost|p2a: Toxtricity|atk|1
|
|-heal|p2a: Toxtricity|53/100|[from] Grassy Terrain
|upkeep
|turn|22
|
|t:|1598672038
|switch|p1a: Dragapult|Dragapult, M, shiny|100/100
|move|p2a: Toxtricity|Drain Punch|p1a: Dragapult
|-immune|p1a: Dragapult
|
|-heal|p2a: Toxtricity|59/100|[from] Grassy Terrain
|upkeep
|turn|23
|
|t:|1598672047
|move|p2a: Toxtricity|Overdrive|p1a: Dragapult
|-resisted|p1a: Dragapult
|-damage|p1a: Dragapult|65/100
|move|p1a: Dragapult|Shadow Ball|p2a: Toxtricity
|-damage|p2a: Toxtricity|0 fnt
|faint|p2a: Toxtricity
|
|-heal|p1a: Dragapult|71/100|[from] Grassy Terrain
|-fieldend|move: Grassy Terrain
|upkeep
|
|t:|1598672059
|switch|p2a: Primarina|Primarina, F|100/100
|turn|24
|j| Miss Jisoo
|
|t:|1598672079
|switch|p1a: Azumarill|Azumarill, F, shiny|60/100 brn
|move|p2a: Primarina|Substitute|p2a: Primarina
|-start|p2a: Primarina|Substitute
|-damage|p2a: Primarina|76/100
|
|-heal|p2a: Primarina|82/100|[from] item: Leftovers
|-heal|p1a: Azumarill|66/100 brn|[from] item: Leftovers
|-damage|p1a: Azumarill|60/100 brn|[from] brn
|upkeep
|turn|25
|l| LT73IU dTM
|
|t:|1598672085
|move|p2a: Primarina|Calm Mind|p2a: Primarina
|-boost|p2a: Primarina|spa|1
|-boost|p2a: Primarina|spd|1
|move|p1a: Azumarill|Perish Song|p1a: Azumarill
|-start|p1a: Azumarill|perish3|[silent]
|-start|p2a: Primarina|perish3|[silent]
|-fieldactivate|move: Perish Song
|
|-heal|p2a: Primarina|88/100|[from] item: Leftovers
|-heal|p1a: Azumarill|66/100 brn|[from] item: Leftovers
|-damage|p1a: Azumarill|60/100 brn|[from] brn
|-start|p2a: Primarina|perish3
|-start|p1a: Azumarill|perish3
|upkeep
|turn|26
|
|t:|1598672090
|move|p2a: Primarina|Draining Kiss|p1a: Azumarill
|-damage|p1a: Azumarill|38/100 brn
|-heal|p2a: Primarina|100/100|[from] drain|[of] p1a: Azumarill
|move|p1a: Azumarill|Whirlpool|p2a: Primarina
|-resisted|p2a: Primarina
|-activate|p2a: Primarina|move: Substitute|[damage]
|
|-heal|p1a: Azumarill|44/100 brn|[from] item: Leftovers
|-damage|p1a: Azumarill|38/100 brn|[from] brn
|-start|p2a: Primarina|perish2
|-start|p1a: Azumarill|perish2
|upkeep
|turn|27
|
|t:|1598672097
|switch|p2a: Volcarona|Volcarona, M|100/100
|move|p1a: Azumarill|Protect||[still]
|-fail|p1a: Azumarill
|
|-heal|p1a: Azumarill|44/100 brn|[from] item: Leftovers
|-damage|p1a: Azumarill|38/100 brn|[from] brn
|-start|p1a: Azumarill|perish1
|upkeep
|turn|28
|l| Ho-oh galar
|
|t:|1598672106
|switch|p1a: Clefable|Clefable, F|86/100
|move|p2a: Volcarona|Quiver Dance|p2a: Volcarona
|-boost|p2a: Volcarona|spa|1
|-boost|p2a: Volcarona|spd|1
|-boost|p2a: Volcarona|spe|1
|
|-heal|p1a: Clefable|92/100|[from] item: Leftovers
|upkeep
|turn|29
|j| Zephyyyr
|
|t:|1598672109
|move|p2a: Volcarona|Quiver Dance|p2a: Volcarona
|-boost|p2a: Volcarona|spa|1
|-boost|p2a: Volcarona|spd|1
|-boost|p2a: Volcarona|spe|1
|move|p1a: Clefable|Wish|p1a: Clefable
|
|-heal|p1a: Clefable|98/100|[from] item: Leftovers
|upkeep
|turn|30
|j| lowly ladder
|
|t:|1598672114
|move|p2a: Volcarona|Flamethrower|p1a: Clefable
|-damage|p1a: Clefable|16/100
|move|p1a: Clefable|Teleport|p1a: Clefable
|
|t:|1598672116
|switch|p1a: Azumarill|Azumarill, F, shiny|38/100 brn|[from]move: Teleport
|
|-heal|p1a: Azumarill|87/100 brn|[from] move: Wish|[wisher] Clefable
|-heal|p1a: Azumarill|93/100 brn|[from] item: Leftovers
|-damage|p1a: Azumarill|87/100 brn|[from] brn
|upkeep
|turn|31
|
|t:|1598672123
|move|p2a: Volcarona|Flamethrower|p1a: Azumarill
|-resisted|p1a: Azumarill
|-damage|p1a: Azumarill|58/100 brn
|move|p1a: Azumarill|Toxic|p2a: Volcarona
|-status|p2a: Volcarona|tox
|
|-heal|p1a: Azumarill|64/100 brn|[from] item: Leftovers
|-damage|p2a: Volcarona|94/100 tox|[from] psn
|-damage|p1a: Azumarill|58/100 brn|[from] brn
|upkeep
|turn|32
|
|t:|1598672128
|move|p2a: Volcarona|Flamethrower|p1a: Azumarill
|-resisted|p1a: Azumarill
|-damage|p1a: Azumarill|29/100 brn
|move|p1a: Azumarill|Whirlpool|p2a: Volcarona
|-supereffective|p2a: Volcarona
|-damage|p2a: Volcarona|86/100 tox
|-activate|p2a: Volcarona|move: Whirlpool|[of] p1a: Azumarill
|
|-heal|p1a: Azumarill|35/100 brn|[from] item: Leftovers
|-damage|p2a: Volcarona|74/100 tox|[from] psn
|-damage|p1a: Azumarill|29/100 brn|[from] brn
|-damage|p2a: Volcarona|62/100 tox|[from] move: Whirlpool|[partiallytrapped]
|upkeep
|turn|33
|
|t:|1598672133
|move|p1a: Azumarill|Protect|p1a: Azumarill
|-singleturn|p1a: Azumarill|Protect
|move|p2a: Volcarona|Roost|p2a: Volcarona
|-heal|p2a: Volcarona|100/100 tox
|-singleturn|p2a: Volcarona|move: Roost
|
|-heal|p1a: Azumarill|35/100 brn|[from] item: Leftovers
|-damage|p2a: Volcarona|82/100 tox|[from] psn
|-damage|p1a: Azumarill|29/100 brn|[from] brn
|-damage|p2a: Volcarona|70/100 tox|[from] move: Whirlpool|[partiallytrapped]
|upkeep
|turn|34
|j|@Eo
|
|t:|1598672160
|move|p2a: Volcarona|Flamethrower|p1a: Azumarill
|-resisted|p1a: Azumarill
|-damage|p1a: Azumarill|2/100 brn
|move|p1a: Azumarill|Whirlpool|p2a: Volcarona
|-supereffective|p2a: Volcarona
|-damage|p2a: Volcarona|63/100 tox
|
|-heal|p1a: Azumarill|8/100 brn|[from] item: Leftovers
|-damage|p2a: Volcarona|38/100 tox|[from] psn
|-damage|p1a: Azumarill|2/100 brn|[from] brn
|-damage|p2a: Volcarona|26/100 tox|[from] move: Whirlpool|[partiallytrapped]
|upkeep
|turn|35
|
|t:|1598672170
|move|p1a: Azumarill|Protect|p1a: Azumarill
|-singleturn|p1a: Azumarill|Protect
|move|p2a: Volcarona|Roost|p2a: Volcarona
|-heal|p2a: Volcarona|76/100 tox
|-singleturn|p2a: Volcarona|move: Roost
|
|-heal|p1a: Azumarill|8/100 brn|[from] item: Leftovers
|-damage|p2a: Volcarona|45/100 tox|[from] psn
|-damage|p1a: Azumarill|2/100 brn|[from] brn
|-damage|p2a: Volcarona|33/100 tox|[from] move: Whirlpool|[partiallytrapped]
|upkeep
|turn|36
|
|t:|1598672178
|move|p1a: Azumarill|Protect||[still]
|-fail|p1a: Azumarill
|move|p2a: Volcarona|Flamethrower|p1a: Azumarill
|-resisted|p1a: Azumarill
|-damage|p1a: Azumarill|0 fnt
|faint|p1a: Azumarill
|
|-damage|p2a: Volcarona|0 fnt|[from] psn
|faint|p2a: Volcarona
|upkeep
|j| LT73IU dTM
|
|t:|1598672185
|switch|p2a: Excadrill|Excadrill, F|55/100
|switch|p1a: Zeraora|Zeraora, shiny|100/100
|-ability|p2a: Excadrill|Mold Breaker
|turn|37
|
|t:|1598672190
|move|p1a: Zeraora|Close Combat|p2a: Excadrill
|-supereffective|p2a: Excadrill
|-damage|p2a: Excadrill|0 fnt
|-unboost|p1a: Zeraora|def|1
|-unboost|p1a: Zeraora|spd|1
|faint|p2a: Excadrill
|
|upkeep
|
|t:|1598672191
|switch|p2a: Urshifu|Urshifu, F|27/100
|turn|38
|j| lt73iu pj
|
|t:|1598672221
|switch|p1a: Mandibuzz|Mandibuzz, F|39/100 tox
|switch|p2a: Primarina|Primarina, F|100/100
|
|-damage|p1a: Mandibuzz|33/100 tox|[from] psn
|upkeep
|turn|39
|
|t:|1598672234
|move|p1a: Mandibuzz|U-turn|p2a: Primarina
|-resisted|p2a: Primarina
|-damage|p2a: Primarina|94/100
|
|t:|1598672236
|switch|p1a: Raboot|Raboot, F, shiny|33/100|[from]move: U-turn
|move|p2a: Primarina|Substitute|p2a: Primarina
|-start|p2a: Primarina|Substitute
|-damage|p2a: Primarina|69/100
|
|-heal|p2a: Primarina|75/100|[from] item: Leftovers
|upkeep
|turn|40
|
|t:|1598672254
|move|p1a: Raboot|U-turn|p2a: Primarina
|-start|p1a: Raboot|typechange|Bug|[from] ability: Libero
|-resisted|p2a: Primarina
|-end|p2a: Primarina|Substitute
|
|t:|1598672257
|switch|p1a: Clefable|Clefable, F|16/100|[from]move: U-turn
|move|p2a: Primarina|Scald|p1a: Clefable
|-damage|p1a: Clefable|0 fnt
|faint|p1a: Clefable
|
|-heal|p2a: Primarina|81/100|[from] item: Leftovers
|upkeep
|
|t:|1598672259
|switch|p1a: Zeraora|Zeraora, shiny|100/100
|turn|41
|
|t:|1598672262
|move|p1a: Zeraora|Plasma Fists|p2a: Primarina
|-supereffective|p2a: Primarina
|-damage|p2a: Primarina|0 fnt
|-fieldactivate|move: Ion Deluge
|faint|p2a: Primarina
|
|upkeep
|-message|lt73iu kingpin forfeited.
|
|win|Commando 55
|l|☆lt73iu kingpin
|l| Hockey1
|raw|Commando 55's rating: 1830 &rarr; <strong>1859</strong><br />(+29 for winning)
|raw|lt73iu kingpin's rating: 1982 &rarr; <strong>1954</strong><br />(-28 for losing)
|l| tigers jaw
|l| Aurella
|l| dice
|l| Staxi
|l| Zephyyyr
|l| Miss Jisoo
|l| Tristan Liones
|l|+Team Pokepals
|l|☆Commando 55
|l| LT73IU dTM
|l| lt73iu pj
|j| Ho-oh galar
|l| Ho-oh galar
|j|+FMG
|l| Destro16
|l|+FMG
|l| ligmadon769
|l| lowly ladder
|l| tanggy
|l| spikematoi
|l| egalvanc
|j| egalvanc
