|j|☆drop a baby
|j|☆usernamepleasegive
|t:|1663748010
|gametype|singles
|player|p1|drop a baby|chase|1650
|player|p2|usernamepleasegive|misty|1687
|teamsize|p1|6
|teamsize|p2|6
|gen|8
|tier|[Gen 8] OU
|rated|
|rule|Sleep Clause Mod: Limit one foe put to sleep
|rule|Species Clause: Limit one of each Pokémon
|rule|OHKO Clause: OHKO moves are banned
|rule|Evasion Items Clause: Evasion items are banned
|rule|Evasion Moves Clause: Evasion moves are banned
|rule|Endless Battle Clause: Forcing endless battles is banned
|rule|HP Percentage Mod: HP is shown in percentages
|rule|Dynamax Clause: You cannot dynamax
|clearpoke
|poke|p1|Zeraora|
|poke|p1|Volcanion|
|poke|p1|Landorus-Therian, M|
|poke|p1|Volcarona, M|
|poke|p1|Blacephalon|
|poke|p1|Moltres-Galar|
|poke|p2|Tapu Koko|
|poke|p2|Tyranitar, M|
|poke|p2|Ferrothorn, M|
|poke|p2|Landorus-Therian, M|
|poke|p2|Regieleki|
|poke|p2|Gyarados, M|
|teampreview
|inactive|Battle timer is ON: inactive players will automatically lose when time's up. (requested by drop a baby)
|
|t:|1663748019
|start
|switch|p1a: Landorus|Landorus-Therian, M|100/100
|switch|p2a: Landorus|Landorus-Therian, M|100/100
|-ability|p2a: Landorus|Intimidate|boost
|-unboost|p1a: Landorus|atk|1
|-ability|p1a: Landorus|Intimidate|boost
|-unboost|p2a: Landorus|atk|1
|turn|1
|j| joeyvn
|
|t:|1663748026
|switch|p1a: Blacephalon|Blacephalon|100/100
|move|p2a: Landorus|Explosion|p1a: Blacephalon
|-immune|p1a: Blacephalon
|faint|p2a: Landorus
|
|upkeep
|c|☆usernamepleasegive|oh damn
|
|t:|1663748035
|switch|p2a: Gyarados|Gyarados, M|100/100
|turn|2
|
|t:|1663748038
|move|p1a: Blacephalon|Trick|p2a: Gyarados
|-activate|p1a: Blacephalon|move: Trick|[of] p2a: Gyarados
|-item|p2a: Gyarados|Choice Scarf|[from] move: Trick
|-item|p1a: Blacephalon|Leftovers|[from] move: Trick
|move|p2a: Gyarados|Dragon Dance|p2a: Gyarados
|-boost|p2a: Gyarados|atk|1
|-boost|p2a: Gyarados|spe|1
|
|upkeep
|turn|3
|j| Cubone_BigKing
|
|t:|1663748047
|switch|p2a: Tyranitar|Tyranitar, M|100/100
|-weather|Sandstorm|[from] ability: Sand Stream|[of] p2a: Tyranitar
|move|p1a: Blacephalon|Shadow Ball|p2a: Tyranitar
|-resisted|p2a: Tyranitar
|-damage|p2a: Tyranitar|86/100
|-unboost|p2a: Tyranitar|spd|1
|
|-weather|Sandstorm|[upkeep]
|-damage|p1a: Blacephalon|94/100|[from] Sandstorm
|-heal|p1a: Blacephalon|100/100|[from] item: Leftovers
|upkeep
|turn|4
|j| Dysty
|
|t:|1663748057
|switch|p1a: Volcanion|Volcanion|100/100
|move|p2a: Tyranitar|Ice Beam|p1a: Volcanion
|-resisted|p1a: Volcanion
|-damage|p1a: Volcanion|96/100
|
|-weather|Sandstorm|[upkeep]
|-damage|p1a: Volcanion|89/100|[from] Sandstorm
|upkeep
|turn|5
|
|t:|1663748066
|switch|p2a: Gyarados|Gyarados, M|100/100
|move|p1a: Volcanion|Steam Eruption|p2a: Gyarados
|-resisted|p2a: Gyarados
|-damage|p2a: Gyarados|67/100
|-status|p2a: Gyarados|brn
|
|-weather|Sandstorm|[upkeep]
|-damage|p2a: Gyarados|61/100 brn|[from] Sandstorm
|-damage|p1a: Volcanion|83/100|[from] Sandstorm
|-damage|p2a: Gyarados|55/100 brn|[from] brn
|upkeep
|turn|6
|
|t:|1663748076
|switch|p1a: Landorus|Landorus-Therian, M|100/100
|-ability|p1a: Landorus|Intimidate|boost
|-unboost|p2a: Gyarados|atk|1
|move|p2a: Gyarados|Earthquake|p1a: Landorus
|-immune|p1a: Landorus
|
|-weather|Sandstorm|[upkeep]
|-damage|p2a: Gyarados|49/100 brn|[from] Sandstorm
|-damage|p2a: Gyarados|43/100 brn|[from] brn
|upkeep
|turn|7
|-message|usernamepleasegive forfeited.
|
|win|drop a baby
|raw|drop a baby's rating: 1650 &rarr; <strong>1672</strong><br />(+22 for winning)
|raw|usernamepleasegive's rating: 1687 &rarr; <strong>1665</strong><br />(-22 for losing)
|l|☆usernamepleasegive
|l| joeyvn
