|html|<div class="broadcast-blue"><strong>[Gen 8] OU is currently suspecting Melmetal! For information on how to participate check out the <a href="https://www.smogon.com/forums/threads/np-ss-ou-suspect-process-round-12-monster-mash.3709234/">suspect thread</a>.</strong></div>
|j|☆schizoidpersona
|j|☆Stads
|t:|1666203228
|gametype|singles
|player|p1|schizoidpersona|101|1574
|player|p2|Stads|102|1577
|teamsize|p1|6
|teamsize|p2|6
|gen|8
|tier|[Gen 8] OU
|rated|
|rule|Sleep Clause Mod: Limit one foe put to sleep
|rule|Species Clause: Limit one of each Pokémon
|rule|OHKO Clause: OHKO moves are banned
|rule|Evasion Items Clause: Evasion items are banned
|rule|Evasion Moves Clause: Evasion moves are banned
|rule|Endless Battle Clause: Forcing endless battles is banned
|rule|HP Percentage Mod: HP is shown in percentages
|rule|Dynamax Clause: You cannot dynamax
|clearpoke
|poke|p1|Tyranitar, F|
|poke|p1|Landorus-Therian, M|
|poke|p1|Blacephalon|
|poke|p1|Blissey, F|
|poke|p1|Tapu Koko|
|poke|p1|Toxapex, M|
|poke|p2|Tornadus-Therian, M|
|poke|p2|Corviknight, F|
|poke|p2|Kartana|
|poke|p2|Toxapex, F|
|poke|p2|Hippowdon, F|
|poke|p2|Heatran, F|
|teampreview
|
|t:|1666203246
|start
|switch|p1a: Blissey|Blissey, F|100/100
|switch|p2a: Hippowdon|Hippowdon, F|100/100
|-weather|Sandstorm|[from] ability: Sand Stream|[of] p2a: Hippowdon
|turn|1
|
|t:|1666203249
|switch|p2a: Corviknight|Corviknight, F|100/100
|-ability|p2a: Corviknight|Pressure
|move|p1a: Blissey|Stealth Rock|p2a: Corviknight
|-sidestart|p2: Stads|move: Stealth Rock
|
|-weather|Sandstorm|[upkeep]
|-damage|p1a: Blissey|94/100|[from] Sandstorm
|upkeep
|turn|2
|
|t:|1666203251
|move|p2a: Corviknight|Defog|p1a: Blissey
|-unboost|p1a: Blissey|evasion|1
|-sideend|p2: Stads|Stealth Rock|[from] move: Defog|[of] p2a: Corviknight
|move|p1a: Blissey|Thunder Wave|p2a: Corviknight
|-status|p2a: Corviknight|par
|
|-weather|Sandstorm|[upkeep]
|-damage|p1a: Blissey|88/100|[from] Sandstorm
|upkeep
|turn|3
|
|t:|1666203256
|move|p1a: Blissey|Seismic Toss|p2a: Corviknight
|-damage|p2a: Corviknight|75/100 par
|move|p2a: Corviknight|Body Press|p1a: Blissey
|-supereffective|p1a: Blissey
|-damage|p1a: Blissey|0 fnt
|faint|p1a: Blissey
|
|-weather|Sandstorm|[upkeep]
|-heal|p2a: Corviknight|82/100 par|[from] item: Leftovers
|upkeep
|
|t:|1666203259
|switch|p1a: Landorus|Landorus-Therian, M|100/100
|-ability|p1a: Landorus|Intimidate|boost
|-unboost|p2a: Corviknight|atk|1
|turn|4
|
|t:|1666203262
|move|p1a: Landorus|Bulk Up|p1a: Landorus
|-boost|p1a: Landorus|atk|1
|-boost|p1a: Landorus|def|1
|move|p2a: Corviknight|U-turn|p1a: Landorus
|-resisted|p1a: Landorus
|-damage|p1a: Landorus|98/100
|
|t:|1666203269
|switch|p2a: Hippowdon|Hippowdon, F|100/100|[from]move: U-turn
|
|-weather|Sandstorm|[upkeep]
|-heal|p1a: Landorus|100/100|[from] item: Leftovers
|upkeep
|turn|5
|
|t:|1666203271
|move|p1a: Landorus|Substitute|p1a: Landorus
|-start|p1a: Landorus|Substitute
|-damage|p1a: Landorus|76/100
|move|p2a: Hippowdon|Toxic||[still]
|-fail|p2a: Hippowdon
|
|-weather|none
|-heal|p1a: Landorus|82/100|[from] item: Leftovers
|upkeep
|turn|6
|
|t:|1666203274
|switch|p2a: Kartana|Kartana|100/100
|move|p1a: Landorus|Bulk Up|p1a: Landorus
|-boost|p1a: Landorus|atk|1
|-boost|p1a: Landorus|def|1
|
|-heal|p1a: Landorus|88/100|[from] item: Leftovers
|upkeep
|turn|7
|
|t:|1666203276
|move|p2a: Kartana|Leaf Blade|p1a: Landorus
|-crit|p1a: Landorus
|-end|p1a: Landorus|Substitute
|move|p1a: Landorus|Earthquake|p2a: Kartana
|-damage|p2a: Kartana|1/100
|
|-heal|p1a: Landorus|94/100|[from] item: Leftovers
|upkeep
|turn|8
|
|t:|1666203281
|move|p2a: Kartana|Leaf Blade|p1a: Landorus
|-damage|p1a: Landorus|65/100
|move|p1a: Landorus|Substitute|p1a: Landorus
|-start|p1a: Landorus|Substitute
|-damage|p1a: Landorus|40/100
|
|-heal|p1a: Landorus|46/100|[from] item: Leftovers
|upkeep
|turn|9
|
|t:|1666203284
|move|p2a: Kartana|Leaf Blade|p1a: Landorus
|-crit|p1a: Landorus
|-end|p1a: Landorus|Substitute
|move|p1a: Landorus|Bulk Up|p1a: Landorus
|-boost|p1a: Landorus|atk|1
|-boost|p1a: Landorus|def|1
|
|-heal|p1a: Landorus|52/100|[from] item: Leftovers
|upkeep
|turn|10
|
|t:|1666203286
|move|p2a: Kartana|Leaf Blade|p1a: Landorus
|-damage|p1a: Landorus|30/100
|move|p1a: Landorus|Earthquake|p2a: Kartana
|-damage|p2a: Kartana|0 fnt
|faint|p2a: Kartana
|
|-heal|p1a: Landorus|36/100|[from] item: Leftovers
|upkeep
|
|t:|1666203290
|switch|p2a: Tornadus|Tornadus-Therian, M|100/100
|turn|11
|
|t:|1666203291
|move|p2a: Tornadus|Hurricane|p1a: Landorus|[miss]
|-miss|p2a: Tornadus|p1a: Landorus
|move|p1a: Landorus|Rock Slide|p2a: Tornadus
|-supereffective|p2a: Tornadus
|-damage|p2a: Tornadus|0 fnt
|faint|p2a: Tornadus
|
|-heal|p1a: Landorus|42/100|[from] item: Leftovers
|upkeep
|-message|Stads forfeited.
|
|win|schizoidpersona
|raw|schizoidpersona's rating: 1574 &rarr; <strong>1594</strong><br />(+20 for winning)
|raw|Stads's rating: 1577 &rarr; <strong>1557</strong><br />(-20 for losing)
|l|☆Stads
|c|☆schizoidpersona|gg
||Ladder isn't responding, score probably updated but might not have (Request timeout).
