|j|☆Shotintheheart
|j|☆ox04
|t:|1662894281
|gametype|singles
|player|p1|Shotintheheart|1|1699
|player|p2|ox04|red-gen7|1735
|teamsize|p1|6
|teamsize|p2|6
|gen|8
|tier|[Gen 8] OU
|rated|
|rule|Sleep Clause Mod: Limit one foe put to sleep
|rule|Species Clause: Limit one of each Pokémon
|rule|OHKO Clause: OHKO moves are banned
|rule|Evasion Items Clause: Evasion items are banned
|rule|Evasion Moves Clause: Evasion moves are banned
|rule|Endless Battle Clause: Forcing endless battles is banned
|rule|HP Percentage Mod: HP is shown in percentages
|rule|Dynamax Clause: You cannot dynamax
|clearpoke
|poke|p1|Rillaboom, M|
|poke|p1|Zapdos|
|poke|p1|Obstagoon, F|
|poke|p1|Heatran, M|
|poke|p1|Tapu Fini|
|poke|p1|Swampert, M|
|poke|p2|Hydreigon, M|
|poke|p2|Landorus-Therian, M|
|poke|p2|Tapu Fini|
|poke|p2|Slowking-Galar, M|
|poke|p2|Blaziken, F|
|poke|p2|Corviknight, M|
|teampreview
|
|t:|1662894294
|start
|switch|p1a: Rillaboom|Rillaboom, M|100/100
|switch|p2a: Landorus|Landorus-Therian, M|100/100
|-fieldstart|move: Grassy Terrain|[from] ability: Grassy Surge|[of] p1a: Rillaboom
|-ability|p2a: Landorus|Intimidate|boost
|-unboost|p1a: Rillaboom|atk|1
|turn|1
|inactive|Battle timer is ON: inactive players will automatically lose when time's up. (requested by ox04)
|
|t:|1662894301
|move|p1a: Rillaboom|Wood Hammer|p2a: Landorus
|-damage|p2a: Landorus|29/100
|-damage|p1a: Rillaboom|74/100|[from] Recoil
|move|p2a: Landorus|U-turn|p1a: Rillaboom
|-supereffective|p1a: Rillaboom
|-damage|p1a: Rillaboom|27/100
|
|t:|1662894309
|switch|p2a: Blaziken|Blaziken, F|100/100|[from]move: U-turn
|
|-heal|p1a: Rillaboom|33/100|[from] Grassy Terrain
|upkeep
|turn|2
|
|t:|1662894317
|switch|p1a: Tapu Fini|Tapu Fini|100/100
|-fieldstart|move: Misty Terrain|[from] ability: Misty Surge|[of] p1a: Tapu Fini
|move|p2a: Blaziken|Flare Blitz|p1a: Tapu Fini
|-resisted|p1a: Tapu Fini
|-damage|p1a: Tapu Fini|75/100
|-damage|p2a: Blaziken|91/100|[from] Recoil
|-damage|p2a: Blaziken|81/100|[from] item: Life Orb
|
|-heal|p1a: Tapu Fini|81/100|[from] item: Leftovers
|-ability|p2a: Blaziken|Speed Boost|boost
|-boost|p2a: Blaziken|spe|1
|upkeep
|turn|3
|
|t:|1662894332
|switch|p2a: Slowking|Slowking-Galar, M|100/100
|move|p1a: Tapu Fini|Calm Mind|p1a: Tapu Fini
|-boost|p1a: Tapu Fini|spa|1
|-boost|p1a: Tapu Fini|spd|1
|
|-heal|p1a: Tapu Fini|87/100|[from] item: Leftovers
|upkeep
|turn|4
|
|t:|1662894339
|switch|p1a: Swampert|Swampert, M|100/100
|switch|p2a: Landorus|Landorus-Therian, M|29/100
|-ability|p2a: Landorus|Intimidate|boost
|-unboost|p1a: Swampert|atk|1
|
|-heal|p2a: Landorus|35/100|[from] item: Leftovers
|upkeep
|turn|5
|
|t:|1662894347
|move|p2a: Landorus|Earthquake|p1a: Swampert
|-damage|p1a: Swampert|54/100
|move|p1a: Swampert|Flip Turn|p2a: Landorus
|-supereffective|p2a: Landorus
|-damage|p2a: Landorus|11/100
|
|t:|1662894359
|switch|p1a: Obstagoon|Obstagoon, F|100/100|[from]move: Flip Turn
|
|-heal|p2a: Landorus|18/100|[from] item: Leftovers
|upkeep
|turn|6
|
|t:|1662894374
|switch|p2a: Corviknight|Corviknight, M|100/100
|move|p1a: Obstagoon|Facade|p2a: Corviknight
|-resisted|p2a: Corviknight
|-damage|p2a: Corviknight|91/100
|
|-heal|p2a: Corviknight|97/100|[from] item: Leftovers
|-fieldend|Misty Terrain
|-status|p1a: Obstagoon|brn|[from] item: Flame Orb
|upkeep
|turn|7
|
|t:|1662894380
|move|p1a: Obstagoon|Obstruct|p1a: Obstagoon
|-singleturn|p1a: Obstagoon|Protect
|move|p2a: Corviknight|U-turn|p1a: Obstagoon
|-activate|p1a: Obstagoon|move: Protect
|-ability|p2a: Corviknight|Mirror Armor
|-unboost|p1a: Obstagoon|def|2
|
|-heal|p2a: Corviknight|100/100|[from] item: Leftovers
|-damage|p1a: Obstagoon|95/100 brn|[from] brn
|upkeep
|turn|8
|
|t:|1662894385
|move|p1a: Obstagoon|Knock Off|p2a: Corviknight
|-damage|p2a: Corviknight|61/100
|-enditem|p2a: Corviknight|Leftovers|[from] move: Knock Off|[of] p1a: Obstagoon
|move|p2a: Corviknight|U-turn|p1a: Obstagoon
|-supereffective|p1a: Obstagoon
|-damage|p1a: Obstagoon|41/100 brn
|
|t:|1662894390
|switch|p2a: Hydreigon|Hydreigon, M|100/100|[from]move: U-turn
|
|-damage|p1a: Obstagoon|35/100 brn|[from] brn
|upkeep
|turn|9
|
|t:|1662894399
|switch|p1a: Tapu Fini|Tapu Fini|87/100
|-fieldstart|move: Misty Terrain|[from] ability: Misty Surge|[of] p1a: Tapu Fini
|move|p2a: Hydreigon|U-turn|p1a: Tapu Fini
|-resisted|p1a: Tapu Fini
|-damage|p1a: Tapu Fini|82/100
|
|t:|1662894405
|switch|p2a: Slowking|Slowking-Galar, M|100/100|[from]move: U-turn
|
|-heal|p1a: Tapu Fini|88/100|[from] item: Leftovers
|upkeep
|turn|10
|j| Venositile
|
|t:|1662894409
|switch|p1a: Swampert|Swampert, M|54/100
|move|p2a: Slowking|Future Sight|p1a: Swampert
|-start|p2a: Slowking|move: Future Sight
|
|-heal|p1a: Swampert|61/100|[from] item: Leftovers
|upkeep
|turn|11
|
|t:|1662894415
|switch|p2a: Landorus|Landorus-Therian, M|18/100
|-ability|p2a: Landorus|Intimidate|boost
|-unboost|p1a: Swampert|atk|1
|move|p1a: Swampert|High Horsepower|p2a: Landorus
|-immune|p2a: Landorus
|
|-heal|p2a: Landorus|24/100|[from] item: Leftovers
|-heal|p1a: Swampert|67/100|[from] item: Leftovers
|upkeep
|turn|12
|
|t:|1662894420
|move|p2a: Landorus|Earthquake|p1a: Swampert
|-damage|p1a: Swampert|23/100
|move|p1a: Swampert|Flip Turn|p2a: Landorus
|-supereffective|p2a: Landorus
|-damage|p2a: Landorus|0 fnt
|faint|p2a: Landorus
|
|t:|1662894428
|switch|p1a: Obstagoon|Obstagoon, F|35/100 brn|[from]move: Flip Turn
|
|-end|p1a: Obstagoon|move: Future Sight
|-immune|p1a: Obstagoon
|-damage|p1a: Obstagoon|29/100 brn|[from] brn
|upkeep
|
|t:|1662894433
|switch|p2a: Hydreigon|Hydreigon, M|100/100
|turn|13
|
|t:|1662894438
|switch|p1a: Tapu Fini|Tapu Fini|88/100
|move|p2a: Hydreigon|U-turn|p1a: Tapu Fini
|-resisted|p1a: Tapu Fini
|-damage|p1a: Tapu Fini|83/100
|
|t:|1662894440
|switch|p2a: Slowking|Slowking-Galar, M|100/100|[from]move: U-turn
|
|-heal|p1a: Tapu Fini|89/100|[from] item: Leftovers
|-fieldend|Misty Terrain
|upkeep
|turn|14
|
|t:|1662894448
|switch|p1a: Heatran|Heatran, M|100/100
|move|p2a: Slowking|Scald|p1a: Heatran
|-supereffective|p1a: Heatran
|-damage|p1a: Heatran|54/100
|
|upkeep
|turn|15
|
|t:|1662894454
|switch|p2a: Tapu Fini|Tapu Fini|100/100
|-fieldstart|move: Misty Terrain|[from] ability: Misty Surge|[of] p2a: Tapu Fini
|move|p1a: Heatran|Earth Power|p2a: Tapu Fini
|-damage|p2a: Tapu Fini|75/100
|
|-heal|p2a: Tapu Fini|81/100|[from] item: Leftovers
|upkeep
|turn|16
|
|t:|1662894462
|switch|p1a: Zapdos|Zapdos, shiny|100/100
|move|p2a: Tapu Fini|Scald|p1a: Zapdos
|-damage|p1a: Zapdos|70/100
|
|-heal|p2a: Tapu Fini|87/100|[from] item: Leftovers
|upkeep
|turn|17
|
|t:|1662894470
|move|p1a: Zapdos|Volt Switch|p2a: Tapu Fini
|-supereffective|p2a: Tapu Fini
|-damage|p2a: Tapu Fini|34/100
|
|t:|1662894474
|switch|p1a: Swampert|Swampert, M|23/100|[from]move: Volt Switch
|move|p2a: Tapu Fini|Calm Mind|p2a: Tapu Fini
|-boost|p2a: Tapu Fini|spa|1
|-boost|p2a: Tapu Fini|spd|1
|
|-heal|p2a: Tapu Fini|40/100|[from] item: Leftovers
|-heal|p1a: Swampert|29/100|[from] item: Leftovers
|upkeep
|turn|18
|
|t:|1662894482
|move|p2a: Tapu Fini|Draining Kiss|p1a: Swampert
|-damage|p1a: Swampert|10/100
|-heal|p2a: Tapu Fini|58/100|[from] drain|[of] p1a: Swampert
|move|p1a: Swampert|High Horsepower|p2a: Tapu Fini
|-damage|p2a: Tapu Fini|31/100
|
|-heal|p2a: Tapu Fini|37/100|[from] item: Leftovers
|-heal|p1a: Swampert|16/100|[from] item: Leftovers
|upkeep
|turn|19
|
|t:|1662894492
|move|p2a: Tapu Fini|Draining Kiss|p1a: Swampert
|-damage|p1a: Swampert|0 fnt
|-heal|p2a: Tapu Fini|52/100|[from] drain|[of] p1a: Swampert
|faint|p1a: Swampert
|
|-heal|p2a: Tapu Fini|58/100|[from] item: Leftovers
|-fieldend|Misty Terrain
|upkeep
|
|t:|1662894504
|switch|p1a: Obstagoon|Obstagoon, F|29/100 brn
|turn|20
|
|t:|1662894512
|move|p1a: Obstagoon|Facade|p2a: Tapu Fini
|-damage|p2a: Tapu Fini|0 fnt
|faint|p2a: Tapu Fini
|
|-damage|p1a: Obstagoon|23/100 brn|[from] brn
|upkeep
|
|t:|1662894515
|switch|p2a: Hydreigon|Hydreigon, M|100/100
|turn|21
|
|t:|1662894521
|switch|p1a: Zapdos|Zapdos, shiny|70/100
|move|p2a: Hydreigon|U-turn|p1a: Zapdos
|-resisted|p1a: Zapdos
|-damage|p1a: Zapdos|64/100
|j| BestChad
|
|t:|1662894523
|switch|p2a: Slowking|Slowking-Galar, M|100/100|[from]move: U-turn
|
|upkeep
|turn|22
|
|t:|1662894530
|move|p1a: Zapdos|Volt Switch|p2a: Slowking
|-damage|p2a: Slowking|88/100
|
|t:|1662894535
|switch|p1a: Tapu Fini|Tapu Fini|89/100|[from]move: Volt Switch
|-fieldstart|move: Misty Terrain|[from] ability: Misty Surge|[of] p1a: Tapu Fini
|move|p2a: Slowking|Sludge Bomb|p1a: Tapu Fini
|-supereffective|p1a: Tapu Fini
|-damage|p1a: Tapu Fini|31/100
|
|-heal|p1a: Tapu Fini|37/100|[from] item: Leftovers
|upkeep
|turn|23
|
|t:|1662894544
|move|p1a: Tapu Fini|Calm Mind|p1a: Tapu Fini
|-boost|p1a: Tapu Fini|spa|1
|-boost|p1a: Tapu Fini|spd|1
|move|p2a: Slowking|Future Sight|p1a: Tapu Fini
|-start|p2a: Slowking|move: Future Sight
|
|-heal|p1a: Tapu Fini|43/100|[from] item: Leftovers
|upkeep
|turn|24
|j| Pigglesworth
|
|t:|1662894550
|move|p1a: Tapu Fini|Calm Mind|p1a: Tapu Fini
|-boost|p1a: Tapu Fini|spa|1
|-boost|p1a: Tapu Fini|spd|1
|move|p2a: Slowking|Sludge Bomb|p1a: Tapu Fini
|-supereffective|p1a: Tapu Fini
|-crit|p1a: Tapu Fini
|-damage|p1a: Tapu Fini|0 fnt
|faint|p1a: Tapu Fini
|
|upkeep
|
|t:|1662894553
|switch|p1a: Obstagoon|Obstagoon, F|23/100 brn
|turn|25
|c|☆ox04|sorry
|
|t:|1662894558
|switch|p2a: Corviknight|Corviknight, M|61/100
|move|p1a: Obstagoon|Facade|p2a: Corviknight
|-resisted|p2a: Corviknight
|-damage|p2a: Corviknight|33/100
|
|-end|p1a: Obstagoon|move: Future Sight
|-immune|p1a: Obstagoon
|-damage|p1a: Obstagoon|17/100 brn|[from] brn
|upkeep
|turn|26
|
|t:|1662894568
|switch|p1a: Zapdos|Zapdos, shiny|64/100
|move|p2a: Corviknight|Roost|p2a: Corviknight
|-heal|p2a: Corviknight|83/100
|-singleturn|p2a: Corviknight|move: Roost
|
|-fieldend|Misty Terrain
|upkeep
|turn|27
|
|t:|1662894571
|switch|p2a: Slowking|Slowking-Galar, M|100/100
|move|p1a: Zapdos|Volt Switch|p2a: Slowking
|-damage|p2a: Slowking|88/100
|
|t:|1662894575
|switch|p1a: Rillaboom|Rillaboom, M|33/100|[from]move: Volt Switch
|-fieldstart|move: Grassy Terrain|[from] ability: Grassy Surge|[of] p1a: Rillaboom
|
|-heal|p1a: Rillaboom|39/100|[from] Grassy Terrain
|-heal|p2a: Slowking|94/100|[from] Grassy Terrain
|upkeep
|turn|28
|
|t:|1662894583
|switch|p2a: Corviknight|Corviknight, M|83/100
|move|p1a: Rillaboom|U-turn|p2a: Corviknight
|-resisted|p2a: Corviknight
|-damage|p2a: Corviknight|78/100
|
|t:|1662894588
|switch|p1a: Heatran|Heatran, M|54/100|[from]move: U-turn
|
|-heal|p1a: Heatran|60/100|[from] Grassy Terrain
|upkeep
|turn|29
|
|t:|1662894599
|switch|p2a: Slowking|Slowking-Galar, M|100/100
|move|p1a: Heatran|Eruption|p2a: Slowking
|-damage|p2a: Slowking|81/100
|
|-heal|p1a: Heatran|67/100|[from] Grassy Terrain
|-heal|p2a: Slowking|87/100|[from] Grassy Terrain
|upkeep
|turn|30
|
|t:|1662894606
|switch|p1a: Rillaboom|Rillaboom, M|39/100
|move|p2a: Slowking|Future Sight|p1a: Rillaboom
|-start|p2a: Slowking|move: Future Sight
|
|-heal|p1a: Rillaboom|45/100|[from] Grassy Terrain
|-heal|p2a: Slowking|93/100|[from] Grassy Terrain
|upkeep
|turn|31
|
|t:|1662894613
|switch|p2a: Corviknight|Corviknight, M|78/100
|move|p1a: Rillaboom|U-turn|p2a: Corviknight
|-resisted|p2a: Corviknight
|-damage|p2a: Corviknight|72/100
|
|t:|1662894616
|switch|p1a: Obstagoon|Obstagoon, F|17/100 brn|[from]move: U-turn
|
|-heal|p1a: Obstagoon|23/100 brn|[from] Grassy Terrain
|-damage|p1a: Obstagoon|17/100 brn|[from] brn
|-fieldend|move: Grassy Terrain
|upkeep
|turn|32
|
|t:|1662894621
|switch|p1a: Zapdos|Zapdos, shiny|64/100
|move|p2a: Corviknight|U-turn|p1a: Zapdos
|-resisted|p1a: Zapdos
|-damage|p1a: Zapdos|59/100
|-status|p2a: Corviknight|par|[from] ability: Static|[of] p1a: Zapdos
|
|t:|1662894627
|switch|p2a: Slowking|Slowking-Galar, M|100/100|[from]move: U-turn
|
|-end|p1a: Zapdos|move: Future Sight
|-damage|p1a: Zapdos|13/100
|upkeep
|turn|33
|
|t:|1662894633
|move|p1a: Zapdos|Roost|p1a: Zapdos
|-heal|p1a: Zapdos|63/100
|-singleturn|p1a: Zapdos|move: Roost
|move|p2a: Slowking|Sludge Bomb|p1a: Zapdos
|-damage|p1a: Zapdos|29/100
|-status|p1a: Zapdos|psn
|
|-damage|p1a: Zapdos|17/100 psn|[from] psn
|upkeep
|turn|34
|
|t:|1662894640
|move|p1a: Zapdos|Volt Switch|p2a: Slowking
|-damage|p2a: Slowking|87/100
|
|t:|1662894642
|switch|p1a: Rillaboom|Rillaboom, M|45/100|[from]move: Volt Switch
|-fieldstart|move: Grassy Terrain|[from] ability: Grassy Surge|[of] p1a: Rillaboom
|move|p2a: Slowking|Future Sight|p1a: Rillaboom
|-start|p2a: Slowking|move: Future Sight
|
|-heal|p1a: Rillaboom|51/100|[from] Grassy Terrain
|-heal|p2a: Slowking|93/100|[from] Grassy Terrain
|upkeep
|turn|35
|
|t:|1662894647
|switch|p2a: Corviknight|Corviknight, M|72/100 par
|move|p1a: Rillaboom|U-turn|p2a: Corviknight
|-resisted|p2a: Corviknight
|-damage|p2a: Corviknight|66/100 par
|
|t:|1662894654
|switch|p1a: Heatran|Heatran, M|67/100|[from]move: U-turn
|
|-heal|p1a: Heatran|73/100|[from] Grassy Terrain
|upkeep
|turn|36
|
|t:|1662894659
|switch|p1a: Obstagoon|Obstagoon, F|17/100 brn
|switch|p2a: Slowking|Slowking-Galar, M|100/100
|
|-end|p1a: Obstagoon|move: Future Sight
|-immune|p1a: Obstagoon
|-heal|p1a: Obstagoon|23/100 brn|[from] Grassy Terrain
|-damage|p1a: Obstagoon|17/100 brn|[from] brn
|upkeep
|turn|37
|
|t:|1662894665
|switch|p2a: Corviknight|Corviknight, M|66/100 par
|move|p1a: Obstagoon|Facade|p2a: Corviknight
|-resisted|p2a: Corviknight
|-damage|p2a: Corviknight|39/100 par
|
|-heal|p1a: Obstagoon|23/100 brn|[from] Grassy Terrain
|-damage|p1a: Obstagoon|17/100 brn|[from] brn
|upkeep
|turn|38
|
|t:|1662894668
|move|p1a: Obstagoon|Facade|p2a: Corviknight
|-resisted|p2a: Corviknight
|-damage|p2a: Corviknight|12/100 par
|move|p2a: Corviknight|Roost|p2a: Corviknight
|-heal|p2a: Corviknight|62/100 par
|-singleturn|p2a: Corviknight|move: Roost
|
|-heal|p1a: Obstagoon|23/100 brn|[from] Grassy Terrain
|-heal|p2a: Corviknight|69/100 par|[from] Grassy Terrain
|-damage|p1a: Obstagoon|17/100 brn|[from] brn
|-fieldend|move: Grassy Terrain
|upkeep
|turn|39
|
|t:|1662894677
|move|p1a: Obstagoon|Facade|p2a: Corviknight
|-resisted|p2a: Corviknight
|-damage|p2a: Corviknight|40/100 par
|cant|p2a: Corviknight|par
|
|-damage|p1a: Obstagoon|11/100 brn|[from] brn
|upkeep
|turn|40
|
|t:|1662894686
|switch|p1a: Zapdos|Zapdos, shiny|17/100 psn
|cant|p2a: Corviknight|par
|
|-damage|p1a: Zapdos|4/100 psn|[from] psn
|upkeep
|turn|41
|
|t:|1662894691
|move|p1a: Zapdos|Roost|p1a: Zapdos
|-heal|p1a: Zapdos|55/100 psn
|-singleturn|p1a: Zapdos|move: Roost
|cant|p2a: Corviknight|par
|
|-damage|p1a: Zapdos|42/100 psn|[from] psn
|upkeep
|turn|42
|
|t:|1662894698
|switch|p2a: Slowking|Slowking-Galar, M|100/100
|move|p1a: Zapdos|Volt Switch|p2a: Slowking
|-damage|p2a: Slowking|89/100
|
|t:|1662894701
|switch|p1a: Rillaboom|Rillaboom, M|51/100|[from]move: Volt Switch
|-fieldstart|move: Grassy Terrain|[from] ability: Grassy Surge|[of] p1a: Rillaboom
|
|-heal|p1a: Rillaboom|58/100|[from] Grassy Terrain
|-heal|p2a: Slowking|95/100|[from] Grassy Terrain
|upkeep
|turn|43
|
|t:|1662894705
|switch|p2a: Corviknight|Corviknight, M|40/100 par
|move|p1a: Rillaboom|U-turn|p2a: Corviknight
|-resisted|p2a: Corviknight
|-damage|p2a: Corviknight|34/100 par
|
|t:|1662894715
|switch|p1a: Obstagoon|Obstagoon, F|11/100 brn|[from]move: U-turn
|
|-heal|p1a: Obstagoon|17/100 brn|[from] Grassy Terrain
|-damage|p1a: Obstagoon|11/100 brn|[from] brn
|upkeep
|turn|44
|
|t:|1662894719
|move|p1a: Obstagoon|Facade|p2a: Corviknight
|-resisted|p2a: Corviknight
|-damage|p2a: Corviknight|4/100 par
|move|p2a: Corviknight|Roost|p2a: Corviknight
|-heal|p2a: Corviknight|54/100 par
|-singleturn|p2a: Corviknight|move: Roost
|
|-heal|p1a: Obstagoon|17/100 brn|[from] Grassy Terrain
|-heal|p2a: Corviknight|61/100 par|[from] Grassy Terrain
|-damage|p1a: Obstagoon|11/100 brn|[from] brn
|upkeep
|turn|45
|
|t:|1662894723
|move|p1a: Obstagoon|Facade|p2a: Corviknight
|-resisted|p2a: Corviknight
|-damage|p2a: Corviknight|33/100 par
|move|p2a: Corviknight|Roost|p2a: Corviknight
|-heal|p2a: Corviknight|83/100 par
|-singleturn|p2a: Corviknight|move: Roost
|
|-heal|p1a: Obstagoon|17/100 brn|[from] Grassy Terrain
|-heal|p2a: Corviknight|89/100 par|[from] Grassy Terrain
|-damage|p1a: Obstagoon|11/100 brn|[from] brn
|upkeep
|turn|46
|
|t:|1662894728
|move|p1a: Obstagoon|Facade|p2a: Corviknight
|-resisted|p2a: Corviknight
|-damage|p2a: Corviknight|59/100 par
|move|p2a: Corviknight|U-turn|p1a: Obstagoon
|-supereffective|p1a: Obstagoon
|-damage|p1a: Obstagoon|0 fnt
|faint|p1a: Obstagoon
|
|t:|1662894733
|switch|p2a: Blaziken|Blaziken, F|81/100|[from]move: U-turn
|
|-heal|p2a: Blaziken|87/100|[from] Grassy Terrain
|-fieldend|move: Grassy Terrain
|upkeep
|c|☆Shotintheheart|gg
|
|t:|1662894738
|switch|p1a: Zapdos|Zapdos, shiny|42/100 psn
|turn|47
|c|☆ox04|gg
|
|t:|1662894760
|switch|p2a: Slowking|Slowking-Galar, M|100/100
|move|p1a: Zapdos|Volt Switch|p2a: Slowking
|-damage|p2a: Slowking|87/100
|
|t:|1662894763
|switch|p1a: Rillaboom|Rillaboom, M|58/100|[from]move: Volt Switch
|-fieldstart|move: Grassy Terrain|[from] ability: Grassy Surge|[of] p1a: Rillaboom
|
|-heal|p1a: Rillaboom|64/100|[from] Grassy Terrain
|-heal|p2a: Slowking|93/100|[from] Grassy Terrain
|upkeep
|turn|48
|
|t:|1662894769
|switch|p2a: Corviknight|Corviknight, M|59/100 par
|move|p1a: Rillaboom|Wood Hammer|p2a: Corviknight
|-resisted|p2a: Corviknight
|-damage|p2a: Corviknight|41/100 par
|-damage|p1a: Rillaboom|57/100|[from] Recoil
|
|-heal|p1a: Rillaboom|63/100|[from] Grassy Terrain
|upkeep
|turn|49
|
|t:|1662894772
|switch|p1a: Heatran|Heatran, M|73/100
|move|p2a: Corviknight|Roost|p2a: Corviknight
|-heal|p2a: Corviknight|91/100 par
|-singleturn|p2a: Corviknight|move: Roost
|
|-heal|p1a: Heatran|79/100|[from] Grassy Terrain
|-heal|p2a: Corviknight|97/100 par|[from] Grassy Terrain
|upkeep
|turn|50
|
|t:|1662894777
|switch|p2a: Slowking|Slowking-Galar, M|100/100
|move|p1a: Heatran|Earth Power|p2a: Slowking
|-supereffective|p2a: Slowking
|-damage|p2a: Slowking|75/100
|
|-heal|p1a: Heatran|85/100|[from] Grassy Terrain
|-heal|p2a: Slowking|81/100|[from] Grassy Terrain
|upkeep
|turn|51
|
|t:|1662894781
|move|p1a: Heatran|Earth Power|p2a: Slowking
|-supereffective|p2a: Slowking
|-damage|p2a: Slowking|54/100
|move|p2a: Slowking|Scald|p1a: Heatran
|-supereffective|p1a: Heatran
|-damage|p1a: Heatran|39/100
|
|-heal|p1a: Heatran|46/100|[from] Grassy Terrain
|-heal|p2a: Slowking|60/100|[from] Grassy Terrain
|-fieldend|move: Grassy Terrain
|upkeep
|turn|52
|c|☆ox04|sorry for this
|c|☆Shotintheheart|np
|c|☆ox04|I just don't wanna choke
|
|t:|1662894793
|switch|p2a: Hydreigon|Hydreigon, M|100/100
|move|p1a: Heatran|Earth Power|p2a: Hydreigon
|-immune|p2a: Hydreigon|[from] ability: Levitate
|
|upkeep
|turn|53
|
|t:|1662894798
|switch|p1a: Rillaboom|Rillaboom, M|63/100
|-fieldstart|move: Grassy Terrain|[from] ability: Grassy Surge|[of] p1a: Rillaboom
|move|p2a: Hydreigon|Dark Pulse|p1a: Rillaboom
|-damage|p1a: Rillaboom|5/100
|
|-heal|p1a: Rillaboom|11/100|[from] Grassy Terrain
|upkeep
|turn|54
|c|☆ox04|now it's gg
|
|t:|1662894802
|move|p2a: Hydreigon|Dark Pulse|p1a: Rillaboom
|-damage|p1a: Rillaboom|0 fnt
|faint|p1a: Rillaboom
|
|upkeep
|-message|Shotintheheart forfeited.
|
|win|ox04
|raw|Shotintheheart's rating: 1699 &rarr; <strong>1681</strong><br />(-18 for losing)
|raw|ox04's rating: 1735 &rarr; <strong>1753</strong><br />(+18 for winning)
|l|☆Shotintheheart
|l|☆ox04
