|j|‽Sparkesque
|j|☆Plasmeek
|t:|1626610941
|gametype|singles
|player|p1|Sparkesque|169|1697
|player|p2|Plasmeek|youngster-gen4dp|1877
|teamsize|p1|6
|teamsize|p2|6
|gen|8
|tier|[Gen 8] OU
|rated|
|rule|Sleep Clause Mod: Limit one foe put to sleep
|rule|Species Clause: Limit one of each Pokémon
|rule|OHKO Clause: OHKO moves are banned
|rule|Evasion Moves Clause: Evasion moves are banned
|rule|Endless Battle Clause: Forcing endless battles is banned
|rule|HP Percentage Mod: HP is shown in percentages
|rule|Dynamax Clause: You cannot dynamax
|clearpoke
|poke|p1|Ninetales-Alola, M|
|poke|p1|Arctozolt|
|poke|p1|Slowking-Galar, M|
|poke|p1|Urshifu-*, F|
|poke|p1|Landorus-Therian, M|
|poke|p1|Corviknight, M|
|poke|p2|Bisharp, F|
|poke|p2|Garchomp, M|
|poke|p2|Aegislash, F|
|poke|p2|Dragapult, M|
|poke|p2|Urshifu-*, M|
|poke|p2|Rillaboom, M|
|teampreview
|inactive|Battle timer is ON: inactive players will automatically lose when time's up. (requested by Sparkesque)
|
|t:|1626610957
|start
|switch|p1a: Ninetales|Ninetales-Alola, M|100/100
|switch|p2a: Aegislash|Aegislash, F|100/100
|-weather|Hail|[from] ability: Snow Warning|[of] p1a: Ninetales
|turn|1
|
|t:|1626610969
|switch|p1a: Corviknight|Corviknight, M|100/100
|-ability|p1a: Corviknight|Pressure
|-formechange|p2a: Aegislash|Aegislash-Blade||[from] ability: Stance Change
|move|p2a: Aegislash|Shadow Ball|p1a: Corviknight
|-damage|p1a: Corviknight|35/100
|
|-weather|Hail|[upkeep]
|-damage|p2a: Aegislash|94/100|[from] Hail
|-damage|p1a: Corviknight|29/100|[from] Hail
|upkeep
|turn|2
|
|t:|1626610976
|switch|p1a: Ninetales|Ninetales-Alola, M|100/100
|move|p2a: Aegislash|Shadow Ball|p1a: Ninetales
|-crit|p1a: Ninetales
|-damage|p1a: Ninetales|3/100
|
|-weather|Hail|[upkeep]
|-damage|p2a: Aegislash|88/100|[from] Hail
|upkeep
|turn|3
|
|t:|1626610981
|move|p1a: Ninetales|Aurora Veil|p1a: Ninetales
|-sidestart|p1: Sparkesque|move: Aurora Veil
|move|p2a: Aegislash|Shadow Ball|p1a: Ninetales
|-damage|p1a: Ninetales|0 fnt
|faint|p1a: Ninetales
|
|-weather|Hail|[upkeep]
|-damage|p2a: Aegislash|82/100|[from] Hail
|upkeep
|
|t:|1626610987
|switch|p1a: Arctozolt|Arctozolt|100/100
|turn|4
|
|t:|1626610989
|move|p1a: Arctozolt|Bolt Beak|p2a: Aegislash
|-damage|p2a: Aegislash|0 fnt
|faint|p2a: Aegislash
|
|-weather|Hail|[upkeep]
|upkeep
|
|t:|1626611005
|switch|p2a: Garchomp|Garchomp, M|100/100
|turn|5
|
|t:|1626611009
|switch|p2a: Bisharp|Bisharp, F|100/100
|move|p1a: Arctozolt|Icicle Crash|p2a: Bisharp
|-resisted|p2a: Bisharp
|-damage|p2a: Bisharp|75/100
|
|-weather|Hail|[upkeep]
|-damage|p2a: Bisharp|69/100|[from] Hail
|upkeep
|turn|6
|
|t:|1626611014
|move|p2a: Bisharp|Sucker Punch|p1a: Arctozolt
|-damage|p1a: Arctozolt|69/100
|-damage|p2a: Bisharp|59/100|[from] item: Life Orb
|move|p1a: Arctozolt|Low Kick|p2a: Bisharp
|-supereffective|p2a: Bisharp
|-damage|p2a: Bisharp|0 fnt
|faint|p2a: Bisharp
|
|-weather|Hail|[upkeep]
|upkeep
|
|t:|1626611027
|switch|p2a: Urshifu|Urshifu-Rapid-Strike, M|100/100
|turn|7
|
|t:|1626611030
|move|p1a: Arctozolt|Bolt Beak|p2a: Urshifu
|-supereffective|p2a: Urshifu
|-crit|p2a: Urshifu
|-damage|p2a: Urshifu|0 fnt
|faint|p2a: Urshifu
|
|-weather|Hail|[upkeep]
|-sideend|p1: Sparkesque|move: Aurora Veil
|upkeep
|
|t:|1626611035
|switch|p2a: Rillaboom|Rillaboom, M, shiny|100/100
|-fieldstart|move: Grassy Terrain|[from] ability: Grassy Surge|[of] p2a: Rillaboom
|turn|8
|
|t:|1626611041
|move|p2a: Rillaboom|Grassy Glide|p1a: Arctozolt
|-damage|p1a: Arctozolt|4/100
|move|p1a: Arctozolt|Icicle Crash|p2a: Rillaboom
|-supereffective|p2a: Rillaboom
|-damage|p2a: Rillaboom|13/100
|
|-weather|none
|-heal|p1a: Arctozolt|10/100|[from] Grassy Terrain
|-heal|p2a: Rillaboom|19/100|[from] Grassy Terrain
|upkeep
|turn|9
|
|t:|1626611045
|switch|p1a: Corviknight|Corviknight, M|29/100
|-ability|p1a: Corviknight|Pressure
|move|p2a: Rillaboom|Grassy Glide|p1a: Corviknight
|-resisted|p1a: Corviknight
|-damage|p1a: Corviknight|21/100
|-damage|p2a: Rillaboom|2/100|[from] item: Rocky Helmet|[of] p1a: Corviknight
|
|-heal|p2a: Rillaboom|8/100|[from] Grassy Terrain
|upkeep
|turn|10
|
|t:|1626611051
|move|p2a: Rillaboom|Knock Off|p1a: Corviknight
|-damage|p1a: Corviknight|0 fnt
|-damage|p2a: Rillaboom|0 fnt|[from] item: Rocky Helmet|[of] p1a: Corviknight
|faint|p1a: Corviknight
|faint|p2a: Rillaboom
|
|upkeep
|
|t:|1626611055
|switch|p2a: Dragapult|Dragapult, M|100/100
|switch|p1a: Landorus|Landorus-Therian, M, shiny|100/100
|-ability|p1a: Landorus|Intimidate|boost
|-unboost|p2a: Dragapult|atk|1
|turn|11
|
|t:|1626611072
|move|p2a: Dragapult|Shadow Ball|p1a: Landorus
|-damage|p1a: Landorus|50/100
|-unboost|p1a: Landorus|spd|1
|move|p1a: Landorus|Earthquake|p2a: Dragapult
|-damage|p2a: Dragapult|66/100
|
|-heal|p2a: Dragapult|72/100|[from] Grassy Terrain
|-heal|p1a: Landorus|56/100|[from] item: Leftovers
|upkeep
|turn|12
|
|t:|1626611079
|switch|p1a: Arctozolt|Arctozolt|10/100
|move|p2a: Dragapult|Shadow Ball|p1a: Arctozolt
|-damage|p1a: Arctozolt|0 fnt
|faint|p1a: Arctozolt
|
|-heal|p2a: Dragapult|78/100|[from] Grassy Terrain
|-fieldend|move: Grassy Terrain
|upkeep
|
|t:|1626611104
|switch|p1a: Slowking|Slowking-Galar, M, shiny|100/100
|turn|13
|
|t:|1626611107
|move|p2a: Dragapult|Shadow Ball|p1a: Slowking
|-supereffective|p1a: Slowking
|-damage|p1a: Slowking|57/100
|move|p1a: Slowking|Ice Beam|p2a: Dragapult
|-supereffective|p2a: Dragapult
|-damage|p2a: Dragapult|7/100
|
|upkeep
|turn|14
|
|t:|1626611112
|move|p2a: Dragapult|Shadow Ball|p1a: Slowking
|-supereffective|p1a: Slowking
|-damage|p1a: Slowking|16/100
|move|p1a: Slowking|Ice Beam|p2a: Dragapult
|-supereffective|p2a: Dragapult
|-damage|p2a: Dragapult|0 fnt
|faint|p2a: Dragapult
|
|upkeep
|
|t:|1626611115
|switch|p2a: Garchomp|Garchomp, M|100/100
|turn|15
|inactive|Sparkesque has 120 seconds left.
|
|t:|1626611146
|move|p2a: Garchomp|Earthquake|p1a: Slowking
|-supereffective|p1a: Slowking
|-damage|p1a: Slowking|0 fnt
|faint|p1a: Slowking
|
|upkeep
|
|t:|1626611148
|switch|p1a: Landorus|Landorus-Therian, M, shiny|56/100
|-ability|p1a: Landorus|Intimidate|boost
|-unboost|p2a: Garchomp|atk|1
|turn|16
|
|t:|1626611151
|move|p2a: Garchomp|Toxic|p1a: Landorus
|-status|p1a: Landorus|tox
|move|p1a: Landorus|Earthquake|p2a: Garchomp
|-damage|p2a: Garchomp|73/100
|
|-heal|p1a: Landorus|62/100 tox|[from] item: Leftovers
|-damage|p1a: Landorus|56/100 tox|[from] psn
|upkeep
|turn|17
|
|t:|1626611154
|move|p2a: Garchomp|Flamethrower|p1a: Landorus
|-damage|p1a: Landorus|41/100 tox
|move|p1a: Landorus|Earthquake|p2a: Garchomp
|-damage|p2a: Garchomp|47/100
|
|-heal|p1a: Landorus|47/100 tox|[from] item: Leftovers
|-damage|p1a: Landorus|35/100 tox|[from] psn
|upkeep
|turn|18
|
|t:|1626611157
|move|p2a: Garchomp|Flamethrower|p1a: Landorus
|-damage|p1a: Landorus|20/100 tox
|move|p1a: Landorus|Earthquake|p2a: Garchomp
|-damage|p2a: Garchomp|16/100
|
|-heal|p1a: Landorus|26/100 tox|[from] item: Leftovers
|-damage|p1a: Landorus|8/100 tox|[from] psn
|upkeep
|turn|19
|-message|Plasmeek forfeited.
|
|win|Sparkesque
|raw|Sparkesque's rating: 1697 &rarr; <strong>1727</strong><br />(+30 for winning)
|raw|Plasmeek's rating: 1877 &rarr; <strong>1847</strong><br />(-30 for losing)
|l|☆Plasmeek
|c|‽Sparkesque|/log Sparkesque made this room public.
