|j|☆Spectre Ace
|j|☆dovesoap2
|t:|1664402048
|gametype|singles
|player|p1|Spectre Ace|juggler|1788
|player|p2|dovesoap2|archer|1831
|teamsize|p1|6
|teamsize|p2|6
|gen|8
|tier|[Gen 8] OU
|rated|
|rule|Sleep Clause Mod: Limit one foe put to sleep
|rule|Species Clause: Limit one of each Pokémon
|rule|OHKO Clause: OHKO moves are banned
|rule|Evasion Items Clause: Evasion items are banned
|rule|Evasion Moves Clause: Evasion moves are banned
|rule|Endless Battle Clause: Forcing endless battles is banned
|rule|HP Percentage Mod: HP is shown in percentages
|rule|Dynamax Clause: You cannot dynamax
|clearpoke
|poke|p1|Landorus-Therian, M|
|poke|p1|Ferrothorn, M|
|poke|p1|Volcanion|
|poke|p1|Raichu-Alola, F|
|poke|p1|Tapu Koko|
|poke|p1|Clefable, M|
|poke|p2|Landorus-Therian, M|
|poke|p2|Clefable, F|
|poke|p2|Tornadus-Therian, M|
|poke|p2|Melmetal|
|poke|p2|Toxapex, M|
|poke|p2|Garchomp, M|
|teampreview
|inactive|Battle timer is ON: inactive players will automatically lose when time's up. (requested by dovesoap2)
|
|t:|1664402058
|start
|switch|p1a: Booker|Tapu Koko|100/100
|switch|p2a: Landorus|Landorus-Therian, M|100/100
|-fieldstart|move: Electric Terrain|[from] ability: Electric Surge|[of] p1a: Booker
|-ability|p2a: Landorus|Intimidate|boost
|-unboost|p1a: Booker|atk|1
|turn|1
|
|t:|1664402063
|move|p1a: Booker|U-turn|p2a: Landorus
|-resisted|p2a: Landorus
|-damage|p2a: Landorus|96/100
|
|t:|1664402065
|switch|p1a: Amadeus|Landorus-Therian, M|100/100|[from]move: U-turn
|-ability|p1a: Amadeus|Intimidate|boost
|-unboost|p2a: Landorus|atk|1
|move|p2a: Landorus|Knock Off|p1a: Amadeus
|-damage|p1a: Amadeus|80/100
|-enditem|p1a: Amadeus|Leftovers|[from] move: Knock Off|[of] p2a: Landorus
|
|-heal|p2a: Landorus|100/100|[from] item: Leftovers
|upkeep
|turn|2
|
|t:|1664402073
|move|p2a: Landorus|U-turn|p1a: Amadeus
|-resisted|p1a: Amadeus
|-damage|p1a: Amadeus|73/100
|
|t:|1664402075
|switch|p2a: Toxapex|Toxapex, M, shiny|100/100|[from]move: U-turn
|move|p1a: Amadeus|Toxic|p2a: Toxapex
|-immune|p2a: Toxapex
|
|upkeep
|turn|3
|
|t:|1664402078
|switch|p2a: Landorus|Landorus-Therian, M|100/100
|-ability|p2a: Landorus|Intimidate|boost
|-unboost|p1a: Amadeus|atk|1
|move|p1a: Amadeus|Earthquake|p2a: Landorus
|-immune|p2a: Landorus
|
|upkeep
|turn|4
|
|t:|1664402083
|move|p2a: Landorus|U-turn|p1a: Amadeus
|-resisted|p1a: Amadeus
|-damage|p1a: Amadeus|62/100
|
|t:|1664402085
|switch|p2a: Toxapex|Toxapex, M, shiny|100/100|[from]move: U-turn
|move|p1a: Amadeus|U-turn|p2a: Toxapex
|-resisted|p2a: Toxapex
|-damage|p2a: Toxapex|97/100
|
|t:|1664402088
|switch|p1a: Valentine|Raichu-Alola, F, shiny|100/100|[from]move: U-turn
|
|-heal|p2a: Toxapex|100/100|[from] item: Black Sludge
|upkeep
|turn|5
|
|t:|1664402093
|switch|p2a: Garchomp|Garchomp, M|100/100
|move|p1a: Valentine|Rising Voltage|p2a: Garchomp
|-immune|p2a: Garchomp
|
|upkeep
|turn|6
|
|t:|1664402097
|switch|p1a: Clefable|Clefable, M|100/100
|move|p2a: Garchomp|Scale Shot|p1a: Clefable
|-immune|p1a: Clefable
|
|upkeep
|turn|7
|
|t:|1664402101
|switch|p2a: Toxapex|Toxapex, M, shiny|100/100
|move|p1a: Clefable|Stealth Rock|p2a: Toxapex
|-sidestart|p2: dovesoap2|move: Stealth Rock
|
|upkeep
|turn|8
|
|t:|1664402105
|switch|p1a: Sundowner|Ferrothorn, M, shiny|100/100
|move|p2a: Toxapex|Toxic Spikes|p1a: Sundowner
|-sidestart|p1: Spectre Ace|move: Toxic Spikes
|
|-fieldend|move: Electric Terrain
|upkeep
|turn|9
|
|t:|1664402113
|switch|p2a: Tornadus|Tornadus-Therian, M|100/100
|move|p1a: Sundowner|Knock Off|p2a: Tornadus
|-damage|p2a: Tornadus|71/100
|-enditem|p2a: Tornadus|Heavy-Duty Boots|[from] move: Knock Off|[of] p1a: Sundowner
|
|upkeep
|turn|10
|
|t:|1664402119
|move|p2a: Tornadus|Heat Wave|p1a: Sundowner
|-supereffective|p1a: Sundowner
|-damage|p1a: Sundowner|20/100
|move|p1a: Sundowner|Spikes|p2a: Tornadus
|-sidestart|p2: dovesoap2|Spikes
|
|-heal|p1a: Sundowner|26/100|[from] item: Leftovers
|upkeep
|turn|11
|
|t:|1664402124
|move|p2a: Tornadus|Hurricane|p1a: Sundowner
|-damage|p1a: Sundowner|0 fnt
|faint|p1a: Sundowner
|
|upkeep
|
|t:|1664402126
|switch|p1a: Booker|Tapu Koko|100/100
|-status|p1a: Booker|psn
|-fieldstart|move: Electric Terrain|[from] ability: Electric Surge|[of] p1a: Booker
|turn|12
|
|t:|1664402132
|switch|p2a: Landorus|Landorus-Therian, M|100/100
|-damage|p2a: Landorus|88/100|[from] Stealth Rock
|-ability|p2a: Landorus|Intimidate|boost
|-unboost|p1a: Booker|atk|1
|move|p1a: Booker|U-turn|p2a: Landorus
|-resisted|p2a: Landorus
|-damage|p2a: Landorus|83/100
|
|t:|1664402134
|switch|p1a: Engine|Volcanion|100/100|[from]move: U-turn
|
|-heal|p2a: Landorus|89/100|[from] item: Leftovers
|upkeep
|turn|13
|
|t:|1664402148
|move|p2a: Landorus|Earthquake|p1a: Engine
|-supereffective|p1a: Engine
|-damage|p1a: Engine|15/100
|move|p1a: Engine|Steam Eruption|p2a: Landorus
|-supereffective|p2a: Landorus
|-damage|p2a: Landorus|0 fnt
|faint|p2a: Landorus
|
|upkeep
|
|t:|1664402155
|switch|p2a: Tornadus|Tornadus-Therian, M|100/100
|-damage|p2a: Tornadus|76/100|[from] Stealth Rock
|turn|14
|
|t:|1664402158
|switch|p1a: Amadeus|Landorus-Therian, M|62/100
|-ability|p1a: Amadeus|Intimidate|boost
|-unboost|p2a: Tornadus|atk|1
|move|p2a: Tornadus|Hurricane|p1a: Amadeus|[miss]
|-miss|p2a: Tornadus|p1a: Amadeus
|
|upkeep
|turn|15
|
|t:|1664402164
|move|p2a: Tornadus|Hurricane|p1a: Amadeus
|-damage|p1a: Amadeus|18/100
|move|p1a: Amadeus|Earthquake|p2a: Tornadus
|-immune|p2a: Tornadus
|
|upkeep
|turn|16
|
|t:|1664402168
|move|p2a: Tornadus|Heat Wave|p1a: Amadeus|[miss]
|-miss|p2a: Tornadus|p1a: Amadeus
|move|p1a: Amadeus|U-turn|p2a: Tornadus
|-resisted|p2a: Tornadus
|-damage|p2a: Tornadus|60/100
|c|☆dovesoap2|wow
|
|t:|1664402172
|switch|p1a: Booker|Tapu Koko|100/100 psn|[from]move: U-turn
|
|-damage|p1a: Booker|88/100 psn|[from] psn
|upkeep
|turn|17
|
|t:|1664402180
|switch|p2a: Clefable|Clefable, F|100/100
|-damage|p2a: Clefable|88/100|[from] Stealth Rock
|-damage|p2a: Clefable|76/100|[from] Spikes
|move|p1a: Booker|Thunderbolt|p2a: Clefable
|-damage|p2a: Clefable|43/100
|
|-heal|p2a: Clefable|49/100|[from] item: Leftovers
|-damage|p1a: Booker|76/100 psn|[from] psn
|upkeep
|turn|18
|
|t:|1664402192
|switch|p1a: Clefable|Clefable, M|100/100
|move|p2a: Clefable|Soft-Boiled|p2a: Clefable
|-heal|p2a: Clefable|99/100
|
|-heal|p2a: Clefable|100/100|[from] item: Leftovers
|upkeep
|turn|19
|
|t:|1664402196
|move|p2a: Clefable|Thunder Wave|p1a: Clefable
|-status|p1a: Clefable|par
|cant|p1a: Clefable|par
|
|-fieldend|move: Electric Terrain
|upkeep
|turn|20
|
|t:|1664402202
|switch|p2a: Toxapex|Toxapex, M, shiny|100/100
|-damage|p2a: Toxapex|88/100|[from] Stealth Rock
|-damage|p2a: Toxapex|75/100|[from] Spikes
|switch|p1a: Booker|Tapu Koko|76/100 psn
|-fieldstart|move: Electric Terrain|[from] ability: Electric Surge|[of] p1a: Booker
|
|-heal|p2a: Toxapex|82/100|[from] item: Black Sludge
|-damage|p1a: Booker|63/100 psn|[from] psn
|upkeep
|turn|21
|
|t:|1664402213
|switch|p2a: Garchomp|Garchomp, M|100/100
|-damage|p2a: Garchomp|94/100|[from] Stealth Rock
|-damage|p2a: Garchomp|82/100|[from] Spikes
|move|p1a: Booker|U-turn|p2a: Garchomp
|-damage|p2a: Garchomp|67/100
|-damage|p1a: Booker|51/100 psn|[from] ability: Rough Skin|[of] p2a: Garchomp
|
|t:|1664402216
|switch|p1a: Clefable|Clefable, M|100/100 par|[from]move: U-turn
|
|-heal|p2a: Garchomp|73/100|[from] item: Leftovers
|upkeep
|turn|22
|
|t:|1664402236
|move|p2a: Garchomp|Swords Dance|p2a: Garchomp
|-boost|p2a: Garchomp|atk|2
|cant|p1a: Clefable|par
|
|-heal|p2a: Garchomp|80/100|[from] item: Leftovers
|upkeep
|turn|23
|
|t:|1664402241
|move|p2a: Garchomp|Poison Jab|p1a: Clefable
|-supereffective|p1a: Clefable
|-damage|p1a: Clefable|61/100 par
|move|p1a: Clefable|Moonblast|p2a: Garchomp
|-supereffective|p2a: Garchomp
|-damage|p2a: Garchomp|25/100
|
|-heal|p2a: Garchomp|31/100|[from] item: Leftovers
|upkeep
|turn|24
|
|t:|1664402246
|move|p2a: Garchomp|Earthquake|p1a: Clefable
|-damage|p1a: Clefable|26/100 par
|cant|p1a: Clefable|par
|
|-heal|p2a: Garchomp|38/100|[from] item: Leftovers
|upkeep
|turn|25
|
|t:|1664402252
|move|p2a: Garchomp|Earthquake|p1a: Clefable
|-damage|p1a: Clefable|0 fnt
|faint|p1a: Clefable
|
|-heal|p2a: Garchomp|44/100|[from] item: Leftovers
|upkeep
|j| KappaHalo
|
|t:|1664402257
|switch|p1a: Booker|Tapu Koko|51/100 psn
|turn|26
|
|t:|1664402261
|move|p1a: Booker|Dazzling Gleam|p2a: Garchomp
|-supereffective|p2a: Garchomp
|-damage|p2a: Garchomp|0 fnt
|faint|p2a: Garchomp
|
|-damage|p1a: Booker|38/100 psn|[from] psn
|upkeep
|c|☆dovesoap2|gg
|c|☆dovesoap2|thought u didn't had it
|
|t:|1664402275
|switch|p2a: Clefable|Clefable, F|100/100
|-damage|p2a: Clefable|88/100|[from] Stealth Rock
|-damage|p2a: Clefable|76/100|[from] Spikes
|turn|27
|
|t:|1664402296
|switch|p1a: Amadeus|Landorus-Therian, M|18/100
|-ability|p1a: Amadeus|Intimidate|boost
|-unboost|p2a: Clefable|atk|1
|move|p2a: Clefable|Soft-Boiled|p2a: Clefable
|-heal|p2a: Clefable|100/100
|
|-fieldend|move: Electric Terrain
|upkeep
|turn|28
|
|t:|1664402300
|switch|p2a: Tornadus|Tornadus-Therian, M|93/100
|-damage|p2a: Tornadus|68/100|[from] Stealth Rock
|move|p1a: Amadeus|Earthquake|p2a: Tornadus
|-immune|p2a: Tornadus
|
|upkeep
|turn|29
|
|t:|1664402305
|move|p2a: Tornadus|Heat Wave|p1a: Amadeus
|-damage|p1a: Amadeus|0 fnt
|faint|p1a: Amadeus
|
|upkeep
|
|t:|1664402309
|switch|p1a: Booker|Tapu Koko|38/100 psn
|-fieldstart|move: Electric Terrain|[from] ability: Electric Surge|[of] p1a: Booker
|turn|30
|
|t:|1664402317
|move|p1a: Booker|Thunderbolt|p2a: Tornadus
|-supereffective|p2a: Tornadus
|-damage|p2a: Tornadus|0 fnt
|faint|p2a: Tornadus
|
|-damage|p1a: Booker|26/100 psn|[from] psn
|upkeep
|
|t:|1664402319
|switch|p2a: Clefable|Clefable, F|100/100
|-damage|p2a: Clefable|88/100|[from] Stealth Rock
|-damage|p2a: Clefable|76/100|[from] Spikes
|turn|31
|
|t:|1664402320
|move|p1a: Booker|Thunderbolt|p2a: Clefable
|-damage|p2a: Clefable|41/100
|move|p2a: Clefable|Soft-Boiled|p2a: Clefable
|-heal|p2a: Clefable|91/100
|
|-heal|p2a: Clefable|97/100|[from] item: Leftovers
|-damage|p1a: Booker|13/100 psn|[from] psn
|upkeep
|turn|32
|j| SadTb
|
|t:|1664402324
|move|p1a: Booker|U-turn|p2a: Clefable
|-resisted|p2a: Clefable
|-damage|p2a: Clefable|88/100
|
|t:|1664402325
|switch|p1a: Valentine|Raichu-Alola, F, shiny|100/100|[from]move: U-turn
|-status|p1a: Valentine|psn
|move|p2a: Clefable|Soft-Boiled|p2a: Clefable
|-heal|p2a: Clefable|100/100
|
|-damage|p1a: Valentine|88/100 psn|[from] psn
|upkeep
|turn|33
|
|t:|1664402330
|move|p1a: Valentine|Rising Voltage|p2a: Clefable
|-hint|Rising Voltage's BP doubled on grounded target.
|-damage|p2a: Clefable|29/100
|-damage|p1a: Valentine|78/100 psn|[from] item: Life Orb
|move|p2a: Clefable|Soft-Boiled|p2a: Clefable
|-heal|p2a: Clefable|79/100
|
|-heal|p2a: Clefable|85/100|[from] item: Leftovers
|-damage|p1a: Valentine|66/100 psn|[from] psn
|upkeep
|turn|34
|
|t:|1664402336
|move|p1a: Valentine|Rising Voltage|p2a: Clefable
|-hint|Rising Voltage's BP doubled on grounded target.
|-damage|p2a: Clefable|11/100
|-damage|p1a: Valentine|56/100 psn|[from] item: Life Orb
|move|p2a: Clefable|Moonblast|p1a: Valentine
|-damage|p1a: Valentine|9/100 psn
|-unboost|p1a: Valentine|spa|1
|
|-heal|p2a: Clefable|17/100|[from] item: Leftovers
|-damage|p1a: Valentine|0 fnt|[from] psn
|faint|p1a: Valentine
|upkeep
|
|t:|1664402340
|switch|p1a: Engine|Volcanion|15/100
|turn|35
|
|t:|1664402350
|move|p1a: Engine|Earth Power|p2a: Clefable
|-damage|p2a: Clefable|0 fnt
|faint|p2a: Clefable
|
|upkeep
|
|t:|1664402351
|switch|p2a: Melmetal|Melmetal|100/100
|-damage|p2a: Melmetal|94/100|[from] Stealth Rock
|-damage|p2a: Melmetal|82/100|[from] Spikes
|turn|36
|
|t:|1664402355
|move|p1a: Engine|Flamethrower|p2a: Melmetal
|-supereffective|p2a: Melmetal
|-damage|p2a: Melmetal|22/100
|move|p2a: Melmetal|Earthquake|p1a: Engine
|-supereffective|p1a: Engine
|-damage|p1a: Engine|0 fnt
|faint|p1a: Engine
|
|upkeep
|
|t:|1664402361
|switch|p1a: Booker|Tapu Koko|13/100 psn
|turn|37
|
|t:|1664402364
|move|p1a: Booker|Thunderbolt|p2a: Melmetal
|-damage|p2a: Melmetal|0 fnt
|faint|p2a: Melmetal
|
|-damage|p1a: Booker|1/100 psn|[from] psn
|-fieldend|move: Electric Terrain
|upkeep
|j| tyrantkingdad
|
|t:|1664402366
|switch|p2a: Toxapex|Toxapex, M, shiny|100/100
|-damage|p2a: Toxapex|88/100|[from] Stealth Rock
|-damage|p2a: Toxapex|75/100|[from] Spikes
|turn|38
|
|t:|1664402370
|move|p1a: Booker|Roost|p1a: Booker
|-heal|p1a: Booker|51/100 psn
|-singleturn|p1a: Booker|move: Roost
|move|p2a: Toxapex|Recover|p2a: Toxapex
|-heal|p2a: Toxapex|100/100
|
|-damage|p1a: Booker|39/100 psn|[from] psn
|upkeep
|turn|39
|c|☆dovesoap2|gg
|
|t:|1664402374
|move|p1a: Booker|Roost|p1a: Booker
|-heal|p1a: Booker|89/100 psn
|-singleturn|p1a: Booker|move: Roost
|move|p2a: Toxapex|Scald|p1a: Booker
|-damage|p1a: Booker|62/100 psn
|
|-damage|p1a: Booker|49/100 psn|[from] psn
|upkeep
|turn|40
|c|☆dovesoap2|nice set
|-message|dovesoap2 forfeited.
|
|win|Spectre Ace
|raw|Spectre Ace's rating: 1788 &rarr; <strong>1810</strong><br />(+22 for winning)
|raw|dovesoap2's rating: 1831 &rarr; <strong>1809</strong><br />(-22 for losing)
|l|☆dovesoap2
|l| SadTb
||Ladder isn't responding, score probably updated but might not have (Request timeout).
