|j|☆zKally
|j|☆MoarEevees
|player|p1|zKally|290|1021
|player|p2|MoarEevees|266|1029
|teamsize|p1|6
|teamsize|p2|6
|gametype|singles
|gen|8
|tier|[Gen 8] OU
|rated|
|rule|Sleep Clause Mod: Limit one foe put to sleep
|rule|Species Clause: Limit one of each Pokémon
|rule|OHKO Clause: OHKO moves are banned
|rule|Moody Clause: Moody is banned
|rule|Evasion Moves Clause: Evasion moves are banned
|rule|Endless Battle Clause: Forcing endless battles is banned
|rule|HP Percentage Mod: HP is shown in percentages
|clearpoke
|poke|p1|Dragapult, F|item
|poke|p1|Ferrothorn, F|item
|poke|p1|Excadrill, F|item
|poke|p1|Darmanitan-Galar, M|item
|poke|p1|Hawlucha, M|item
|poke|p1|Toxapex, M|item
|poke|p2|Polteageist|item
|poke|p2|Araquanid, F|item
|poke|p2|Excadrill, F|item
|poke|p2|Conkeldurr, M|item
|poke|p2|Corsola-Galar, M|item
|poke|p2|Appletun, F|item
|teampreview
|inactive|Battle timer is ON: inactive players will automatically lose when time's up. (requested by zKally)
|
|start
|switch|p1a: Excadrill|Excadrill, F|100/100
|switch|p2a: Conkeldurr|Conkeldurr, M|100/100
|-ability|p1a: Excadrill|Mold Breaker
|turn|1
|
|move|p1a: Excadrill|Stealth Rock|p2a: Conkeldurr
|-sidestart|p2: MoarEevees|move: Stealth Rock
|move|p2a: Conkeldurr|Power-Up Punch|p1a: Excadrill
|-supereffective|p1a: Excadrill
|-damage|p1a: Excadrill|32/100
|-boost|p2a: Conkeldurr|atk|1
|
|upkeep
|turn|2
|
|move|p1a: Excadrill|Earthquake|p2a: Conkeldurr
|-damage|p2a: Conkeldurr|51/100
|move|p2a: Conkeldurr|Drain Punch|p1a: Excadrill
|-supereffective|p1a: Excadrill
|-damage|p1a: Excadrill|0 fnt
|-heal|p2a: Conkeldurr|65/100|[from] drain|[of] p1a: Excadrill
|faint|p1a: Excadrill
|
|upkeep
|
|switch|p1a: Darmanitan|Darmanitan-Galar, M|100/100
|turn|3
|inactive|zKally has 120 seconds left.
|
|move|p1a: Darmanitan|Icicle Crash|p2a: Conkeldurr
|-damage|p2a: Conkeldurr|1/100
|cant|p2a: Conkeldurr|flinch
|
|upkeep
|turn|4
|
|move|p1a: Darmanitan|Icicle Crash|p2a: Conkeldurr
|-crit|p2a: Conkeldurr
|-damage|p2a: Conkeldurr|0 fnt
|faint|p2a: Conkeldurr
|
|upkeep
|
|switch|p2a: Excadrill|Excadrill, F|100/100
|-damage|p2a: Excadrill|97/100|[from] Stealth Rock
|-ability|p2a: Excadrill|Mold Breaker
|turn|5
|
|move|p1a: Darmanitan|Icicle Crash|p2a: Excadrill
|-damage|p2a: Excadrill|0 fnt
|faint|p2a: Excadrill
|
|upkeep
|
|switch|p2a: Corsola|Corsola-Galar, M|100/100
|-damage|p2a: Corsola|88/100|[from] Stealth Rock
|turn|6
|
|move|p1a: Darmanitan|Icicle Crash|p2a: Corsola|[miss]
|-miss|p1a: Darmanitan|p2a: Corsola
|move|p2a: Corsola|Will-O-Wisp|p1a: Darmanitan
|-status|p1a: Darmanitan|brn
|
|-damage|p1a: Darmanitan|95/100 brn|[from] brn
|upkeep
|turn|7
|
|move|p1a: Darmanitan|Icicle Crash|p2a: Corsola
|-damage|p2a: Corsola|70/100
|move|p2a: Corsola|Stealth Rock|p1a: Darmanitan
|-sidestart|p1: zKally|move: Stealth Rock
|
|-damage|p1a: Darmanitan|89/100 brn|[from] brn
|upkeep
|turn|8
|
|move|p1a: Darmanitan|Icicle Crash|p2a: Corsola
|-damage|p2a: Corsola|53/100
|-start|p1a: Darmanitan|Disable|Icicle Crash|[from] ability: Cursed Body|[of] p2a: Corsola
|move|p2a: Corsola|Will-O-Wisp|p1a: Darmanitan
|-fail|p1a: Darmanitan|brn
|
|-damage|p1a: Darmanitan|83/100 brn|[from] brn
|upkeep
|turn|9
|
|switch|p1a: Dragapult|Dragapult, F|100/100
|-damage|p1a: Dragapult|88/100|[from] Stealth Rock
|move|p2a: Corsola|Will-O-Wisp|p1a: Dragapult
|-status|p1a: Dragapult|brn
|
|-damage|p1a: Dragapult|82/100 brn|[from] brn
|upkeep
|turn|10
|
|move|p1a: Dragapult|Dragon Dance|p1a: Dragapult
|-boost|p1a: Dragapult|atk|1
|-boost|p1a: Dragapult|spe|1
|move|p2a: Corsola|Strength Sap|p1a: Dragapult
|-unboost|p1a: Dragapult|atk|1
|-heal|p2a: Corsola|100/100
|
|-damage|p1a: Dragapult|76/100 brn|[from] brn
|upkeep
|turn|11
|c|☆zKally|That's an annoying corsola
|c|☆MoarEevees|u flinching my
|c|☆MoarEevees|fighting type
|inactive|zKally has 120 seconds left.
|c|☆MoarEevees|was also annoying
|
|-start|p1a: Dragapult|Dynamax
|-heal|p1a: Dragapult|76/100 brn|[from] Dynamax
|move|p1a: Dragapult|Max Phantasm|p2a: Corsola
|-supereffective|p2a: Corsola
|-damage|p2a: Corsola|57/100
|-unboost|p2a: Corsola|def|1
|-damage|p1a: Dragapult|66/100 brn|[from] item: Life Orb
|move|p2a: Corsola|Strength Sap|p1a: Dragapult
|-unboost|p1a: Dragapult|atk|1
|-heal|p2a: Corsola|100/100
|
|-damage|p1a: Dragapult|60/100 brn|[from] brn
|upkeep
|turn|12
|c|☆zKally|that dmg
|
|move|p1a: Dragapult|Max Phantasm|p2a: Corsola
|-supereffective|p2a: Corsola
|-damage|p2a: Corsola|55/100
|-unboost|p2a: Corsola|def|1
|-damage|p1a: Dragapult|50/100 brn|[from] item: Life Orb
|move|p2a: Corsola|Strength Sap|p1a: Dragapult
|-unboost|p1a: Dragapult|atk|1
|-heal|p2a: Corsola|100/100
|
|-damage|p1a: Dragapult|44/100 brn|[from] brn
|upkeep
|turn|13
|
|move|p1a: Dragapult|Max Phantasm|p2a: Corsola
|-supereffective|p2a: Corsola
|-damage|p2a: Corsola|54/100
|-unboost|p2a: Corsola|def|1
|-damage|p1a: Dragapult|34/100 brn|[from] item: Life Orb
|move|p2a: Corsola|Strength Sap|p1a: Dragapult
|-unboost|p1a: Dragapult|atk|1
|-heal|p2a: Corsola|100/100
|
|-damage|p1a: Dragapult|28/100 brn|[from] brn
|-end|p1a: Dragapult|Dynamax
|-heal|p1a: Dragapult|28/100 brn|[from] Dynamax
|upkeep
|turn|14
|
|move|p1a: Dragapult|Phantom Force||[still]
|-prepare|p1a: Dragapult|Phantom Force|p2a: Corsola
|move|p2a: Corsola|Strength Sap|p1a: Dragapult|[miss]
|-miss|p2a: Corsola|p1a: Dragapult
|
|-damage|p1a: Dragapult|22/100 brn|[from] brn
|upkeep
|turn|15
|
|move|p1a: Dragapult|Phantom Force|p2a: Corsola|[from]lockedmove
|-supereffective|p2a: Corsola
|-damage|p2a: Corsola|67/100
|-damage|p1a: Dragapult|12/100 brn|[from] item: Life Orb
|move|p2a: Corsola|Strength Sap|p1a: Dragapult
|-unboost|p1a: Dragapult|atk|1
|-heal|p2a: Corsola|100/100
|
|-damage|p1a: Dragapult|6/100 brn|[from] brn
|upkeep
|turn|16
|-message|zKally forfeited.
|
|win|MoarEevees
|l|☆zKally
||Ladder (probably) updated, but score could not be retrieved (Response not received).
