|j|☆Contorted Lies
|j|☆mia corvere
|t:|1606500192
|player|p1|Contorted Lies|101|2082
|player|p2|mia corvere|102|2055
|teamsize|p1|6
|teamsize|p2|6
|gametype|singles
|gen|8
|tier|[Gen 8] OU
|rated|
|clearpoke
|poke|p1|Weavile, F|
|poke|p1|Urshifu-*, M|
|poke|p1|Magearna|
|poke|p1|Moltres|
|poke|p1|Hippowdon, M|
|poke|p1|Toxapex, F|
|poke|p2|Clefable, F|
|poke|p2|Pheromosa|
|poke|p2|Moltres|
|poke|p2|Ferrothorn, M|
|poke|p2|Landorus-Therian, M|
|poke|p2|Keldeo-Resolute|
|rule|Sleep Clause Mod: Limit one foe put to sleep
|rule|Species Clause: Limit one of each Pokémon
|rule|OHKO Clause: OHKO moves are banned
|rule|Evasion Moves Clause: Evasion moves are banned
|rule|Endless Battle Clause: Forcing endless battles is banned
|rule|HP Percentage Mod: HP is shown in percentages
|rule|Dynamax Clause: You cannot dynamax
|teampreview
|j| Buhdamdon
|inactive|Battle timer is ON: inactive players will automatically lose when time's up. (requested by mia corvere)
|
|t:|1606500214
|start
|switch|p1a: Toxapex|Toxapex, F|100/100
|switch|p2a: Landorus|Landorus-Therian, M|100/100
|-ability|p2a: Landorus|Intimidate|boost
|-unboost|p1a: Toxapex|atk|1
|turn|1
|
|t:|1606500217
|move|p2a: Landorus|Earthquake|p1a: Toxapex
|-supereffective|p1a: Toxapex
|-damage|p1a: Toxapex|29/100
|move|p1a: Toxapex|Toxic Spikes|p2a: Landorus
|-sidestart|p2: mia corvere|move: Toxic Spikes
|
|-heal|p1a: Toxapex|36/100|[from] item: Black Sludge
|upkeep
|turn|2
|j| Xvhvx
|
|t:|1606500222
|switch|p2a: Moltres|Moltres|100/100
|switch|p1a: Moltres|Moltres|100/100
|
|upkeep
|turn|3
|
|t:|1606500226
|move|p2a: Moltres|Hurricane|p1a: Moltres
|-damage|p1a: Moltres|14/100
|-start|p1a: Moltres|confusion
|-activate|p1a: Moltres|confusion
|move|p1a: Moltres|Roost|p1a: Moltres
|-heal|p1a: Moltres|64/100
|-singleturn|p1a: Moltres|move: Roost
|
|upkeep
|turn|4
|j| Tace㋛
|
|t:|1606500234
|switch|p1a: Magearna|Magearna|100/100
|move|p2a: Moltres|Hurricane|p1a: Magearna|[miss]
|-miss|p2a: Moltres|p1a: Magearna
|
|upkeep
|turn|5
|j| AngryCold
|j| OverUsed Expert
|
|t:|1606500241
|switch|p2a: Landorus|Landorus-Therian, M|100/100
|-ability|p2a: Landorus|Intimidate|boost
|-unboost|p1a: Magearna|atk|1
|move|p1a: Magearna|Fleur Cannon|p2a: Landorus
|-damage|p2a: Landorus|0 fnt
|-unboost|p1a: Magearna|spa|2
|faint|p2a: Landorus
|-ability|p1a: Magearna|Soul-Heart|boost
|-boost|p1a: Magearna|spa|1
|
|upkeep
|
|t:|1606500248
|switch|p2a: Ferrothorn|Ferrothorn, M|100/100
|turn|6
|
|t:|1606500251
|switch|p1a: Moltres|Moltres|64/100
|move|p2a: Ferrothorn|Stealth Rock|p1a: Moltres
|-sidestart|p1: Contorted Lies|move: Stealth Rock
|
|upkeep
|turn|7
|
|t:|1606500278
|switch|p2a: Moltres|Moltres|100/100
|move|p1a: Moltres|Roost|p1a: Moltres
|-heal|p1a: Moltres|100/100
|-singleturn|p1a: Moltres|move: Roost
|
|upkeep
|turn|8
|j| ExperimentalNewb
|
|t:|1606500283
|move|p2a: Moltres|Hurricane|p1a: Moltres
|-damage|p1a: Moltres|13/100
|-start|p1a: Moltres|confusion
|-activate|p1a: Moltres|confusion
|move|p1a: Moltres|Hurricane|p2a: Moltres
|-damage|p2a: Moltres|45/100
|
|upkeep
|turn|9
|
|t:|1606500290
|move|p2a: Moltres|Hurricane|p1a: Moltres|[miss]
|-miss|p2a: Moltres|p1a: Moltres
|-activate|p1a: Moltres|confusion
|move|p1a: Moltres|Hurricane|p2a: Moltres
|-damage|p2a: Moltres|0 fnt
|faint|p2a: Moltres
|
|upkeep
|c|☆mia corvere|lmfao
|c|☆mia corvere|ok
|
|t:|1606500296
|switch|p2a: Pheromosa|Pheromosa|100/100
|turn|10
|c| OverUsed Expert|lol
|j| Zombini62
|
|t:|1606500305
|move|p2a: Pheromosa|Rapid Spin|p1a: Moltres
|-damage|p1a: Moltres|0 fnt
|-boost|p2a: Pheromosa|spe|1
|-sideend|p2: mia corvere|Toxic Spikes|[from] move: Rapid Spin|[of] p2a: Pheromosa
|faint|p1a: Moltres
|-ability|p2a: Pheromosa|Beast Boost|boost
|-boost|p2a: Pheromosa|atk|1
|
|upkeep
|j| oracle J-L
|j| Arnaud senju vgc
|
|t:|1606500321
|switch|p1a: Toxapex|Toxapex, F|69/100
|-damage|p1a: Toxapex|56/100|[from] Stealth Rock
|turn|11
|j| ppev
|
|t:|1606500328
|move|p2a: Pheromosa|U-turn|p1a: Toxapex
|-resisted|p1a: Toxapex
|-damage|p1a: Toxapex|37/100
|
|t:|1606500331
|switch|p2a: Keldeo|Keldeo-Resolute|100/100|[from]move: U-turn
|move|p1a: Toxapex|Toxic Spikes|p2a: Keldeo
|-sidestart|p2: mia corvere|move: Toxic Spikes
|
|-heal|p1a: Toxapex|44/100|[from] item: Black Sludge
|upkeep
|turn|12
|
|t:|1606500334
|switch|p1a: Hippowdon|Hippowdon, M|100/100
|-damage|p1a: Hippowdon|94/100|[from] Stealth Rock
|-weather|Sandstorm|[from] ability: Sand Stream|[of] p1a: Hippowdon
|move|p2a: Keldeo|Substitute|p2a: Keldeo
|-start|p2a: Keldeo|Substitute
|-damage|p2a: Keldeo|76/100
|
|-weather|Sandstorm|[upkeep]
|-damage|p2a: Keldeo|70/100|[from] Sandstorm
|-heal|p2a: Keldeo|76/100|[from] item: Leftovers
|-heal|p1a: Hippowdon|100/100|[from] item: Leftovers
|upkeep
|turn|13
|j| littlecat157
|
|t:|1606500340
|move|p2a: Keldeo|Scald|p1a: Hippowdon
|-supereffective|p1a: Hippowdon
|-damage|p1a: Hippowdon|38/100
|move|p1a: Hippowdon|Earthquake|p2a: Keldeo
|-end|p2a: Keldeo|Substitute
|
|-weather|Sandstorm|[upkeep]
|-damage|p2a: Keldeo|70/100|[from] Sandstorm
|-heal|p2a: Keldeo|76/100|[from] item: Leftovers
|-heal|p1a: Hippowdon|44/100|[from] item: Leftovers
|upkeep
|turn|14
|j| rlly6
|
|t:|1606500358
|move|p2a: Keldeo|Scald|p1a: Hippowdon
|-supereffective|p1a: Hippowdon
|-damage|p1a: Hippowdon|0 fnt
|faint|p1a: Hippowdon
|
|-weather|Sandstorm|[upkeep]
|-damage|p2a: Keldeo|70/100|[from] Sandstorm
|-heal|p2a: Keldeo|76/100|[from] item: Leftovers
|upkeep
|
|t:|1606500359
|switch|p1a: Magearna|Magearna|100/100
|-damage|p1a: Magearna|95/100|[from] Stealth Rock
|turn|15
|
|t:|1606500361
|switch|p2a: Ferrothorn|Ferrothorn, M|100/100
|move|p1a: Magearna|Volt Switch|p2a: Ferrothorn
|-resisted|p2a: Ferrothorn
|-damage|p2a: Ferrothorn|84/100
|
|t:|1606500364
|switch|p1a: Urshifu|Urshifu, M|100/100|[from]move: Volt Switch
|-damage|p1a: Urshifu|94/100|[from] Stealth Rock
|
|-weather|Sandstorm|[upkeep]
|-damage|p1a: Urshifu|88/100|[from] Sandstorm
|-heal|p2a: Ferrothorn|90/100|[from] item: Leftovers
|upkeep
|turn|16
|j| Parrot67
|
|t:|1606500372
|switch|p2a: Clefable|Clefable, F|100/100
|-status|p2a: Clefable|psn
|move|p1a: Urshifu|Close Combat|p2a: Clefable
|-resisted|p2a: Clefable
|-damage|p2a: Clefable|56/100 psn
|-unboost|p1a: Urshifu|def|1
|-unboost|p1a: Urshifu|spd|1
|
|-weather|none
|-heal|p2a: Clefable|62/100 psn|[from] item: Leftovers
|upkeep
|turn|17
|
|t:|1606500379
|switch|p1a: Magearna|Magearna|95/100
|-damage|p1a: Magearna|89/100|[from] Stealth Rock
|move|p2a: Clefable|Soft-Boiled|p2a: Clefable
|-heal|p2a: Clefable|100/100 psn
|
|upkeep
|turn|18
|
|t:|1606500383
|switch|p2a: Ferrothorn|Ferrothorn, M|90/100
|move|p1a: Magearna|Flash Cannon|p2a: Ferrothorn
|-resisted|p2a: Ferrothorn
|-crit|p2a: Ferrothorn
|-damage|p2a: Ferrothorn|44/100
|
|-heal|p2a: Ferrothorn|50/100|[from] item: Leftovers
|upkeep
|turn|19
|
|t:|1606500396
|move|p1a: Magearna|Flash Cannon|p2a: Ferrothorn
|-resisted|p2a: Ferrothorn
|-damage|p2a: Ferrothorn|23/100
|move|p2a: Ferrothorn|Power Whip|p1a: Magearna
|-resisted|p1a: Magearna
|-damage|p1a: Magearna|71/100
|
|-heal|p2a: Ferrothorn|29/100|[from] item: Leftovers
|upkeep
|turn|20
|
|t:|1606500401
|move|p1a: Magearna|Flash Cannon|p2a: Ferrothorn
|-resisted|p2a: Ferrothorn
|-damage|p2a: Ferrothorn|2/100
|move|p2a: Ferrothorn|Power Whip|p1a: Magearna|[miss]
|-miss|p2a: Ferrothorn|p1a: Magearna
|
|-heal|p2a: Ferrothorn|8/100|[from] item: Leftovers
|upkeep
|turn|21
|c|☆mia corvere|dawg
|c|☆mia corvere|come the fuck on
|j| djok barra hi
|j| Jongruenwald
|c|☆mia corvere|what a garbage game
|
|t:|1606500430
|move|p1a: Magearna|Flash Cannon|p2a: Ferrothorn
|-resisted|p2a: Ferrothorn
|-damage|p2a: Ferrothorn|0 fnt
|faint|p2a: Ferrothorn
|-ability|p1a: Magearna|Soul-Heart|boost
|-boost|p1a: Magearna|spa|1
|
|upkeep
|
|t:|1606500431
|switch|p2a: Pheromosa|Pheromosa|100/100
|turn|22
|j| halfking
|
|t:|1606500443
|move|p2a: Pheromosa|Rapid Spin|p1a: Magearna
|-resisted|p1a: Magearna
|-damage|p1a: Magearna|60/100
|-boost|p2a: Pheromosa|spe|1
|-sideend|p2: mia corvere|Toxic Spikes|[from] move: Rapid Spin|[of] p2a: Pheromosa
|move|p1a: Magearna|Flash Cannon|p2a: Pheromosa
|-damage|p2a: Pheromosa|0 fnt
|faint|p2a: Pheromosa
|-ability|p1a: Magearna|Soul-Heart|boost
|-boost|p1a: Magearna|spa|1
|
|upkeep
|
|t:|1606500445
|switch|p2a: Keldeo|Keldeo-Resolute|76/100
|turn|23
|
|t:|1606500447
|move|p2a: Keldeo|Calm Mind|p2a: Keldeo
|-boost|p2a: Keldeo|spa|1
|-boost|p2a: Keldeo|spd|1
|move|p1a: Magearna|Flash Cannon|p2a: Keldeo
|-resisted|p2a: Keldeo
|-damage|p2a: Keldeo|20/100
|
|-heal|p2a: Keldeo|26/100|[from] item: Leftovers
|upkeep
|turn|24
|j| Yinza
|c| Buhdamdon|contorted lies is in elite 4, no surprise that he will win
|
|t:|1606500467
|move|p2a: Keldeo|Secret Sword|p1a: Magearna
|-crit|p1a: Magearna
|-damage|p1a: Magearna|0 fnt
|faint|p1a: Magearna
|
|-heal|p2a: Keldeo|32/100|[from] item: Leftovers
|upkeep
|
|t:|1606500470
|switch|p1a: Weavile|Weavile, F|100/100
|-damage|p1a: Weavile|76/100|[from] Stealth Rock
|-ability|p1a: Weavile|Pressure
|turn|25
|c| rlly6|LMQO
|c| rlly6|Lmao
|
|t:|1606500473
|switch|p2a: Clefable|Clefable, F|100/100 psn
|move|p1a: Weavile|Knock Off|p2a: Clefable
|-resisted|p2a: Clefable
|-damage|p2a: Clefable|73/100 psn
|-enditem|p2a: Clefable|Leftovers|[from] move: Knock Off|[of] p1a: Weavile
|-damage|p1a: Weavile|66/100|[from] item: Life Orb
|
|upkeep
|turn|26
|c| rlly6|Crit
|j| KoffingWoffing
|
|t:|1606500481
|switch|p1a: Toxapex|Toxapex, F|77/100
|-damage|p1a: Toxapex|64/100|[from] Stealth Rock
|move|p2a: Clefable|Moonblast|p1a: Toxapex
|-resisted|p1a: Toxapex
|-damage|p1a: Toxapex|51/100
|
|-heal|p1a: Toxapex|58/100|[from] item: Black Sludge
|upkeep
|turn|27
|l| Xvhvx
|
|t:|1606500487
|switch|p2a: Keldeo|Keldeo-Resolute|32/100
|move|p1a: Toxapex|Knock Off|p2a: Keldeo
|-resisted|p2a: Keldeo
|-damage|p2a: Keldeo|23/100
|-ability|p2a: Keldeo|Justified|boost
|-boost|p2a: Keldeo|atk|1
|-enditem|p2a: Keldeo|Leftovers|[from] move: Knock Off|[of] p1a: Toxapex
|
|-heal|p1a: Toxapex|64/100|[from] item: Black Sludge
|upkeep
|turn|28
|
|t:|1606500492
|switch|p2a: Clefable|Clefable, F|73/100 psn
|move|p1a: Toxapex|Toxic Spikes|p2a: Clefable
|-sidestart|p2: mia corvere|move: Toxic Spikes
|
|-heal|p1a: Toxapex|70/100|[from] item: Black Sludge
|upkeep
|turn|29
|j| eggbome
|
|t:|1606500513
|move|p2a: Clefable|Soft-Boiled|p2a: Clefable
|-heal|p2a: Clefable|100/100 psn
|move|p1a: Toxapex|Scald|p2a: Clefable
|-crit|p2a: Clefable
|-damage|p2a: Clefable|82/100 psn
|
|-heal|p1a: Toxapex|76/100|[from] item: Black Sludge
|upkeep
|turn|30
|
|t:|1606500520
|move|p2a: Clefable|Wish|p2a: Clefable
|move|p1a: Toxapex|Toxic Spikes|p2a: Clefable
|-sidestart|p2: mia corvere|move: Toxic Spikes
|
|-heal|p1a: Toxapex|83/100|[from] item: Black Sludge
|upkeep
|turn|31
|
|t:|1606500523
|switch|p2a: Keldeo|Keldeo-Resolute|23/100
|-status|p2a: Keldeo|tox
|move|p1a: Toxapex|Scald|p2a: Keldeo
|-resisted|p2a: Keldeo
|-damage|p2a: Keldeo|14/100 tox
|
|-heal|p2a: Keldeo|75/100 tox|[from] move: Wish|[wisher] Clefable
|-heal|p1a: Toxapex|89/100|[from] item: Black Sludge
|-damage|p2a: Keldeo|69/100 tox|[from] psn
|upkeep
|turn|32
|j| Somalia
|j| Song for the Sun
|
|t:|1606500530
|switch|p2a: Clefable|Clefable, F|82/100 psn
|move|p1a: Toxapex|Scald|p2a: Clefable
|-damage|p2a: Clefable|71/100 psn
|
|-heal|p1a: Toxapex|95/100|[from] item: Black Sludge
|upkeep
|turn|33
|
|t:|1606500543
|move|p2a: Clefable|Wish|p2a: Clefable
|move|p1a: Toxapex|Scald|p2a: Clefable
|-damage|p2a: Clefable|60/100 psn
|
|-heal|p1a: Toxapex|100/100|[from] item: Black Sludge
|upkeep
|turn|34
|
|t:|1606500548
|move|p2a: Clefable|Moonblast|p1a: Toxapex
|-resisted|p1a: Toxapex
|-damage|p1a: Toxapex|88/100
|move|p1a: Toxapex|Scald|p2a: Clefable
|-damage|p2a: Clefable|48/100 psn
|
|-heal|p2a: Clefable|98/100 psn|[from] move: Wish|[wisher] Clefable
|-heal|p1a: Toxapex|94/100|[from] item: Black Sludge
|upkeep
|turn|35
|
|t:|1606500557
|move|p2a: Clefable|Wish|p2a: Clefable
|move|p1a: Toxapex|Knock Off|p2a: Clefable
|-resisted|p2a: Clefable
|-damage|p2a: Clefable|94/100 psn
|
|-heal|p1a: Toxapex|99/100|[from] item: Black Sludge
|upkeep
|turn|36
|
|t:|1606500560
|switch|p2a: Keldeo|Keldeo-Resolute|69/100 tox
|move|p1a: Toxapex|Knock Off|p2a: Keldeo
|-resisted|p2a: Keldeo
|-damage|p2a: Keldeo|64/100 tox
|-ability|p2a: Keldeo|Justified|boost
|-boost|p2a: Keldeo|atk|1
|
|-heal|p2a: Keldeo|100/100 tox|[from] move: Wish|[wisher] Clefable
|-heal|p1a: Toxapex|100/100|[from] item: Black Sludge
|-damage|p2a: Keldeo|94/100 tox|[from] psn
|upkeep
|turn|37
|j| ACII
|
|t:|1606500568
|move|p2a: Keldeo|Scald|p1a: Toxapex
|-resisted|p1a: Toxapex
|-damage|p1a: Toxapex|84/100
|move|p1a: Toxapex|Scald|p2a: Keldeo
|-resisted|p2a: Keldeo
|-damage|p2a: Keldeo|86/100 tox
|
|-heal|p1a: Toxapex|91/100|[from] item: Black Sludge
|-damage|p2a: Keldeo|73/100 tox|[from] psn
|upkeep
|turn|38
|
|t:|1606500571
|move|p2a: Keldeo|Scald|p1a: Toxapex
|-resisted|p1a: Toxapex
|-damage|p1a: Toxapex|72/100
|move|p1a: Toxapex|Scald|p2a: Keldeo
|-resisted|p2a: Keldeo
|-damage|p2a: Keldeo|65/100 tox
|
|-heal|p1a: Toxapex|78/100|[from] item: Black Sludge
|-damage|p2a: Keldeo|47/100 tox|[from] psn
|upkeep
|turn|39
|j| Skip The Drip
|
|t:|1606500578
|switch|p2a: Clefable|Clefable, F|94/100 psn
|switch|p1a: Urshifu|Urshifu, M|88/100
|-damage|p1a: Urshifu|82/100|[from] Stealth Rock
|
|upkeep
|turn|40
|
|t:|1606500582
|move|p1a: Urshifu|Poison Jab|p2a: Clefable
|-supereffective|p2a: Clefable
|-damage|p2a: Clefable|13/100 psn
|move|p2a: Clefable|Moonblast|p1a: Urshifu
|-supereffective|p1a: Urshifu
|-damage|p1a: Urshifu|0 fnt
|faint|p1a: Urshifu
|
|upkeep
|l| Arnaud senju vgc
|j| UnzipsCrogre
|
|t:|1606500589
|switch|p1a: Weavile|Weavile, F|66/100
|-damage|p1a: Weavile|41/100|[from] Stealth Rock
|-ability|p1a: Weavile|Pressure
|turn|41
|j| Von Manstein
|l| UnzipsCrogre
|j| blackdarkness1
|
|t:|1606500613
|move|p1a: Weavile|Knock Off|p2a: Clefable
|-resisted|p2a: Clefable
|-damage|p2a: Clefable|0 fnt
|-damage|p1a: Weavile|31/100|[from] item: Life Orb
|faint|p2a: Clefable
|
|upkeep
|
|t:|1606500615
|switch|p2a: Keldeo|Keldeo-Resolute|47/100 tox
|turn|42
|
|t:|1606500621
|move|p1a: Weavile|Triple Axel|p2a: Keldeo
|-resisted|p2a: Keldeo
|-damage|p2a: Keldeo|40/100 tox
|-resisted|p2a: Keldeo
|-damage|p2a: Keldeo|26/100 tox
|-resisted|p2a: Keldeo
|-damage|p2a: Keldeo|4/100 tox
|-hitcount|p2a: Keldeo|3
|-damage|p1a: Weavile|21/100|[from] item: Life Orb
|move|p2a: Keldeo|Scald|p1a: Weavile
|-damage|p1a: Weavile|0 fnt
|faint|p1a: Weavile
|
|-damage|p2a: Keldeo|0 fnt|[from] psn
|faint|p2a: Keldeo
|
|win|Contorted Lies
|upkeep
|l|☆Contorted Lies
|l| Von Manstein
|l| AngryCold
|l| rlly6
|l| KoffingWoffing
|l|☆mia corvere
