|j|☆J de Jurguen
|j|☆Ayante
|inactive|Battle timer is ON: inactive players will automatically lose when time's up.
|t:|1649188015
|gametype|singles
|player|p1|J de Jurguen|volkner|
|player|p2|Ayante|youngcouple-gen4dp|
|teamsize|p1|6
|teamsize|p2|6
|gen|8
|tier|[Gen 8] OU
|rated|Tournament battle
|rule|Sleep Clause Mod: Limit one foe put to sleep
|rule|Species Clause: Limit one of each Pokémon
|rule|OHKO Clause: OHKO moves are banned
|rule|Evasion Moves Clause: Evasion moves are banned
|rule|Endless Battle Clause: Forcing endless battles is banned
|rule|HP Percentage Mod: HP is shown in percentages
|rule|Dynamax Clause: You cannot dynamax
|clearpoke
|poke|p1|Pelipper, F|
|poke|p1|Hawlucha, M|
|poke|p1|Landorus-Therian, M|
|poke|p1|Barraskewda, M|
|poke|p1|Kartana|
|poke|p1|Tapu Koko|
|poke|p2|Hippowdon, F|
|poke|p2|Slowking-Galar, M|
|poke|p2|Toxapex, F|
|poke|p2|Corviknight, F|
|poke|p2|Hydreigon, M|
|poke|p2|Scizor, M|
|teampreview
|j| Franko159
|j| No_hearts XIII
|j| samirsin999
|j| dymeria
|j| Competitivegoat12
|l| Competitivegoat12
|
|t:|1649188041
|start
|switch|p1a: Tapu Koko|Tapu Koko, shiny|100/100
|switch|p2a: Slowking|Slowking-Galar, M|100/100
|-fieldstart|move: Electric Terrain|[from] ability: Electric Surge|[of] p1a: Tapu Koko
|turn|1
|
|t:|1649188050
|move|p1a: Tapu Koko|Volt Switch|p2a: Slowking
|-damage|p2a: Slowking|73/100
|
|t:|1649188053
|switch|p1a: Landorus|Landorus-Therian, M|100/100|[from]move: Volt Switch
|-ability|p1a: Landorus|Intimidate|boost
|-unboost|p2a: Slowking|atk|1
|move|p2a: Slowking|Scald|p1a: Landorus
|-supereffective|p1a: Landorus
|-damage|p1a: Landorus|37/100
|-status|p1a: Landorus|brn
|
|-damage|p1a: Landorus|31/100 brn|[from] brn
|upkeep
|turn|2
|
|t:|1649188058
|switch|p2a: Corviknight|Corviknight, F|100/100
|-ability|p2a: Corviknight|Pressure
|move|p1a: Landorus|Knock Off|p2a: Corviknight
|-damage|p2a: Corviknight|89/100
|-enditem|p2a: Corviknight|Shed Shell|[from] move: Knock Off|[of] p1a: Landorus
|
|-damage|p1a: Landorus|25/100 brn|[from] brn
|upkeep
|turn|3
|
|t:|1649188064
|move|p1a: Landorus|U-turn|p2a: Corviknight
|-resisted|p2a: Corviknight
|-damage|p2a: Corviknight|87/100
|j| carlosthor
|
|t:|1649188067
|switch|p1a: Pelipper|Pelipper, F|100/100|[from]move: U-turn
|-weather|RainDance|[from] ability: Drizzle|[of] p1a: Pelipper
|move|p2a: Corviknight|Iron Defense|p2a: Corviknight
|-boost|p2a: Corviknight|def|2
|
|-weather|RainDance|[upkeep]
|upkeep
|turn|4
|
|t:|1649188070
|switch|p2a: Slowking|Slowking-Galar, M|100/100
|move|p1a: Pelipper|Scald|p2a: Slowking
|-damage|p2a: Slowking|76/100
|
|-weather|RainDance|[upkeep]
|upkeep
|turn|5
|l| carlosthor
|
|t:|1649188081
|move|p1a: Pelipper|U-turn|p2a: Slowking
|-damage|p2a: Slowking|66/100
|
|t:|1649188084
|switch|p1a: Landorus|Landorus-Therian, M|25/100 brn|[from]move: U-turn
|-ability|p1a: Landorus|Intimidate|boost
|-unboost|p2a: Slowking|atk|1
|move|p2a: Slowking|Sludge Bomb|p1a: Landorus
|-resisted|p1a: Landorus
|-damage|p1a: Landorus|0 fnt
|faint|p1a: Landorus
|
|-weather|RainDance|[upkeep]
|-fieldend|move: Electric Terrain
|upkeep
|
|t:|1649188086
|switch|p1a: Barraskewda|Barraskewda, M|100/100
|turn|6
|l| samirsin999
|
|t:|1649188090
|switch|p2a: Toxapex|Toxapex, F|100/100
|move|p1a: Barraskewda|Flip Turn|p2a: Toxapex
|-resisted|p2a: Toxapex
|-damage|p2a: Toxapex|78/100
|-damage|p1a: Barraskewda|84/100|[from] item: Rocky Helmet|[of] p2a: Toxapex
|j| julianelvengador
|
|t:|1649188093
|switch|p1a: Tapu Koko|Tapu Koko, shiny|100/100|[from]move: Flip Turn
|-fieldstart|move: Electric Terrain|[from] ability: Electric Surge|[of] p1a: Tapu Koko
|
|-weather|RainDance|[upkeep]
|upkeep
|turn|7
|
|t:|1649188095
|switch|p2a: Slowking|Slowking-Galar, M|99/100
|move|p1a: Tapu Koko|Dazzling Gleam|p2a: Slowking
|-resisted|p2a: Slowking
|-damage|p2a: Slowking|88/100
|
|-weather|RainDance|[upkeep]
|upkeep
|turn|8
|
|t:|1649188098
|switch|p1a: Kartana|Kartana|100/100
|move|p2a: Slowking|Sludge Bomb|p1a: Kartana
|-immune|p1a: Kartana
|
|-weather|RainDance|[upkeep]
|upkeep
|turn|9
|
|t:|1649188101
|switch|p2a: Corviknight|Corviknight, F|87/100
|-ability|p2a: Corviknight|Pressure
|move|p1a: Kartana|Knock Off|p2a: Corviknight
|-damage|p2a: Corviknight|71/100
|
|-weather|RainDance|[upkeep]
|upkeep
|turn|10
|c| Franko159|rocky helmet, se nota que odia a barraskewda
|
|t:|1649188103
|switch|p1a: Tapu Koko|Tapu Koko, shiny|100/100
|move|p2a: Corviknight|Body Press|p1a: Tapu Koko
|-resisted|p1a: Tapu Koko
|-damage|p1a: Tapu Koko|82/100
|
|-weather|none
|-fieldend|move: Electric Terrain
|upkeep
|turn|11
|
|t:|1649188107
|switch|p2a: Slowking|Slowking-Galar, M|100/100
|move|p1a: Tapu Koko|Volt Switch|p2a: Slowking
|-damage|p2a: Slowking|82/100
|
|t:|1649188112
|switch|p1a: Barraskewda|Barraskewda, M|84/100|[from]move: Volt Switch
|
|upkeep
|turn|12
|
|t:|1649188115
|switch|p2a: Toxapex|Toxapex, F|100/100
|move|p1a: Barraskewda|Flip Turn|p2a: Toxapex
|-resisted|p2a: Toxapex
|-damage|p2a: Toxapex|86/100
|-damage|p1a: Barraskewda|68/100|[from] item: Rocky Helmet|[of] p2a: Toxapex
|c|☆J de Jurguen|Lo siento
|c|☆J de Jurguen|Tengo que irme :(
|c|☆J de Jurguen|GG
|c| Franko159|rindete
|-message|J de Jurguen forfeited.
|
|win|Ayante
|n|☆J de Jurguen|jdejurguen
|n|☆Ayante|ayante
|n| Franko159|franko159
|n| No_hearts XIII|noheartsxiii
|n| dymeria|dymeria
|n| julianelvengador|julianelvengador
