|html|<div class="broadcast-blue"><strong>[Gen 8] OU is currently suspecting Melmetal! For information on how to participate check out the <a href="https://www.smogon.com/forums/threads/np-ss-ou-suspect-process-round-12-monster-mash.3709234/">suspect thread</a>.</strong></div>
|j|☆minimax_ai
|j|☆ty-tyui↻
|t:|1665863264
|gametype|singles
|player|p1|minimax_ai|lusamine-nihilego|1517
|player|p2|ty-tyui↻|grace|1589
|teamsize|p1|6
|teamsize|p2|6
|gen|8
|tier|[Gen 8] OU
|rated|
|rule|Sleep Clause Mod: Limit one foe put to sleep
|rule|Species Clause: Limit one of each Pokémon
|rule|OHKO Clause: OHKO moves are banned
|rule|Evasion Items Clause: Evasion items are banned
|rule|Evasion Moves Clause: Evasion moves are banned
|rule|Endless Battle Clause: Forcing endless battles is banned
|rule|HP Percentage Mod: HP is shown in percentages
|rule|Dynamax Clause: You cannot dynamax
|clearpoke
|poke|p1|Rotom-Wash|
|poke|p1|Weavile, F|
|poke|p1|Landorus-Therian, M|
|poke|p1|Heatran, M|
|poke|p1|Tangrowth, F|
|poke|p1|Melmetal|
|poke|p2|Zygarde-10%|
|poke|p2|Kartana|
|poke|p2|Blacephalon|
|poke|p2|Landorus-Therian, M|
|poke|p2|Tapu Fini|
|poke|p2|Corviknight, M|
|teampreview
|c|☆minimax_ai|hf
|inactive|Battle timer is ON: inactive players will automatically lose when time's up. (requested by minimax_ai)
|
|t:|1665863273
|start
|switch|p1a: landorustherian|Landorus-Therian, M|100/100
|switch|p2a: Kartana|Kartana|100/100
|-ability|p1a: landorustherian|Intimidate|boost
|-unboost|p2a: Kartana|atk|1
|turn|1
|
|t:|1665863276
|switch|p1a: Tangrowth|Tangrowth, F|100/100
|move|p2a: Kartana|Knock Off|p1a: Tangrowth
|-damage|p1a: Tangrowth|86/100
|-damage|p2a: Kartana|84/100|[from] item: Rocky Helmet|[of] p1a: Tangrowth
|-enditem|p1a: Tangrowth|Rocky Helmet|[from] move: Knock Off|[of] p2a: Kartana
|
|upkeep
|turn|2
|
|t:|1665863279
|switch|p2a: Corviknight|Corviknight, M|100/100
|-ability|p2a: Corviknight|Pressure
|move|p1a: Tangrowth|Sleep Powder|p2a: Corviknight|[miss]
|-miss|p1a: Tangrowth|p2a: Corviknight
|
|upkeep
|turn|3
|
|t:|1665863284
|move|p2a: Corviknight|U-turn|p1a: Tangrowth
|-supereffective|p1a: Tangrowth
|-damage|p1a: Tangrowth|70/100
|
|t:|1665863286
|switch|p2a: Tapu Fini|Tapu Fini|100/100|[from]move: U-turn
|-fieldstart|move: Misty Terrain|[from] ability: Misty Surge|[of] p2a: Tapu Fini
|move|p1a: Tangrowth|Giga Drain|p2a: Tapu Fini
|-supereffective|p2a: Tapu Fini
|-damage|p2a: Tapu Fini|58/100
|-heal|p1a: Tangrowth|88/100|[from] drain|[of] p2a: Tapu Fini
|
|-heal|p2a: Tapu Fini|64/100|[from] item: Leftovers
|upkeep
|turn|4
|
|t:|1665863289
|switch|p2a: Corviknight|Corviknight, M|100/100
|-ability|p2a: Corviknight|Pressure
|move|p1a: Tangrowth|Giga Drain|p2a: Corviknight
|-resisted|p2a: Corviknight
|-damage|p2a: Corviknight|94/100
|-heal|p1a: Tangrowth|91/100|[from] drain|[of] p2a: Corviknight
|
|upkeep
|turn|5
|
|t:|1665863293
|move|p2a: Corviknight|Brave Bird|p1a: Tangrowth
|-supereffective|p1a: Tangrowth
|-damage|p1a: Tangrowth|52/100
|-damage|p2a: Corviknight|82/100|[from] Recoil
|move|p1a: Tangrowth|Giga Drain|p2a: Corviknight
|-resisted|p2a: Corviknight
|-crit|p2a: Corviknight
|-damage|p2a: Corviknight|72/100
|-heal|p1a: Tangrowth|57/100|[from] drain|[of] p2a: Corviknight
|
|upkeep
|turn|6
|
|t:|1665863296
|switch|p1a: Melmetal|Melmetal|100/100
|move|p2a: Corviknight|U-turn|p1a: Melmetal
|-resisted|p1a: Melmetal
|-damage|p1a: Melmetal|96/100
|
|t:|1665863299
|switch|p2a: Blacephalon|Blacephalon|100/100|[from]move: U-turn
|
|upkeep
|turn|7
|
|t:|1665863302
|switch|p1a: landorustherian|Landorus-Therian, M|100/100
|-ability|p1a: landorustherian|Intimidate|boost
|-unboost|p2a: Blacephalon|atk|1
|move|p2a: Blacephalon|Flamethrower|p1a: landorustherian
|-damage|p1a: landorustherian|43/100
|-status|p1a: landorustherian|brn
|
|-heal|p1a: landorustherian|49/100 brn|[from] item: Leftovers
|-damage|p1a: landorustherian|43/100 brn|[from] brn
|-fieldend|Misty Terrain
|upkeep
|turn|8
|
|t:|1665863306
|switch|p2a: Zygarde|Zygarde-10%|100/100
|-ability|p2a: Zygarde|Aura Break
|switch|p1a: rotomwash|Rotom-Wash|100/100
|
|upkeep
|turn|9
|
|t:|1665863308
|switch|p1a: landorustherian|Landorus-Therian, M|43/100 brn
|-ability|p1a: landorustherian|Intimidate|boost
|-unboost|p2a: Zygarde|atk|1
|move|p2a: Zygarde|Thousand Arrows|p1a: landorustherian
|-damage|p1a: landorustherian|6/100 brn
|-start|p1a: landorustherian|Smack Down
|
|-heal|p1a: landorustherian|12/100 brn|[from] item: Leftovers
|-damage|p1a: landorustherian|6/100 brn|[from] brn
|upkeep
|turn|10
|
|t:|1665863310
|switch|p1a: Tangrowth|Tangrowth, F|90/100
|move|p2a: Zygarde|Thousand Arrows|p1a: Tangrowth
|-resisted|p1a: Tangrowth
|-damage|p1a: Tangrowth|80/100
|
|upkeep
|turn|11
|
|t:|1665863313
|switch|p2a: Corviknight|Corviknight, M|72/100
|-ability|p2a: Corviknight|Pressure
|move|p1a: Tangrowth|Giga Drain|p2a: Corviknight
|-resisted|p2a: Corviknight
|-damage|p2a: Corviknight|66/100
|-heal|p1a: Tangrowth|83/100|[from] drain|[of] p2a: Corviknight
|
|upkeep
|turn|12
|
|t:|1665863316
|switch|p1a: rotomwash|Rotom-Wash|100/100
|move|p2a: Corviknight|U-turn|p1a: rotomwash
|-damage|p1a: rotomwash|86/100
|
|t:|1665863319
|switch|p2a: Zygarde|Zygarde-10%|100/100|[from]move: U-turn
|-ability|p2a: Zygarde|Aura Break
|
|-heal|p1a: rotomwash|92/100|[from] item: Leftovers
|upkeep
|turn|13
|
|t:|1665863321
|switch|p2a: Blacephalon|Blacephalon|100/100
|switch|p1a: Tangrowth|Tangrowth, F|100/100
|
|upkeep
|turn|14
|
|t:|1665863324
|switch|p1a: landorustherian|Landorus-Therian, M|6/100 brn
|-ability|p1a: landorustherian|Intimidate|boost
|-unboost|p2a: Blacephalon|atk|1
|move|p2a: Blacephalon|Shadow Ball|p1a: landorustherian
|-damage|p1a: landorustherian|0 fnt
|faint|p1a: landorustherian
|-ability|p2a: Blacephalon|Beast Boost|boost
|-boost|p2a: Blacephalon|spa|1
|
|upkeep
|
|t:|1665863324
|switch|p1a: Weavile|Weavile, F|100/100
|-ability|p1a: Weavile|Pressure
|turn|15
|
|t:|1665863328
|switch|p2a: Tapu Fini|Tapu Fini|64/100
|-fieldstart|move: Misty Terrain|[from] ability: Misty Surge|[of] p2a: Tapu Fini
|move|p1a: Weavile|Knock Off|p2a: Tapu Fini
|-resisted|p2a: Tapu Fini
|-damage|p2a: Tapu Fini|38/100
|-enditem|p2a: Tapu Fini|Leftovers|[from] move: Knock Off|[of] p1a: Weavile
|
|upkeep
|turn|16
|
|t:|1665863332
|switch|p1a: rotomwash|Rotom-Wash|92/100
|move|p2a: Tapu Fini|Draining Kiss|p1a: rotomwash
|-damage|p1a: rotomwash|73/100
|-heal|p2a: Tapu Fini|51/100|[from] drain|[of] p1a: rotomwash
|
|-heal|p1a: rotomwash|79/100|[from] item: Leftovers
|upkeep
|turn|17
|
|t:|1665863336
|switch|p2a: Zygarde|Zygarde-10%|100/100
|-ability|p2a: Zygarde|Aura Break
|move|p1a: rotomwash|Hydro Pump|p2a: Zygarde
|-damage|p2a: Zygarde|36/100
|
|-heal|p1a: rotomwash|85/100|[from] item: Leftovers
|upkeep
|turn|18
|
|t:|1665863339
|switch|p1a: Tangrowth|Tangrowth, F|100/100
|move|p2a: Zygarde|Thousand Arrows|p1a: Tangrowth
|-resisted|p1a: Tangrowth
|-damage|p1a: Tangrowth|84/100
|
|upkeep
|turn|19
|
|t:|1665863341
|switch|p2a: Corviknight|Corviknight, M|66/100
|-ability|p2a: Corviknight|Pressure
|move|p1a: Tangrowth|Knock Off|p2a: Corviknight
|-damage|p2a: Corviknight|51/100
|-damage|p1a: Tangrowth|68/100|[from] item: Rocky Helmet|[of] p2a: Corviknight
|-enditem|p2a: Corviknight|Rocky Helmet|[from] move: Knock Off|[of] p1a: Tangrowth
|
|-fieldend|Misty Terrain
|upkeep
|turn|20
|
|t:|1665863343
|switch|p1a: Heatran|Heatran, M|100/100
|-item|p1a: Heatran|Air Balloon
|move|p2a: Corviknight|Roost|p2a: Corviknight
|-heal|p2a: Corviknight|100/100
|-singleturn|p2a: Corviknight|move: Roost
|
|upkeep
|turn|21
|
|t:|1665863348
|switch|p2a: Tapu Fini|Tapu Fini|51/100
|-fieldstart|move: Misty Terrain|[from] ability: Misty Surge|[of] p2a: Tapu Fini
|move|p1a: Heatran|Eruption|p2a: Tapu Fini
|-resisted|p2a: Tapu Fini
|-damage|p2a: Tapu Fini|22/100
|
|upkeep
|turn|22
|
|t:|1665863350
|move|p1a: Heatran|Eruption|p2a: Tapu Fini
|-resisted|p2a: Tapu Fini
|-damage|p2a: Tapu Fini|0 fnt
|faint|p2a: Tapu Fini
|
|upkeep
|
|t:|1665863352
|switch|p2a: Zygarde|Zygarde-10%|36/100
|-ability|p2a: Zygarde|Aura Break
|turn|23
|
|t:|1665863354
|switch|p2a: Blacephalon|Blacephalon|100/100
|switch|p1a: Tangrowth|Tangrowth, F|100/100
|
|upkeep
|turn|24
|
|t:|1665863358
|switch|p1a: rotomwash|Rotom-Wash|85/100
|move|p2a: Blacephalon|Shadow Ball|p1a: rotomwash
|-damage|p1a: rotomwash|17/100
|
|-heal|p1a: rotomwash|24/100|[from] item: Leftovers
|upkeep
|turn|25
|
|t:|1665863359
|switch|p1a: Melmetal|Melmetal|96/100
|move|p2a: Blacephalon|Shadow Ball|p1a: Melmetal
|-damage|p1a: Melmetal|57/100
|
|-fieldend|Misty Terrain
|upkeep
|turn|26
|
|t:|1665863363
|switch|p2a: Corviknight|Corviknight, M|100/100
|-ability|p2a: Corviknight|Pressure
|move|p1a: Melmetal|Double Iron Bash|p2a: Corviknight
|-resisted|p2a: Corviknight
|-damage|p2a: Corviknight|87/100
|-resisted|p2a: Corviknight
|-damage|p2a: Corviknight|74/100
|-hitcount|p2a: Corviknight|2
|
|upkeep
|turn|27
|
|t:|1665863366
|move|p2a: Corviknight|U-turn|p1a: Melmetal
|-resisted|p1a: Melmetal
|-damage|p1a: Melmetal|54/100
|
|t:|1665863367
|switch|p2a: Landorus|Landorus-Therian, M|100/100|[from]move: U-turn
|-ability|p2a: Landorus|Intimidate|boost
|-unboost|p1a: Melmetal|atk|1
|move|p1a: Melmetal|Double Iron Bash|p2a: Landorus
|-damage|p2a: Landorus|75/100
|-damage|p2a: Landorus|47/100
|-hitcount|p2a: Landorus|2
|
|-heal|p2a: Landorus|53/100|[from] item: Leftovers
|upkeep
|turn|28
|
|t:|1665863371
|switch|p1a: Weavile|Weavile, F|100/100
|-ability|p1a: Weavile|Pressure
|move|p2a: Landorus|Stealth Rock|p1a: Weavile
|-sidestart|p1: minimax_ai|move: Stealth Rock
|
|-heal|p2a: Landorus|59/100|[from] item: Leftovers
|upkeep
|turn|29
|
|t:|1665863379
|move|p1a: Weavile|Triple Axel|p2a: Landorus
|-supereffective|p2a: Landorus
|-damage|p2a: Landorus|4/100
|-supereffective|p2a: Landorus
|-damage|p2a: Landorus|0 fnt
|faint|p2a: Landorus
|-hitcount|p2: Landorus|2
|
|upkeep
|
|t:|1665863382
|switch|p2a: Kartana|Kartana|84/100
|turn|30
|
|t:|1665863385
|switch|p2a: Blacephalon|Blacephalon|100/100
|switch|p1a: Tangrowth|Tangrowth, F|100/100
|-damage|p1a: Tangrowth|88/100|[from] Stealth Rock
|
|upkeep
|turn|31
|
|t:|1665863389
|switch|p1a: rotomwash|Rotom-Wash|24/100
|-damage|p1a: rotomwash|11/100|[from] Stealth Rock
|move|p2a: Blacephalon|Shadow Ball|p1a: rotomwash
|-crit|p1a: rotomwash
|-damage|p1a: rotomwash|0 fnt
|faint|p1a: rotomwash
|-ability|p2a: Blacephalon|Beast Boost|boost
|-boost|p2a: Blacephalon|spa|1
|
|upkeep
|
|t:|1665863389
|switch|p1a: Weavile|Weavile, F|100/100
|-damage|p1a: Weavile|76/100|[from] Stealth Rock
|-ability|p1a: Weavile|Pressure
|turn|32
|
|t:|1665863393
|switch|p2a: Corviknight|Corviknight, M|74/100
|-ability|p2a: Corviknight|Pressure
|move|p1a: Weavile|Triple Axel|p2a: Corviknight
|-damage|p2a: Corviknight|64/100
|-damage|p2a: Corviknight|46/100
|-damage|p2a: Corviknight|16/100
|-hitcount|p2a: Corviknight|3
|
|upkeep
|turn|33
|
|t:|1665863395
|move|p1a: Weavile|Triple Axel|p2a: Corviknight
|-damage|p2a: Corviknight|6/100
|-damage|p2a: Corviknight|0 fnt
|faint|p2a: Corviknight
|-hitcount|p2: Corviknight|2
|
|upkeep
|
|t:|1665863403
|switch|p2a: Blacephalon|Blacephalon|100/100
|turn|34
|
|t:|1665863406
|move|p1a: Weavile|Triple Axel|p2a: Blacephalon
|-resisted|p2a: Blacephalon
|-damage|p2a: Blacephalon|83/100
|-hitcount|p2a: Blacephalon|1
|move|p2a: Blacephalon|Flamethrower|p1a: Weavile
|-supereffective|p1a: Weavile
|-damage|p1a: Weavile|0 fnt
|faint|p1a: Weavile
|-ability|p2a: Blacephalon|Beast Boost|boost
|-boost|p2a: Blacephalon|spa|1
|
|upkeep
|
|t:|1665863406
|switch|p1a: Heatran|Heatran, M|100/100
|-damage|p1a: Heatran|88/100|[from] Stealth Rock
|-item|p1a: Heatran|Air Balloon
|turn|35
|
|t:|1665863416
|switch|p2a: Kartana|Kartana|84/100
|move|p1a: Heatran|Eruption|p2a: Kartana
|-supereffective|p2a: Kartana
|-damage|p2a: Kartana|0 fnt
|faint|p2a: Kartana
|
|upkeep
|
|t:|1665863418
|switch|p2a: Zygarde|Zygarde-10%|36/100
|-ability|p2a: Zygarde|Aura Break
|turn|36
|
|t:|1665863420
|switch|p2a: Blacephalon|Blacephalon|83/100
|switch|p1a: Tangrowth|Tangrowth, F|100/100
|-damage|p1a: Tangrowth|88/100|[from] Stealth Rock
|
|upkeep
|turn|37
|
|t:|1665863424
|switch|p1a: Heatran|Heatran, M|88/100
|-damage|p1a: Heatran|76/100|[from] Stealth Rock
|-item|p1a: Heatran|Air Balloon
|move|p2a: Blacephalon|Shadow Ball|p1a: Heatran
|-damage|p1a: Heatran|7/100
|-enditem|p1a: Heatran|Air Balloon
|
|upkeep
|turn|38
|
|t:|1665863426
|move|p2a: Blacephalon|Shadow Ball|p1a: Heatran
|-damage|p1a: Heatran|0 fnt
|faint|p1a: Heatran
|-ability|p2a: Blacephalon|Beast Boost|boost
|-boost|p2a: Blacephalon|spa|1
|
|upkeep
|
|t:|1665863426
|switch|p1a: Melmetal|Melmetal|54/100
|-damage|p1a: Melmetal|47/100|[from] Stealth Rock
|turn|39
|c|☆ty-tyui↻|gg
|
|t:|1665863430
|move|p2a: Blacephalon|Shadow Ball|p1a: Melmetal
|-damage|p1a: Melmetal|0 fnt
|faint|p1a: Melmetal
|-ability|p2a: Blacephalon|Beast Boost|boost
|-boost|p2a: Blacephalon|spa|1
|
|upkeep
|
|t:|1665863431
|switch|p1a: Tangrowth|Tangrowth, F|100/100
|-damage|p1a: Tangrowth|88/100|[from] Stealth Rock
|turn|40
|
|t:|1665863433
|move|p2a: Blacephalon|Shadow Ball|p1a: Tangrowth
|-damage|p1a: Tangrowth|0 fnt
|faint|p1a: Tangrowth
|
|win|ty-tyui↻
|raw|minimax_ai's rating: 1517 &rarr; <strong>1501</strong><br />(-16 for losing)
|raw|ty-tyui↻'s rating: 1589 &rarr; <strong>1605</strong><br />(+16 for winning)
|c|☆minimax_ai|gg
|l|☆minimax_ai
||Ladder isn't responding, score probably updated but might not have (Request timeout).
