|j|☆Maitredouard2
|j|☆dmk80
|t:|1660305800
|gametype|singles
|player|p1|Maitredouard2|lance|1720
|player|p2|dmk80|265|1692
|teamsize|p1|6
|teamsize|p2|6
|gen|8
|tier|[Gen 8] OU
|rated|
|rule|Sleep Clause Mod: Limit one foe put to sleep
|rule|Species Clause: Limit one of each Pokémon
|rule|OHKO Clause: OHKO moves are banned
|rule|Evasion Items Clause: Evasion items are banned
|rule|Evasion Moves Clause: Evasion moves are banned
|rule|Endless Battle Clause: Forcing endless battles is banned
|rule|HP Percentage Mod: HP is shown in percentages
|rule|Dynamax Clause: You cannot dynamax
|clearpoke
|poke|p1|Mandibuzz, F|
|poke|p1|Landorus-Therian, M|
|poke|p1|Blissey, F|
|poke|p1|Heatran, F|
|poke|p1|Toxapex, F|
|poke|p1|Tapu Lele|
|poke|p2|Ninetales-Alola, M|
|poke|p2|Arctozolt|
|poke|p2|Hawlucha, M|
|poke|p2|Kartana|
|poke|p2|Tapu Koko|
|poke|p2|Landorus-Therian, M|
|teampreview
|inactive|Battle timer is ON: inactive players will automatically lose when time's up. (requested by Maitredouard2)
|
|t:|1660305829
|start
|switch|p1a: Tapu Lele|Tapu Lele|100/100
|switch|p2a: Ninetales|Ninetales-Alola, M|100/100
|-weather|Hail|[from] ability: Snow Warning|[of] p2a: Ninetales
|-fieldstart|move: Psychic Terrain|[from] ability: Psychic Surge|[of] p1a: Tapu Lele
|turn|1
|
|t:|1660305841
|switch|p2a: Landorus|Landorus-Therian, M|100/100
|-ability|p2a: Landorus|Intimidate|boost
|-unboost|p1a: Tapu Lele|atk|1
|move|p1a: Tapu Lele|Psyshock|p2a: Landorus
|-damage|p2a: Landorus|21/100
|
|-weather|Hail|[upkeep]
|-damage|p1a: Tapu Lele|94/100|[from] Hail
|-damage|p2a: Landorus|15/100|[from] Hail
|-heal|p2a: Landorus|21/100|[from] item: Leftovers
|upkeep
|turn|2
|
|t:|1660305851
|move|p1a: Tapu Lele|Psyshock|p2a: Landorus
|-damage|p2a: Landorus|0 fnt
|faint|p2a: Landorus
|
|-weather|Hail|[upkeep]
|-damage|p1a: Tapu Lele|88/100|[from] Hail
|upkeep
|
|t:|1660305868
|switch|p2a: Kartana|Kartana|100/100
|turn|3
|
|t:|1660305873
|switch|p1a: Mandibuzz|Mandibuzz, F|100/100
|move|p2a: Kartana|Knock Off|p1a: Mandibuzz
|-resisted|p1a: Mandibuzz
|-damage|p1a: Mandibuzz|83/100
|-enditem|p1a: Mandibuzz|Heavy-Duty Boots|[from] move: Knock Off|[of] p2a: Kartana
|-damage|p2a: Kartana|91/100|[from] item: Life Orb
|
|-weather|Hail|[upkeep]
|-damage|p2a: Kartana|85/100|[from] Hail
|upkeep
|turn|4
|
|t:|1660305896
|switch|p2a: Arctozolt|Arctozolt|100/100
|move|p1a: Mandibuzz|Taunt|p2a: Arctozolt
|-start|p2a: Arctozolt|move: Taunt
|
|-weather|Hail|[upkeep]
|upkeep
|turn|5
|
|t:|1660305905
|switch|p1a: Landorus|Landorus-Therian, M|100/100
|-ability|p1a: Landorus|Intimidate|boost
|-unboost|p2a: Arctozolt|atk|1
|move|p2a: Arctozolt|Blizzard|p1a: Landorus
|-supereffective|p1a: Landorus
|-damage|p1a: Landorus|0 fnt
|faint|p1a: Landorus
|
|-weather|Hail|[upkeep]
|-fieldend|move: Psychic Terrain
|upkeep
|
|t:|1660305916
|switch|p1a: Heatran|Heatran, F|100/100
|-item|p1a: Heatran|Air Balloon
|turn|6
|
|t:|1660305936
|switch|p2a: Kartana|Kartana|85/100
|move|p1a: Heatran|Magma Storm|p2a: Kartana
|-supereffective|p2a: Kartana
|-damage|p2a: Kartana|0 fnt
|faint|p2a: Kartana
|
|-weather|Hail|[upkeep]
|-damage|p1a: Heatran|94/100|[from] Hail
|upkeep
|
|t:|1660305948
|switch|p2a: Tapu Koko|Tapu Koko|100/100
|-fieldstart|move: Electric Terrain|[from] ability: Electric Surge|[of] p2a: Tapu Koko
|turn|7
|
|t:|1660305954
|switch|p1a: Blissey|Blissey, F|100/100
|move|p2a: Tapu Koko|Thunderbolt|p1a: Blissey
|-damage|p1a: Blissey|86/100
|
|-weather|Hail|[upkeep]
|-damage|p2a: Tapu Koko|94/100|[from] Hail
|-damage|p1a: Blissey|79/100|[from] Hail
|upkeep
|turn|8
|
|t:|1660305966
|switch|p2a: Hawlucha|Hawlucha, M|100/100
|-enditem|p2a: Hawlucha|Electric Seed
|-boost|p2a: Hawlucha|def|1|[from] item: Electric Seed
|move|p1a: Blissey|Teleport|p1a: Blissey
|
|t:|1660305972
|switch|p1a: Tapu Lele|Tapu Lele|88/100|[from]move: Teleport
|-fieldstart|move: Psychic Terrain|[from] ability: Psychic Surge|[of] p1a: Tapu Lele
|
|-weather|none
|upkeep
|turn|9
|
|t:|1660305980
|move|p2a: Hawlucha|Acrobatics|p1a: Tapu Lele
|-damage|p1a: Tapu Lele|10/100
|move|p1a: Tapu Lele|Moonblast|p2a: Hawlucha
|-supereffective|p2a: Hawlucha
|-damage|p2a: Hawlucha|0 fnt
|faint|p2a: Hawlucha
|
|upkeep
|
|t:|1660305990
|switch|p2a: Tapu Koko|Tapu Koko|94/100
|-fieldstart|move: Electric Terrain|[from] ability: Electric Surge|[of] p2a: Tapu Koko
|turn|10
|
|t:|1660305995
|move|p2a: Tapu Koko|Volt Switch|p1a: Tapu Lele
|-damage|p1a: Tapu Lele|0 fnt
|faint|p1a: Tapu Lele
|
|t:|1660306000
|switch|p2a: Ninetales|Ninetales-Alola, M|100/100|[from]move: Volt Switch
|-weather|Hail|[from] ability: Snow Warning|[of] p2a: Ninetales
|
|-weather|Hail|[upkeep]
|upkeep
|
|t:|1660306008
|switch|p1a: Heatran|Heatran, F|94/100
|-item|p1a: Heatran|Air Balloon
|turn|11
|
|t:|1660306014
|move|p2a: Ninetales|Blizzard|p1a: Heatran
|-resisted|p1a: Heatran
|-damage|p1a: Heatran|86/100
|-enditem|p1a: Heatran|Air Balloon
|move|p1a: Heatran|Magma Storm|p2a: Ninetales
|-supereffective|p2a: Ninetales
|-damage|p2a: Ninetales|0 fnt
|faint|p2a: Ninetales
|
|-weather|Hail|[upkeep]
|-damage|p1a: Heatran|80/100|[from] Hail
|upkeep
|
|t:|1660306026
|switch|p2a: Arctozolt|Arctozolt|100/100
|turn|12
|
|t:|1660306031
|switch|p1a: Toxapex|Toxapex, F|100/100
|move|p2a: Arctozolt|Bolt Beak|p1a: Toxapex
|-supereffective|p1a: Toxapex
|-crit|p1a: Toxapex
|-damage|p1a: Toxapex|0 fnt
|-damage|p2a: Arctozolt|84/100|[from] item: Rocky Helmet|[of] p1a: Toxapex
|faint|p1a: Toxapex
|
|-weather|Hail|[upkeep]
|upkeep
|
|t:|1660306043
|switch|p1a: Mandibuzz|Mandibuzz, F|83/100
|turn|13
|
|t:|1660306047
|move|p2a: Arctozolt|Bolt Beak|p1a: Mandibuzz
|-supereffective|p1a: Mandibuzz
|-damage|p1a: Mandibuzz|0 fnt
|faint|p1a: Mandibuzz
|
|-weather|Hail|[upkeep]
|upkeep
|
|t:|1660306054
|switch|p1a: Blissey|Blissey, F|79/100
|turn|14
|
|t:|1660306057
|move|p2a: Arctozolt|Bolt Beak|p1a: Blissey
|-damage|p1a: Blissey|0 fnt
|faint|p1a: Blissey
|
|-weather|Hail|[upkeep]
|-fieldend|move: Electric Terrain
|upkeep
|
|t:|1660306063
|switch|p1a: Heatran|Heatran, F|80/100
|turn|15
|
|t:|1660306081
|move|p2a: Arctozolt|Bolt Beak|p1a: Heatran
|-damage|p1a: Heatran|12/100
|move|p1a: Heatran|Earth Power|p2a: Arctozolt
|-supereffective|p2a: Arctozolt
|-damage|p2a: Arctozolt|0 fnt
|faint|p2a: Arctozolt
|
|-weather|Hail|[upkeep]
|-damage|p1a: Heatran|6/100|[from] Hail
|upkeep
|-message|Maitredouard2 forfeited.
|
|win|dmk80
|raw|Maitredouard2's rating: 1720 &rarr; <strong>1698</strong><br />(-22 for losing)
|raw|dmk80's rating: 1692 &rarr; <strong>1714</strong><br />(+22 for winning)
|l|☆Maitredouard2
||Ladder isn't responding, score probably updated but might not have (Request timeout).
