|j|☆Mutako Z
|j|☆Thruxy
|t:|1659299298
|gametype|singles
|player|p1|Mutako Z|cynthia-gen4|1511
|player|p2|Thruxy|blue|1596
|teamsize|p1|6
|teamsize|p2|6
|gen|8
|tier|[Gen 8] OU
|rated|
|rule|Sleep Clause Mod: Limit one foe put to sleep
|rule|Species Clause: Limit one of each Pokémon
|rule|OHKO Clause: OHKO moves are banned
|rule|Evasion Moves Clause: Evasion moves are banned
|rule|Endless Battle Clause: Forcing endless battles is banned
|rule|HP Percentage Mod: HP is shown in percentages
|rule|Dynamax Clause: You cannot dynamax
|clearpoke
|poke|p1|Hippowdon, M|
|poke|p1|Tyranitar, F|
|poke|p1|Excadrill, M|
|poke|p1|Dracozolt|
|poke|p1|Zapdos|
|poke|p1|Scizor, M|
|poke|p2|Dragonite, F|
|poke|p2|Gyarados, M|
|poke|p2|Nidoking, M|
|poke|p2|Clefable, M|
|poke|p2|Arcanine, M|
|poke|p2|Machamp, M|
|teampreview
|inactive|Battle timer is ON: inactive players will automatically lose when time's up. (requested by Thruxy)
|
|t:|1659299304
|start
|switch|p1a: Excadrill|Excadrill, M|100/100
|switch|p2a: Nidoking|Nidoking, M|100/100
|turn|1
|
|t:|1659299309
|switch|p2a: Gyarados|Gyarados, M|100/100
|move|p1a: Excadrill|Earthquake|p2a: Gyarados
|-immune|p2a: Gyarados
|
|upkeep
|turn|2
|
|t:|1659299316
|move|p1a: Excadrill|Rock Slide|p2a: Gyarados
|-supereffective|p2a: Gyarados
|-damage|p2a: Gyarados|9/100
|-damage|p1a: Excadrill|91/100|[from] item: Life Orb
|move|p2a: Gyarados|Waterfall|p1a: Excadrill
|-supereffective|p1a: Excadrill
|-damage|p1a: Excadrill|0 fnt
|faint|p1a: Excadrill
|-ability|p2a: Gyarados|Moxie|boost
|-boost|p2a: Gyarados|atk|1
|
|upkeep
|
|t:|1659299329
|switch|p1a: Scizor|Scizor, M|100/100
|turn|3
|
|t:|1659299333
|switch|p2a: Arcanine|Arcanine, M|100/100
|-ability|p2a: Arcanine|Intimidate|boost
|-unboost|p1a: Scizor|atk|1
|move|p1a: Scizor|Bullet Punch|p2a: Arcanine
|-resisted|p2a: Arcanine
|-damage|p2a: Arcanine|89/100
|
|upkeep
|turn|4
|
|t:|1659299340
|switch|p1a: Hippowdon|Hippowdon, M|100/100
|-weather|Sandstorm|[from] ability: Sand Stream|[of] p1a: Hippowdon
|move|p2a: Arcanine|Flare Blitz|p1a: Hippowdon
|-crit|p1a: Hippowdon
|-damage|p1a: Hippowdon|45/100
|-damage|p2a: Arcanine|65/100|[from] Recoil
|-damage|p2a: Arcanine|55/100|[from] item: Life Orb
|
|-weather|Sandstorm|[upkeep]
|-damage|p2a: Arcanine|49/100|[from] Sandstorm
|upkeep
|turn|5
|
|t:|1659299353
|switch|p2a: Nidoking|Nidoking, M|100/100
|move|p1a: Hippowdon|Stealth Rock|p2a: Nidoking
|-sidestart|p2: Thruxy|move: Stealth Rock
|
|-weather|Sandstorm|[upkeep]
|upkeep
|turn|6
|
|t:|1659299365
|move|p2a: Nidoking|Earth Power|p1a: Hippowdon
|-damage|p1a: Hippowdon|0 fnt
|faint|p1a: Hippowdon
|
|-weather|Sandstorm|[upkeep]
|upkeep
|
|t:|1659299378
|switch|p1a: Tyranitar|Tyranitar, F|100/100
|turn|7
|
|t:|1659299389
|switch|p2a: Gyarados|Gyarados, M|9/100
|move|p1a: Tyranitar|Earthquake|p2a: Gyarados
|-immune|p2a: Gyarados
|
|-weather|Sandstorm|[upkeep]
|-damage|p2a: Gyarados|3/100|[from] Sandstorm
|upkeep
|turn|8
|
|t:|1659299397
|switch|p1a: Scizor|Scizor, M|100/100
|move|p2a: Gyarados|Waterfall|p1a: Scizor
|-crit|p1a: Scizor
|-damage|p1a: Scizor|49/100
|-damage|p2a: Gyarados|0 fnt|[from] item: Rocky Helmet|[of] p1a: Scizor
|faint|p2a: Gyarados
|
|-weather|Sandstorm|[upkeep]
|upkeep
|
|t:|1659299408
|switch|p2a: Arcanine|Arcanine, M|49/100
|-damage|p2a: Arcanine|24/100|[from] Stealth Rock
|-ability|p2a: Arcanine|Intimidate|boost
|-unboost|p1a: Scizor|atk|1
|turn|9
|
|t:|1659299420
|switch|p1a: Zapdos|Zapdos|100/100
|move|p2a: Arcanine|Flare Blitz|p1a: Zapdos
|-damage|p1a: Zapdos|27/100
|-status|p1a: Zapdos|brn
|-damage|p2a: Arcanine|0 fnt|[from] Recoil
|faint|p2a: Arcanine
|
|-weather|Sandstorm|[upkeep]
|-damage|p1a: Zapdos|21/100 brn|[from] Sandstorm
|-damage|p1a: Zapdos|15/100 brn|[from] brn
|upkeep
|
|t:|1659299437
|switch|p2a: Clefable|Clefable, M|100/100
|-damage|p2a: Clefable|88/100|[from] Stealth Rock
|turn|10
|
|t:|1659299441
|move|p1a: Zapdos|Roost|p1a: Zapdos
|-heal|p1a: Zapdos|65/100 brn
|-singleturn|p1a: Zapdos|move: Roost
|move|p2a: Clefable|Flamethrower|p1a: Zapdos
|-damage|p1a: Zapdos|49/100 brn
|
|-weather|Sandstorm|[upkeep]
|-damage|p1a: Zapdos|43/100 brn|[from] Sandstorm
|-damage|p2a: Clefable|82/100|[from] Sandstorm
|-heal|p2a: Clefable|88/100|[from] item: Leftovers
|-damage|p1a: Zapdos|37/100 brn|[from] brn
|upkeep
|turn|11
|
|t:|1659299451
|move|p1a: Zapdos|Roost|p1a: Zapdos
|-heal|p1a: Zapdos|87/100 brn
|-singleturn|p1a: Zapdos|move: Roost
|move|p2a: Clefable|Soft-Boiled|p2a: Clefable
|-heal|p2a: Clefable|100/100
|
|-weather|none
|-damage|p1a: Zapdos|81/100 brn|[from] brn
|upkeep
|turn|12
|
|t:|1659299461
|move|p1a: Zapdos|Hurricane|p2a: Clefable|[miss]
|-miss|p1a: Zapdos|p2a: Clefable
|move|p2a: Clefable|Calm Mind|p2a: Clefable
|-boost|p2a: Clefable|spa|1
|-boost|p2a: Clefable|spd|1
|
|-damage|p1a: Zapdos|75/100 brn|[from] brn
|upkeep
|turn|13
|
|t:|1659299468
|move|p1a: Zapdos|Volt Switch|p2a: Clefable
|-damage|p2a: Clefable|83/100
|
|t:|1659299471
|switch|p1a: Tyranitar|Tyranitar, F|100/100|[from]move: Volt Switch
|-weather|Sandstorm|[from] ability: Sand Stream|[of] p1a: Tyranitar
|move|p2a: Clefable|Calm Mind|p2a: Clefable
|-boost|p2a: Clefable|spa|1
|-boost|p2a: Clefable|spd|1
|
|-weather|Sandstorm|[upkeep]
|-damage|p2a: Clefable|77/100|[from] Sandstorm
|-heal|p2a: Clefable|83/100|[from] item: Leftovers
|upkeep
|turn|14
|
|t:|1659299481
|move|p1a: Tyranitar|Stone Edge|p2a: Clefable
|-damage|p2a: Clefable|42/100
|move|p2a: Clefable|Soft-Boiled|p2a: Clefable
|-heal|p2a: Clefable|92/100
|
|-weather|Sandstorm|[upkeep]
|-damage|p2a: Clefable|86/100|[from] Sandstorm
|-heal|p2a: Clefable|92/100|[from] item: Leftovers
|upkeep
|turn|15
|
|t:|1659299489
|move|p1a: Tyranitar|Stone Edge|p2a: Clefable
|-damage|p2a: Clefable|54/100
|move|p2a: Clefable|Soft-Boiled|p2a: Clefable
|-heal|p2a: Clefable|100/100
|
|-weather|Sandstorm|[upkeep]
|-damage|p2a: Clefable|94/100|[from] Sandstorm
|-heal|p2a: Clefable|100/100|[from] item: Leftovers
|upkeep
|turn|16
|
|t:|1659299498
|switch|p1a: Scizor|Scizor, M|49/100
|move|p2a: Clefable|Soft-Boiled||[still]
|-fail|p2a: Clefable|heal
|
|-weather|Sandstorm|[upkeep]
|-damage|p2a: Clefable|94/100|[from] Sandstorm
|-heal|p2a: Clefable|100/100|[from] item: Leftovers
|upkeep
|turn|17
|
|t:|1659299506
|move|p1a: Scizor|Bullet Punch|p2a: Clefable
|-supereffective|p2a: Clefable
|-damage|p2a: Clefable|57/100
|move|p2a: Clefable|Flamethrower|p1a: Scizor
|-supereffective|p1a: Scizor
|-damage|p1a: Scizor|0 fnt
|faint|p1a: Scizor
|
|-weather|none
|-heal|p2a: Clefable|63/100|[from] item: Leftovers
|upkeep
|
|t:|1659299514
|switch|p1a: Dracozolt|Dracozolt|100/100
|turn|18
|
|t:|1659299519
|move|p1a: Dracozolt|Bolt Beak|p2a: Clefable
|-damage|p2a: Clefable|5/100
|-damage|p1a: Dracozolt|91/100|[from] item: Life Orb
|move|p2a: Clefable|Moonblast|p1a: Dracozolt
|-supereffective|p1a: Dracozolt
|-damage|p1a: Dracozolt|0 fnt
|faint|p1a: Dracozolt
|
|-heal|p2a: Clefable|11/100|[from] item: Leftovers
|upkeep
|
|t:|1659299528
|switch|p1a: Tyranitar|Tyranitar, F|100/100
|-weather|Sandstorm|[from] ability: Sand Stream|[of] p1a: Tyranitar
|turn|19
|
|t:|1659299532
|move|p1a: Tyranitar|Earthquake|p2a: Clefable
|-damage|p2a: Clefable|0 fnt
|faint|p2a: Clefable
|
|-weather|Sandstorm|[upkeep]
|upkeep
|
|t:|1659299536
|switch|p2a: Machamp|Machamp, M|100/100
|-damage|p2a: Machamp|94/100|[from] Stealth Rock
|turn|20
|
|t:|1659299540
|switch|p1a: Zapdos|Zapdos|75/100 brn
|move|p2a: Machamp|Dynamic Punch|p1a: Zapdos
|-resisted|p1a: Zapdos
|-damage|p1a: Zapdos|44/100 brn
|-start|p1a: Zapdos|confusion
|
|-weather|Sandstorm|[upkeep]
|-damage|p1a: Zapdos|38/100 brn|[from] Sandstorm
|-damage|p2a: Machamp|88/100|[from] Sandstorm
|-damage|p1a: Zapdos|32/100 brn|[from] brn
|upkeep
|turn|21
|
|t:|1659299550
|-activate|p1a: Zapdos|confusion
|move|p1a: Zapdos|Roost|p1a: Zapdos
|-heal|p1a: Zapdos|82/100 brn
|-singleturn|p1a: Zapdos|move: Roost
|move|p2a: Machamp|Stone Edge|p1a: Zapdos
|-damage|p1a: Zapdos|40/100 brn
|
|-weather|Sandstorm|[upkeep]
|-damage|p1a: Zapdos|34/100 brn|[from] Sandstorm
|-damage|p2a: Machamp|82/100|[from] Sandstorm
|-damage|p1a: Zapdos|28/100 brn|[from] brn
|upkeep
|turn|22
|
|t:|1659299559
|-end|p1a: Zapdos|confusion
|move|p1a: Zapdos|Hurricane|p2a: Machamp
|-supereffective|p2a: Machamp
|-damage|p2a: Machamp|21/100
|move|p2a: Machamp|Stone Edge|p1a: Zapdos
|-supereffective|p1a: Zapdos
|-damage|p1a: Zapdos|0 fnt
|faint|p1a: Zapdos
|
|-weather|Sandstorm|[upkeep]
|-damage|p2a: Machamp|15/100|[from] Sandstorm
|upkeep
|
|t:|1659299569
|switch|p1a: Tyranitar|Tyranitar, F|100/100
|turn|23
|
|t:|1659299579
|move|p1a: Tyranitar|Earthquake|p2a: Machamp
|-damage|p2a: Machamp|0 fnt
|faint|p2a: Machamp
|
|-weather|none
|upkeep
|
|t:|1659299583
|switch|p2a: Dragonite|Dragonite, F|100/100
|-damage|p2a: Dragonite|76/100|[from] Stealth Rock
|turn|24
|
|t:|1659299586
|move|p2a: Dragonite|Earthquake|p1a: Tyranitar
|-supereffective|p1a: Tyranitar
|-enditem|p1a: Tyranitar|Shuca Berry|[eat]
|-enditem|p1a: Tyranitar|Shuca Berry|[weaken]
|-damage|p1a: Tyranitar|66/100
|move|p1a: Tyranitar|Ice Punch|p2a: Dragonite
|-supereffective|p2a: Dragonite
|-damage|p2a: Dragonite|0 fnt
|faint|p2a: Dragonite
|
|upkeep
|
|t:|1659299591
|switch|p2a: Nidoking|Nidoking, M|100/100
|-damage|p2a: Nidoking|95/100|[from] Stealth Rock
|turn|25
|
|t:|1659299596
|move|p2a: Nidoking|Earth Power|p1a: Tyranitar
|-supereffective|p1a: Tyranitar
|-damage|p1a: Tyranitar|0 fnt
|faint|p1a: Tyranitar
|
|win|Thruxy
|raw|Mutako Z's rating: 1511 &rarr; <strong>1496</strong><br />(-15 for losing)
|raw|Thruxy's rating: 1596 &rarr; <strong>1611</strong><br />(+15 for winning)
|l|☆Mutako Z
