|j|☆2(H2O)
|j|☆jzxcvbn
|t:|1654603715
|gametype|singles
|player|p1|2(H2O)|viola|1603
|player|p2|jzxcvbn|akari|1528
|teamsize|p1|6
|teamsize|p2|6
|gen|8
|tier|[Gen 8] OU
|rated|
|rule|Sleep Clause Mod: Limit one foe put to sleep
|rule|Species Clause: Limit one of each Pokémon
|rule|OHKO Clause: OHKO moves are banned
|rule|Evasion Moves Clause: Evasion moves are banned
|rule|Endless Battle Clause: Forcing endless battles is banned
|rule|HP Percentage Mod: HP is shown in percentages
|rule|Dynamax Clause: You cannot dynamax
|clearpoke
|poke|p1|Landorus-Therian, M|
|poke|p1|Zapdos|
|poke|p1|Victini|
|poke|p1|Tapu Lele|
|poke|p1|Ferrothorn, F|
|poke|p1|Tyranitar, F|
|poke|p2|Rillaboom, M|
|poke|p2|Kartana|
|poke|p2|Bisharp, F|
|poke|p2|Victini|
|poke|p2|Swampert, M|
|poke|p2|Tornadus-Therian, M|
|teampreview
|inactive|Battle timer is ON: inactive players will automatically lose when time's up. (requested by 2(H2O))
|
|t:|1654603738
|start
|switch|p1a: Tyranitar|Tyranitar, F|100/100
|switch|p2a: Bisharp|Bisharp, F|100/100
|-weather|Sandstorm|[from] ability: Sand Stream|[of] p1a: Tyranitar
|turn|1
|
|t:|1654603745
|move|p2a: Bisharp|Beat Up|p1a: Tyranitar
|-resisted|p1a: Tyranitar
|-damage|p1a: Tyranitar|95/100
|-resisted|p1a: Tyranitar
|-crit|p1a: Tyranitar
|-damage|p1a: Tyranitar|85/100
|-resisted|p1a: Tyranitar
|-damage|p1a: Tyranitar|80/100
|-resisted|p1a: Tyranitar
|-damage|p1a: Tyranitar|75/100
|-resisted|p1a: Tyranitar
|-damage|p1a: Tyranitar|71/100
|-resisted|p1a: Tyranitar
|-damage|p1a: Tyranitar|67/100
|-hitcount|p1a: Tyranitar|6
|move|p1a: Tyranitar|Superpower|p2a: Bisharp
|-supereffective|p2a: Bisharp
|-damage|p2a: Bisharp|0 fnt
|-unboost|p1a: Tyranitar|atk|1
|-unboost|p1a: Tyranitar|def|1
|faint|p2a: Bisharp
|
|-weather|Sandstorm|[upkeep]
|upkeep
|
|t:|1654603757
|switch|p2a: Swampert|Swampert, M|100/100
|turn|2
|
|t:|1654603763
|switch|p1a: Ferrothorn|Ferrothorn, F|100/100
|move|p2a: Swampert|Stealth Rock|p1a: Ferrothorn
|-sidestart|p1: 2(H2O)|move: Stealth Rock
|
|-weather|Sandstorm|[upkeep]
|upkeep
|turn|3
|c|☆jzxcvbn|glhf
|
|t:|1654603783
|switch|p2a: Victini|Victini|100/100
|move|p1a: Ferrothorn|Spikes|p2a: Victini
|-sidestart|p2: jzxcvbn|Spikes
|
|-weather|Sandstorm|[upkeep]
|-damage|p2a: Victini|94/100|[from] Sandstorm
|upkeep
|turn|4
|
|t:|1654603806
|switch|p1a: Landorus|Landorus-Therian, M|100/100
|-damage|p1a: Landorus|88/100|[from] Stealth Rock
|-ability|p1a: Landorus|Intimidate|boost
|-unboost|p2a: Victini|atk|1
|move|p2a: Victini|U-turn|p1a: Landorus
|-resisted|p1a: Landorus
|-damage|p1a: Landorus|81/100
|
|t:|1654603812
|switch|p2a: Tornadus|Tornadus-Therian, M|100/100|[from]move: U-turn
|
|-weather|Sandstorm|[upkeep]
|-damage|p2a: Tornadus|94/100|[from] Sandstorm
|-heal|p1a: Landorus|87/100|[from] item: Leftovers
|upkeep
|turn|5
|
|t:|1654603822
|move|p2a: Tornadus|U-turn|p1a: Landorus
|-resisted|p1a: Landorus
|-damage|p1a: Landorus|81/100
|
|t:|1654603828
|switch|p2a: Swampert|Swampert, M|100/100|[from]move: U-turn
|-damage|p2a: Swampert|88/100|[from] Spikes
|move|p1a: Landorus|Stealth Rock|p2a: Swampert
|-sidestart|p2: jzxcvbn|move: Stealth Rock
|
|-weather|none
|-heal|p1a: Landorus|87/100|[from] item: Leftovers
|-heal|p2a: Swampert|94/100|[from] item: Leftovers
|upkeep
|turn|6
|
|t:|1654603835
|move|p1a: Landorus|Toxic|p2a: Swampert
|-status|p2a: Swampert|tox
|move|p2a: Swampert|Yawn|p1a: Landorus
|-start|p1a: Landorus|move: Yawn|[of] p2a: Swampert
|
|-heal|p1a: Landorus|93/100|[from] item: Leftovers
|-heal|p2a: Swampert|100/100 tox|[from] item: Leftovers
|-damage|p2a: Swampert|94/100 tox|[from] psn
|upkeep
|turn|7
|
|t:|1654603839
|move|p1a: Landorus|U-turn|p2a: Swampert
|-damage|p2a: Swampert|72/100 tox
|
|t:|1654603841
|switch|p1a: Ferrothorn|Ferrothorn, F|100/100|[from]move: U-turn
|-damage|p1a: Ferrothorn|94/100|[from] Stealth Rock
|move|p2a: Swampert|Flip Turn|p1a: Ferrothorn
|-resisted|p1a: Ferrothorn
|-damage|p1a: Ferrothorn|88/100
|-damage|p2a: Swampert|60/100 tox|[from] ability: Iron Barbs|[of] p1a: Ferrothorn
|
|t:|1654603846
|switch|p2a: Victini|Victini|94/100|[from]move: Flip Turn
|
|-heal|p1a: Ferrothorn|95/100|[from] item: Leftovers
|upkeep
|turn|8
|
|t:|1654603852
|switch|p1a: Landorus|Landorus-Therian, M|93/100
|-damage|p1a: Landorus|81/100|[from] Stealth Rock
|-ability|p1a: Landorus|Intimidate|boost
|-unboost|p2a: Victini|atk|1
|move|p2a: Victini|Will-O-Wisp|p1a: Landorus
|-status|p1a: Landorus|brn
|
|-heal|p1a: Landorus|87/100 brn|[from] item: Leftovers
|-damage|p1a: Landorus|81/100 brn|[from] brn
|upkeep
|turn|9
|
|t:|1654603860
|switch|p2a: Tornadus|Tornadus-Therian, M|100/100
|move|p1a: Landorus|U-turn|p2a: Tornadus
|-resisted|p2a: Tornadus
|-damage|p2a: Tornadus|95/100
|
|t:|1654603868
|switch|p1a: Tyranitar|Tyranitar, F|67/100|[from]move: U-turn
|-damage|p1a: Tyranitar|54/100|[from] Stealth Rock
|-weather|Sandstorm|[from] ability: Sand Stream|[of] p1a: Tyranitar
|
|-weather|Sandstorm|[upkeep]
|-damage|p2a: Tornadus|89/100|[from] Sandstorm
|upkeep
|turn|10
|
|t:|1654603872
|move|p2a: Tornadus|U-turn|p1a: Tyranitar
|-supereffective|p1a: Tyranitar
|-damage|p1a: Tyranitar|31/100
|
|t:|1654603874
|switch|p2a: Swampert|Swampert, M|60/100 tox|[from]move: U-turn
|-damage|p2a: Swampert|48/100 tox|[from] Spikes
|-damage|p2a: Swampert|41/100 tox|[from] Stealth Rock
|move|p1a: Tyranitar|Crunch|p2a: Swampert
|-damage|p2a: Swampert|0 fnt
|faint|p2a: Swampert
|
|-weather|Sandstorm|[upkeep]
|upkeep
|
|t:|1654603899
|switch|p2a: Victini|Victini|94/100
|turn|11
|
|t:|1654603902
|move|p2a: Victini|U-turn|p1a: Tyranitar
|-supereffective|p1a: Tyranitar
|-damage|p1a: Tyranitar|0 fnt
|faint|p1a: Tyranitar
|
|t:|1654603907
|switch|p2a: Tornadus|Tornadus-Therian, M|100/100|[from]move: U-turn
|
|-weather|Sandstorm|[upkeep]
|-damage|p2a: Tornadus|94/100|[from] Sandstorm
|upkeep
|
|t:|1654603911
|switch|p1a: Zapdos|Zapdos|100/100
|turn|12
|
|t:|1654603917
|move|p2a: Tornadus|Icy Wind|p1a: Zapdos
|-supereffective|p1a: Zapdos
|-damage|p1a: Zapdos|72/100
|-unboost|p1a: Zapdos|spe|1
|move|p1a: Zapdos|Volt Switch|p2a: Tornadus
|-supereffective|p2a: Tornadus
|-damage|p2a: Tornadus|36/100
|
|t:|1654603920
|switch|p1a: Tapu Lele|Tapu Lele|100/100|[from]move: Volt Switch
|-damage|p1a: Tapu Lele|88/100|[from] Stealth Rock
|-fieldstart|move: Psychic Terrain|[from] ability: Psychic Surge|[of] p1a: Tapu Lele
|
|-weather|Sandstorm|[upkeep]
|-damage|p1a: Tapu Lele|82/100|[from] Sandstorm
|-damage|p2a: Tornadus|30/100|[from] Sandstorm
|upkeep
|turn|13
|
|t:|1654603928
|move|p1a: Tapu Lele|Future Sight|p2a: Tornadus
|-start|p1a: Tapu Lele|move: Future Sight
|move|p2a: Tornadus|Defog|p1a: Tapu Lele
|-unboost|p1a: Tapu Lele|evasion|1
|-sideend|p1: 2(H2O)|Stealth Rock|[from] move: Defog|[of] p2a: Tornadus
|-sideend|p2: jzxcvbn|Spikes|[from] move: Defog|[of] p2a: Tornadus
|-sideend|p2: jzxcvbn|Stealth Rock|[from] move: Defog|[of] p2a: Tornadus
|-fieldend|move: Psychic Terrain
|
|-weather|none
|upkeep
|turn|14
|
|t:|1654603934
|switch|p1a: Landorus|Landorus-Therian, M|81/100 brn
|-ability|p1a: Landorus|Intimidate|boost
|-unboost|p2a: Tornadus|atk|1
|switch|p2a: Victini|Victini|94/100
|
|-heal|p1a: Landorus|87/100 brn|[from] item: Leftovers
|-damage|p1a: Landorus|81/100 brn|[from] brn
|upkeep
|turn|15
|
|t:|1654603939
|switch|p2a: Tornadus|Tornadus-Therian, M|63/100
|move|p1a: Landorus|Stealth Rock|p2a: Tornadus
|-sidestart|p2: jzxcvbn|move: Stealth Rock
|
|-end|p2a: Tornadus|move: Future Sight
|-damage|p2a: Tornadus|0 fnt
|faint|p2a: Tornadus
|-heal|p1a: Landorus|87/100 brn|[from] item: Leftovers
|-damage|p1a: Landorus|81/100 brn|[from] brn
|upkeep
|j| pollopollopo
|
|t:|1654603951
|switch|p2a: Rillaboom|Rillaboom, M|100/100
|-damage|p2a: Rillaboom|88/100|[from] Stealth Rock
|-fieldstart|move: Grassy Terrain|[from] ability: Grassy Surge|[of] p2a: Rillaboom
|turn|16
|
|t:|1654603960
|move|p2a: Rillaboom|Superpower|p1a: Landorus
|-resisted|p1a: Landorus
|-damage|p1a: Landorus|48/100 brn
|-unboost|p2a: Rillaboom|atk|1
|-unboost|p2a: Rillaboom|def|1
|move|p1a: Landorus|U-turn|p2a: Rillaboom
|-supereffective|p2a: Rillaboom
|-damage|p2a: Rillaboom|52/100
|
|t:|1654603965
|switch|p1a: Victini|Victini|100/100|[from]move: U-turn
|
|-heal|p2a: Rillaboom|58/100|[from] Grassy Terrain
|upkeep
|turn|17
|
|t:|1654603967
|switch|p2a: Victini|Victini|94/100
|move|p1a: Victini|U-turn|p2a: Victini
|-damage|p2a: Victini|76/100
|
|t:|1654603971
|switch|p1a: Landorus|Landorus-Therian, M|48/100 brn|[from]move: U-turn
|-ability|p1a: Landorus|Intimidate|boost
|-unboost|p2a: Victini|atk|1
|
|-heal|p2a: Victini|82/100|[from] Grassy Terrain
|-heal|p1a: Landorus|54/100 brn|[from] item: Leftovers
|-damage|p1a: Landorus|48/100 brn|[from] brn
|upkeep
|turn|18
|
|t:|1654603982
|move|p2a: Victini|U-turn|p1a: Landorus
|-resisted|p1a: Landorus
|-damage|p1a: Landorus|41/100 brn
|j| fazds
|
|t:|1654603984
|switch|p2a: Rillaboom|Rillaboom, M|58/100|[from]move: U-turn
|-damage|p2a: Rillaboom|45/100|[from] Stealth Rock
|move|p1a: Landorus|U-turn|p2a: Rillaboom
|-supereffective|p2a: Rillaboom
|-damage|p2a: Rillaboom|20/100
|
|t:|1654603989
|switch|p1a: Tapu Lele|Tapu Lele|82/100|[from]move: U-turn
|-fieldstart|move: Psychic Terrain|[from] ability: Psychic Surge|[of] p1a: Tapu Lele
|
|upkeep
|turn|19
|
|t:|1654603993
|switch|p2a: Victini|Victini|82/100
|move|p1a: Tapu Lele|Moonblast|p2a: Victini
|-resisted|p2a: Victini
|-damage|p2a: Victini|56/100
|
|upkeep
|turn|20
|
|t:|1654603998
|switch|p1a: Landorus|Landorus-Therian, M|41/100 brn
|-ability|p1a: Landorus|Intimidate|boost
|-unboost|p2a: Victini|atk|1
|move|p2a: Victini|V-create|p1a: Landorus
|-damage|p1a: Landorus|0 fnt
|-unboost|p2a: Victini|spe|1
|-unboost|p2a: Victini|def|1
|-unboost|p2a: Victini|spd|1
|faint|p1a: Landorus
|
|upkeep
|
|t:|1654604005
|switch|p1a: Zapdos|Zapdos|72/100
|turn|21
|
|t:|1654604009
|switch|p2a: Rillaboom|Rillaboom, M|20/100
|-damage|p2a: Rillaboom|8/100|[from] Stealth Rock
|-fieldstart|move: Grassy Terrain|[from] ability: Grassy Surge|[of] p2a: Rillaboom
|move|p1a: Zapdos|Volt Switch|p2a: Rillaboom
|-resisted|p2a: Rillaboom
|-damage|p2a: Rillaboom|0 fnt
|faint|p2a: Rillaboom
|
|t:|1654604015
|switch|p1a: Tapu Lele|Tapu Lele|82/100|[from]move: Volt Switch
|-fieldstart|move: Psychic Terrain|[from] ability: Psychic Surge|[of] p1a: Tapu Lele
|
|upkeep
|
|t:|1654604022
|switch|p2a: Victini|Victini|56/100
|turn|22
|
|t:|1654604025
|switch|p1a: Ferrothorn|Ferrothorn, F|95/100
|move|p2a: Victini|V-create|p1a: Ferrothorn
|-supereffective|p1a: Ferrothorn
|-damage|p1a: Ferrothorn|0 fnt
|-unboost|p2a: Victini|spe|1
|-unboost|p2a: Victini|def|1
|-unboost|p2a: Victini|spd|1
|-damage|p2a: Victini|43/100|[from] ability: Iron Barbs|[of] p1a: Ferrothorn
|faint|p1a: Ferrothorn
|
|upkeep
|
|t:|1654604027
|switch|p1a: Victini|Victini|100/100
|turn|23
|
|t:|1654604031
|move|p1a: Victini|V-create|p2a: Victini
|-resisted|p2a: Victini
|-damage|p2a: Victini|0 fnt
|-unboost|p1a: Victini|spe|1
|-unboost|p1a: Victini|def|1
|-unboost|p1a: Victini|spd|1
|faint|p2a: Victini
|
|upkeep
|
|t:|1654604034
|switch|p2a: Kartana|Kartana|100/100
|-damage|p2a: Kartana|94/100|[from] Stealth Rock
|turn|24
|
|t:|1654604037
|switch|p1a: Zapdos|Zapdos|72/100
|move|p2a: Kartana|Knock Off|p1a: Zapdos
|-damage|p1a: Zapdos|39/100
|-enditem|p1a: Zapdos|Heavy-Duty Boots|[from] move: Knock Off|[of] p2a: Kartana
|
|upkeep
|turn|25
|
|t:|1654604043
|move|p2a: Kartana|Knock Off|p1a: Zapdos
|-damage|p1a: Zapdos|16/100
|-status|p2a: Kartana|par|[from] ability: Static|[of] p1a: Zapdos
|move|p1a: Zapdos|Roost|p1a: Zapdos
|-heal|p1a: Zapdos|66/100
|-singleturn|p1a: Zapdos|move: Roost
|
|-fieldend|move: Psychic Terrain
|upkeep
|turn|26
|c|☆jzxcvbn|gg
|
|t:|1654604051
|move|p1a: Zapdos|Heat Wave|p2a: Kartana
|-supereffective|p2a: Kartana
|-damage|p2a: Kartana|0 fnt
|faint|p2a: Kartana
|
|win|2(H2O)
|raw|2(H2O)'s rating: 1603 &rarr; <strong>1619</strong><br />(+16 for winning)
|raw|jzxcvbn's rating: 1528 &rarr; <strong>1512</strong><br />(-16 for losing)
