|j|☆Fastpitchkiller
|j|☆ilysmm
|t:|1653417196
|gametype|singles
|player|p1|Fastpitchkiller|2|1548
|player|p2|ilysmm|170|1540
|teamsize|p1|6
|teamsize|p2|6
|gen|8
|tier|[Gen 8] OU
|rated|
|rule|Sleep Clause Mod: Limit one foe put to sleep
|rule|Species Clause: Limit one of each Pokémon
|rule|OHKO Clause: OHKO moves are banned
|rule|Evasion Moves Clause: Evasion moves are banned
|rule|Endless Battle Clause: Forcing endless battles is banned
|rule|HP Percentage Mod: HP is shown in percentages
|rule|Dynamax Clause: You cannot dynamax
|clearpoke
|poke|p1|Blaziken, M|
|poke|p1|Slowbro, M|
|poke|p1|Tyranitar, F|
|poke|p1|Corviknight, M|
|poke|p1|Landorus-Therian, M|
|poke|p1|Tapu Koko|
|poke|p2|Tornadus-Therian, M|
|poke|p2|Blacephalon|
|poke|p2|Ferrothorn, M|
|poke|p2|Garchomp, F|
|poke|p2|Tapu Fini|
|poke|p2|Tyranitar, F|
|teampreview
|
|t:|1653417203
|start
|switch|p1a: Slowgatell|Slowbro, M|100/100
|switch|p2a: Blacephalon|Blacephalon|100/100
|turn|1
|
|t:|1653417211
|switch|p2a: Garchomp|Garchomp, F|100/100
|switch|p1a: GODzilla|Tyranitar, F|100/100
|-weather|Sandstorm|[from] ability: Sand Stream|[of] p1a: GODzilla
|
|-weather|Sandstorm|[upkeep]
|upkeep
|turn|2
|
|t:|1653417220
|switch|p1a: Slowgatell|Slowbro, M|100/100
|move|p2a: Garchomp|Swords Dance|p2a: Garchomp
|-boost|p2a: Garchomp|atk|2
|
|-weather|Sandstorm|[upkeep]
|-damage|p1a: Slowgatell|94/100|[from] Sandstorm
|upkeep
|turn|3
|
|t:|1653417228
|move|p2a: Garchomp|Scale Shot|p1a: Slowgatell
|-damage|p1a: Slowgatell|77/100
|-damage|p1a: Slowgatell|62/100
|-damage|p1a: Slowgatell|47/100
|-damage|p1a: Slowgatell|30/100
|-damage|p1a: Slowgatell|13/100
|-hitcount|p1a: Slowgatell|5
|-unboost|p2a: Garchomp|def|1
|-boost|p2a: Garchomp|spe|1
|move|p1a: Slowgatell|Ice Beam|p2a: Garchomp
|-supereffective|p2a: Garchomp
|-damage|p2a: Garchomp|11/100
|
|-weather|Sandstorm|[upkeep]
|-damage|p1a: Slowgatell|7/100|[from] Sandstorm
|-heal|p2a: Garchomp|17/100|[from] item: Leftovers
|upkeep
|turn|4
|
|t:|1653417245
|switch|p1a: Corvikstall|Corviknight, M|100/100
|-ability|p1a: Corvikstall|Pressure
|move|p2a: Garchomp|Swords Dance|p2a: Garchomp
|-boost|p2a: Garchomp|atk|2
|
|-weather|Sandstorm|[upkeep]
|-heal|p2a: Garchomp|23/100|[from] item: Leftovers
|upkeep
|turn|5
|
|t:|1653417255
|move|p2a: Garchomp|Fire Fang|p1a: Corvikstall
|-supereffective|p1a: Corvikstall
|-damage|p1a: Corvikstall|11/100
|-damage|p2a: Garchomp|7/100|[from] item: Rocky Helmet|[of] p1a: Corvikstall
|cant|p1a: Corvikstall|flinch
|
|-weather|none
|-heal|p2a: Garchomp|13/100|[from] item: Leftovers
|upkeep
|turn|6
|
|t:|1653417264
|move|p2a: Garchomp|Scale Shot|p1a: Corvikstall
|-resisted|p1a: Corvikstall
|-damage|p1a: Corvikstall|0 fnt
|faint|p1a: Corvikstall
|-hitcount|p1: Corvikstall|1
|-unboost|p2a: Garchomp|def|1
|-boost|p2a: Garchomp|spe|1
|
|-heal|p2a: Garchomp|19/100|[from] item: Leftovers
|upkeep
|
|t:|1653417276
|switch|p1a: Enamorousito|Landorus-Therian, M|100/100
|-ability|p1a: Enamorousito|Intimidate|boost
|-unboost|p2a: Garchomp|atk|1
|turn|7
|
|t:|1653417281
|move|p2a: Garchomp|Scale Shot|p1a: Enamorousito
|-damage|p1a: Enamorousito|64/100
|-damage|p1a: Enamorousito|28/100
|-damage|p1a: Enamorousito|0 fnt
|faint|p1a: Enamorousito
|-hitcount|p1: Enamorousito|3
|-unboost|p2a: Garchomp|def|1
|-boost|p2a: Garchomp|spe|1
|
|-heal|p2a: Garchomp|25/100|[from] item: Leftovers
|upkeep
|-message|Fastpitchkiller forfeited.
|
|win|ilysmm
|raw|Fastpitchkiller's rating: 1548 &rarr; <strong>1528</strong><br />(-20 for losing)
|raw|ilysmm's rating: 1540 &rarr; <strong>1560</strong><br />(+20 for winning)
|l|☆Fastpitchkiller
