|j|‽george malone
|j|☆quixana
|t:|1667195370
|gametype|singles
|player|p1|george malone|169|1714
|player|p2|quixana|ethan-pokeathlon|1708
|teamsize|p1|6
|teamsize|p2|6
|gen|8
|tier|[Gen 8] OU
|rated|
|rule|Sleep Clause Mod: Limit one foe put to sleep
|rule|Species Clause: Limit one of each Pokémon
|rule|OHKO Clause: OHKO moves are banned
|rule|Evasion Items Clause: Evasion items are banned
|rule|Evasion Moves Clause: Evasion moves are banned
|rule|Endless Battle Clause: Forcing endless battles is banned
|rule|HP Percentage Mod: HP is shown in percentages
|rule|Dynamax Clause: You cannot dynamax
|clearpoke
|poke|p1|Clefable, M|
|poke|p1|Ferrothorn, M|
|poke|p1|Zeraora|
|poke|p1|Slowking, M|
|poke|p1|Victini|
|poke|p1|Mandibuzz, F|
|poke|p2|Slowking-Galar, M|
|poke|p2|Tapu Koko|
|poke|p2|Hippowdon, M|
|poke|p2|Urshifu-*, M|
|poke|p2|Hydreigon, F|
|poke|p2|Corviknight, M|
|teampreview
|inactive|Battle timer is ON: inactive players will automatically lose when time's up. (requested by george malone)
|
|t:|1667195387
|start
|switch|p1a: Clefable|Clefable, M, shiny|100/100
|switch|p2a: Slowking|Slowking-Galar, M|100/100
|turn|1
|
|t:|1667195398
|switch|p1a: Slowking|Slowking, M, shiny|100/100
|move|p2a: Slowking|Sludge Bomb|p1a: Slowking
|-damage|p1a: Slowking|81/100
|-status|p1a: Slowking|psn
|
|-damage|p1a: Slowking|69/100 psn|[from] psn
|upkeep
|turn|2
|
|t:|1667195420
|move|p2a: Slowking|Future Sight|p1a: Slowking
|-start|p2a: Slowking|move: Future Sight
|move|p1a: Slowking|Future Sight|p2a: Slowking
|-start|p1a: Slowking|move: Future Sight
|
|-damage|p1a: Slowking|56/100 psn|[from] psn
|upkeep
|turn|3
|inactive|quixana has 120 seconds left.
|
|t:|1667195467
|switch|p2a: Hydreigon|Hydreigon, F|100/100
|move|p1a: Slowking|Slack Off|p1a: Slowking
|-heal|p1a: Slowking|100/100 psn
|
|-damage|p1a: Slowking|88/100 psn|[from] psn
|upkeep
|turn|4
|inactive|quixana has 90 seconds left.
|inactive|quixana has 60 seconds left.
|
|t:|1667195514
|move|p2a: Hydreigon|Dark Pulse|p1a: Slowking
|-supereffective|p1a: Slowking
|-damage|p1a: Slowking|12/100 psn
|move|p1a: Slowking|Teleport|p1a: Slowking
|
|t:|1667195525
|switch|p1a: Mandibuzz|Mandibuzz, F, shiny|100/100|[from]move: Teleport
|
|-end|p1a: Mandibuzz|move: Future Sight
|-immune|p1a: Mandibuzz
|-end|p2a: Hydreigon|move: Future Sight
|-immune|p2a: Hydreigon
|upkeep
|turn|5
|
|t:|1667195534
|switch|p2a: Slowking|Slowking-Galar, M|100/100
|move|p1a: Mandibuzz|U-turn|p2a: Slowking
|-damage|p2a: Slowking|91/100
|
|t:|1667195538
|switch|p1a: Victini|Victini|100/100|[from]move: U-turn
|
|upkeep
|turn|6
|
|t:|1667195553
|move|p1a: Victini|V-create|p2a: Slowking
|-damage|p2a: Slowking|0 fnt
|-unboost|p1a: Victini|spe|1
|-unboost|p1a: Victini|def|1
|-unboost|p1a: Victini|spd|1
|faint|p2a: Slowking
|
|upkeep
|j| Zoro One Piece
|
|t:|1667195565
|switch|p2a: Urshifu|Urshifu-Rapid-Strike, M|100/100
|turn|7
|
|t:|1667195578
|switch|p1a: Clefable|Clefable, M, shiny|100/100
|move|p2a: Urshifu|Close Combat|p1a: Clefable
|-resisted|p1a: Clefable
|-damage|p1a: Clefable|67/100
|-unboost|p2a: Urshifu|def|1
|-unboost|p2a: Urshifu|spd|1
|-damage|p2a: Urshifu|84/100|[from] item: Rocky Helmet|[of] p1a: Clefable
|
|upkeep
|turn|8
|
|t:|1667195584
|switch|p2a: Tapu Koko|Tapu Koko|100/100
|-fieldstart|move: Electric Terrain|[from] ability: Electric Surge|[of] p2a: Tapu Koko
|move|p1a: Clefable|Soft-Boiled|p1a: Clefable
|-heal|p1a: Clefable|100/100
|
|upkeep
|turn|9
|
|t:|1667195589
|move|p2a: Tapu Koko|Volt Switch|p1a: Clefable
|-damage|p1a: Clefable|67/100
|
|t:|1667195593
|switch|p2a: Hippowdon|Hippowdon, M|100/100|[from]move: Volt Switch
|-weather|Sandstorm|[from] ability: Sand Stream|[of] p2a: Hippowdon
|move|p1a: Clefable|Moonblast|p2a: Hippowdon
|-damage|p2a: Hippowdon|77/100
|-unboost|p2a: Hippowdon|spa|1
|
|-weather|Sandstorm|[upkeep]
|-heal|p2a: Hippowdon|83/100|[from] item: Leftovers
|upkeep
|turn|10
|
|t:|1667195596
|move|p1a: Clefable|Soft-Boiled|p1a: Clefable
|-heal|p1a: Clefable|100/100
|move|p2a: Hippowdon|Stealth Rock|p1a: Clefable
|-sidestart|p1: george malone|move: Stealth Rock
|
|-weather|Sandstorm|[upkeep]
|-heal|p2a: Hippowdon|89/100|[from] item: Leftovers
|upkeep
|turn|11
|
|t:|1667195603
|move|p1a: Clefable|Stealth Rock|p2a: Hippowdon
|-sidestart|p2: quixana|move: Stealth Rock
|move|p2a: Hippowdon|Heavy Slam|p1a: Clefable
|-supereffective|p1a: Clefable
|-damage|p1a: Clefable|51/100
|-damage|p2a: Hippowdon|73/100|[from] item: Rocky Helmet|[of] p1a: Clefable
|
|-weather|Sandstorm|[upkeep]
|-heal|p2a: Hippowdon|79/100|[from] item: Leftovers
|upkeep
|turn|12
|
|t:|1667195609
|move|p1a: Clefable|Soft-Boiled|p1a: Clefable
|-heal|p1a: Clefable|100/100
|move|p2a: Hippowdon|Heavy Slam|p1a: Clefable
|-supereffective|p1a: Clefable
|-damage|p1a: Clefable|54/100
|-damage|p2a: Hippowdon|62/100|[from] item: Rocky Helmet|[of] p1a: Clefable
|
|-weather|Sandstorm|[upkeep]
|-heal|p2a: Hippowdon|68/100|[from] item: Leftovers
|-fieldend|move: Electric Terrain
|upkeep
|turn|13
|
|t:|1667195613
|move|p1a: Clefable|Soft-Boiled|p1a: Clefable
|-heal|p1a: Clefable|100/100
|move|p2a: Hippowdon|Heavy Slam|p1a: Clefable
|-supereffective|p1a: Clefable
|-damage|p1a: Clefable|55/100
|-damage|p2a: Hippowdon|52/100|[from] item: Rocky Helmet|[of] p1a: Clefable
|
|-weather|none
|-heal|p2a: Hippowdon|58/100|[from] item: Leftovers
|upkeep
|turn|14
|
|t:|1667195617
|move|p1a: Clefable|Soft-Boiled|p1a: Clefable
|-heal|p1a: Clefable|100/100
|move|p2a: Hippowdon|Slack Off|p2a: Hippowdon
|-heal|p2a: Hippowdon|100/100
|
|upkeep
|turn|15
|
|t:|1667195620
|switch|p1a: Ferrothorn|Ferrothorn, M, shiny|100/100
|-damage|p1a: Ferrothorn|95/100|[from] Stealth Rock
|move|p2a: Hippowdon|Heavy Slam|p1a: Ferrothorn
|-resisted|p1a: Ferrothorn
|-damage|p1a: Ferrothorn|90/100
|-damage|p2a: Hippowdon|88/100|[from] ability: Iron Barbs|[of] p1a: Ferrothorn
|-damage|p2a: Hippowdon|71/100|[from] item: Rocky Helmet|[of] p1a: Ferrothorn
|
|-heal|p2a: Hippowdon|78/100|[from] item: Leftovers
|upkeep
|turn|16
|
|t:|1667195627
|switch|p2a: Corviknight|Corviknight, M|100/100
|-damage|p2a: Corviknight|88/100|[from] Stealth Rock
|-ability|p2a: Corviknight|Pressure
|move|p1a: Ferrothorn|Spikes|p2a: Corviknight
|-sidestart|p2: quixana|Spikes
|
|upkeep
|turn|17
|j| Olealive
|
|t:|1667195632
|move|p2a: Corviknight|Body Press|p1a: Ferrothorn
|-supereffective|p1a: Ferrothorn
|-crit|p1a: Ferrothorn
|-damage|p1a: Ferrothorn|45/100
|-damage|p2a: Corviknight|76/100|[from] ability: Iron Barbs|[of] p1a: Ferrothorn
|-damage|p2a: Corviknight|59/100|[from] item: Rocky Helmet|[of] p1a: Ferrothorn
|move|p1a: Ferrothorn|Leech Seed|p2a: Corviknight
|-start|p2a: Corviknight|move: Leech Seed
|
|-damage|p2a: Corviknight|47/100|[from] Leech Seed|[of] p1a: Ferrothorn
|-heal|p1a: Ferrothorn|59/100|[silent]
|upkeep
|turn|18
|
|t:|1667195643
|move|p2a: Corviknight|Body Press|p1a: Ferrothorn
|-supereffective|p1a: Ferrothorn
|-damage|p1a: Ferrothorn|28/100
|-damage|p2a: Corviknight|35/100|[from] ability: Iron Barbs|[of] p1a: Ferrothorn
|-damage|p2a: Corviknight|18/100|[from] item: Rocky Helmet|[of] p1a: Ferrothorn
|move|p1a: Ferrothorn|Body Press|p2a: Corviknight
|-damage|p2a: Corviknight|0 fnt
|-damage|p1a: Ferrothorn|11/100|[from] item: Rocky Helmet|[of] p2a: Corviknight
|faint|p2a: Corviknight
|
|upkeep
|
|t:|1667195656
|switch|p2a: Hydreigon|Hydreigon, F|100/100
|-damage|p2a: Hydreigon|88/100|[from] Stealth Rock
|turn|19
|
|t:|1667195662
|move|p2a: Hydreigon|Flash Cannon|p1a: Ferrothorn
|-resisted|p1a: Ferrothorn
|-damage|p1a: Ferrothorn|0 fnt
|faint|p1a: Ferrothorn
|
|upkeep
|
|t:|1667195668
|switch|p1a: Victini|Victini|100/100
|-damage|p1a: Victini|76/100|[from] Stealth Rock
|turn|20
|
|t:|1667195684
|switch|p2a: Urshifu|Urshifu-Rapid-Strike, M|84/100
|-damage|p2a: Urshifu|78/100|[from] Stealth Rock
|-damage|p2a: Urshifu|66/100|[from] Spikes
|move|p1a: Victini|U-turn|p2a: Urshifu
|-resisted|p2a: Urshifu
|-damage|p2a: Urshifu|51/100
|
|t:|1667195691
|switch|p1a: Clefable|Clefable, M, shiny|100/100|[from]move: U-turn
|
|upkeep
|turn|21
|
|t:|1667195701
|switch|p2a: Tapu Koko|Tapu Koko|100/100
|-fieldstart|move: Electric Terrain|[from] ability: Electric Surge|[of] p2a: Tapu Koko
|move|p1a: Clefable|Soft-Boiled||[still]
|-fail|p1a: Clefable|heal
|
|upkeep
|turn|22
|
|t:|1667195710
|move|p2a: Tapu Koko|Volt Switch|p1a: Clefable
|-damage|p1a: Clefable|67/100
|
|t:|1667195713
|switch|p2a: Hippowdon|Hippowdon, M|78/100|[from]move: Volt Switch
|-damage|p2a: Hippowdon|71/100|[from] Stealth Rock
|-damage|p2a: Hippowdon|59/100|[from] Spikes
|-weather|Sandstorm|[from] ability: Sand Stream|[of] p2a: Hippowdon
|move|p1a: Clefable|Soft-Boiled|p1a: Clefable
|-heal|p1a: Clefable|100/100
|
|-weather|Sandstorm|[upkeep]
|-heal|p2a: Hippowdon|65/100|[from] item: Leftovers
|upkeep
|turn|23
|
|t:|1667195719
|move|p1a: Clefable|Moonblast|p2a: Hippowdon
|-damage|p2a: Hippowdon|42/100
|move|p2a: Hippowdon|Earthquake|p1a: Clefable
|-damage|p1a: Clefable|71/100
|
|-weather|Sandstorm|[upkeep]
|-heal|p2a: Hippowdon|48/100|[from] item: Leftovers
|upkeep
|turn|24
|
|t:|1667195723
|move|p1a: Clefable|Moonblast|p2a: Hippowdon
|-damage|p2a: Hippowdon|25/100
|move|p2a: Hippowdon|Slack Off|p2a: Hippowdon
|-heal|p2a: Hippowdon|75/100
|
|-weather|Sandstorm|[upkeep]
|-heal|p2a: Hippowdon|81/100|[from] item: Leftovers
|upkeep
|turn|25
|j| Kyurem
|
|t:|1667195731
|move|p1a: Clefable|Moonblast|p2a: Hippowdon
|-damage|p2a: Hippowdon|57/100
|move|p2a: Hippowdon|Earthquake|p1a: Clefable
|-damage|p1a: Clefable|45/100
|
|-weather|Sandstorm|[upkeep]
|-heal|p2a: Hippowdon|63/100|[from] item: Leftovers
|-fieldend|move: Electric Terrain
|upkeep
|turn|26
|
|t:|1667195739
|move|p1a: Clefable|Soft-Boiled|p1a: Clefable
|-heal|p1a: Clefable|95/100
|move|p2a: Hippowdon|Heavy Slam|p1a: Clefable
|-supereffective|p1a: Clefable
|-damage|p1a: Clefable|45/100
|-damage|p2a: Hippowdon|46/100|[from] item: Rocky Helmet|[of] p1a: Clefable
|
|-weather|none
|-heal|p2a: Hippowdon|52/100|[from] item: Leftovers
|upkeep
|turn|27
|
|t:|1667195747
|move|p1a: Clefable|Soft-Boiled|p1a: Clefable
|-heal|p1a: Clefable|95/100
|move|p2a: Hippowdon|Slack Off|p2a: Hippowdon
|-heal|p2a: Hippowdon|100/100
|
|upkeep
|turn|28
|
|t:|1667195751
|switch|p1a: Mandibuzz|Mandibuzz, F, shiny|100/100
|move|p2a: Hippowdon|Earthquake|p1a: Mandibuzz
|-immune|p1a: Mandibuzz
|
|upkeep
|turn|29
|
|t:|1667195756
|switch|p2a: Tapu Koko|Tapu Koko|100/100
|-fieldstart|move: Electric Terrain|[from] ability: Electric Surge|[of] p2a: Tapu Koko
|move|p1a: Mandibuzz|U-turn|p2a: Tapu Koko
|-resisted|p2a: Tapu Koko
|-damage|p2a: Tapu Koko|92/100
|
|t:|1667195761
|switch|p1a: Slowking|Slowking, M, shiny|45/100 psn|[from]move: U-turn
|
|-damage|p1a: Slowking|33/100 psn|[from] psn
|upkeep
|turn|30
|
|t:|1667195767
|switch|p1a: Zeraora|Zeraora|100/100
|move|p2a: Tapu Koko|Volt Switch|p1a: Zeraora
|-immune|p1a: Zeraora|[from] ability: Volt Absorb
|
|upkeep
|turn|31
|
|t:|1667195771
|move|p1a: Zeraora|Knock Off|p2a: Tapu Koko
|-resisted|p2a: Tapu Koko
|-damage|p2a: Tapu Koko|73/100
|-enditem|p2a: Tapu Koko|Heavy-Duty Boots|[from] move: Knock Off|[of] p1a: Zeraora
|move|p2a: Tapu Koko|Toxic|p1a: Zeraora
|-status|p1a: Zeraora|tox
|
|-damage|p1a: Zeraora|95/100 tox|[from] psn
|upkeep
|turn|32
|
|t:|1667195782
|move|p1a: Zeraora|Plasma Fists|p2a: Tapu Koko
|-resisted|p2a: Tapu Koko
|-damage|p2a: Tapu Koko|31/100
|-fieldactivate|move: Ion Deluge
|-hint|Normal-type moves become Electric-type after using Plasma Fists.
|move|p2a: Tapu Koko|Roost|p2a: Tapu Koko
|-heal|p2a: Tapu Koko|81/100
|-singleturn|p2a: Tapu Koko|move: Roost
|
|-damage|p1a: Zeraora|83/100 tox|[from] psn
|upkeep
|turn|33
|
|t:|1667195786
|switch|p1a: Clefable|Clefable, M, shiny|95/100
|move|p2a: Tapu Koko|Roost|p2a: Tapu Koko
|-heal|p2a: Tapu Koko|100/100
|-singleturn|p2a: Tapu Koko|move: Roost
|
|-fieldend|move: Electric Terrain
|upkeep
|turn|34
|
|t:|1667195791
|move|p2a: Tapu Koko|Volt Switch|p1a: Clefable
|-damage|p1a: Clefable|65/100
|
|t:|1667195794
|switch|p2a: Hippowdon|Hippowdon, M|100/100|[from]move: Volt Switch
|-damage|p2a: Hippowdon|94/100|[from] Stealth Rock
|-damage|p2a: Hippowdon|82/100|[from] Spikes
|-weather|Sandstorm|[from] ability: Sand Stream|[of] p2a: Hippowdon
|move|p1a: Clefable|Moonblast|p2a: Hippowdon
|-damage|p2a: Hippowdon|56/100
|-unboost|p2a: Hippowdon|spa|1
|
|-weather|Sandstorm|[upkeep]
|-heal|p2a: Hippowdon|62/100|[from] item: Leftovers
|upkeep
|turn|35
|
|t:|1667195799
|move|p1a: Clefable|Soft-Boiled|p1a: Clefable
|-heal|p1a: Clefable|100/100
|move|p2a: Hippowdon|Earthquake|p1a: Clefable
|-damage|p1a: Clefable|70/100
|
|-weather|Sandstorm|[upkeep]
|-heal|p2a: Hippowdon|68/100|[from] item: Leftovers
|upkeep
|turn|36
|
|t:|1667195805
|switch|p1a: Mandibuzz|Mandibuzz, F, shiny|100/100
|move|p2a: Hippowdon|Heavy Slam|p1a: Mandibuzz
|-damage|p1a: Mandibuzz|82/100
|
|-weather|Sandstorm|[upkeep]
|-heal|p2a: Hippowdon|75/100|[from] item: Leftovers
|upkeep
|turn|37
|
|t:|1667195814
|switch|p2a: Tapu Koko|Tapu Koko|100/100
|-damage|p2a: Tapu Koko|88/100|[from] Stealth Rock
|-damage|p2a: Tapu Koko|76/100|[from] Spikes
|-fieldstart|move: Electric Terrain|[from] ability: Electric Surge|[of] p2a: Tapu Koko
|move|p1a: Mandibuzz|U-turn|p2a: Tapu Koko
|-resisted|p2a: Tapu Koko
|-damage|p2a: Tapu Koko|68/100
|
|t:|1667195834
|switch|p1a: Slowking|Slowking, M, shiny|66/100 psn|[from]move: U-turn
|
|-weather|Sandstorm|[upkeep]
|-damage|p2a: Tapu Koko|62/100|[from] Sandstorm
|-damage|p1a: Slowking|60/100 psn|[from] Sandstorm
|-damage|p1a: Slowking|47/100 psn|[from] psn
|upkeep
|turn|38
|
|t:|1667195841
|switch|p1a: Zeraora|Zeraora|83/100 tox
|move|p2a: Tapu Koko|Roost|p2a: Tapu Koko
|-heal|p2a: Tapu Koko|100/100
|-singleturn|p2a: Tapu Koko|move: Roost
|
|-weather|none
|-damage|p1a: Zeraora|77/100 tox|[from] psn
|upkeep
|turn|39
|
|t:|1667195849
|move|p1a: Zeraora|Bulk Up|p1a: Zeraora
|-boost|p1a: Zeraora|atk|1
|-boost|p1a: Zeraora|def|1
|move|p2a: Tapu Koko|Dazzling Gleam|p1a: Zeraora
|-damage|p1a: Zeraora|36/100 tox
|
|-damage|p1a: Zeraora|24/100 tox|[from] psn
|upkeep
|turn|40
|
|t:|1667195867
|move|p1a: Zeraora|Plasma Fists|p2a: Tapu Koko
|-resisted|p2a: Tapu Koko
|-damage|p2a: Tapu Koko|36/100
|-fieldactivate|move: Ion Deluge
|-hint|Normal-type moves become Electric-type after using Plasma Fists.
|move|p2a: Tapu Koko|Roost|p2a: Tapu Koko
|-heal|p2a: Tapu Koko|86/100
|-singleturn|p2a: Tapu Koko|move: Roost
|
|-damage|p1a: Zeraora|6/100 tox|[from] psn
|upkeep
|turn|41
|
|t:|1667195876
|switch|p1a: Clefable|Clefable, M, shiny|70/100
|move|p2a: Tapu Koko|Roost|p2a: Tapu Koko
|-heal|p2a: Tapu Koko|100/100
|-singleturn|p2a: Tapu Koko|move: Roost
|
|-fieldend|move: Electric Terrain
|upkeep
|turn|42
|
|t:|1667195880
|switch|p1a: Zeraora|Zeraora|6/100 tox
|move|p2a: Tapu Koko|Volt Switch|p1a: Zeraora
|-heal|p1a: Zeraora|31/100 tox|[from] ability: Volt Absorb|[of] p2a: Tapu Koko
|
|-damage|p1a: Zeraora|25/100 tox|[from] psn
|upkeep
|turn|43
|
|t:|1667195886
|switch|p1a: Clefable|Clefable, M, shiny|70/100
|move|p2a: Tapu Koko|Dazzling Gleam|p1a: Clefable
|-damage|p1a: Clefable|37/100
|
|upkeep
|turn|44
|
|t:|1667195891
|move|p2a: Tapu Koko|Dazzling Gleam|p1a: Clefable
|-damage|p1a: Clefable|8/100
|move|p1a: Clefable|Soft-Boiled|p1a: Clefable
|-heal|p1a: Clefable|58/100
|
|upkeep
|turn|45
|
|t:|1667195895
|move|p2a: Tapu Koko|Dazzling Gleam|p1a: Clefable
|-crit|p1a: Clefable
|-damage|p1a: Clefable|13/100
|move|p1a: Clefable|Soft-Boiled|p1a: Clefable
|-heal|p1a: Clefable|63/100
|
|upkeep
|turn|46
|
|t:|1667195899
|move|p2a: Tapu Koko|Dazzling Gleam|p1a: Clefable
|-damage|p1a: Clefable|33/100
|move|p1a: Clefable|Moonblast|p2a: Tapu Koko
|-damage|p2a: Tapu Koko|55/100
|
|upkeep
|turn|47
|
|t:|1667195929
|move|p2a: Tapu Koko|Dazzling Gleam|p1a: Clefable
|-damage|p1a: Clefable|1/100
|move|p1a: Clefable|Soft-Boiled|p1a: Clefable
|-heal|p1a: Clefable|51/100
|
|upkeep
|turn|48
|
|t:|1667195932
|move|p2a: Tapu Koko|Dazzling Gleam|p1a: Clefable
|-damage|p1a: Clefable|17/100
|move|p1a: Clefable|Moonblast|p2a: Tapu Koko
|-damage|p2a: Tapu Koko|10/100
|
|upkeep
|turn|49
|
|t:|1667195936
|move|p2a: Tapu Koko|Roost|p2a: Tapu Koko
|-heal|p2a: Tapu Koko|60/100
|-singleturn|p2a: Tapu Koko|move: Roost
|move|p1a: Clefable|Moonblast|p2a: Tapu Koko
|-damage|p2a: Tapu Koko|8/100
|-unboost|p2a: Tapu Koko|spa|1
|
|upkeep
|turn|50
|j| xiezhouqun1
|
|t:|1667195939
|move|p2a: Tapu Koko|Roost|p2a: Tapu Koko
|-heal|p2a: Tapu Koko|59/100
|-singleturn|p2a: Tapu Koko|move: Roost
|move|p1a: Clefable|Moonblast|p2a: Tapu Koko
|-damage|p2a: Tapu Koko|12/100
|-unboost|p2a: Tapu Koko|spa|1
|
|upkeep
|turn|51
|
|t:|1667195942
|move|p2a: Tapu Koko|Roost|p2a: Tapu Koko
|-heal|p2a: Tapu Koko|62/100
|-singleturn|p2a: Tapu Koko|move: Roost
|move|p1a: Clefable|Moonblast|p2a: Tapu Koko
|-damage|p2a: Tapu Koko|15/100
|
|upkeep
|turn|52
|
|t:|1667195949
|move|p2a: Tapu Koko|Roost|p2a: Tapu Koko
|-heal|p2a: Tapu Koko|66/100
|-singleturn|p2a: Tapu Koko|move: Roost
|move|p1a: Clefable|Moonblast|p2a: Tapu Koko
|-damage|p2a: Tapu Koko|15/100
|
|upkeep
|turn|53
|
|t:|1667195953
|move|p2a: Tapu Koko|Roost|p2a: Tapu Koko
|-heal|p2a: Tapu Koko|66/100
|-singleturn|p2a: Tapu Koko|move: Roost
|move|p1a: Clefable|Soft-Boiled|p1a: Clefable
|-heal|p1a: Clefable|67/100
|
|upkeep
|turn|54
|
|t:|1667195962
|switch|p2a: Hippowdon|Hippowdon, M|75/100
|-damage|p2a: Hippowdon|68/100|[from] Stealth Rock
|-damage|p2a: Hippowdon|56/100|[from] Spikes
|-weather|Sandstorm|[from] ability: Sand Stream|[of] p2a: Hippowdon
|move|p1a: Clefable|Moonblast|p2a: Hippowdon
|-damage|p2a: Hippowdon|34/100
|-unboost|p2a: Hippowdon|spa|1
|
|-weather|Sandstorm|[upkeep]
|-heal|p2a: Hippowdon|40/100|[from] item: Leftovers
|upkeep
|turn|55
|
|t:|1667195971
|move|p1a: Clefable|Soft-Boiled|p1a: Clefable
|-heal|p1a: Clefable|100/100
|move|p2a: Hippowdon|Slack Off|p2a: Hippowdon
|-heal|p2a: Hippowdon|90/100
|
|-weather|Sandstorm|[upkeep]
|-heal|p2a: Hippowdon|96/100|[from] item: Leftovers
|upkeep
|turn|56
|
|t:|1667195977
|switch|p1a: Mandibuzz|Mandibuzz, F, shiny|82/100
|move|p2a: Hippowdon|Heavy Slam|p1a: Mandibuzz
|-damage|p1a: Mandibuzz|63/100
|
|-weather|Sandstorm|[upkeep]
|-heal|p2a: Hippowdon|100/100|[from] item: Leftovers
|upkeep
|turn|57
|inactive|quixana has 120 seconds left.
|
|t:|1667196019
|switch|p2a: Hydreigon|Hydreigon, F|88/100
|-damage|p2a: Hydreigon|76/100|[from] Stealth Rock
|move|p1a: Mandibuzz|Roost|p1a: Mandibuzz
|-heal|p1a: Mandibuzz|100/100
|-singleturn|p1a: Mandibuzz|move: Roost
|
|-weather|Sandstorm|[upkeep]
|-damage|p2a: Hydreigon|70/100|[from] Sandstorm
|upkeep
|turn|58
|inactive|quixana has 120 seconds left.
|
|t:|1667196033
|move|p2a: Hydreigon|Draco Meteor|p1a: Mandibuzz
|-damage|p1a: Mandibuzz|33/100
|-unboost|p2a: Hydreigon|spa|2
|move|p1a: Mandibuzz|U-turn|p2a: Hydreigon
|-supereffective|p2a: Hydreigon
|-damage|p2a: Hydreigon|41/100
|
|t:|1667196053
|switch|p1a: Clefable|Clefable, M, shiny|100/100|[from]move: U-turn
|
|-weather|none
|upkeep
|turn|59
|
|t:|1667196061
|switch|p2a: Hippowdon|Hippowdon, M|100/100
|-damage|p2a: Hippowdon|94/100|[from] Stealth Rock
|-damage|p2a: Hippowdon|82/100|[from] Spikes
|-weather|Sandstorm|[from] ability: Sand Stream|[of] p2a: Hippowdon
|move|p1a: Clefable|Moonblast|p2a: Hippowdon
|-damage|p2a: Hippowdon|58/100
|
|-weather|Sandstorm|[upkeep]
|-heal|p2a: Hippowdon|65/100|[from] item: Leftovers
|upkeep
|turn|60
|
|t:|1667196066
|move|p1a: Clefable|Moonblast|p2a: Hippowdon
|-damage|p2a: Hippowdon|41/100
|move|p2a: Hippowdon|Heavy Slam|p1a: Clefable
|-supereffective|p1a: Clefable
|-damage|p1a: Clefable|55/100
|-damage|p2a: Hippowdon|24/100|[from] item: Rocky Helmet|[of] p1a: Clefable
|
|-weather|Sandstorm|[upkeep]
|-heal|p2a: Hippowdon|30/100|[from] item: Leftovers
|upkeep
|turn|61
|
|t:|1667196073
|switch|p1a: Victini|Victini|76/100
|-damage|p1a: Victini|51/100|[from] Stealth Rock
|move|p2a: Hippowdon|Slack Off|p2a: Hippowdon
|-heal|p2a: Hippowdon|80/100
|
|-weather|Sandstorm|[upkeep]
|-damage|p1a: Victini|44/100|[from] Sandstorm
|-heal|p2a: Hippowdon|86/100|[from] item: Leftovers
|upkeep
|turn|62
|inactive|quixana has 120 seconds left.
|j| cypherstest
|
|t:|1667196132
|switch|p2a: Hydreigon|Hydreigon, F|41/100
|-damage|p2a: Hydreigon|29/100|[from] Stealth Rock
|move|p1a: Victini|V-create|p2a: Hydreigon
|-resisted|p2a: Hydreigon
|-damage|p2a: Hydreigon|0 fnt
|-unboost|p1a: Victini|spe|1
|-unboost|p1a: Victini|def|1
|-unboost|p1a: Victini|spd|1
|faint|p2a: Hydreigon
|
|-weather|Sandstorm|[upkeep]
|-damage|p1a: Victini|38/100|[from] Sandstorm
|upkeep
|
|t:|1667196136
|switch|p2a: Urshifu|Urshifu-Rapid-Strike, M|51/100
|-damage|p2a: Urshifu|45/100|[from] Stealth Rock
|-damage|p2a: Urshifu|33/100|[from] Spikes
|turn|63
|
|t:|1667196153
|switch|p1a: Clefable|Clefable, M, shiny|55/100
|move|p2a: Urshifu|U-turn|p1a: Clefable
|-resisted|p1a: Clefable
|-damage|p1a: Clefable|41/100
|-damage|p2a: Urshifu|16/100|[from] item: Rocky Helmet|[of] p1a: Clefable
|inactive|quixana has 90 seconds left.
|
|t:|1667196163
|switch|p2a: Hippowdon|Hippowdon, M|86/100|[from]move: U-turn
|-damage|p2a: Hippowdon|80/100|[from] Stealth Rock
|-damage|p2a: Hippowdon|68/100|[from] Spikes
|
|-weather|none
|-heal|p2a: Hippowdon|74/100|[from] item: Leftovers
|upkeep
|turn|64
|
|t:|1667196171
|switch|p1a: Mandibuzz|Mandibuzz, F, shiny|33/100
|move|p2a: Hippowdon|Heavy Slam|p1a: Mandibuzz
|-damage|p1a: Mandibuzz|14/100
|
|-heal|p2a: Hippowdon|80/100|[from] item: Leftovers
|upkeep
|turn|65
|
|t:|1667196178
|switch|p2a: Urshifu|Urshifu-Rapid-Strike, M|16/100
|-damage|p2a: Urshifu|10/100|[from] Stealth Rock
|-damage|p2a: Urshifu|0 fnt|[from] Spikes
|faint|p2a: Urshifu
|move|p1a: Mandibuzz|Roost|p1a: Mandibuzz
|-heal|p1a: Mandibuzz|64/100
|-singleturn|p1a: Mandibuzz|move: Roost
|
|upkeep
|
|t:|1667196180
|switch|p2a: Tapu Koko|Tapu Koko|66/100
|-damage|p2a: Tapu Koko|53/100|[from] Stealth Rock
|-damage|p2a: Tapu Koko|41/100|[from] Spikes
|-fieldstart|move: Electric Terrain|[from] ability: Electric Surge|[of] p2a: Tapu Koko
|turn|66
|
|t:|1667196191
|move|p2a: Tapu Koko|Roost|p2a: Tapu Koko
|-heal|p2a: Tapu Koko|91/100
|-singleturn|p2a: Tapu Koko|move: Roost
|move|p1a: Mandibuzz|Defog|p2a: Tapu Koko
|-unboost|p2a: Tapu Koko|evasion|1
|-sideend|p2: quixana|Spikes|[from] move: Defog|[of] p1a: Mandibuzz
|-sideend|p2: quixana|Stealth Rock|[from] move: Defog|[of] p1a: Mandibuzz
|-sideend|p1: george malone|Stealth Rock|[from] move: Defog|[of] p1a: Mandibuzz
|-fieldend|move: Electric Terrain
|
|upkeep
|turn|67
|
|t:|1667196199
|move|p2a: Tapu Koko|Dazzling Gleam|p1a: Mandibuzz
|-supereffective|p1a: Mandibuzz
|-crit|p1a: Mandibuzz
|-damage|p1a: Mandibuzz|0 fnt
|faint|p1a: Mandibuzz
|
|upkeep
|
|t:|1667196209
|switch|p1a: Victini|Victini|38/100
|turn|68
|
|t:|1667196218
|move|p2a: Tapu Koko|Volt Switch|p1a: Victini
|-damage|p1a: Victini|6/100
|
|t:|1667196221
|switch|p2a: Hippowdon|Hippowdon, M|80/100|[from]move: Volt Switch
|-weather|Sandstorm|[from] ability: Sand Stream|[of] p2a: Hippowdon
|move|p1a: Victini|V-create|p2a: Hippowdon
|-damage|p2a: Hippowdon|4/100
|-unboost|p1a: Victini|spe|1
|-unboost|p1a: Victini|def|1
|-unboost|p1a: Victini|spd|1
|
|-weather|Sandstorm|[upkeep]
|-damage|p1a: Victini|0 fnt|[from] Sandstorm
|faint|p1a: Victini
|-heal|p2a: Hippowdon|10/100|[from] item: Leftovers
|upkeep
|
|t:|1667196225
|switch|p1a: Zeraora|Zeraora|25/100 tox
|turn|69
|
|t:|1667196238
|move|p1a: Zeraora|Knock Off|p2a: Hippowdon
|-damage|p2a: Hippowdon|0 fnt
|-enditem|p2a: Hippowdon|Leftovers|[from] move: Knock Off|[of] p1a: Zeraora
|faint|p2a: Hippowdon
|
|-weather|Sandstorm|[upkeep]
|-damage|p1a: Zeraora|19/100 tox|[from] Sandstorm
|-damage|p1a: Zeraora|13/100 tox|[from] psn
|upkeep
|
|t:|1667196241
|switch|p2a: Tapu Koko|Tapu Koko|91/100
|-fieldstart|move: Electric Terrain|[from] ability: Electric Surge|[of] p2a: Tapu Koko
|turn|70
|
|t:|1667196248
|move|p1a: Zeraora|Plasma Fists|p2a: Tapu Koko
|-resisted|p2a: Tapu Koko
|-damage|p2a: Tapu Koko|52/100
|-fieldactivate|move: Ion Deluge
|-hint|Normal-type moves become Electric-type after using Plasma Fists.
|move|p2a: Tapu Koko|Roost|p2a: Tapu Koko
|-heal|p2a: Tapu Koko|100/100
|-singleturn|p2a: Tapu Koko|move: Roost
|
|-weather|Sandstorm|[upkeep]
|-damage|p1a: Zeraora|7/100 tox|[from] Sandstorm
|-damage|p2a: Tapu Koko|94/100|[from] Sandstorm
|-damage|p1a: Zeraora|0 fnt|[from] psn
|faint|p1a: Zeraora
|upkeep
|
|t:|1667196255
|switch|p1a: Slowking|Slowking, M, shiny|81/100 psn
|turn|71
|
|t:|1667196258
|move|p2a: Tapu Koko|Volt Switch|p1a: Slowking
|-supereffective|p1a: Slowking
|-damage|p1a: Slowking|36/100 psn
|move|p1a: Slowking|Slack Off|p1a: Slowking
|-heal|p1a: Slowking|86/100 psn
|
|-weather|Sandstorm|[upkeep]
|-damage|p2a: Tapu Koko|88/100|[from] Sandstorm
|-damage|p1a: Slowking|80/100 psn|[from] Sandstorm
|-damage|p1a: Slowking|67/100 psn|[from] psn
|upkeep
|turn|72
|
|t:|1667196265
|move|p2a: Tapu Koko|Volt Switch|p1a: Slowking
|-supereffective|p1a: Slowking
|-damage|p1a: Slowking|21/100 psn
|move|p1a: Slowking|Slack Off|p1a: Slowking
|-heal|p1a: Slowking|71/100 psn
|
|-weather|none
|-damage|p1a: Slowking|59/100 psn|[from] psn
|upkeep
|turn|73
|
|t:|1667196271
|switch|p1a: Clefable|Clefable, M, shiny|41/100
|move|p2a: Tapu Koko|Volt Switch|p1a: Clefable
|-damage|p1a: Clefable|6/100
|
|upkeep
|turn|74
|
|t:|1667196276
|move|p2a: Tapu Koko|Volt Switch|p1a: Clefable
|-damage|p1a: Clefable|0 fnt
|faint|p1a: Clefable
|
|-fieldend|move: Electric Terrain
|upkeep
|
|t:|1667196278
|switch|p1a: Slowking|Slowking, M, shiny|92/100 psn
|turn|75
|
|t:|1667196281
|move|p2a: Tapu Koko|Volt Switch|p1a: Slowking
|-supereffective|p1a: Slowking
|-damage|p1a: Slowking|55/100 psn
|move|p1a: Slowking|Slack Off|p1a: Slowking
|-heal|p1a: Slowking|100/100 psn
|
|-damage|p1a: Slowking|88/100 psn|[from] psn
|upkeep
|turn|76
|
|t:|1667196284
|move|p2a: Tapu Koko|Volt Switch|p1a: Slowking
|-supereffective|p1a: Slowking
|-damage|p1a: Slowking|52/100 psn
|move|p1a: Slowking|Future Sight|p2a: Tapu Koko
|-start|p1a: Slowking|move: Future Sight
|
|-damage|p1a: Slowking|40/100 psn|[from] psn
|upkeep
|turn|77
|
|t:|1667196288
|move|p2a: Tapu Koko|Volt Switch|p1a: Slowking
|-supereffective|p1a: Slowking
|-damage|p1a: Slowking|4/100 psn
|move|p1a: Slowking|Slack Off|p1a: Slowking
|-heal|p1a: Slowking|54/100 psn
|
|-damage|p1a: Slowking|42/100 psn|[from] psn
|upkeep
|turn|78
|
|t:|1667196292
|move|p2a: Tapu Koko|Volt Switch|p1a: Slowking
|-supereffective|p1a: Slowking
|-damage|p1a: Slowking|8/100 psn
|move|p1a: Slowking|Slack Off|p1a: Slowking
|-heal|p1a: Slowking|59/100 psn
|
|-end|p2a: Tapu Koko|move: Future Sight
|-damage|p2a: Tapu Koko|25/100
|-damage|p1a: Slowking|46/100 psn|[from] psn
|upkeep
|turn|79
|
|t:|1667196299
|move|p2a: Tapu Koko|Roost|p2a: Tapu Koko
|-heal|p2a: Tapu Koko|76/100
|-singleturn|p2a: Tapu Koko|move: Roost
|move|p1a: Slowking|Slack Off|p1a: Slowking
|-heal|p1a: Slowking|96/100 psn
|
|-damage|p1a: Slowking|84/100 psn|[from] psn
|upkeep
|turn|80
|
|t:|1667196302
|move|p2a: Tapu Koko|Volt Switch|p1a: Slowking
|-supereffective|p1a: Slowking
|-damage|p1a: Slowking|50/100 psn
|move|p1a: Slowking|Slack Off|p1a: Slowking
|-heal|p1a: Slowking|99/100 psn
|
|-damage|p1a: Slowking|88/100 psn|[from] psn
|upkeep
|turn|81
|
|t:|1667196311
|move|p2a: Tapu Koko|Volt Switch|p1a: Slowking
|-supereffective|p1a: Slowking
|-damage|p1a: Slowking|53/100 psn
|move|p1a: Slowking|Future Sight|p2a: Tapu Koko
|-start|p1a: Slowking|move: Future Sight
|
|-damage|p1a: Slowking|40/100 psn|[from] psn
|upkeep
|turn|82
|
|t:|1667196327
|move|p2a: Tapu Koko|Volt Switch|p1a: Slowking
|-supereffective|p1a: Slowking
|-crit|p1a: Slowking
|-damage|p1a: Slowking|0 fnt
|faint|p1a: Slowking
|
|win|quixana
|raw|george malone's rating: 1714 &rarr; <strong>1694</strong><br />(-20 for losing)
|raw|quixana's rating: 1708 &rarr; <strong>1728</strong><br />(+20 for winning)
