|j|☆GorLeon
|j|☆LizzyPark
|t:|1664391840
|gametype|singles
|player|p1|GorLeon|dragontamer|1541
|player|p2|LizzyPark|doctor|1520
|teamsize|p1|6
|teamsize|p2|6
|gen|8
|tier|[Gen 8] OU
|rated|
|rule|Sleep Clause Mod: Limit one foe put to sleep
|rule|Species Clause: Limit one of each Pokémon
|rule|OHKO Clause: OHKO moves are banned
|rule|Evasion Items Clause: Evasion items are banned
|rule|Evasion Moves Clause: Evasion moves are banned
|rule|Endless Battle Clause: Forcing endless battles is banned
|rule|HP Percentage Mod: HP is shown in percentages
|rule|Dynamax Clause: You cannot dynamax
|clearpoke
|poke|p1|Kartana|
|poke|p1|Tapu Lele|
|poke|p1|Tornadus-Therian, M|
|poke|p1|Hippowdon, F|
|poke|p1|Umbreon, M|
|poke|p1|Toxapex, F|
|poke|p2|Weavile, F|
|poke|p2|Kartana|
|poke|p2|Zeraora|
|poke|p2|Rillaboom, M|
|poke|p2|Landorus-Therian, M|
|poke|p2|Melmetal|
|teampreview
|inactive|Battle timer is ON: inactive players will automatically lose when time's up. (requested by GorLeon)
|c|☆GorLeon|gl hf
|c|☆LizzyPark|u2
|
|t:|1664391861
|start
|switch|p1a: Hippowdon|Hippowdon, F|100/100
|switch|p2a: Weavile|Weavile, F|100/100
|-weather|Sandstorm|[from] ability: Sand Stream|[of] p1a: Hippowdon
|turn|1
|
|t:|1664391876
|move|p2a: Weavile|Swords Dance|p2a: Weavile
|-boost|p2a: Weavile|atk|2
|move|p1a: Hippowdon|Stealth Rock|p2a: Weavile
|-sidestart|p2: LizzyPark|move: Stealth Rock
|
|-weather|Sandstorm|[upkeep]
|-damage|p2a: Weavile|94/100|[from] Sandstorm
|upkeep
|turn|2
|
|t:|1664391886
|switch|p1a: Toxapex|Toxapex, F|100/100
|move|p2a: Weavile|Icicle Crash|p1a: Toxapex
|-resisted|p1a: Toxapex
|-damage|p1a: Toxapex|74/100
|
|-weather|Sandstorm|[upkeep]
|-damage|p2a: Weavile|88/100|[from] Sandstorm
|-damage|p1a: Toxapex|68/100|[from] Sandstorm
|upkeep
|turn|3
|
|t:|1664391897
|move|p2a: Weavile|Beat Up|p1a: Toxapex
|-damage|p1a: Toxapex|58/100
|-damage|p1a: Toxapex|41/100
|-damage|p1a: Toxapex|30/100
|-damage|p1a: Toxapex|18/100
|-crit|p1a: Toxapex
|-damage|p1a: Toxapex|0 fnt
|faint|p1a: Toxapex
|-hitcount|p1: Toxapex|5
|
|-weather|Sandstorm|[upkeep]
|-damage|p2a: Weavile|82/100|[from] Sandstorm
|upkeep
|
|t:|1664391906
|switch|p1a: Umbreon|Umbreon, M|100/100
|turn|4
|
|t:|1664391909
|move|p2a: Weavile|Icicle Crash|p1a: Umbreon
|-damage|p1a: Umbreon|49/100
|cant|p1a: Umbreon|flinch
|
|-weather|Sandstorm|[upkeep]
|-damage|p2a: Weavile|76/100|[from] Sandstorm
|-damage|p1a: Umbreon|43/100|[from] Sandstorm
|-heal|p1a: Umbreon|49/100|[from] item: Leftovers
|upkeep
|turn|5
|
|t:|1664391915
|move|p1a: Umbreon|Protect|p1a: Umbreon
|-singleturn|p1a: Umbreon|Protect
|move|p2a: Weavile|Icicle Crash|p1a: Umbreon
|-activate|p1a: Umbreon|move: Protect
|
|-weather|none
|-heal|p1a: Umbreon|56/100|[from] item: Leftovers
|upkeep
|turn|6
|
|t:|1664391923
|move|p2a: Weavile|Swords Dance|p2a: Weavile
|-boost|p2a: Weavile|atk|2
|move|p1a: Umbreon|Foul Play|p2a: Weavile
|-resisted|p2a: Weavile
|-damage|p2a: Weavile|0 fnt
|faint|p2a: Weavile
|
|-heal|p1a: Umbreon|62/100|[from] item: Leftovers
|upkeep
|
|t:|1664391937
|switch|p2a: Broken 2|Melmetal|100/100
|-damage|p2a: Broken 2|94/100|[from] Stealth Rock
|turn|7
|
|t:|1664391943
|move|p1a: Umbreon|Protect|p1a: Umbreon
|-singleturn|p1a: Umbreon|Protect
|move|p2a: Broken 2|Thunder Wave|p1a: Umbreon
|-activate|p1a: Umbreon|move: Protect
|
|-heal|p1a: Umbreon|68/100|[from] item: Leftovers
|upkeep
|turn|8
|
|t:|1664391948
|move|p1a: Umbreon|Foul Play|p2a: Broken 2
|-damage|p2a: Broken 2|60/100
|-enditem|p2a: Broken 2|Eject Button
|
|t:|1664391966
|switch|p2a: Broken|Landorus-Therian, M|100/100
|-damage|p2a: Broken|88/100|[from] Stealth Rock
|-ability|p2a: Broken|Intimidate|boost
|-unboost|p1a: Umbreon|atk|1
|
|-heal|p1a: Umbreon|74/100|[from] item: Leftovers
|upkeep
|turn|9
|
|t:|1664391971
|move|p1a: Umbreon|Protect|p1a: Umbreon
|-singleturn|p1a: Umbreon|Protect
|move|p2a: Broken|Stealth Rock|p1a: Umbreon
|-sidestart|p1: GorLeon|move: Stealth Rock
|
|-heal|p1a: Umbreon|80/100|[from] item: Leftovers
|upkeep
|turn|10
|
|t:|1664391977
|move|p2a: Broken|Explosion|p1a: Umbreon
|-damage|p1a: Umbreon|23/100
|faint|p2a: Broken
|move|p1a: Umbreon|Foul Play|p2: Broken|[notarget]
|-fail|p1a: Umbreon
|
|-heal|p1a: Umbreon|29/100|[from] item: Leftovers
|upkeep
|
|t:|1664391988
|switch|p2a: Zeraora|Zeraora|100/100
|turn|11
|
|t:|1664391997
|move|p2a: Zeraora|Bulk Up|p2a: Zeraora
|-boost|p2a: Zeraora|atk|1
|-boost|p2a: Zeraora|def|1
|move|p1a: Umbreon|Foul Play|p2a: Zeraora
|-damage|p2a: Zeraora|42/100
|
|-heal|p1a: Umbreon|35/100|[from] item: Leftovers
|upkeep
|turn|12
|
|t:|1664392003
|move|p1a: Umbreon|Protect|p1a: Umbreon
|-singleturn|p1a: Umbreon|Protect
|move|p2a: Zeraora|Drain Punch|p1a: Umbreon
|-activate|p1a: Umbreon|move: Protect
|
|-heal|p1a: Umbreon|41/100|[from] item: Leftovers
|upkeep
|turn|13
|
|t:|1664392018
|switch|p1a: Tornadus|Tornadus-Therian, M|100/100
|move|p2a: Zeraora|Drain Punch|p1a: Tornadus
|-resisted|p1a: Tornadus
|-damage|p1a: Tornadus|83/100
|-heal|p2a: Zeraora|52/100|[from] drain|[of] p1a: Tornadus
|
|upkeep
|turn|14
|
|t:|1664392029
|switch|p1a: Hippowdon|Hippowdon, F|100/100
|-damage|p1a: Hippowdon|94/100|[from] Stealth Rock
|-weather|Sandstorm|[from] ability: Sand Stream|[of] p1a: Hippowdon
|move|p2a: Zeraora|Plasma Fists|p1a: Hippowdon
|-immune|p1a: Hippowdon
|
|-weather|Sandstorm|[upkeep]
|-damage|p2a: Zeraora|46/100|[from] Sandstorm
|-heal|p1a: Hippowdon|100/100|[from] item: Leftovers
|upkeep
|turn|15
|
|t:|1664392037
|switch|p2a: Big E-stablished|Rillaboom, M|100/100
|-damage|p2a: Big E-stablished|88/100|[from] Stealth Rock
|-fieldstart|move: Grassy Terrain|[from] ability: Grassy Surge|[of] p2a: Big E-stablished
|move|p1a: Hippowdon|Earthquake|p2a: Big E-stablished
|-resisted|p2a: Big E-stablished
|-damage|p2a: Big E-stablished|78/100
|
|-weather|Sandstorm|[upkeep]
|-damage|p2a: Big E-stablished|72/100|[from] Sandstorm
|-heal|p2a: Big E-stablished|78/100|[from] Grassy Terrain
|upkeep
|turn|16
|
|t:|1664392053
|switch|p1a: Tornadus|Tornadus-Therian, M|100/100
|move|p2a: Big E-stablished|Grassy Glide|p1a: Tornadus
|-resisted|p1a: Tornadus
|-damage|p1a: Tornadus|64/100
|-damage|p2a: Big E-stablished|68/100|[from] item: Life Orb
|
|-weather|Sandstorm|[upkeep]
|-damage|p1a: Tornadus|58/100|[from] Sandstorm
|-damage|p2a: Big E-stablished|62/100|[from] Sandstorm
|-heal|p2a: Big E-stablished|68/100|[from] Grassy Terrain
|upkeep
|turn|17
|
|t:|1664392059
|switch|p2a: Broken 2|Melmetal|60/100
|-damage|p2a: Broken 2|54/100|[from] Stealth Rock
|move|p1a: Tornadus|Knock Off|p2a: Broken 2
|-damage|p2a: Broken 2|45/100
|
|-weather|Sandstorm|[upkeep]
|-damage|p1a: Tornadus|52/100|[from] Sandstorm
|-heal|p2a: Broken 2|51/100|[from] Grassy Terrain
|upkeep
|turn|18
|
|t:|1664392068
|move|p1a: Tornadus|U-turn|p2a: Broken 2
|-resisted|p2a: Broken 2
|-damage|p2a: Broken 2|47/100
|
|t:|1664392073
|switch|p1a: Hippowdon|Hippowdon, F|100/100|[from]move: U-turn
|-damage|p1a: Hippowdon|94/100|[from] Stealth Rock
|move|p2a: Broken 2|Double Iron Bash|p1a: Hippowdon
|-damage|p1a: Hippowdon|63/100
|-damage|p1a: Hippowdon|30/100
|-hitcount|p1a: Hippowdon|2
|
|-weather|none
|-heal|p2a: Broken 2|53/100|[from] Grassy Terrain
|-heal|p1a: Hippowdon|36/100|[from] Grassy Terrain
|-heal|p1a: Hippowdon|43/100|[from] item: Leftovers
|upkeep
|turn|19
|
|t:|1664392079
|move|p2a: Broken 2|Double Iron Bash|p1a: Hippowdon
|-damage|p1a: Hippowdon|10/100
|-damage|p1a: Hippowdon|0 fnt
|faint|p1a: Hippowdon
|-hitcount|p1: Hippowdon|2
|
|-heal|p2a: Broken 2|59/100|[from] Grassy Terrain
|-fieldend|move: Grassy Terrain
|upkeep
|
|t:|1664392086
|switch|p1a: Kartana|Kartana|100/100
|-damage|p1a: Kartana|94/100|[from] Stealth Rock
|turn|20
|
|t:|1664392095
|move|p1a: Kartana|Sacred Sword|p2a: Broken 2
|-supereffective|p2a: Broken 2
|-damage|p2a: Broken 2|0 fnt
|faint|p2a: Broken 2
|-ability|p1a: Kartana|Beast Boost|boost
|-boost|p1a: Kartana|atk|1
|
|upkeep
|
|t:|1664392098
|switch|p2a: Spice Girl|Kartana|100/100
|-damage|p2a: Spice Girl|94/100|[from] Stealth Rock
|turn|21
|
|t:|1664392105
|move|p2a: Spice Girl|Sacred Sword|p1a: Kartana
|-supereffective|p1a: Kartana
|-damage|p1a: Kartana|8/100
|move|p1a: Kartana|Sacred Sword|p2a: Spice Girl
|-supereffective|p2a: Spice Girl
|-damage|p2a: Spice Girl|0 fnt
|faint|p2a: Spice Girl
|-ability|p1a: Kartana|Beast Boost|boost
|-boost|p1a: Kartana|atk|1
|
|upkeep
|c|☆LizzyPark|u got defense investments?
|inactive|LizzyPark has 120 seconds left.
|c|☆GorLeon|!showset 1
|c| GorLeon|/raw <div class="infobox">Kartana @ Choice Band  <br />Ability: Beast Boost  <br />EVs: 252 Atk &#x2f; 4 SpD &#x2f; 252 Spe  <br />Jolly Nature  <br />- Leaf Blade  <br />- Smart Strike  <br />- Knock Off  <br />- Sacred Sword  <br /><br /></div>
|inactive|LizzyPark has 90 seconds left.
|c|☆LizzyPark|gg
|-message|LizzyPark forfeited.
|
|win|GorLeon
|raw|GorLeon's rating: 1541 &rarr; <strong>1560</strong><br />(+19 for winning)
|raw|LizzyPark's rating: 1520 &rarr; <strong>1501</strong><br />(-19 for losing)
|c|☆GorLeon|gg
|l|☆LizzyPark
||Ladder isn't responding, score probably updated but might not have (Request timeout).
