|j|☆Zendaya bath water
|j|☆Steez Ibanez
|inactive|Battle timer is ON: inactive players will automatically lose when time's up.
|t:|1668152670
|gametype|singles
|player|p1|Zendaya bath water|erika-gen2|
|player|p2|Steez Ibanez|acetrainer-gen7|
|teamsize|p1|6
|teamsize|p2|6
|gen|8
|tier|[Gen 8] OU
|rated|Tournament battle
|rule|Sleep Clause Mod: Limit one foe put to sleep
|rule|Species Clause: Limit one of each Pokémon
|rule|OHKO Clause: OHKO moves are banned
|rule|Evasion Items Clause: Evasion items are banned
|rule|Evasion Moves Clause: Evasion moves are banned
|rule|Endless Battle Clause: Forcing endless battles is banned
|rule|HP Percentage Mod: HP is shown in percentages
|rule|Dynamax Clause: You cannot dynamax
|clearpoke
|poke|p1|Necrozma|
|poke|p1|Moltres-Galar|
|poke|p1|Corviknight, M|
|poke|p1|Tapu Fini|
|poke|p1|Buzzwole|
|poke|p1|Zeraora|
|poke|p2|Garchomp, M|
|poke|p2|Slowking-Galar, M|
|poke|p2|Corviknight, M|
|poke|p2|Zeraora|
|poke|p2|Ferrothorn, M|
|poke|p2|Urshifu-*, M|
|teampreview
|inactive|Steez Ibanez also wants the timer to be on.
|j| Rosaism
|
|t:|1668152675
|start
|switch|p1a: Prophet|Necrozma, shiny|100/100
|switch|p2a: Jotaro|Zeraora|100/100
|turn|1
|j| Lougarick22
|j| Quaaloods
|
|t:|1668152685
|move|p2a: Jotaro|Taunt|p1a: Prophet
|-start|p1a: Prophet|move: Taunt
|cant|p1a: Prophet|move: Taunt|Stealth Rock
|
|upkeep
|turn|2
|
|t:|1668152691
|move|p2a: Jotaro|Plasma Fists|p1a: Prophet
|-damage|p1a: Prophet|53/100
|-fieldactivate|move: Ion Deluge
|-hint|Normal-type moves become Electric-type after using Plasma Fists.
|move|p1a: Prophet|Photon Geyser|p2a: Jotaro
|-damage|p2a: Jotaro|26/100
|
|upkeep
|turn|3
|
|t:|1668152704
|switch|p1a: Vilgax|Buzzwole, shiny|100/100
|move|p2a: Jotaro|Plasma Fists|p1a: Vilgax
|-damage|p1a: Vilgax|71/100
|-fieldactivate|move: Ion Deluge
|-hint|Normal-type moves become Electric-type after using Plasma Fists.
|
|upkeep
|turn|4
|
|t:|1668152714
|switch|p2a: Dick Grayson|Corviknight, M, shiny|100/100
|-ability|p2a: Dick Grayson|Pressure
|move|p1a: Vilgax|Ice Punch|p2a: Dick Grayson
|-damage|p2a: Dick Grayson|82/100
|-damage|p1a: Vilgax|55/100|[from] item: Rocky Helmet|[of] p2a: Dick Grayson
|
|upkeep
|turn|5
|
|t:|1668152743
|switch|p1a: Water to wine|Tapu Fini|100/100
|-fieldstart|move: Misty Terrain|[from] ability: Misty Surge|[of] p1a: Water to wine
|move|p2a: Dick Grayson|U-turn|p1a: Water to wine
|-resisted|p1a: Water to wine
|-damage|p1a: Water to wine|94/100
|
|t:|1668152758
|switch|p2a: Jotaro|Zeraora|26/100|[from]move: U-turn
|
|upkeep
|turn|6
|j| PikaYumCute
|
|t:|1668152762
|switch|p2a: Viserys|Slowking-Galar, M|100/100
|move|p1a: Water to wine|Moonblast|p2a: Viserys
|-resisted|p2a: Viserys
|-damage|p2a: Viserys|93/100
|
|upkeep
|turn|7
|
|t:|1668152774
|switch|p1a: Burning Darkness|Moltres-Galar, shiny|100/100
|move|p2a: Viserys|Future Sight|p1a: Burning Darkness
|-start|p2a: Viserys|move: Future Sight
|
|upkeep
|turn|8
|
|t:|1668152783
|switch|p2a: Jotaro|Zeraora|26/100
|move|p1a: Burning Darkness|Agility|p1a: Burning Darkness
|-boost|p1a: Burning Darkness|spe|2
|
|upkeep
|turn|9
|
|t:|1668152790
|move|p1a: Burning Darkness|Fiery Wrath|p2a: Jotaro
|-damage|p2a: Jotaro|0 fnt
|faint|p2a: Jotaro
|
|-end|p1a: Burning Darkness|move: Future Sight
|-immune|p1a: Burning Darkness
|-fieldend|Misty Terrain
|upkeep
|
|t:|1668152795
|switch|p2a: Abomination|Ferrothorn, M|100/100
|turn|10
|
|t:|1668152799
|move|p1a: Burning Darkness|Nasty Plot|p1a: Burning Darkness
|-boost|p1a: Burning Darkness|spa|2
|move|p2a: Abomination|Leech Seed|p1a: Burning Darkness
|-start|p1a: Burning Darkness|move: Leech Seed
|
|-damage|p1a: Burning Darkness|88/100|[from] Leech Seed|[of] p2a: Abomination
|upkeep
|turn|11
|
|t:|1668152814
|move|p1a: Burning Darkness|Fiery Wrath|p2a: Abomination
|-damage|p2a: Abomination|26/100
|move|p2a: Abomination|Knock Off|p1a: Burning Darkness
|-resisted|p1a: Burning Darkness
|-damage|p1a: Burning Darkness|75/100
|-enditem|p1a: Burning Darkness|Chesto Berry|[from] move: Knock Off|[of] p2a: Abomination
|
|-damage|p1a: Burning Darkness|63/100|[from] Leech Seed|[of] p2a: Abomination
|-heal|p2a: Abomination|37/100|[silent]
|upkeep
|turn|12
|
|t:|1668152823
|switch|p2a: Tanjiro Kun|Urshifu-Rapid-Strike, M|100/100
|move|p1a: Burning Darkness|Fiery Wrath|p2a: Tanjiro Kun
|-resisted|p2a: Tanjiro Kun
|-crit|p2a: Tanjiro Kun
|-damage|p2a: Tanjiro Kun|0 fnt
|faint|p2a: Tanjiro Kun
|
|upkeep
|
|t:|1668152830
|switch|p2a: Samehada|Garchomp, M|100/100
|turn|13
|
|t:|1668152845
|move|p2a: Samehada|Protect|p2a: Samehada
|-singleturn|p2a: Samehada|Protect
|move|p1a: Burning Darkness|Fiery Wrath|p2a: Samehada
|-activate|p2a: Samehada|move: Protect
|
|-damage|p1a: Burning Darkness|50/100|[from] Leech Seed|[of] p2a: Samehada
|upkeep
|turn|14
|
|t:|1668152853
|move|p1a: Burning Darkness|Nasty Plot|p1a: Burning Darkness
|-boost|p1a: Burning Darkness|spa|2
|move|p2a: Samehada|Toxic|p1a: Burning Darkness
|-status|p1a: Burning Darkness|tox
|
|-damage|p1a: Burning Darkness|38/100 tox|[from] Leech Seed|[of] p2a: Samehada
|-damage|p1a: Burning Darkness|32/100 tox|[from] psn
|upkeep
|turn|15
|
|t:|1668152863
|move|p2a: Samehada|Protect|p2a: Samehada
|-singleturn|p2a: Samehada|Protect
|move|p1a: Burning Darkness|Rest|p1a: Burning Darkness
|-status|p1a: Burning Darkness|slp|[from] move: Rest
|-heal|p1a: Burning Darkness|100/100 slp|[silent]
|
|-damage|p1a: Burning Darkness|88/100 slp|[from] Leech Seed|[of] p2a: Samehada
|upkeep
|turn|16
|
|t:|1668152871
|switch|p2a: Abomination|Ferrothorn, M|37/100
|cant|p1a: Burning Darkness|slp
|
|-damage|p1a: Burning Darkness|76/100 slp|[from] Leech Seed|[of] p2a: Abomination
|-heal|p2a: Abomination|49/100|[silent]
|upkeep
|turn|17
|
|t:|1668152878
|cant|p1a: Burning Darkness|slp
|move|p2a: Abomination|Gyro Ball|p1a: Burning Darkness
|-damage|p1a: Burning Darkness|19/100 slp
|-ability|p1a: Burning Darkness|Berserk|boost
|-boost|p1a: Burning Darkness|spa|1
|
|-damage|p1a: Burning Darkness|6/100 slp|[from] Leech Seed|[of] p2a: Abomination
|-heal|p2a: Abomination|60/100|[silent]
|upkeep
|turn|18
|
|t:|1668152897
|-curestatus|p1a: Burning Darkness|slp|[msg]
|move|p1a: Burning Darkness|Fiery Wrath|p2a: Abomination
|-damage|p2a: Abomination|0 fnt
|faint|p2a: Abomination
|
|upkeep
|
|t:|1668152898
|switch|p2a: Samehada|Garchomp, M|100/100
|turn|19
|j| IcarusRe
|j| galaxyxxivory
|
|t:|1668152906
|switch|p1a: Water to wine|Tapu Fini|94/100
|-fieldstart|move: Misty Terrain|[from] ability: Misty Surge|[of] p1a: Water to wine
|switch|p2a: Viserys|Slowking-Galar, M|100/100
|
|upkeep
|turn|20
|
|t:|1668152913
|move|p1a: Water to wine|Trick|p2a: Viserys
|-activate|p1a: Water to wine|move: Trick|[of] p2a: Viserys
|-item|p2a: Viserys|Choice Scarf|[from] move: Trick
|-item|p1a: Water to wine|Assault Vest|[from] move: Trick
|move|p2a: Viserys|Sludge Bomb|p1a: Water to wine
|-supereffective|p1a: Water to wine
|-damage|p1a: Water to wine|54/100
|
|upkeep
|turn|21
|
|t:|1668152921
|switch|p1a: SECRET ENVY|Corviknight, M, shiny|100/100
|move|p2a: Viserys|Sludge Bomb|p1a: SECRET ENVY
|-immune|p1a: SECRET ENVY
|
|upkeep
|turn|22
|
|t:|1668152928
|switch|p2a: Samehada|Garchomp, M|100/100
|move|p1a: SECRET ENVY|Bulk Up|p1a: SECRET ENVY
|-boost|p1a: SECRET ENVY|atk|1
|-boost|p1a: SECRET ENVY|def|1
|
|upkeep
|turn|23
|j| Love Is Cruel
|
|t:|1668152935
|move|p2a: Samehada|Stealth Rock|p1a: SECRET ENVY
|-sidestart|p1: Zendaya bath water|move: Stealth Rock
|move|p1a: SECRET ENVY|Bulk Up|p1a: SECRET ENVY
|-boost|p1a: SECRET ENVY|atk|1
|-boost|p1a: SECRET ENVY|def|1
|
|-fieldend|Misty Terrain
|upkeep
|turn|24
|j| terraprism_.2007
|
|t:|1668152941
|switch|p2a: Viserys|Slowking-Galar, M|100/100
|move|p1a: SECRET ENVY|Bulk Up|p1a: SECRET ENVY
|-boost|p1a: SECRET ENVY|atk|1
|-boost|p1a: SECRET ENVY|def|1
|
|upkeep
|turn|25
|l| terraprism_.2007
|
|t:|1668152947
|move|p1a: SECRET ENVY|Power Trip|p2a: Viserys
|-supereffective|p2a: Viserys
|-damage|p2a: Viserys|0 fnt
|faint|p2a: Viserys
|
|upkeep
|-message|Steez Ibanez forfeited.
|
|win|Zendaya bath water
|n|☆Zendaya bath water|zendayabathwater
|n|☆Steez Ibanez|steezibanez
|n| Rosaism|rosaism
|n| Lougarick22|lougarick22
|n| Quaaloods|quaaloods
|n| PikaYumCute|pikayumcute
|n| IcarusRe|icarusre
|n| galaxyxxivory|galaxyxxivory
|n| Love Is Cruel|loveiscruel
