|j|☆SetsuStsna
|j|☆julian113
|t:|1648429589
|gametype|singles
|player|p1|SetsuStsna|dawn-gen4pt|1674
|player|p2|julian113|1|1732
|teamsize|p1|6
|teamsize|p2|6
|gen|8
|tier|[Gen 8] OU
|rated|
|rule|Sleep Clause Mod: Limit one foe put to sleep
|rule|Species Clause: Limit one of each Pokémon
|rule|OHKO Clause: OHKO moves are banned
|rule|Evasion Moves Clause: Evasion moves are banned
|rule|Endless Battle Clause: Forcing endless battles is banned
|rule|HP Percentage Mod: HP is shown in percentages
|rule|Dynamax Clause: You cannot dynamax
|clearpoke
|poke|p1|Kartana|
|poke|p1|Dragapult, M|
|poke|p1|Slowbro-Galar, M|
|poke|p1|Zapdos-Galar|
|poke|p1|Zoroark, M|
|poke|p1|Garchomp, M|
|poke|p2|Clefable, M|
|poke|p2|Tapu Fini|
|poke|p2|Volcarona, M|
|poke|p2|Ferrothorn, F|
|poke|p2|Dragapult, F|
|poke|p2|Landorus-Therian, M|
|teampreview
|inactive|Battle timer is ON: inactive players will automatically lose when time's up. (requested by SetsuStsna)
|inactive|julian113 has 120 seconds left.
|
|t:|1648429652
|start
|switch|p1a: Dragapult|Dragapult, M, shiny|100/100
|switch|p2a: Clefable|Clefable, M|100/100
|turn|1
|
|t:|1648429664
|move|p1a: Dragapult|Light Screen|p1a: Dragapult
|-sidestart|p1: SetsuStsna|move: Light Screen
|move|p2a: Clefable|Trick|p1a: Dragapult
|-activate|p2a: Clefable|move: Trick|[of] p1a: Dragapult
|-item|p1a: Dragapult|Sticky Barb|[from] move: Trick
|-item|p2a: Clefable|Light Clay|[from] move: Trick
|
|-damage|p1a: Dragapult|88/100|[from] item: Sticky Barb
|upkeep
|turn|2
|
|t:|1648429670
|move|p1a: Dragapult|Thunder Wave|p2a: Clefable
|-status|p2a: Clefable|par
|move|p2a: Clefable|Stealth Rock|p1a: Dragapult
|-sidestart|p1: SetsuStsna|move: Stealth Rock
|
|-damage|p1a: Dragapult|76/100|[from] item: Sticky Barb
|upkeep
|turn|3
|
|t:|1648429674
|move|p1a: Dragapult|Reflect|p1a: Dragapult
|-sidestart|p1: SetsuStsna|Reflect
|move|p2a: Clefable|Moonblast|p1a: Dragapult
|-supereffective|p1a: Dragapult
|-damage|p1a: Dragapult|41/100
|
|-damage|p1a: Dragapult|29/100|[from] item: Sticky Barb
|upkeep
|turn|4
|
|t:|1648429691
|move|p1a: Dragapult|Curse|p2a: Clefable
|-start|p2a: Clefable|Curse|[of] p1a: Dragapult
|-damage|p1a: Dragapult|0 fnt
|faint|p1a: Dragapult
|move|p2a: Clefable|Trick|p1: Dragapult|[notarget]
|-fail|p2a: Clefable
|
|upkeep
|
|t:|1648429695
|switch|p1a: Slowbro|Slowbro-Galar, M|100/100
|-damage|p1a: Slowbro|88/100|[from] Stealth Rock
|turn|5
|
|t:|1648429701
|move|p1a: Slowbro|Belly Drum|p1a: Slowbro
|-damage|p1a: Slowbro|38/100
|-setboost|p1a: Slowbro|atk|6|[from] move: Belly Drum
|move|p2a: Clefable|Trick|p1a: Slowbro
|-activate|p2a: Clefable|move: Trick|[of] p1a: Slowbro
|-item|p1a: Slowbro|Light Clay|[from] move: Trick
|-item|p2a: Clefable|Quick Claw|[from] move: Trick
|
|upkeep
|turn|6
|-activate|p1a: Slowbro|ability: Quick Draw
|
|t:|1648429708
|move|p1a: Slowbro|Shell Side Arm|p2a: Clefable|[anim] Shell Side Arm Physical
|-supereffective|p2a: Clefable
|-damage|p2a: Clefable|0 fnt
|-hint|Physical Shell Side Arm
|faint|p2a: Clefable
|
|upkeep
|
|t:|1648429717
|switch|p2a: Dragapult|Dragapult, F|100/100
|turn|7
|-activate|p1a: Slowbro|ability: Quick Draw
|
|t:|1648429723
|move|p1a: Slowbro|Zen Headbutt|p2a: Dragapult
|-damage|p2a: Dragapult|0 fnt
|faint|p2a: Dragapult
|
|-sideend|p1: SetsuStsna|Reflect
|upkeep
|
|t:|1648429728
|switch|p2a: Landorus|Landorus-Therian, M|100/100
|-ability|p2a: Landorus|Intimidate|boost
|-unboost|p1a: Slowbro|atk|1
|turn|8
|-activate|p1a: Slowbro|ability: Quick Draw
|
|t:|1648429731
|move|p1a: Slowbro|Zen Headbutt|p2a: Landorus
|-damage|p2a: Landorus|0 fnt
|faint|p2a: Landorus
|
|-sideend|p1: SetsuStsna|move: Light Screen
|upkeep
|c|☆SetsuStsna|lmao
|j| Fardi B
|c|☆julian113|how i took ur quick claw lmaooo
|c|☆julian113|gg
|c|☆julian113|wtf
|c|☆SetsuStsna|gg
|inactive|julian113 has 120 seconds left.
|c|☆julian113|actually hang on
|j| Tact1C_AG
|c|☆julian113|ima try
|c|☆SetsuStsna|damn alr
|c|☆SetsuStsna|now i lose lol
|
|t:|1648429772
|switch|p2a: Volcarona|Volcarona, M|100/100
|turn|9
|
|t:|1648429778
|move|p2a: Volcarona|Flamethrower|p1a: Slowbro
|-damage|p1a: Slowbro|0 fnt
|faint|p1a: Slowbro
|
|upkeep
|l| Fardi B
|
|t:|1648429784
|switch|p1a: Garchomp|Garchomp, M|100/100
|-damage|p1a: Garchomp|88/100|[from] Stealth Rock
|turn|10
|
|t:|1648429793
|move|p1a: Garchomp|Memento|p2a: Volcarona
|-unboost|p2a: Volcarona|atk|2
|-unboost|p2a: Volcarona|spa|2
|faint|p1a: Garchomp
|move|p2a: Volcarona|Quiver Dance|p2a: Volcarona
|-boost|p2a: Volcarona|spa|1
|-boost|p2a: Volcarona|spd|1
|-boost|p2a: Volcarona|spe|1
|
|upkeep
|
|t:|1648429796
|switch|p1a: Garchomp|Garchomp, M|100/100
|-damage|p1a: Garchomp|94/100|[from] Stealth Rock
|turn|11
|
|t:|1648429808
|move|p2a: Volcarona|Psychic|p1a: Garchomp
|-damage|p1a: Garchomp|75/100
|move|p1a: Garchomp|Swords Dance|p1a: Garchomp
|-boost|p1a: Garchomp|atk|2
|
|upkeep
|turn|12
|
|t:|1648429818
|switch|p2a: Ferrothorn|Ferrothorn, F|100/100
|move|p1a: Garchomp|Scale Shot|p2a: Ferrothorn
|-resisted|p2a: Ferrothorn
|-damage|p2a: Ferrothorn|91/100
|-resisted|p2a: Ferrothorn
|-damage|p2a: Ferrothorn|81/100
|-resisted|p2a: Ferrothorn
|-damage|p2a: Ferrothorn|71/100
|-hitcount|p2a: Ferrothorn|3
|-unboost|p1a: Garchomp|def|1
|-boost|p1a: Garchomp|spe|1
|
|-heal|p2a: Ferrothorn|77/100|[from] item: Leftovers
|upkeep
|turn|13
|
|t:|1648429822
|move|p1a: Garchomp|Earthquake|p2a: Ferrothorn
|-damage|p2a: Ferrothorn|0 fnt
|faint|p2a: Ferrothorn
|
|upkeep
|
|t:|1648429825
|switch|p2a: Tapu Fini|Tapu Fini|100/100
|-fieldstart|move: Misty Terrain|[from] ability: Misty Surge|[of] p2a: Tapu Fini
|turn|14
|c|☆SetsuStsna|gg
|c|☆julian113|gg
|-message|julian113 forfeited.
|
|win|SetsuStsna
|raw|SetsuStsna's rating: 1674 &rarr; <strong>1697</strong><br />(+23 for winning)
|raw|julian113's rating: 1732 &rarr; <strong>1709</strong><br />(-23 for losing)
|l|☆julian113
|j| Sauromon
||Ladder isn't responding, score probably updated but might not have (Request timeout).
