|j|☆knexhawk2
|j|☆DepartamentoBasado
|t:|1665027351
|gametype|singles
|player|p1|knexhawk2|acetrainer-gen4dp|1813
|player|p2|DepartamentoBasado|dancer|1811
|teamsize|p1|6
|teamsize|p2|6
|gen|8
|tier|[Gen 8] OU
|rated|
|rule|Sleep Clause Mod: Limit one foe put to sleep
|rule|Species Clause: Limit one of each Pokémon
|rule|OHKO Clause: OHKO moves are banned
|rule|Evasion Items Clause: Evasion items are banned
|rule|Evasion Moves Clause: Evasion moves are banned
|rule|Endless Battle Clause: Forcing endless battles is banned
|rule|HP Percentage Mod: HP is shown in percentages
|rule|Dynamax Clause: You cannot dynamax
|clearpoke
|poke|p1|Blissey, F|
|poke|p1|Clefable, F|
|poke|p1|Toxapex, M|
|poke|p1|Slowking-Galar, M|
|poke|p1|Avalugg, M|
|poke|p1|Skarmory, M|
|poke|p2|Volcanion|
|poke|p2|Buzzwole|
|poke|p2|Hippowdon, F|
|poke|p2|Dracozolt|
|poke|p2|Slowking-Galar, M|
|poke|p2|Mandibuzz, F|
|teampreview
|j| DDVDD
|
|t:|1665027388
|start
|switch|p1a: spike bird|Skarmory, M, shiny|100/100
|switch|p2a: Volcanion|Volcanion|100/100
|turn|1
|j| I'M AT MY LIMIT!
|inactive|Battle timer is ON: inactive players will automatically lose when time's up. (requested by knexhawk2)
|j| Jaaaaaddeeeee
|
|t:|1665027427
|switch|p1a: average blob|Blissey, F|100/100
|move|p2a: Volcanion|Steam Eruption|p1a: average blob
|-damage|p1a: average blob|65/100
|
|-heal|p1a: average blob|71/100|[from] item: Leftovers
|upkeep
|turn|2
|
|t:|1665027431
|switch|p2a: Buzzwole|Buzzwole|100/100
|move|p1a: average blob|Stealth Rock|p2a: Buzzwole
|-sidestart|p2: DepartamentoBasado|move: Stealth Rock
|
|-heal|p1a: average blob|78/100|[from] item: Leftovers
|upkeep
|turn|3
|
|t:|1665027436
|switch|p2a: Mandibuzz|Mandibuzz, F|100/100
|switch|p1a: sexy|Toxapex, M, shiny|100/100
|
|upkeep
|turn|4
|
|t:|1665027438
|move|p2a: Mandibuzz|Defog|p1a: sexy
|-unboost|p1a: sexy|evasion|1
|-sideend|p2: DepartamentoBasado|Stealth Rock|[from] move: Defog|[of] p2a: Mandibuzz
|move|p1a: sexy|Knock Off|p2a: Mandibuzz
|-resisted|p2a: Mandibuzz
|-damage|p2a: Mandibuzz|96/100
|-enditem|p2a: Mandibuzz|Heavy-Duty Boots|[from] move: Knock Off|[of] p1a: sexy
|
|upkeep
|turn|5
|
|t:|1665027451
|switch|p2a: Slowking|Slowking-Galar, M|100/100
|move|p1a: sexy|Knock Off|p2a: Slowking
|-supereffective|p2a: Slowking
|-damage|p2a: Slowking|76/100
|-enditem|p2a: Slowking|Assault Vest|[from] move: Knock Off|[of] p1a: sexy
|
|upkeep
|turn|6
|
|t:|1665027459
|switch|p1a: average blob|Blissey, F|78/100
|move|p2a: Slowking|Future Sight|p1a: average blob
|-start|p2a: Slowking|move: Future Sight
|
|-heal|p1a: average blob|84/100|[from] item: Leftovers
|upkeep
|turn|7
|
|t:|1665027473
|switch|p2a: Buzzwole|Buzzwole|100/100
|move|p1a: average blob|Seismic Toss|p2a: Buzzwole
|-damage|p2a: Buzzwole|77/100
|-damage|p1a: average blob|67/100|[from] item: Rocky Helmet|[of] p2a: Buzzwole
|
|-heal|p1a: average blob|73/100|[from] item: Leftovers
|upkeep
|turn|8
|
|t:|1665027497
|switch|p2a: Slowking|Slowking-Galar, M|100/100
|switch|p1a: volt switch me|Slowking-Galar, M|100/100
|
|-end|p1a: volt switch me|move: Future Sight
|-damage|p1a: volt switch me|84/100
|upkeep
|turn|9
|
|t:|1665027499
|switch|p1a: average blob|Blissey, F|73/100
|move|p2a: Slowking|Future Sight|p1a: average blob
|-start|p2a: Slowking|move: Future Sight
|
|-heal|p1a: average blob|79/100|[from] item: Leftovers
|upkeep
|turn|10
|
|t:|1665027502
|switch|p2a: Buzzwole|Buzzwole|77/100
|move|p1a: average blob|Stealth Rock|p2a: Buzzwole
|-sidestart|p2: DepartamentoBasado|move: Stealth Rock
|
|-heal|p1a: average blob|86/100|[from] item: Leftovers
|upkeep
|turn|11
|
|t:|1665027516
|switch|p2a: Hippowdon|Hippowdon, F|100/100
|-damage|p2a: Hippowdon|94/100|[from] Stealth Rock
|-weather|Sandstorm|[from] ability: Sand Stream|[of] p2a: Hippowdon
|switch|p1a: spike bird|Skarmory, M, shiny|100/100
|
|-weather|Sandstorm|[upkeep]
|-end|p1a: spike bird|move: Future Sight
|-resisted|p1a: spike bird
|-damage|p1a: spike bird|68/100
|-heal|p1a: spike bird|74/100|[from] item: Leftovers
|upkeep
|turn|12
|l| Jaaaaaddeeeee
|inactive|DepartamentoBasado has 120 seconds left.
|
|t:|1665027546
|move|p1a: spike bird|Spikes|p2a: Hippowdon
|-sidestart|p2: DepartamentoBasado|Spikes
|move|p2a: Hippowdon|Stealth Rock|p1a: spike bird
|-sidestart|p1: knexhawk2|move: Stealth Rock
|
|-weather|Sandstorm|[upkeep]
|-heal|p1a: spike bird|80/100|[from] item: Leftovers
|upkeep
|turn|13
|
|t:|1665027548
|switch|p2a: Mandibuzz|Mandibuzz, F|96/100
|-damage|p2a: Mandibuzz|71/100|[from] Stealth Rock
|move|p1a: spike bird|Whirlwind|p2a: Mandibuzz
|drag|p2a: Volcanion|Volcanion|100/100
|-damage|p2a: Volcanion|75/100|[from] Stealth Rock
|-damage|p2a: Volcanion|63/100|[from] Spikes
|
|-weather|Sandstorm|[upkeep]
|-damage|p2a: Volcanion|57/100|[from] Sandstorm
|-heal|p1a: spike bird|86/100|[from] item: Leftovers
|upkeep
|turn|14
|j| Spyer2k
|l| Spyer2k
|
|t:|1665027564
|switch|p1a: average blob|Blissey, F|86/100
|-damage|p1a: average blob|73/100|[from] Stealth Rock
|move|p2a: Volcanion|Steam Eruption|p1a: average blob
|-crit|p1a: average blob
|-damage|p1a: average blob|17/100
|-status|p1a: average blob|brn
|
|-weather|Sandstorm|[upkeep]
|-damage|p2a: Volcanion|51/100|[from] Sandstorm
|-damage|p1a: average blob|11/100 brn|[from] Sandstorm
|-heal|p1a: average blob|17/100 brn|[from] item: Leftovers
|-damage|p1a: average blob|11/100 brn|[from] brn
|upkeep
|turn|15
|
|t:|1665027574
|-curestatus|p1a: average blob|brn|[from] ability: Natural Cure
|switch|p1a: sexy|Toxapex, M, shiny|100/100
|-damage|p1a: sexy|88/100|[from] Stealth Rock
|move|p2a: Volcanion|Steam Eruption|p1a: sexy
|-resisted|p1a: sexy
|-damage|p1a: sexy|48/100
|
|-weather|Sandstorm|[upkeep]
|-damage|p2a: Volcanion|45/100|[from] Sandstorm
|-damage|p1a: sexy|42/100|[from] Sandstorm
|upkeep
|turn|16
|
|t:|1665027576
|move|p2a: Volcanion|Steam Eruption|p1a: sexy
|-resisted|p1a: sexy
|-damage|p1a: sexy|3/100
|move|p1a: sexy|Recover|p1a: sexy
|-heal|p1a: sexy|53/100
|
|-weather|Sandstorm|[upkeep]
|-damage|p2a: Volcanion|39/100|[from] Sandstorm
|-damage|p1a: sexy|47/100|[from] Sandstorm
|upkeep
|turn|17
|j| Wireless97
|inactive|DepartamentoBasado has 120 seconds left.
|
|t:|1665027629
|switch|p2a: Slowking|Slowking-Galar, M|100/100
|-damage|p2a: Slowking|88/100|[from] Stealth Rock
|-damage|p2a: Slowking|76/100|[from] Spikes
|move|p1a: sexy|Knock Off|p2a: Slowking
|-supereffective|p2a: Slowking
|-damage|p2a: Slowking|58/100
|
|-weather|Sandstorm|[upkeep]
|-damage|p2a: Slowking|52/100|[from] Sandstorm
|-damage|p1a: sexy|41/100|[from] Sandstorm
|upkeep
|turn|18
|j| bccahy
|inactive|knexhawk2 has 120 seconds left.
|l| DDVDD
|
|t:|1665027664
|switch|p1a: volt switch me|Slowking-Galar, M|100/100
|-damage|p1a: volt switch me|88/100|[from] Stealth Rock
|move|p2a: Slowking|Future Sight|p1a: volt switch me
|-start|p2a: Slowking|move: Future Sight
|
|-weather|none
|upkeep
|turn|19
|j| n00b_4real
|inactive|knexhawk2 has 120 seconds left.
|j| wdz999
|inactive|DepartamentoBasado has 90 seconds left.
|
|t:|1665027697
|move|p2a: Slowking|Scald|p1a: volt switch me
|-damage|p1a: volt switch me|80/100
|move|p1a: volt switch me|Psychic|p2a: Slowking
|-damage|p2a: Slowking|25/100
|-unboost|p2a: Slowking|spd|1
|
|upkeep
|turn|20
|c| n00b_4real|Departamento é BR?
|c| n00b_4real|kkkk
|inactive|DepartamentoBasado has 90 seconds left.
|c|☆knexhawk2|i hate brazil
|c| n00b_4real|=(
|c| Wireless97|?????
|c|☆knexhawk2|lmao
|c| Wireless97|seguro sos un negro envidioso
|c|&|/log Wireless97 was locked from talking by Artemis (☆Wireless97: seguro sos un negro envidioso)
|c|&|/raw <small>This action was done automatically. Want to learn more about the AI? <a href="https://www.smogon.com/forums/threads/3570628/#post-9056769">Visit the information thread</a>.</small>
|c|☆knexhawk2|LOL
|inactive|DepartamentoBasado has 60 seconds left.
|c| n00b_4real|Why you hate BR?
|c|☆knexhawk2|cya in 2 days
|
|t:|1665027753
|switch|p2a: Mandibuzz|Mandibuzz, F|71/100
|-damage|p2a: Mandibuzz|46/100|[from] Stealth Rock
|move|p1a: volt switch me|Sludge Bomb|p2a: Mandibuzz
|-damage|p2a: Mandibuzz|18/100
|
|-end|p1a: volt switch me|move: Future Sight
|-crit|p1a: volt switch me
|-damage|p1a: volt switch me|54/100
|upkeep
|turn|21
|
|t:|1665027757
|move|p2a: Mandibuzz|Roost|p2a: Mandibuzz
|-heal|p2a: Mandibuzz|69/100
|-singleturn|p2a: Mandibuzz|move: Roost
|move|p1a: volt switch me|Sludge Bomb|p2a: Mandibuzz
|-damage|p2a: Mandibuzz|43/100
|
|upkeep
|turn|22
|inactive|DepartamentoBasado has 60 seconds left.
|
|t:|1665027769
|move|p2a: Mandibuzz|Defog|p1a: volt switch me
|-unboost|p1a: volt switch me|evasion|1
|-sideend|p1: knexhawk2|Stealth Rock|[from] move: Defog|[of] p2a: Mandibuzz
|-sideend|p2: DepartamentoBasado|Spikes|[from] move: Defog|[of] p2a: Mandibuzz
|-sideend|p2: DepartamentoBasado|Stealth Rock|[from] move: Defog|[of] p2a: Mandibuzz
|move|p1a: volt switch me|Sludge Bomb|p2a: Mandibuzz
|-damage|p2a: Mandibuzz|16/100
|
|upkeep
|turn|23
|inactive|DepartamentoBasado has 60 seconds left.
|j| OCruelBatatasplay
|
|t:|1665027796
|switch|p2a: Dracozolt|Dracozolt|100/100
|switch|p1a: average blob|Blissey, F|11/100
|
|-heal|p1a: average blob|17/100|[from] item: Leftovers
|upkeep
|turn|24
|
|t:|1665027798
|switch|p1a: god table|Avalugg, M, shiny|100/100
|move|p2a: Dracozolt|Bolt Beak|p1a: god table
|-damage|p1a: god table|63/100
|-damage|p2a: Dracozolt|91/100|[from] item: Life Orb
|
|upkeep
|turn|25
|
|t:|1665027804
|switch|p2a: Buzzwole|Buzzwole|77/100
|switch|p1a: another pink blob|Clefable, F|100/100
|
|upkeep
|turn|26
|
|t:|1665027811
|switch|p2a: Slowking|Slowking-Galar, M|58/100
|switch|p1a: average blob|Blissey, F|17/100
|
|-heal|p1a: average blob|24/100|[from] item: Leftovers
|upkeep
|turn|27
|l| bccahy
|
|t:|1665027818
|move|p1a: average blob|Stealth Rock|p2a: Slowking
|-sidestart|p2: DepartamentoBasado|move: Stealth Rock
|move|p2a: Slowking|Future Sight|p1a: average blob
|-start|p2a: Slowking|move: Future Sight
|
|-heal|p1a: average blob|30/100|[from] item: Leftovers
|upkeep
|turn|28
|
|t:|1665027830
|move|p1a: average blob|Toxic|p2a: Slowking
|-immune|p2a: Slowking
|move|p2a: Slowking|Sludge Bomb|p1a: average blob
|-damage|p1a: average blob|18/100
|-status|p1a: average blob|psn
|
|-heal|p1a: average blob|24/100 psn|[from] item: Leftovers
|-damage|p1a: average blob|12/100 psn|[from] psn
|upkeep
|turn|29
|
|t:|1665027840
|move|p1a: average blob|Soft-Boiled|p1a: average blob
|-heal|p1a: average blob|62/100 psn
|move|p2a: Slowking|Flamethrower|p1a: average blob
|-damage|p1a: average blob|54/100 psn
|
|-end|p1a: average blob|move: Future Sight
|-damage|p1a: average blob|37/100 psn
|-heal|p1a: average blob|43/100 psn|[from] item: Leftovers
|-damage|p1a: average blob|30/100 psn|[from] psn
|upkeep
|turn|30
|
|t:|1665027843
|move|p1a: average blob|Soft-Boiled|p1a: average blob
|-heal|p1a: average blob|80/100 psn
|move|p2a: Slowking|Future Sight|p1a: average blob
|-start|p2a: Slowking|move: Future Sight
|
|-heal|p1a: average blob|87/100 psn|[from] item: Leftovers
|-damage|p1a: average blob|74/100 psn|[from] psn
|upkeep
|turn|31
|
|t:|1665027846
|move|p1a: average blob|Toxic|p2a: Slowking
|-immune|p2a: Slowking
|move|p2a: Slowking|Scald|p1a: average blob
|-damage|p1a: average blob|67/100 psn
|
|-heal|p1a: average blob|73/100 psn|[from] item: Leftovers
|-damage|p1a: average blob|60/100 psn|[from] psn
|upkeep
|turn|32
|
|t:|1665027849
|move|p1a: average blob|Soft-Boiled|p1a: average blob
|-heal|p1a: average blob|100/100 psn
|move|p2a: Slowking|Sludge Bomb|p1a: average blob
|-damage|p1a: average blob|87/100 psn
|
|-end|p1a: average blob|move: Future Sight
|-damage|p1a: average blob|71/100 psn
|-heal|p1a: average blob|78/100 psn|[from] item: Leftovers
|-damage|p1a: average blob|65/100 psn|[from] psn
|upkeep
|turn|33
|
|t:|1665027853
|-curestatus|p1a: average blob|psn|[from] ability: Natural Cure
|switch|p1a: volt switch me|Slowking-Galar, M|87/100
|move|p2a: Slowking|Future Sight|p1a: volt switch me
|-start|p2a: Slowking|move: Future Sight
|
|upkeep
|turn|34
|
|t:|1665027856
|move|p2a: Slowking|Scald|p1a: volt switch me
|-damage|p1a: volt switch me|79/100
|move|p1a: volt switch me|Earthquake|p2a: Slowking
|-supereffective|p2a: Slowking
|-damage|p2a: Slowking|33/100
|
|upkeep
|turn|35
|
|t:|1665027868
|switch|p2a: Mandibuzz|Mandibuzz, F|16/100
|-damage|p2a: Mandibuzz|0 fnt|[from] Stealth Rock
|faint|p2a: Mandibuzz
|move|p1a: volt switch me|Sludge Bomb|p2: Mandibuzz|[notarget]
|-fail|p1a: volt switch me
|
|-end|p1a: volt switch me|move: Future Sight
|-damage|p1a: volt switch me|61/100
|upkeep
|
|t:|1665027869
|switch|p2a: Dracozolt|Dracozolt|91/100
|-damage|p2a: Dracozolt|78/100|[from] Stealth Rock
|turn|36
|j| PANDA EXPRESS HR
|
|t:|1665027874
|switch|p1a: god table|Avalugg, M, shiny|63/100
|move|p2a: Dracozolt|Bolt Beak|p1a: god table
|-damage|p1a: god table|26/100
|-damage|p2a: Dracozolt|68/100|[from] item: Life Orb
|
|upkeep
|turn|37
|
|t:|1665027880
|move|p2a: Dracozolt|Bolt Beak|p1a: god table
|-damage|p1a: god table|0 fnt
|faint|p1a: god table
|-damage|p2a: Dracozolt|58/100|[from] item: Life Orb
|
|upkeep
|
|t:|1665027881
|switch|p1a: another pink blob|Clefable, F|100/100
|turn|38
|l| n00b_4real
|
|t:|1665027888
|switch|p2a: Slowking|Slowking-Galar, M|66/100
|-damage|p2a: Slowking|54/100|[from] Stealth Rock
|move|p1a: another pink blob|Moonblast|p2a: Slowking
|-resisted|p2a: Slowking
|-damage|p2a: Slowking|41/100
|-unboost|p2a: Slowking|spa|1
|
|upkeep
|turn|39
|
|t:|1665027914
|switch|p1a: sexy|Toxapex, M, shiny|74/100
|move|p2a: Slowking|Sludge Bomb|p1a: sexy
|-resisted|p1a: sexy
|-damage|p1a: sexy|65/100
|
|upkeep
|turn|40
|j| False Rider
|
|t:|1665027919
|switch|p2a: Hippowdon|Hippowdon, F|94/100
|-damage|p2a: Hippowdon|88/100|[from] Stealth Rock
|-weather|Sandstorm|[from] ability: Sand Stream|[of] p2a: Hippowdon
|move|p1a: sexy|Scald|p2a: Hippowdon
|-supereffective|p2a: Hippowdon
|-damage|p2a: Hippowdon|64/100
|
|-weather|Sandstorm|[upkeep]
|-damage|p1a: sexy|59/100|[from] Sandstorm
|upkeep
|turn|41
|inactive|DepartamentoBasado has 120 seconds left.
|
|t:|1665027953
|switch|p2a: Dracozolt|Dracozolt|58/100
|-damage|p2a: Dracozolt|46/100|[from] Stealth Rock
|switch|p1a: spike bird|Skarmory, M, shiny|86/100
|
|-weather|Sandstorm|[upkeep]
|-heal|p1a: spike bird|92/100|[from] item: Leftovers
|upkeep
|turn|42
|
|t:|1665027978
|switch|p1a: average blob|Blissey, F|65/100
|move|p2a: Dracozolt|Bolt Beak|p1a: average blob
|-damage|p1a: average blob|0 fnt
|faint|p1a: average blob
|-damage|p2a: Dracozolt|36/100|[from] item: Life Orb
|
|-weather|Sandstorm|[upkeep]
|upkeep
|
|t:|1665027979
|switch|p1a: another pink blob|Clefable, F|100/100
|turn|43
|
|t:|1665027989
|switch|p2a: Slowking|Slowking-Galar, M|74/100
|-damage|p2a: Slowking|62/100|[from] Stealth Rock
|move|p1a: another pink blob|Moonblast|p2a: Slowking
|-resisted|p2a: Slowking
|-damage|p2a: Slowking|50/100
|-unboost|p2a: Slowking|spa|1
|
|-weather|Sandstorm|[upkeep]
|-damage|p1a: another pink blob|94/100|[from] Sandstorm
|-damage|p2a: Slowking|44/100|[from] Sandstorm
|-heal|p1a: another pink blob|100/100|[from] item: Leftovers
|upkeep
|turn|44
|inactive|DepartamentoBasado has 120 seconds left.
|
|t:|1665028011
|switch|p1a: volt switch me|Slowking-Galar, M|94/100
|switch|p2a: Volcanion|Volcanion|39/100
|-damage|p2a: Volcanion|14/100|[from] Stealth Rock
|
|-weather|Sandstorm|[upkeep]
|-damage|p2a: Volcanion|8/100|[from] Sandstorm
|-damage|p1a: volt switch me|88/100|[from] Sandstorm
|upkeep
|turn|45
|j| bccahy
|inactive|DepartamentoBasado has 120 seconds left.
|
|t:|1665028022
|switch|p1a: sexy|Toxapex, M, shiny|92/100
|move|p2a: Volcanion|Steam Eruption|p1a: sexy
|-resisted|p1a: sexy
|-damage|p1a: sexy|53/100
|
|-weather|Sandstorm|[upkeep]
|-damage|p2a: Volcanion|2/100|[from] Sandstorm
|-damage|p1a: sexy|47/100|[from] Sandstorm
|upkeep
|turn|46
|
|t:|1665028028
|move|p2a: Volcanion|Steam Eruption|p1a: sexy
|-resisted|p1a: sexy
|-damage|p1a: sexy|12/100
|move|p1a: sexy|Recover|p1a: sexy
|-heal|p1a: sexy|62/100
|
|-weather|Sandstorm|[upkeep]
|-damage|p2a: Volcanion|0 fnt|[from] Sandstorm
|-damage|p1a: sexy|56/100|[from] Sandstorm
|faint|p2a: Volcanion
|upkeep
|
|t:|1665028029
|switch|p2a: Dracozolt|Dracozolt|36/100
|-damage|p2a: Dracozolt|23/100|[from] Stealth Rock
|turn|47
|
|t:|1665028032
|move|p2a: Dracozolt|Bolt Beak|p1a: sexy
|-supereffective|p1a: sexy
|-damage|p1a: sexy|0 fnt
|faint|p1a: sexy
|-damage|p2a: Dracozolt|13/100|[from] item: Life Orb
|
|-weather|none
|upkeep
|
|t:|1665028034
|switch|p1a: another pink blob|Clefable, F|100/100
|turn|48
|
|t:|1665028045
|switch|p2a: Slowking|Slowking-Galar, M|77/100
|-damage|p2a: Slowking|64/100|[from] Stealth Rock
|move|p1a: another pink blob|Moonblast|p2a: Slowking
|-resisted|p2a: Slowking
|-damage|p2a: Slowking|53/100
|
|upkeep
|turn|49
|
|t:|1665028051
|switch|p1a: volt switch me|Slowking-Galar, M|100/100
|move|p2a: Slowking|Future Sight|p1a: volt switch me
|-start|p2a: Slowking|move: Future Sight
|
|upkeep
|turn|50
|j| DDVDD
|
|t:|1665028059
|switch|p2a: Hippowdon|Hippowdon, F|64/100
|-damage|p2a: Hippowdon|58/100|[from] Stealth Rock
|-weather|Sandstorm|[from] ability: Sand Stream|[of] p2a: Hippowdon
|move|p1a: volt switch me|Psychic|p2a: Hippowdon
|-damage|p2a: Hippowdon|31/100
|
|-weather|Sandstorm|[upkeep]
|-damage|p1a: volt switch me|94/100|[from] Sandstorm
|upkeep
|turn|51
|l| DDVDD
|j| sack2005
|inactive|DepartamentoBasado has 120 seconds left.
|
|t:|1665028093
|switch|p2a: Dracozolt|Dracozolt|13/100
|-damage|p2a: Dracozolt|1/100|[from] Stealth Rock
|switch|p1a: spike bird|Skarmory, M, shiny|92/100
|
|-weather|Sandstorm|[upkeep]
|-end|p1a: spike bird|move: Future Sight
|-resisted|p1a: spike bird
|-damage|p1a: spike bird|59/100
|-heal|p1a: spike bird|65/100|[from] item: Leftovers
|upkeep
|turn|52
|l| False Rider
|
|t:|1665028097
|switch|p1a: another pink blob|Clefable, F|100/100
|move|p2a: Dracozolt|Bolt Beak|p1a: another pink blob
|-damage|p1a: another pink blob|24/100
|-damage|p2a: Dracozolt|0 fnt|[from] item: Life Orb
|faint|p2a: Dracozolt
|
|-weather|Sandstorm|[upkeep]
|-damage|p1a: another pink blob|18/100|[from] Sandstorm
|-heal|p1a: another pink blob|24/100|[from] item: Leftovers
|upkeep
|
|t:|1665028099
|switch|p2a: Slowking|Slowking-Galar, M|86/100
|-damage|p2a: Slowking|74/100|[from] Stealth Rock
|turn|53
|
|t:|1665028103
|switch|p1a: volt switch me|Slowking-Galar, M|100/100
|move|p2a: Slowking|Sludge Bomb|p1a: volt switch me
|-resisted|p1a: volt switch me
|-damage|p1a: volt switch me|94/100
|
|-weather|Sandstorm|[upkeep]
|-damage|p2a: Slowking|68/100|[from] Sandstorm
|-damage|p1a: volt switch me|88/100|[from] Sandstorm
|upkeep
|turn|54
|j| DDVDD
|
|t:|1665028106
|move|p2a: Slowking|Future Sight|p1a: volt switch me
|-start|p2a: Slowking|move: Future Sight
|move|p1a: volt switch me|Earthquake|p2a: Slowking
|-supereffective|p2a: Slowking
|-damage|p2a: Slowking|44/100
|
|-weather|Sandstorm|[upkeep]
|-damage|p2a: Slowking|38/100|[from] Sandstorm
|-damage|p1a: volt switch me|82/100|[from] Sandstorm
|upkeep
|turn|55
|l| DDVDD
|
|t:|1665028117
|move|p2a: Slowking|Scald|p1a: volt switch me
|-damage|p1a: volt switch me|74/100
|move|p1a: volt switch me|Psychic|p2a: Slowking
|-damage|p2a: Slowking|14/100
|
|-weather|Sandstorm|[upkeep]
|-damage|p2a: Slowking|8/100|[from] Sandstorm
|-damage|p1a: volt switch me|68/100|[from] Sandstorm
|upkeep
|turn|56
|
|t:|1665028122
|switch|p2a: Buzzwole|Buzzwole|77/100
|-damage|p2a: Buzzwole|64/100|[from] Stealth Rock
|move|p1a: volt switch me|Psychic|p2a: Buzzwole
|-supereffective|p2a: Buzzwole
|-damage|p2a: Buzzwole|0 fnt
|faint|p2a: Buzzwole
|
|-weather|Sandstorm|[upkeep]
|-damage|p1a: volt switch me|62/100|[from] Sandstorm
|-end|p1a: volt switch me|move: Future Sight
|-damage|p1a: volt switch me|43/100
|upkeep
|
|t:|1665028130
|switch|p2a: Hippowdon|Hippowdon, F|31/100
|-damage|p2a: Hippowdon|25/100|[from] Stealth Rock
|turn|57
|
|t:|1665028134
|switch|p1a: spike bird|Skarmory, M, shiny|65/100
|move|p2a: Hippowdon|Slack Off|p2a: Hippowdon
|-heal|p2a: Hippowdon|75/100
|
|-weather|none
|-heal|p1a: spike bird|71/100|[from] item: Leftovers
|upkeep
|turn|58
|
|t:|1665028136
|switch|p2a: Slowking|Slowking-Galar, M|41/100
|-damage|p2a: Slowking|29/100|[from] Stealth Rock
|move|p1a: spike bird|Spikes|p2a: Slowking
|-sidestart|p2: DepartamentoBasado|Spikes
|
|-heal|p1a: spike bird|77/100|[from] item: Leftovers
|upkeep
|turn|59
|
|t:|1665028138
|switch|p1a: volt switch me|Slowking-Galar, M|76/100
|move|p2a: Slowking|Flamethrower|p1a: volt switch me
|-damage|p1a: volt switch me|67/100
|
|upkeep
|turn|60
|
|t:|1665028141
|move|p2a: Slowking|Scald|p1a: volt switch me
|-damage|p1a: volt switch me|59/100
|move|p1a: volt switch me|Psychic|p2a: Slowking
|-damage|p2a: Slowking|1/100
|-unboost|p2a: Slowking|spd|1
|
|upkeep
|turn|61
|
|t:|1665028146
|switch|p2a: Hippowdon|Hippowdon, F|75/100
|-damage|p2a: Hippowdon|69/100|[from] Stealth Rock
|-damage|p2a: Hippowdon|56/100|[from] Spikes
|-weather|Sandstorm|[from] ability: Sand Stream|[of] p2a: Hippowdon
|move|p1a: volt switch me|Psychic|p2a: Hippowdon
|-damage|p2a: Hippowdon|32/100
|
|-weather|Sandstorm|[upkeep]
|-damage|p1a: volt switch me|53/100|[from] Sandstorm
|upkeep
|turn|62
|j| qiged
|
|t:|1665028158
|switch|p1a: spike bird|Skarmory, M, shiny|77/100
|move|p2a: Hippowdon|Slack Off|p2a: Hippowdon
|-heal|p2a: Hippowdon|82/100
|
|-weather|Sandstorm|[upkeep]
|-heal|p1a: spike bird|83/100|[from] item: Leftovers
|upkeep
|turn|63
|
|t:|1665028160
|switch|p2a: Slowking|Slowking-Galar, M|35/100
|-damage|p2a: Slowking|22/100|[from] Stealth Rock
|-damage|p2a: Slowking|10/100|[from] Spikes
|move|p1a: spike bird|Spikes|p2a: Slowking
|-sidestart|p2: DepartamentoBasado|Spikes
|
|-weather|Sandstorm|[upkeep]
|-damage|p2a: Slowking|4/100|[from] Sandstorm
|-heal|p1a: spike bird|89/100|[from] item: Leftovers
|upkeep
|turn|64
|-message|DepartamentoBasado forfeited.
|
|win|knexhawk2
|raw|knexhawk2's rating: 1813 &rarr; <strong>1833</strong><br />(+20 for winning)
|raw|DepartamentoBasado's rating: 1811 &rarr; <strong>1791</strong><br />(-20 for losing)
|c|☆knexhawk2|gg
|l| PANDA EXPRESS HR
|l|☆knexhawk2
||Ladder isn't responding, score probably updated but might not have (Request timeout).
|l| bccahy
|l| qiged
|l| I'M AT MY LIMIT!
|l| OCruelBatatasplay
|l| wdz999
|l|☆DepartamentoBasado
