|j|☆Daunzu
|j|☆pabat
|t:|1606655809
|player|p1|Daunzu|ingo|1477
|player|p2|pabat|lucas|1452
|teamsize|p1|6
|teamsize|p2|6
|gametype|singles
|gen|8
|tier|[Gen 8] OU
|rated|
|clearpoke
|poke|p1|Landorus-Therian, M|
|poke|p1|Swampert, M|
|poke|p1|Tapu Fini|
|poke|p1|Nidoking, M|
|poke|p1|Tapu Koko|
|poke|p1|Corviknight, F|
|poke|p2|Pelipper, M|
|poke|p2|Aegislash, M|
|poke|p2|Urshifu-*, M|
|poke|p2|Barraskewda, F|
|poke|p2|Ferrothorn, M|
|poke|p2|Thundurus-Therian, M|
|rule|Sleep Clause Mod: Limit one foe put to sleep
|rule|Species Clause: Limit one of each Pokémon
|rule|OHKO Clause: OHKO moves are banned
|rule|Evasion Moves Clause: Evasion moves are banned
|rule|Endless Battle Clause: Forcing endless battles is banned
|rule|HP Percentage Mod: HP is shown in percentages
|rule|Dynamax Clause: You cannot dynamax
|teampreview
|
|t:|1606655815
|start
|switch|p1a: Swampert|Swampert, M|100/100
|switch|p2a: Pelipper|Pelipper, M|100/100
|-weather|RainDance|[from] ability: Drizzle|[of] p2a: Pelipper
|turn|1
|
|t:|1606655824
|move|p2a: Pelipper|Weather Ball|p1a: Swampert
|-damage|p1a: Swampert|27/100
|move|p1a: Swampert|Toxic|p2a: Pelipper
|-status|p2a: Pelipper|tox
|
|-weather|RainDance|[upkeep]
|-heal|p1a: Swampert|34/100|[from] item: Leftovers
|-damage|p2a: Pelipper|94/100 tox|[from] psn
|upkeep
|turn|2
|
|t:|1606655833
|switch|p1a: Tapu Fini|Tapu Fini|100/100
|-fieldstart|move: Misty Terrain|[from] ability: Misty Surge|[of] p1a: Tapu Fini
|move|p2a: Pelipper|Weather Ball|p1a: Tapu Fini
|-resisted|p1a: Tapu Fini
|-damage|p1a: Tapu Fini|71/100
|
|-weather|RainDance|[upkeep]
|-heal|p1a: Tapu Fini|77/100|[from] item: Leftovers
|-damage|p2a: Pelipper|82/100 tox|[from] psn
|upkeep
|turn|3
|
|t:|1606655845
|switch|p2a: Ferrothorn|Ferrothorn, M|100/100
|move|p1a: Tapu Fini|Taunt|p2a: Ferrothorn
|-start|p2a: Ferrothorn|move: Taunt
|
|-weather|RainDance|[upkeep]
|-heal|p1a: Tapu Fini|83/100|[from] item: Leftovers
|upkeep
|turn|4
|
|t:|1606655857
|switch|p1a: Corviknight|Corviknight, F|100/100
|move|p2a: Ferrothorn|Power Whip|p1a: Corviknight
|-resisted|p1a: Corviknight
|-damage|p1a: Corviknight|94/100
|
|-weather|RainDance|[upkeep]
|-heal|p1a: Corviknight|100/100|[from] item: Leftovers
|upkeep
|turn|5
|
|t:|1606655865
|move|p1a: Corviknight|Body Press|p2a: Ferrothorn
|-supereffective|p2a: Ferrothorn
|-damage|p2a: Ferrothorn|70/100
|-damage|p1a: Corviknight|88/100|[from] ability: Iron Barbs|[of] p2a: Ferrothorn
|-damage|p1a: Corviknight|71/100|[from] item: Rocky Helmet|[of] p2a: Ferrothorn
|move|p2a: Ferrothorn|Body Press|p1a: Corviknight
|-damage|p1a: Corviknight|52/100
|
|-weather|none
|-heal|p1a: Corviknight|59/100|[from] item: Leftovers
|-end|p2a: Ferrothorn|move: Taunt
|upkeep
|turn|6
|
|t:|1606655878
|switch|p1a: Nidoking|Nidoking, M|100/100
|switch|p2a: Thundurus|Thundurus-Therian, M|100/100
|
|-fieldend|Misty Terrain
|upkeep
|turn|7
|
|t:|1606655888
|switch|p2a: Urshifu|Urshifu, M|100/100
|move|p1a: Nidoking|Ice Beam|p2a: Urshifu
|-damage|p2a: Urshifu|42/100
|
|upkeep
|turn|8
|
|t:|1606655896
|switch|p1a: Swampert|Swampert, M|34/100
|move|p2a: Urshifu|Wicked Blow|p1a: Swampert
|-crit|p1a: Swampert
|-damage|p1a: Swampert|0 fnt
|-damage|p2a: Urshifu|32/100|[from] item: Life Orb
|faint|p1a: Swampert
|
|upkeep
|
|t:|1606655902
|switch|p1a: Tapu Koko|Tapu Koko|100/100
|-fieldstart|move: Electric Terrain|[from] ability: Electric Surge|[of] p1a: Tapu Koko
|turn|9
|
|t:|1606655910
|switch|p2a: Ferrothorn|Ferrothorn, M|70/100
|move|p1a: Tapu Koko|U-turn|p2a: Ferrothorn
|-damage|p2a: Ferrothorn|61/100
|-damage|p1a: Tapu Koko|88/100|[from] ability: Iron Barbs|[of] p2a: Ferrothorn
|-damage|p1a: Tapu Koko|71/100|[from] item: Rocky Helmet|[of] p2a: Ferrothorn
|
|t:|1606655917
|switch|p1a: Nidoking|Nidoking, M|100/100|[from]move: U-turn
|
|upkeep
|turn|10
|
|t:|1606655933
|move|p1a: Nidoking|Flamethrower|p2a: Ferrothorn
|-supereffective|p2a: Ferrothorn
|-damage|p2a: Ferrothorn|0 fnt
|faint|p2a: Ferrothorn
|
|upkeep
|
|t:|1606655940
|switch|p2a: Urshifu|Urshifu, M|32/100
|turn|11
|
|t:|1606655950
|switch|p1a: Landorus|Landorus-Therian, M|100/100
|-ability|p1a: Landorus|Intimidate|boost
|-unboost|p2a: Urshifu|atk|1
|move|p2a: Urshifu|Wicked Blow|p1a: Landorus
|-crit|p1a: Landorus
|-damage|p1a: Landorus|47/100
|-damage|p2a: Urshifu|22/100|[from] item: Life Orb
|
|-heal|p1a: Landorus|53/100|[from] item: Leftovers
|upkeep
|turn|12
|
|t:|1606655960
|move|p2a: Urshifu|Wicked Blow|p1a: Landorus
|-crit|p1a: Landorus
|-damage|p1a: Landorus|0 fnt
|-damage|p2a: Urshifu|13/100|[from] item: Life Orb
|faint|p1a: Landorus
|
|upkeep
|
|t:|1606655967
|switch|p1a: Tapu Koko|Tapu Koko|71/100
|turn|13
|
|t:|1606655971
|switch|p2a: Aegislash|Aegislash, M|100/100
|move|p1a: Tapu Koko|Thunderbolt|p2a: Aegislash
|-damage|p2a: Aegislash|50/100
|
|-fieldend|move: Electric Terrain
|upkeep
|turn|14
|
|t:|1606655980
|move|p1a: Tapu Koko|Thunderbolt|p2a: Aegislash
|-damage|p2a: Aegislash|16/100
|-formechange|p2a: Aegislash|Aegislash-Blade||[from] ability: Stance Change
|move|p2a: Aegislash|Shadow Ball|p1a: Tapu Koko
|-damage|p1a: Tapu Koko|0 fnt
|faint|p1a: Tapu Koko
|
|upkeep
|
|t:|1606655994
|switch|p1a: Tapu Fini|Tapu Fini|83/100
|-fieldstart|move: Misty Terrain|[from] ability: Misty Surge|[of] p1a: Tapu Fini
|turn|15
|
|t:|1606656002
|switch|p2a: Thundurus|Thundurus-Therian, M|100/100
|move|p1a: Tapu Fini|Surf|p2a: Thundurus
|-damage|p2a: Thundurus|57/100
|
|-heal|p1a: Tapu Fini|89/100|[from] item: Leftovers
|upkeep
|turn|16
|
|t:|1606656010
|switch|p1a: Nidoking|Nidoking, M|100/100
|move|p2a: Thundurus|Nasty Plot|p2a: Thundurus
|-boost|p2a: Thundurus|spa|2
|
|upkeep
|turn|17
|
|t:|1606656018
|move|p2a: Thundurus|Grass Knot|p1a: Nidoking
|-damage|p1a: Nidoking|11/100
|move|p1a: Nidoking|Ice Beam|p2a: Thundurus
|-supereffective|p2a: Thundurus
|-damage|p2a: Thundurus|0 fnt
|faint|p2a: Thundurus
|
|upkeep
|
|t:|1606656032
|switch|p2a: Barraskewda|Barraskewda, F|100/100
|turn|18
|
|t:|1606656040
|switch|p1a: Corviknight|Corviknight, F|59/100
|move|p2a: Barraskewda|Flip Turn|p1a: Corviknight
|-damage|p1a: Corviknight|31/100
|
|t:|1606656045
|switch|p2a: Pelipper|Pelipper, M|82/100 tox|[from]move: Flip Turn
|-weather|RainDance|[from] ability: Drizzle|[of] p2a: Pelipper
|
|-weather|RainDance|[upkeep]
|-heal|p1a: Corviknight|38/100|[from] item: Leftovers
|-damage|p2a: Pelipper|76/100 tox|[from] psn
|upkeep
|turn|19
|
|t:|1606656053
|move|p2a: Pelipper|Weather Ball|p1a: Corviknight
|-damage|p1a: Corviknight|0 fnt
|faint|p1a: Corviknight
|
|-weather|RainDance|[upkeep]
|-damage|p2a: Pelipper|64/100 tox|[from] psn
|-fieldend|Misty Terrain
|upkeep
|
|t:|1606656058
|switch|p1a: Nidoking|Nidoking, M|11/100
|turn|20
|
|t:|1606656084
|switch|p2a: Aegislash|Aegislash, M|16/100
|move|p1a: Nidoking|Sludge Wave|p2a: Aegislash
|-immune|p2a: Aegislash
|
|-weather|RainDance|[upkeep]
|upkeep
|turn|21
|
|t:|1606656090
|move|p1a: Nidoking|Earth Power|p2a: Aegislash
|-supereffective|p2a: Aegislash
|-damage|p2a: Aegislash|0 fnt
|faint|p2a: Aegislash
|
|-weather|RainDance|[upkeep]
|upkeep
|
|t:|1606656095
|switch|p2a: Urshifu|Urshifu, M|13/100
|turn|22
|
|t:|1606656099
|move|p2a: Urshifu|Wicked Blow|p1a: Nidoking
|-crit|p1a: Nidoking
|-damage|p1a: Nidoking|0 fnt
|-damage|p2a: Urshifu|3/100|[from] item: Life Orb
|faint|p1a: Nidoking
|
|-weather|none
|upkeep
|
|t:|1606656112
|switch|p1a: Tapu Fini|Tapu Fini|89/100
|-fieldstart|move: Misty Terrain|[from] ability: Misty Surge|[of] p1a: Tapu Fini
|turn|23
|
|t:|1606656116
|move|p2a: Urshifu|Poison Jab|p1a: Tapu Fini
|-supereffective|p1a: Tapu Fini
|-damage|p1a: Tapu Fini|23/100
|-damage|p2a: Urshifu|0 fnt|[from] item: Life Orb
|faint|p2a: Urshifu
|move|p1a: Tapu Fini|Moonblast|p2: Urshifu|[notarget]
|-fail|p1a: Tapu Fini
|
|-heal|p1a: Tapu Fini|29/100|[from] item: Leftovers
|upkeep
|-message|Daunzu forfeited.
|
|win|pabat
|l|☆Daunzu
|raw|Daunzu's rating: 1477 &rarr; <strong>1455</strong><br />(-22 for losing)
|raw|pabat's rating: 1453 &rarr; <strong>1474</strong><br />(+21 for winning)
