|j|☆Daymo
|j|☆Wheezer
|inactive|Battle timer is ON: inactive players will automatically lose when time's up.
|t:|1634103873
|gametype|singles
|player|p1|Daymo|lance|
|player|p2|Wheezer|petrel|
|teamsize|p1|6
|teamsize|p2|6
|gen|8
|tier|[Gen 8] OU
|rated|Tournament battle
|rule|Sleep Clause Mod: Limit one foe put to sleep
|rule|Species Clause: Limit one of each Pokémon
|rule|OHKO Clause: OHKO moves are banned
|rule|Evasion Moves Clause: Evasion moves are banned
|rule|Endless Battle Clause: Forcing endless battles is banned
|rule|HP Percentage Mod: HP is shown in percentages
|rule|Dynamax Clause: You cannot dynamax
|clearpoke
|poke|p1|Dragapult, F|
|poke|p1|Tapu Lele|
|poke|p1|Kartana|
|poke|p1|Heatran, F|
|poke|p1|Landorus-Therian, M|
|poke|p1|Toxapex, M|
|poke|p2|Toxapex, M|
|poke|p2|Hippowdon, F|
|poke|p2|Suicune|
|poke|p2|Celesteela|
|poke|p2|Reuniclus, M|
|poke|p2|Dragonite, M|
|teampreview
|j| JustPrimalDialgia
|c| JustPrimalDialgia|OH NO.
|j| shuang2
|c|☆Daymo|hf
|c| shuang2|WHEEZER ID GOING FAR
|j| Finny03
|c| shuang2|i didn’t not expect this
|inactive|Daymo has 120 seconds left.
|
|t:|1634103904
|start
|switch|p1a: Tapu Lele|Tapu Lele|100/100
|switch|p2a: Suicune|Suicune|100/100
|-fieldstart|move: Psychic Terrain|[from] ability: Psychic Surge|[of] p1a: Tapu Lele
|-ability|p2a: Suicune|Pressure
|turn|1
|c| shuang2|This is for finals qual
|
|t:|1634103922
|switch|p1a: Dragapult|Dragapult, F|100/100
|move|p2a: Suicune|Protect||[still]
|-fail|p2a: Suicune
|
|upkeep
|turn|2
|j| Agency x Polo G
|
|t:|1634103927
|switch|p2a: Toxapex|Toxapex, M|100/100
|move|p1a: Dragapult|Shadow Ball|p2a: Toxapex
|-damage|p2a: Toxapex|56/100
|
|-heal|p2a: Toxapex|62/100|[from] item: Black Sludge
|upkeep
|turn|3
|
|t:|1634103942
|switch|p1a: Toxapex|Toxapex, M|100/100
|move|p2a: Toxapex|Knock Off|p1a: Toxapex
|-damage|p1a: Toxapex|92/100
|-damage|p2a: Toxapex|46/100|[from] item: Rocky Helmet|[of] p1a: Toxapex
|-enditem|p1a: Toxapex|Rocky Helmet|[from] move: Knock Off|[of] p2a: Toxapex
|
|-heal|p2a: Toxapex|52/100|[from] item: Black Sludge
|upkeep
|turn|4
|l| Agency x Polo G
|j| Agency x Polo G
|
|t:|1634103947
|move|p1a: Toxapex|Toxic Spikes|p2a: Toxapex
|-sidestart|p2: Wheezer|move: Toxic Spikes
|move|p2a: Toxapex|Toxic Spikes|p1a: Toxapex
|-sidestart|p1: Daymo|move: Toxic Spikes
|
|-heal|p2a: Toxapex|58/100|[from] item: Black Sludge
|upkeep
|turn|5
|
|t:|1634103949
|move|p2a: Toxapex|Recover|p2a: Toxapex
|-heal|p2a: Toxapex|100/100
|move|p1a: Toxapex|Knock Off|p2a: Toxapex
|-damage|p2a: Toxapex|92/100
|-enditem|p2a: Toxapex|Black Sludge|[from] move: Knock Off|[of] p1a: Toxapex
|
|-fieldend|move: Psychic Terrain
|upkeep
|turn|6
|
|t:|1634103955
|switch|p2a: Reuniclus|Reuniclus, M|100/100
|-status|p2a: Reuniclus|psn
|move|p1a: Toxapex|Knock Off|p2a: Reuniclus
|-supereffective|p2a: Reuniclus
|-damage|p2a: Reuniclus|78/100 psn
|-enditem|p2a: Reuniclus|Leftovers|[from] move: Knock Off|[of] p1a: Toxapex
|
|upkeep
|turn|7
|c| Agency x Polo G|this tour was for qual?
|
|t:|1634103966
|switch|p1a: Heatran|Heatran, F|100/100
|-item|p1a: Heatran|Air Balloon
|move|p2a: Reuniclus|Calm Mind|p2a: Reuniclus
|-boost|p2a: Reuniclus|spa|1
|-boost|p2a: Reuniclus|spd|1
|
|upkeep
|turn|8
|
|t:|1634103971
|move|p1a: Heatran|Taunt|p2a: Reuniclus
|-start|p2a: Reuniclus|move: Taunt
|cant|p2a: Reuniclus|move: Taunt|Calm Mind
|
|upkeep
|turn|9
|c| shuang2|Oh no sry
|j| Lynarto
|
|t:|1634103976
|switch|p2a: Toxapex|Toxapex, M|100/100
|-sideend|p2: Wheezer|move: Toxic Spikes|[of] p2a: Toxapex
|move|p1a: Heatran|Magma Storm|p2a: Toxapex
|-resisted|p2a: Toxapex
|-damage|p2a: Toxapex|82/100
|-activate|p2a: Toxapex|move: Magma Storm|[of] p1a: Heatran
|
|-damage|p2a: Toxapex|69/100|[from] move: Magma Storm|[partiallytrapped]
|upkeep
|turn|10
|c| shuang2|i just mean this is semifinals
|
|t:|1634103982
|move|p2a: Toxapex|Baneful Bunker|p2a: Toxapex
|-singleturn|p2a: Toxapex|move: Protect
|move|p1a: Heatran|Earth Power|p2a: Toxapex
|-activate|p2a: Toxapex|move: Protect
|
|-damage|p2a: Toxapex|57/100|[from] move: Magma Storm|[partiallytrapped]
|upkeep
|turn|11
|c| shuang2|of this tourney thingy
|c| Agency x Polo G|oh alr
|
|t:|1634103989
|move|p1a: Heatran|Taunt|p2a: Toxapex
|-start|p2a: Toxapex|move: Taunt
|cant|p2a: Toxapex|move: Taunt|Recover
|
|-damage|p2a: Toxapex|44/100|[from] move: Magma Storm|[partiallytrapped]
|upkeep
|turn|12
|c|☆Wheezer|ah im fucked
|
|t:|1634103998
|move|p1a: Heatran|Stealth Rock|p2a: Toxapex
|-sidestart|p2: Wheezer|move: Stealth Rock
|move|p2a: Toxapex|Knock Off|p1a: Heatran
|-damage|p1a: Heatran|88/100
|-enditem|p1a: Heatran|Air Balloon
|
|-damage|p2a: Toxapex|32/100|[from] move: Magma Storm|[partiallytrapped]
|upkeep
|turn|13
|
|t:|1634104002
|move|p1a: Heatran|Earth Power|p2a: Toxapex
|-supereffective|p2a: Toxapex
|-damage|p2a: Toxapex|0 fnt
|faint|p2a: Toxapex
|
|upkeep
|
|t:|1634104005
|switch|p2a: Suicune|Suicune|100/100
|-damage|p2a: Suicune|88/100|[from] Stealth Rock
|-ability|p2a: Suicune|Pressure
|turn|14
|c| JustPrimalDialgia|Heatran gonna break your ass?
|c| shuang2|The Tran has shown himself
|j| Kiraina
|c| shuang2|This set is truly disgusting
|inactive|Daymo has 120 seconds left.
|
|t:|1634104036
|switch|p1a: Tapu Lele|Tapu Lele|100/100
|-status|p1a: Tapu Lele|psn
|-fieldstart|move: Psychic Terrain|[from] ability: Psychic Surge|[of] p1a: Tapu Lele
|move|p2a: Suicune|Substitute|p2a: Suicune
|-start|p2a: Suicune|Substitute
|-damage|p2a: Suicune|63/100
|
|-heal|p2a: Suicune|69/100|[from] item: Leftovers
|-damage|p1a: Tapu Lele|88/100 psn|[from] psn
|upkeep
|turn|15
|
|t:|1634104043
|move|p2a: Suicune|Protect|p2a: Suicune
|-singleturn|p2a: Suicune|Protect
|move|p1a: Tapu Lele|Psyshock|p2a: Suicune
|-activate|p2a: Suicune|move: Protect
|
|-heal|p2a: Suicune|75/100|[from] item: Leftovers
|-damage|p1a: Tapu Lele|76/100 psn|[from] psn
|upkeep
|turn|16
|c| Kiraina|trans a ver cool mon
|
|t:|1634104048
|move|p1a: Tapu Lele|Psyshock|p2a: Suicune
|-end|p2a: Suicune|Substitute
|move|p2a: Suicune|Scald|p1a: Tapu Lele
|-damage|p1a: Tapu Lele|49/100 psn
|
|-heal|p2a: Suicune|82/100|[from] item: Leftovers
|-damage|p1a: Tapu Lele|36/100 psn|[from] psn
|upkeep
|turn|17
|
|t:|1634104051
|move|p2a: Suicune|Protect|p2a: Suicune
|-singleturn|p2a: Suicune|Protect
|move|p1a: Tapu Lele|Psyshock|p2a: Suicune
|-activate|p2a: Suicune|move: Protect
|
|-heal|p2a: Suicune|88/100|[from] item: Leftovers
|-damage|p1a: Tapu Lele|24/100 psn|[from] psn
|upkeep
|turn|18
|c| shuang2|Part of me wants to use them just cause of taun+magma
|
|t:|1634104059
|switch|p2a: Celesteela|Celesteela|100/100
|-damage|p2a: Celesteela|88/100|[from] Stealth Rock
|move|p1a: Tapu Lele|Psyshock|p2a: Celesteela
|-resisted|p2a: Celesteela
|-damage|p2a: Celesteela|64/100
|
|-heal|p2a: Celesteela|70/100|[from] item: Leftovers
|-damage|p1a: Tapu Lele|11/100 psn|[from] psn
|-fieldend|move: Psychic Terrain
|upkeep
|turn|19
|
|t:|1634104063
|switch|p1a: Heatran|Heatran, F|88/100
|move|p2a: Celesteela|Protect||[still]
|-fail|p2a: Celesteela
|
|-heal|p2a: Celesteela|76/100|[from] item: Leftovers
|upkeep
|turn|20
|
|t:|1634104074
|switch|p2a: Hippowdon|Hippowdon, F|100/100
|-damage|p2a: Hippowdon|94/100|[from] Stealth Rock
|-weather|Sandstorm|[from] ability: Sand Stream|[of] p2a: Hippowdon
|move|p1a: Heatran|Taunt|p2a: Hippowdon
|-start|p2a: Hippowdon|move: Taunt
|
|-weather|Sandstorm|[upkeep]
|-heal|p2a: Hippowdon|100/100|[from] item: Leftovers
|upkeep
|turn|21
|
|t:|1634104078
|switch|p1a: Landorus|Landorus-Therian, M|100/100
|-ability|p1a: Landorus|Intimidate|boost
|-unboost|p2a: Hippowdon|atk|1
|move|p2a: Hippowdon|Earthquake|p1a: Landorus
|-immune|p1a: Landorus
|
|-weather|Sandstorm|[upkeep]
|upkeep
|turn|22
|j| PoobleMaster945
|
|t:|1634104089
|switch|p2a: Dragonite|Dragonite, M|100/100
|move|p1a: Landorus|U-turn|p2a: Dragonite
|-resisted|p2a: Dragonite
|-damage|p2a: Dragonite|95/100
|inactive|Daymo has 120 seconds left.
|
|t:|1634104119
|switch|p1a: Dragapult|Dragapult, F|100/100|[from]move: U-turn
|-status|p1a: Dragapult|psn
|
|-weather|Sandstorm|[upkeep]
|-damage|p1a: Dragapult|95/100 psn|[from] Sandstorm
|-damage|p2a: Dragonite|89/100|[from] Sandstorm
|-damage|p1a: Dragapult|82/100 psn|[from] psn
|upkeep
|turn|23
|
|t:|1634104128
|switch|p2a: Celesteela|Celesteela|76/100
|-damage|p2a: Celesteela|64/100|[from] Stealth Rock
|move|p1a: Dragapult|Draco Meteor|p2a: Celesteela
|-resisted|p2a: Celesteela
|-damage|p2a: Celesteela|40/100
|-unboost|p1a: Dragapult|spa|2
|
|-weather|Sandstorm|[upkeep]
|-damage|p1a: Dragapult|76/100 psn|[from] Sandstorm
|-heal|p2a: Celesteela|46/100|[from] item: Leftovers
|-damage|p1a: Dragapult|64/100 psn|[from] psn
|upkeep
|turn|24
|
|t:|1634104139
|switch|p1a: Toxapex|Toxapex, M|100/100
|-sideend|p1: Daymo|move: Toxic Spikes|[of] p1a: Toxapex
|move|p2a: Celesteela|Leech Seed|p1a: Toxapex
|-start|p1a: Toxapex|move: Leech Seed
|
|-weather|none
|-heal|p2a: Celesteela|52/100|[from] item: Leftovers
|-damage|p1a: Toxapex|88/100|[from] Leech Seed|[of] p2a: Celesteela
|-heal|p2a: Celesteela|61/100|[silent]
|upkeep
|turn|25
|
|t:|1634104143
|switch|p1a: Heatran|Heatran, F|88/100
|move|p2a: Celesteela|Protect||[still]
|-fail|p2a: Celesteela
|
|-heal|p2a: Celesteela|67/100|[from] item: Leftovers
|upkeep
|turn|26
|
|t:|1634104153
|switch|p1a: Toxapex|Toxapex, M|100/100
|move|p2a: Celesteela|Protect||[still]
|-fail|p2a: Celesteela
|
|-heal|p2a: Celesteela|73/100|[from] item: Leftovers
|upkeep
|turn|27
|
|t:|1634104157
|move|p2a: Celesteela|Protect|p2a: Celesteela
|-singleturn|p2a: Celesteela|Protect
|move|p1a: Toxapex|Knock Off|p2a: Celesteela
|-activate|p2a: Celesteela|move: Protect
|
|-heal|p2a: Celesteela|79/100|[from] item: Leftovers
|upkeep
|turn|28
|
|t:|1634104168
|switch|p2a: Hippowdon|Hippowdon, F|100/100
|-damage|p2a: Hippowdon|94/100|[from] Stealth Rock
|-weather|Sandstorm|[from] ability: Sand Stream|[of] p2a: Hippowdon
|move|p1a: Toxapex|Knock Off|p2a: Hippowdon
|-damage|p2a: Hippowdon|87/100
|-enditem|p2a: Hippowdon|Leftovers|[from] move: Knock Off|[of] p1a: Toxapex
|
|-weather|Sandstorm|[upkeep]
|-damage|p1a: Toxapex|94/100|[from] Sandstorm
|upkeep
|turn|29
|
|t:|1634104172
|move|p2a: Hippowdon|Stealth Rock|p1a: Toxapex
|-sidestart|p1: Daymo|move: Stealth Rock
|move|p1a: Toxapex|Toxic Spikes|p2a: Hippowdon
|-sidestart|p2: Wheezer|move: Toxic Spikes
|
|-weather|Sandstorm|[upkeep]
|-damage|p1a: Toxapex|88/100|[from] Sandstorm
|upkeep
|turn|30
|
|t:|1634104190
|move|p2a: Hippowdon|Earthquake|p1a: Toxapex
|-supereffective|p1a: Toxapex
|-damage|p1a: Toxapex|41/100
|move|p1a: Toxapex|Recover|p1a: Toxapex
|-heal|p1a: Toxapex|91/100
|
|-weather|Sandstorm|[upkeep]
|-damage|p1a: Toxapex|84/100|[from] Sandstorm
|upkeep
|turn|31
|
|t:|1634104199
|move|p2a: Hippowdon|Earthquake|p1a: Toxapex
|-supereffective|p1a: Toxapex
|-damage|p1a: Toxapex|40/100
|move|p1a: Toxapex|Toxic Spikes|p2a: Hippowdon
|-sidestart|p2: Wheezer|move: Toxic Spikes
|
|-weather|Sandstorm|[upkeep]
|-damage|p1a: Toxapex|34/100|[from] Sandstorm
|upkeep
|turn|32
|
|t:|1634104206
|switch|p1a: Landorus|Landorus-Therian, M|100/100
|-damage|p1a: Landorus|88/100|[from] Stealth Rock
|-ability|p1a: Landorus|Intimidate|boost
|-unboost|p2a: Hippowdon|atk|1
|move|p2a: Hippowdon|Whirlwind|p1a: Landorus
|drag|p1a: Heatran|Heatran, F|88/100
|-damage|p1a: Heatran|76/100|[from] Stealth Rock
|
|-weather|none
|upkeep
|turn|33
|j| Calla cagada 777
|
|t:|1634104222
|switch|p1a: Landorus|Landorus-Therian, M|88/100
|-damage|p1a: Landorus|76/100|[from] Stealth Rock
|-ability|p1a: Landorus|Intimidate|boost
|-unboost|p2a: Hippowdon|atk|1
|move|p2a: Hippowdon|Earthquake|p1a: Landorus
|-immune|p1a: Landorus
|
|-heal|p1a: Landorus|82/100|[from] item: Leftovers
|upkeep
|turn|34
|
|t:|1634104228
|move|p1a: Landorus|Toxic|p2a: Hippowdon
|-status|p2a: Hippowdon|tox
|move|p2a: Hippowdon|Whirlwind|p1a: Landorus
|drag|p1a: Heatran|Heatran, F|76/100
|-damage|p1a: Heatran|63/100|[from] Stealth Rock
|
|-damage|p2a: Hippowdon|81/100 tox|[from] psn
|upkeep
|turn|35
|
|t:|1634104232
|switch|p1a: Landorus|Landorus-Therian, M|82/100
|-damage|p1a: Landorus|70/100|[from] Stealth Rock
|-ability|p1a: Landorus|Intimidate|boost
|-unboost|p2a: Hippowdon|atk|1
|switch|p2a: Dragonite|Dragonite, M|89/100
|
|-heal|p1a: Landorus|76/100|[from] item: Leftovers
|upkeep
|turn|36
|
|t:|1634104237
|move|p2a: Dragonite|Substitute|p2a: Dragonite
|-start|p2a: Dragonite|Substitute
|-damage|p2a: Dragonite|64/100
|move|p1a: Landorus|Toxic||[still]
|-fail|p1a: Landorus
|
|-heal|p1a: Landorus|82/100|[from] item: Leftovers
|upkeep
|turn|37
|
|t:|1634104247
|switch|p1a: Tapu Lele|Tapu Lele|11/100 psn
|-damage|p1a: Tapu Lele|0 fnt|[from] Stealth Rock
|faint|p1a: Tapu Lele
|move|p2a: Dragonite|Roost|p2a: Dragonite
|-heal|p2a: Dragonite|100/100
|-singleturn|p2a: Dragonite|move: Roost
|
|upkeep
|
|t:|1634104258
|switch|p1a: Kartana|Kartana|100/100
|-damage|p1a: Kartana|94/100|[from] Stealth Rock
|turn|38
|
|t:|1634104260
|move|p1a: Kartana|Knock Off|p2a: Dragonite
|-end|p2a: Dragonite|Substitute
|-damage|p1a: Kartana|85/100|[from] item: Life Orb
|move|p2a: Dragonite|Dragon Dance|p2a: Dragonite
|-boost|p2a: Dragonite|atk|1
|-boost|p2a: Dragonite|spe|1
|
|upkeep
|turn|39
|
|t:|1634104265
|move|p2a: Dragonite|Dragon Dance|p2a: Dragonite
|-boost|p2a: Dragonite|atk|1
|-boost|p2a: Dragonite|spe|1
|move|p1a: Kartana|Knock Off|p2a: Dragonite
|-damage|p2a: Dragonite|75/100
|-enditem|p2a: Dragonite|Heavy-Duty Boots|[from] move: Knock Off|[of] p1a: Kartana
|-damage|p1a: Kartana|75/100|[from] item: Life Orb
|
|upkeep
|turn|40
|
|t:|1634104282
|move|p2a: Dragonite|Roost|p2a: Dragonite
|-heal|p2a: Dragonite|100/100
|-singleturn|p2a: Dragonite|move: Roost
|move|p1a: Kartana|Knock Off|p2a: Dragonite
|-damage|p2a: Dragonite|83/100
|-damage|p1a: Kartana|65/100|[from] item: Life Orb
|
|upkeep
|turn|41
|
|t:|1634104293
|move|p2a: Dragonite|Dragon Dance|p2a: Dragonite
|-boost|p2a: Dragonite|atk|1
|-boost|p2a: Dragonite|spe|1
|move|p1a: Kartana|Sacred Sword|p2a: Dragonite
|-resisted|p2a: Dragonite
|-damage|p2a: Dragonite|61/100
|-damage|p1a: Kartana|56/100|[from] item: Life Orb
|
|upkeep
|turn|42
|
|t:|1634104304
|switch|p1a: Landorus|Landorus-Therian, M|82/100
|-damage|p1a: Landorus|69/100|[from] Stealth Rock
|-ability|p1a: Landorus|Intimidate|boost
|-unboost|p2a: Dragonite|atk|1
|move|p2a: Dragonite|Roost|p2a: Dragonite
|-heal|p2a: Dragonite|100/100
|-singleturn|p2a: Dragonite|move: Roost
|
|-heal|p1a: Landorus|75/100|[from] item: Leftovers
|upkeep
|turn|43
|
|t:|1634104307
|move|p2a: Dragonite|Substitute|p2a: Dragonite
|-start|p2a: Dragonite|Substitute
|-damage|p2a: Dragonite|76/100
|move|p1a: Landorus|U-turn|p2a: Dragonite
|-resisted|p2a: Dragonite
|-activate|p2a: Dragonite|move: Substitute|[damage]
|
|t:|1634104308
|switch|p1a: Toxapex|Toxapex, M|67/100|[from]move: U-turn
|-damage|p1a: Toxapex|55/100|[from] Stealth Rock
|
|upkeep
|turn|44
|
|t:|1634104311
|move|p2a: Dragonite|Dual Wingbeat|p1a: Toxapex
|-damage|p1a: Toxapex|30/100
|-damage|p1a: Toxapex|6/100
|-hitcount|p1a: Toxapex|2
|move|p1a: Toxapex|Haze|p1a: Toxapex
|-clearallboost
|
|upkeep
|turn|45
|j| ChanseyDeBotas
|
|t:|1634104332
|switch|p1a: Kartana|Kartana|56/100
|-damage|p1a: Kartana|50/100|[from] Stealth Rock
|move|p2a: Dragonite|Roost|p2a: Dragonite
|-heal|p2a: Dragonite|100/100
|-singleturn|p2a: Dragonite|move: Roost
|
|upkeep
|turn|46
|
|t:|1634104335
|move|p1a: Kartana|Knock Off|p2a: Dragonite
|-activate|p2a: Dragonite|move: Substitute|[damage]
|-damage|p1a: Kartana|40/100|[from] item: Life Orb
|move|p2a: Dragonite|Dragon Dance|p2a: Dragonite
|-boost|p2a: Dragonite|atk|1
|-boost|p2a: Dragonite|spe|1
|
|upkeep
|turn|47
|
|t:|1634104339
|move|p2a: Dragonite|Dragon Dance|p2a: Dragonite
|-boost|p2a: Dragonite|atk|1
|-boost|p2a: Dragonite|spe|1
|move|p1a: Kartana|Knock Off|p2a: Dragonite
|-crit|p2a: Dragonite
|-end|p2a: Dragonite|Substitute
|-damage|p1a: Kartana|30/100|[from] item: Life Orb
|
|upkeep
|turn|48
|inactive|Daymo has 120 seconds left.
|
|t:|1634104374
|switch|p1a: Toxapex|Toxapex, M|39/100
|-damage|p1a: Toxapex|27/100|[from] Stealth Rock
|move|p2a: Dragonite|Dragon Dance|p2a: Dragonite
|-boost|p2a: Dragonite|atk|1
|-boost|p2a: Dragonite|spe|1
|
|upkeep
|turn|49
|
|t:|1634104384
|move|p2a: Dragonite|Dual Wingbeat|p1a: Toxapex|[miss]
|-miss|p2a: Dragonite|p1a: Toxapex
|move|p1a: Toxapex|Haze|p1a: Toxapex
|-clearallboost
|
|upkeep
|turn|50
|
|t:|1634104388
|move|p2a: Dragonite|Substitute|p2a: Dragonite
|-start|p2a: Dragonite|Substitute
|-damage|p2a: Dragonite|76/100
|move|p1a: Toxapex|Recover|p1a: Toxapex
|-heal|p1a: Toxapex|77/100
|
|upkeep
|turn|51
|
|t:|1634104401
|switch|p1a: Dragapult|Dragapult, F|64/100 psn
|-damage|p1a: Dragapult|52/100 psn|[from] Stealth Rock
|move|p2a: Dragonite|Roost|p2a: Dragonite
|-heal|p2a: Dragonite|100/100
|-singleturn|p2a: Dragonite|move: Roost
|
|-damage|p1a: Dragapult|39/100 psn|[from] psn
|upkeep
|turn|52
|
|t:|1634104411
|move|p1a: Dragapult|Draco Meteor|p2a: Dragonite
|-supereffective|p2a: Dragonite
|-damage|p2a: Dragonite|30/100
|-unboost|p1a: Dragapult|spa|2
|move|p2a: Dragonite|Roost|p2a: Dragonite
|-heal|p2a: Dragonite|80/100
|-singleturn|p2a: Dragonite|move: Roost
|
|-damage|p1a: Dragapult|27/100 psn|[from] psn
|upkeep
|turn|53
|
|t:|1634104422
|switch|p1a: Heatran|Heatran, F|63/100
|-damage|p1a: Heatran|51/100|[from] Stealth Rock
|move|p2a: Dragonite|Roost|p2a: Dragonite
|-heal|p2a: Dragonite|100/100
|-singleturn|p2a: Dragonite|move: Roost
|
|upkeep
|turn|54
|
|t:|1634104424
|move|p2a: Dragonite|Dragon Dance|p2a: Dragonite
|-boost|p2a: Dragonite|atk|1
|-boost|p2a: Dragonite|spe|1
|move|p1a: Heatran|Taunt|p2a: Dragonite
|-start|p2a: Dragonite|move: Taunt
|
|upkeep
|turn|55
|
|t:|1634104427
|move|p2a: Dragonite|Dual Wingbeat|p1a: Heatran
|-resisted|p1a: Heatran
|-damage|p1a: Heatran|38/100
|-resisted|p1a: Heatran
|-damage|p1a: Heatran|25/100
|-hitcount|p1a: Heatran|2
|move|p1a: Heatran|Magma Storm|p2a: Dragonite
|-resisted|p2a: Dragonite
|-activate|p2a: Dragonite|move: Substitute|[damage]
|
|upkeep
|turn|56
|c| Kiraina|wonder if thats a gg
|c| Kiraina|probably
|
|t:|1634104434
|move|p2a: Dragonite|Dual Wingbeat|p1a: Heatran
|-resisted|p1a: Heatran
|-damage|p1a: Heatran|13/100
|-resisted|p1a: Heatran
|-crit|p1a: Heatran
|-damage|p1a: Heatran|0 fnt
|faint|p1a: Heatran
|-hitcount|p1: Heatran|2
|
|upkeep
|
|t:|1634104458
|switch|p1a: Dragapult|Dragapult, F|27/100 psn
|-damage|p1a: Dragapult|15/100 psn|[from] Stealth Rock
|turn|57
|
|t:|1634104462
|move|p1a: Dragapult|Draco Meteor|p2a: Dragonite
|-supereffective|p2a: Dragonite
|-damage|p2a: Dragonite|21/100
|-unboost|p1a: Dragapult|spa|2
|move|p2a: Dragonite|Dual Wingbeat|p1a: Dragapult
|-damage|p1a: Dragapult|0 fnt
|faint|p1a: Dragapult
|-hitcount|p1: Dragapult|1
|
|-end|p2a: Dragonite|move: Taunt
|upkeep
|j| Super Lupo
|
|t:|1634104474
|switch|p1a: Toxapex|Toxapex, M|100/100
|-damage|p1a: Toxapex|88/100|[from] Stealth Rock
|turn|58
|
|t:|1634104477
|move|p2a: Dragonite|Roost|p2a: Dragonite
|-heal|p2a: Dragonite|71/100
|-singleturn|p2a: Dragonite|move: Roost
|move|p1a: Toxapex|Knock Off|p2a: Dragonite
|-activate|p2a: Dragonite|move: Substitute|[damage]
|
|upkeep
|turn|59
|
|t:|1634104482
|move|p2a: Dragonite|Roost|p2a: Dragonite
|-heal|p2a: Dragonite|100/100
|-singleturn|p2a: Dragonite|move: Roost
|move|p1a: Toxapex|Knock Off|p2a: Dragonite
|-activate|p2a: Dragonite|move: Substitute|[damage]
|
|upkeep
|turn|60
|c| Kiraina|F
|l| Super Lupo
|c|☆Daymo|gg wp
|-message|Daymo forfeited.
|
|win|Wheezer
|n|☆Daymo|daymo
|n|☆Wheezer|wheezer
|n| JustPrimalDialgia|justprimaldialgia
|n| shuang2|shuang2
|n| Finny03|finny03
|n| Agency x Polo G|agencyxpolog
|n| Lynarto|lynarto
|n| Kiraina|kiraina
|n| PoobleMaster945|pooblemaster945
|n| Calla cagada 777|callacagada777
|n| ChanseyDeBotas|chanseydebotas
|l|☆Daymo
|c|☆Wheezer|gg
|l| Calla cagada 777
|l|☆Wheezer
|l| Finny03
|l| PoobleMaster945
|l| ChanseyDeBotas
|n| Super Lupo|agencyxpolog
|n| Super Lupo|superlupo
|l| Lynarto
|n| Agency x Polo G|superlupo
|j| RTSG tests
|l| RTSG tests
|l| JustPrimalDialgia
|l| Agency x Polo G
