|raw|<div class="broadcast-blue"><strong>This battle is required to be public due to a player having a name starting with 'lt92pf'.</div>
|j|☆lebanesestinker
|j|‽LT92PF Bee
|t:|1659713139
|gametype|singles
|player|p1|lebanesestinker|li|1776
|player|p2|LT92PF Bee|cynthia-masters|1839
|teamsize|p1|6
|teamsize|p2|6
|gen|8
|tier|[Gen 8] OU
|rated|
|rule|Sleep Clause Mod: Limit one foe put to sleep
|rule|Species Clause: Limit one of each Pokémon
|rule|OHKO Clause: OHKO moves are banned
|rule|Evasion Items Clause: Evasion items are banned
|rule|Evasion Moves Clause: Evasion moves are banned
|rule|Endless Battle Clause: Forcing endless battles is banned
|rule|HP Percentage Mod: HP is shown in percentages
|rule|Dynamax Clause: You cannot dynamax
|clearpoke
|poke|p1|Ninetales-Alola, M|
|poke|p1|Arctozolt|
|poke|p1|Landorus-Therian, M|
|poke|p1|Dragapult, F|
|poke|p1|Nihilego|
|poke|p1|Magnezone|
|poke|p2|Volcanion|
|poke|p2|Buzzwole|
|poke|p2|Tapu Koko|
|poke|p2|Tornadus-Therian, M|
|poke|p2|Landorus-Therian, M|
|poke|p2|Ferrothorn, F|
|teampreview
|inactive|Battle timer is ON: inactive players will automatically lose when time's up. (requested by LT92PF Bee)
|
|t:|1659713154
|start
|switch|p1a: Landorus|Landorus-Therian, M|100/100
|switch|p2a: Volcanion|Volcanion|100/100
|-ability|p1a: Landorus|Intimidate|boost
|-unboost|p2a: Volcanion|atk|1
|turn|1
|
|t:|1659713160
|move|p1a: Landorus|Earthquake|p2a: Volcanion
|-supereffective|p2a: Volcanion
|-damage|p2a: Volcanion|0 fnt
|faint|p2a: Volcanion
|
|upkeep
|
|t:|1659713169
|switch|p2a: Landorus|Landorus-Therian, M|100/100
|-ability|p2a: Landorus|Intimidate|boost
|-unboost|p1a: Landorus|atk|1
|turn|2
|
|t:|1659713173
|move|p1a: Landorus|Knock Off|p2a: Landorus
|-damage|p2a: Landorus|73/100
|-enditem|p2a: Landorus|Choice Band|[from] move: Knock Off|[of] p1a: Landorus
|move|p2a: Landorus|Earthquake|p1a: Landorus
|-immune|p1a: Landorus
|
|upkeep
|turn|3
|
|t:|1659713177
|switch|p2a: Buzzwole|Buzzwole|100/100
|move|p1a: Landorus|U-turn|p2a: Buzzwole
|-resisted|p2a: Buzzwole
|-damage|p2a: Buzzwole|95/100
|
|t:|1659713180
|switch|p1a: Ninetales|Ninetales-Alola, M|100/100|[from]move: U-turn
|-weather|Hail|[from] ability: Snow Warning|[of] p1a: Ninetales
|
|-weather|Hail|[upkeep]
|-damage|p2a: Buzzwole|89/100|[from] Hail
|upkeep
|turn|4
|j| I M prad yt
|
|t:|1659713190
|switch|p1a: Magnezone|Magnezone|100/100
|switch|p2a: Ferrothorn|Ferrothorn, F|100/100
|
|-weather|Hail|[upkeep]
|-damage|p1a: Magnezone|95/100|[from] Hail
|-damage|p2a: Ferrothorn|94/100|[from] Hail
|-heal|p2a: Ferrothorn|100/100|[from] item: Leftovers
|upkeep
|turn|5
|
|t:|1659713194
|move|p1a: Magnezone|Iron Defense|p1a: Magnezone
|-boost|p1a: Magnezone|def|2
|move|p2a: Ferrothorn|Stealth Rock|p1a: Magnezone
|-sidestart|p1: lebanesestinker|move: Stealth Rock
|
|-weather|Hail|[upkeep]
|-damage|p1a: Magnezone|89/100|[from] Hail
|-damage|p2a: Ferrothorn|94/100|[from] Hail
|-heal|p2a: Ferrothorn|100/100|[from] item: Leftovers
|upkeep
|turn|6
|
|t:|1659713195
|move|p1a: Magnezone|Iron Defense|p1a: Magnezone
|-boost|p1a: Magnezone|def|2
|move|p2a: Ferrothorn|Leech Seed|p1a: Magnezone
|-start|p1a: Magnezone|move: Leech Seed
|
|-weather|Hail|[upkeep]
|-damage|p1a: Magnezone|83/100|[from] Hail
|-damage|p2a: Ferrothorn|94/100|[from] Hail
|-heal|p2a: Ferrothorn|100/100|[from] item: Leftovers
|-damage|p1a: Magnezone|70/100|[from] Leech Seed|[of] p2a: Ferrothorn
|upkeep
|turn|7
|
|t:|1659713198
|move|p1a: Magnezone|Body Press|p2a: Ferrothorn
|-supereffective|p2a: Ferrothorn
|-damage|p2a: Ferrothorn|3/100
|-damage|p1a: Magnezone|58/100|[from] ability: Iron Barbs|[of] p2a: Ferrothorn
|move|p2a: Ferrothorn|Knock Off|p1a: Magnezone
|-damage|p1a: Magnezone|53/100
|-enditem|p1a: Magnezone|Chople Berry|[from] move: Knock Off|[of] p2a: Ferrothorn
|
|-weather|none
|-heal|p2a: Ferrothorn|9/100|[from] item: Leftovers
|-damage|p1a: Magnezone|41/100|[from] Leech Seed|[of] p2a: Ferrothorn
|-heal|p2a: Ferrothorn|20/100|[silent]
|upkeep
|turn|8
|
|t:|1659713201
|move|p1a: Magnezone|Body Press|p2a: Ferrothorn
|-supereffective|p2a: Ferrothorn
|-damage|p2a: Ferrothorn|0 fnt
|-damage|p1a: Magnezone|29/100|[from] ability: Iron Barbs|[of] p2a: Ferrothorn
|faint|p2a: Ferrothorn
|
|upkeep
|
|t:|1659713204
|switch|p2a: Tornadus|Tornadus-Therian, M|100/100
|turn|9
|j| SoarApollo
|
|t:|1659713217
|move|p2a: Tornadus|Heat Wave|p1a: Magnezone
|-supereffective|p1a: Magnezone
|-damage|p1a: Magnezone|0 fnt
|faint|p1a: Magnezone
|
|upkeep
|
|t:|1659713224
|switch|p1a: Nihilego|Nihilego|100/100
|-damage|p1a: Nihilego|88/100|[from] Stealth Rock
|turn|10
|
|t:|1659713238
|move|p2a: Tornadus|Focus Blast|p1a: Nihilego
|-damage|p1a: Nihilego|64/100
|move|p1a: Nihilego|Meteor Beam||[still]
|-prepare|p1a: Nihilego|Meteor Beam
|-boost|p1a: Nihilego|spa|1
|-enditem|p1a: Nihilego|Power Herb
|-anim|p1a: Nihilego|Meteor Beam|p2a: Tornadus|[miss]
|-miss|p1a: Nihilego|p2a: Tornadus
|
|upkeep
|turn|11
|
|t:|1659713251
|move|p2a: Tornadus|Focus Blast|p1a: Nihilego|[miss]
|-miss|p2a: Tornadus|p1a: Nihilego
|move|p1a: Nihilego|Power Gem|p2a: Tornadus
|-supereffective|p2a: Tornadus
|-damage|p2a: Tornadus|0 fnt
|faint|p2a: Tornadus
|-ability|p1a: Nihilego|Beast Boost|boost
|-boost|p1a: Nihilego|spe|1
|
|upkeep
|-message|LT92PF Bee forfeited.
|
|win|lebanesestinker
|raw|lebanesestinker's rating: 1776 &rarr; <strong>1800</strong><br />(+24 for winning)
|raw|LT92PF Bee's rating: 1839 &rarr; <strong>1815</strong><br />(-24 for losing)
|l|‽LT92PF Bee
|l|☆lebanesestinker
|j| irgendwasmitmeeem
