|html|<div class="broadcast-blue"><strong>[Gen 8] OU is currently suspecting Zamazenta-Crowned! For information on how to participate check out the <a href="https://www.smogon.com/forums/threads/np-ss-ou-suspect-process-round-10-royals.3681787/">suspect thread</a>.</strong></div>
|j|☆isheavydead
|j|☆SpookyZ
|inactive|Battle timer is ON: inactive players will automatically lose when time's up.
|t:|1618168256
|gametype|singles
|player|p1|isheavydead|ethan|
|player|p2|SpookyZ|hilbert-dueldisk|
|teamsize|p1|6
|teamsize|p2|6
|gen|8
|tier|[Gen 8] OU
|rated|Tournament battle
|clearpoke
|poke|p1|Pelipper, M|
|poke|p1|Crawdaunt, F|
|poke|p1|Tornadus-Therian, M|
|poke|p1|Seismitoad, F|
|poke|p1|Ferrothorn, M|
|poke|p1|Blissey, F|
|poke|p2|Excadrill, M|
|poke|p2|Toxapex, M|
|poke|p2|Clefable, M|
|poke|p2|Dragonite, M|
|poke|p2|Blissey, F|
|poke|p2|Tapu Koko|
|rule|Sleep Clause Mod: Limit one foe put to sleep
|rule|Species Clause: Limit one of each Pokémon
|rule|OHKO Clause: OHKO moves are banned
|rule|Evasion Moves Clause: Evasion moves are banned
|rule|Endless Battle Clause: Forcing endless battles is banned
|rule|HP Percentage Mod: HP is shown in percentages
|rule|Dynamax Clause: You cannot dynamax
|teampreview
|j| outk Livio
|inactive|SpookyZ also wants the timer to be on.
|j| OUTK Down$hift
|j| Pugchampions 2020
|j|+Rampecker
|j| Appleking123
|j| kdnf
|j| trolllordererr
|j| VvvV1250
|c| Pugchampions 2020|les go
|
|t:|1618168265
|start
|switch|p1a: Pelipper|Pelipper, M|100/100
|switch|p2a: Toxapex|Toxapex, M|100/100
|-weather|RainDance|[from] ability: Drizzle|[of] p1a: Pelipper
|turn|1
|c| Pugchampions 2020|final game
|j| gglrg
|c|☆SpookyZ|hf
|c|☆isheavydead|u2
|j| UnzipsCrogre
|c| Appleking123|seismitoad rain team
|j| Boi 240
|c|☆isheavydead|wait shit are these the finals?
|c| Appleking123|nice
|c|☆isheavydead|im so ass
|c|☆isheavydead|i shoulda brought
|c| trolllordererr|shoulda stuck to psyspam lol wtf
|c|☆isheavydead|triple ss
|j| Ninja2storm
|c|☆SpookyZ|what
|c| trolllordererr|exactly
|j| yhiuyh
|j| Thesergio235
|l| kdnf
|j| zeno420
|j| OUTK John
|inactive|SpookyZ has 120 seconds left.
|j| kdnf
|l| zeno420
|c| kdnf|reveal specs
|c| Pugchampions 2020|imma get some popcorn hold up
|j| idiomuse
|c| Appleking123|there is no rilla to be seen
|c| UnzipsCrogre|shouldve brought trick room and smash him with craw
|j| HOF69
|c| Appleking123|hmmm
|l|+Rampecker
|j| femboy fox
|inactive|SpookyZ has 90 seconds left.
|c| Appleking123|i mean craw will pummel him if it gets in on blissey
|c|☆isheavydead|ez specs
|c| Appleking123|exceprt dnite
|c|☆isheavydead|dude my toad set is so fucked
|
|t:|1618168345
|move|p1a: Pelipper|U-turn|p2a: Toxapex
|-resisted|p2a: Toxapex
|-damage|p2a: Toxapex|98/100
|c|☆isheavydead|i forgot to change up the moves
|j| s1mpp
|c| Appleking123|oof
|c| kdnf|ice beam daunt pog
|c|☆SpookyZ|i honestly
|c| s1mpp|Lgi spooky
|
|t:|1618168358
|switch|p1a: Ferrothorn|Ferrothorn, M|100/100|[from]move: U-turn
|move|p2a: Toxapex|Knock Off|p1a: Ferrothorn
|-damage|p1a: Ferrothorn|93/100
|-damage|p2a: Toxapex|85/100|[from] ability: Iron Barbs|[of] p1a: Ferrothorn
|-enditem|p1a: Ferrothorn|Leftovers|[from] move: Knock Off|[of] p2a: Toxapex
|
|-weather|RainDance|[upkeep]
|-heal|p2a: Toxapex|92/100|[from] item: Black Sludge
|upkeep
|turn|2
|c| Pugchampions 2020|im waiting to see this frog set lmao
|c| Thesergio235|yo the builds look super cool
|j| averryoldman
|
|t:|1618168362
|move|p2a: Toxapex|Scald|p1a: Ferrothorn
|-resisted|p1a: Ferrothorn
|-damage|p1a: Ferrothorn|81/100
|move|p1a: Ferrothorn|Stealth Rock|p2a: Toxapex
|-sidestart|p2: SpookyZ|move: Stealth Rock
|
|-weather|RainDance|[upkeep]
|-heal|p2a: Toxapex|98/100|[from] item: Black Sludge
|upkeep
|turn|3
|
|t:|1618168365
|move|p2a: Toxapex|Scald|p1a: Ferrothorn
|-resisted|p1a: Ferrothorn
|-damage|p1a: Ferrothorn|71/100
|move|p1a: Ferrothorn|Spikes|p2a: Toxapex
|-sidestart|p2: SpookyZ|Spikes
|
|-weather|RainDance|[upkeep]
|-heal|p2a: Toxapex|100/100|[from] item: Black Sludge
|upkeep
|turn|4
|
|t:|1618168367
|move|p2a: Toxapex|Scald|p1a: Ferrothorn
|-resisted|p1a: Ferrothorn
|-damage|p1a: Ferrothorn|60/100
|-status|p1a: Ferrothorn|brn
|move|p1a: Ferrothorn|Leech Seed|p2a: Toxapex|[miss]
|-miss|p1a: Ferrothorn|p2a: Toxapex
|
|-weather|RainDance|[upkeep]
|-damage|p1a: Ferrothorn|54/100 brn|[from] brn
|upkeep
|turn|5
|c| Appleking123|wait
|
|t:|1618168370
|switch|p2a: Dragonite|Dragonite, M|100/100
|move|p1a: Ferrothorn|Leech Seed|p2a: Dragonite
|-start|p2a: Dragonite|move: Leech Seed
|
|-weather|RainDance|[upkeep]
|-damage|p2a: Dragonite|88/100|[from] Leech Seed|[of] p1a: Ferrothorn
|-heal|p1a: Ferrothorn|67/100 brn|[silent]
|-damage|p1a: Ferrothorn|61/100 brn|[from] brn
|upkeep
|turn|6
|
|t:|1618168374
|switch|p2a: Toxapex|Toxapex, M|100/100
|-damage|p2a: Toxapex|88/100|[from] Stealth Rock
|-damage|p2a: Toxapex|75/100|[from] Spikes
|switch|p1a: Tornadus|Tornadus-Therian, M|100/100
|
|-weather|RainDance|[upkeep]
|-heal|p2a: Toxapex|82/100|[from] item: Black Sludge
|upkeep
|turn|7
|j| Yungster_Testboi
|
|t:|1618168378
|switch|p2a: Tapu Koko|Tapu Koko|100/100
|-fieldstart|move: Electric Terrain|[from] ability: Electric Surge|[of] p2a: Tapu Koko
|move|p1a: Tornadus|Nasty Plot|p1a: Tornadus
|-boost|p1a: Tornadus|spa|2
|
|-weather|RainDance|[upkeep]
|upkeep
|turn|8
|c| Pugchampions 2020|next turn burn
|j| Johge
|
|t:|1618168382
|switch|p1a: Seismitoad|Seismitoad, F|100/100
|move|p2a: Tapu Koko|U-turn|p1a: Seismitoad
|-damage|p1a: Seismitoad|81/100
|
|t:|1618168387
|switch|p2a: Dragonite|Dragonite, M|88/100|[from]move: U-turn
|
|-weather|none
|upkeep
|turn|9
|
|t:|1618168392
|switch|p1a: Tornadus|Tornadus-Therian, M|100/100
|move|p2a: Dragonite|Defog|p1a: Tornadus
|-unboost|p1a: Tornadus|evasion|1
|-sideend|p2: SpookyZ|Spikes|[from] move: Defog|[of] p2a: Dragonite
|-sideend|p2: SpookyZ|Stealth Rock|[from] move: Defog|[of] p2a: Dragonite
|-fieldend|move: Electric Terrain
|
|upkeep
|turn|10
|
|t:|1618168394
|switch|p2a: Tapu Koko|Tapu Koko|100/100
|-fieldstart|move: Electric Terrain|[from] ability: Electric Surge|[of] p2a: Tapu Koko
|move|p1a: Tornadus|Knock Off|p2a: Tapu Koko
|-resisted|p2a: Tapu Koko
|-damage|p2a: Tapu Koko|86/100
|-enditem|p2a: Tapu Koko|Heavy-Duty Boots|[from] move: Knock Off|[of] p1a: Tornadus
|
|upkeep
|turn|11
|
|t:|1618168399
|move|p2a: Tapu Koko|U-turn|p1a: Tornadus
|-resisted|p1a: Tornadus
|-damage|p1a: Tornadus|90/100
|c| Appleking123|if dnite doesnt have its multiscale crawdaunt pummels it
|
|t:|1618168401
|switch|p2a: Toxapex|Toxapex, M|100/100|[from]move: U-turn
|move|p1a: Tornadus|Hurricane|p2a: Toxapex
|-damage|p2a: Toxapex|59/100
|
|-heal|p2a: Toxapex|65/100|[from] item: Black Sludge
|upkeep
|turn|12
|l| Pugchampions 2020
|c|☆isheavydead|why did i do that
|j| Pugchampions 2020
|
|t:|1618168406
|switch|p2a: Tapu Koko|Tapu Koko|86/100
|move|p1a: Tornadus|Nasty Plot|p1a: Tornadus
|-boost|p1a: Tornadus|spa|2
|
|upkeep
|turn|13
|
|t:|1618168412
|switch|p1a: Blissey|Blissey, F|100/100
|move|p2a: Tapu Koko|Thunderbolt|p1a: Blissey
|-damage|p1a: Blissey|81/100
|
|upkeep
|turn|14
|
|t:|1618168414
|move|p2a: Tapu Koko|U-turn|p1a: Blissey
|-damage|p1a: Blissey|67/100
|
|t:|1618168416
|switch|p2a: Dragonite|Dragonite, M|88/100|[from]move: U-turn
|move|p1a: Blissey|Teleport|p1a: Blissey
|
|t:|1618168418
|switch|p1a: Pelipper|Pelipper, M|100/100|[from]move: Teleport
|-weather|RainDance|[from] ability: Drizzle|[of] p1a: Pelipper
|
|-weather|RainDance|[upkeep]
|-fieldend|move: Electric Terrain
|upkeep
|turn|15
|c| Pugchampions 2020|multi drag or inner focus
|
|t:|1618168423
|move|p2a: Dragonite|Roost|p2a: Dragonite
|-heal|p2a: Dragonite|100/100
|-singleturn|p2a: Dragonite|move: Roost
|move|p1a: Pelipper|U-turn|p2a: Dragonite
|-damage|p2a: Dragonite|97/100
|c| Pugchampions 2020|well
|c| Pugchampions 2020|its broken
|c| UnzipsCrogre|reveal tbolt here
|
|t:|1618168427
|switch|p1a: Tornadus|Tornadus-Therian, M|100/100|[from]move: U-turn
|
|-weather|RainDance|[upkeep]
|upkeep
|turn|16
|
|t:|1618168430
|switch|p2a: Tapu Koko|Tapu Koko|86/100
|-fieldstart|move: Electric Terrain|[from] ability: Electric Surge|[of] p2a: Tapu Koko
|move|p1a: Tornadus|Nasty Plot|p1a: Tornadus
|-boost|p1a: Tornadus|spa|2
|
|-weather|RainDance|[upkeep]
|upkeep
|turn|17
|
|t:|1618168435
|switch|p1a: Seismitoad|Seismitoad, F|81/100
|move|p2a: Tapu Koko|Thunderbolt|p1a: Seismitoad
|-immune|p1a: Seismitoad
|
|-weather|RainDance|[upkeep]
|upkeep
|turn|18
|j| OUTK cool_man
|c| Appleking123|i think if you toxic dnite craw can do the ting
|c|☆SpookyZ|can u like
|c|☆SpookyZ|shut up
|j| baloor
|c|☆isheavydead|oof
|j|#Ox the Fox
|c| Appleking123|no
|j| outk mcp3
|c| trolllordererr|why you getting so mad
|
|t:|1618168462
|switch|p2a: Dragonite|Dragonite, M|97/100
|move|p1a: Seismitoad|Weather Ball|p2a: Dragonite
|-resisted|p2a: Dragonite
|-damage|p2a: Dragonite|61/100
|
|-weather|RainDance|[upkeep]
|upkeep
|turn|19
|c|☆SpookyZ|im not
|j| zeno420
|
|t:|1618168469
|switch|p1a: Tornadus|Tornadus-Therian, M|100/100
|move|p2a: Dragonite|Roost|p2a: Dragonite
|-heal|p2a: Dragonite|100/100
|-singleturn|p2a: Dragonite|move: Roost
|
|-weather|RainDance|[upkeep]
|upkeep
|turn|20
|c|☆SpookyZ|just annoying
|
|t:|1618168473
|switch|p2a: Blissey|Blissey, F|100/100
|move|p1a: Tornadus|Hurricane|p2a: Blissey
|-damage|p2a: Blissey|81/100
|-start|p2a: Blissey|confusion
|
|-weather|RainDance|[upkeep]
|-fieldend|move: Electric Terrain
|upkeep
|turn|21
|j| Xizaaa
|c| Appleking123|now reveal toxic
|
|t:|1618168476
|switch|p2a: Tapu Koko|Tapu Koko|86/100
|-fieldstart|move: Electric Terrain|[from] ability: Electric Surge|[of] p2a: Tapu Koko
|move|p1a: Tornadus|Nasty Plot|p1a: Tornadus
|-boost|p1a: Tornadus|spa|2
|
|-weather|none
|upkeep
|turn|22
|l| outk mcp3
|c| baloor|we dont need some monkey ghosting
|c| Appleking123|youre a monkey
|j| dubwooloo ツ
|j| ryfles
|c|☆SpookyZ|kek
|c| VvvV1250|well it's annoying if ppl keep saying do this or that, u ain't playing
|j| Tenebricite
|c| s1mpp|Bro shut up
|
|t:|1618168496
|switch|p1a: Blissey|Blissey, F|67/100
|move|p2a: Tapu Koko|Thunderbolt|p1a: Blissey
|-damage|p1a: Blissey|50/100
|-status|p1a: Blissey|par
|
|upkeep
|turn|23
|
|t:|1618168499
|move|p2a: Tapu Koko|U-turn|p1a: Blissey
|-damage|p1a: Blissey|35/100 par
|c|☆SpookyZ|EZ
|c| idiomuse|wtf is this disrespectful lad
|
|t:|1618168502
|switch|p2a: Excadrill|Excadrill, M|100/100|[from]move: U-turn
|-ability|p2a: Excadrill|Mold Breaker
|cant|p1a: Blissey|par
|
|upkeep
|turn|24
|c| OUTK Down$hift|bruh
|j| LT71LX Allistair
|j| Funstalgia
|
|t:|1618168506
|switch|p1a: Pelipper|Pelipper, M|100/100
|-weather|RainDance|[from] ability: Drizzle|[of] p1a: Pelipper
|move|p2a: Excadrill|Stealth Rock|p1a: Pelipper
|-sidestart|p1: isheavydead|move: Stealth Rock
|
|-weather|RainDance|[upkeep]
|upkeep
|turn|25
|c| Pugchampions 2020|can we just watch a battle?
|
|t:|1618168509
|move|p2a: Excadrill|Toxic|p1a: Pelipper
|-status|p1a: Pelipper|tox
|move|p1a: Pelipper|Defog|p2a: Excadrill
|-unboost|p2a: Excadrill|evasion|1
|-sideend|p1: isheavydead|Stealth Rock|[from] move: Defog|[of] p1a: Pelipper
|-fieldend|move: Electric Terrain
|
|-weather|RainDance|[upkeep]
|-damage|p1a: Pelipper|94/100 tox|[from] psn
|upkeep
|turn|26
|
|t:|1618168513
|move|p2a: Excadrill|Stealth Rock|p1a: Pelipper
|-sidestart|p1: isheavydead|move: Stealth Rock
|move|p1a: Pelipper|U-turn|p2a: Excadrill
|-resisted|p2a: Excadrill
|-damage|p2a: Excadrill|94/100
|j| Ian_Yo
|c| Appleking123|we need funny
|
|t:|1618168515
|switch|p1a: Seismitoad|Seismitoad, F|81/100|[from]move: U-turn
|-damage|p1a: Seismitoad|75/100|[from] Stealth Rock
|
|-weather|RainDance|[upkeep]
|-heal|p2a: Excadrill|100/100|[from] item: Leftovers
|upkeep
|turn|27
|c| Pugchampions 2020|para hax counter : 1
|
|t:|1618168518
|switch|p1a: Blissey|Blissey, F|35/100
|switch|p2a: Dragonite|Dragonite, M|100/100
|
|-weather|RainDance|[upkeep]
|upkeep
|turn|28
|
|t:|1618168520
|move|p2a: Dragonite|Earthquake|p1a: Blissey
|-damage|p1a: Blissey|10/100
|move|p1a: Blissey|Soft-Boiled|p1a: Blissey
|-heal|p1a: Blissey|60/100
|
|-weather|RainDance|[upkeep]
|upkeep
|turn|29
|
|t:|1618168524
|switch|p2a: Excadrill|Excadrill, M|100/100
|-ability|p2a: Excadrill|Mold Breaker
|move|p1a: Blissey|Soft-Boiled|p1a: Blissey
|-heal|p1a: Blissey|100/100
|
|-weather|RainDance|[upkeep]
|upkeep
|turn|30
|
|t:|1618168526
|switch|p1a: Tornadus|Tornadus-Therian, M|100/100
|move|p2a: Excadrill|High Horsepower|p1a: Tornadus
|-immune|p1a: Tornadus
|
|-weather|RainDance|[upkeep]
|upkeep
|turn|31
|
|t:|1618168531
|switch|p2a: Blissey|Blissey, F|81/100
|move|p1a: Tornadus|Focus Blast|p2a: Blissey
|-supereffective|p2a: Blissey
|-damage|p2a: Blissey|53/100
|
|-weather|none
|upkeep
|turn|32
|
|t:|1618168536
|switch|p1a: Crawdaunt|Crawdaunt, F|100/100
|-damage|p1a: Crawdaunt|88/100|[from] Stealth Rock
|move|p2a: Blissey|Soft-Boiled|p2a: Blissey
|-heal|p2a: Blissey|100/100
|
|upkeep
|turn|33
|
|t:|1618168539
|move|p1a: Crawdaunt|Swords Dance|p1a: Crawdaunt
|-boost|p1a: Crawdaunt|atk|2
|move|p2a: Blissey|Toxic|p1a: Crawdaunt
|-status|p1a: Crawdaunt|tox
|
|-damage|p1a: Crawdaunt|82/100 tox|[from] psn
|upkeep
|turn|34
|c|☆isheavydead|kill
|j| 1400s Main
|c| Appleking123|oh shit
|c| OUTK Down$hift|fffff
|
|t:|1618168545
|switch|p2a: Clefable|Clefable, M|100/100
|move|p1a: Crawdaunt|Knock Off|p2a: Clefable
|-resisted|p2a: Clefable
|-damage|p2a: Clefable|65/100
|-enditem|p2a: Clefable|Heavy-Duty Boots|[from] move: Knock Off|[of] p1a: Crawdaunt
|-damage|p1a: Crawdaunt|72/100 tox|[from] item: Life Orb
|
|-damage|p1a: Crawdaunt|60/100 tox|[from] psn
|upkeep
|turn|35
|l| Thesergio235
|c| VvvV1250|well it did nothing....
|c|☆isheavydead|welp im ded
|
|t:|1618168561
|switch|p2a: Toxapex|Toxapex, M|98/100
|move|p1a: Crawdaunt|Knock Off|p2a: Toxapex
|-damage|p2a: Toxapex|0 fnt
|-enditem|p2a: Toxapex|Black Sludge|[from] move: Knock Off|[of] p1a: Crawdaunt
|-damage|p1a: Crawdaunt|51/100 tox|[from] item: Life Orb
|faint|p2a: Toxapex
|
|-damage|p1a: Crawdaunt|33/100 tox|[from] psn
|upkeep
|
|t:|1618168565
|switch|p2a: Tapu Koko|Tapu Koko|86/100
|-fieldstart|move: Electric Terrain|[from] ability: Electric Surge|[of] p2a: Tapu Koko
|turn|36
|j| Thesergio235
|c| Appleking123|oh damn
|c| trolllordererr|isn't crawdaunt on rain always band
|
|t:|1618168571
|switch|p2a: Dragonite|Dragonite, M|100/100
|move|p1a: Crawdaunt|Knock Off|p2a: Dragonite
|-damage|p2a: Dragonite|32/100
|-enditem|p2a: Dragonite|Heavy-Duty Boots|[from] move: Knock Off|[of] p1a: Crawdaunt
|-damage|p1a: Crawdaunt|23/100 tox|[from] item: Life Orb
|
|-damage|p1a: Crawdaunt|0 fnt|[from] psn
|faint|p1a: Crawdaunt
|upkeep
|
|t:|1618168578
|switch|p1a: Tornadus|Tornadus-Therian, M|100/100
|turn|37
|c| Appleking123|jesus
|l| OUTK cool_man
|
|t:|1618168581
|switch|p2a: Tapu Koko|Tapu Koko|86/100
|move|p1a: Tornadus|Hurricane|p2a: Tapu Koko|[miss]
|-miss|p1a: Tornadus|p2a: Tapu Koko
|
|upkeep
|turn|38
|
|t:|1618168585
|switch|p1a: Blissey|Blissey, F|100/100
|move|p2a: Tapu Koko|U-turn|p1a: Blissey
|-damage|p1a: Blissey|86/100
|c| Appleking123|that team is battered
|
|t:|1618168588
|switch|p2a: Dragonite|Dragonite, M|32/100|[from]move: U-turn
|
|upkeep
|turn|39
|
|t:|1618168590
|move|p2a: Dragonite|Roost|p2a: Dragonite
|-heal|p2a: Dragonite|82/100
|-singleturn|p2a: Dragonite|move: Roost
|move|p1a: Blissey|Toxic|p2a: Dragonite
|-status|p2a: Dragonite|tox
|
|-damage|p2a: Dragonite|76/100 tox|[from] psn
|upkeep
|turn|40
|c| OUTK Down$hift|nice
|
|t:|1618168597
|switch|p2a: Tapu Koko|Tapu Koko|86/100
|move|p1a: Blissey|Teleport|p1a: Blissey
|
|t:|1618168605
|switch|p1a: Ferrothorn|Ferrothorn, M|61/100 brn|[from]move: Teleport
|-damage|p1a: Ferrothorn|55/100 brn|[from] Stealth Rock
|
|-damage|p1a: Ferrothorn|49/100 brn|[from] brn
|-fieldend|move: Electric Terrain
|upkeep
|turn|41
|c| Pugchampions 2020|miss
|
|t:|1618168608
|move|p2a: Tapu Koko|U-turn|p1a: Ferrothorn
|-damage|p1a: Ferrothorn|39/100 brn
|-damage|p2a: Tapu Koko|73/100|[from] ability: Iron Barbs|[of] p1a: Ferrothorn
|
|t:|1618168612
|switch|p2a: Excadrill|Excadrill, M|100/100|[from]move: U-turn
|-ability|p2a: Excadrill|Mold Breaker
|move|p1a: Ferrothorn|Leech Seed|p2a: Excadrill
|-start|p2a: Excadrill|move: Leech Seed
|
|-damage|p2a: Excadrill|88/100|[from] Leech Seed|[of] p1a: Ferrothorn
|-heal|p1a: Ferrothorn|52/100 brn|[silent]
|-damage|p1a: Ferrothorn|46/100 brn|[from] brn
|upkeep
|turn|42
|
|t:|1618168617
|switch|p2a: Blissey|Blissey, F|100/100
|move|p1a: Ferrothorn|Body Press|p2a: Blissey
|-supereffective|p2a: Blissey
|-damage|p2a: Blissey|75/100
|
|-damage|p1a: Ferrothorn|40/100 brn|[from] brn
|upkeep
|turn|43
|
|t:|1618168623
|move|p2a: Blissey|Aromatherapy|p2a: Blissey
|-activate|p2a: Blissey|move: Aromatherapy
|-curestatus|p2: Dragonite|tox|[msg]
|move|p1a: Ferrothorn|Stealth Rock|p2a: Blissey
|-sidestart|p2: SpookyZ|move: Stealth Rock
|
|-damage|p1a: Ferrothorn|33/100 brn|[from] brn
|upkeep
|turn|44
|l| Pugchampions 2020
|
|t:|1618168627
|switch|p2a: Excadrill|Excadrill, M|88/100
|-damage|p2a: Excadrill|85/100|[from] Stealth Rock
|-ability|p2a: Excadrill|Mold Breaker
|move|p1a: Ferrothorn|Spikes|p2a: Excadrill
|-sidestart|p2: SpookyZ|Spikes
|
|-heal|p2a: Excadrill|91/100|[from] item: Leftovers
|-damage|p1a: Ferrothorn|27/100 brn|[from] brn
|upkeep
|turn|45
|
|t:|1618168630
|switch|p2a: Dragonite|Dragonite, M|76/100
|-damage|p2a: Dragonite|51/100|[from] Stealth Rock
|switch|p1a: Pelipper|Pelipper, M|94/100 tox
|-damage|p1a: Pelipper|70/100 tox|[from] Stealth Rock
|-weather|RainDance|[from] ability: Drizzle|[of] p1a: Pelipper
|
|-weather|RainDance|[upkeep]
|-damage|p1a: Pelipper|63/100 tox|[from] psn
|upkeep
|turn|46
|j| Pugchampions 2020
|
|t:|1618168634
|move|p2a: Dragonite|Roost|p2a: Dragonite
|-heal|p2a: Dragonite|100/100
|-singleturn|p2a: Dragonite|move: Roost
|move|p1a: Pelipper|U-turn|p2a: Dragonite
|-damage|p2a: Dragonite|98/100
|
|t:|1618168636
|switch|p1a: Tornadus|Tornadus-Therian, M|100/100|[from]move: U-turn
|
|-weather|RainDance|[upkeep]
|upkeep
|turn|47
|
|t:|1618168641
|move|p1a: Tornadus|Nasty Plot|p1a: Tornadus
|-boost|p1a: Tornadus|spa|2
|move|p2a: Dragonite|Defog|p1a: Tornadus
|-unboost|p1a: Tornadus|evasion|1
|-sideend|p1: isheavydead|Stealth Rock|[from] move: Defog|[of] p2a: Dragonite
|-sideend|p2: SpookyZ|Spikes|[from] move: Defog|[of] p2a: Dragonite
|-sideend|p2: SpookyZ|Stealth Rock|[from] move: Defog|[of] p2a: Dragonite
|
|-weather|RainDance|[upkeep]
|upkeep
|turn|48
|
|t:|1618168648
|switch|p2a: Excadrill|Excadrill, M|91/100
|-ability|p2a: Excadrill|Mold Breaker
|move|p1a: Tornadus|Hurricane|p2a: Excadrill
|-resisted|p2a: Excadrill
|-damage|p2a: Excadrill|45/100
|
|-weather|RainDance|[upkeep]
|-heal|p2a: Excadrill|51/100|[from] item: Leftovers
|upkeep
|turn|49
|
|t:|1618168654
|move|p1a: Tornadus|Hurricane|p2a: Excadrill
|-resisted|p2a: Excadrill
|-damage|p2a: Excadrill|0 fnt
|faint|p2a: Excadrill
|
|-weather|RainDance|[upkeep]
|upkeep
|
|t:|1618168657
|switch|p2a: Tapu Koko|Tapu Koko|73/100
|-fieldstart|move: Electric Terrain|[from] ability: Electric Surge|[of] p2a: Tapu Koko
|turn|50
|
|t:|1618168662
|switch|p1a: Seismitoad|Seismitoad, F|75/100
|move|p2a: Tapu Koko|Thunderbolt|p1a: Seismitoad
|-immune|p1a: Seismitoad
|
|-weather|RainDance|[upkeep]
|upkeep
|turn|51
|j| Squirrelll
|l| Xizaaa
|
|t:|1618168667
|switch|p2a: Blissey|Blissey, F|75/100
|move|p1a: Seismitoad|Weather Ball|p2a: Blissey
|-damage|p2a: Blissey|37/100
|
|-weather|RainDance|[upkeep]
|upkeep
|turn|52
|l| Squirrelll
|c|☆isheavydead|um what
|c|☆SpookyZ|,
|
|t:|1618168675
|switch|p2a: Dragonite|Dragonite, M|98/100
|move|p1a: Seismitoad|Weather Ball|p2a: Dragonite
|-resisted|p2a: Dragonite
|-damage|p2a: Dragonite|62/100
|
|-weather|none
|upkeep
|turn|53
|c| Appleking123|strong
|
|t:|1618168682
|switch|p1a: Pelipper|Pelipper, M|63/100 tox
|-weather|RainDance|[from] ability: Drizzle|[of] p1a: Pelipper
|switch|p2a: Tapu Koko|Tapu Koko|73/100
|
|-weather|RainDance|[upkeep]
|-damage|p1a: Pelipper|57/100 tox|[from] psn
|upkeep
|turn|54
|
|t:|1618168690
|switch|p1a: Seismitoad|Seismitoad, F|75/100
|move|p2a: Tapu Koko|Dazzling Gleam|p1a: Seismitoad
|-damage|p1a: Seismitoad|28/100
|
|-weather|RainDance|[upkeep]
|-fieldend|move: Electric Terrain
|upkeep
|turn|55
|l| OUTK John
|
|t:|1618168709
|switch|p2a: Clefable|Clefable, M|65/100
|move|p1a: Seismitoad|Weather Ball|p2a: Clefable
|-crit|p2a: Clefable
|-damage|p2a: Clefable|0 fnt
|faint|p2a: Clefable
|
|-weather|RainDance|[upkeep]
|upkeep
|
|t:|1618168711
|switch|p2a: Dragonite|Dragonite, M|62/100
|turn|56
|
|t:|1618168715
|switch|p1a: Ferrothorn|Ferrothorn, M|27/100 brn
|move|p2a: Dragonite|Roost|p2a: Dragonite
|-heal|p2a: Dragonite|100/100
|-singleturn|p2a: Dragonite|move: Roost
|
|-weather|RainDance|[upkeep]
|-damage|p1a: Ferrothorn|21/100 brn|[from] brn
|upkeep
|turn|57
|c| Pugchampions 2020|oof
|
|t:|1618168720
|move|p2a: Dragonite|Flamethrower|p1a: Ferrothorn
|-supereffective|p1a: Ferrothorn
|-damage|p1a: Ferrothorn|0 fnt
|faint|p1a: Ferrothorn
|
|-weather|RainDance|[upkeep]
|upkeep
|
|t:|1618168725
|switch|p1a: Blissey|Blissey, F|86/100
|turn|58
|
|t:|1618168728
|switch|p2a: Blissey|Blissey, F|37/100
|move|p1a: Blissey|Toxic|p2a: Blissey
|-status|p2a: Blissey|tox
|
|-weather|RainDance|[upkeep]
|-damage|p2a: Blissey|31/100 tox|[from] psn
|upkeep
|turn|59
|j| Amaterus
|
|t:|1618168732
|move|p1a: Blissey|Seismic Toss|p2a: Blissey
|-damage|p2a: Blissey|17/100 tox
|move|p2a: Blissey|Soft-Boiled|p2a: Blissey
|-heal|p2a: Blissey|67/100 tox
|
|-weather|RainDance|[upkeep]
|-damage|p2a: Blissey|55/100 tox|[from] psn
|upkeep
|turn|60
|
|t:|1618168739
|move|p2a: Blissey|Aromatherapy|p2a: Blissey
|-activate|p2a: Blissey|move: Aromatherapy
|-curestatus|p2a: Blissey|tox|[msg]
|move|p1a: Blissey|Seismic Toss|p2a: Blissey
|-damage|p2a: Blissey|41/100
|
|-weather|none
|upkeep
|turn|61
|
|t:|1618168742
|move|p2a: Blissey|Soft-Boiled|p2a: Blissey
|-heal|p2a: Blissey|91/100
|move|p1a: Blissey|Toxic|p2a: Blissey
|-status|p2a: Blissey|tox
|
|-damage|p2a: Blissey|85/100 tox|[from] psn
|upkeep
|turn|62
|
|t:|1618168746
|switch|p2a: Dragonite|Dragonite, M|100/100
|move|p1a: Blissey|Teleport|p1a: Blissey
|c| Pugchampions 2020|stalltime.mp4
|
|t:|1618168749
|switch|p1a: Tornadus|Tornadus-Therian, M|100/100|[from]move: Teleport
|
|upkeep
|turn|63
|
|t:|1618168751
|switch|p2a: Tapu Koko|Tapu Koko|73/100
|-fieldstart|move: Electric Terrain|[from] ability: Electric Surge|[of] p2a: Tapu Koko
|move|p1a: Tornadus|Hurricane|p2a: Tapu Koko
|-resisted|p2a: Tapu Koko
|-damage|p2a: Tapu Koko|37/100
|
|upkeep
|turn|64
|
|t:|1618168757
|switch|p1a: Blissey|Blissey, F|86/100
|move|p2a: Tapu Koko|Roost|p2a: Tapu Koko
|-heal|p2a: Tapu Koko|87/100
|-singleturn|p2a: Tapu Koko|move: Roost
|
|upkeep
|turn|65
|l| Tenebricite
|
|t:|1618168760
|move|p2a: Tapu Koko|U-turn|p1a: Blissey
|-damage|p1a: Blissey|72/100
|j| Tenebricite
|
|t:|1618168764
|switch|p2a: Blissey|Blissey, F|85/100|[from]move: U-turn
|move|p1a: Blissey|Teleport|p1a: Blissey
|
|t:|1618168768
|switch|p1a: Tornadus|Tornadus-Therian, M|100/100|[from]move: Teleport
|
|upkeep
|turn|66
|
|t:|1618168771
|move|p1a: Tornadus|Nasty Plot|p1a: Tornadus
|-boost|p1a: Tornadus|spa|2
|move|p2a: Blissey|Toxic|p1a: Tornadus
|-status|p1a: Tornadus|tox
|
|-damage|p1a: Tornadus|94/100 tox|[from] psn
|upkeep
|turn|67
|
|t:|1618168774
|move|p1a: Tornadus|Focus Blast|p2a: Blissey
|-supereffective|p2a: Blissey
|-damage|p2a: Blissey|33/100
|move|p2a: Blissey|Soft-Boiled|p2a: Blissey
|-heal|p2a: Blissey|83/100
|
|-damage|p1a: Tornadus|82/100 tox|[from] psn
|-fieldend|move: Electric Terrain
|upkeep
|turn|68
|
|t:|1618168794
|move|p1a: Tornadus|Nasty Plot|p1a: Tornadus
|-boost|p1a: Tornadus|spa|2
|move|p2a: Blissey|Soft-Boiled|p2a: Blissey
|-heal|p2a: Blissey|100/100
|
|-damage|p1a: Tornadus|64/100 tox|[from] psn
|upkeep
|turn|69
|c| Appleking123|and this is why we bring multiple physical attacker
|l| Thesergio235
|l| Tenebricite
|
|t:|1618168814
|move|p1a: Tornadus|Focus Blast|p2a: Blissey
|-supereffective|p2a: Blissey
|-damage|p2a: Blissey|25/100
|move|p2a: Blissey|Soft-Boiled|p2a: Blissey
|-heal|p2a: Blissey|75/100
|
|-damage|p1a: Tornadus|40/100 tox|[from] psn
|upkeep
|turn|70
|c| Pugchampions 2020|you either get shut down by one of the blobs
|l| yhiuyh
|c| VvvV1250|roll the drums
|
|t:|1618168829
|switch|p2a: Dragonite|Dragonite, M|100/100
|move|p1a: Tornadus|Hurricane|p2a: Dragonite
|-damage|p2a: Dragonite|37/100
|
|-damage|p1a: Tornadus|10/100 tox|[from] psn
|upkeep
|turn|71
|l| UnzipsCrogre
|c| Pugchampions 2020|*bum* *bum*
|c| Amaterus|spookyZ nooo
|inactive|SpookyZ has 120 seconds left.
|c| Appleking123|play the royalty free music
|
|t:|1618168860
|switch|p1a: Blissey|Blissey, F|72/100
|switch|p2a: Blissey|Blissey, F|75/100
|
|upkeep
|turn|72
|
|t:|1618168865
|switch|p2a: Dragonite|Dragonite, M|37/100
|move|p1a: Blissey|Teleport|p1a: Blissey
|
|t:|1618168867
|switch|p1a: Tornadus|Tornadus-Therian, M|44/100 tox|[from]move: Teleport
|
|-damage|p1a: Tornadus|38/100 tox|[from] psn
|upkeep
|turn|73
|j| monsareeasy
|j| yhiuyh
|
|t:|1618168879
|switch|p1a: Seismitoad|Seismitoad, F|28/100
|move|p2a: Dragonite|Flamethrower|p1a: Seismitoad
|-resisted|p1a: Seismitoad
|-damage|p1a: Seismitoad|15/100
|
|upkeep
|turn|74
|
|t:|1618168883
|move|p1a: Seismitoad|Earth Power|p2a: Dragonite
|-immune|p2a: Dragonite
|move|p2a: Dragonite|Earthquake|p1a: Seismitoad
|-damage|p1a: Seismitoad|0 fnt
|faint|p1a: Seismitoad
|
|upkeep
|
|t:|1618168886
|switch|p1a: Tornadus|Tornadus-Therian, M|71/100 tox
|turn|75
|
|t:|1618168889
|switch|p2a: Tapu Koko|Tapu Koko|87/100
|-fieldstart|move: Electric Terrain|[from] ability: Electric Surge|[of] p2a: Tapu Koko
|move|p1a: Tornadus|Hurricane|p2a: Tapu Koko
|-resisted|p2a: Tapu Koko
|-damage|p2a: Tapu Koko|48/100
|-start|p2a: Tapu Koko|confusion
|
|-damage|p1a: Tornadus|65/100 tox|[from] psn
|upkeep
|turn|76
|
|t:|1618168892
|switch|p1a: Blissey|Blissey, F|72/100
|-activate|p2a: Tapu Koko|confusion
|-damage|p2a: Tapu Koko|34/100|[from] confusion
|
|upkeep
|turn|77
|
|t:|1618168896
|-activate|p2a: Tapu Koko|confusion
|-damage|p2a: Tapu Koko|21/100|[from] confusion
|move|p1a: Blissey|Toxic|p2a: Tapu Koko
|-status|p2a: Tapu Koko|tox
|
|-damage|p2a: Tapu Koko|15/100 tox|[from] psn
|upkeep
|turn|78
|c| Amaterus|,
|
|t:|1618168900
|switch|p2a: Blissey|Blissey, F|75/100
|move|p1a: Blissey|Teleport|p1a: Blissey
|c|☆SpookyZ|kek
|c| monsareeasy|l2p
|
|t:|1618168902
|switch|p1a: Tornadus|Tornadus-Therian, M|98/100 tox|[from]move: Teleport
|
|-damage|p1a: Tornadus|92/100 tox|[from] psn
|upkeep
|turn|79
|
|t:|1618168905
|move|p1a: Tornadus|Nasty Plot|p1a: Tornadus
|-boost|p1a: Tornadus|spa|2
|move|p2a: Blissey|Seismic Toss|p1a: Tornadus
|-damage|p1a: Tornadus|59/100 tox
|
|-damage|p1a: Tornadus|47/100 tox|[from] psn
|-fieldend|move: Electric Terrain
|upkeep
|turn|80
|n| Allistairrr|lt71lxallistair
|
|t:|1618168909
|switch|p1a: Pelipper|Pelipper, M|57/100 tox
|-weather|RainDance|[from] ability: Drizzle|[of] p1a: Pelipper
|move|p2a: Blissey|Soft-Boiled|p2a: Blissey
|-heal|p2a: Blissey|100/100
|
|-weather|RainDance|[upkeep]
|-damage|p1a: Pelipper|51/100 tox|[from] psn
|upkeep
|turn|81
|c| Pugchampions 2020|play candyland from ncs
|
|t:|1618168915
|move|p1a: Pelipper|U-turn|p2a: Blissey
|-damage|p2a: Blissey|93/100
|
|t:|1618168917
|switch|p1a: Blissey|Blissey, F|72/100|[from]move: U-turn
|move|p2a: Blissey|Aromatherapy|p2a: Blissey
|-activate|p2a: Blissey|move: Aromatherapy
|-curestatus|p2: Tapu Koko|tox|[msg]
|
|-weather|RainDance|[upkeep]
|upkeep
|turn|82
|c| Appleking123|doo doo doo doo doo doo
|c|☆SpookyZ|man my koko should be over half
|j| Fated Keys Goon 3
|
|t:|1618168931
|move|p2a: Blissey|Toxic|p1a: Blissey
|-status|p1a: Blissey|tox
|move|p1a: Blissey|Toxic|p2a: Blissey
|-status|p2a: Blissey|tox
|
|-weather|RainDance|[upkeep]
|-damage|p2a: Blissey|87/100 tox|[from] psn
|-damage|p1a: Blissey|66/100 tox|[from] psn
|upkeep
|turn|83
|
|t:|1618168937
|move|p2a: Blissey|Aromatherapy|p2a: Blissey
|-activate|p2a: Blissey|move: Aromatherapy
|-curestatus|p2a: Blissey|tox|[msg]
|move|p1a: Blissey|Teleport|p1a: Blissey
|
|t:|1618168942
|-curestatus|p1a: Blissey|tox|[from] ability: Natural Cure
|switch|p1a: Tornadus|Tornadus-Therian, M|80/100 tox|[from]move: Teleport
|
|-weather|RainDance|[upkeep]
|-damage|p1a: Tornadus|74/100 tox|[from] psn
|upkeep
|turn|84
|
|t:|1618168945
|switch|p1a: Blissey|Blissey, F|66/100
|move|p2a: Blissey|Seismic Toss|p1a: Blissey
|-damage|p1a: Blissey|52/100
|
|-weather|RainDance|[upkeep]
|upkeep
|turn|85
|
|t:|1618168949
|switch|p2a: Dragonite|Dragonite, M|37/100
|move|p1a: Blissey|Toxic|p2a: Dragonite
|-status|p2a: Dragonite|tox
|
|-weather|RainDance|[upkeep]
|-damage|p2a: Dragonite|31/100 tox|[from] psn
|upkeep
|turn|86
|c| Appleking123|whenever blissey has aromatherapy the game lasts 10 years
|
|t:|1618168952
|move|p2a: Dragonite|Roost|p2a: Dragonite
|-heal|p2a: Dragonite|81/100 tox
|-singleturn|p2a: Dragonite|move: Roost
|move|p1a: Blissey|Seismic Toss|p2a: Dragonite
|-damage|p2a: Dragonite|55/100 tox
|
|-weather|RainDance|[upkeep]
|-damage|p2a: Dragonite|42/100 tox|[from] psn
|upkeep
|turn|87
|
|t:|1618168956
|move|p2a: Dragonite|Roost|p2a: Dragonite
|-heal|p2a: Dragonite|92/100 tox
|-singleturn|p2a: Dragonite|move: Roost
|move|p1a: Blissey|Toxic|p2a: Dragonite
|-fail|p2a: Dragonite|tox
|
|-weather|none
|-damage|p2a: Dragonite|74/100 tox|[from] psn
|upkeep
|turn|88
|j| WSMoe
|c| Pugchampions 2020|tru
|
|t:|1618168959
|switch|p2a: Blissey|Blissey, F|87/100
|move|p1a: Blissey|Toxic|p2a: Blissey
|-status|p2a: Blissey|tox
|
|-damage|p2a: Blissey|81/100 tox|[from] psn
|upkeep
|turn|89
|
|t:|1618168962
|-curestatus|p2a: Blissey|tox|[from] ability: Natural Cure
|switch|p2a: Dragonite|Dragonite, M|74/100 tox
|move|p1a: Blissey|Toxic|p2a: Dragonite
|-fail|p2a: Dragonite|tox
|
|-damage|p2a: Dragonite|68/100 tox|[from] psn
|upkeep
|turn|90
|c| Pugchampions 2020|boutta be here 200 turns
|c| s1mpp|Apple king
|l| WSMoe
|c| s1mpp|pls do me a favour
|
|t:|1618168968
|switch|p2a: Blissey|Blissey, F|81/100
|move|p1a: Blissey|Soft-Boiled|p1a: Blissey
|-heal|p1a: Blissey|100/100
|
|upkeep
|turn|91
|c| Appleking123|no
|
|t:|1618168972
|switch|p2a: Dragonite|Dragonite, M|68/100 tox
|move|p1a: Blissey|Teleport|p1a: Blissey
|
|t:|1618168974
|switch|p1a: Tornadus|Tornadus-Therian, M|100/100 tox|[from]move: Teleport
|
|-damage|p1a: Tornadus|94/100 tox|[from] psn
|-damage|p2a: Dragonite|61/100 tox|[from] psn
|upkeep
|turn|92
|c| s1mpp|Stop
|
|t:|1618168979
|switch|p2a: Tapu Koko|Tapu Koko|15/100
|-fieldstart|move: Electric Terrain|[from] ability: Electric Surge|[of] p2a: Tapu Koko
|move|p1a: Tornadus|Nasty Plot|p1a: Tornadus
|-boost|p1a: Tornadus|spa|2
|
|-damage|p1a: Tornadus|82/100 tox|[from] psn
|upkeep
|turn|93
|
|t:|1618168983
|move|p2a: Tapu Koko|Roost|p2a: Tapu Koko
|-heal|p2a: Tapu Koko|65/100
|-singleturn|p2a: Tapu Koko|move: Roost
|move|p1a: Tornadus|Hurricane|p2a: Tapu Koko|[miss]
|-miss|p1a: Tornadus|p2a: Tapu Koko
|
|-damage|p1a: Tornadus|64/100 tox|[from] psn
|upkeep
|turn|94
|
|t:|1618168987
|switch|p1a: Blissey|Blissey, F|100/100
|move|p2a: Tapu Koko|Roost|p2a: Tapu Koko
|-heal|p2a: Tapu Koko|100/100
|-singleturn|p2a: Tapu Koko|move: Roost
|
|upkeep
|turn|95
|c| monsareeasy|GOAT
|
|t:|1618168989
|move|p2a: Tapu Koko|U-turn|p1a: Blissey
|-damage|p1a: Blissey|87/100
|c|☆SpookyZ|that justice,.
|
|t:|1618168997
|switch|p2a: Blissey|Blissey, F|81/100|[from]move: U-turn
|move|p1a: Blissey|Toxic|p2a: Blissey
|-status|p2a: Blissey|tox
|
|-damage|p2a: Blissey|74/100 tox|[from] psn
|upkeep
|turn|96
|c| Appleking123|i will not
|
|t:|1618169002
|-curestatus|p2a: Blissey|tox|[from] ability: Natural Cure
|switch|p2a: Tapu Koko|Tapu Koko|100/100
|move|p1a: Blissey|Teleport|p1a: Blissey
|
|t:|1618169006
|switch|p1a: Pelipper|Pelipper, M|51/100 tox|[from]move: Teleport
|-weather|RainDance|[from] ability: Drizzle|[of] p1a: Pelipper
|
|-weather|RainDance|[upkeep]
|-damage|p1a: Pelipper|45/100 tox|[from] psn
|-fieldend|move: Electric Terrain
|upkeep
|turn|97
|
|t:|1618169009
|switch|p1a: Blissey|Blissey, F|87/100
|move|p2a: Tapu Koko|Thunderbolt|p1a: Blissey
|-damage|p1a: Blissey|74/100
|
|-weather|RainDance|[upkeep]
|upkeep
|turn|98
|c| Appleking123|ooof
|
|t:|1618169011
|move|p2a: Tapu Koko|U-turn|p1a: Blissey
|-damage|p1a: Blissey|60/100
|c| trolllordererr|is this game gonna come down to pp
|
|t:|1618169013
|switch|p2a: Blissey|Blissey, F|74/100|[from]move: U-turn
|move|p1a: Blissey|Teleport|p1a: Blissey
|
|t:|1618169015
|switch|p1a: Tornadus|Tornadus-Therian, M|98/100 tox|[from]move: Teleport
|
|-weather|RainDance|[upkeep]
|-damage|p1a: Tornadus|92/100 tox|[from] psn
|upkeep
|turn|99
|j| UnzipsCrogre
|
|t:|1618169018
|switch|p2a: Tapu Koko|Tapu Koko|100/100
|-fieldstart|move: Electric Terrain|[from] ability: Electric Surge|[of] p2a: Tapu Koko
|move|p1a: Tornadus|Hurricane|p2a: Tapu Koko
|-resisted|p2a: Tapu Koko
|-damage|p2a: Tapu Koko|62/100
|-start|p2a: Tapu Koko|confusion
|
|-weather|RainDance|[upkeep]
|-damage|p1a: Tornadus|80/100 tox|[from] psn
|upkeep
|turn|100
|
|t:|1618169024
|-activate|p2a: Tapu Koko|confusion
|-damage|p2a: Tapu Koko|49/100|[from] confusion
|move|p1a: Tornadus|Hurricane|p2a: Tapu Koko
|-resisted|p2a: Tapu Koko
|-damage|p2a: Tapu Koko|8/100
|
|-weather|RainDance|[upkeep]
|-damage|p1a: Tornadus|62/100 tox|[from] psn
|upkeep
|turn|101
|c|☆isheavydead|LMAO
|c|☆SpookyZ|,
|c| Appleking123|oh damn
|c| OUTK Down$hift|skill
|
|t:|1618169033
|switch|p1a: Blissey|Blissey, F|60/100
|-activate|p2a: Tapu Koko|confusion
|-damage|p2a: Tapu Koko|0 fnt|[from] confusion
|faint|p2a: Tapu Koko
|
|-weather|RainDance|[upkeep]
|upkeep
|c|☆SpookyZ|m,
|c|☆SpookyZ|,
|c|☆isheavydead|omg
|c| OUTK Down$hift|skill him again
|c|☆SpookyZ|,asdjh
|c|☆isheavydead|omfg
|c|☆isheavydead|omfg
|c| Appleking123|yooooo
|c|☆isheavydead|omfg
|c|☆isheavydead|omfg
|c|☆isheavydead|omfg
|c| Appleking123|finally
|c| OUTK Down$hift|lelllllll
|c|☆isheavydead|s1mpp
|c| VvvV1250|spooky has an advantage,
|c|☆isheavydead|SpookyZ
|
|t:|1618169046
|switch|p2a: Dragonite|Dragonite, M|61/100 tox
|turn|102
|c|☆isheavydead|the INTENSE
|c|☆SpookyZ|kek
|c|☆isheavydead|hax
|c| Appleking123|fear
|
|t:|1618169053
|switch|p2a: Blissey|Blissey, F|74/100
|move|p1a: Blissey|Soft-Boiled|p1a: Blissey
|-heal|p1a: Blissey|100/100
|
|-weather|RainDance|[upkeep]
|upkeep
|turn|103
|c| Pugchampions 2020|intense pokemon gaming
|
|t:|1618169059
|switch|p2a: Dragonite|Dragonite, M|61/100 tox
|move|p1a: Blissey|Teleport|p1a: Blissey
|c| OUTK Down$hift|its ovah
|
|t:|1618169060
|switch|p1a: Tornadus|Tornadus-Therian, M|95/100 tox|[from]move: Teleport
|
|-weather|none
|-damage|p1a: Tornadus|89/100 tox|[from] psn
|-damage|p2a: Dragonite|55/100 tox|[from] psn
|-fieldend|move: Electric Terrain
|upkeep
|turn|104
|c| s1mpp|What isheavydead
|
|t:|1618169071
|switch|p1a: Blissey|Blissey, F|100/100
|switch|p2a: Blissey|Blissey, F|74/100
|
|upkeep
|turn|105
|c|☆isheavydead|s1mpp sorry i pinged u by accident
|c| s1mpp|Dw lol
|c| Pugchampions 2020|turn 100
|c| VvvV1250|damn, it's pay back for 3 pump misses ?
|inactive|SpookyZ has 120 seconds left.
|raw|<div class="broadcast-red"><strong>Moderated chat was set to trusted!</strong><br />Only users of rank trusted and higher can talk.</div>
|c|☆SpookyZ|t
|
|t:|1618169112
|switch|p2a: Dragonite|Dragonite, M|55/100 tox
|switch|p1a: Tornadus|Tornadus-Therian, M|100/100 tox
|
|-damage|p1a: Tornadus|94/100 tox|[from] psn
|-damage|p2a: Dragonite|49/100 tox|[from] psn
|upkeep
|turn|106
|
|t:|1618169115
|switch|p1a: Blissey|Blissey, F|100/100
|switch|p2a: Blissey|Blissey, F|74/100
|
|upkeep
|turn|107
|
|t:|1618169119
|switch|p1a: Tornadus|Tornadus-Therian, M|100/100 tox
|move|p2a: Blissey|Aromatherapy|p2a: Blissey
|-activate|p2a: Blissey|move: Aromatherapy
|-curestatus|p2: Dragonite|tox|[msg]
|
|-damage|p1a: Tornadus|94/100 tox|[from] psn
|upkeep
|turn|108
|
|t:|1618169124
|switch|p1a: Blissey|Blissey, F|100/100
|move|p2a: Blissey|Seismic Toss|p1a: Blissey
|-damage|p1a: Blissey|86/100
|
|upkeep
|turn|109
|
|t:|1618169129
|move|p2a: Blissey|Seismic Toss|p1a: Blissey
|-damage|p1a: Blissey|72/100
|move|p1a: Blissey|Teleport|p1a: Blissey
|
|t:|1618169132
|switch|p1a: Tornadus|Tornadus-Therian, M|100/100 tox|[from]move: Teleport
|
|-damage|p1a: Tornadus|94/100 tox|[from] psn
|upkeep
|turn|110
|
|t:|1618169135
|move|p1a: Tornadus|Nasty Plot|p1a: Tornadus
|-boost|p1a: Tornadus|spa|2
|move|p2a: Blissey|Seismic Toss|p1a: Tornadus
|-damage|p1a: Tornadus|61/100 tox
|
|-damage|p1a: Tornadus|49/100 tox|[from] psn
|upkeep
|turn|111
|
|t:|1618169138
|switch|p1a: Blissey|Blissey, F|72/100
|move|p2a: Blissey|Seismic Toss|p1a: Blissey
|-damage|p1a: Blissey|58/100
|
|upkeep
|turn|112
|
|t:|1618169141
|switch|p2a: Dragonite|Dragonite, M|49/100
|move|p1a: Blissey|Toxic|p2a: Dragonite
|-status|p2a: Dragonite|tox
|
|-damage|p2a: Dragonite|43/100 tox|[from] psn
|upkeep
|turn|113
|
|t:|1618169146
|move|p2a: Dragonite|Roost|p2a: Dragonite
|-heal|p2a: Dragonite|93/100 tox
|-singleturn|p2a: Dragonite|move: Roost
|move|p1a: Blissey|Seismic Toss|p2a: Dragonite
|-damage|p2a: Dragonite|67/100 tox
|
|-damage|p2a: Dragonite|54/100 tox|[from] psn
|upkeep
|turn|114
|
|t:|1618169149
|switch|p2a: Blissey|Blissey, F|74/100
|move|p1a: Blissey|Seismic Toss|p2a: Blissey
|-damage|p2a: Blissey|60/100
|
|upkeep
|turn|115
|
|t:|1618169156
|move|p2a: Blissey|Aromatherapy|p2a: Blissey
|-activate|p2a: Blissey|move: Aromatherapy
|-curestatus|p2: Dragonite|tox|[msg]
|move|p1a: Blissey|Soft-Boiled|p1a: Blissey
|-heal|p1a: Blissey|100/100
|
|upkeep
|turn|116
|
|t:|1618169164
|switch|p1a: Tornadus|Tornadus-Therian, M|82/100 tox
|move|p2a: Blissey|Soft-Boiled|p2a: Blissey
|-heal|p2a: Blissey|100/100
|
|-damage|p1a: Tornadus|76/100 tox|[from] psn
|upkeep
|turn|117
|
|t:|1618169168
|switch|p1a: Blissey|Blissey, F|100/100
|move|p2a: Blissey|Seismic Toss|p1a: Blissey
|-damage|p1a: Blissey|86/100
|
|upkeep
|turn|118
|c|☆isheavydead|u can still win tho
|
|t:|1618169178
|switch|p1a: Tornadus|Tornadus-Therian, M|100/100 tox
|move|p2a: Blissey|Toxic|p1a: Tornadus
|-fail|p1a: Tornadus|tox
|
|-damage|p1a: Tornadus|94/100 tox|[from] psn
|upkeep
|turn|119
|c|☆SpookyZ|-__
|
|t:|1618169181
|switch|p1a: Blissey|Blissey, F|86/100
|switch|p2a: Dragonite|Dragonite, M|54/100
|
|upkeep
|turn|120
|
|t:|1618169187
|switch|p2a: Blissey|Blissey, F|100/100
|switch|p1a: Tornadus|Tornadus-Therian, M|100/100 tox
|
|-damage|p1a: Tornadus|94/100 tox|[from] psn
|upkeep
|turn|121
|
|t:|1618169190
|switch|p1a: Pelipper|Pelipper, M|45/100 tox
|-weather|RainDance|[from] ability: Drizzle|[of] p1a: Pelipper
|switch|p2a: Dragonite|Dragonite, M|54/100
|
|-weather|RainDance|[upkeep]
|-damage|p1a: Pelipper|39/100 tox|[from] psn
|upkeep
|turn|122
|
|t:|1618169194
|move|p2a: Dragonite|Roost|p2a: Dragonite
|-heal|p2a: Dragonite|100/100
|-singleturn|p2a: Dragonite|move: Roost
|move|p1a: Pelipper|Roost|p1a: Pelipper
|-heal|p1a: Pelipper|89/100 tox
|-singleturn|p1a: Pelipper|move: Roost
|
|-weather|RainDance|[upkeep]
|-damage|p1a: Pelipper|76/100 tox|[from] psn
|upkeep
|turn|123
|
|t:|1618169196
|switch|p2a: Blissey|Blissey, F|100/100
|move|p1a: Pelipper|U-turn|p2a: Blissey
|-damage|p2a: Blissey|93/100
|c|☆SpookyZ|win as in lose
|
|t:|1618169200
|switch|p1a: Blissey|Blissey, F|86/100|[from]move: U-turn
|
|-weather|RainDance|[upkeep]
|upkeep
|turn|124
|
|t:|1618169204
|switch|p1a: Tornadus|Tornadus-Therian, M|100/100 tox
|move|p2a: Blissey|Seismic Toss|p1a: Tornadus
|-damage|p1a: Tornadus|67/100 tox
|
|-weather|RainDance|[upkeep]
|-damage|p1a: Tornadus|61/100 tox|[from] psn
|upkeep
|turn|125
|
|t:|1618169206
|switch|p1a: Blissey|Blissey, F|86/100
|switch|p2a: Dragonite|Dragonite, M|100/100
|
|-weather|RainDance|[upkeep]
|upkeep
|turn|126
|
|t:|1618169209
|switch|p2a: Blissey|Blissey, F|93/100
|switch|p1a: Tornadus|Tornadus-Therian, M|94/100 tox
|
|-weather|RainDance|[upkeep]
|-damage|p1a: Tornadus|88/100 tox|[from] psn
|upkeep
|turn|127
|
|t:|1618169213
|switch|p1a: Blissey|Blissey, F|86/100
|switch|p2a: Dragonite|Dragonite, M|100/100
|
|-weather|RainDance|[upkeep]
|upkeep
|turn|128
|
|t:|1618169216
|switch|p2a: Blissey|Blissey, F|93/100
|switch|p1a: Tornadus|Tornadus-Therian, M|100/100 tox
|
|-weather|none
|-damage|p1a: Tornadus|94/100 tox|[from] psn
|upkeep
|turn|129
|
|t:|1618169219
|switch|p2a: Dragonite|Dragonite, M|100/100
|move|p1a: Tornadus|Nasty Plot|p1a: Tornadus
|-boost|p1a: Tornadus|spa|2
|
|-damage|p1a: Tornadus|82/100 tox|[from] psn
|upkeep
|turn|130
|
|t:|1618169225
|switch|p2a: Blissey|Blissey, F|93/100
|move|p1a: Tornadus|Nasty Plot|p1a: Tornadus
|-boost|p1a: Tornadus|spa|2
|
|-damage|p1a: Tornadus|64/100 tox|[from] psn
|upkeep
|turn|131
|
|t:|1618169231
|move|p1a: Tornadus|Nasty Plot|p1a: Tornadus
|-boost|p1a: Tornadus|spa|2
|move|p2a: Blissey|Seismic Toss|p1a: Tornadus
|-damage|p1a: Tornadus|31/100 tox
|
|-damage|p1a: Tornadus|7/100 tox|[from] psn
|upkeep
|turn|132
|
|t:|1618169234
|switch|p1a: Blissey|Blissey, F|86/100
|switch|p2a: Dragonite|Dragonite, M|100/100
|
|upkeep
|turn|133
|
|t:|1618169239
|switch|p1a: Pelipper|Pelipper, M|76/100 tox
|-weather|RainDance|[from] ability: Drizzle|[of] p1a: Pelipper
|move|p2a: Dragonite|Flamethrower|p1a: Pelipper
|-resisted|p1a: Pelipper
|-damage|p1a: Pelipper|70/100 tox
|
|-weather|RainDance|[upkeep]
|-damage|p1a: Pelipper|64/100 tox|[from] psn
|upkeep
|turn|134
|
|t:|1618169242
|switch|p2a: Blissey|Blissey, F|93/100
|switch|p1a: Blissey|Blissey, F|86/100
|
|-weather|RainDance|[upkeep]
|upkeep
|turn|135
|
|t:|1618169253
|switch|p2a: Dragonite|Dragonite, M|100/100
|move|p1a: Blissey|Teleport|p1a: Blissey
|
|t:|1618169255
|switch|p1a: Tornadus|Tornadus-Therian, M|40/100 tox|[from]move: Teleport
|
|-weather|RainDance|[upkeep]
|-damage|p1a: Tornadus|34/100 tox|[from] psn
|upkeep
|turn|136
|
|t:|1618169257
|switch|p1a: Blissey|Blissey, F|86/100
|switch|p2a: Blissey|Blissey, F|93/100
|
|-weather|RainDance|[upkeep]
|upkeep
|turn|137
|
|t:|1618169261
|switch|p1a: Tornadus|Tornadus-Therian, M|68/100 tox
|move|p2a: Blissey|Seismic Toss|p1a: Tornadus
|-damage|p1a: Tornadus|34/100 tox
|
|-weather|RainDance|[upkeep]
|-damage|p1a: Tornadus|29/100 tox|[from] psn
|upkeep
|turn|138
|
|t:|1618169270
|switch|p1a: Blissey|Blissey, F|86/100
|switch|p2a: Dragonite|Dragonite, M|100/100
|
|-weather|RainDance|[upkeep]
|upkeep
|turn|139
|
|t:|1618169275
|switch|p2a: Blissey|Blissey, F|93/100
|switch|p1a: Tornadus|Tornadus-Therian, M|62/100 tox
|
|-weather|RainDance|[upkeep]
|-damage|p1a: Tornadus|56/100 tox|[from] psn
|upkeep
|turn|140
|
|t:|1618169281
|switch|p1a: Blissey|Blissey, F|86/100
|switch|p2a: Dragonite|Dragonite, M|100/100
|
|-weather|none
|upkeep
|turn|141
|
|t:|1618169288
|switch|p2a: Blissey|Blissey, F|93/100
|switch|p1a: Tornadus|Tornadus-Therian, M|89/100 tox
|
|-damage|p1a: Tornadus|83/100 tox|[from] psn
|upkeep
|turn|142
|
|t:|1618169301
|switch|p1a: Blissey|Blissey, F|86/100
|switch|p2a: Dragonite|Dragonite, M|100/100
|
|upkeep
|turn|143
|
|t:|1618169305
|switch|p2a: Blissey|Blissey, F|93/100
|switch|p1a: Tornadus|Tornadus-Therian, M|100/100 tox
|
|-damage|p1a: Tornadus|94/100 tox|[from] psn
|upkeep
|turn|144
|
|t:|1618169309
|switch|p1a: Blissey|Blissey, F|86/100
|move|p2a: Blissey|Seismic Toss|p1a: Blissey
|-damage|p1a: Blissey|72/100
|
|upkeep
|turn|145
|
|t:|1618169311
|switch|p1a: Pelipper|Pelipper, M|64/100 tox
|-weather|RainDance|[from] ability: Drizzle|[of] p1a: Pelipper
|switch|p2a: Dragonite|Dragonite, M|100/100
|
|-weather|RainDance|[upkeep]
|-damage|p1a: Pelipper|57/100 tox|[from] psn
|upkeep
|turn|146
|
|t:|1618169313
|switch|p2a: Blissey|Blissey, F|93/100
|move|p1a: Pelipper|U-turn|p2a: Blissey
|-damage|p2a: Blissey|86/100
|
|t:|1618169315
|switch|p1a: Blissey|Blissey, F|72/100|[from]move: U-turn
|
|-weather|RainDance|[upkeep]
|upkeep
|turn|147
|
|t:|1618169321
|switch|p1a: Tornadus|Tornadus-Therian, M|100/100 tox
|move|p2a: Blissey|Seismic Toss|p1a: Tornadus
|-damage|p1a: Tornadus|67/100 tox
|
|-weather|RainDance|[upkeep]
|-damage|p1a: Tornadus|61/100 tox|[from] psn
|upkeep
|turn|148
|
|t:|1618169323
|switch|p1a: Blissey|Blissey, F|72/100
|switch|p2a: Dragonite|Dragonite, M|100/100
|
|-weather|RainDance|[upkeep]
|upkeep
|turn|149
|
|t:|1618169327
|switch|p2a: Blissey|Blissey, F|86/100
|switch|p1a: Tornadus|Tornadus-Therian, M|94/100 tox
|
|-weather|RainDance|[upkeep]
|-damage|p1a: Tornadus|88/100 tox|[from] psn
|upkeep
|turn|150
|
|t:|1618169331
|switch|p1a: Blissey|Blissey, F|72/100
|switch|p2a: Dragonite|Dragonite, M|100/100
|
|-weather|RainDance|[upkeep]
|upkeep
|turn|151
|
|t:|1618169338
|switch|p2a: Blissey|Blissey, F|86/100
|switch|p1a: Tornadus|Tornadus-Therian, M|100/100 tox
|
|-weather|RainDance|[upkeep]
|-damage|p1a: Tornadus|94/100 tox|[from] psn
|upkeep
|turn|152
|
|t:|1618169341
|switch|p1a: Blissey|Blissey, F|72/100
|switch|p2a: Dragonite|Dragonite, M|100/100
|
|-weather|none
|upkeep
|turn|153
|
|t:|1618169343
|switch|p2a: Blissey|Blissey, F|86/100
|switch|p1a: Tornadus|Tornadus-Therian, M|100/100 tox
|
|-damage|p1a: Tornadus|94/100 tox|[from] psn
|upkeep
|turn|154
|
|t:|1618169347
|switch|p1a: Blissey|Blissey, F|72/100
|switch|p2a: Dragonite|Dragonite, M|100/100
|
|upkeep
|turn|155
|
|t:|1618169351
|switch|p2a: Blissey|Blissey, F|86/100
|switch|p1a: Pelipper|Pelipper, M|57/100 tox
|-weather|RainDance|[from] ability: Drizzle|[of] p1a: Pelipper
|
|-weather|RainDance|[upkeep]
|-damage|p1a: Pelipper|51/100 tox|[from] psn
|upkeep
|turn|156
|
|t:|1618169358
|switch|p1a: Blissey|Blissey, F|72/100
|switch|p2a: Dragonite|Dragonite, M|100/100
|
|-weather|RainDance|[upkeep]
|upkeep
|turn|157
|
|t:|1618169362
|switch|p2a: Blissey|Blissey, F|86/100
|switch|p1a: Tornadus|Tornadus-Therian, M|100/100 tox
|
|-weather|RainDance|[upkeep]
|-damage|p1a: Tornadus|94/100 tox|[from] psn
|upkeep
|turn|158
|
|t:|1618169366
|switch|p1a: Blissey|Blissey, F|72/100
|switch|p2a: Dragonite|Dragonite, M|100/100
|
|-weather|RainDance|[upkeep]
|upkeep
|turn|159
|c|☆SpookyZ|zzzz
|
|t:|1618169373
|switch|p2a: Blissey|Blissey, F|86/100
|switch|p1a: Tornadus|Tornadus-Therian, M|100/100 tox
|
|-weather|RainDance|[upkeep]
|-damage|p1a: Tornadus|94/100 tox|[from] psn
|upkeep
|turn|160
|c|☆isheavydead|we will reach the 1k limit
|
|t:|1618169381
|switch|p1a: Blissey|Blissey, F|72/100
|switch|p2a: Dragonite|Dragonite, M|100/100
|
|-weather|RainDance|[upkeep]
|upkeep
|turn|161
|
|t:|1618169385
|switch|p2a: Blissey|Blissey, F|86/100
|switch|p1a: Tornadus|Tornadus-Therian, M|100/100 tox
|
|-weather|RainDance|[upkeep]
|-damage|p1a: Tornadus|94/100 tox|[from] psn
|upkeep
|turn|162
|
|t:|1618169389
|switch|p1a: Blissey|Blissey, F|72/100
|switch|p2a: Dragonite|Dragonite, M|100/100
|
|-weather|none
|upkeep
|turn|163
|
|t:|1618169392
|switch|p2a: Blissey|Blissey, F|86/100
|switch|p1a: Pelipper|Pelipper, M|51/100 tox
|-weather|RainDance|[from] ability: Drizzle|[of] p1a: Pelipper
|
|-weather|RainDance|[upkeep]
|-damage|p1a: Pelipper|45/100 tox|[from] psn
|upkeep
|turn|164
|
|t:|1618169394
|switch|p1a: Blissey|Blissey, F|72/100
|switch|p2a: Dragonite|Dragonite, M|100/100
|
|-weather|RainDance|[upkeep]
|upkeep
|turn|165
|
|t:|1618169398
|switch|p2a: Blissey|Blissey, F|86/100
|switch|p1a: Pelipper|Pelipper, M|45/100 tox
|
|-weather|RainDance|[upkeep]
|-damage|p1a: Pelipper|39/100 tox|[from] psn
|upkeep
|turn|166
|
|t:|1618169401
|switch|p1a: Blissey|Blissey, F|72/100
|switch|p2a: Dragonite|Dragonite, M|100/100
|
|-weather|RainDance|[upkeep]
|upkeep
|turn|167
|
|t:|1618169408
|switch|p2a: Blissey|Blissey, F|86/100
|move|p1a: Blissey|Seismic Toss|p2a: Blissey
|-damage|p2a: Blissey|72/100
|
|-weather|RainDance|[upkeep]
|upkeep
|turn|168
|
|t:|1618169413
|switch|p1a: Tornadus|Tornadus-Therian, M|100/100 tox
|switch|p2a: Dragonite|Dragonite, M|100/100
|
|-weather|RainDance|[upkeep]
|-damage|p1a: Tornadus|94/100 tox|[from] psn
|upkeep
|turn|169
|
|t:|1618169417
|switch|p2a: Blissey|Blissey, F|72/100
|move|p1a: Tornadus|Nasty Plot|p1a: Tornadus
|-boost|p1a: Tornadus|spa|2
|
|-weather|RainDance|[upkeep]
|-damage|p1a: Tornadus|82/100 tox|[from] psn
|upkeep
|turn|170
|
|t:|1618169420
|move|p1a: Tornadus|Nasty Plot|p1a: Tornadus
|-boost|p1a: Tornadus|spa|2
|move|p2a: Blissey|Soft-Boiled|p2a: Blissey
|-heal|p2a: Blissey|100/100
|
|-weather|none
|-damage|p1a: Tornadus|64/100 tox|[from] psn
|upkeep
|turn|171
|
|t:|1618169422
|move|p1a: Tornadus|Focus Blast|p2a: Blissey
|-supereffective|p2a: Blissey
|-damage|p2a: Blissey|24/100
|move|p2a: Blissey|Seismic Toss|p1a: Tornadus
|-damage|p1a: Tornadus|31/100 tox
|
|-damage|p1a: Tornadus|7/100 tox|[from] psn
|upkeep
|turn|172
|
|t:|1618169427
|switch|p1a: Blissey|Blissey, F|72/100
|switch|p2a: Dragonite|Dragonite, M|100/100
|
|upkeep
|turn|173
|
|t:|1618169432
|move|p2a: Dragonite|Earthquake|p1a: Blissey
|-damage|p1a: Blissey|47/100
|move|p1a: Blissey|Teleport|p1a: Blissey
|
|t:|1618169434
|switch|p1a: Pelipper|Pelipper, M|39/100 tox|[from]move: Teleport
|-weather|RainDance|[from] ability: Drizzle|[of] p1a: Pelipper
|
|-weather|RainDance|[upkeep]
|-damage|p1a: Pelipper|33/100 tox|[from] psn
|upkeep
|turn|174
|
|t:|1618169437
|switch|p2a: Blissey|Blissey, F|24/100
|move|p1a: Pelipper|U-turn|p2a: Blissey
|-damage|p2a: Blissey|16/100
|
|t:|1618169439
|switch|p1a: Tornadus|Tornadus-Therian, M|40/100 tox|[from]move: U-turn
|
|-weather|RainDance|[upkeep]
|-damage|p1a: Tornadus|34/100 tox|[from] psn
|upkeep
|turn|175
|
|t:|1618169453
|switch|p2a: Dragonite|Dragonite, M|100/100
|move|p1a: Tornadus|Hurricane|p2a: Dragonite
|-damage|p2a: Dragonite|81/100
|-start|p2a: Dragonite|confusion
|
|-weather|RainDance|[upkeep]
|-damage|p1a: Tornadus|22/100 tox|[from] psn
|upkeep
|turn|176
|
|t:|1618169466
|switch|p1a: Blissey|Blissey, F|47/100
|switch|p2a: Blissey|Blissey, F|16/100
|
|-weather|RainDance|[upkeep]
|upkeep
|turn|177
|
|t:|1618169469
|switch|p1a: Tornadus|Tornadus-Therian, M|56/100 tox
|move|p2a: Blissey|Soft-Boiled|p2a: Blissey
|-heal|p2a: Blissey|66/100
|
|-weather|RainDance|[upkeep]
|-damage|p1a: Tornadus|50/100 tox|[from] psn
|upkeep
|turn|178
|
|t:|1618169472
|switch|p1a: Blissey|Blissey, F|47/100
|switch|p2a: Dragonite|Dragonite, M|81/100
|
|-weather|RainDance|[upkeep]
|upkeep
|turn|179
|
|t:|1618169474
|move|p2a: Dragonite|Earthquake|p1a: Blissey
|-damage|p1a: Blissey|19/100
|move|p1a: Blissey|Soft-Boiled|p1a: Blissey
|-heal|p1a: Blissey|69/100
|
|-weather|RainDance|[upkeep]
|upkeep
|turn|180
|
|t:|1618169479
|switch|p1a: Tornadus|Tornadus-Therian, M|83/100 tox
|move|p2a: Dragonite|Earthquake|p1a: Tornadus
|-immune|p1a: Tornadus
|
|-weather|none
|-damage|p1a: Tornadus|77/100 tox|[from] psn
|upkeep
|turn|181
|
|t:|1618169484
|switch|p1a: Blissey|Blissey, F|69/100
|move|p2a: Dragonite|Flamethrower|p1a: Blissey
|-damage|p1a: Blissey|61/100
|
|upkeep
|turn|182
|
|t:|1618169489
|switch|p1a: Tornadus|Tornadus-Therian, M|100/100 tox
|move|p2a: Dragonite|Flamethrower|p1a: Tornadus
|-damage|p1a: Tornadus|72/100 tox
|
|-damage|p1a: Tornadus|66/100 tox|[from] psn
|upkeep
|turn|183
|
|t:|1618169492
|switch|p1a: Blissey|Blissey, F|61/100
|move|p2a: Dragonite|Earthquake|p1a: Blissey
|-damage|p1a: Blissey|34/100
|
|upkeep
|turn|184
|
|t:|1618169495
|move|p2a: Dragonite|Flamethrower|p1a: Blissey
|-damage|p1a: Blissey|27/100
|move|p1a: Blissey|Toxic|p2a: Dragonite
|-status|p2a: Dragonite|tox
|
|-damage|p2a: Dragonite|75/100 tox|[from] psn
|upkeep
|turn|185
|
|t:|1618169501
|switch|p1a: Pelipper|Pelipper, M|33/100 tox
|-weather|RainDance|[from] ability: Drizzle|[of] p1a: Pelipper
|move|p2a: Dragonite|Earthquake|p1a: Pelipper
|-immune|p1a: Pelipper
|
|-weather|RainDance|[upkeep]
|-damage|p2a: Dragonite|62/100 tox|[from] psn
|-damage|p1a: Pelipper|27/100 tox|[from] psn
|upkeep
|turn|186
|
|t:|1618169503
|move|p2a: Dragonite|Roost|p2a: Dragonite
|-heal|p2a: Dragonite|100/100 tox
|-singleturn|p2a: Dragonite|move: Roost
|move|p1a: Pelipper|Roost|p1a: Pelipper
|-heal|p1a: Pelipper|77/100 tox
|-singleturn|p1a: Pelipper|move: Roost
|
|-weather|RainDance|[upkeep]
|-damage|p2a: Dragonite|82/100 tox|[from] psn
|-damage|p1a: Pelipper|64/100 tox|[from] psn
|upkeep
|turn|187
|
|t:|1618169507
|switch|p2a: Blissey|Blissey, F|66/100
|move|p1a: Pelipper|U-turn|p2a: Blissey
|-damage|p2a: Blissey|59/100
|
|t:|1618169513
|switch|p1a: Tornadus|Tornadus-Therian, M|99/100 tox|[from]move: U-turn
|
|-weather|RainDance|[upkeep]
|-damage|p1a: Tornadus|94/100 tox|[from] psn
|upkeep
|turn|188
|
|t:|1618169517
|move|p1a: Tornadus|Nasty Plot|p1a: Tornadus
|-boost|p1a: Tornadus|spa|2
|move|p2a: Blissey|Soft-Boiled|p2a: Blissey
|-heal|p2a: Blissey|100/100
|
|-weather|RainDance|[upkeep]
|-damage|p1a: Tornadus|82/100 tox|[from] psn
|upkeep
|turn|189
|
|t:|1618169524
|move|p1a: Tornadus|Focus Blast|p2a: Blissey|[miss]
|-miss|p1a: Tornadus|p2a: Blissey
|move|p2a: Blissey|Seismic Toss|p1a: Tornadus
|-damage|p1a: Tornadus|48/100 tox
|
|-weather|RainDance|[upkeep]
|-damage|p1a: Tornadus|30/100 tox|[from] psn
|upkeep
|turn|190
|
|t:|1618169527
|switch|p1a: Pelipper|Pelipper, M|64/100 tox
|move|p2a: Blissey|Seismic Toss|p1a: Pelipper
|-damage|p1a: Pelipper|33/100 tox
|
|-weather|RainDance|[upkeep]
|-damage|p1a: Pelipper|27/100 tox|[from] psn
|upkeep
|turn|191
|
|t:|1618169529
|move|p1a: Pelipper|Roost|p1a: Pelipper
|-heal|p1a: Pelipper|77/100 tox
|-singleturn|p1a: Pelipper|move: Roost
|move|p2a: Blissey|Seismic Toss|p1a: Pelipper
|-damage|p1a: Pelipper|46/100 tox
|
|-weather|RainDance|[upkeep]
|-damage|p1a: Pelipper|34/100 tox|[from] psn
|upkeep
|turn|192
|
|t:|1618169531
|move|p1a: Pelipper|U-turn|p2a: Blissey
|-damage|p2a: Blissey|93/100
|
|t:|1618169533
|switch|p1a: Tornadus|Tornadus-Therian, M|64/100 tox|[from]move: U-turn
|move|p2a: Blissey|Seismic Toss|p1a: Tornadus
|-damage|p1a: Tornadus|30/100 tox
|
|-weather|none
|-damage|p1a: Tornadus|24/100 tox|[from] psn
|upkeep
|turn|193
|
|t:|1618169536
|switch|p1a: Pelipper|Pelipper, M|34/100 tox
|-weather|RainDance|[from] ability: Drizzle|[of] p1a: Pelipper
|move|p2a: Blissey|Seismic Toss|p1a: Pelipper
|-damage|p1a: Pelipper|3/100 tox
|
|-weather|RainDance|[upkeep]
|-damage|p1a: Pelipper|0 fnt|[from] psn
|faint|p1a: Pelipper
|upkeep
|
|t:|1618169539
|switch|p1a: Blissey|Blissey, F|27/100
|turn|194
|
|t:|1618169542
|move|p1a: Blissey|Soft-Boiled|p1a: Blissey
|-heal|p1a: Blissey|77/100
|move|p2a: Blissey|Aromatherapy|p2a: Blissey
|-activate|p2a: Blissey|move: Aromatherapy
|-curestatus|p2: Dragonite|tox|[msg]
|
|-weather|RainDance|[upkeep]
|upkeep
|turn|195
|
|t:|1618169547
|switch|p2a: Dragonite|Dragonite, M|82/100
|switch|p1a: Tornadus|Tornadus-Therian, M|58/100 tox
|
|-weather|RainDance|[upkeep]
|-damage|p1a: Tornadus|52/100 tox|[from] psn
|upkeep
|turn|196
|
|t:|1618169550
|switch|p1a: Blissey|Blissey, F|77/100
|switch|p2a: Blissey|Blissey, F|93/100
|
|-weather|RainDance|[upkeep]
|upkeep
|turn|197
|
|t:|1618169556
|switch|p2a: Dragonite|Dragonite, M|82/100
|switch|p1a: Tornadus|Tornadus-Therian, M|85/100 tox
|
|-weather|RainDance|[upkeep]
|-damage|p1a: Tornadus|79/100 tox|[from] psn
|upkeep
|turn|198
|
|t:|1618169559
|switch|p1a: Blissey|Blissey, F|77/100
|move|p2a: Dragonite|Earthquake|p1a: Blissey
|-damage|p1a: Blissey|50/100
|
|-weather|RainDance|[upkeep]
|upkeep
|turn|199
|
|t:|1618169562
|move|p2a: Dragonite|Earthquake|p1a: Blissey
|-damage|p1a: Blissey|26/100
|move|p1a: Blissey|Soft-Boiled|p1a: Blissey
|-heal|p1a: Blissey|76/100
|
|-weather|RainDance|[upkeep]
|upkeep
|turn|200
|
|t:|1618169566
|switch|p1a: Tornadus|Tornadus-Therian, M|100/100 tox
|move|p2a: Dragonite|Earthquake|p1a: Tornadus
|-immune|p1a: Tornadus
|
|-weather|none
|-damage|p1a: Tornadus|94/100 tox|[from] psn
|upkeep
|turn|201
|
|t:|1618169568
|switch|p1a: Blissey|Blissey, F|76/100
|move|p2a: Dragonite|Earthquake|p1a: Blissey
|-damage|p1a: Blissey|50/100
|
|upkeep
|turn|202
|
|t:|1618169571
|switch|p1a: Tornadus|Tornadus-Therian, M|100/100 tox
|move|p2a: Dragonite|Earthquake|p1a: Tornadus
|-immune|p1a: Tornadus
|
|-damage|p1a: Tornadus|94/100 tox|[from] psn
|upkeep
|turn|203
|
|t:|1618169573
|move|p1a: Tornadus|Nasty Plot|p1a: Tornadus
|-boost|p1a: Tornadus|spa|2
|move|p2a: Dragonite|Earthquake|p1a: Tornadus
|-immune|p1a: Tornadus
|
|-damage|p1a: Tornadus|82/100 tox|[from] psn
|upkeep
|turn|204
|
|t:|1618169576
|move|p1a: Tornadus|Nasty Plot|p1a: Tornadus
|-boost|p1a: Tornadus|spa|2
|move|p2a: Dragonite|Roost|p2a: Dragonite
|-heal|p2a: Dragonite|100/100
|-singleturn|p2a: Dragonite|move: Roost
|
|-damage|p1a: Tornadus|64/100 tox|[from] psn
|upkeep
|turn|205
|
|t:|1618169577
|move|p1a: Tornadus|Hurricane|p2a: Dragonite|[miss]
|-miss|p1a: Tornadus|p2a: Dragonite
|move|p2a: Dragonite|Flamethrower|p1a: Tornadus
|-damage|p1a: Tornadus|38/100 tox
|
|-damage|p1a: Tornadus|14/100 tox|[from] psn
|upkeep
|turn|206
|
|t:|1618169579
|switch|p1a: Blissey|Blissey, F|50/100
|move|p2a: Dragonite|Earthquake|p1a: Blissey
|-damage|p1a: Blissey|24/100
|
|upkeep
|turn|207
|
|t:|1618169586
|switch|p1a: Tornadus|Tornadus-Therian, M|47/100 tox
|move|p2a: Dragonite|Earthquake|p1a: Tornadus
|-immune|p1a: Tornadus
|
|-damage|p1a: Tornadus|41/100 tox|[from] psn
|upkeep
|turn|208
|
|t:|1618169588
|switch|p1a: Blissey|Blissey, F|24/100
|move|p2a: Dragonite|Flamethrower|p1a: Blissey
|-damage|p1a: Blissey|16/100
|-status|p1a: Blissey|brn
|
|-damage|p1a: Blissey|10/100 brn|[from] brn
|upkeep
|turn|209
|
|t:|1618169594
|-curestatus|p1a: Blissey|brn|[from] ability: Natural Cure
|switch|p1a: Tornadus|Tornadus-Therian, M|74/100 tox
|move|p2a: Dragonite|Earthquake|p1a: Tornadus
|-immune|p1a: Tornadus
|
|-damage|p1a: Tornadus|68/100 tox|[from] psn
|upkeep
|turn|210
|
|t:|1618169601
|move|p1a: Tornadus|Nasty Plot|p1a: Tornadus
|-boost|p1a: Tornadus|spa|2
|move|p2a: Dragonite|Flamethrower|p1a: Tornadus
|-damage|p1a: Tornadus|45/100 tox
|
|-damage|p1a: Tornadus|33/100 tox|[from] psn
|upkeep
|turn|211
|
|t:|1618169604
|move|p1a: Tornadus|Hurricane|p2a: Dragonite
|-damage|p2a: Dragonite|62/100
|move|p2a: Dragonite|Flamethrower|p1a: Tornadus
|-damage|p1a: Tornadus|7/100 tox
|
|-damage|p1a: Tornadus|0 fnt|[from] psn
|faint|p1a: Tornadus
|upkeep
|
|t:|1618169605
|switch|p1a: Blissey|Blissey, F|10/100
|turn|212
|
|t:|1618169608
|move|p2a: Dragonite|Flamethrower|p1a: Blissey
|-damage|p1a: Blissey|3/100
|move|p1a: Blissey|Soft-Boiled|p1a: Blissey
|-heal|p1a: Blissey|53/100
|
|upkeep
|turn|213
|c|☆isheavydead|gg
|c|☆SpookyZ|GG
|-message|isheavydead forfeited.
|
|win|SpookyZ
|n|☆isheavydead|isheavydead
|n|☆SpookyZ|spookyz
|n|+Ox the Fox|oxthefox
|n| monsareeasy|monsareeasy
|l|☆isheavydead
|l|☆SpookyZ
|j|☆SpookyZ
|player|p2|SpookyZ|hilbert-dueldisk
|inactive|Battle timer is ON: inactive players will automatically lose when time's up. (requested by SpookyZ)
|l|☆SpookyZ
|player|p2|
