|j|‽Venator leo
|j|☆Red rushun
|t:|1654521274
|gametype|singles
|player|p1|Venator leo|volkner|1395
|player|p2|Red rushun|clair|1438
|teamsize|p1|6
|teamsize|p2|6
|gen|8
|tier|[Gen 8] OU
|rated|
|rule|Sleep Clause Mod: Limit one foe put to sleep
|rule|Species Clause: Limit one of each Pokémon
|rule|OHKO Clause: OHKO moves are banned
|rule|Evasion Moves Clause: Evasion moves are banned
|rule|Endless Battle Clause: Forcing endless battles is banned
|rule|HP Percentage Mod: HP is shown in percentages
|rule|Dynamax Clause: You cannot dynamax
|clearpoke
|poke|p1|Porygon-Z|
|poke|p1|Buzzwole|
|poke|p1|Celesteela|
|poke|p1|Reuniclus, M|
|poke|p1|Coalossal, M|
|poke|p1|Garchomp, M|
|poke|p2|Dracozolt|
|poke|p2|Corviknight, M|
|poke|p2|Hippowdon, F|
|poke|p2|Gastrodon, F|
|poke|p2|Excadrill, M|
|poke|p2|Tyranitar, M|
|teampreview
|inactive|Battle timer is ON: inactive players will automatically lose when time's up. (requested by Venator leo)
|
|t:|1654521298
|start
|switch|p1a: Garchomp|Garchomp, M|100/100
|switch|p2a: Hippowdon|Hippowdon, F|100/100
|-weather|Sandstorm|[from] ability: Sand Stream|[of] p2a: Hippowdon
|turn|1
|
|t:|1654521305
|move|p1a: Garchomp|Earthquake|p2a: Hippowdon
|-damage|p2a: Hippowdon|61/100
|move|p2a: Hippowdon|Ice Fang|p1a: Garchomp
|-supereffective|p1a: Garchomp
|-damage|p1a: Garchomp|12/100
|-damage|p2a: Hippowdon|49/100|[from] ability: Rough Skin|[of] p1a: Garchomp
|
|-weather|Sandstorm|[upkeep]
|-heal|p2a: Hippowdon|55/100|[from] item: Leftovers
|upkeep
|turn|2
|
|t:|1654521316
|switch|p1a: Porygon-Z|Porygon-Z|100/100
|move|p2a: Hippowdon|Stealth Rock|p1a: Porygon-Z
|-sidestart|p1: Venator leo|move: Stealth Rock
|
|-weather|Sandstorm|[upkeep]
|-damage|p1a: Porygon-Z|94/100|[from] Sandstorm
|-heal|p2a: Hippowdon|61/100|[from] item: Leftovers
|upkeep
|turn|3
|
|t:|1654521330
|move|p1a: Porygon-Z|Ice Beam|p2a: Hippowdon
|-supereffective|p2a: Hippowdon
|-damage|p2a: Hippowdon|0 fnt
|faint|p2a: Hippowdon
|
|-weather|Sandstorm|[upkeep]
|-damage|p1a: Porygon-Z|88/100|[from] Sandstorm
|upkeep
|
|t:|1654521345
|switch|p2a: Dracozolt|Dracozolt, shiny|100/100
|turn|4
|
|t:|1654521362
|switch|p1a: Garchomp|Garchomp, M|12/100
|-damage|p1a: Garchomp|6/100|[from] Stealth Rock
|move|p2a: Dracozolt|Dragon Tail|p1a: Garchomp
|-supereffective|p1a: Garchomp
|-damage|p1a: Garchomp|0 fnt
|-damage|p2a: Dracozolt|88/100|[from] ability: Rough Skin|[of] p1a: Garchomp
|faint|p1a: Garchomp
|-damage|p2a: Dracozolt|78/100|[from] item: Life Orb
|
|-weather|Sandstorm|[upkeep]
|upkeep
|
|t:|1654521379
|switch|p1a: Buzzwole|Buzzwole|100/100
|-damage|p1a: Buzzwole|88/100|[from] Stealth Rock
|turn|5
|
|t:|1654521389
|move|p2a: Dracozolt|Bolt Beak|p1a: Buzzwole
|-damage|p1a: Buzzwole|19/100
|-damage|p2a: Dracozolt|68/100|[from] item: Life Orb
|move|p1a: Buzzwole|Close Combat|p2a: Dracozolt
|-damage|p2a: Dracozolt|0 fnt
|-unboost|p1a: Buzzwole|def|1
|-unboost|p1a: Buzzwole|spd|1
|faint|p2a: Dracozolt
|-ability|p1a: Buzzwole|Beast Boost|boost
|-boost|p1a: Buzzwole|atk|1
|
|-weather|none
|upkeep
|inactive|Red rushun has 120 seconds left.
|
|t:|1654521421
|switch|p2a: Corviknight|Corviknight, M|100/100
|-ability|p2a: Corviknight|Pressure
|turn|6
|inactive|Red rushun has 120 seconds left.
|
|t:|1654521442
|move|p1a: Buzzwole|Close Combat|p2a: Corviknight
|-damage|p2a: Corviknight|19/100
|-unboost|p1a: Buzzwole|def|1
|-unboost|p1a: Buzzwole|spd|1
|-damage|p1a: Buzzwole|2/100|[from] item: Rocky Helmet|[of] p2a: Corviknight
|move|p2a: Corviknight|Brave Bird|p1a: Buzzwole
|-supereffective|p1a: Buzzwole
|-damage|p1a: Buzzwole|0 fnt
|faint|p1a: Buzzwole
|-damage|p2a: Corviknight|19/100|[from] Recoil
|
|upkeep
|
|t:|1654521451
|switch|p1a: Celesteela|Celesteela|100/100
|-damage|p1a: Celesteela|88/100|[from] Stealth Rock
|turn|7
|inactive|Red rushun has 120 seconds left.
|
|t:|1654521466
|switch|p2a: Tyranitar|Tyranitar, M|100/100
|-weather|Sandstorm|[from] ability: Sand Stream|[of] p2a: Tyranitar
|move|p1a: Celesteela|Flamethrower|p2a: Tyranitar
|-resisted|p2a: Tyranitar
|-damage|p2a: Tyranitar|93/100
|
|-weather|Sandstorm|[upkeep]
|upkeep
|turn|8
|inactive|Red rushun has 120 seconds left.
|
|t:|1654521488
|move|p1a: Celesteela|Superpower|p2a: Tyranitar
|-supereffective|p2a: Tyranitar
|-damage|p2a: Tyranitar|0 fnt
|-unboost|p1a: Celesteela|atk|1
|-unboost|p1a: Celesteela|def|1
|faint|p2a: Tyranitar
|-ability|p1a: Celesteela|Beast Boost|boost
|-boost|p1a: Celesteela|atk|1
|
|-weather|Sandstorm|[upkeep]
|upkeep
|
|t:|1654521499
|switch|p2a: Excadrill|Excadrill, M|100/100
|turn|9
|
|t:|1654521518
|move|p2a: Excadrill|Swords Dance|p2a: Excadrill
|-boost|p2a: Excadrill|atk|2
|move|p1a: Celesteela|Superpower|p2a: Excadrill
|-supereffective|p2a: Excadrill
|-enditem|p2a: Excadrill|Focus Sash
|-damage|p2a: Excadrill|1/100
|-unboost|p1a: Celesteela|atk|1
|-unboost|p1a: Celesteela|def|1
|
|-weather|Sandstorm|[upkeep]
|upkeep
|turn|10
|
|t:|1654521536
|switch|p1a: Coalossal|Coalossal, M|100/100
|-damage|p1a: Coalossal|76/100|[from] Stealth Rock
|move|p2a: Excadrill|Iron Head|p1a: Coalossal
|-damage|p1a: Coalossal|16/100
|
|-weather|Sandstorm|[upkeep]
|upkeep
|turn|11
|
|t:|1654521547
|move|p2a: Excadrill|Earthquake|p1a: Coalossal
|-supereffective|p1a: Coalossal
|-crit|p1a: Coalossal
|-damage|p1a: Coalossal|0 fnt
|faint|p1a: Coalossal
|
|-weather|Sandstorm|[upkeep]
|upkeep
|
|t:|1654521549
|switch|p1a: Celesteela|Celesteela|88/100
|-damage|p1a: Celesteela|76/100|[from] Stealth Rock
|turn|12
|
|t:|1654521558
|move|p2a: Excadrill|Iron Head|p1a: Celesteela
|-resisted|p1a: Celesteela
|-damage|p1a: Celesteela|25/100
|cant|p1a: Celesteela|flinch
|
|-weather|Sandstorm|[upkeep]
|upkeep
|turn|13
|
|t:|1654521567
|move|p2a: Excadrill|Iron Head|p1a: Celesteela
|-resisted|p1a: Celesteela
|-damage|p1a: Celesteela|0 fnt
|faint|p1a: Celesteela
|
|-weather|Sandstorm|[upkeep]
|upkeep
|
|t:|1654521580
|switch|p1a: Porygon-Z|Porygon-Z|88/100
|-damage|p1a: Porygon-Z|76/100|[from] Stealth Rock
|turn|14
|
|t:|1654521595
|move|p2a: Excadrill|Earthquake|p1a: Porygon-Z
|-damage|p1a: Porygon-Z|0 fnt
|faint|p1a: Porygon-Z
|
|-weather|none
|upkeep
|
|t:|1654521597
|switch|p1a: Reuniclus|Reuniclus, M|100/100
|turn|15
|
|t:|1654521607
|move|p2a: Excadrill|Earthquake|p1a: Reuniclus
|-damage|p1a: Reuniclus|14/100
|move|p1a: Reuniclus|Acid Armor|p1a: Reuniclus
|-boost|p1a: Reuniclus|def|2
|
|upkeep
|turn|16
|
|t:|1654521618
|move|p2a: Excadrill|Earthquake|p1a: Reuniclus
|-damage|p1a: Reuniclus|0 fnt
|faint|p1a: Reuniclus
|
|win|Red rushun
|raw|Venator leo's rating: 1395 &rarr; <strong>1377</strong><br />(-18 for losing)
|raw|Red rushun's rating: 1438 &rarr; <strong>1456</strong><br />(+18 for winning)
|l|‽Venator leo
||Ladder isn't responding, score probably updated but might not have (Request timeout).
