|j|‽psychoPhreak
|j|☆ElStefano
|t:|1655652055
|gametype|singles
|player|p1|psychoPhreak|unknownf|1766
|player|p2|ElStefano|2|1747
|teamsize|p1|6
|teamsize|p2|6
|gen|8
|tier|[Gen 8] OU
|rated|
|rule|Sleep Clause Mod: Limit one foe put to sleep
|rule|Species Clause: Limit one of each Pokémon
|rule|OHKO Clause: OHKO moves are banned
|rule|Evasion Moves Clause: Evasion moves are banned
|rule|Endless Battle Clause: Forcing endless battles is banned
|rule|HP Percentage Mod: HP is shown in percentages
|rule|Dynamax Clause: You cannot dynamax
|clearpoke
|poke|p1|Weavile, F|
|poke|p1|Kartana|
|poke|p1|Blacephalon|
|poke|p1|Rillaboom, F|
|poke|p1|Landorus-Therian, M|
|poke|p1|Melmetal|
|poke|p2|Reuniclus, M|
|poke|p2|Toxapex, M|
|poke|p2|Landorus-Therian, M|
|poke|p2|Hydreigon, M|
|poke|p2|Clefable, M|
|poke|p2|Ferrothorn, F|
|teampreview
|inactive|Battle timer is ON: inactive players will automatically lose when time's up. (requested by psychoPhreak)
|
|t:|1655652062
|start
|switch|p1a: Weavile|Weavile, F|100/100
|switch|p2a: Toxapex|Toxapex, M|100/100
|turn|1
|
|t:|1655652068
|move|p1a: Weavile|Beat Up|p2a: Toxapex
|-damage|p2a: Toxapex|95/100
|-damage|p2a: Toxapex|87/100
|-damage|p2a: Toxapex|82/100
|-damage|p2a: Toxapex|76/100
|-crit|p2a: Toxapex
|-damage|p2a: Toxapex|67/100
|-damage|p2a: Toxapex|61/100
|-hitcount|p2a: Toxapex|6
|move|p2a: Toxapex|Knock Off|p1a: Weavile
|-resisted|p1a: Weavile
|-crit|p1a: Weavile
|-damage|p1a: Weavile|80/100
|-enditem|p1a: Weavile|Focus Sash|[from] move: Knock Off|[of] p2a: Toxapex
|-enditem|p2a: Toxapex|Rocky Helmet|[silent]|[from] ability: Pickpocket|[of] p2a: Toxapex
|-item|p1a: Weavile|Rocky Helmet|[from] ability: Pickpocket|[of] p2a: Toxapex
|
|upkeep
|turn|2
|j| master1964
|j| f65701
|
|t:|1655652085
|move|p1a: Weavile|Swords Dance|p1a: Weavile
|-boost|p1a: Weavile|atk|2
|move|p2a: Toxapex|Recover|p2a: Toxapex
|-heal|p2a: Toxapex|100/100
|
|upkeep
|turn|3
|
|t:|1655652091
|move|p1a: Weavile|Beat Up|p2a: Toxapex
|-damage|p2a: Toxapex|89/100
|-damage|p2a: Toxapex|74/100
|-damage|p2a: Toxapex|63/100
|-damage|p2a: Toxapex|52/100
|-damage|p2a: Toxapex|41/100
|-damage|p2a: Toxapex|29/100
|-hitcount|p2a: Toxapex|6
|move|p2a: Toxapex|Scald|p1a: Weavile
|-damage|p1a: Weavile|57/100
|
|upkeep
|turn|4
|
|t:|1655652109
|switch|p2a: Clefable|Clefable, M|100/100
|move|p1a: Weavile|Beat Up|p2a: Clefable
|-resisted|p2a: Clefable
|-damage|p2a: Clefable|97/100
|-resisted|p2a: Clefable
|-damage|p2a: Clefable|92/100
|-resisted|p2a: Clefable
|-damage|p2a: Clefable|88/100
|-resisted|p2a: Clefable
|-damage|p2a: Clefable|85/100
|-resisted|p2a: Clefable
|-damage|p2a: Clefable|81/100
|-resisted|p2a: Clefable
|-damage|p2a: Clefable|77/100
|-hitcount|p2a: Clefable|6
|
|upkeep
|turn|5
|j| xiao123
|
|t:|1655652118
|move|p1a: Weavile|Triple Axel|p2a: Clefable
|-damage|p2a: Clefable|69/100
|-damage|p2a: Clefable|52/100
|-hitcount|p2a: Clefable|2
|move|p2a: Clefable|Moonblast|p1a: Weavile
|-supereffective|p1a: Weavile
|-damage|p1a: Weavile|0 fnt
|faint|p1a: Weavile
|
|upkeep
|j| isudfbjhd
|j| galactest bro !
|
|t:|1655652126
|switch|p1a: Melmetal|Melmetal|100/100
|turn|6
|l| galactest bro !
|
|t:|1655652131
|switch|p2a: Landorus|Landorus-Therian, M|100/100
|-ability|p2a: Landorus|Intimidate|boost
|-unboost|p1a: Melmetal|atk|1
|move|p1a: Melmetal|Superpower|p2a: Landorus
|-resisted|p2a: Landorus
|-damage|p2a: Landorus|83/100
|-unboost|p1a: Melmetal|atk|1
|-unboost|p1a: Melmetal|def|1
|
|-heal|p2a: Landorus|90/100|[from] item: Leftovers
|upkeep
|turn|7
|
|t:|1655652137
|switch|p1a: Landorus|Landorus-Therian, M|100/100
|-ability|p1a: Landorus|Intimidate|boost
|-unboost|p2a: Landorus|atk|1
|move|p2a: Landorus|U-turn|p1a: Landorus
|-resisted|p1a: Landorus
|-damage|p1a: Landorus|92/100
|-enditem|p1a: Landorus|Red Card|[of] p2a: Landorus
|drag|p2a: Ferrothorn|Ferrothorn, F|100/100
|
|upkeep
|turn|8
|
|t:|1655652145
|move|p1a: Landorus|Stealth Rock|p2a: Ferrothorn
|-sidestart|p2: ElStefano|move: Stealth Rock
|move|p2a: Ferrothorn|Leech Seed|p1a: Landorus
|-start|p1a: Landorus|move: Leech Seed
|
|-damage|p1a: Landorus|80/100|[from] Leech Seed|[of] p2a: Ferrothorn
|upkeep
|turn|9
|
|t:|1655652151
|switch|p1a: Blacephalon|Blacephalon|100/100
|move|p2a: Ferrothorn|Spikes|p1a: Blacephalon
|-sidestart|p1: psychoPhreak|Spikes
|
|upkeep
|turn|10
|
|t:|1655652155
|switch|p2a: Hydreigon|Hydreigon, M|100/100
|-damage|p2a: Hydreigon|88/100|[from] Stealth Rock
|move|p1a: Blacephalon|Shadow Ball|p2a: Hydreigon
|-resisted|p2a: Hydreigon
|-damage|p2a: Hydreigon|58/100
|
|upkeep
|turn|11
|
|t:|1655652160
|switch|p1a: Landorus|Landorus-Therian, M|80/100
|-ability|p1a: Landorus|Intimidate|boost
|-unboost|p2a: Hydreigon|atk|1
|move|p2a: Hydreigon|Dark Pulse|p1a: Landorus
|-damage|p1a: Landorus|22/100
|
|upkeep
|turn|12
|
|t:|1655652170
|move|p2a: Hydreigon|Dark Pulse|p1a: Landorus
|-damage|p1a: Landorus|0 fnt
|faint|p1a: Landorus
|
|upkeep
|
|t:|1655652174
|switch|p1a: Kartana|Kartana|100/100
|-damage|p1a: Kartana|88/100|[from] Spikes
|turn|13
|
|t:|1655652179
|switch|p2a: Ferrothorn|Ferrothorn, F|100/100
|-damage|p2a: Ferrothorn|94/100|[from] Stealth Rock
|move|p1a: Kartana|Knock Off|p2a: Ferrothorn
|-damage|p2a: Ferrothorn|69/100
|-damage|p1a: Kartana|76/100|[from] ability: Iron Barbs|[of] p2a: Ferrothorn
|-enditem|p2a: Ferrothorn|Leftovers|[from] move: Knock Off|[of] p1a: Kartana
|
|upkeep
|turn|14
|j| Sixty6sixshit
|
|t:|1655652189
|switch|p1a: Melmetal|Melmetal|100/100
|-damage|p1a: Melmetal|88/100|[from] Spikes
|switch|p2a: Landorus|Landorus-Therian, M|90/100
|-damage|p2a: Landorus|77/100|[from] Stealth Rock
|-ability|p2a: Landorus|Intimidate|boost
|-unboost|p1a: Melmetal|atk|1
|
|-heal|p2a: Landorus|83/100|[from] item: Leftovers
|upkeep
|turn|15
|l| Sixty6sixshit
|
|t:|1655652200
|move|p2a: Landorus|U-turn|p1a: Melmetal
|-resisted|p1a: Melmetal
|-damage|p1a: Melmetal|82/100
|-damage|p2a: Landorus|67/100|[from] item: Rocky Helmet|[of] p1a: Melmetal
|
|t:|1655652203
|switch|p2a: Toxapex|Toxapex, M|62/100|[from]move: U-turn
|-damage|p2a: Toxapex|50/100|[from] Stealth Rock
|move|p1a: Melmetal|Double Iron Bash|p2a: Toxapex
|-resisted|p2a: Toxapex
|-damage|p2a: Toxapex|41/100
|-resisted|p2a: Toxapex
|-damage|p2a: Toxapex|32/100
|-hitcount|p2a: Toxapex|2
|
|upkeep
|turn|16
|
|t:|1655652216
|move|p1a: Melmetal|Thunder Punch|p2a: Toxapex
|-supereffective|p2a: Toxapex
|-damage|p2a: Toxapex|2/100
|move|p2a: Toxapex|Recover|p2a: Toxapex
|-heal|p2a: Toxapex|52/100
|
|upkeep
|turn|17
|
|t:|1655652221
|move|p1a: Melmetal|Thunder Wave|p2a: Toxapex
|-status|p2a: Toxapex|par
|move|p2a: Toxapex|Recover|p2a: Toxapex
|-heal|p2a: Toxapex|100/100 par
|
|upkeep
|turn|18
|
|t:|1655652225
|switch|p1a: Rillaboom|Rillaboom, F|100/100
|-damage|p1a: Rillaboom|88/100|[from] Spikes
|-fieldstart|move: Grassy Terrain|[from] ability: Grassy Surge|[of] p1a: Rillaboom
|move|p2a: Toxapex|Toxic Spikes|p1a: Rillaboom
|-sidestart|p1: psychoPhreak|move: Toxic Spikes
|
|-heal|p1a: Rillaboom|94/100|[from] Grassy Terrain
|upkeep
|turn|19
|
|t:|1655652232
|switch|p2a: Ferrothorn|Ferrothorn, F|69/100
|-damage|p2a: Ferrothorn|63/100|[from] Stealth Rock
|move|p1a: Rillaboom|Swords Dance|p1a: Rillaboom
|-boost|p1a: Rillaboom|atk|2
|
|-heal|p1a: Rillaboom|100/100|[from] Grassy Terrain
|-heal|p2a: Ferrothorn|69/100|[from] Grassy Terrain
|upkeep
|turn|20
|
|t:|1655652245
|switch|p2a: Toxapex|Toxapex, M|100/100 par
|-damage|p2a: Toxapex|88/100 par|[from] Stealth Rock
|move|p1a: Rillaboom|Swords Dance|p1a: Rillaboom
|-boost|p1a: Rillaboom|atk|2
|
|-heal|p2a: Toxapex|94/100 par|[from] Grassy Terrain
|upkeep
|turn|21
|
|t:|1655652256
|switch|p2a: Ferrothorn|Ferrothorn, F|69/100
|-damage|p2a: Ferrothorn|63/100|[from] Stealth Rock
|move|p1a: Rillaboom|Superpower|p2a: Ferrothorn
|-supereffective|p2a: Ferrothorn
|-damage|p2a: Ferrothorn|0 fnt
|-unboost|p1a: Rillaboom|atk|1
|-unboost|p1a: Rillaboom|def|1
|-damage|p1a: Rillaboom|88/100|[from] ability: Iron Barbs|[of] p2a: Ferrothorn
|faint|p2a: Ferrothorn
|-damage|p1a: Rillaboom|78/100|[from] item: Life Orb
|
|-heal|p1a: Rillaboom|84/100|[from] Grassy Terrain
|upkeep
|
|t:|1655652266
|switch|p2a: Clefable|Clefable, M|52/100
|turn|22
|inactive|psychoPhreak has 120 seconds left.
|
|t:|1655652307
|move|p1a: Rillaboom|Grassy Glide|p2a: Clefable
|-damage|p2a: Clefable|1/100
|-damage|p1a: Rillaboom|74/100|[from] item: Life Orb
|move|p2a: Clefable|Soft-Boiled|p2a: Clefable
|-heal|p2a: Clefable|51/100
|
|-heal|p1a: Rillaboom|81/100|[from] Grassy Terrain
|-heal|p2a: Clefable|57/100|[from] Grassy Terrain
|-fieldend|move: Grassy Terrain
|upkeep
|turn|23
|
|t:|1655652314
|switch|p1a: Melmetal|Melmetal|82/100
|-damage|p1a: Melmetal|69/100|[from] Spikes
|move|p2a: Clefable|Soft-Boiled|p2a: Clefable
|-heal|p2a: Clefable|100/100
|
|upkeep
|turn|24
|
|t:|1655652321
|switch|p2a: Toxapex|Toxapex, M|100/100 par
|-damage|p2a: Toxapex|88/100 par|[from] Stealth Rock
|move|p1a: Melmetal|Double Iron Bash|p2a: Toxapex
|-resisted|p2a: Toxapex
|-damage|p2a: Toxapex|76/100 par
|-resisted|p2a: Toxapex
|-damage|p2a: Toxapex|63/100 par
|-hitcount|p2a: Toxapex|2
|
|upkeep
|turn|25
|
|t:|1655652327
|move|p1a: Melmetal|Double Iron Bash|p2a: Toxapex
|-resisted|p2a: Toxapex
|-crit|p2a: Toxapex
|-damage|p2a: Toxapex|43/100 par
|-resisted|p2a: Toxapex
|-damage|p2a: Toxapex|30/100 par
|-hitcount|p2a: Toxapex|2
|cant|p2a: Toxapex|flinch
|
|upkeep
|turn|26
|
|t:|1655652341
|switch|p2a: Landorus|Landorus-Therian, M|67/100
|-damage|p2a: Landorus|54/100|[from] Stealth Rock
|-ability|p2a: Landorus|Intimidate|boost
|-unboost|p1a: Melmetal|atk|1
|move|p1a: Melmetal|Double Iron Bash|p2a: Landorus
|-damage|p2a: Landorus|23/100
|-damage|p2a: Landorus|0 fnt
|faint|p2a: Landorus
|-hitcount|p2: Landorus|2
|
|upkeep
|
|t:|1655652348
|switch|p2a: Reuniclus|Reuniclus, M, shiny|100/100
|turn|27
|
|t:|1655652358
|move|p1a: Melmetal|Thunder Wave|p2a: Reuniclus|[miss]
|-miss|p1a: Melmetal|p2a: Reuniclus
|move|p2a: Reuniclus|Iron Defense|p2a: Reuniclus
|-boost|p2a: Reuniclus|def|2
|
|upkeep
|turn|28
|
|t:|1655652363
|move|p1a: Melmetal|Thunder Wave|p2a: Reuniclus|[miss]
|-miss|p1a: Melmetal|p2a: Reuniclus
|move|p2a: Reuniclus|Calm Mind|p2a: Reuniclus
|-boost|p2a: Reuniclus|spa|1
|-boost|p2a: Reuniclus|spd|1
|
|upkeep
|turn|29
|
|t:|1655652366
|move|p1a: Melmetal|Thunder Wave|p2a: Reuniclus|[miss]
|-miss|p1a: Melmetal|p2a: Reuniclus
|move|p2a: Reuniclus|Calm Mind|p2a: Reuniclus
|-boost|p2a: Reuniclus|spa|1
|-boost|p2a: Reuniclus|spd|1
|
|upkeep
|turn|30
|
|t:|1655652369
|move|p1a: Melmetal|Thunder Wave|p2a: Reuniclus
|-status|p2a: Reuniclus|par
|cant|p2a: Reuniclus|par
|
|upkeep
|turn|31
|
|t:|1655652374
|move|p1a: Melmetal|Double Iron Bash|p2a: Reuniclus
|-damage|p2a: Reuniclus|85/100 par
|-damage|p2a: Reuniclus|69/100 par
|-hitcount|p2a: Reuniclus|2
|cant|p2a: Reuniclus|flinch
|
|-heal|p2a: Reuniclus|75/100 par|[from] item: Leftovers
|upkeep
|turn|32
|
|t:|1655652378
|move|p1a: Melmetal|Double Iron Bash|p2a: Reuniclus
|-damage|p2a: Reuniclus|61/100 par
|-damage|p2a: Reuniclus|47/100 par
|-hitcount|p2a: Reuniclus|2
|cant|p2a: Reuniclus|par
|
|-heal|p2a: Reuniclus|53/100 par|[from] item: Leftovers
|upkeep
|turn|33
|
|t:|1655652381
|switch|p1a: Blacephalon|Blacephalon|100/100
|-damage|p1a: Blacephalon|88/100|[from] Spikes
|-status|p1a: Blacephalon|psn
|move|p2a: Reuniclus|Recover|p2a: Reuniclus
|-heal|p2a: Reuniclus|100/100 par
|
|-damage|p1a: Blacephalon|76/100 psn|[from] psn
|upkeep
|turn|34
|
|t:|1655652392
|switch|p2a: Toxapex|Toxapex, M|63/100 par
|-damage|p2a: Toxapex|51/100 par|[from] Stealth Rock
|move|p1a: Blacephalon|Trick|p2a: Toxapex
|-activate|p1a: Blacephalon|move: Trick|[of] p2a: Toxapex
|-item|p2a: Toxapex|Choice Scarf|[from] move: Trick
|-enditem|p1a: Blacephalon|Choice Scarf|[silent]|[from] move: Trick
|
|-damage|p1a: Blacephalon|64/100 psn|[from] psn
|upkeep
|turn|35
|
|t:|1655652404
|switch|p2a: Clefable|Clefable, M|100/100
|move|p1a: Blacephalon|Shadow Ball|p2a: Clefable
|-damage|p2a: Clefable|55/100
|-unboost|p2a: Clefable|spd|1
|
|-damage|p1a: Blacephalon|52/100 psn|[from] psn
|upkeep
|turn|36
|
|t:|1655652409
|move|p1a: Blacephalon|Shadow Ball|p2a: Clefable
|-damage|p2a: Clefable|0 fnt
|faint|p2a: Clefable
|-ability|p1a: Blacephalon|Beast Boost|boost
|-boost|p1a: Blacephalon|spa|1
|
|-damage|p1a: Blacephalon|40/100 psn|[from] psn
|upkeep
|
|t:|1655652412
|switch|p2a: Hydreigon|Hydreigon, M|58/100
|-damage|p2a: Hydreigon|45/100|[from] Stealth Rock
|turn|37
|j| Hey hey hello
|
|t:|1655652425
|switch|p1a: Rillaboom|Rillaboom, F|81/100
|-damage|p1a: Rillaboom|68/100|[from] Spikes
|-status|p1a: Rillaboom|psn
|-fieldstart|move: Grassy Terrain|[from] ability: Grassy Surge|[of] p1a: Rillaboom
|move|p2a: Hydreigon|Dark Pulse|p1a: Rillaboom
|-damage|p1a: Rillaboom|13/100 psn
|
|-heal|p1a: Rillaboom|19/100 psn|[from] Grassy Terrain
|-damage|p1a: Rillaboom|7/100 psn|[from] psn
|upkeep
|turn|38
|
|t:|1655652432
|switch|p2a: Toxapex|Toxapex, M|84/100 par
|-damage|p2a: Toxapex|72/100 par|[from] Stealth Rock
|move|p1a: Rillaboom|Grassy Glide|p2a: Toxapex
|-damage|p2a: Toxapex|30/100 par
|-damage|p1a: Rillaboom|0 fnt|[from] item: Life Orb
|faint|p1a: Rillaboom
|
|-heal|p2a: Toxapex|36/100 par|[from] Grassy Terrain
|upkeep
|
|t:|1655652450
|switch|p1a: Kartana|Kartana|76/100
|-damage|p1a: Kartana|63/100|[from] Spikes
|turn|39
|
|t:|1655652458
|move|p1a: Kartana|Leaf Blade|p2a: Toxapex
|-damage|p2a: Toxapex|0 fnt
|faint|p2a: Toxapex
|-ability|p1a: Kartana|Beast Boost|boost
|-boost|p1a: Kartana|atk|1
|
|-heal|p1a: Kartana|70/100|[from] Grassy Terrain
|upkeep
|
|t:|1655652465
|switch|p2a: Reuniclus|Reuniclus, M, shiny|100/100 par
|turn|40
|
|t:|1655652469
|move|p1a: Kartana|Leaf Blade|p2a: Reuniclus
|-damage|p2a: Reuniclus|0 fnt
|faint|p2a: Reuniclus
|-ability|p1a: Kartana|Beast Boost|boost
|-boost|p1a: Kartana|atk|1
|
|-heal|p1a: Kartana|76/100|[from] Grassy Terrain
|upkeep
|
|t:|1655652472
|switch|p2a: Hydreigon|Hydreigon, M|45/100
|-damage|p2a: Hydreigon|33/100|[from] Stealth Rock
|turn|41
|l| f65701
|
|t:|1655652480
|move|p1a: Kartana|Leaf Blade|p2a: Hydreigon
|-resisted|p2a: Hydreigon
|-crit|p2a: Hydreigon
|-damage|p2a: Hydreigon|0 fnt
|faint|p2a: Hydreigon
|
|win|psychoPhreak
|raw|psychoPhreak's rating: 1766 &rarr; <strong>1785</strong><br />(+19 for winning)
|raw|ElStefano's rating: 1747 &rarr; <strong>1728</strong><br />(-19 for losing)
|l|☆ElStefano
|l| xiao123
|l| Hey hey hello
||Ladder isn't responding, score probably updated but might not have (Request timeout).
