|j|‽minimax_ai
|j|☆zKally
|t:|1667642332
|gametype|singles
|player|p1|minimax_ai|169|1542
|player|p2|zKally|steven|1501
|teamsize|p1|6
|teamsize|p2|6
|gen|8
|tier|[Gen 8] OU
|rated|
|rule|Sleep Clause Mod: Limit one foe put to sleep
|rule|Species Clause: Limit one of each Pokémon
|rule|OHKO Clause: OHKO moves are banned
|rule|Evasion Items Clause: Evasion items are banned
|rule|Evasion Moves Clause: Evasion moves are banned
|rule|Endless Battle Clause: Forcing endless battles is banned
|rule|HP Percentage Mod: HP is shown in percentages
|rule|Dynamax Clause: You cannot dynamax
|clearpoke
|poke|p1|Rotom-Wash|
|poke|p1|Weavile, M|
|poke|p1|Landorus-Therian, M|
|poke|p1|Heatran, M|
|poke|p1|Tangrowth, F|
|poke|p1|Melmetal|
|poke|p2|Mew|
|poke|p2|Weavile, M|
|poke|p2|Celesteela|
|poke|p2|Garchomp, F|
|poke|p2|Blacephalon|
|poke|p2|Crawdaunt, F|
|teampreview
|inactive|Battle timer is ON: inactive players will automatically lose when time's up. (requested by minimax_ai)
|
|t:|1667642348
|start
|switch|p1a: Melmetal|Melmetal|100/100
|switch|p2a: Mew|Mew|100/100
|turn|1
|
|t:|1667642358
|move|p2a: Mew|Stealth Rock|p1a: Melmetal
|-sidestart|p1: minimax_ai|move: Stealth Rock
|move|p1a: Melmetal|Double Iron Bash|p2a: Mew
|-damage|p2a: Mew|66/100
|-crit|p2a: Mew
|-damage|p2a: Mew|16/100
|-hitcount|p2a: Mew|2
|
|upkeep
|turn|2
|
|t:|1667642363
|move|p2a: Mew|Spikes|p1a: Melmetal
|-sidestart|p1: minimax_ai|Spikes
|move|p1a: Melmetal|Double Iron Bash|p2a: Mew
|-damage|p2a: Mew|0 fnt
|faint|p2a: Mew
|-hitcount|p2: Mew|1
|
|upkeep
|
|t:|1667642381
|switch|p2a: Crawdaunt|Crawdaunt, F|100/100
|turn|3
|
|t:|1667642384
|move|p2a: Crawdaunt|Knock Off|p1a: Melmetal
|-damage|p1a: Melmetal|51/100
|-enditem|p1a: Melmetal|Assault Vest|[from] move: Knock Off|[of] p2a: Crawdaunt
|-damage|p2a: Crawdaunt|91/100|[from] item: Life Orb
|move|p1a: Melmetal|Thunder Punch|p2a: Crawdaunt
|-supereffective|p2a: Crawdaunt
|-damage|p2a: Crawdaunt|0 fnt
|faint|p2a: Crawdaunt
|
|upkeep
|
|t:|1667642391
|switch|p2a: Garchomp|Garchomp, F|100/100
|turn|4
|
|t:|1667642395
|switch|p1a: Landorus|Landorus-Therian, M|100/100
|-damage|p1a: Landorus|88/100|[from] Stealth Rock
|-ability|p1a: Landorus|Intimidate|boost
|-unboost|p2a: Garchomp|atk|1
|move|p2a: Garchomp|Earthquake|p1a: Landorus
|-immune|p1a: Landorus
|
|-heal|p1a: Landorus|94/100|[from] item: Leftovers
|upkeep
|turn|5
|
|t:|1667642399
|switch|p2a: Celesteela|Celesteela|100/100
|move|p1a: Landorus|Defog|p2a: Celesteela
|-unboost|p2a: Celesteela|evasion|1
|-sideend|p1: minimax_ai|Spikes|[from] move: Defog|[of] p1a: Landorus
|-sideend|p1: minimax_ai|Stealth Rock|[from] move: Defog|[of] p1a: Landorus
|
|-heal|p1a: Landorus|99/100|[from] item: Leftovers
|upkeep
|turn|6
|
|t:|1667642404
|switch|p1a: Heatran|Heatran, M|100/100
|-item|p1a: Heatran|Air Balloon
|move|p2a: Celesteela|Autotomize|p2a: Celesteela
|-boost|p2a: Celesteela|spe|2
|-start|p2a: Celesteela|Autotomize
|
|upkeep
|turn|7
|
|t:|1667642424
|switch|p2a: Garchomp|Garchomp, F|100/100
|move|p1a: Heatran|Eruption|p2a: Garchomp
|-resisted|p2a: Garchomp
|-damage|p2a: Garchomp|54/100
|
|upkeep
|turn|8
|
|t:|1667642429
|move|p2a: Garchomp|Scale Shot|p1a: Heatran
|-resisted|p1a: Heatran
|-damage|p1a: Heatran|94/100
|-enditem|p1a: Heatran|Air Balloon
|-resisted|p1a: Heatran
|-crit|p1a: Heatran
|-damage|p1a: Heatran|83/100
|-hitcount|p1a: Heatran|2
|-unboost|p2a: Garchomp|def|1
|-boost|p2a: Garchomp|spe|1
|move|p1a: Heatran|Eruption|p2a: Garchomp
|-resisted|p2a: Garchomp
|-damage|p2a: Garchomp|17/100
|
|upkeep
|turn|9
|
|t:|1667642434
|switch|p1a: Rotom|Rotom-Wash|100/100
|move|p2a: Garchomp|Earthquake|p1a: Rotom
|-immune|p1a: Rotom|[from] ability: Levitate
|
|upkeep
|turn|10
|
|t:|1667642440
|move|p2a: Garchomp|Scale Shot|p1a: Rotom
|-crit|p1a: Rotom
|-damage|p1a: Rotom|78/100
|-damage|p1a: Rotom|64/100
|-hitcount|p1a: Rotom|2
|-unboost|p2a: Garchomp|def|1
|-boost|p2a: Garchomp|spe|1
|move|p1a: Rotom|Hydro Pump|p2a: Garchomp|[miss]
|-miss|p1a: Rotom|p2a: Garchomp
|
|-heal|p1a: Rotom|70/100|[from] item: Leftovers
|upkeep
|turn|11
|
|t:|1667642448
|move|p2a: Garchomp|Scale Shot|p1a: Rotom
|-damage|p1a: Rotom|55/100
|-damage|p1a: Rotom|40/100
|-damage|p1a: Rotom|25/100
|-hitcount|p1a: Rotom|3
|-unboost|p2a: Garchomp|def|1
|-boost|p2a: Garchomp|spe|1
|move|p1a: Rotom|Hydro Pump|p2a: Garchomp
|-damage|p2a: Garchomp|0 fnt
|faint|p2a: Garchomp
|
|-heal|p1a: Rotom|31/100|[from] item: Leftovers
|upkeep
|
|t:|1667642470
|switch|p2a: Weavile|Weavile, M|100/100
|-ability|p2a: Weavile|Pressure
|turn|12
|
|t:|1667642473
|move|p2a: Weavile|Knock Off|p1a: Rotom
|-damage|p1a: Rotom|0 fnt
|-enditem|p1a: Rotom|Leftovers|[from] move: Knock Off|[of] p2a: Weavile
|faint|p1a: Rotom
|-damage|p2a: Weavile|91/100|[from] item: Life Orb
|
|upkeep
|
|t:|1667642473
|switch|p1a: Heatran|Heatran, M|83/100
|turn|13
|
|t:|1667642492
|move|p2a: Weavile|Knock Off|p1a: Heatran
|-damage|p1a: Heatran|38/100
|-damage|p2a: Weavile|81/100|[from] item: Life Orb
|move|p1a: Heatran|Eruption|p2a: Weavile
|-supereffective|p2a: Weavile
|-damage|p2a: Weavile|0 fnt
|faint|p2a: Weavile
|
|upkeep
|
|t:|1667642500
|switch|p2a: Blacephalon|Blacephalon|100/100
|turn|14
|
|t:|1667642503
|switch|p1a: Landorus|Landorus-Therian, M|99/100
|-ability|p1a: Landorus|Intimidate|boost
|-unboost|p2a: Blacephalon|atk|1
|move|p2a: Blacephalon|Shadow Ball|p1a: Landorus
|-damage|p1a: Landorus|62/100
|
|-heal|p1a: Landorus|68/100|[from] item: Leftovers
|upkeep
|turn|15
|
|t:|1667642508
|switch|p1a: Weavile|Weavile, M|100/100
|-ability|p1a: Weavile|Pressure
|move|p2a: Blacephalon|Shadow Ball|p1a: Weavile
|-resisted|p1a: Weavile
|-damage|p1a: Weavile|67/100
|
|upkeep
|turn|16
|
|t:|1667642512
|switch|p2a: Celesteela|Celesteela|100/100
|move|p1a: Weavile|Knock Off|p2a: Celesteela
|-damage|p2a: Celesteela|28/100
|-enditem|p2a: Celesteela|Power Herb|[from] move: Knock Off|[of] p1a: Weavile
|
|upkeep
|turn|17
|
|t:|1667642515
|move|p1a: Weavile|Knock Off|p2a: Celesteela
|-damage|p2a: Celesteela|0 fnt
|faint|p2a: Celesteela
|
|upkeep
|
|t:|1667642518
|switch|p2a: Blacephalon|Blacephalon|100/100
|turn|18
|
|t:|1667642524
|switch|p1a: Landorus|Landorus-Therian, M|68/100
|-ability|p1a: Landorus|Intimidate|boost
|-unboost|p2a: Blacephalon|atk|1
|move|p2a: Blacephalon|Flamethrower|p1a: Landorus
|-damage|p1a: Landorus|29/100
|
|-heal|p1a: Landorus|35/100|[from] item: Leftovers
|upkeep
|turn|19
|
|t:|1667642527
|switch|p1a: Heatran|Heatran, M|38/100
|move|p2a: Blacephalon|Flamethrower|p1a: Heatran
|-start|p1a: Heatran|ability: Flash Fire
|
|upkeep
|turn|20
|-message|zKally forfeited.
|
|win|minimax_ai
|raw|minimax_ai's rating: 1542 &rarr; <strong>1560</strong><br />(+18 for winning)
|raw|zKally's rating: 1501 &rarr; <strong>1483</strong><br />(-18 for losing)
|l|☆zKally
