|j|☆TESLA ROADSTER
|j|☆Ditto TH
|t:|1615973152
|player|p1|TESLA ROADSTER|170|1343
|player|p2|Ditto TH|102|1368
|teamsize|p1|6
|teamsize|p2|6
|gametype|singles
|gen|8
|tier|[Gen 8] OU
|rated|
|clearpoke
|poke|p1|Gigalith, M|
|poke|p1|Excadrill, M|
|poke|p1|Ferrothorn, M|
|poke|p1|Clefable, F|
|poke|p1|Landorus-Therian, M|
|poke|p1|Tornadus-Therian, M|
|poke|p2|Pelipper, F|
|poke|p2|Barraskewda, M|
|poke|p2|Tornadus-Therian, M|
|poke|p2|Ferrothorn, F|
|poke|p2|Seismitoad, M|
|poke|p2|Tapu Koko|
|rule|Sleep Clause Mod: Limit one foe put to sleep
|rule|Species Clause: Limit one of each Pokémon
|rule|OHKO Clause: OHKO moves are banned
|rule|Evasion Moves Clause: Evasion moves are banned
|rule|Endless Battle Clause: Forcing endless battles is banned
|rule|HP Percentage Mod: HP is shown in percentages
|rule|Dynamax Clause: You cannot dynamax
|teampreview
|c|☆Ditto TH|glhf
|inactive|Battle timer is ON: inactive players will automatically lose when time's up. (requested by TESLA ROADSTER)
|
|t:|1615973178
|start
|switch|p1a: Tornadus|Tornadus-Therian, M|100/100
|switch|p2a: Pelipper|Pelipper, F|100/100
|-weather|RainDance|[from] ability: Drizzle|[of] p2a: Pelipper
|turn|1
|c|☆TESLA ROADSTER|U2
|
|t:|1615973203
|move|p1a: Tornadus|Hurricane|p2a: Pelipper
|-damage|p2a: Pelipper|32/100
|move|p2a: Pelipper|U-turn|p1a: Tornadus
|-resisted|p1a: Tornadus
|-damage|p1a: Tornadus|95/100
|
|t:|1615973210
|switch|p2a: Barraskewda|Barraskewda, M|100/100|[from]move: U-turn
|
|-weather|RainDance|[upkeep]
|upkeep
|turn|2
|c|☆Ditto TH|ty
|inactive|TESLA ROADSTER has 120 seconds left.
|
|t:|1615973242
|switch|p1a: Clefable|Clefable, F|100/100
|move|p2a: Barraskewda|Flip Turn|p1a: Clefable
|-damage|p1a: Clefable|28/100
|
|t:|1615973252
|switch|p2a: Seismitoad|Seismitoad, M|100/100|[from]move: Flip Turn
|
|-weather|RainDance|[upkeep]
|-heal|p1a: Clefable|34/100|[from] item: Leftovers
|upkeep
|turn|3
|inactive|TESLA ROADSTER has 120 seconds left.
|
|t:|1615973264
|move|p2a: Seismitoad|Scald|p1a: Clefable
|-crit|p1a: Clefable
|-damage|p1a: Clefable|0 fnt
|-damage|p2a: Seismitoad|91/100|[from] item: Life Orb
|faint|p1a: Clefable
|
|-weather|RainDance|[upkeep]
|upkeep
|
|t:|1615973267
|switch|p1a: Ferrothorn|Ferrothorn, M|100/100
|turn|4
|inactive|TESLA ROADSTER has 120 seconds left.
|
|t:|1615973289
|switch|p1a: Tornadus|Tornadus-Therian, M|100/100
|move|p2a: Seismitoad|Earth Power|p1a: Tornadus
|-immune|p1a: Tornadus
|
|-weather|RainDance|[upkeep]
|upkeep
|turn|5
|
|t:|1615973300
|switch|p1a: Landorus|Landorus-Therian, M|100/100
|-ability|p1a: Landorus|Intimidate|boost
|-unboost|p2a: Seismitoad|atk|1
|move|p2a: Seismitoad|Scald|p1a: Landorus
|-supereffective|p1a: Landorus
|-damage|p1a: Landorus|0 fnt
|-damage|p2a: Seismitoad|81/100|[from] item: Life Orb
|faint|p1a: Landorus
|
|-weather|RainDance|[upkeep]
|upkeep
|
|t:|1615973303
|switch|p1a: Ferrothorn|Ferrothorn, M|100/100
|turn|6
|
|t:|1615973310
|move|p2a: Seismitoad|Earth Power|p1a: Ferrothorn
|-damage|p1a: Ferrothorn|68/100
|-damage|p2a: Seismitoad|71/100|[from] item: Life Orb
|move|p1a: Ferrothorn|Power Whip|p2a: Seismitoad
|-supereffective|p2a: Seismitoad
|-damage|p2a: Seismitoad|0 fnt
|faint|p2a: Seismitoad
|
|-weather|RainDance|[upkeep]
|-heal|p1a: Ferrothorn|75/100|[from] item: Leftovers
|upkeep
|
|t:|1615973327
|switch|p2a: Tornadus|Tornadus-Therian, M|100/100
|turn|7
|
|t:|1615973332
|switch|p1a: Gigalith|Gigalith, M|100/100
|-weather|Sandstorm|[from] ability: Sand Stream|[of] p1a: Gigalith
|move|p2a: Tornadus|Hurricane|p1a: Gigalith|[miss]
|-miss|p2a: Tornadus|p1a: Gigalith
|
|-weather|Sandstorm|[upkeep]
|-damage|p2a: Tornadus|94/100|[from] Sandstorm
|upkeep
|turn|8
|
|t:|1615973354
|move|p2a: Tornadus|U-turn|p1a: Gigalith
|-damage|p1a: Gigalith|90/100
|
|t:|1615973358
|switch|p2a: Ferrothorn|Ferrothorn, F|100/100|[from]move: U-turn
|move|p1a: Gigalith|Stealth Rock|p2a: Ferrothorn
|-sidestart|p2: Ditto TH|move: Stealth Rock
|
|-weather|Sandstorm|[upkeep]
|upkeep
|turn|9
|
|t:|1615973369
|switch|p1a: Tornadus|Tornadus-Therian, M|100/100
|move|p2a: Ferrothorn|Knock Off|p1a: Tornadus
|-damage|p1a: Tornadus|70/100
|-enditem|p1a: Tornadus|Heavy-Duty Boots|[from] move: Knock Off|[of] p2a: Ferrothorn
|
|-weather|Sandstorm|[upkeep]
|-damage|p1a: Tornadus|64/100|[from] Sandstorm
|upkeep
|turn|10
|
|t:|1615973377
|move|p1a: Tornadus|Nasty Plot|p1a: Tornadus
|-boost|p1a: Tornadus|spa|2
|move|p2a: Ferrothorn|Gyro Ball|p1a: Tornadus
|-damage|p1a: Tornadus|0 fnt
|faint|p1a: Tornadus
|
|-weather|Sandstorm|[upkeep]
|upkeep
|
|t:|1615973397
|switch|p1a: Ferrothorn|Ferrothorn, M|75/100
|turn|11
|
|t:|1615973403
|move|p1a: Ferrothorn|Gravity|p1a: Ferrothorn
|-fieldstart|move: Gravity
|move|p2a: Ferrothorn|Knock Off|p1a: Ferrothorn
|-crit|p1a: Ferrothorn
|-damage|p1a: Ferrothorn|50/100
|-damage|p2a: Ferrothorn|88/100|[from] ability: Iron Barbs|[of] p1a: Ferrothorn
|-enditem|p1a: Ferrothorn|Leftovers|[from] move: Knock Off|[of] p2a: Ferrothorn
|
|-weather|Sandstorm|[upkeep]
|-heal|p2a: Ferrothorn|94/100|[from] item: Leftovers
|upkeep
|turn|12
|
|t:|1615973411
|move|p1a: Ferrothorn|Knock Off|p2a: Ferrothorn
|-damage|p2a: Ferrothorn|82/100
|-damage|p1a: Ferrothorn|37/100|[from] ability: Iron Barbs|[of] p2a: Ferrothorn
|-enditem|p2a: Ferrothorn|Leftovers|[from] move: Knock Off|[of] p1a: Ferrothorn
|move|p2a: Ferrothorn|Knock Off|p1a: Ferrothorn
|-damage|p1a: Ferrothorn|27/100
|-damage|p2a: Ferrothorn|70/100|[from] ability: Iron Barbs|[of] p1a: Ferrothorn
|
|-weather|Sandstorm|[upkeep]
|upkeep
|turn|13
|
|t:|1615973417
|switch|p1a: Excadrill|Excadrill, M|100/100
|move|p2a: Ferrothorn|Knock Off|p1a: Excadrill
|-damage|p1a: Excadrill|73/100
|-enditem|p1a: Excadrill|Choice Band|[from] move: Knock Off|[of] p2a: Ferrothorn
|
|-weather|Sandstorm|[upkeep]
|upkeep
|turn|14
|
|t:|1615973423
|move|p1a: Excadrill|Earthquake|p2a: Ferrothorn
|-damage|p2a: Ferrothorn|35/100
|move|p2a: Ferrothorn|Leech Seed|p1a: Excadrill
|-start|p1a: Excadrill|move: Leech Seed
|
|-weather|none
|-damage|p1a: Excadrill|60/100|[from] Leech Seed|[of] p2a: Ferrothorn
|-heal|p2a: Ferrothorn|48/100|[silent]
|upkeep
|turn|15
|
|t:|1615973431
|switch|p1a: Ferrothorn|Ferrothorn, M|27/100
|move|p2a: Ferrothorn|Gyro Ball|p1a: Ferrothorn
|-resisted|p1a: Ferrothorn
|-damage|p1a: Ferrothorn|22/100
|-damage|p2a: Ferrothorn|36/100|[from] ability: Iron Barbs|[of] p1a: Ferrothorn
|
|-fieldend|move: Gravity
|upkeep
|turn|16
|
|t:|1615973441
|move|p1a: Ferrothorn|Spikes|p2a: Ferrothorn
|-sidestart|p2: Ditto TH|Spikes
|move|p2a: Ferrothorn|Gyro Ball|p1a: Ferrothorn
|-resisted|p1a: Ferrothorn
|-damage|p1a: Ferrothorn|16/100
|-damage|p2a: Ferrothorn|23/100|[from] ability: Iron Barbs|[of] p1a: Ferrothorn
|
|upkeep
|turn|17
|
|t:|1615973450
|move|p1a: Ferrothorn|Spikes|p2a: Ferrothorn
|-sidestart|p2: Ditto TH|Spikes
|move|p2a: Ferrothorn|Leech Seed|p1a: Ferrothorn
|-immune|p1a: Ferrothorn
|
|upkeep
|turn|18
|
|t:|1615973461
|move|p1a: Ferrothorn|Spikes|p2a: Ferrothorn
|-sidestart|p2: Ditto TH|Spikes
|move|p2a: Ferrothorn|Leech Seed|p1a: Ferrothorn
|-immune|p1a: Ferrothorn
|
|upkeep
|turn|19
|
|t:|1615973477
|move|p1a: Ferrothorn|Gravity|p1a: Ferrothorn
|-fieldstart|move: Gravity
|move|p2a: Ferrothorn|Leech Seed|p1a: Ferrothorn
|-immune|p1a: Ferrothorn
|
|upkeep
|turn|20
|
|t:|1615973496
|switch|p1a: Gigalith|Gigalith, M|90/100
|-weather|Sandstorm|[from] ability: Sand Stream|[of] p1a: Gigalith
|move|p2a: Ferrothorn|Gyro Ball|p1a: Gigalith
|-supereffective|p1a: Gigalith
|-damage|p1a: Gigalith|66/100
|
|-weather|Sandstorm|[upkeep]
|upkeep
|turn|21
|
|t:|1615973503
|switch|p1a: Ferrothorn|Ferrothorn, M|16/100
|move|p2a: Ferrothorn|Leech Seed|p1a: Ferrothorn
|-immune|p1a: Ferrothorn
|
|-weather|Sandstorm|[upkeep]
|upkeep
|turn|22
|
|t:|1615973506
|move|p1a: Ferrothorn|Knock Off|p2a: Ferrothorn
|-damage|p2a: Ferrothorn|16/100
|-damage|p1a: Ferrothorn|4/100|[from] ability: Iron Barbs|[of] p2a: Ferrothorn
|move|p2a: Ferrothorn|Knock Off|p1a: Ferrothorn
|-damage|p1a: Ferrothorn|0 fnt
|-damage|p2a: Ferrothorn|3/100|[from] ability: Iron Barbs|[of] p1a: Ferrothorn
|faint|p1a: Ferrothorn
|
|-weather|Sandstorm|[upkeep]
|upkeep
|
|t:|1615973513
|switch|p1a: Excadrill|Excadrill, M|60/100
|turn|23
|
|t:|1615973518
|move|p1a: Excadrill|Iron Head|p2a: Ferrothorn
|-resisted|p2a: Ferrothorn
|-damage|p2a: Ferrothorn|0 fnt
|-damage|p1a: Excadrill|48/100|[from] ability: Iron Barbs|[of] p2a: Ferrothorn
|faint|p2a: Ferrothorn
|
|-weather|Sandstorm|[upkeep]
|-fieldend|move: Gravity
|upkeep
|
|t:|1615973536
|switch|p2a: Barraskewda|Barraskewda, M|100/100
|-damage|p2a: Barraskewda|88/100|[from] Stealth Rock
|-damage|p2a: Barraskewda|64/100|[from] Spikes
|turn|24
|
|t:|1615973548
|move|p2a: Barraskewda|Aqua Jet|p1a: Excadrill
|-supereffective|p1a: Excadrill
|-damage|p1a: Excadrill|0 fnt
|faint|p1a: Excadrill
|
|-weather|Sandstorm|[upkeep]
|-damage|p2a: Barraskewda|58/100|[from] Sandstorm
|upkeep
|-message|TESLA ROADSTER forfeited.
|
|win|Ditto TH
|raw|TESLA ROADSTER's rating: 1343 &rarr; <strong>1328</strong><br />(-15 for losing)
|raw|Ditto TH's rating: 1368 &rarr; <strong>1387</strong><br />(+19 for winning)
|l|☆TESLA ROADSTER
|raw|TESLA ROADSTER's rating: 1343 &rarr; <strong>1324</strong><br />(-19 for losing)
|raw|Ditto TH's rating: 1368 &rarr; <strong>1387</strong><br />(+19 for winning)
|c|☆Ditto TH|gg
