|j|☆GorLeon
|j|☆Steelix Fusion
|t:|1667730778
|gametype|singles
|player|p1|GorLeon|dragontamer|1607
|player|p2|Steelix Fusion|marshal|1671
|teamsize|p1|6
|teamsize|p2|6
|gen|8
|tier|[Gen 8] OU
|rated|
|rule|Sleep Clause Mod: Limit one foe put to sleep
|rule|Species Clause: Limit one of each Pokémon
|rule|OHKO Clause: OHKO moves are banned
|rule|Evasion Items Clause: Evasion items are banned
|rule|Evasion Moves Clause: Evasion moves are banned
|rule|Endless Battle Clause: Forcing endless battles is banned
|rule|HP Percentage Mod: HP is shown in percentages
|rule|Dynamax Clause: You cannot dynamax
|clearpoke
|poke|p1|Dragapult, M|
|poke|p1|Buzzwole|
|poke|p1|Tapu Lele|
|poke|p1|Landorus-Therian, M|
|poke|p1|Slowbro, M|
|poke|p1|Tyranitar, M|
|poke|p2|Obstagoon, M|
|poke|p2|Scolipede, F|
|poke|p2|Ninetales-Alola, M|
|poke|p2|Klefki, F|
|poke|p2|Volcarona, F|
|poke|p2|Blacephalon|
|teampreview
|inactive|Battle timer is ON: inactive players will automatically lose when time's up. (requested by GorLeon)
|c|☆GorLeon|gl hf
|
|t:|1667730799
|start
|switch|p1a: Dragapult|Dragapult, M|100/100
|switch|p2a: Obstagoon|Obstagoon, M|100/100
|turn|1
|
|t:|1667730805
|move|p1a: Dragapult|U-turn|p2a: Obstagoon
|-supereffective|p2a: Obstagoon
|-damage|p2a: Obstagoon|48/100
|
|t:|1667730809
|switch|p1a: Landorus|Landorus-Therian, M|100/100|[from]move: U-turn
|-ability|p1a: Landorus|Intimidate|boost
|-unboost|p2a: Obstagoon|atk|1
|move|p2a: Obstagoon|Knock Off|p1a: Landorus
|-damage|p1a: Landorus|73/100
|-enditem|p1a: Landorus|Leftovers|[from] move: Knock Off|[of] p2a: Obstagoon
|
|-status|p2a: Obstagoon|brn|[from] item: Flame Orb
|upkeep
|turn|2
|
|t:|1667730821
|move|p2a: Obstagoon|Facade|p1a: Landorus
|-damage|p1a: Landorus|13/100
|move|p1a: Landorus|U-turn|p2a: Obstagoon
|-supereffective|p2a: Obstagoon
|-damage|p2a: Obstagoon|6/100 brn
|
|t:|1667730826
|switch|p1a: Tyranitar|Tyranitar, M|100/100|[from]move: U-turn
|-weather|Sandstorm|[from] ability: Sand Stream|[of] p1a: Tyranitar
|
|-weather|Sandstorm|[upkeep]
|-damage|p2a: Obstagoon|0 fnt|[from] Sandstorm
|faint|p2a: Obstagoon
|upkeep
|
|t:|1667730832
|switch|p2a: Ninetales|Ninetales-Alola, M|100/100
|-weather|Hail|[from] ability: Snow Warning|[of] p2a: Ninetales
|turn|3
|
|t:|1667730837
|move|p2a: Ninetales|Aurora Veil|p2a: Ninetales
|-sidestart|p2: Steelix Fusion|move: Aurora Veil
|move|p1a: Tyranitar|Heavy Slam|p2a: Ninetales
|-supereffective|p2a: Ninetales
|-damage|p2a: Ninetales|15/100
|
|-weather|Hail|[upkeep]
|-damage|p1a: Tyranitar|94/100|[from] Hail
|-heal|p1a: Tyranitar|100/100|[from] item: Leftovers
|upkeep
|turn|4
|
|t:|1667730846
|move|p2a: Ninetales|Safeguard|p2a: Ninetales
|-sidestart|p2: Steelix Fusion|Safeguard
|move|p1a: Tyranitar|Rock Blast|p2a: Ninetales
|-supereffective|p2a: Ninetales
|-damage|p2a: Ninetales|0 fnt
|faint|p2a: Ninetales
|-hitcount|p2: Ninetales|1
|
|-weather|Hail|[upkeep]
|-damage|p1a: Tyranitar|94/100|[from] Hail
|-heal|p1a: Tyranitar|100/100|[from] item: Leftovers
|upkeep
|
|t:|1667730856
|switch|p2a: Scolipede|Scolipede, F|100/100
|turn|5
|
|t:|1667730866
|move|p2a: Scolipede|Swords Dance|p2a: Scolipede
|-boost|p2a: Scolipede|atk|2
|move|p1a: Tyranitar|Rock Blast|p2a: Scolipede
|-supereffective|p2a: Scolipede
|-damage|p2a: Scolipede|86/100
|-supereffective|p2a: Scolipede
|-damage|p2a: Scolipede|71/100
|-hitcount|p2a: Scolipede|2
|
|-weather|Hail|[upkeep]
|-damage|p2a: Scolipede|65/100|[from] Hail
|-damage|p1a: Tyranitar|94/100|[from] Hail
|-heal|p1a: Tyranitar|100/100|[from] item: Leftovers
|-ability|p2a: Scolipede|Speed Boost|boost
|-boost|p2a: Scolipede|spe|1
|upkeep
|turn|6
|
|t:|1667730878
|switch|p1a: Landorus|Landorus-Therian, M|13/100
|-ability|p1a: Landorus|Intimidate|boost
|-unboost|p2a: Scolipede|atk|1
|move|p2a: Scolipede|Swords Dance|p2a: Scolipede
|-boost|p2a: Scolipede|atk|2
|
|-weather|Hail|[upkeep]
|-damage|p2a: Scolipede|59/100|[from] Hail
|-damage|p1a: Landorus|7/100|[from] Hail
|-ability|p2a: Scolipede|Speed Boost|boost
|-boost|p2a: Scolipede|spe|1
|upkeep
|turn|7
|
|t:|1667730887
|move|p2a: Scolipede|Poison Jab|p1a: Landorus
|-resisted|p1a: Landorus
|-crit|p1a: Landorus
|-damage|p1a: Landorus|0 fnt
|faint|p1a: Landorus
|-damage|p2a: Scolipede|49/100|[from] item: Life Orb
|
|-weather|none
|-ability|p2a: Scolipede|Speed Boost|boost
|-boost|p2a: Scolipede|spe|1
|upkeep
|
|t:|1667730903
|switch|p1a: Buzzwole|Buzzwole|100/100
|turn|8
|
|t:|1667730911
|move|p2a: Scolipede|Swords Dance|p2a: Scolipede
|-boost|p2a: Scolipede|atk|2
|move|p1a: Buzzwole|Earthquake|p2a: Scolipede
|-damage|p2a: Scolipede|29/100
|
|-sideend|p2: Steelix Fusion|Safeguard
|-ability|p2a: Scolipede|Speed Boost|boost
|-boost|p2a: Scolipede|spe|1
|upkeep
|turn|9
|
|t:|1667730920
|move|p2a: Scolipede|Poison Jab|p1a: Buzzwole
|-damage|p1a: Buzzwole|0 fnt
|faint|p1a: Buzzwole
|-damage|p2a: Scolipede|19/100|[from] item: Life Orb
|
|-ability|p2a: Scolipede|Speed Boost|boost
|-boost|p2a: Scolipede|spe|1
|upkeep
|
|t:|1667730924
|switch|p1a: Slowbro|Slowbro, M|100/100
|turn|10
|
|t:|1667730928
|move|p2a: Scolipede|Poison Jab|p1a: Slowbro
|-damage|p1a: Slowbro|0 fnt
|-damage|p2a: Scolipede|2/100|[from] item: Rocky Helmet|[of] p1a: Slowbro
|faint|p1a: Slowbro
|-damage|p2a: Scolipede|0 fnt|[from] item: Life Orb
|faint|p2a: Scolipede
|
|-sideend|p2: Steelix Fusion|move: Aurora Veil
|upkeep
|
|t:|1667730936
|switch|p2a: Klefki|Klefki, F|100/100
|switch|p1a: Tyranitar|Tyranitar, M|100/100
|-weather|Sandstorm|[from] ability: Sand Stream|[of] p1a: Tyranitar
|turn|11
|
|t:|1667730941
|move|p2a: Klefki|Reflect|p2a: Klefki
|-sidestart|p2: Steelix Fusion|Reflect
|move|p1a: Tyranitar|Heavy Slam|p2a: Klefki
|-crit|p2a: Klefki
|-damage|p2a: Klefki|42/100
|
|-weather|Sandstorm|[upkeep]
|upkeep
|turn|12
|
|t:|1667730946
|move|p2a: Klefki|Light Screen|p2a: Klefki
|-sidestart|p2: Steelix Fusion|move: Light Screen
|move|p1a: Tyranitar|Flamethrower|p2a: Klefki
|-supereffective|p2a: Klefki
|-damage|p2a: Klefki|18/100
|
|-weather|Sandstorm|[upkeep]
|upkeep
|turn|13
|
|t:|1667730955
|move|p2a: Klefki|Light Screen||[still]
|-fail|p2a: Klefki
|move|p1a: Tyranitar|Rock Blast|p2a: Klefki
|-resisted|p2a: Klefki
|-damage|p2a: Klefki|15/100
|-resisted|p2a: Klefki
|-damage|p2a: Klefki|12/100
|-resisted|p2a: Klefki
|-damage|p2a: Klefki|9/100
|-resisted|p2a: Klefki
|-damage|p2a: Klefki|6/100
|-hitcount|p2a: Klefki|4
|
|-weather|Sandstorm|[upkeep]
|upkeep
|turn|14
|
|t:|1667730966
|move|p2a: Klefki|Reflect||[still]
|-fail|p2a: Klefki
|move|p1a: Tyranitar|Rock Blast|p2a: Klefki
|-resisted|p2a: Klefki
|-damage|p2a: Klefki|3/100
|-resisted|p2a: Klefki
|-damage|p2a: Klefki|0 fnt
|faint|p2a: Klefki
|-hitcount|p2: Klefki|2
|
|-weather|Sandstorm|[upkeep]
|upkeep
|
|t:|1667730974
|switch|p2a: Blacephalon|Blacephalon|100/100
|turn|15
|
|t:|1667730978
|move|p2a: Blacephalon|Trick|p1a: Tyranitar
|-activate|p2a: Blacephalon|move: Trick|[of] p1a: Tyranitar
|-item|p1a: Tyranitar|Choice Specs|[from] move: Trick
|-item|p2a: Blacephalon|Leftovers|[from] move: Trick
|move|p1a: Tyranitar|Rock Blast|p2a: Blacephalon
|-supereffective|p2a: Blacephalon
|-damage|p2a: Blacephalon|72/100
|-supereffective|p2a: Blacephalon
|-damage|p2a: Blacephalon|43/100
|-supereffective|p2a: Blacephalon
|-damage|p2a: Blacephalon|14/100
|-supereffective|p2a: Blacephalon
|-damage|p2a: Blacephalon|0 fnt
|faint|p2a: Blacephalon
|-hitcount|p2: Blacephalon|4
|
|-weather|none
|upkeep
|
|t:|1667730989
|switch|p2a: Volcarona|Volcarona, F|100/100
|turn|16
|
|t:|1667730992
|move|p2a: Volcarona|Quiver Dance|p2a: Volcarona
|-boost|p2a: Volcarona|spa|1
|-boost|p2a: Volcarona|spd|1
|-boost|p2a: Volcarona|spe|1
|move|p1a: Tyranitar|Rock Blast|p2a: Volcarona
|-supereffective|p2a: Volcarona
|-damage|p2a: Volcarona|66/100
|-supereffective|p2a: Volcarona
|-damage|p2a: Volcarona|32/100
|-supereffective|p2a: Volcarona
|-damage|p2a: Volcarona|0 fnt
|faint|p2a: Volcarona
|-hitcount|p2: Volcarona|3
|
|win|GorLeon
|raw|GorLeon's rating: 1607 &rarr; <strong>1631</strong><br />(+24 for winning)
|raw|Steelix Fusion's rating: 1671 &rarr; <strong>1647</strong><br />(-24 for losing)
|l|☆Steelix Fusion
|c|☆GorLeon|gg
