|j|‽DerpyBoi
|j|☆supersam10001
|inactive|Battle timer is ON: inactive players will automatically lose when time's up.
|t:|1610518443
|player|p1|DerpyBoi|burglar-gen2|
|player|p2|supersam10001|wallace|
|teamsize|p1|6
|teamsize|p2|6
|gametype|singles
|gen|8
|tier|[Gen 8] OU
|rated|Tournament battle
|clearpoke
|poke|p1|Rapidash-Galar, F|
|poke|p1|Magnezone|
|poke|p1|Spectrier|
|poke|p1|Rhyperior, F|
|poke|p1|Moltres|
|poke|p1|Rillaboom, M|
|poke|p2|Rotom-Wash|
|poke|p2|Corviknight, M|
|poke|p2|Rayquaza|
|poke|p2|Kyurem|
|poke|p2|Melmetal|
|poke|p2|Hydreigon, M|
|rule|Sleep Clause Mod: Limit one foe put to sleep
|rule|Species Clause: Limit one of each Pokémon
|rule|OHKO Clause: OHKO moves are banned
|rule|Evasion Moves Clause: Evasion moves are banned
|rule|Endless Battle Clause: Forcing endless battles is banned
|rule|HP Percentage Mod: HP is shown in percentages
|rule|Dynamax Clause: You cannot dynamax
|teampreview
|inactive|DerpyBoi also wants the timer to be on.
|inactive|supersam10001 also wants the timer to be on.
|c|☆supersam10001|hf
|
|t:|1610518465
|start
|switch|p1a: Magnezone|Magnezone|100/100
|switch|p2a: Melmetal|Melmetal|100/100
|turn|1
|
|t:|1610518470
|move|p1a: Magnezone|Volt Switch|p2a: Melmetal
|-damage|p2a: Melmetal|34/100
|
|t:|1610518475
|switch|p1a: Moltres|Moltres|100/100|[from]move: Volt Switch
|move|p2a: Melmetal|Earthquake|p1a: Moltres
|-immune|p1a: Moltres
|
|upkeep
|turn|2
|
|t:|1610518482
|switch|p2a: Rotom|Rotom-Wash|100/100
|move|p1a: Moltres|Mystical Fire|p2a: Rotom
|-resisted|p2a: Rotom
|-damage|p2a: Rotom|83/100
|-unboost|p2a: Rotom|spa|1
|
|upkeep
|turn|3
|
|t:|1610518494
|switch|p1a: Spectrier|Spectrier|100/100
|move|p2a: Rotom|Volt Switch|p1a: Spectrier
|-damage|p1a: Spectrier|82/100
|
|t:|1610518501
|switch|p2a: Hydreigon|Hydreigon, M|100/100|[from]move: Volt Switch
|
|-heal|p1a: Spectrier|88/100|[from] item: Leftovers
|upkeep
|turn|4
|
|t:|1610518509
|switch|p1a: Moltres|Moltres|100/100
|move|p2a: Hydreigon|Nasty Plot|p2a: Hydreigon
|-boost|p2a: Hydreigon|spa|2
|
|upkeep
|turn|5
|
|t:|1610518513
|move|p2a: Hydreigon|Dark Pulse|p1a: Moltres
|-damage|p1a: Moltres|50/100
|move|p1a: Moltres|Mystical Fire|p2a: Hydreigon
|-resisted|p2a: Hydreigon
|-crit|p2a: Hydreigon
|-damage|p2a: Hydreigon|75/100
|-unboost|p2a: Hydreigon|spa|1
|
|-heal|p2a: Hydreigon|81/100|[from] item: Leftovers
|upkeep
|turn|6
|
|t:|1610518519
|move|p2a: Hydreigon|Nasty Plot|p2a: Hydreigon
|-boost|p2a: Hydreigon|spa|2
|move|p1a: Moltres|Mystical Fire|p2a: Hydreigon
|-resisted|p2a: Hydreigon
|-damage|p2a: Hydreigon|65/100
|-unboost|p2a: Hydreigon|spa|1
|
|-heal|p2a: Hydreigon|71/100|[from] item: Leftovers
|upkeep
|turn|7
|
|t:|1610518523
|move|p2a: Hydreigon|Dark Pulse|p1a: Moltres
|-damage|p1a: Moltres|0 fnt
|faint|p1a: Moltres
|
|-heal|p2a: Hydreigon|77/100|[from] item: Leftovers
|upkeep
|
|t:|1610518525
|switch|p1a: Rapidash|Rapidash-Galar, F|100/100
|turn|8
|
|t:|1610518530
|switch|p2a: Corviknight|Corviknight, M|100/100
|-ability|p2a: Corviknight|Pressure
|move|p1a: Rapidash|Play Rough|p2a: Corviknight|[miss]
|-miss|p1a: Rapidash|p2a: Corviknight
|
|upkeep
|turn|9
|
|t:|1610518537
|switch|p1a: Magnezone|Magnezone|100/100
|switch|p2a: Kyurem|Kyurem|100/100
|-ability|p2a: Kyurem|Pressure
|
|upkeep
|turn|10
|
|t:|1610518545
|switch|p1a: Rapidash|Rapidash-Galar, F|100/100
|move|p2a: Kyurem|Earth Power|p1a: Rapidash
|-crit|p1a: Rapidash
|-damage|p1a: Rapidash|31/100
|
|upkeep
|turn|11
|
|t:|1610518554
|move|p2a: Kyurem|Earth Power|p1a: Rapidash
|-damage|p1a: Rapidash|0 fnt
|faint|p1a: Rapidash
|
|upkeep
|
|t:|1610518557
|switch|p1a: Rillaboom|Rillaboom, M|100/100
|-fieldstart|move: Grassy Terrain|[from] ability: Grassy Surge|[of] p1a: Rillaboom
|turn|12
|
|t:|1610518560
|switch|p2a: Corviknight|Corviknight, M|100/100
|-ability|p2a: Corviknight|Pressure
|move|p1a: Rillaboom|Swords Dance|p1a: Rillaboom
|-boost|p1a: Rillaboom|atk|2
|
|upkeep
|turn|13
|
|t:|1610518567
|switch|p2a: Melmetal|Melmetal|34/100
|move|p1a: Rillaboom|Swords Dance|p1a: Rillaboom
|-boost|p1a: Rillaboom|atk|2
|
|-heal|p2a: Melmetal|40/100|[from] Grassy Terrain
|upkeep
|turn|14
|
|t:|1610518570
|move|p1a: Rillaboom|Knock Off|p2a: Melmetal
|-damage|p2a: Melmetal|0 fnt
|-enditem|p2a: Melmetal|Choice Band|[from] move: Knock Off|[of] p1a: Rillaboom
|-damage|p1a: Rillaboom|91/100|[from] item: Life Orb
|faint|p2a: Melmetal
|
|-heal|p1a: Rillaboom|97/100|[from] Grassy Terrain
|upkeep
|
|t:|1610518573
|switch|p2a: Rayquaza|Rayquaza|100/100
|-ability|p2a: Rayquaza|Air Lock
|turn|15
|
|t:|1610518578
|switch|p1a: Rhyperior|Rhyperior, F|100/100
|move|p2a: Rayquaza|Dragon Ascent|p1a: Rhyperior
|-resisted|p1a: Rhyperior
|-damage|p1a: Rhyperior|77/100
|-unboost|p2a: Rayquaza|def|1
|-unboost|p2a: Rayquaza|spd|1
|
|-heal|p1a: Rhyperior|83/100|[from] Grassy Terrain
|-heal|p1a: Rhyperior|89/100|[from] item: Leftovers
|upkeep
|turn|16
|
|t:|1610518588
|switch|p2a: Rotom|Rotom-Wash|83/100
|switch|p1a: Magnezone|Magnezone|100/100
|
|-fieldend|move: Grassy Terrain
|upkeep
|turn|17
|
|t:|1610518595
|move|p1a: Magnezone|Volt Switch|p2a: Rotom
|-damage|p2a: Rotom|22/100
|-enditem|p2a: Rotom|Figy Berry|[eat]
|-heal|p2a: Rotom|55/100|[from] item: Figy Berry
|-start|p2a: Rotom|confusion
|
|t:|1610518605
|switch|p1a: Rillaboom|Rillaboom, M|97/100|[from]move: Volt Switch
|-fieldstart|move: Grassy Terrain|[from] ability: Grassy Surge|[of] p1a: Rillaboom
|-activate|p2a: Rotom|confusion
|move|p2a: Rotom|Volt Switch|p1a: Rillaboom
|-resisted|p1a: Rillaboom
|-damage|p1a: Rillaboom|81/100
|
|t:|1610518610
|switch|p2a: Rayquaza|Rayquaza|100/100|[from]move: Volt Switch
|-ability|p2a: Rayquaza|Air Lock
|
|-heal|p1a: Rillaboom|88/100|[from] Grassy Terrain
|upkeep
|turn|18
|
|t:|1610518612
|switch|p1a: Rhyperior|Rhyperior, F|89/100
|move|p2a: Rayquaza|Dragon Dance|p2a: Rayquaza
|-boost|p2a: Rayquaza|atk|1
|-boost|p2a: Rayquaza|spe|1
|
|-heal|p1a: Rhyperior|96/100|[from] Grassy Terrain
|-heal|p1a: Rhyperior|100/100|[from] item: Leftovers
|upkeep
|turn|19
|
|t:|1610518616
|move|p2a: Rayquaza|Outrage|p1a: Rhyperior
|-damage|p1a: Rhyperior|31/100
|move|p1a: Rhyperior|Rock Blast|p2a: Rayquaza
|-supereffective|p2a: Rayquaza
|-damage|p2a: Rayquaza|71/100
|-supereffective|p2a: Rayquaza
|-damage|p2a: Rayquaza|44/100
|-supereffective|p2a: Rayquaza
|-damage|p2a: Rayquaza|14/100
|-hitcount|p2a: Rayquaza|3
|
|-heal|p1a: Rhyperior|37/100|[from] Grassy Terrain
|-heal|p1a: Rhyperior|44/100|[from] item: Leftovers
|upkeep
|turn|20
|
|t:|1610518620
|move|p2a: Rayquaza|Outrage|p1a: Rhyperior|[from]lockedmove
|-damage|p1a: Rhyperior|0 fnt
|faint|p1a: Rhyperior
|
|upkeep
|
|t:|1610518622
|switch|p1a: Rillaboom|Rillaboom, M|88/100
|turn|21
|
|t:|1610518625
|move|p1a: Rillaboom|Grassy Glide|p2a: Rayquaza
|-resisted|p2a: Rayquaza
|-damage|p2a: Rayquaza|0 fnt
|-damage|p1a: Rillaboom|78/100|[from] item: Life Orb
|faint|p2a: Rayquaza
|
|-heal|p1a: Rillaboom|84/100|[from] Grassy Terrain
|-fieldend|move: Grassy Terrain
|upkeep
|
|t:|1610518628
|switch|p2a: Kyurem|Kyurem|100/100
|-ability|p2a: Kyurem|Pressure
|turn|22
|
|t:|1610518635
|move|p2a: Kyurem|Earth Power|p1a: Rillaboom
|-resisted|p1a: Rillaboom
|-damage|p1a: Rillaboom|64/100
|move|p1a: Rillaboom|Superpower|p2a: Kyurem
|-supereffective|p2a: Kyurem
|-damage|p2a: Kyurem|0 fnt
|-unboost|p1a: Rillaboom|atk|1
|-unboost|p1a: Rillaboom|def|1
|-damage|p1a: Rillaboom|54/100|[from] item: Life Orb
|faint|p2a: Kyurem
|
|upkeep
|
|t:|1610518642
|switch|p2a: Hydreigon|Hydreigon, M|77/100
|turn|23
|
|t:|1610518645
|move|p2a: Hydreigon|Dark Pulse|p1a: Rillaboom
|-damage|p1a: Rillaboom|3/100
|move|p1a: Rillaboom|Superpower|p2a: Hydreigon
|-supereffective|p2a: Hydreigon
|-damage|p2a: Hydreigon|0 fnt
|-unboost|p1a: Rillaboom|atk|1
|-unboost|p1a: Rillaboom|def|1
|-damage|p1a: Rillaboom|0 fnt|[from] item: Life Orb
|faint|p2a: Hydreigon
|faint|p1a: Rillaboom
|
|upkeep
|c|☆supersam10001|gg
|
|t:|1610518662
|switch|p2a: Corviknight|Corviknight, M|100/100
|switch|p1a: Magnezone|Magnezone|100/100
|-ability|p2a: Corviknight|Pressure
|turn|24
|-message|supersam10001 forfeited.
|
|win|DerpyBoi
|n|‽DerpyBoi|derpyboi
|n|☆supersam10001|supersam10001
|l|☆supersam10001
