|j|☆A3720
|j|☆A Moist Towelette
|t:|1650758337
|gametype|singles
|player|p1|A3720|1|1654
|player|p2|A Moist Towelette|klara|1588
|teamsize|p1|6
|teamsize|p2|6
|gen|8
|tier|[Gen 8] OU
|rated|
|rule|Sleep Clause Mod: Limit one foe put to sleep
|rule|Species Clause: Limit one of each Pokémon
|rule|OHKO Clause: OHKO moves are banned
|rule|Evasion Moves Clause: Evasion moves are banned
|rule|Endless Battle Clause: Forcing endless battles is banned
|rule|HP Percentage Mod: HP is shown in percentages
|rule|Dynamax Clause: You cannot dynamax
|clearpoke
|poke|p1|Inteleon, F|
|poke|p1|Ferrothorn, F|
|poke|p1|Zapdos|
|poke|p1|Garchomp, M|
|poke|p1|Weavile, F|
|poke|p1|Tapu Lele|
|poke|p2|Aegislash, M|
|poke|p2|Mamoswine, M|
|poke|p2|Toxapex, M|
|poke|p2|Zapdos-Galar|
|poke|p2|Clefable, M|
|poke|p2|Mandibuzz, F|
|teampreview
|
|t:|1650758367
|start
|switch|p1a: Inteleon|Inteleon, F, shiny|100/100
|switch|p2a: Clefable|Clefable, M|100/100
|turn|1
|j| Nesnot
|
|t:|1650758388
|move|p1a: Inteleon|Focus Energy|p1a: Inteleon
|-start|p1a: Inteleon|move: Focus Energy
|move|p2a: Clefable|Moonblast|p1a: Inteleon
|-damage|p1a: Inteleon|47/100
|
|upkeep
|turn|2
|
|t:|1650758393
|switch|p2a: Toxapex|Toxapex, M|100/100
|move|p1a: Inteleon|Hydro Pump|p2a: Toxapex
|-resisted|p2a: Toxapex
|-crit|p2a: Toxapex
|-damage|p2a: Toxapex|42/100
|
|upkeep
|turn|3
|
|t:|1650758400
|move|p1a: Inteleon|Shadow Ball|p2a: Toxapex
|-crit|p2a: Toxapex
|-damage|p2a: Toxapex|0 fnt
|faint|p2a: Toxapex
|
|upkeep
|c| Nesnot|Bro
|
|t:|1650758410
|switch|p2a: Mandibuzz|Mandibuzz, F|100/100
|turn|4
|
|t:|1650758413
|move|p1a: Inteleon|Hydro Pump|p2a: Mandibuzz
|-crit|p2a: Mandibuzz
|-damage|p2a: Mandibuzz|10/100
|move|p2a: Mandibuzz|Knock Off|p1a: Inteleon
|-damage|p1a: Inteleon|6/100
|-enditem|p1a: Inteleon|Scope Lens|[from] move: Knock Off|[of] p2a: Mandibuzz
|
|upkeep
|turn|5
|
|t:|1650758421
|move|p1a: Inteleon|Hydro Pump|p2a: Mandibuzz|[miss]
|-miss|p1a: Inteleon|p2a: Mandibuzz
|move|p2a: Mandibuzz|Knock Off|p1a: Inteleon
|-damage|p1a: Inteleon|0 fnt
|faint|p1a: Inteleon
|
|upkeep
|c| Nesnot|Why not Surf/Ice Beam/Dark Pulse?
|c|☆A3720|shadow ball hits fini and urshifu
|c| Nesnot|Ah
|c|☆A3720|and frees up space for substitute
|c|☆A3720|just to annoy toxapex more
|c| Nesnot|Air Slash?
|inactive|Battle timer is ON: inactive players will automatically lose when time's up. (requested by A Moist Towelette)
|c| Nesnot|Crit flinch is brutal
|
|t:|1650758472
|switch|p1a: Weavile|Weavile, F|100/100
|-ability|p1a: Weavile|Pressure
|turn|6
|
|t:|1650758487
|move|p1a: Weavile|Triple Axel|p2a: Mandibuzz
|-supereffective|p2a: Mandibuzz
|-damage|p2a: Mandibuzz|0 fnt
|faint|p2a: Mandibuzz
|-hitcount|p2: Mandibuzz|1
|
|upkeep
|
|t:|1650758492
|switch|p2a: Clefable|Clefable, M|100/100
|turn|7
|
|t:|1650758499
|switch|p1a: Ferrothorn|Ferrothorn, F|100/100
|move|p2a: Clefable|Flamethrower|p1a: Ferrothorn
|-supereffective|p1a: Ferrothorn
|-damage|p1a: Ferrothorn|28/100
|
|upkeep
|turn|8
|
|t:|1650758508
|move|p2a: Clefable|Flamethrower|p1a: Ferrothorn
|-supereffective|p1a: Ferrothorn
|-damage|p1a: Ferrothorn|0 fnt
|faint|p1a: Ferrothorn
|
|upkeep
|
|t:|1650758515
|switch|p1a: Tapu Lele|Tapu Lele|100/100
|-fieldstart|move: Psychic Terrain|[from] ability: Psychic Surge|[of] p1a: Tapu Lele
|turn|9
|
|t:|1650758526
|switch|p2a: Aegislash|Aegislash, M|100/100
|move|p1a: Tapu Lele|Psyshock|p2a: Aegislash
|-resisted|p2a: Aegislash
|-damage|p2a: Aegislash|75/100
|
|-heal|p2a: Aegislash|82/100|[from] item: Leftovers
|upkeep
|turn|10
|
|t:|1650758536
|switch|p1a: Garchomp|Garchomp, M|100/100
|switch|p2a: Clefable|Clefable, M|100/100
|
|upkeep
|turn|11
|
|t:|1650758556
|move|p1a: Garchomp|Earthquake|p2a: Clefable
|-damage|p2a: Clefable|53/100
|move|p2a: Clefable|Moonblast|p1a: Garchomp
|-supereffective|p1a: Garchomp
|-damage|p1a: Garchomp|26/100
|
|-heal|p1a: Garchomp|32/100|[from] item: Leftovers
|-heal|p2a: Clefable|59/100|[from] item: Leftovers
|upkeep
|turn|12
|l| Nesnot
|
|t:|1650758567
|move|p1a: Garchomp|Stealth Rock|p2a: Clefable
|-sidestart|p2: A Moist Towelette|move: Stealth Rock
|move|p2a: Clefable|Soft-Boiled|p2a: Clefable
|-heal|p2a: Clefable|100/100
|
|-heal|p1a: Garchomp|38/100|[from] item: Leftovers
|upkeep
|turn|13
|
|t:|1650758579
|move|p1a: Garchomp|Earthquake|p2a: Clefable
|-damage|p2a: Clefable|53/100
|move|p2a: Clefable|Moonblast|p1a: Garchomp
|-supereffective|p1a: Garchomp
|-damage|p1a: Garchomp|0 fnt
|faint|p1a: Garchomp
|
|-heal|p2a: Clefable|59/100|[from] item: Leftovers
|-fieldend|move: Psychic Terrain
|upkeep
|
|t:|1650758588
|switch|p1a: Tapu Lele|Tapu Lele|100/100
|-fieldstart|move: Psychic Terrain|[from] ability: Psychic Surge|[of] p1a: Tapu Lele
|turn|14
|
|t:|1650758603
|switch|p2a: Aegislash|Aegislash, M|82/100
|-damage|p2a: Aegislash|75/100|[from] Stealth Rock
|move|p1a: Tapu Lele|Psyshock|p2a: Aegislash
|-resisted|p2a: Aegislash
|-damage|p2a: Aegislash|54/100
|
|-heal|p2a: Aegislash|60/100|[from] item: Leftovers
|upkeep
|turn|15
|
|t:|1650758610
|switch|p1a: Weavile|Weavile, F|100/100
|-ability|p1a: Weavile|Pressure
|-formechange|p2a: Aegislash|Aegislash-Blade||[from] ability: Stance Change
|move|p2a: Aegislash|Shadow Ball|p1a: Weavile
|-resisted|p1a: Weavile
|-damage|p1a: Weavile|65/100
|
|-heal|p2a: Aegislash|66/100|[from] item: Leftovers
|upkeep
|turn|16
|
|t:|1650758618
|-formechange|p2a: Aegislash|Aegislash||[from] ability: Stance Change
|move|p2a: Aegislash|King's Shield|p2a: Aegislash
|-singleturn|p2a: Aegislash|Protect
|move|p1a: Weavile|Swords Dance|p1a: Weavile
|-boost|p1a: Weavile|atk|2
|
|-heal|p2a: Aegislash|72/100|[from] item: Leftovers
|upkeep
|turn|17
|
|t:|1650758624
|switch|p2a: Zapdos|Zapdos-Galar|100/100
|-damage|p2a: Zapdos|88/100|[from] Stealth Rock
|move|p1a: Weavile|Knock Off|p2a: Zapdos
|-resisted|p2a: Zapdos
|-damage|p2a: Zapdos|25/100
|-enditem|p2a: Zapdos|Choice Band|[from] move: Knock Off|[of] p1a: Weavile
|
|upkeep
|turn|18
|
|t:|1650758628
|move|p1a: Weavile|Ice Shard|p2a: Zapdos
|-hint|Psychic Terrain doesn't affect Pokémon immune to Ground.
|-supereffective|p2a: Zapdos
|-damage|p2a: Zapdos|0 fnt
|faint|p2a: Zapdos
|
|-fieldend|move: Psychic Terrain
|upkeep
|
|t:|1650758632
|switch|p2a: Clefable|Clefable, M|59/100
|-damage|p2a: Clefable|47/100|[from] Stealth Rock
|turn|19
|
|t:|1650758649
|move|p1a: Weavile|Triple Axel|p2a: Clefable
|-damage|p2a: Clefable|36/100
|-damage|p2a: Clefable|16/100
|-damage|p2a: Clefable|0 fnt
|faint|p2a: Clefable
|-hitcount|p2: Clefable|3
|
|upkeep
|
|t:|1650758658
|switch|p2a: Mamoswine|Mamoswine, M|100/100
|turn|20
|
|t:|1650758683
|move|p1a: Weavile|Knock Off|p2a: Mamoswine
|-damage|p2a: Mamoswine|0 fnt
|-enditem|p2a: Mamoswine|Heavy-Duty Boots|[from] move: Knock Off|[of] p1a: Weavile
|faint|p2a: Mamoswine
|
|upkeep
|
|t:|1650758686
|switch|p2a: Aegislash|Aegislash, M|72/100
|-damage|p2a: Aegislash|66/100|[from] Stealth Rock
|turn|21
|-message|A Moist Towelette forfeited.
|
|win|A3720
|raw|A3720's rating: 1654 &rarr; <strong>1669</strong><br />(+15 for winning)
|raw|A Moist Towelette's rating: 1564 &rarr; <strong>1549</strong><br />(-15 for losing)
|l|☆A Moist Towelette
||Ladder isn't responding, score probably updated but might not have (Request timeout).
