|j|☆im tofa
|j|☆Arcaninesquad
|t:|1625135439
|gametype|singles
|player|p1|im tofa|battlegirl-gen4|1624
|player|p2|Arcaninesquad|cynthia-gen4|1593
|teamsize|p1|6
|teamsize|p2|6
|gen|8
|tier|[Gen 8] OU
|rated|
|rule|Sleep Clause Mod: Limit one foe put to sleep
|rule|Species Clause: Limit one of each Pokémon
|rule|OHKO Clause: OHKO moves are banned
|rule|Evasion Moves Clause: Evasion moves are banned
|rule|Endless Battle Clause: Forcing endless battles is banned
|rule|HP Percentage Mod: HP is shown in percentages
|rule|Dynamax Clause: You cannot dynamax
|clearpoke
|poke|p1|Landorus-Therian, M|
|poke|p1|Mew|
|poke|p1|Tapu Koko|
|poke|p1|Barraskewda, M|
|poke|p1|Scizor, F|
|poke|p1|Dragapult, M|
|poke|p2|Buzzwole|
|poke|p2|Landorus-Therian, M|
|poke|p2|Dragapult, F|
|poke|p2|Heatran, M|
|poke|p2|Clefable, F|
|poke|p2|Slowking-Galar, M|
|teampreview
|inactive|Battle timer is ON: inactive players will automatically lose when time's up. (requested by Arcaninesquad)
|
|t:|1625135448
|start
|switch|p1a: Mew|Mew|100/100
|switch|p2a: Alpha nr1|Landorus-Therian, M|100/100
|-ability|p2a: Alpha nr1|Intimidate|boost
|-unboost|p1a: Mew|atk|1
|turn|1
|
|t:|1625135451
|move|p1a: Mew|Taunt|p2a: Alpha nr1
|-start|p2a: Alpha nr1|move: Taunt
|move|p2a: Alpha nr1|U-turn|p1a: Mew
|-supereffective|p1a: Mew
|-damage|p1a: Mew|52/100
|
|t:|1625135456
|switch|p2a: Pullette|Dragapult, F|100/100|[from]move: U-turn
|
|upkeep
|turn|2
|
|t:|1625135458
|move|p2a: Pullette|Shadow Ball|p1a: Mew
|-supereffective|p1a: Mew
|-damage|p1a: Mew|0 fnt
|faint|p1a: Mew
|
|upkeep
|
|t:|1625135465
|switch|p1a: Landorus|Landorus-Therian, M|100/100
|-ability|p1a: Landorus|Intimidate|boost
|-unboost|p2a: Pullette|atk|1
|turn|3
|
|t:|1625135469
|switch|p2a: MaxMuskelmann|Buzzwole|100/100
|move|p1a: Landorus|U-turn|p2a: MaxMuskelmann
|-resisted|p2a: MaxMuskelmann
|-damage|p2a: MaxMuskelmann|87/100
|-damage|p1a: Landorus|84/100|[from] item: Rocky Helmet|[of] p2a: MaxMuskelmann
|
|t:|1625135476
|switch|p1a: Tapu Koko|Tapu Koko|100/100|[from]move: U-turn
|-fieldstart|move: Electric Terrain|[from] ability: Electric Surge|[of] p1a: Tapu Koko
|
|upkeep
|turn|4
|
|t:|1625135483
|switch|p2a: Umberto|Slowking-Galar, M|100/100
|move|p1a: Tapu Koko|U-turn|p2a: Umberto
|-damage|p2a: Umberto|82/100
|
|t:|1625135497
|switch|p1a: Scizor|Scizor, F|100/100|[from]move: U-turn
|
|upkeep
|turn|5
|
|t:|1625135499
|move|p1a: Scizor|U-turn|p2a: Umberto
|-damage|p2a: Umberto|24/100
|
|t:|1625135508
|switch|p1a: Dragapult|Dragapult, M|100/100|[from]move: U-turn
|move|p2a: Umberto|Flamethrower|p1a: Dragapult
|-resisted|p1a: Dragapult
|-damage|p1a: Dragapult|84/100
|
|upkeep
|turn|6
|
|t:|1625135515
|switch|p2a: Lexa|Clefable, F|100/100
|move|p1a: Dragapult|U-turn|p2a: Lexa
|-resisted|p2a: Lexa
|-damage|p2a: Lexa|92/100
|
|t:|1625135528
|switch|p1a: Landorus|Landorus-Therian, M|84/100|[from]move: U-turn
|-ability|p1a: Landorus|Intimidate|boost
|-unboost|p2a: Lexa|atk|1
|
|-heal|p2a: Lexa|98/100|[from] item: Leftovers
|upkeep
|turn|7
|
|t:|1625135536
|switch|p2a: MaxMuskelmann|Buzzwole|87/100
|move|p1a: Landorus|Earthquake|p2a: MaxMuskelmann
|-resisted|p2a: MaxMuskelmann
|-damage|p2a: MaxMuskelmann|59/100
|
|-fieldend|move: Electric Terrain
|upkeep
|turn|8
|
|t:|1625135544
|switch|p1a: Tapu Koko|Tapu Koko|100/100
|-fieldstart|move: Electric Terrain|[from] ability: Electric Surge|[of] p1a: Tapu Koko
|move|p2a: MaxMuskelmann|Roost|p2a: MaxMuskelmann
|-heal|p2a: MaxMuskelmann|100/100
|-singleturn|p2a: MaxMuskelmann|move: Roost
|
|upkeep
|turn|9
|
|t:|1625135557
|switch|p2a: Umberto|Slowking-Galar, M|57/100
|move|p1a: Tapu Koko|Thunderbolt|p2a: Umberto
|-damage|p2a: Umberto|36/100
|
|upkeep
|turn|10
|
|t:|1625135566
|move|p1a: Tapu Koko|U-turn|p2a: Umberto
|-damage|p2a: Umberto|18/100
|
|t:|1625135571
|switch|p1a: Dragapult|Dragapult, M|84/100|[from]move: U-turn
|move|p2a: Umberto|Sludge Bomb|p1a: Dragapult
|-resisted|p1a: Dragapult
|-damage|p1a: Dragapult|59/100
|-status|p1a: Dragapult|psn
|
|-damage|p1a: Dragapult|46/100 psn|[from] psn
|upkeep
|turn|11
|
|t:|1625135579
|switch|p2a: Lexa|Clefable, F|98/100
|move|p1a: Dragapult|U-turn|p2a: Lexa
|-resisted|p2a: Lexa
|-damage|p2a: Lexa|89/100
|
|t:|1625135582
|switch|p1a: Scizor|Scizor, F|100/100|[from]move: U-turn
|
|-heal|p2a: Lexa|95/100|[from] item: Leftovers
|upkeep
|turn|12
|
|t:|1625135590
|switch|p2a: MaxMuskelmann|Buzzwole|100/100
|move|p1a: Scizor|Knock Off|p2a: MaxMuskelmann
|-resisted|p2a: MaxMuskelmann
|-damage|p2a: MaxMuskelmann|81/100
|-damage|p1a: Scizor|84/100|[from] item: Rocky Helmet|[of] p2a: MaxMuskelmann
|-enditem|p2a: MaxMuskelmann|Rocky Helmet|[from] move: Knock Off|[of] p1a: Scizor
|
|-fieldend|move: Electric Terrain
|upkeep
|turn|13
|
|t:|1625135597
|switch|p2a: Umberto|Slowking-Galar, M|51/100
|switch|p1a: Tapu Koko|Tapu Koko|100/100
|-fieldstart|move: Electric Terrain|[from] ability: Electric Surge|[of] p1a: Tapu Koko
|
|upkeep
|turn|14
|
|t:|1625135603
|move|p1a: Tapu Koko|U-turn|p2a: Umberto
|-damage|p2a: Umberto|34/100
|
|t:|1625135605
|switch|p1a: Scizor|Scizor, F|84/100|[from]move: U-turn
|move|p2a: Umberto|Future Sight|p1a: Scizor
|-start|p2a: Umberto|move: Future Sight
|
|upkeep
|turn|15
|
|t:|1625135610
|switch|p2a: MaxMuskelmann|Buzzwole|81/100
|move|p1a: Scizor|U-turn|p2a: MaxMuskelmann
|-resisted|p2a: MaxMuskelmann
|-damage|p2a: MaxMuskelmann|63/100
|
|t:|1625135615
|switch|p1a: Tapu Koko|Tapu Koko|100/100|[from]move: U-turn
|
|upkeep
|turn|16
|
|t:|1625135622
|switch|p2a: Monty|Heatran, M|100/100
|move|p1a: Tapu Koko|Dazzling Gleam|p2a: Monty
|-resisted|p2a: Monty
|-damage|p2a: Monty|95/100
|
|-end|p1a: Tapu Koko|move: Future Sight
|-damage|p1a: Tapu Koko|26/100
|-heal|p2a: Monty|100/100|[from] item: Leftovers
|upkeep
|turn|17
|
|t:|1625135631
|move|p1a: Tapu Koko|U-turn|p2a: Monty
|-resisted|p2a: Monty
|-damage|p2a: Monty|97/100
|
|t:|1625135639
|switch|p1a: Barraskewda|Barraskewda, M|100/100|[from]move: U-turn
|move|p2a: Monty|Magma Storm|p1a: Barraskewda
|-resisted|p1a: Barraskewda
|-damage|p1a: Barraskewda|52/100
|-activate|p1a: Barraskewda|move: Magma Storm|[of] p2a: Monty
|
|-heal|p2a: Monty|100/100|[from] item: Leftovers
|-damage|p1a: Barraskewda|40/100|[from] move: Magma Storm|[partiallytrapped]
|-fieldend|move: Electric Terrain
|upkeep
|turn|18
|
|t:|1625135646
|switch|p2a: MaxMuskelmann|Buzzwole|63/100
|move|p1a: Barraskewda|Flip Turn|p2a: MaxMuskelmann
|-damage|p2a: MaxMuskelmann|33/100
|
|t:|1625135660
|switch|p1a: Tapu Koko|Tapu Koko|26/100|[from]move: Flip Turn
|-fieldstart|move: Electric Terrain|[from] ability: Electric Surge|[of] p1a: Tapu Koko
|
|upkeep
|turn|19
|
|t:|1625135663
|switch|p2a: Lexa|Clefable, F|95/100
|move|p1a: Tapu Koko|Thunderbolt|p2a: Lexa
|-damage|p2a: Lexa|56/100
|
|-heal|p2a: Lexa|62/100|[from] item: Leftovers
|upkeep
|turn|20
|
|t:|1625135671
|move|p1a: Tapu Koko|U-turn|p2a: Lexa
|-resisted|p2a: Lexa
|-damage|p2a: Lexa|55/100
|
|t:|1625135673
|switch|p1a: Scizor|Scizor, F|84/100|[from]move: U-turn
|move|p2a: Lexa|Soft-Boiled|p2a: Lexa
|-heal|p2a: Lexa|100/100
|
|upkeep
|turn|21
|
|t:|1625135684
|switch|p2a: Monty|Heatran, M|100/100
|move|p1a: Scizor|Bullet Punch|p2a: Monty
|-resisted|p2a: Monty
|-damage|p2a: Monty|90/100
|
|-heal|p2a: Monty|96/100|[from] item: Leftovers
|upkeep
|turn|22
|
|t:|1625135689
|switch|p1a: Landorus|Landorus-Therian, M|84/100
|-ability|p1a: Landorus|Intimidate|boost
|-unboost|p2a: Monty|atk|1
|move|p2a: Monty|Magma Storm|p1a: Landorus
|-damage|p1a: Landorus|32/100
|-activate|p1a: Landorus|move: Magma Storm|[of] p2a: Monty
|
|-heal|p2a: Monty|100/100|[from] item: Leftovers
|-damage|p1a: Landorus|20/100|[from] move: Magma Storm|[partiallytrapped]
|-fieldend|move: Electric Terrain
|upkeep
|turn|23
|
|t:|1625135696
|switch|p2a: MaxMuskelmann|Buzzwole|33/100
|move|p1a: Landorus|Earthquake|p2a: MaxMuskelmann
|-resisted|p2a: MaxMuskelmann
|-damage|p2a: MaxMuskelmann|7/100
|
|-end|p1a: Landorus|Magma Storm|[partiallytrapped]|[silent]
|upkeep
|turn|24
|
|t:|1625135702
|switch|p2a: Alpha nr1|Landorus-Therian, M|100/100
|-ability|p2a: Alpha nr1|Intimidate|boost
|-unboost|p1a: Landorus|atk|1
|move|p1a: Landorus|Earthquake|p2a: Alpha nr1
|-immune|p2a: Alpha nr1
|
|upkeep
|turn|25
|
|t:|1625135706
|move|p1a: Landorus|Earthquake|p2a: Alpha nr1
|-immune|p2a: Alpha nr1
|move|p2a: Alpha nr1|Earthquake|p1a: Landorus
|-immune|p1a: Landorus
|
|upkeep
|turn|26
|
|t:|1625135709
|move|p1a: Landorus|Earthquake|p2a: Alpha nr1
|-immune|p2a: Alpha nr1
|move|p2a: Alpha nr1|Toxic|p1a: Landorus|[miss]
|-miss|p2a: Alpha nr1|p1a: Landorus
|
|upkeep
|turn|27
|
|t:|1625135713
|move|p1a: Landorus|Earthquake|p2a: Alpha nr1
|-immune|p2a: Alpha nr1
|move|p2a: Alpha nr1|Toxic|p1a: Landorus
|-status|p1a: Landorus|tox
|
|-damage|p1a: Landorus|14/100 tox|[from] psn
|upkeep
|turn|28
|
|t:|1625135717
|move|p1a: Landorus|Earthquake|p2a: Alpha nr1
|-immune|p2a: Alpha nr1
|move|p2a: Alpha nr1|Earthquake|p1a: Landorus
|-immune|p1a: Landorus
|
|-damage|p1a: Landorus|2/100 tox|[from] psn
|upkeep
|turn|29
|
|t:|1625135721
|move|p1a: Landorus|Earthquake|p2a: Alpha nr1
|-immune|p2a: Alpha nr1
|move|p2a: Alpha nr1|U-turn|p1a: Landorus
|-resisted|p1a: Landorus
|-damage|p1a: Landorus|0 fnt
|faint|p1a: Landorus
|
|t:|1625135731
|switch|p2a: Lexa|Clefable, F|100/100|[from]move: U-turn
|
|upkeep
|
|t:|1625135735
|switch|p1a: Scizor|Scizor, F|84/100
|turn|30
|
|t:|1625135738
|switch|p2a: Monty|Heatran, M|100/100
|move|p1a: Scizor|Superpower|p2a: Monty
|-supereffective|p2a: Monty
|-damage|p2a: Monty|0 fnt
|-unboost|p1a: Scizor|atk|1
|-unboost|p1a: Scizor|def|1
|faint|p2a: Monty
|
|upkeep
|
|t:|1625135743
|switch|p2a: Lexa|Clefable, F|100/100
|turn|31
|
|t:|1625135755
|switch|p1a: Dragapult|Dragapult, M|46/100 psn
|move|p2a: Lexa|Stealth Rock|p1a: Dragapult
|-sidestart|p1: im tofa|move: Stealth Rock
|
|-damage|p1a: Dragapult|34/100 psn|[from] psn
|upkeep
|turn|32
|
|t:|1625135760
|move|p1a: Dragapult|Shadow Ball|p2a: Lexa
|-damage|p2a: Lexa|59/100
|move|p2a: Lexa|Soft-Boiled|p2a: Lexa
|-heal|p2a: Lexa|100/100
|
|-damage|p1a: Dragapult|22/100 psn|[from] psn
|upkeep
|turn|33
|
|t:|1625135765
|move|p1a: Dragapult|Shadow Ball|p2a: Lexa
|-crit|p2a: Lexa
|-damage|p2a: Lexa|35/100
|move|p2a: Lexa|Soft-Boiled|p2a: Lexa
|-heal|p2a: Lexa|85/100
|
|-heal|p2a: Lexa|91/100|[from] item: Leftovers
|-damage|p1a: Dragapult|9/100 psn|[from] psn
|upkeep
|turn|34
|
|t:|1625135770
|move|p1a: Dragapult|Shadow Ball|p2a: Lexa
|-damage|p2a: Lexa|45/100
|move|p2a: Lexa|Soft-Boiled|p2a: Lexa
|-heal|p2a: Lexa|95/100
|
|-heal|p2a: Lexa|100/100|[from] item: Leftovers
|-damage|p1a: Dragapult|0 fnt|[from] psn
|faint|p1a: Dragapult
|upkeep
|
|t:|1625135774
|switch|p1a: Tapu Koko|Tapu Koko|26/100
|-fieldstart|move: Electric Terrain|[from] ability: Electric Surge|[of] p1a: Tapu Koko
|turn|35
|
|t:|1625135778
|move|p1a: Tapu Koko|Roost|p1a: Tapu Koko
|-heal|p1a: Tapu Koko|77/100
|-singleturn|p1a: Tapu Koko|move: Roost
|move|p2a: Lexa|Moonblast|p1a: Tapu Koko
|-damage|p1a: Tapu Koko|31/100
|
|upkeep
|turn|36
|
|t:|1625135783
|move|p1a: Tapu Koko|Roost|p1a: Tapu Koko
|-heal|p1a: Tapu Koko|81/100
|-singleturn|p1a: Tapu Koko|move: Roost
|move|p2a: Lexa|Moonblast|p1a: Tapu Koko
|-damage|p1a: Tapu Koko|31/100
|
|upkeep
|turn|37
|
|t:|1625135785
|switch|p2a: Umberto|Slowking-Galar, M|67/100
|move|p1a: Tapu Koko|Roost|p1a: Tapu Koko
|-heal|p1a: Tapu Koko|81/100
|-singleturn|p1a: Tapu Koko|move: Roost
|
|upkeep
|turn|38
|
|t:|1625135790
|move|p1a: Tapu Koko|Thunderbolt|p2a: Umberto
|-damage|p2a: Umberto|45/100
|move|p2a: Umberto|Flamethrower|p1a: Tapu Koko
|-damage|p1a: Tapu Koko|42/100
|
|upkeep
|turn|39
|
|t:|1625135793
|move|p1a: Tapu Koko|Thunderbolt|p2a: Umberto
|-damage|p2a: Umberto|24/100
|move|p2a: Umberto|Sludge Bomb|p1a: Tapu Koko
|-supereffective|p1a: Tapu Koko
|-damage|p1a: Tapu Koko|0 fnt
|faint|p1a: Tapu Koko
|
|-fieldend|move: Electric Terrain
|upkeep
|
|t:|1625135796
|switch|p1a: Scizor|Scizor, F|84/100
|-damage|p1a: Scizor|72/100|[from] Stealth Rock
|turn|40
|
|t:|1625135800
|switch|p2a: Alpha nr1|Landorus-Therian, M|100/100
|-ability|p2a: Alpha nr1|Intimidate|boost
|-unboost|p1a: Scizor|atk|1
|move|p1a: Scizor|U-turn|p2a: Alpha nr1
|-resisted|p2a: Alpha nr1
|-damage|p2a: Alpha nr1|85/100
|
|t:|1625135802
|switch|p1a: Barraskewda|Barraskewda, M|40/100|[from]move: U-turn
|-damage|p1a: Barraskewda|28/100|[from] Stealth Rock
|
|-heal|p2a: Alpha nr1|91/100|[from] item: Leftovers
|upkeep
|turn|41
|
|t:|1625135816
|switch|p2a: Pullette|Dragapult, F|100/100
|move|p1a: Barraskewda|Flip Turn|p2a: Pullette
|-resisted|p2a: Pullette
|-damage|p2a: Pullette|72/100
|
|t:|1625135818
|switch|p1a: Scizor|Scizor, F|72/100|[from]move: Flip Turn
|-damage|p1a: Scizor|59/100|[from] Stealth Rock
|
|upkeep
|turn|42
|
|t:|1625135823
|switch|p2a: Alpha nr1|Landorus-Therian, M|91/100
|-ability|p2a: Alpha nr1|Intimidate|boost
|-unboost|p1a: Scizor|atk|1
|move|p1a: Scizor|Bullet Punch|p2a: Alpha nr1
|-damage|p2a: Alpha nr1|64/100
|
|-heal|p2a: Alpha nr1|70/100|[from] item: Leftovers
|upkeep
|turn|43
|-message|im tofa forfeited.
|
|win|Arcaninesquad
|raw|im tofa's rating: 1624 &rarr; <strong>1602</strong><br />(-22 for losing)
|raw|Arcaninesquad's rating: 1593 &rarr; <strong>1615</strong><br />(+22 for winning)
|l|☆im tofa
