|j|☆Pok et Glace
|j|☆Vive Immortale
|t:|1665319003
|gametype|singles
|player|p1|Pok et Glace|cynthia-masters|1755
|player|p2|Vive Immortale|mallow|1709
|teamsize|p1|6
|teamsize|p2|6
|gen|8
|tier|[Gen 8] OU
|rated|
|rule|Sleep Clause Mod: Limit one foe put to sleep
|rule|Species Clause: Limit one of each Pokémon
|rule|OHKO Clause: OHKO moves are banned
|rule|Evasion Items Clause: Evasion items are banned
|rule|Evasion Moves Clause: Evasion moves are banned
|rule|Endless Battle Clause: Forcing endless battles is banned
|rule|HP Percentage Mod: HP is shown in percentages
|rule|Dynamax Clause: You cannot dynamax
|clearpoke
|poke|p1|Entei|
|poke|p1|Dragapult, M|
|poke|p1|Rotom-Wash|
|poke|p1|Ferrothorn, M|
|poke|p1|Landorus-Therian, M|
|poke|p1|Amoonguss, M|
|poke|p2|Dragapult, M|
|poke|p2|Rotom-Wash|
|poke|p2|Landorus-Therian, M|
|poke|p2|Melmetal|
|poke|p2|Weavile, M|
|poke|p2|Kartana|
|teampreview
|
|t:|1665319019
|start
|switch|p1a: Rotom|Rotom-Wash|100/100
|switch|p2a: Leviathan|Dragapult, M, shiny|100/100
|turn|1
|
|t:|1665319048
|switch|p1a: Amoonguss|Amoonguss, M|100/100
|move|p2a: Leviathan|Draco Meteor|p1a: Amoonguss
|-damage|p1a: Amoonguss|45/100
|-unboost|p2a: Leviathan|spa|2
|
|upkeep
|turn|2
|inactive|Battle timer is ON: inactive players will automatically lose when time's up. (requested by Pok et Glace)
|
|t:|1665319058
|switch|p2a: Deathstroke|Kartana, shiny|100/100
|switch|p1a: Rotom|Rotom-Wash|100/100
|
|upkeep
|turn|3
|
|t:|1665319065
|switch|p1a: Amoonguss|Amoonguss, M|78/100
|move|p2a: Deathstroke|Knock Off|p1a: Amoonguss
|-damage|p1a: Amoonguss|40/100
|-enditem|p1a: Amoonguss|Assault Vest|[from] move: Knock Off|[of] p2a: Deathstroke
|
|upkeep
|turn|4
|
|t:|1665319071
|switch|p2a: Fate|Melmetal, shiny|100/100
|move|p1a: Amoonguss|Foul Play|p2a: Fate
|-damage|p2a: Fate|79/100
|
|upkeep
|turn|5
|
|t:|1665319077
|switch|p1a: Rotom|Rotom-Wash|100/100
|move|p2a: Fate|Superpower|p1a: Rotom
|-damage|p1a: Rotom|44/100
|-unboost|p2a: Fate|atk|1
|-unboost|p2a: Fate|def|1
|
|-heal|p1a: Rotom|50/100|[from] item: Leftovers
|upkeep
|turn|6
|
|t:|1665319089
|switch|p2a: Phantom|Rotom-Wash, shiny|100/100
|move|p1a: Rotom|Will-O-Wisp|p2a: Phantom
|-status|p2a: Phantom|brn
|
|-heal|p1a: Rotom|56/100|[from] item: Leftovers
|-damage|p2a: Phantom|94/100 brn|[from] brn
|upkeep
|turn|7
|
|t:|1665319095
|switch|p1a: Amoonguss|Amoonguss, M|73/100
|move|p2a: Phantom|Nasty Plot|p2a: Phantom
|-boost|p2a: Phantom|spa|2
|
|-heal|p2a: Phantom|100/100 brn|[from] item: Leftovers
|-damage|p2a: Phantom|94/100 brn|[from] brn
|upkeep
|turn|8
|
|t:|1665319100
|move|p2a: Phantom|Volt Switch|p1a: Amoonguss
|-resisted|p1a: Amoonguss
|-damage|p1a: Amoonguss|46/100
|
|t:|1665319111
|switch|p2a: Enten|Landorus-Therian, M, shiny|100/100|[from]move: Volt Switch
|-ability|p2a: Enten|Intimidate|boost
|-unboost|p1a: Amoonguss|atk|1
|move|p1a: Amoonguss|Giga Drain|p2a: Enten
|-damage|p2a: Enten|82/100
|-heal|p1a: Amoonguss|55/100|[from] drain|[of] p2a: Enten
|
|-heal|p2a: Enten|88/100|[from] item: Leftovers
|upkeep
|turn|9
|
|t:|1665319119
|switch|p1a: Landorus|Landorus-Therian, M|100/100
|-ability|p1a: Landorus|Intimidate|boost
|-unboost|p2a: Enten|atk|1
|move|p2a: Enten|U-turn|p1a: Landorus
|-resisted|p1a: Landorus
|-damage|p1a: Landorus|94/100
|
|t:|1665319122
|switch|p2a: Bandit|Weavile, M, shiny|100/100|[from]move: U-turn
|-ability|p2a: Bandit|Pressure
|
|-heal|p1a: Landorus|99/100|[from] item: Leftovers
|upkeep
|turn|10
|
|t:|1665319129
|switch|p1a: Ferrothorn|Ferrothorn, M|100/100
|move|p2a: Bandit|Beat Up|p1a: Ferrothorn
|-damage|p1a: Ferrothorn|93/100
|-damage|p1a: Ferrothorn|84/100
|-damage|p1a: Ferrothorn|75/100
|-damage|p1a: Ferrothorn|67/100
|-damage|p1a: Ferrothorn|59/100
|-hitcount|p1a: Ferrothorn|5
|
|-heal|p1a: Ferrothorn|65/100|[from] item: Leftovers
|upkeep
|turn|11
|
|t:|1665319136
|switch|p2a: Leviathan|Dragapult, M, shiny|100/100
|move|p1a: Ferrothorn|Stealth Rock|p2a: Leviathan
|-sidestart|p2: Vive Immortale|move: Stealth Rock
|
|-heal|p1a: Ferrothorn|72/100|[from] item: Leftovers
|upkeep
|turn|12
|
|t:|1665319140
|switch|p1a: Amoonguss|Amoonguss, M|88/100
|move|p2a: Leviathan|Shadow Ball|p1a: Amoonguss
|-damage|p1a: Amoonguss|43/100
|
|upkeep
|turn|13
|
|t:|1665319152
|switch|p1a: Landorus|Landorus-Therian, M|99/100
|-ability|p1a: Landorus|Intimidate|boost
|-unboost|p2a: Leviathan|atk|1
|move|p2a: Leviathan|Shadow Ball|p1a: Landorus
|-damage|p1a: Landorus|60/100
|-unboost|p1a: Landorus|spd|1
|
|-heal|p1a: Landorus|66/100|[from] item: Leftovers
|upkeep
|turn|14
|
|t:|1665319156
|move|p2a: Leviathan|Shadow Ball|p1a: Landorus
|-damage|p1a: Landorus|7/100
|move|p1a: Landorus|U-turn|p2a: Leviathan
|-resisted|p2a: Leviathan
|-damage|p2a: Leviathan|84/100
|
|t:|1665319160
|switch|p1a: Ferrothorn|Ferrothorn, M|72/100|[from]move: U-turn
|
|-heal|p1a: Ferrothorn|78/100|[from] item: Leftovers
|upkeep
|turn|15
|
|t:|1665319162
|move|p2a: Leviathan|Shadow Ball|p1a: Ferrothorn
|-damage|p1a: Ferrothorn|31/100
|-unboost|p1a: Ferrothorn|spd|1
|move|p1a: Ferrothorn|Knock Off|p2a: Leviathan
|-supereffective|p2a: Leviathan
|-damage|p2a: Leviathan|25/100
|-enditem|p2a: Leviathan|Choice Specs|[from] move: Knock Off|[of] p1a: Ferrothorn
|
|-heal|p1a: Ferrothorn|37/100|[from] item: Leftovers
|upkeep
|turn|16
|
|t:|1665319170
|switch|p1a: Amoonguss|Amoonguss, M|76/100
|move|p2a: Leviathan|Shadow Ball|p1a: Amoonguss
|-damage|p1a: Amoonguss|45/100
|
|upkeep
|turn|17
|
|t:|1665319178
|move|p2a: Leviathan|Flamethrower|p1a: Amoonguss
|-supereffective|p1a: Amoonguss
|-damage|p1a: Amoonguss|0 fnt
|faint|p1a: Amoonguss
|
|upkeep
|
|t:|1665319181
|switch|p1a: Dragapult|Dragapult, M|100/100
|turn|18
|
|t:|1665319187
|switch|p2a: Enten|Landorus-Therian, M, shiny|88/100
|-damage|p2a: Enten|75/100|[from] Stealth Rock
|-ability|p2a: Enten|Intimidate|boost
|-unboost|p1a: Dragapult|atk|1
|move|p1a: Dragapult|Shadow Ball|p2a: Enten
|-damage|p2a: Enten|30/100
|-unboost|p2a: Enten|spd|1
|
|-heal|p2a: Enten|36/100|[from] item: Leftovers
|upkeep
|turn|19
|
|t:|1665319191
|move|p1a: Dragapult|Shadow Ball|p2a: Enten
|-damage|p2a: Enten|0 fnt
|faint|p2a: Enten
|
|upkeep
|
|t:|1665319193
|switch|p2a: Bandit|Weavile, M, shiny|100/100
|-damage|p2a: Bandit|76/100|[from] Stealth Rock
|-ability|p2a: Bandit|Pressure
|turn|20
|
|t:|1665319213
|switch|p1a: Ferrothorn|Ferrothorn, M|37/100
|move|p2a: Bandit|Knock Off|p1a: Ferrothorn
|-damage|p1a: Ferrothorn|0 fnt
|-damage|p2a: Bandit|63/100|[from] ability: Iron Barbs|[of] p1a: Ferrothorn
|-enditem|p1a: Ferrothorn|Leftovers|[from] move: Knock Off|[of] p2a: Bandit
|faint|p1a: Ferrothorn
|
|upkeep
|
|t:|1665319221
|switch|p1a: Entei|Entei|100/100
|turn|21
|inactive|Vive Immortale has 120 seconds left.
|
|t:|1665319253
|switch|p2a: Phantom|Rotom-Wash, shiny|94/100 brn
|-damage|p2a: Phantom|82/100 brn|[from] Stealth Rock
|move|p1a: Entei|Sacred Fire|p2a: Phantom
|-resisted|p2a: Phantom
|-damage|p2a: Phantom|33/100 brn
|
|-heal|p2a: Phantom|40/100 brn|[from] item: Leftovers
|-damage|p2a: Phantom|33/100 brn|[from] brn
|upkeep
|turn|22
|
|t:|1665319260
|move|p1a: Entei|Sacred Fire|p2a: Phantom
|-resisted|p2a: Phantom
|-damage|p2a: Phantom|0 fnt
|faint|p2a: Phantom
|
|upkeep
|j| UwUKingUwU
|
|t:|1665319265
|switch|p2a: Leviathan|Dragapult, M, shiny|25/100
|-damage|p2a: Leviathan|13/100|[from] Stealth Rock
|turn|23
|
|t:|1665319270
|switch|p1a: Landorus|Landorus-Therian, M|7/100
|-ability|p1a: Landorus|Intimidate|boost
|-unboost|p2a: Leviathan|atk|1
|move|p2a: Leviathan|Shadow Ball|p1a: Landorus
|-damage|p1a: Landorus|0 fnt
|faint|p1a: Landorus
|
|upkeep
|
|t:|1665319279
|switch|p1a: Dragapult|Dragapult, M|100/100
|turn|24
|
|t:|1665319282
|move|p1a: Dragapult|Shadow Ball|p2a: Leviathan
|-supereffective|p2a: Leviathan
|-damage|p2a: Leviathan|0 fnt
|faint|p2a: Leviathan
|
|upkeep
|
|t:|1665319285
|switch|p2a: Deathstroke|Kartana, shiny|100/100
|-damage|p2a: Deathstroke|94/100|[from] Stealth Rock
|turn|25
|
|t:|1665319299
|switch|p1a: Entei|Entei|100/100
|move|p2a: Deathstroke|Knock Off|p1a: Entei
|-damage|p1a: Entei|55/100
|-enditem|p1a: Entei|Choice Band|[from] move: Knock Off|[of] p2a: Deathstroke
|
|upkeep
|turn|26
|
|t:|1665319305
|switch|p2a: Fate|Melmetal, shiny|79/100
|-damage|p2a: Fate|73/100|[from] Stealth Rock
|move|p1a: Entei|Sacred Fire|p2a: Fate
|-supereffective|p2a: Fate
|-damage|p2a: Fate|22/100
|-status|p2a: Fate|brn
|
|-damage|p2a: Fate|16/100 brn|[from] brn
|upkeep
|turn|27
|
|t:|1665319310
|move|p1a: Entei|Sacred Fire|p2a: Fate
|-supereffective|p2a: Fate
|-damage|p2a: Fate|0 fnt
|faint|p2a: Fate
|
|upkeep
|
|t:|1665319314
|switch|p2a: Bandit|Weavile, M, shiny|63/100
|-damage|p2a: Bandit|38/100|[from] Stealth Rock
|-ability|p2a: Bandit|Pressure
|turn|28
|
|t:|1665319318
|switch|p1a: Rotom|Rotom-Wash|56/100
|move|p2a: Bandit|Knock Off|p1a: Rotom
|-damage|p1a: Rotom|0 fnt
|-enditem|p1a: Rotom|Leftovers|[from] move: Knock Off|[of] p2a: Bandit
|faint|p1a: Rotom
|
|upkeep
|
|t:|1665319323
|switch|p1a: Dragapult|Dragapult, M|100/100
|turn|29
|
|t:|1665319326
|move|p1a: Dragapult|U-turn|p2a: Bandit
|-supereffective|p2a: Bandit
|-damage|p2a: Bandit|0 fnt
|faint|p2a: Bandit
|
|t:|1665319330
|switch|p1a: Entei|Entei|55/100|[from]move: U-turn
|
|upkeep
|
|t:|1665319332
|switch|p2a: Deathstroke|Kartana, shiny|94/100
|-damage|p2a: Deathstroke|88/100|[from] Stealth Rock
|turn|30
|
|t:|1665319334
|move|p2a: Deathstroke|Leaf Blade|p1a: Entei
|-resisted|p1a: Entei
|-damage|p1a: Entei|24/100
|move|p1a: Entei|Sacred Fire|p2a: Deathstroke
|-supereffective|p2a: Deathstroke
|-damage|p2a: Deathstroke|0 fnt
|faint|p2a: Deathstroke
|
|win|Pok et Glace
|raw|Pok et Glace's rating: 1755 &rarr; <strong>1772</strong><br />(+17 for winning)
|raw|Vive Immortale's rating: 1709 &rarr; <strong>1692</strong><br />(-17 for losing)
|c|☆Pok et Glace|gg
|l|☆Vive Immortale
|l| UwUKingUwU
