|j|☆Bhugman
|j|☆X-Wing Fighter
|player|p1|Bhugman|167|1508
|player|p2|X-Wing Fighter|ethan|1415
|teamsize|p1|6
|teamsize|p2|6
|gametype|singles
|gen|8
|tier|[Gen 8] OU
|rated|
|clearpoke
|poke|p1|Ferrothorn, M|
|poke|p1|Dragapult, F|
|poke|p1|Clefable, M|
|poke|p1|Rotom-Heat|
|poke|p1|Hippowdon, M|
|poke|p1|Pyukumuku, F|
|poke|p2|Tyranitar, F|
|poke|p2|Corviknight, F|
|poke|p2|Bewear, M|
|poke|p2|Seismitoad, M|
|poke|p2|Aegislash, M|
|poke|p2|Zeraora|
|rule|Sleep Clause Mod: Limit one foe put to sleep
|rule|Species Clause: Limit one of each Pokémon
|rule|OHKO Clause: OHKO moves are banned
|rule|Evasion Moves Clause: Evasion moves are banned
|rule|Endless Battle Clause: Forcing endless battles is banned
|rule|HP Percentage Mod: HP is shown in percentages
|rule|Dynamax Clause: You cannot dynamax
|teampreview
|
|start
|switch|p1a: Ferrothorn|Ferrothorn, M|100/100
|switch|p2a: Tyranitar|Tyranitar, F|100/100
|-weather|Sandstorm|[from] ability: Sand Stream|[of] p2a: Tyranitar
|turn|1
|
|move|p2a: Tyranitar|Fire Punch|p1a: Ferrothorn
|-supereffective|p1a: Ferrothorn
|-damage|p1a: Ferrothorn|0 fnt
|-damage|p2a: Tyranitar|88/100|[from] ability: Iron Barbs|[of] p1a: Ferrothorn
|faint|p1a: Ferrothorn
|
|-weather|Sandstorm|[upkeep]
|upkeep
|
|switch|p1a: Hippowdon|Hippowdon, M|100/100
|turn|2
|
|switch|p2a: Seismitoad|Seismitoad, M|100/100
|move|p1a: Hippowdon|Stealth Rock|p2a: Seismitoad
|-sidestart|p2: X-Wing Fighter|move: Stealth Rock
|
|-weather|Sandstorm|[upkeep]
|upkeep
|turn|3
|
|switch|p1a: Dragapult|Dragapult, F|100/100
|move|p2a: Seismitoad|Stealth Rock|p1a: Dragapult
|-sidestart|p1: Bhugman|move: Stealth Rock
|
|-weather|Sandstorm|[upkeep]
|-damage|p1a: Dragapult|94/100|[from] Sandstorm
|-heal|p1a: Dragapult|100/100|[from] item: Leftovers
|upkeep
|turn|4
|
|switch|p1a: Rotom|Rotom-Heat|100/100
|move|p2a: Seismitoad|Toxic|p1a: Rotom
|-status|p1a: Rotom|tox
|
|-weather|Sandstorm|[upkeep]
|-damage|p1a: Rotom|94/100 tox|[from] Sandstorm
|-damage|p1a: Rotom|88/100 tox|[from] psn
|upkeep
|turn|5
|
|move|p2a: Seismitoad|Protect|p2a: Seismitoad
|-singleturn|p2a: Seismitoad|Protect
|move|p1a: Rotom|Defog|p2a: Seismitoad
|-activate|p2a: Seismitoad|move: Protect
|
|-weather|none
|-damage|p1a: Rotom|76/100 tox|[from] psn
|upkeep
|turn|6
|
|switch|p2a: Tyranitar|Tyranitar, F|88/100
|-damage|p2a: Tyranitar|76/100|[from] Stealth Rock
|-weather|Sandstorm|[from] ability: Sand Stream|[of] p2a: Tyranitar
|move|p1a: Rotom|Defog|p2a: Tyranitar
|-unboost|p2a: Tyranitar|evasion|1
|-sideend|p2: X-Wing Fighter|Stealth Rock|[from] move: Defog|[of] p1a: Rotom
|-sideend|p1: Bhugman|Stealth Rock|[from] move: Defog|[of] p1a: Rotom
|
|-weather|Sandstorm|[upkeep]
|-damage|p1a: Rotom|69/100 tox|[from] Sandstorm
|-damage|p1a: Rotom|51/100 tox|[from] psn
|upkeep
|turn|7
|
|move|p1a: Rotom|Volt Switch|p2a: Tyranitar
|-damage|p2a: Tyranitar|56/100
|
|switch|p1a: Pyukumuku|Pyukumuku, F|100/100|[from]move: Volt Switch
|move|p2a: Tyranitar|Heavy Slam|p1a: Pyukumuku
|-resisted|p1a: Pyukumuku
|-damage|p1a: Pyukumuku|78/100
|
|-weather|Sandstorm|[upkeep]
|-damage|p1a: Pyukumuku|72/100|[from] Sandstorm
|-heal|p1a: Pyukumuku|78/100|[from] item: Leftovers
|upkeep
|turn|8
|
|switch|p2a: Zeraora|Zeraora|100/100
|switch|p1a: Clefable|Clefable, M|100/100
|
|-weather|Sandstorm|[upkeep]
|-damage|p2a: Zeraora|95/100|[from] Sandstorm
|-damage|p1a: Clefable|94/100|[from] Sandstorm
|-heal|p1a: Clefable|100/100|[from] item: Leftovers
|upkeep
|turn|9
|
|switch|p2a: Aegislash|Aegislash, M|100/100
|move|p1a: Clefable|Aromatherapy|p1a: Clefable
|-activate|p1a: Clefable|move: Aromatherapy
|-curestatus|p1: Rotom|tox|[msg]
|
|-weather|Sandstorm|[upkeep]
|-damage|p1a: Clefable|94/100|[from] Sandstorm
|-heal|p1a: Clefable|100/100|[from] item: Leftovers
|upkeep
|turn|10
|
|-formechange|p2a: Aegislash|Aegislash-Blade||[from] ability: Stance Change
|move|p2a: Aegislash|Shadow Ball|p1a: Clefable
|-damage|p1a: Clefable|49/100
|move|p1a: Clefable|Wish|p1a: Clefable
|
|-weather|none
|-heal|p1a: Clefable|55/100|[from] item: Leftovers
|upkeep
|turn|11
|
|move|p1a: Clefable|Protect|p1a: Clefable
|-singleturn|p1a: Clefable|Protect
|move|p2a: Aegislash|Shadow Ball|p1a: Clefable
|-activate|p1a: Clefable|move: Protect
|
|-heal|p1a: Clefable|100/100|[from] move: Wish|[wisher] Clefable
|upkeep
|turn|12
|
|move|p2a: Aegislash|Shadow Ball|p1a: Clefable
|-damage|p1a: Clefable|53/100
|move|p1a: Clefable|Wish|p1a: Clefable
|
|-heal|p1a: Clefable|59/100|[from] item: Leftovers
|upkeep
|turn|13
|
|switch|p2a: Tyranitar|Tyranitar, F|56/100
|-weather|Sandstorm|[from] ability: Sand Stream|[of] p2a: Tyranitar
|move|p1a: Clefable|Protect||[still]
|-fail|p1a: Clefable
|
|-weather|Sandstorm|[upkeep]
|-damage|p1a: Clefable|53/100|[from] Sandstorm
|-heal|p1a: Clefable|100/100|[from] move: Wish|[wisher] Clefable
|upkeep
|turn|14
|
|move|p1a: Clefable|Protect|p1a: Clefable
|-singleturn|p1a: Clefable|Protect
|move|p2a: Tyranitar|Crunch|p1a: Clefable
|-activate|p1a: Clefable|move: Protect
|
|-weather|Sandstorm|[upkeep]
|-damage|p1a: Clefable|94/100|[from] Sandstorm
|-heal|p1a: Clefable|100/100|[from] item: Leftovers
|upkeep
|turn|15
|
|move|p2a: Tyranitar|Crunch|p1a: Clefable
|-resisted|p1a: Clefable
|-damage|p1a: Clefable|59/100
|move|p1a: Clefable|Moonblast|p2a: Tyranitar
|-supereffective|p2a: Tyranitar
|-damage|p2a: Tyranitar|16/100
|
|-weather|Sandstorm|[upkeep]
|-damage|p1a: Clefable|53/100|[from] Sandstorm
|-heal|p1a: Clefable|59/100|[from] item: Leftovers
|upkeep
|turn|16
|
|switch|p2a: Aegislash|Aegislash, M|100/100
|move|p1a: Clefable|Wish|p1a: Clefable
|
|-weather|Sandstorm|[upkeep]
|-damage|p1a: Clefable|53/100|[from] Sandstorm
|-heal|p1a: Clefable|59/100|[from] item: Leftovers
|upkeep
|turn|17
|
|move|p1a: Clefable|Protect|p1a: Clefable
|-singleturn|p1a: Clefable|Protect
|-formechange|p2a: Aegislash|Aegislash-Blade||[from] ability: Stance Change
|move|p2a: Aegislash|Flash Cannon|p1a: Clefable
|-activate|p1a: Clefable|move: Protect
|
|-weather|none
|-heal|p1a: Clefable|100/100|[from] move: Wish|[wisher] Clefable
|upkeep
|turn|18
|
|switch|p1a: Pyukumuku|Pyukumuku, F|78/100
|move|p2a: Aegislash|Flash Cannon|p1a: Pyukumuku
|-resisted|p1a: Pyukumuku
|-damage|p1a: Pyukumuku|46/100
|
|-heal|p1a: Pyukumuku|52/100|[from] item: Leftovers
|upkeep
|turn|19
|
|switch|p2a: Zeraora|Zeraora|95/100
|move|p1a: Pyukumuku|Recover|p1a: Pyukumuku
|-heal|p1a: Pyukumuku|100/100
|
|upkeep
|turn|20
|
|move|p2a: Zeraora|Bulk Up|p2a: Zeraora
|-boost|p2a: Zeraora|atk|1
|-boost|p2a: Zeraora|def|1
|move|p1a: Pyukumuku|Counter||[still]
|-fail|p1a: Pyukumuku
|
|upkeep
|turn|21
|
|move|p2a: Zeraora|Bulk Up|p2a: Zeraora
|-boost|p2a: Zeraora|atk|1
|-boost|p2a: Zeraora|def|1
|move|p1a: Pyukumuku|Counter||[still]
|-fail|p1a: Pyukumuku
|
|upkeep
|turn|22
|
|move|p2a: Zeraora|Plasma Fists|p1a: Pyukumuku
|-supereffective|p1a: Pyukumuku
|-damage|p1a: Pyukumuku|31/100
|-fieldactivate|move: Ion Deluge
|move|p1a: Pyukumuku|Counter|p2a: Zeraora
|-damage|p2a: Zeraora|0 fnt
|faint|p2a: Zeraora
|
|-heal|p1a: Pyukumuku|37/100|[from] item: Leftovers
|upkeep
|
|switch|p2a: Aegislash|Aegislash, M|100/100
|turn|23
|
|-formechange|p2a: Aegislash|Aegislash-Blade||[from] ability: Stance Change
|move|p2a: Aegislash|Shadow Ball|p1a: Pyukumuku
|-damage|p1a: Pyukumuku|0 fnt
|faint|p1a: Pyukumuku
|
|upkeep
|
|switch|p1a: Clefable|Clefable, M|100/100
|turn|24
|
|switch|p2a: Corviknight|Corviknight, F|100/100
|-ability|p2a: Corviknight|Pressure
|move|p1a: Clefable|Wish|p1a: Clefable
|
|upkeep
|turn|25
|
|switch|p2a: Seismitoad|Seismitoad, M|100/100
|switch|p1a: Rotom|Rotom-Heat|51/100
|
|-heal|p1a: Rotom|100/100|[from] move: Wish|[wisher] Clefable
|upkeep
|turn|26
|
|move|p1a: Rotom|Toxic|p2a: Seismitoad
|-status|p2a: Seismitoad|tox
|move|p2a: Seismitoad|Toxic|p1a: Rotom
|-status|p1a: Rotom|tox
|
|-damage|p1a: Rotom|94/100 tox|[from] psn
|-damage|p2a: Seismitoad|94/100 tox|[from] psn
|upkeep
|turn|27
|
|switch|p1a: Clefable|Clefable, M|100/100
|move|p2a: Seismitoad|Stealth Rock|p1a: Clefable
|-sidestart|p1: Bhugman|move: Stealth Rock
|
|-heal|p2a: Seismitoad|100/100 tox|[from] item: Leftovers
|-damage|p2a: Seismitoad|88/100 tox|[from] psn
|upkeep
|turn|28
|
|switch|p2a: Corviknight|Corviknight, F|100/100
|-ability|p2a: Corviknight|Pressure
|move|p1a: Clefable|Aromatherapy|p1a: Clefable
|-activate|p1a: Clefable|move: Aromatherapy
|-curestatus|p1: Rotom|tox|[msg]
|
|upkeep
|turn|29
|
|switch|p2a: Aegislash|Aegislash, M|100/100
|switch|p1a: Rotom|Rotom-Heat|94/100
|
|upkeep
|turn|30
|
|switch|p2a: Seismitoad|Seismitoad, M|88/100 tox
|move|p1a: Rotom|Overheat|p2a: Seismitoad
|-resisted|p2a: Seismitoad
|-damage|p2a: Seismitoad|57/100 tox
|-unboost|p1a: Rotom|spa|2
|
|-heal|p2a: Seismitoad|63/100 tox|[from] item: Leftovers
|-damage|p2a: Seismitoad|57/100 tox|[from] psn
|upkeep
|turn|31
|
|switch|p2a: Aegislash|Aegislash, M|100/100
|move|p1a: Rotom|Defog|p2a: Aegislash
|-unboost|p2a: Aegislash|evasion|1
|-sideend|p1: Bhugman|Stealth Rock|[from] move: Defog|[of] p1a: Rotom
|
|upkeep
|turn|32
|
|switch|p2a: Seismitoad|Seismitoad, M|57/100 tox
|move|p1a: Rotom|Volt Switch|p2a: Seismitoad
|-immune|p2a: Seismitoad
|
|-heal|p2a: Seismitoad|63/100 tox|[from] item: Leftovers
|-damage|p2a: Seismitoad|57/100 tox|[from] psn
|upkeep
|turn|33
|
|switch|p1a: Clefable|Clefable, M|100/100
|switch|p2a: Tyranitar|Tyranitar, F|16/100
|-weather|Sandstorm|[from] ability: Sand Stream|[of] p2a: Tyranitar
|
|-weather|Sandstorm|[upkeep]
|-damage|p1a: Clefable|94/100|[from] Sandstorm
|-heal|p1a: Clefable|100/100|[from] item: Leftovers
|upkeep
|turn|34
|
|move|p1a: Clefable|Protect|p1a: Clefable
|-singleturn|p1a: Clefable|Protect
|move|p2a: Tyranitar|Heavy Slam|p1a: Clefable
|-activate|p1a: Clefable|move: Protect
|
|-weather|Sandstorm|[upkeep]
|-damage|p1a: Clefable|94/100|[from] Sandstorm
|-heal|p1a: Clefable|100/100|[from] item: Leftovers
|upkeep
|turn|35
|
|switch|p1a: Rotom|Rotom-Heat|94/100
|move|p2a: Tyranitar|Heavy Slam|p1a: Rotom
|-resisted|p1a: Rotom
|-damage|p1a: Rotom|71/100
|
|-weather|Sandstorm|[upkeep]
|-damage|p1a: Rotom|64/100|[from] Sandstorm
|upkeep
|turn|36
|
|move|p1a: Rotom|Overheat|p2a: Tyranitar
|-resisted|p2a: Tyranitar
|-damage|p2a: Tyranitar|0 fnt
|-unboost|p1a: Rotom|spa|2
|faint|p2a: Tyranitar
|
|-weather|Sandstorm|[upkeep]
|-damage|p1a: Rotom|58/100|[from] Sandstorm
|upkeep
|
|switch|p2a: Aegislash|Aegislash, M|100/100
|turn|37
|
|move|p1a: Rotom|Volt Switch|p2a: Aegislash
|-damage|p2a: Aegislash|86/100
|
|switch|p1a: Hippowdon|Hippowdon, M|100/100|[from]move: Volt Switch
|-formechange|p2a: Aegislash|Aegislash-Blade||[from] ability: Stance Change
|move|p2a: Aegislash|Flash Cannon|p1a: Hippowdon
|-damage|p1a: Hippowdon|17/100
|
|-weather|none
|-heal|p1a: Hippowdon|23/100|[from] item: Leftovers
|upkeep
|turn|38
|
|move|p2a: Aegislash|Flash Cannon|p1a: Hippowdon
|-damage|p1a: Hippowdon|0 fnt
|faint|p1a: Hippowdon
|
|upkeep
|
|switch|p1a: Rotom|Rotom-Heat|58/100
|turn|39
|
|switch|p2a: Seismitoad|Seismitoad, M|57/100 tox
|move|p1a: Rotom|Overheat|p2a: Seismitoad
|-resisted|p2a: Seismitoad
|-damage|p2a: Seismitoad|28/100 tox
|-unboost|p1a: Rotom|spa|2
|
|-heal|p2a: Seismitoad|34/100 tox|[from] item: Leftovers
|-damage|p2a: Seismitoad|28/100 tox|[from] psn
|upkeep
|turn|40
|
|switch|p1a: Clefable|Clefable, M|100/100
|switch|p2a: Aegislash|Aegislash, M|86/100
|
|upkeep
|turn|41
|
|move|p1a: Clefable|Protect|p1a: Clefable
|-singleturn|p1a: Clefable|Protect
|-formechange|p2a: Aegislash|Aegislash-Blade||[from] ability: Stance Change
|move|p2a: Aegislash|Flash Cannon|p1a: Clefable
|-activate|p1a: Clefable|move: Protect
|
|upkeep
|turn|42
|
|switch|p1a: Rotom|Rotom-Heat|58/100
|move|p2a: Aegislash|Flash Cannon|p1a: Rotom
|-resisted|p1a: Rotom
|-damage|p1a: Rotom|36/100
|
|upkeep
|turn|43
|
|switch|p2a: Seismitoad|Seismitoad, M|28/100 tox
|move|p1a: Rotom|Overheat|p2a: Seismitoad
|-resisted|p2a: Seismitoad
|-damage|p2a: Seismitoad|0 fnt
|-unboost|p1a: Rotom|spa|2
|faint|p2a: Seismitoad
|
|upkeep
|
|switch|p2a: Aegislash|Aegislash, M|86/100
|turn|44
|
|move|p1a: Rotom|Volt Switch|p2a: Aegislash
|-damage|p2a: Aegislash|69/100
|
|switch|p1a: Dragapult|Dragapult, F|100/100|[from]move: Volt Switch
|-formechange|p2a: Aegislash|Aegislash-Blade||[from] ability: Stance Change
|move|p2a: Aegislash|Flash Cannon|p1a: Dragapult
|-damage|p1a: Dragapult|18/100
|
|-heal|p1a: Dragapult|24/100|[from] item: Leftovers
|upkeep
|turn|45
|
|switch|p2a: Bewear|Bewear, M|100/100
|move|p1a: Dragapult|Phantom Force||[still]
|-prepare|p1a: Dragapult|Phantom Force|p2a: Bewear
|
|-heal|p1a: Dragapult|30/100|[from] item: Leftovers
|upkeep
|turn|46
|
|move|p1a: Dragapult|Phantom Force|p2a: Bewear|[from]lockedmove
|-immune|p2a: Bewear
|move|p2a: Bewear|Swords Dance|p2a: Bewear
|-boost|p2a: Bewear|atk|2
|
|-heal|p1a: Dragapult|36/100|[from] item: Leftovers
|upkeep
|turn|47
|
|switch|p1a: Clefable|Clefable, M|100/100
|move|p2a: Bewear|Iron Head|p1a: Clefable
|-supereffective|p1a: Clefable
|-damage|p1a: Clefable|53/100
|
|-heal|p1a: Clefable|59/100|[from] item: Leftovers
|upkeep
|turn|48
|
|move|p2a: Bewear|Iron Head|p1a: Clefable
|-supereffective|p1a: Clefable
|-damage|p1a: Clefable|8/100
|move|p1a: Clefable|Wish|p1a: Clefable
|
|-heal|p1a: Clefable|14/100|[from] item: Leftovers
|upkeep
|turn|49
|
|switch|p2a: Aegislash|Aegislash, M|69/100
|move|p1a: Clefable|Protect||[still]
|-fail|p1a: Clefable
|
|-heal|p1a: Clefable|64/100|[from] move: Wish|[wisher] Clefable
|-heal|p1a: Clefable|70/100|[from] item: Leftovers
|upkeep
|turn|50
|
|move|p1a: Clefable|Protect|p1a: Clefable
|-singleturn|p1a: Clefable|Protect
|-formechange|p2a: Aegislash|Aegislash-Blade||[from] ability: Stance Change
|move|p2a: Aegislash|Shadow Ball|p1a: Clefable
|-activate|p1a: Clefable|move: Protect
|
|-heal|p1a: Clefable|76/100|[from] item: Leftovers
|upkeep
|turn|51
|
|move|p2a: Aegislash|Shadow Ball|p1a: Clefable
|-damage|p1a: Clefable|28/100
|move|p1a: Clefable|Wish|p1a: Clefable
|
|-heal|p1a: Clefable|34/100|[from] item: Leftovers
|upkeep
|turn|52
|
|move|p1a: Clefable|Protect|p1a: Clefable
|-singleturn|p1a: Clefable|Protect
|move|p2a: Aegislash|Shadow Ball|p1a: Clefable
|-activate|p1a: Clefable|move: Protect
|
|-heal|p1a: Clefable|84/100|[from] move: Wish|[wisher] Clefable
|-heal|p1a: Clefable|90/100|[from] item: Leftovers
|upkeep
|turn|53
|
|switch|p2a: Corviknight|Corviknight, F|100/100
|-ability|p2a: Corviknight|Pressure
|move|p1a: Clefable|Wish|p1a: Clefable
|
|-heal|p1a: Clefable|96/100|[from] item: Leftovers
|upkeep
|turn|54
|
|switch|p2a: Aegislash|Aegislash, M|69/100
|switch|p1a: Rotom|Rotom-Heat|36/100
|
|-heal|p1a: Rotom|100/100|[from] move: Wish|[wisher] Clefable
|upkeep
|turn|55
|
|switch|p2a: Bewear|Bewear, M|100/100
|move|p1a: Rotom|Overheat|p2a: Bewear
|-damage|p2a: Bewear|0 fnt
|-unboost|p1a: Rotom|spa|2
|faint|p2a: Bewear
|
|upkeep
|
|switch|p2a: Aegislash|Aegislash, M|69/100
|turn|56
|
|switch|p1a: Dragapult|Dragapult, F|36/100
|move|p2a: Aegislash|Toxic|p1a: Dragapult
|-status|p1a: Dragapult|tox
|
|-heal|p1a: Dragapult|42/100 tox|[from] item: Leftovers
|-damage|p1a: Dragapult|36/100 tox|[from] psn
|upkeep
|turn|57
|
|switch|p2a: Corviknight|Corviknight, F|100/100
|-ability|p2a: Corviknight|Pressure
|move|p1a: Dragapult|Phantom Force||[still]
|-prepare|p1a: Dragapult|Phantom Force|p2a: Corviknight
|
|-heal|p1a: Dragapult|42/100 tox|[from] item: Leftovers
|-damage|p1a: Dragapult|30/100 tox|[from] psn
|upkeep
|turn|58
|
|move|p1a: Dragapult|Phantom Force|p2a: Corviknight|[from]lockedmove
|-damage|p2a: Corviknight|75/100
|move|p2a: Corviknight|Iron Head|p1a: Dragapult
|-damage|p1a: Dragapult|4/100 tox
|
|-heal|p1a: Dragapult|10/100 tox|[from] item: Leftovers
|-heal|p2a: Corviknight|81/100|[from] item: Leftovers
|-damage|p1a: Dragapult|0 fnt|[from] psn
|faint|p1a: Dragapult
|upkeep
|
|switch|p1a: Rotom|Rotom-Heat|100/100
|turn|59
|
|move|p1a: Rotom|Overheat|p2a: Corviknight
|-supereffective|p2a: Corviknight
|-damage|p2a: Corviknight|0 fnt
|-unboost|p1a: Rotom|spa|2
|faint|p2a: Corviknight
|
|upkeep
|
|switch|p2a: Aegislash|Aegislash, M|69/100
|turn|60
|
|switch|p1a: Clefable|Clefable, M|96/100
|-formechange|p2a: Aegislash|Aegislash-Blade||[from] ability: Stance Change
|move|p2a: Aegislash|Flash Cannon|p1a: Clefable
|-supereffective|p1a: Clefable
|-damage|p1a: Clefable|3/100
|
|-heal|p1a: Clefable|9/100|[from] item: Leftovers
|upkeep
|turn|61
|
|move|p2a: Aegislash|Flash Cannon|p1a: Clefable
|-supereffective|p1a: Clefable
|-damage|p1a: Clefable|0 fnt
|faint|p1a: Clefable
|
|upkeep
|
|switch|p1a: Rotom|Rotom-Heat|100/100
|turn|62
|
|move|p1a: Rotom|Overheat|p2a: Aegislash
|-supereffective|p2a: Aegislash
|-damage|p2a: Aegislash|0 fnt
|-unboost|p1a: Rotom|spa|2
|faint|p2a: Aegislash
|
|win|Bhugman
|l|☆X-Wing Fighter
