|j|☆chibachikage
|j|☆Octperlover暴君
|t:|1668007142
|gametype|singles
|player|p1|chibachikage|cynthia|
|player|p2|Octperlover暴君|ghetsis-gen5bw|
|teamsize|p1|6
|teamsize|p2|6
|gen|8
|tier|[Gen 8] OU
|rule|Sleep Clause Mod: Limit one foe put to sleep
|rule|Species Clause: Limit one of each Pokémon
|rule|OHKO Clause: OHKO moves are banned
|rule|Evasion Items Clause: Evasion items are banned
|rule|Evasion Moves Clause: Evasion moves are banned
|rule|Endless Battle Clause: Forcing endless battles is banned
|rule|HP Percentage Mod: HP is shown in percentages
|rule|Dynamax Clause: You cannot dynamax
|clearpoke
|poke|p1|Blacephalon|
|poke|p1|Weavile, F|
|poke|p1|Buzzwole|
|poke|p1|Dragapult, F|
|poke|p1|Melmetal|
|poke|p1|Landorus-Therian, M|
|poke|p2|Garchomp, F|
|poke|p2|Corviknight, M|
|poke|p2|Weavile, F|
|poke|p2|Urshifu-*, M|
|poke|p2|Slowking-Galar, F|
|poke|p2|Melmetal|
|teampreview
|
|t:|1668007162
|start
|switch|p1a: Dragapult|Dragapult, F|100/100
|switch|p2a: Melmetal|Melmetal|100/100
|turn|1
|
|t:|1668007173
|move|p1a: Dragapult|U-turn|p2a: Melmetal
|-resisted|p2a: Melmetal
|-damage|p2a: Melmetal|94/100
|
|t:|1668007177
|switch|p1a: Buzzwole|Buzzwole|100/100|[from]move: U-turn
|move|p2a: Melmetal|Double Iron Bash|p1a: Buzzwole
|-damage|p1a: Buzzwole|81/100
|-damage|p1a: Buzzwole|58/100
|-hitcount|p1a: Buzzwole|2
|
|upkeep
|turn|2
|
|t:|1668007186
|switch|p2a: Corviknight|Corviknight, M|100/100
|-ability|p2a: Corviknight|Pressure
|move|p1a: Buzzwole|Drain Punch|p2a: Corviknight
|-damage|p2a: Corviknight|80/100
|-heal|p1a: Buzzwole|68/100|[from] drain|[of] p2a: Corviknight
|-damage|p1a: Buzzwole|52/100|[from] item: Rocky Helmet|[of] p2a: Corviknight
|
|upkeep
|turn|3
|
|t:|1668007197
|switch|p1a: Landorus|Landorus-Therian, M|100/100
|-ability|p1a: Landorus|Intimidate|boost
|-unboost|p2a: Corviknight|atk|1
|move|p2a: Corviknight|Brave Bird|p1a: Landorus
|-damage|p1a: Landorus|76/100
|-damage|p2a: Corviknight|72/100|[from] Recoil
|
|-heal|p1a: Landorus|82/100|[from] item: Leftovers
|upkeep
|turn|4
|
|t:|1668007203
|move|p1a: Landorus|Stealth Rock|p2a: Corviknight
|-sidestart|p2: Octperlover暴君|move: Stealth Rock
|move|p2a: Corviknight|U-turn|p1a: Landorus
|-resisted|p1a: Landorus
|-damage|p1a: Landorus|77/100
|
|t:|1668007208
|switch|p2a: Weavile|Weavile, F|100/100|[from]move: U-turn
|-ability|p2a: Weavile|Pressure
|
|-heal|p1a: Landorus|83/100|[from] item: Leftovers
|upkeep
|turn|5
|
|t:|1668007215
|switch|p1a: Melmetal|Melmetal|100/100
|move|p2a: Weavile|Knock Off|p1a: Melmetal
|-damage|p1a: Melmetal|73/100
|-enditem|p1a: Melmetal|Assault Vest|[from] move: Knock Off|[of] p2a: Weavile
|
|upkeep
|turn|6
|
|t:|1668007226
|switch|p2a: Corviknight|Corviknight, M|72/100
|-damage|p2a: Corviknight|60/100|[from] Stealth Rock
|-ability|p2a: Corviknight|Pressure
|switch|p1a: Blacephalon|Blacephalon, shiny|100/100
|
|upkeep
|turn|7
|
|t:|1668007307
|switch|p2a: Slowking|Slowking-Galar, F, shiny|100/100
|-damage|p2a: Slowking|88/100|[from] Stealth Rock
|move|p1a: Blacephalon|Shadow Ball|p2a: Slowking
|-supereffective|p2a: Slowking
|-damage|p2a: Slowking|13/100
|
|upkeep
|turn|8
|
|t:|1668007325
|switch|p2a: Weavile|Weavile, F|100/100
|-ability|p2a: Weavile|Pressure
|move|p1a: Blacephalon|Shadow Ball|p2a: Weavile
|-resisted|p2a: Weavile
|-damage|p2a: Weavile|53/100
|
|upkeep
|turn|9
|
|t:|1668007336
|switch|p1a: Buzzwole|Buzzwole|52/100
|move|p2a: Weavile|Swords Dance|p2a: Weavile
|-boost|p2a: Weavile|atk|2
|
|upkeep
|turn|10
|
|t:|1668007345
|move|p2a: Weavile|Knock Off|p1a: Buzzwole
|-resisted|p1a: Buzzwole
|-damage|p1a: Buzzwole|30/100
|-damage|p2a: Weavile|36/100|[from] item: Rocky Helmet|[of] p1a: Buzzwole
|-enditem|p1a: Buzzwole|Rocky Helmet|[from] move: Knock Off|[of] p2a: Weavile
|move|p1a: Buzzwole|Roost|p1a: Buzzwole
|-heal|p1a: Buzzwole|80/100
|-singleturn|p1a: Buzzwole|move: Roost
|
|upkeep
|turn|11
|
|t:|1668007356
|switch|p2a: Corviknight|Corviknight, M|60/100
|-damage|p2a: Corviknight|48/100|[from] Stealth Rock
|-ability|p2a: Corviknight|Pressure
|switch|p1a: Blacephalon|Blacephalon, shiny|100/100
|
|upkeep
|turn|12
|
|t:|1668007367
|move|p1a: Blacephalon|Shadow Ball|p2a: Corviknight
|-damage|p2a: Corviknight|0 fnt
|faint|p2a: Corviknight
|-ability|p1a: Blacephalon|Beast Boost|boost
|-boost|p1a: Blacephalon|spa|1
|
|upkeep
|
|t:|1668007372
|switch|p2a: Weavile|Weavile, F|36/100
|-ability|p2a: Weavile|Pressure
|turn|13
|
|t:|1668007378
|switch|p1a: Buzzwole|Buzzwole|80/100
|move|p2a: Weavile|Knock Off|p1a: Buzzwole
|-resisted|p1a: Buzzwole
|-damage|p1a: Buzzwole|72/100
|
|upkeep
|turn|14
|
|t:|1668007401
|switch|p2a: Garchomp|Garchomp, F|100/100
|-damage|p2a: Garchomp|94/100|[from] Stealth Rock
|move|p1a: Buzzwole|Ice Punch|p2a: Garchomp
|-supereffective|p2a: Garchomp
|-damage|p2a: Garchomp|15/100
|-damage|p1a: Buzzwole|60/100|[from] ability: Rough Skin|[of] p2a: Garchomp
|
|-heal|p2a: Garchomp|21/100|[from] item: Leftovers
|upkeep
|turn|15
|
|t:|1668007419
|move|p2a: Garchomp|Protect|p2a: Garchomp
|-singleturn|p2a: Garchomp|Protect
|move|p1a: Buzzwole|Drain Punch|p2a: Garchomp
|-activate|p2a: Garchomp|move: Protect
|
|-heal|p2a: Garchomp|28/100|[from] item: Leftovers
|upkeep
|turn|16
|
|t:|1668007429
|move|p2a: Garchomp|Earthquake|p1a: Buzzwole
|-resisted|p1a: Buzzwole
|-damage|p1a: Buzzwole|50/100
|move|p1a: Buzzwole|Roost|p1a: Buzzwole
|-heal|p1a: Buzzwole|100/100
|-singleturn|p1a: Buzzwole|move: Roost
|
|-heal|p2a: Garchomp|34/100|[from] item: Leftovers
|upkeep
|turn|17
|
|t:|1668007446
|switch|p2a: Melmetal|Melmetal|94/100
|-damage|p2a: Melmetal|88/100|[from] Stealth Rock
|move|p1a: Buzzwole|Drain Punch|p2a: Melmetal
|-supereffective|p2a: Melmetal
|-crit|p2a: Melmetal
|-damage|p2a: Melmetal|25/100
|
|upkeep
|turn|18
|-message|Octperlover暴君 forfeited.
|
|win|chibachikage
|l|☆Octperlover暴君
