|j|☆Suceurdepoussiere
|j|☆stoicism.exe
|t:|1667749459
|gametype|singles
|player|p1|Suceurdepoussiere|101|1626
|player|p2|stoicism.exe|102|1707
|teamsize|p1|6
|teamsize|p2|6
|gen|8
|tier|[Gen 8] OU
|rated|
|rule|Sleep Clause Mod: Limit one foe put to sleep
|rule|Species Clause: Limit one of each Pokémon
|rule|OHKO Clause: OHKO moves are banned
|rule|Evasion Items Clause: Evasion items are banned
|rule|Evasion Moves Clause: Evasion moves are banned
|rule|Endless Battle Clause: Forcing endless battles is banned
|rule|HP Percentage Mod: HP is shown in percentages
|rule|Dynamax Clause: You cannot dynamax
|clearpoke
|poke|p1|Weavile, M|
|poke|p1|Slowking-Galar, M|
|poke|p1|Tapu Fini|
|poke|p1|Ferrothorn, M|
|poke|p1|Landorus-Therian, M|
|poke|p1|Blacephalon|
|poke|p2|Excadrill, M|
|poke|p2|Abomasnow, M|
|poke|p2|Suicune|
|poke|p2|Landorus-Therian, M|
|poke|p2|Latias, F|
|poke|p2|Buzzwole|
|teampreview
|inactive|Battle timer is ON: inactive players will automatically lose when time's up. (requested by stoicism.exe)
|
|t:|1667749479
|start
|switch|p1a: Landoent|Landorus-Therian, M|100/100
|switch|p2a: Buzzwole|Buzzwole|100/100
|-ability|p1a: Landoent|Intimidate|boost
|-unboost|p2a: Buzzwole|atk|1
|turn|1
|
|t:|1667749485
|switch|p1a: Marabouent|Slowking-Galar, M|100/100
|switch|p2a: Landorus|Landorus-Therian, M|100/100
|-ability|p2a: Landorus|Intimidate|boost
|-unboost|p1a: Marabouent|atk|1
|
|upkeep
|turn|2
|
|t:|1667749505
|move|p2a: Landorus|U-turn|p1a: Marabouent
|-damage|p1a: Marabouent|83/100
|
|t:|1667749509
|switch|p2a: Excadrill|Excadrill, M|100/100|[from]move: U-turn
|-ability|p2a: Excadrill|Mold Breaker
|move|p1a: Marabouent|Sludge Bomb|p2a: Excadrill
|-immune|p2a: Excadrill
|
|-heal|p1a: Marabouent|89/100|[from] item: Black Sludge
|upkeep
|turn|3
|
|t:|1667749516
|switch|p1a: Ferroent|Ferrothorn, M|100/100
|move|p2a: Excadrill|Stealth Rock|p1a: Ferroent
|-sidestart|p1: Suceurdepoussiere|move: Stealth Rock
|
|upkeep
|turn|4
|
|t:|1667749523
|switch|p2a: Abomasnow|Abomasnow, M|100/100
|-weather|Hail|[from] ability: Snow Warning|[of] p2a: Abomasnow
|move|p1a: Ferroent|Spikes|p2a: Abomasnow
|-sidestart|p2: stoicism.exe|Spikes
|
|-weather|Hail|[upkeep]
|-damage|p1a: Ferroent|94/100|[from] Hail
|-heal|p1a: Ferroent|100/100|[from] item: Leftovers
|upkeep
|turn|5
|
|t:|1667749529
|move|p2a: Abomasnow|Swords Dance|p2a: Abomasnow
|-boost|p2a: Abomasnow|atk|2
|move|p1a: Ferroent|Spikes|p2a: Abomasnow
|-sidestart|p2: stoicism.exe|Spikes
|
|-weather|Hail|[upkeep]
|-damage|p1a: Ferroent|94/100|[from] Hail
|-heal|p1a: Ferroent|100/100|[from] item: Leftovers
|upkeep
|turn|6
|
|t:|1667749536
|switch|p1a: Landoent|Landorus-Therian, M|100/100
|-damage|p1a: Landoent|88/100|[from] Stealth Rock
|-ability|p1a: Landoent|Intimidate|boost
|-unboost|p2a: Abomasnow|atk|1
|move|p2a: Abomasnow|Earthquake|p1a: Landoent
|-immune|p1a: Landoent
|
|-weather|Hail|[upkeep]
|-damage|p1a: Landoent|82/100|[from] Hail
|-heal|p1a: Landoent|88/100|[from] item: Leftovers
|upkeep
|turn|7
|
|t:|1667749540
|switch|p1a: Ferroent|Ferrothorn, M|100/100
|-damage|p1a: Ferroent|94/100|[from] Stealth Rock
|move|p2a: Abomasnow|Ice Shard|p1a: Ferroent
|-damage|p1a: Ferroent|79/100
|
|-weather|Hail|[upkeep]
|-damage|p1a: Ferroent|73/100|[from] Hail
|-heal|p1a: Ferroent|79/100|[from] item: Leftovers
|upkeep
|turn|8
|
|t:|1667749543
|move|p2a: Abomasnow|Earthquake|p1a: Ferroent
|-damage|p1a: Ferroent|54/100
|move|p1a: Ferroent|Iron Defense|p1a: Ferroent
|-boost|p1a: Ferroent|def|2
|
|-weather|none
|-heal|p1a: Ferroent|60/100|[from] item: Leftovers
|upkeep
|turn|9
|j| DcMarvelAnimeFan
|
|t:|1667749549
|switch|p2a: Latias|Latias, F|100/100
|move|p1a: Ferroent|Leech Seed|p2a: Latias
|-start|p2a: Latias|move: Leech Seed
|
|-heal|p1a: Ferroent|66/100|[from] item: Leftovers
|-damage|p2a: Latias|88/100|[from] Leech Seed|[of] p1a: Ferroent
|-heal|p1a: Ferroent|77/100|[silent]
|upkeep
|turn|10
|
|t:|1667749559
|switch|p1a: Marabouent|Slowking-Galar, M|100/100
|-damage|p1a: Marabouent|88/100|[from] Stealth Rock
|move|p2a: Latias|Trick|p1a: Marabouent
|-activate|p2a: Latias|move: Trick|[of] p1a: Marabouent
|-item|p1a: Marabouent|Choice Scarf|[from] move: Trick
|-item|p2a: Latias|Black Sludge|[from] move: Trick
|
|-damage|p2a: Latias|76/100|[from] item: Black Sludge
|-damage|p2a: Latias|64/100|[from] Leech Seed|[of] p1a: Marabouent
|-heal|p1a: Marabouent|98/100|[silent]
|upkeep
|turn|11
|
|t:|1667749569
|switch|p2a: Excadrill|Excadrill, M|100/100
|-damage|p2a: Excadrill|84/100|[from] Spikes
|-ability|p2a: Excadrill|Mold Breaker
|move|p1a: Marabouent|Trick|p2a: Excadrill
|-activate|p1a: Marabouent|move: Trick|[of] p2a: Excadrill
|-item|p2a: Excadrill|Choice Scarf|[from] move: Trick
|-item|p1a: Marabouent|Leftovers|[from] move: Trick
|
|-heal|p1a: Marabouent|100/100|[from] item: Leftovers
|upkeep
|turn|12
|
|t:|1667749576
|move|p2a: Excadrill|Earthquake|p1a: Marabouent
|-supereffective|p1a: Marabouent
|-damage|p1a: Marabouent|31/100
|move|p1a: Marabouent|Psyshock|p2a: Excadrill
|-resisted|p2a: Excadrill
|-damage|p2a: Excadrill|62/100
|
|-heal|p1a: Marabouent|37/100|[from] item: Leftovers
|upkeep
|turn|13
|l| DcMarvelAnimeFan
|
|t:|1667749585
|switch|p2a: Abomasnow|Abomasnow, M|100/100
|-damage|p2a: Abomasnow|84/100|[from] Spikes
|-weather|Hail|[from] ability: Snow Warning|[of] p2a: Abomasnow
|switch|p1a: Landoent|Landorus-Therian, M|88/100
|-damage|p1a: Landoent|76/100|[from] Stealth Rock
|-ability|p1a: Landoent|Intimidate|boost
|-unboost|p2a: Abomasnow|atk|1
|
|-weather|Hail|[upkeep]
|-damage|p1a: Landoent|70/100|[from] Hail
|-heal|p1a: Landoent|76/100|[from] item: Leftovers
|-heal|p2a: Abomasnow|90/100|[from] item: Leftovers
|upkeep
|turn|14
|
|t:|1667749593
|switch|p1a: Ferroent|Ferrothorn, M|77/100
|-damage|p1a: Ferroent|71/100|[from] Stealth Rock
|move|p2a: Abomasnow|Protect||[still]
|-fail|p2a: Abomasnow
|
|-weather|Hail|[upkeep]
|-damage|p1a: Ferroent|64/100|[from] Hail
|-heal|p2a: Abomasnow|96/100|[from] item: Leftovers
|-heal|p1a: Ferroent|71/100|[from] item: Leftovers
|upkeep
|turn|15
|
|t:|1667749598
|switch|p2a: Latias|Latias, F|64/100
|move|p1a: Ferroent|Body Press|p2a: Latias
|-resisted|p2a: Latias
|-damage|p2a: Latias|46/100
|
|-weather|Hail|[upkeep]
|-damage|p2a: Latias|40/100|[from] Hail
|-damage|p1a: Ferroent|64/100|[from] Hail
|-damage|p2a: Latias|28/100|[from] item: Black Sludge
|-heal|p1a: Ferroent|71/100|[from] item: Leftovers
|upkeep
|turn|16
|
|t:|1667749603
|switch|p1a: Marabouent|Slowking-Galar, M|71/100
|-damage|p1a: Marabouent|58/100|[from] Stealth Rock
|move|p2a: Latias|Aura Sphere|p1a: Marabouent
|-resisted|p1a: Marabouent
|-damage|p1a: Marabouent|54/100
|
|-weather|Hail|[upkeep]
|-damage|p2a: Latias|22/100|[from] Hail
|-damage|p1a: Marabouent|48/100|[from] Hail
|-damage|p2a: Latias|9/100|[from] item: Black Sludge
|-heal|p1a: Marabouent|54/100|[from] item: Leftovers
|upkeep
|turn|17
|
|t:|1667749610
|move|p2a: Latias|Healing Wish|p2a: Latias
|faint|p2a: Latias
|move|p1a: Marabouent|Psyshock|p2: Latias|[notarget]
|-fail|p1a: Marabouent
|
|-weather|none
|-heal|p1a: Marabouent|60/100|[from] item: Leftovers
|upkeep
|
|t:|1667749621
|switch|p2a: Excadrill|Excadrill, M|62/100
|-heal|p2a: Excadrill|100/100|[from] move: Healing Wish
|-damage|p2a: Excadrill|84/100|[from] Spikes
|-ability|p2a: Excadrill|Mold Breaker
|turn|18
|
|t:|1667749629
|switch|p1a: Landoent|Landorus-Therian, M|76/100
|-damage|p1a: Landoent|63/100|[from] Stealth Rock
|-ability|p1a: Landoent|Intimidate|boost
|-unboost|p2a: Excadrill|atk|1
|move|p2a: Excadrill|Earthquake|p1a: Landoent
|-immune|p1a: Landoent
|
|-heal|p1a: Landoent|70/100|[from] item: Leftovers
|upkeep
|turn|19
|
|t:|1667749633
|switch|p2a: Landorus|Landorus-Therian, M|100/100
|-ability|p2a: Landorus|Intimidate|boost
|-unboost|p1a: Landoent|atk|1
|move|p1a: Landoent|Toxic|p2a: Landorus
|-status|p2a: Landorus|tox
|
|-heal|p1a: Landoent|76/100|[from] item: Leftovers
|-damage|p2a: Landorus|94/100 tox|[from] psn
|upkeep
|turn|20
|
|t:|1667749636
|move|p1a: Landoent|Stealth Rock|p2a: Landorus
|-sidestart|p2: stoicism.exe|move: Stealth Rock
|move|p2a: Landorus|U-turn|p1a: Landoent
|-resisted|p1a: Landoent
|-damage|p1a: Landoent|64/100
|
|t:|1667749639
|switch|p2a: Excadrill|Excadrill, M|84/100|[from]move: U-turn
|-damage|p2a: Excadrill|67/100|[from] Spikes
|-damage|p2a: Excadrill|64/100|[from] Stealth Rock
|-ability|p2a: Excadrill|Mold Breaker
|
|-heal|p1a: Landoent|70/100|[from] item: Leftovers
|upkeep
|turn|21
|
|t:|1667749643
|switch|p1a: Blacephalonnent|Blacephalon|100/100
|-damage|p1a: Blacephalonnent|76/100|[from] Stealth Rock
|move|p2a: Excadrill|Earthquake|p1a: Blacephalonnent
|-supereffective|p1a: Blacephalonnent
|-damage|p1a: Blacephalonnent|0 fnt
|faint|p1a: Blacephalonnent
|
|upkeep
|
|t:|1667749654
|switch|p1a: Landoent|Landorus-Therian, M|70/100
|-damage|p1a: Landoent|57/100|[from] Stealth Rock
|-ability|p1a: Landoent|Intimidate|boost
|-unboost|p2a: Excadrill|atk|1
|turn|22
|inactive|stoicism.exe has 120 seconds left.
|
|t:|1667749692
|switch|p2a: Landorus|Landorus-Therian, M|94/100 tox
|-damage|p2a: Landorus|82/100 tox|[from] Stealth Rock
|-ability|p2a: Landorus|Intimidate|boost
|-unboost|p1a: Landoent|atk|1
|move|p1a: Landoent|U-turn|p2a: Landorus
|-resisted|p2a: Landorus
|-damage|p2a: Landorus|77/100 tox
|-damage|p1a: Landoent|41/100|[from] item: Rocky Helmet|[of] p2a: Landorus
|
|t:|1667749699
|switch|p1a: Rakailent|Weavile, M|100/100|[from]move: U-turn
|-ability|p1a: Rakailent|Pressure
|
|-damage|p2a: Landorus|71/100 tox|[from] psn
|upkeep
|turn|23
|
|t:|1667749705
|move|p1a: Rakailent|Ice Shard|p2a: Landorus
|-supereffective|p2a: Landorus
|-damage|p2a: Landorus|13/100 tox
|move|p2a: Landorus|U-turn|p1a: Rakailent
|-supereffective|p1a: Rakailent
|-damage|p1a: Rakailent|24/100
|
|t:|1667749711
|switch|p2a: Buzzwole|Buzzwole|100/100|[from]move: U-turn
|-damage|p2a: Buzzwole|84/100|[from] Spikes
|-damage|p2a: Buzzwole|72/100|[from] Stealth Rock
|
|upkeep
|turn|24
|
|t:|1667749721
|switch|p1a: Marabouent|Slowking-Galar, M|93/100
|-damage|p1a: Marabouent|81/100|[from] Stealth Rock
|move|p2a: Buzzwole|Poison Jab|p1a: Marabouent
|-resisted|p1a: Marabouent
|-damage|p1a: Marabouent|70/100
|
|-heal|p1a: Marabouent|76/100|[from] item: Leftovers
|upkeep
|turn|25
|
|t:|1667749728
|move|p2a: Buzzwole|Leech Life|p1a: Marabouent
|-damage|p1a: Marabouent|46/100
|-heal|p2a: Buzzwole|86/100|[from] drain|[of] p1a: Marabouent
|move|p1a: Marabouent|Psyshock|p2a: Buzzwole
|-supereffective|p2a: Buzzwole
|-damage|p2a: Buzzwole|45/100
|
|-heal|p1a: Marabouent|53/100|[from] item: Leftovers
|upkeep
|turn|26
|inactive|stoicism.exe has 120 seconds left.
|
|t:|1667749752
|switch|p2a: Landorus|Landorus-Therian, M|13/100 tox
|-damage|p2a: Landorus|1/100 tox|[from] Stealth Rock
|-ability|p2a: Landorus|Intimidate|boost
|-unboost|p1a: Marabouent|atk|1
|switch|p1a: Moulent|Tapu Fini|100/100
|-damage|p1a: Moulent|88/100|[from] Stealth Rock
|-fieldstart|move: Misty Terrain|[from] ability: Misty Surge|[of] p1a: Moulent
|
|-heal|p1a: Moulent|94/100|[from] item: Leftovers
|-damage|p2a: Landorus|0 fnt|[from] psn
|faint|p2a: Landorus
|upkeep
|
|t:|1667749754
|switch|p2a: Excadrill|Excadrill, M|64/100
|-damage|p2a: Excadrill|48/100|[from] Spikes
|-damage|p2a: Excadrill|45/100|[from] Stealth Rock
|-ability|p2a: Excadrill|Mold Breaker
|turn|27
|
|t:|1667749758
|move|p2a: Excadrill|Rapid Spin|p1a: Moulent
|-damage|p1a: Moulent|85/100
|-boost|p2a: Excadrill|spe|1
|-sideend|p2: stoicism.exe|Spikes|[from] move: Rapid Spin|[of] p2a: Excadrill
|-sideend|p2: stoicism.exe|Stealth Rock|[from] move: Rapid Spin|[of] p2a: Excadrill
|move|p1a: Moulent|Scald|p2a: Excadrill
|-supereffective|p2a: Excadrill
|-damage|p2a: Excadrill|2/100
|
|-heal|p1a: Moulent|91/100|[from] item: Leftovers
|upkeep
|turn|28
|inactive|stoicism.exe has 120 seconds left.
|inactive|stoicism.exe has 90 seconds left.
|
|t:|1667749824
|switch|p2a: Abomasnow|Abomasnow, M|96/100
|-weather|Hail|[from] ability: Snow Warning|[of] p2a: Abomasnow
|move|p1a: Moulent|Defog|p2a: Abomasnow
|-unboost|p2a: Abomasnow|evasion|1
|-sideend|p1: Suceurdepoussiere|Stealth Rock|[from] move: Defog|[of] p1a: Moulent
|-fieldend|Misty Terrain
|
|-weather|Hail|[upkeep]
|-damage|p1a: Moulent|85/100|[from] Hail
|-heal|p1a: Moulent|91/100|[from] item: Leftovers
|-heal|p2a: Abomasnow|100/100|[from] item: Leftovers
|upkeep
|turn|29
|
|t:|1667749830
|switch|p1a: Ferroent|Ferrothorn, M|71/100
|move|p2a: Abomasnow|Swords Dance|p2a: Abomasnow
|-boost|p2a: Abomasnow|atk|2
|
|-weather|Hail|[upkeep]
|-damage|p1a: Ferroent|64/100|[from] Hail
|-heal|p1a: Ferroent|71/100|[from] item: Leftovers
|upkeep
|turn|30
|
|t:|1667749840
|move|p2a: Abomasnow|Earthquake|p1a: Ferroent
|-damage|p1a: Ferroent|35/100
|move|p1a: Ferroent|Iron Defense|p1a: Ferroent
|-boost|p1a: Ferroent|def|2
|
|-weather|Hail|[upkeep]
|-damage|p1a: Ferroent|29/100|[from] Hail
|-heal|p1a: Ferroent|35/100|[from] item: Leftovers
|upkeep
|turn|31
|
|t:|1667749849
|switch|p2a: Excadrill|Excadrill, M|2/100
|-ability|p2a: Excadrill|Mold Breaker
|move|p1a: Ferroent|Body Press|p2a: Excadrill
|-supereffective|p2a: Excadrill
|-damage|p2a: Excadrill|0 fnt
|faint|p2a: Excadrill
|
|-weather|Hail|[upkeep]
|-damage|p1a: Ferroent|29/100|[from] Hail
|-heal|p1a: Ferroent|35/100|[from] item: Leftovers
|upkeep
|
|t:|1667749851
|switch|p2a: Suicune|Suicune|100/100
|-ability|p2a: Suicune|Pressure
|turn|32
|
|t:|1667749855
|move|p2a: Suicune|Substitute|p2a: Suicune
|-start|p2a: Suicune|Substitute
|-damage|p2a: Suicune|75/100
|move|p1a: Ferroent|Leech Seed||[still]
|-fail|p1a: Ferroent
|
|-weather|none
|-heal|p2a: Suicune|82/100|[from] item: Leftovers
|-heal|p1a: Ferroent|41/100|[from] item: Leftovers
|upkeep
|turn|33
|
|t:|1667749863
|switch|p1a: Moulent|Tapu Fini|91/100
|-fieldstart|move: Misty Terrain|[from] ability: Misty Surge|[of] p1a: Moulent
|move|p2a: Suicune|Scald|p1a: Moulent
|-resisted|p1a: Moulent
|-damage|p1a: Moulent|80/100
|
|-heal|p2a: Suicune|88/100|[from] item: Leftovers
|-heal|p1a: Moulent|87/100|[from] item: Leftovers
|upkeep
|turn|34
|
|t:|1667749866
|move|p2a: Suicune|Calm Mind|p2a: Suicune
|-boost|p2a: Suicune|spa|1
|-boost|p2a: Suicune|spd|1
|move|p1a: Moulent|Moonblast|p2a: Suicune
|-activate|p2a: Suicune|move: Substitute|[damage]
|
|-heal|p2a: Suicune|94/100|[from] item: Leftovers
|-heal|p1a: Moulent|93/100|[from] item: Leftovers
|upkeep
|turn|35
|
|t:|1667749871
|move|p2a: Suicune|Calm Mind|p2a: Suicune
|-boost|p2a: Suicune|spa|1
|-boost|p2a: Suicune|spd|1
|move|p1a: Moulent|Taunt|p2a: Suicune
|-start|p2a: Suicune|move: Taunt
|
|-heal|p2a: Suicune|99/100|[from] item: Leftovers
|-heal|p1a: Moulent|99/100|[from] item: Leftovers
|upkeep
|turn|36
|
|t:|1667749874
|move|p2a: Suicune|Scald|p1a: Moulent
|-resisted|p1a: Moulent
|-damage|p1a: Moulent|77/100
|move|p1a: Moulent|Moonblast|p2a: Suicune
|-end|p2a: Suicune|Substitute
|
|-heal|p2a: Suicune|100/100|[from] item: Leftovers
|-heal|p1a: Moulent|83/100|[from] item: Leftovers
|upkeep
|turn|37
|
|t:|1667749887
|switch|p1a: Landoent|Landorus-Therian, M|41/100
|-ability|p1a: Landoent|Intimidate|boost
|-unboost|p2a: Suicune|atk|1
|move|p2a: Suicune|Scald|p1a: Landoent
|-supereffective|p1a: Landoent
|-damage|p1a: Landoent|0 fnt
|faint|p1a: Landoent
|
|-fieldend|Misty Terrain
|upkeep
|
|t:|1667749893
|switch|p1a: Rakailent|Weavile, M|24/100
|-ability|p1a: Rakailent|Pressure
|turn|38
|
|t:|1667749898
|move|p1a: Rakailent|Knock Off|p2a: Suicune
|-damage|p2a: Suicune|65/100
|-enditem|p2a: Suicune|Leftovers|[from] move: Knock Off|[of] p1a: Rakailent
|move|p2a: Suicune|Scald|p1a: Rakailent
|-damage|p1a: Rakailent|0 fnt
|faint|p1a: Rakailent
|
|-end|p2a: Suicune|move: Taunt
|upkeep
|
|t:|1667749902
|switch|p1a: Marabouent|Slowking-Galar, M|86/100
|turn|39
|
|t:|1667749909
|move|p2a: Suicune|Scald|p1a: Marabouent
|-damage|p1a: Marabouent|44/100
|move|p1a: Marabouent|Nasty Plot|p1a: Marabouent
|-boost|p1a: Marabouent|spa|2
|
|-heal|p1a: Marabouent|50/100|[from] item: Leftovers
|upkeep
|turn|40
|
|t:|1667749914
|move|p2a: Suicune|Scald|p1a: Marabouent
|-damage|p1a: Marabouent|6/100
|-status|p1a: Marabouent|brn
|move|p1a: Marabouent|Psyshock|p2a: Suicune
|-damage|p2a: Suicune|16/100
|
|-heal|p1a: Marabouent|12/100 brn|[from] item: Leftovers
|-damage|p1a: Marabouent|6/100 brn|[from] brn
|upkeep
|turn|41
|
|t:|1667749921
|switch|p1a: Moulent|Tapu Fini|83/100
|-fieldstart|move: Misty Terrain|[from] ability: Misty Surge|[of] p1a: Moulent
|move|p2a: Suicune|Scald|p1a: Moulent
|-resisted|p1a: Moulent
|-damage|p1a: Moulent|62/100
|
|-heal|p1a: Moulent|68/100|[from] item: Leftovers
|upkeep
|turn|42
|
|t:|1667749929
|move|p2a: Suicune|Scald|p1a: Moulent
|-resisted|p1a: Moulent
|-damage|p1a: Moulent|49/100
|move|p1a: Moulent|Moonblast|p2a: Suicune
|-damage|p2a: Suicune|4/100
|
|-heal|p1a: Moulent|55/100|[from] item: Leftovers
|upkeep
|turn|43
|
|t:|1667749933
|move|p2a: Suicune|Scald|p1a: Moulent
|-resisted|p1a: Moulent
|-damage|p1a: Moulent|35/100
|move|p1a: Moulent|Moonblast|p2a: Suicune
|-damage|p2a: Suicune|0 fnt
|faint|p2a: Suicune
|
|-heal|p1a: Moulent|41/100|[from] item: Leftovers
|upkeep
|
|t:|1667749938
|switch|p2a: Abomasnow|Abomasnow, M|100/100
|-weather|Hail|[from] ability: Snow Warning|[of] p2a: Abomasnow
|turn|44
|
|t:|1667749941
|switch|p1a: Ferroent|Ferrothorn, M|41/100
|move|p2a: Abomasnow|Swords Dance|p2a: Abomasnow
|-boost|p2a: Abomasnow|atk|2
|
|-weather|Hail|[upkeep]
|-damage|p1a: Ferroent|35/100|[from] Hail
|-heal|p1a: Ferroent|41/100|[from] item: Leftovers
|upkeep
|turn|45
|
|t:|1667749946
|move|p2a: Abomasnow|Earthquake|p1a: Ferroent
|-damage|p1a: Ferroent|7/100
|move|p1a: Ferroent|Body Press|p2a: Abomasnow
|-supereffective|p2a: Abomasnow
|-damage|p2a: Abomasnow|35/100
|
|-weather|Hail|[upkeep]
|-damage|p1a: Ferroent|0 fnt|[from] Hail
|faint|p1a: Ferroent
|-heal|p2a: Abomasnow|41/100|[from] item: Leftovers
|-fieldend|Misty Terrain
|upkeep
|
|t:|1667749952
|switch|p1a: Marabouent|Slowking-Galar, M|39/100 brn
|turn|46
|
|t:|1667749955
|switch|p1a: Moulent|Tapu Fini|41/100
|-fieldstart|move: Misty Terrain|[from] ability: Misty Surge|[of] p1a: Moulent
|move|p2a: Abomasnow|Earthquake|p1a: Moulent
|-damage|p1a: Moulent|5/100
|
|-weather|Hail|[upkeep]
|-damage|p1a: Moulent|0 fnt|[from] Hail
|faint|p1a: Moulent
|-heal|p2a: Abomasnow|47/100|[from] item: Leftovers
|upkeep
|
|t:|1667749957
|switch|p1a: Marabouent|Slowking-Galar, M|73/100 brn
|turn|47
|
|t:|1667749961
|move|p2a: Abomasnow|Earthquake|p1a: Marabouent
|-supereffective|p1a: Marabouent
|-damage|p1a: Marabouent|0 fnt
|faint|p1a: Marabouent
|
|win|stoicism.exe
|raw|Suceurdepoussiere's rating: 1626 &rarr; <strong>1611</strong><br />(-15 for losing)
|raw|stoicism.exe's rating: 1707 &rarr; <strong>1722</strong><br />(+15 for winning)
|l|☆Suceurdepoussiere
|l|☆stoicism.exe
