|j|☆gaenisalbino
|j|☆Skrafti
|t:|1625396576
|gametype|singles
|player|p1|gaenisalbino|169|1206
|player|p2|Skrafti|elio|1177
|teamsize|p1|6
|teamsize|p2|6
|gen|8
|tier|[Gen 8] OU
|rated|
|rule|Sleep Clause Mod: Limit one foe put to sleep
|rule|Species Clause: Limit one of each Pokémon
|rule|OHKO Clause: OHKO moves are banned
|rule|Evasion Moves Clause: Evasion moves are banned
|rule|Endless Battle Clause: Forcing endless battles is banned
|rule|HP Percentage Mod: HP is shown in percentages
|rule|Dynamax Clause: You cannot dynamax
|clearpoke
|poke|p1|Lycanroc-Midnight, F|
|poke|p1|Ninetales-Alola, M|
|poke|p1|Latias, F|
|poke|p1|Landorus-Therian, M|
|poke|p1|Jirachi|
|poke|p1|Zeraora|
|poke|p2|Azumarill, M|
|poke|p2|Volcarona, M|
|poke|p2|Slowking, F|
|poke|p2|Kartana|
|poke|p2|Landorus-Therian, M|
|poke|p2|Clefable, M|
|teampreview
|
|t:|1625396585
|start
|switch|p1a: Landorus|Landorus-Therian, M|100/100
|switch|p2a: Kartana|Kartana|100/100
|-ability|p1a: Landorus|Intimidate|boost
|-unboost|p2a: Kartana|atk|1
|turn|1
|
|t:|1625396605
|switch|p2a: Landorus|Landorus-Therian, M|100/100
|-ability|p2a: Landorus|Intimidate|boost
|-unboost|p1a: Landorus|atk|1
|move|p1a: Landorus|Earthquake|p2a: Landorus
|-immune|p2a: Landorus
|
|upkeep
|turn|2
|
|t:|1625396615
|move|p1a: Landorus|Swords Dance|p1a: Landorus
|-boost|p1a: Landorus|atk|2
|move|p2a: Landorus|Stealth Rock|p1a: Landorus
|-sidestart|p1: gaenisalbino|move: Stealth Rock
|
|upkeep
|turn|3
|
|t:|1625396623
|move|p1a: Landorus|Swords Dance|p1a: Landorus
|-boost|p1a: Landorus|atk|2
|move|p2a: Landorus|Toxic|p1a: Landorus
|-status|p1a: Landorus|tox
|
|-damage|p1a: Landorus|95/100 tox|[from] psn
|upkeep
|turn|4
|
|t:|1625396628
|move|p1a: Landorus|Explosion|p2a: Landorus
|-damage|p2a: Landorus|0 fnt
|faint|p1a: Landorus
|faint|p2a: Landorus
|
|upkeep
|
|t:|1625396635
|switch|p1a: Ninetales|Ninetales-Alola, M|100/100
|switch|p2a: Kartana|Kartana|100/100
|-damage|p1a: Ninetales|76/100|[from] Stealth Rock
|-weather|Hail|[from] ability: Snow Warning|[of] p1a: Ninetales
|turn|5
|
|t:|1625396642
|move|p2a: Kartana|Smart Strike|p1a: Ninetales
|-supereffective|p1a: Ninetales
|-damage|p1a: Ninetales|0 fnt
|faint|p1a: Ninetales
|-ability|p2a: Kartana|Beast Boost|boost
|-boost|p2a: Kartana|atk|1
|
|-weather|Hail|[upkeep]
|-damage|p2a: Kartana|94/100|[from] Hail
|upkeep
|j| Coolcodename
|inactive|Battle timer is ON: inactive players will automatically lose when time's up. (requested by gaenisalbino)
|
|t:|1625396655
|switch|p1a: Latias|Latias, F, shiny|100/100
|-damage|p1a: Latias|88/100|[from] Stealth Rock
|turn|6
|
|t:|1625396662
|switch|p2a: Volcarona|Volcarona, M|100/100
|move|p1a: Latias|Calm Mind|p1a: Latias
|-boost|p1a: Latias|spa|1
|-boost|p1a: Latias|spd|1
|
|-weather|Hail|[upkeep]
|-damage|p1a: Latias|82/100|[from] Hail
|-damage|p2a: Volcarona|94/100|[from] Hail
|upkeep
|turn|7
|
|t:|1625396670
|move|p1a: Latias|Calm Mind|p1a: Latias
|-boost|p1a: Latias|spa|1
|-boost|p1a: Latias|spd|1
|move|p2a: Volcarona|Quiver Dance|p2a: Volcarona
|-boost|p2a: Volcarona|spa|1
|-boost|p2a: Volcarona|spd|1
|-boost|p2a: Volcarona|spe|1
|
|-weather|Hail|[upkeep]
|-damage|p2a: Volcarona|88/100|[from] Hail
|-damage|p1a: Latias|76/100|[from] Hail
|upkeep
|turn|8
|
|t:|1625396676
|move|p2a: Volcarona|Quiver Dance|p2a: Volcarona
|-boost|p2a: Volcarona|spa|1
|-boost|p2a: Volcarona|spd|1
|-boost|p2a: Volcarona|spe|1
|move|p1a: Latias|Calm Mind|p1a: Latias
|-boost|p1a: Latias|spa|1
|-boost|p1a: Latias|spd|1
|
|-weather|Hail|[upkeep]
|-damage|p2a: Volcarona|82/100|[from] Hail
|-damage|p1a: Latias|70/100|[from] Hail
|upkeep
|turn|9
|
|t:|1625396689
|move|p2a: Volcarona|Quiver Dance|p2a: Volcarona
|-boost|p2a: Volcarona|spa|1
|-boost|p2a: Volcarona|spd|1
|-boost|p2a: Volcarona|spe|1
|move|p1a: Latias|Stored Power|p2a: Volcarona
|-damage|p2a: Volcarona|39/100
|
|-weather|none
|upkeep
|turn|10
|
|t:|1625396702
|move|p2a: Volcarona|Roost|p2a: Volcarona
|-heal|p2a: Volcarona|90/100
|-singleturn|p2a: Volcarona|move: Roost
|move|p1a: Latias|Roost|p1a: Latias
|-heal|p1a: Latias|100/100
|-singleturn|p1a: Latias|move: Roost
|
|upkeep
|turn|11
|
|t:|1625396708
|move|p2a: Volcarona|Quiver Dance|p2a: Volcarona
|-boost|p2a: Volcarona|spa|1
|-boost|p2a: Volcarona|spd|1
|-boost|p2a: Volcarona|spe|1
|move|p1a: Latias|Stored Power|p2a: Volcarona
|-damage|p2a: Volcarona|51/100
|
|upkeep
|turn|12
|
|t:|1625396714
|move|p2a: Volcarona|Quiver Dance|p2a: Volcarona
|-boost|p2a: Volcarona|spa|1
|-boost|p2a: Volcarona|spd|1
|-boost|p2a: Volcarona|spe|1
|move|p1a: Latias|Calm Mind|p1a: Latias
|-boost|p1a: Latias|spa|1
|-boost|p1a: Latias|spd|1
|
|upkeep
|turn|13
|
|t:|1625396718
|move|p2a: Volcarona|Roost|p2a: Volcarona
|-heal|p2a: Volcarona|100/100
|-singleturn|p2a: Volcarona|move: Roost
|move|p1a: Latias|Calm Mind|p1a: Latias
|-boost|p1a: Latias|spa|1
|-boost|p1a: Latias|spd|1
|
|upkeep
|turn|14
|
|t:|1625396721
|move|p2a: Volcarona|Quiver Dance|p2a: Volcarona
|-boost|p2a: Volcarona|spa|1
|-boost|p2a: Volcarona|spd|1
|-boost|p2a: Volcarona|spe|1
|move|p1a: Latias|Calm Mind|p1a: Latias
|-boost|p1a: Latias|spa|1
|-boost|p1a: Latias|spd|1
|
|upkeep
|turn|15
|
|t:|1625396728
|move|p2a: Volcarona|Flamethrower|p1a: Latias
|-resisted|p1a: Latias
|-damage|p1a: Latias|84/100
|move|p1a: Latias|Stored Power|p2a: Volcarona
|-damage|p2a: Volcarona|13/100
|
|upkeep
|turn|16
|c|☆gaenisalbino|Lol
|
|t:|1625396739
|move|p2a: Volcarona|Roost|p2a: Volcarona
|-heal|p2a: Volcarona|63/100
|-singleturn|p2a: Volcarona|move: Roost
|move|p1a: Latias|Stored Power|p2a: Volcarona
|-damage|p2a: Volcarona|0 fnt
|faint|p2a: Volcarona
|
|upkeep
|
|t:|1625396745
|switch|p2a: Kartana|Kartana|94/100
|turn|17
|
|t:|1625396750
|move|p2a: Kartana|Knock Off|p1a: Latias
|-supereffective|p1a: Latias
|-damage|p1a: Latias|0 fnt
|-enditem|p1a: Latias|Weakness Policy|[from] move: Knock Off|[of] p2a: Kartana
|faint|p1a: Latias
|-ability|p2a: Kartana|Beast Boost|boost
|-boost|p2a: Kartana|atk|1
|
|upkeep
|c|☆Skrafti|lol
|
|t:|1625396770
|switch|p1a: Lycanroc|Lycanroc-Midnight, F, shiny|100/100
|-damage|p1a: Lycanroc|88/100|[from] Stealth Rock
|turn|18
|
|t:|1625396779
|move|p2a: Kartana|Knock Off|p1a: Lycanroc
|-damage|p1a: Lycanroc|0 fnt
|-enditem|p1a: Lycanroc|Weakness Policy|[from] move: Knock Off|[of] p2a: Kartana
|faint|p1a: Lycanroc
|-ability|p2a: Kartana|Beast Boost|boost
|-boost|p2a: Kartana|atk|1
|
|upkeep
|
|t:|1625396788
|switch|p1a: Zeraora|Zeraora|100/100
|-damage|p1a: Zeraora|88/100|[from] Stealth Rock
|turn|19
|
|t:|1625396791
|move|p2a: Kartana|Knock Off|p1a: Zeraora
|-damage|p1a: Zeraora|0 fnt
|-enditem|p1a: Zeraora|Weakness Policy|[from] move: Knock Off|[of] p2a: Kartana
|faint|p1a: Zeraora
|-ability|p2a: Kartana|Beast Boost|boost
|-boost|p2a: Kartana|atk|1
|
|upkeep
|-message|gaenisalbino forfeited.
|
|win|Skrafti
|raw|gaenisalbino's rating: 1206 &rarr; <strong>1179</strong><br />(-27 for losing)
|raw|Skrafti's rating: 1177 &rarr; <strong>1204</strong><br />(+27 for winning)
|l|☆gaenisalbino
|l| Coolcodename
