|j|☆Anibunnysomoney
|j|‽minimax_ai
|t:|1667579694
|gametype|singles
|player|p1|Anibunnysomoney|swimmer-gen4|1393
|player|p2|minimax_ai|169|1424
|teamsize|p1|6
|teamsize|p2|6
|gen|8
|tier|[Gen 8] OU
|rated|
|rule|Sleep Clause Mod: Limit one foe put to sleep
|rule|Species Clause: Limit one of each Pokémon
|rule|OHKO Clause: OHKO moves are banned
|rule|Evasion Items Clause: Evasion items are banned
|rule|Evasion Moves Clause: Evasion moves are banned
|rule|Endless Battle Clause: Forcing endless battles is banned
|rule|HP Percentage Mod: HP is shown in percentages
|rule|Dynamax Clause: You cannot dynamax
|clearpoke
|poke|p1|Mew|
|poke|p1|Skarmory, F|
|poke|p1|Seismitoad, M|
|poke|p1|Tyranitar, M|
|poke|p1|Dragapult, M|
|poke|p1|Heatran, F|
|poke|p2|Rotom-Wash|
|poke|p2|Weavile, F|
|poke|p2|Landorus-Therian, M|
|poke|p2|Heatran, M|
|poke|p2|Tangrowth, F|
|poke|p2|Melmetal|
|teampreview
|
|t:|1667579696
|start
|switch|p1a: Mew|Mew, shiny|100/100
|switch|p2a: Melmetal|Melmetal|100/100
|turn|1
|inactive|Battle timer is ON: inactive players will automatically lose when time's up. (requested by Anibunnysomoney)
|inactive|minimax_ai also wants the timer to be on.
|
|t:|1667579700
|switch|p1a: Skarmory|Skarmory, F|100/100
|move|p2a: Melmetal|Double Iron Bash|p1a: Skarmory
|-resisted|p1a: Skarmory
|-damage|p1a: Skarmory|89/100
|-damage|p2a: Melmetal|84/100|[from] item: Rocky Helmet|[of] p1a: Skarmory
|-resisted|p1a: Skarmory
|-damage|p1a: Skarmory|77/100
|-damage|p2a: Melmetal|67/100|[from] item: Rocky Helmet|[of] p1a: Skarmory
|-hitcount|p1a: Skarmory|2
|
|upkeep
|turn|2
|
|t:|1667579702
|switch|p2a: Rotom|Rotom-Wash|100/100
|move|p1a: Skarmory|Roost|p1a: Skarmory
|-heal|p1a: Skarmory|100/100
|-singleturn|p1a: Skarmory|move: Roost
|
|upkeep
|turn|3
|
|t:|1667579704
|switch|p1a: Seismitoad|Seismitoad, M, shiny|100/100
|move|p2a: Rotom|Nasty Plot|p2a: Rotom
|-boost|p2a: Rotom|spa|2
|
|upkeep
|turn|4
|
|t:|1667579707
|move|p2a: Rotom|Pain Split|p1a: Seismitoad
|-sethp|p1a: Seismitoad|87/100|[from] move: Pain Split|[silent]
|-sethp|p2a: Rotom|100/100|[from] move: Pain Split
|move|p1a: Seismitoad|Toxic|p2a: Rotom
|-status|p2a: Rotom|tox
|
|-damage|p2a: Rotom|94/100 tox|[from] psn
|upkeep
|turn|5
|
|t:|1667579710
|move|p2a: Rotom|Nasty Plot|p2a: Rotom
|-boost|p2a: Rotom|spa|2
|move|p1a: Seismitoad|Stealth Rock|p2a: Rotom
|-sidestart|p2: minimax_ai|move: Stealth Rock
|
|-heal|p2a: Rotom|100/100 tox|[from] item: Leftovers
|-damage|p2a: Rotom|88/100 tox|[from] psn
|upkeep
|turn|6
|
|t:|1667579712
|move|p2a: Rotom|Thunderbolt|p1a: Seismitoad
|-immune|p1a: Seismitoad
|move|p1a: Seismitoad|Knock Off|p2a: Rotom
|-damage|p2a: Rotom|66/100 tox
|-enditem|p2a: Rotom|Leftovers|[from] move: Knock Off|[of] p1a: Seismitoad
|
|-damage|p2a: Rotom|48/100 tox|[from] psn
|upkeep
|turn|7
|
|t:|1667579718
|move|p2a: Rotom|Hydro Pump|p1a: Seismitoad
|-heal|p1a: Seismitoad|100/100|[from] ability: Water Absorb|[of] p2a: Rotom
|move|p1a: Seismitoad|Scald|p2a: Rotom
|-resisted|p2a: Rotom
|-damage|p2a: Rotom|35/100 tox
|
|-damage|p2a: Rotom|10/100 tox|[from] psn
|upkeep
|turn|8
|
|t:|1667579741
|move|p2a: Rotom|Pain Split|p1a: Seismitoad
|-sethp|p1a: Seismitoad|54/100|[from] move: Pain Split|[silent]
|-sethp|p2a: Rotom|73/100 tox|[from] move: Pain Split
|move|p1a: Seismitoad|Knock Off|p2a: Rotom
|-damage|p2a: Rotom|59/100 tox
|
|-damage|p2a: Rotom|28/100 tox|[from] psn
|upkeep
|turn|9
|
|t:|1667579744
|move|p2a: Rotom|Pain Split|p1a: Seismitoad
|-sethp|p1a: Seismitoad|37/100|[from] move: Pain Split|[silent]
|-sethp|p2a: Rotom|50/100 tox|[from] move: Pain Split
|move|p1a: Seismitoad|Scald|p2a: Rotom
|-resisted|p2a: Rotom
|-damage|p2a: Rotom|37/100 tox
|
|-damage|p2a: Rotom|0 fnt|[from] psn
|faint|p2a: Rotom
|upkeep
|
|t:|1667579744
|switch|p2a: Weavile|Weavile, F|100/100
|-damage|p2a: Weavile|76/100|[from] Stealth Rock
|-ability|p2a: Weavile|Pressure
|turn|10
|
|t:|1667579767
|switch|p1a: Skarmory|Skarmory, F|100/100
|move|p2a: Weavile|Triple Axel|p1a: Skarmory
|-damage|p1a: Skarmory|92/100
|-damage|p2a: Weavile|59/100|[from] item: Rocky Helmet|[of] p1a: Skarmory
|-damage|p1a: Skarmory|72/100
|-damage|p2a: Weavile|43/100|[from] item: Rocky Helmet|[of] p1a: Skarmory
|-damage|p1a: Skarmory|47/100
|-damage|p2a: Weavile|26/100|[from] item: Rocky Helmet|[of] p1a: Skarmory
|-hitcount|p1a: Skarmory|3
|
|upkeep
|turn|11
|
|t:|1667579776
|switch|p2a: Tangrowth|Tangrowth, F|100/100
|-damage|p2a: Tangrowth|88/100|[from] Stealth Rock
|move|p1a: Skarmory|Roost|p1a: Skarmory
|-heal|p1a: Skarmory|97/100
|-singleturn|p1a: Skarmory|move: Roost
|
|upkeep
|turn|12
|
|t:|1667579787
|switch|p1a: Seismitoad|Seismitoad, M, shiny|37/100
|move|p2a: Tangrowth|Sleep Powder|p1a: Seismitoad
|-status|p1a: Seismitoad|slp|[from] move: Sleep Powder
|
|upkeep
|turn|13
|
|t:|1667579793
|switch|p1a: Mew|Mew, shiny|100/100
|move|p2a: Tangrowth|Giga Drain|p1a: Mew
|-damage|p1a: Mew|73/100
|-heal|p2a: Tangrowth|99/100|[from] drain|[of] p1a: Mew
|
|upkeep
|turn|14
|
|t:|1667579798
|move|p1a: Mew|Trick|p2a: Tangrowth
|-activate|p1a: Mew|move: Trick|[of] p2a: Tangrowth
|-item|p2a: Tangrowth|Choice Scarf|[from] move: Trick
|-item|p1a: Mew|Rocky Helmet|[from] move: Trick
|move|p2a: Tangrowth|Knock Off|p1a: Mew
|-supereffective|p1a: Mew
|-damage|p1a: Mew|32/100
|-damage|p2a: Tangrowth|83/100|[from] item: Rocky Helmet|[of] p1a: Mew
|-enditem|p1a: Mew|Rocky Helmet|[from] move: Knock Off|[of] p2a: Tangrowth
|
|upkeep
|turn|15
|
|t:|1667579803
|switch|p2a: Melmetal|Melmetal|67/100
|-damage|p2a: Melmetal|61/100|[from] Stealth Rock
|move|p1a: Mew|Ice Beam|p2a: Melmetal
|-resisted|p2a: Melmetal
|-damage|p2a: Melmetal|54/100
|
|upkeep
|turn|16
|
|t:|1667579809
|switch|p1a: Skarmory|Skarmory, F|97/100
|move|p2a: Melmetal|Double Iron Bash|p1a: Skarmory
|-resisted|p1a: Skarmory
|-damage|p1a: Skarmory|86/100
|-damage|p2a: Melmetal|38/100|[from] item: Rocky Helmet|[of] p1a: Skarmory
|-resisted|p1a: Skarmory
|-damage|p1a: Skarmory|74/100
|-damage|p2a: Melmetal|21/100|[from] item: Rocky Helmet|[of] p1a: Skarmory
|-hitcount|p1a: Skarmory|2
|
|upkeep
|turn|17
|
|t:|1667579812
|switch|p2a: Landorus|Landorus-Therian, M|100/100
|-damage|p2a: Landorus|88/100|[from] Stealth Rock
|-ability|p2a: Landorus|Intimidate|boost
|-unboost|p1a: Skarmory|atk|1
|move|p1a: Skarmory|Roost|p1a: Skarmory
|-heal|p1a: Skarmory|100/100
|-singleturn|p1a: Skarmory|move: Roost
|
|-heal|p2a: Landorus|94/100|[from] item: Leftovers
|upkeep
|turn|18
|
|t:|1667579815
|switch|p1a: Mew|Mew, shiny|32/100
|move|p2a: Landorus|Defog|p1a: Mew
|-unboost|p1a: Mew|evasion|1
|-sideend|p2: minimax_ai|Stealth Rock|[from] move: Defog|[of] p2a: Landorus
|
|-heal|p2a: Landorus|99/100|[from] item: Leftovers
|upkeep
|turn|19
|
|t:|1667579816
|move|p1a: Mew|Ice Beam|p2a: Landorus
|-supereffective|p2a: Landorus
|-damage|p2a: Landorus|16/100
|move|p2a: Landorus|Earthquake|p1a: Mew
|-damage|p1a: Mew|0 fnt
|faint|p1a: Mew
|
|-heal|p2a: Landorus|22/100|[from] item: Leftovers
|upkeep
|
|t:|1667579827
|switch|p1a: Dragapult|Dragapult, M, shiny|100/100
|turn|20
|
|t:|1667579832
|switch|p2a: Melmetal|Melmetal|21/100
|move|p1a: Dragapult|U-turn|p2a: Melmetal
|-resisted|p2a: Melmetal
|-crit|p2a: Melmetal
|-damage|p2a: Melmetal|6/100
|
|t:|1667579835
|switch|p1a: Heatran|Heatran, F|100/100|[from]move: U-turn
|
|upkeep
|turn|21
|
|t:|1667579838
|switch|p2a: Heatran|Heatran, M|100/100
|-item|p2a: Heatran|Air Balloon
|move|p1a: Heatran|Earth Power|p2a: Heatran
|-immune|p2a: Heatran
|
|upkeep
|turn|22
|
|t:|1667579842
|switch|p1a: Tyranitar|Tyranitar, M|100/100
|-weather|Sandstorm|[from] ability: Sand Stream|[of] p1a: Tyranitar
|move|p2a: Heatran|Stealth Rock|p1a: Tyranitar
|-sidestart|p1: Anibunnysomoney|move: Stealth Rock
|
|-weather|Sandstorm|[upkeep]
|upkeep
|turn|23
|
|t:|1667579845
|switch|p2a: Tangrowth|Tangrowth, F|100/100
|move|p1a: Tyranitar|Superpower|p2a: Tangrowth
|-damage|p2a: Tangrowth|82/100
|-unboost|p1a: Tyranitar|atk|1
|-unboost|p1a: Tyranitar|def|1
|
|-weather|Sandstorm|[upkeep]
|-damage|p2a: Tangrowth|75/100|[from] Sandstorm
|upkeep
|turn|24
|
|t:|1667579847
|switch|p2a: Heatran|Heatran, M|100/100
|-item|p2a: Heatran|Air Balloon
|move|p1a: Tyranitar|Ice Beam|p2a: Heatran
|-resisted|p2a: Heatran
|-damage|p2a: Heatran|94/100
|-enditem|p2a: Heatran|Air Balloon
|
|-weather|Sandstorm|[upkeep]
|upkeep
|turn|25
|
|t:|1667579849
|move|p2a: Heatran|Earth Power|p1a: Tyranitar
|-supereffective|p1a: Tyranitar
|-damage|p1a: Tyranitar|72/100
|move|p1a: Tyranitar|Superpower|p2a: Heatran
|-supereffective|p2a: Heatran
|-damage|p2a: Heatran|48/100
|-unboost|p1a: Tyranitar|atk|1
|-unboost|p1a: Tyranitar|def|1
|
|-weather|Sandstorm|[upkeep]
|upkeep
|turn|26
|
|t:|1667579855
|switch|p1a: Seismitoad|Seismitoad, M, shiny|37/100 slp
|-damage|p1a: Seismitoad|31/100 slp|[from] Stealth Rock
|move|p2a: Heatran|Earth Power|p1a: Seismitoad
|-damage|p1a: Seismitoad|11/100 slp
|
|-weather|none
|upkeep
|turn|27
|-enditem|p1a: Seismitoad|Custap Berry|[eat]
|-activate|p1a: Seismitoad|item: Custap Berry|[consumed]
|
|t:|1667579862
|cant|p1a: Seismitoad|slp
|move|p2a: Heatran|Earth Power|p1a: Seismitoad
|-damage|p1a: Seismitoad|0 fnt
|faint|p1a: Seismitoad
|
|upkeep
|
|t:|1667579873
|switch|p1a: Tyranitar|Tyranitar, M|72/100
|-damage|p1a: Tyranitar|59/100|[from] Stealth Rock
|-weather|Sandstorm|[from] ability: Sand Stream|[of] p1a: Tyranitar
|turn|28
|
|t:|1667579878
|move|p2a: Heatran|Earth Power|p1a: Tyranitar
|-supereffective|p1a: Tyranitar
|-damage|p1a: Tyranitar|32/100
|move|p1a: Tyranitar|Ice Beam|p2a: Heatran
|-resisted|p2a: Heatran
|-damage|p2a: Heatran|41/100
|
|-weather|Sandstorm|[upkeep]
|upkeep
|turn|29
|
|t:|1667579880
|move|p2a: Heatran|Earth Power|p1a: Tyranitar
|-supereffective|p1a: Tyranitar
|-damage|p1a: Tyranitar|3/100
|move|p1a: Tyranitar|Superpower|p2a: Heatran
|-supereffective|p2a: Heatran
|-crit|p2a: Heatran
|-damage|p2a: Heatran|0 fnt
|-unboost|p1a: Tyranitar|atk|1
|-unboost|p1a: Tyranitar|def|1
|faint|p2a: Heatran
|
|-weather|Sandstorm|[upkeep]
|upkeep
|
|t:|1667579880
|switch|p2a: Weavile|Weavile, F|26/100
|-ability|p2a: Weavile|Pressure
|turn|30
|
|t:|1667579883
|move|p2a: Weavile|Knock Off|p1a: Tyranitar
|-resisted|p1a: Tyranitar
|-damage|p1a: Tyranitar|0 fnt
|-enditem|p1a: Tyranitar|Assault Vest|[from] move: Knock Off|[of] p2a: Weavile
|faint|p1a: Tyranitar
|
|-weather|Sandstorm|[upkeep]
|-damage|p2a: Weavile|20/100|[from] Sandstorm
|upkeep
|
|t:|1667579888
|switch|p1a: Dragapult|Dragapult, M, shiny|100/100
|-damage|p1a: Dragapult|88/100|[from] Stealth Rock
|turn|31
|
|t:|1667579891
|switch|p2a: Melmetal|Melmetal|6/100
|move|p1a: Dragapult|U-turn|p2a: Melmetal
|-resisted|p2a: Melmetal
|-damage|p2a: Melmetal|0 fnt
|faint|p2a: Melmetal
|
|t:|1667579896
|switch|p1a: Skarmory|Skarmory, F|100/100|[from]move: U-turn
|-damage|p1a: Skarmory|88/100|[from] Stealth Rock
|
|-weather|Sandstorm|[upkeep]
|upkeep
|
|t:|1667579896
|switch|p2a: Tangrowth|Tangrowth, F|100/100
|turn|32
|
|t:|1667579910
|switch|p1a: Dragapult|Dragapult, M, shiny|88/100
|-damage|p1a: Dragapult|76/100|[from] Stealth Rock
|move|p2a: Tangrowth|Giga Drain|p1a: Dragapult
|-resisted|p1a: Dragapult
|-damage|p1a: Dragapult|56/100
|
|-weather|none
|upkeep
|turn|33
|
|t:|1667579926
|switch|p2a: Landorus|Landorus-Therian, M|22/100
|-ability|p2a: Landorus|Intimidate|boost
|-fail|p1a: Dragapult|unboost|[from] ability: Clear Body|[of] p1a: Dragapult
|move|p1a: Dragapult|U-turn|p2a: Landorus
|-resisted|p2a: Landorus
|-damage|p2a: Landorus|6/100
|
|t:|1667579930
|switch|p1a: Skarmory|Skarmory, F|88/100|[from]move: U-turn
|-damage|p1a: Skarmory|76/100|[from] Stealth Rock
|
|-heal|p2a: Landorus|12/100|[from] item: Leftovers
|upkeep
|turn|34
|
|t:|1667579933
|switch|p2a: Tangrowth|Tangrowth, F|100/100
|move|p1a: Skarmory|Defog|p2a: Tangrowth
|-unboost|p2a: Tangrowth|evasion|1
|-sideend|p1: Anibunnysomoney|Stealth Rock|[from] move: Defog|[of] p1a: Skarmory
|
|upkeep
|turn|35
|
|t:|1667579936
|switch|p1a: Dragapult|Dragapult, M, shiny|56/100
|move|p2a: Tangrowth|Focus Blast|p1a: Dragapult
|-immune|p1a: Dragapult
|
|upkeep
|turn|36
|
|t:|1667579945
|switch|p2a: Weavile|Weavile, F|20/100
|-ability|p2a: Weavile|Pressure
|move|p1a: Dragapult|U-turn|p2a: Weavile
|-supereffective|p2a: Weavile
|-damage|p2a: Weavile|0 fnt
|faint|p2a: Weavile
|
|t:|1667579950
|switch|p1a: Skarmory|Skarmory, F|76/100|[from]move: U-turn
|
|upkeep
|
|t:|1667579950
|switch|p2a: Tangrowth|Tangrowth, F|100/100
|turn|37
|
|t:|1667579956
|move|p2a: Tangrowth|Focus Blast|p1a: Skarmory
|-damage|p1a: Skarmory|33/100
|move|p1a: Skarmory|Roost|p1a: Skarmory
|-heal|p1a: Skarmory|83/100
|-singleturn|p1a: Skarmory|move: Roost
|
|upkeep
|turn|38
|
|t:|1667579959
|move|p2a: Tangrowth|Focus Blast|p1a: Skarmory
|-damage|p1a: Skarmory|45/100
|move|p1a: Skarmory|Roost|p1a: Skarmory
|-heal|p1a: Skarmory|95/100
|-singleturn|p1a: Skarmory|move: Roost
|
|upkeep
|turn|39
|
|t:|1667579964
|move|p2a: Tangrowth|Focus Blast|p1a: Skarmory
|-damage|p1a: Skarmory|54/100
|move|p1a: Skarmory|Roost|p1a: Skarmory
|-heal|p1a: Skarmory|100/100
|-singleturn|p1a: Skarmory|move: Roost
|
|upkeep
|turn|40
|
|t:|1667579966
|move|p2a: Tangrowth|Focus Blast|p1a: Skarmory
|-damage|p1a: Skarmory|61/100
|move|p1a: Skarmory|Roost|p1a: Skarmory
|-heal|p1a: Skarmory|100/100
|-singleturn|p1a: Skarmory|move: Roost
|
|upkeep
|turn|41
|
|t:|1667579970
|switch|p1a: Dragapult|Dragapult, M, shiny|56/100
|move|p2a: Tangrowth|Focus Blast|p1a: Dragapult
|-immune|p1a: Dragapult
|
|upkeep
|turn|42
|
|t:|1667579972
|move|p1a: Dragapult|Dragon Darts|p2a: Tangrowth
|-damage|p2a: Tangrowth|82/100
|-anim|p1a: Dragapult|Dragon Darts|p2a: Tangrowth
|-damage|p2a: Tangrowth|63/100
|move|p2a: Tangrowth|Focus Blast|p1a: Dragapult
|-immune|p1a: Dragapult
|
|upkeep
|turn|43
|
|t:|1667579974
|switch|p2a: Landorus|Landorus-Therian, M|12/100
|-ability|p2a: Landorus|Intimidate|boost
|-fail|p1a: Dragapult|unboost|[from] ability: Clear Body|[of] p1a: Dragapult
|move|p1a: Dragapult|Dragon Darts|p2a: Landorus
|-damage|p2a: Landorus|0 fnt
|faint|p2a: Landorus
|
|upkeep
|
|t:|1667579974
|switch|p2a: Tangrowth|Tangrowth, F|96/100
|turn|44
|
|t:|1667579978
|switch|p1a: Skarmory|Skarmory, F|100/100
|move|p2a: Tangrowth|Focus Blast|p1a: Skarmory|[miss]
|-miss|p2a: Tangrowth|p1a: Skarmory
|
|upkeep
|turn|45
|
|t:|1667579984
|-activate|p2a: Tangrowth|move: Struggle
|move|p2a: Tangrowth|Struggle|p1a: Skarmory
|-damage|p1a: Skarmory|94/100
|-damage|p2a: Tangrowth|80/100|[from] item: Rocky Helmet|[of] p1a: Skarmory
|-damage|p2a: Tangrowth|55/100|[from] recoil
|move|p1a: Skarmory|Body Press|p2a: Tangrowth
|-damage|p2a: Tangrowth|38/100
|
|upkeep
|turn|46
|
|t:|1667579986
|-activate|p2a: Tangrowth|move: Struggle
|move|p2a: Tangrowth|Struggle|p1a: Skarmory
|-damage|p1a: Skarmory|87/100
|-damage|p2a: Tangrowth|21/100|[from] item: Rocky Helmet|[of] p1a: Skarmory
|-damage|p2a: Tangrowth|0 fnt|[from] recoil
|faint|p2a: Tangrowth
|
|win|Anibunnysomoney
|raw|Anibunnysomoney's rating: 1393 &rarr; <strong>1415</strong><br />(+22 for winning)
|raw|minimax_ai's rating: 1424 &rarr; <strong>1402</strong><br />(-22 for losing)
