|j|☆Seigneur-Fou
|j|☆javimeco6
|t:|1658073088
|gametype|singles
|player|p1|Seigneur-Fou|102|1433
|player|p2|javimeco6|red|1429
|teamsize|p1|6
|teamsize|p2|6
|gen|8
|tier|[Gen 8] OU
|rated|
|rule|Sleep Clause Mod: Limit one foe put to sleep
|rule|Species Clause: Limit one of each Pokémon
|rule|OHKO Clause: OHKO moves are banned
|rule|Evasion Moves Clause: Evasion moves are banned
|rule|Endless Battle Clause: Forcing endless battles is banned
|rule|HP Percentage Mod: HP is shown in percentages
|rule|Dynamax Clause: You cannot dynamax
|clearpoke
|poke|p1|Bisharp, M|
|poke|p1|Ferrothorn, F|
|poke|p1|Zapdos-Galar|
|poke|p1|Heatran, F|
|poke|p1|Dragapult, M|
|poke|p1|Gengar, M|
|poke|p2|Nidoking, M|
|poke|p2|Slowbro, M|
|poke|p2|Ferrothorn, M|
|poke|p2|Blissey, F|
|poke|p2|Dragonite, M|
|poke|p2|Umbreon, M|
|teampreview
|inactive|Battle timer is ON: inactive players will automatically lose when time's up. (requested by Seigneur-Fou)
|
|t:|1658073100
|start
|switch|p1a: Zapdos|Zapdos-Galar|100/100
|switch|p2a: Ferrothorn|Ferrothorn, M, shiny|100/100
|turn|1
|
|t:|1658073107
|switch|p2a: Dragonite|Dragonite, M|100/100
|move|p1a: Zapdos|Close Combat|p2a: Dragonite
|-resisted|p2a: Dragonite
|-damage|p2a: Dragonite|77/100
|-unboost|p1a: Zapdos|def|1
|-unboost|p1a: Zapdos|spd|1
|
|upkeep
|turn|2
|
|t:|1658073117
|move|p1a: Zapdos|Close Combat|p2a: Dragonite
|-resisted|p2a: Dragonite
|-damage|p2a: Dragonite|32/100
|-unboost|p1a: Zapdos|def|1
|-unboost|p1a: Zapdos|spd|1
|move|p2a: Dragonite|Roost|p2a: Dragonite
|-heal|p2a: Dragonite|82/100
|-singleturn|p2a: Dragonite|move: Roost
|
|upkeep
|turn|3
|
|t:|1658073127
|switch|p1a: Gengar|Gengar, M|100/100
|move|p2a: Dragonite|Extreme Speed|p1a: Gengar
|-immune|p1a: Gengar
|
|upkeep
|turn|4
|
|t:|1658073134
|move|p1a: Gengar|Trick|p2a: Dragonite
|-activate|p1a: Gengar|move: Trick|[of] p2a: Dragonite
|-item|p2a: Dragonite|Choice Specs|[from] move: Trick
|-item|p1a: Gengar|Heavy-Duty Boots|[from] move: Trick
|move|p2a: Dragonite|Roost|p2a: Dragonite
|-heal|p2a: Dragonite|100/100
|-singleturn|p2a: Dragonite|move: Roost
|
|upkeep
|turn|5
|
|t:|1658073143
|switch|p2a: Blissey|Blissey, F, shiny|100/100
|move|p1a: Gengar|Shadow Ball|p2a: Blissey
|-immune|p2a: Blissey
|
|upkeep
|turn|6
|
|t:|1658073166
|move|p1a: Gengar|Sludge Wave|p2a: Blissey
|-damage|p2a: Blissey|82/100
|move|p2a: Blissey|Thunder Wave|p1a: Gengar
|-status|p1a: Gengar|par
|
|-heal|p2a: Blissey|88/100|[from] item: Leftovers
|upkeep
|turn|7
|
|t:|1658073175
|move|p1a: Gengar|Sludge Wave|p2a: Blissey
|-damage|p2a: Blissey|69/100
|move|p2a: Blissey|Stealth Rock|p1a: Gengar
|-sidestart|p1: Seigneur-Fou|move: Stealth Rock
|
|-heal|p2a: Blissey|75/100|[from] item: Leftovers
|upkeep
|turn|8
|
|t:|1658073192
|move|p1a: Gengar|Sludge Wave|p2a: Blissey
|-damage|p2a: Blissey|55/100
|move|p2a: Blissey|Soft-Boiled|p2a: Blissey
|-heal|p2a: Blissey|100/100
|
|upkeep
|turn|9
|
|t:|1658073199
|switch|p2a: Ferrothorn|Ferrothorn, M, shiny|100/100
|move|p1a: Gengar|Sludge Wave|p2a: Ferrothorn
|-immune|p2a: Ferrothorn
|
|upkeep
|turn|10
|
|t:|1658073212
|cant|p1a: Gengar|par
|move|p2a: Ferrothorn|Leech Seed|p1a: Gengar
|-start|p1a: Gengar|move: Leech Seed
|
|-damage|p1a: Gengar|88/100 par|[from] Leech Seed|[of] p2a: Ferrothorn
|upkeep
|turn|11
|
|t:|1658073219
|cant|p1a: Gengar|par
|move|p2a: Ferrothorn|Spikes|p1a: Gengar
|-sidestart|p1: Seigneur-Fou|Spikes
|
|-damage|p1a: Gengar|76/100 par|[from] Leech Seed|[of] p2a: Ferrothorn
|upkeep
|turn|12
|
|t:|1658073231
|move|p1a: Gengar|Trick|p2a: Ferrothorn
|-activate|p1a: Gengar|move: Trick|[of] p2a: Ferrothorn
|-item|p2a: Ferrothorn|Heavy-Duty Boots|[from] move: Trick
|-item|p1a: Gengar|Rocky Helmet|[from] move: Trick
|move|p2a: Ferrothorn|Spikes|p1a: Gengar
|-sidestart|p1: Seigneur-Fou|Spikes
|
|-damage|p1a: Gengar|64/100 par|[from] Leech Seed|[of] p2a: Ferrothorn
|upkeep
|turn|13
|
|t:|1658073239
|move|p1a: Gengar|Shadow Ball|p2a: Ferrothorn
|-damage|p2a: Ferrothorn|60/100
|move|p2a: Ferrothorn|Spikes|p1a: Gengar
|-sidestart|p1: Seigneur-Fou|Spikes
|
|-damage|p1a: Gengar|52/100 par|[from] Leech Seed|[of] p2a: Ferrothorn
|-heal|p2a: Ferrothorn|69/100|[silent]
|upkeep
|turn|14
|
|t:|1658073251
|move|p1a: Gengar|Shadow Ball|p2a: Ferrothorn
|-damage|p2a: Ferrothorn|33/100
|move|p2a: Ferrothorn|Knock Off|p1a: Gengar
|-supereffective|p1a: Gengar
|-damage|p1a: Gengar|0 fnt
|-damage|p2a: Ferrothorn|16/100|[from] item: Rocky Helmet|[of] p1a: Gengar
|-enditem|p1a: Gengar|Rocky Helmet|[from] move: Knock Off|[of] p2a: Ferrothorn
|faint|p1a: Gengar
|
|upkeep
|
|t:|1658073266
|switch|p1a: Heatran|Heatran, F|100/100
|-damage|p1a: Heatran|88/100|[from] Stealth Rock
|-damage|p1a: Heatran|63/100|[from] Spikes
|turn|15
|
|t:|1658073276
|switch|p2a: Slowbro|Slowbro, M, shiny|100/100
|move|p1a: Heatran|Stealth Rock|p2a: Slowbro
|-sidestart|p2: javimeco6|move: Stealth Rock
|
|-heal|p1a: Heatran|69/100|[from] item: Leftovers
|upkeep
|turn|16
|
|t:|1658073284
|move|p1a: Heatran|Toxic|p2a: Slowbro
|-status|p2a: Slowbro|tox
|move|p2a: Slowbro|Teleport|p2a: Slowbro
|
|t:|1658073288
|switch|p2a: Umbreon|Umbreon, M|100/100|[from]move: Teleport
|-damage|p2a: Umbreon|88/100|[from] Stealth Rock
|
|-heal|p1a: Heatran|76/100|[from] item: Leftovers
|-heal|p2a: Umbreon|94/100|[from] item: Leftovers
|upkeep
|turn|17
|
|t:|1658073297
|move|p1a: Heatran|Magma Storm|p2a: Umbreon|[miss]
|-miss|p1a: Heatran|p2a: Umbreon
|move|p2a: Umbreon|Heal Bell|p2a: Umbreon
|-activate|p2a: Umbreon|move: Heal Bell
|-curestatus|p2: Slowbro|tox|[msg]
|
|-heal|p1a: Heatran|82/100|[from] item: Leftovers
|-heal|p2a: Umbreon|99/100|[from] item: Leftovers
|upkeep
|turn|18
|
|t:|1658073315
|switch|p2a: Blissey|Blissey, F, shiny|100/100
|-damage|p2a: Blissey|88/100|[from] Stealth Rock
|move|p1a: Heatran|Magma Storm|p2a: Blissey
|-damage|p2a: Blissey|72/100
|-activate|p2a: Blissey|move: Magma Storm|[of] p1a: Heatran
|
|-heal|p1a: Heatran|88/100|[from] item: Leftovers
|-heal|p2a: Blissey|78/100|[from] item: Leftovers
|-damage|p2a: Blissey|65/100|[from] move: Magma Storm|[partiallytrapped]
|upkeep
|turn|19
|
|t:|1658073330
|move|p1a: Heatran|Toxic|p2a: Blissey
|-status|p2a: Blissey|tox
|move|p2a: Blissey|Seismic Toss|p1a: Heatran
|-damage|p1a: Heatran|62/100
|
|-heal|p1a: Heatran|68/100|[from] item: Leftovers
|-heal|p2a: Blissey|72/100 tox|[from] item: Leftovers
|-damage|p2a: Blissey|65/100 tox|[from] psn
|-damage|p2a: Blissey|53/100 tox|[from] move: Magma Storm|[partiallytrapped]
|upkeep
|turn|20
|
|t:|1658073346
|switch|p1a: Ferrothorn|Ferrothorn, F|100/100
|-damage|p1a: Ferrothorn|94/100|[from] Stealth Rock
|-damage|p1a: Ferrothorn|69/100|[from] Spikes
|move|p2a: Blissey|Thunder Wave|p1a: Ferrothorn
|-status|p1a: Ferrothorn|par
|
|-heal|p2a: Blissey|59/100 tox|[from] item: Leftovers
|-heal|p1a: Ferrothorn|75/100 par|[from] item: Leftovers
|-damage|p2a: Blissey|47/100 tox|[from] psn
|-end|p2a: Blissey|Magma Storm|[partiallytrapped]|[silent]
|upkeep
|turn|21
|
|t:|1658073359
|move|p2a: Blissey|Soft-Boiled|p2a: Blissey
|-heal|p2a: Blissey|97/100 tox
|move|p1a: Ferrothorn|Knock Off|p2a: Blissey
|-damage|p2a: Blissey|80/100 tox
|-enditem|p2a: Blissey|Leftovers|[from] move: Knock Off|[of] p1a: Ferrothorn
|
|-heal|p1a: Ferrothorn|82/100 par|[from] item: Leftovers
|-damage|p2a: Blissey|61/100 tox|[from] psn
|upkeep
|turn|22
|
|t:|1658073370
|-curestatus|p2a: Blissey|tox|[from] ability: Natural Cure
|switch|p2a: Slowbro|Slowbro, M, shiny|100/100
|-damage|p2a: Slowbro|88/100|[from] Stealth Rock
|move|p1a: Ferrothorn|Leech Seed|p2a: Slowbro
|-start|p2a: Slowbro|move: Leech Seed
|
|-heal|p2a: Slowbro|94/100|[from] item: Leftovers
|-heal|p1a: Ferrothorn|88/100 par|[from] item: Leftovers
|-damage|p2a: Slowbro|82/100|[from] Leech Seed|[of] p1a: Ferrothorn
|-heal|p1a: Ferrothorn|100/100 par|[silent]
|upkeep
|turn|23
|
|t:|1658073382
|move|p1a: Ferrothorn|Thunder Wave|p2a: Slowbro
|-status|p2a: Slowbro|par
|move|p2a: Slowbro|Teleport|p2a: Slowbro
|
|t:|1658073387
|switch|p2a: Umbreon|Umbreon, M|99/100|[from]move: Teleport
|-damage|p2a: Umbreon|88/100|[from] Stealth Rock
|
|-heal|p2a: Umbreon|94/100|[from] item: Leftovers
|upkeep
|turn|24
|
|t:|1658073394
|move|p2a: Umbreon|Heal Bell|p2a: Umbreon
|-activate|p2a: Umbreon|move: Heal Bell
|-curestatus|p2: Slowbro|par|[msg]
|cant|p1a: Ferrothorn|par
|
|-heal|p2a: Umbreon|99/100|[from] item: Leftovers
|upkeep
|turn|25
|
|t:|1658073403
|switch|p2a: Slowbro|Slowbro, M, shiny|100/100
|-damage|p2a: Slowbro|88/100|[from] Stealth Rock
|move|p1a: Ferrothorn|Spikes|p2a: Slowbro
|-sidestart|p2: javimeco6|Spikes
|
|-heal|p2a: Slowbro|94/100|[from] item: Leftovers
|upkeep
|turn|26
|
|t:|1658073414
|move|p1a: Ferrothorn|Knock Off|p2a: Slowbro
|-supereffective|p2a: Slowbro
|-damage|p2a: Slowbro|68/100
|-enditem|p2a: Slowbro|Leftovers|[from] move: Knock Off|[of] p1a: Ferrothorn
|move|p2a: Slowbro|Teleport|p2a: Slowbro
|
|t:|1658073419
|switch|p2a: Nidoking|Nidoking, M|100/100|[from]move: Teleport
|-damage|p2a: Nidoking|95/100|[from] Stealth Rock
|-damage|p2a: Nidoking|82/100|[from] Spikes
|
|upkeep
|turn|27
|
|t:|1658073431
|switch|p1a: Zapdos|Zapdos-Galar|100/100
|-damage|p1a: Zapdos|88/100|[from] Stealth Rock
|move|p2a: Nidoking|Flamethrower|p1a: Zapdos
|-damage|p1a: Zapdos|54/100
|
|upkeep
|turn|28
|
|t:|1658073442
|switch|p2a: Dragonite|Dragonite, M|100/100
|-damage|p2a: Dragonite|76/100|[from] Stealth Rock
|move|p1a: Zapdos|Brave Bird|p2a: Dragonite
|-damage|p2a: Dragonite|0 fnt
|faint|p2a: Dragonite
|-damage|p1a: Zapdos|24/100|[from] Recoil
|
|upkeep
|
|t:|1658073456
|switch|p2a: Slowbro|Slowbro, M, shiny|100/100
|-damage|p2a: Slowbro|88/100|[from] Stealth Rock
|-damage|p2a: Slowbro|76/100|[from] Spikes
|turn|29
|
|t:|1658073466
|switch|p1a: Ferrothorn|Ferrothorn, F|100/100 par
|-damage|p1a: Ferrothorn|94/100 par|[from] Stealth Rock
|-damage|p1a: Ferrothorn|69/100 par|[from] Spikes
|move|p2a: Slowbro|Ice Beam|p1a: Ferrothorn
|-damage|p1a: Ferrothorn|56/100 par
|
|-heal|p1a: Ferrothorn|62/100 par|[from] item: Leftovers
|upkeep
|turn|30
|
|t:|1658073476
|move|p2a: Slowbro|Future Sight|p1a: Ferrothorn
|-start|p2a: Slowbro|move: Future Sight
|move|p1a: Ferrothorn|Leech Seed|p2a: Slowbro
|-start|p2a: Slowbro|move: Leech Seed
|
|-heal|p1a: Ferrothorn|68/100 par|[from] item: Leftovers
|-damage|p2a: Slowbro|63/100|[from] Leech Seed|[of] p1a: Ferrothorn
|-heal|p1a: Ferrothorn|82/100 par|[silent]
|upkeep
|turn|31
|
|t:|1658073485
|move|p1a: Ferrothorn|Spikes|p2a: Slowbro
|-sidestart|p2: javimeco6|Spikes
|move|p2a: Slowbro|Teleport|p2a: Slowbro
|
|t:|1658073490
|switch|p2a: Nidoking|Nidoking, M|82/100|[from]move: Teleport
|-damage|p2a: Nidoking|76/100|[from] Stealth Rock
|-damage|p2a: Nidoking|60/100|[from] Spikes
|
|-heal|p1a: Ferrothorn|89/100 par|[from] item: Leftovers
|upkeep
|turn|32
|
|t:|1658073504
|switch|p1a: Heatran|Heatran, F|68/100
|-damage|p1a: Heatran|56/100|[from] Stealth Rock
|-damage|p1a: Heatran|31/100|[from] Spikes
|move|p2a: Nidoking|Earth Power|p1a: Heatran
|-supereffective|p1a: Heatran
|-damage|p1a: Heatran|0 fnt
|faint|p1a: Heatran
|
|-hint|Future Sight did not hit because the target is fainted.
|upkeep
|
|t:|1658073523
|switch|p1a: Bisharp|Bisharp, M|100/100
|-damage|p1a: Bisharp|95/100|[from] Stealth Rock
|-damage|p1a: Bisharp|70/100|[from] Spikes
|turn|33
|
|t:|1658073529
|switch|p2a: Ferrothorn|Ferrothorn, M, shiny|16/100
|move|p1a: Bisharp|Sucker Punch||[still]
|-fail|p1a: Bisharp
|
|upkeep
|turn|34
|
|t:|1658073536
|move|p1a: Bisharp|Knock Off|p2a: Ferrothorn
|-damage|p2a: Ferrothorn|0 fnt
|-damage|p1a: Bisharp|58/100|[from] ability: Iron Barbs|[of] p2a: Ferrothorn
|-enditem|p2a: Ferrothorn|Heavy-Duty Boots|[from] move: Knock Off|[of] p1a: Bisharp
|faint|p2a: Ferrothorn
|
|upkeep
|
|t:|1658073562
|switch|p2a: Blissey|Blissey, F, shiny|61/100
|-damage|p2a: Blissey|49/100|[from] Stealth Rock
|-damage|p2a: Blissey|32/100|[from] Spikes
|turn|35
|
|t:|1658073567
|move|p1a: Bisharp|Iron Head|p2a: Blissey
|-damage|p2a: Blissey|0 fnt
|faint|p2a: Blissey
|
|upkeep
|
|t:|1658073573
|switch|p2a: Slowbro|Slowbro, M, shiny|96/100
|-damage|p2a: Slowbro|84/100|[from] Stealth Rock
|-damage|p2a: Slowbro|68/100|[from] Spikes
|turn|36
|
|t:|1658073582
|switch|p1a: Ferrothorn|Ferrothorn, F|89/100 par
|-damage|p1a: Ferrothorn|82/100 par|[from] Stealth Rock
|-damage|p1a: Ferrothorn|57/100 par|[from] Spikes
|move|p2a: Slowbro|Future Sight|p1a: Ferrothorn
|-start|p2a: Slowbro|move: Future Sight
|
|-heal|p1a: Ferrothorn|64/100 par|[from] item: Leftovers
|upkeep
|turn|37
|
|t:|1658073592
|cant|p1a: Ferrothorn|par
|move|p2a: Slowbro|Teleport|p2a: Slowbro
|
|t:|1658073595
|switch|p2a: Nidoking|Nidoking, M|60/100|[from]move: Teleport
|-damage|p2a: Nidoking|54/100|[from] Stealth Rock
|-damage|p2a: Nidoking|37/100|[from] Spikes
|
|-heal|p1a: Ferrothorn|70/100 par|[from] item: Leftovers
|upkeep
|turn|38
|
|t:|1658073617
|move|p2a: Nidoking|Ice Beam|p1a: Ferrothorn
|-damage|p1a: Ferrothorn|51/100 par
|move|p1a: Ferrothorn|Spikes|p2a: Nidoking
|-sidestart|p2: javimeco6|Spikes
|
|-end|p1a: Ferrothorn|move: Future Sight
|-resisted|p1a: Ferrothorn
|-damage|p1a: Ferrothorn|39/100 par
|-heal|p1a: Ferrothorn|45/100 par|[from] item: Leftovers
|upkeep
|turn|39
|
|t:|1658073627
|move|p2a: Nidoking|Ice Beam|p1a: Ferrothorn
|-damage|p1a: Ferrothorn|24/100 par
|cant|p1a: Ferrothorn|par
|
|-heal|p1a: Ferrothorn|30/100 par|[from] item: Leftovers
|upkeep
|turn|40
|
|t:|1658073635
|move|p2a: Nidoking|Ice Beam|p1a: Ferrothorn
|-damage|p1a: Ferrothorn|11/100 par
|cant|p1a: Ferrothorn|par
|
|-heal|p1a: Ferrothorn|17/100 par|[from] item: Leftovers
|upkeep
|turn|41
|
|t:|1658073642
|move|p2a: Nidoking|Ice Beam|p1a: Ferrothorn
|-damage|p1a: Ferrothorn|0 fnt
|faint|p1a: Ferrothorn
|
|upkeep
|
|t:|1658073648
|switch|p1a: Bisharp|Bisharp, M|58/100
|-damage|p1a: Bisharp|52/100|[from] Stealth Rock
|-damage|p1a: Bisharp|27/100|[from] Spikes
|turn|42
|
|t:|1658073655
|switch|p2a: Slowbro|Slowbro, M, shiny|100/100
|-damage|p2a: Slowbro|88/100|[from] Stealth Rock
|-damage|p2a: Slowbro|63/100|[from] Spikes
|move|p1a: Bisharp|Sucker Punch||[still]
|-fail|p1a: Bisharp
|
|upkeep
|turn|43
|
|t:|1658073668
|switch|p1a: Dragapult|Dragapult, M|100/100
|-damage|p1a: Dragapult|88/100|[from] Stealth Rock
|-damage|p1a: Dragapult|63/100|[from] Spikes
|move|p2a: Slowbro|Ice Beam|p1a: Dragapult
|-supereffective|p1a: Dragapult
|-crit|p1a: Dragapult
|-damage|p1a: Dragapult|0 fnt
|faint|p1a: Dragapult
|
|upkeep
|
|t:|1658073684
|switch|p1a: Bisharp|Bisharp, M|27/100
|-damage|p1a: Bisharp|21/100|[from] Stealth Rock
|-damage|p1a: Bisharp|0 fnt|[from] Spikes
|faint|p1a: Bisharp
|
|t:|1658073689
|switch|p1a: Zapdos|Zapdos-Galar|24/100
|-damage|p1a: Zapdos|11/100|[from] Stealth Rock
|turn|44
|
|t:|1658073695
|move|p1a: Zapdos|U-turn|p2a: Slowbro
|-supereffective|p2a: Slowbro
|-damage|p2a: Slowbro|16/100
|move|p2a: Slowbro|Ice Beam|p1a: Zapdos
|-supereffective|p1a: Zapdos
|-damage|p1a: Zapdos|0 fnt
|faint|p1a: Zapdos
|
|win|javimeco6
|raw|Seigneur-Fou's rating: 1433 &rarr; <strong>1413</strong><br />(-20 for losing)
|raw|javimeco6's rating: 1429 &rarr; <strong>1449</strong><br />(+20 for winning)
|l|☆Seigneur-Fou
||Ladder isn't responding, score probably updated but might not have (Request timeout).
