|j|☆Steve Omelette
|j|☆MagicShiba
|t:|1667687384
|gametype|singles
|player|p1|Steve Omelette|102|1616
|player|p2|MagicShiba|falkner-gen2|1581
|teamsize|p1|6
|teamsize|p2|6
|gen|8
|tier|[Gen 8] OU
|rated|
|rule|Sleep Clause Mod: Limit one foe put to sleep
|rule|Species Clause: Limit one of each Pokémon
|rule|OHKO Clause: OHKO moves are banned
|rule|Evasion Items Clause: Evasion items are banned
|rule|Evasion Moves Clause: Evasion moves are banned
|rule|Endless Battle Clause: Forcing endless battles is banned
|rule|HP Percentage Mod: HP is shown in percentages
|rule|Dynamax Clause: You cannot dynamax
|clearpoke
|poke|p1|Rillaboom, M|
|poke|p1|Tornadus-Therian, M|
|poke|p1|Blaziken, F|
|poke|p1|Melmetal|
|poke|p1|Garchomp, M|
|poke|p1|Slowbro, M|
|poke|p2|Weavile, F|
|poke|p2|Kartana|
|poke|p2|Landorus-Therian, M|
|poke|p2|Melmetal|
|poke|p2|Dragonite, M|
|poke|p2|Volcanion|
|teampreview
|
|t:|1667687395
|start
|switch|p1a: Melmetal|Melmetal|100/100
|switch|p2a: Shelby|Weavile, F|100/100
|-ability|p2a: Shelby|Pressure
|turn|1
|
|t:|1667687405
|switch|p2a: El Professor|Landorus-Therian, M|100/100
|-ability|p2a: El Professor|Intimidate|boost
|-unboost|p1a: Melmetal|atk|1
|move|p1a: Melmetal|Double Iron Bash|p2a: El Professor
|-damage|p2a: El Professor|73/100
|-damage|p2a: El Professor|44/100
|-hitcount|p2a: El Professor|2
|-enditem|p2a: El Professor|Eject Button
|
|t:|1667687411
|switch|p2a: Volcanion|Volcanion|100/100
|
|upkeep
|turn|2
|
|t:|1667687419
|switch|p1a: Garchomp|Garchomp, M|100/100
|move|p2a: Volcanion|Steam Eruption|p1a: Garchomp
|-damage|p1a: Garchomp|64/100
|
|-heal|p1a: Garchomp|70/100|[from] item: Leftovers
|upkeep
|turn|3
|j| lfgNitro
|
|t:|1667687451
|switch|p2a: Arnold|Melmetal|100/100
|move|p1a: Garchomp|Toxic|p2a: Arnold
|-immune|p2a: Arnold
|
|-heal|p1a: Garchomp|76/100|[from] item: Leftovers
|upkeep
|turn|4
|
|t:|1667687463
|move|p1a: Garchomp|Protect|p1a: Garchomp
|-singleturn|p1a: Garchomp|Protect
|move|p2a: Arnold|Double Iron Bash|p1a: Garchomp
|-activate|p1a: Garchomp|move: Protect
|
|-heal|p1a: Garchomp|83/100|[from] item: Leftovers
|upkeep
|turn|5
|
|t:|1667687486
|switch|p1a: Slowbro|Slowbro, M|100/100
|move|p2a: Arnold|Double Iron Bash|p1a: Slowbro
|-resisted|p1a: Slowbro
|-damage|p1a: Slowbro|87/100
|-damage|p2a: Arnold|84/100|[from] item: Rocky Helmet|[of] p1a: Slowbro
|-resisted|p1a: Slowbro
|-damage|p1a: Slowbro|73/100
|-damage|p2a: Arnold|67/100|[from] item: Rocky Helmet|[of] p1a: Slowbro
|-hitcount|p1a: Slowbro|2
|
|upkeep
|turn|6
|
|t:|1667687494
|switch|p2a: Shelby|Weavile, F|100/100
|-ability|p2a: Shelby|Pressure
|move|p1a: Slowbro|Teleport|p1a: Slowbro
|
|t:|1667687499
|switch|p1a: Melmetal|Melmetal|100/100|[from]move: Teleport
|
|upkeep
|turn|7
|
|t:|1667687505
|switch|p2a: Volcanion|Volcanion|100/100
|move|p1a: Melmetal|Double Iron Bash|p2a: Volcanion
|-resisted|p2a: Volcanion
|-damage|p2a: Volcanion|90/100
|-resisted|p2a: Volcanion
|-damage|p2a: Volcanion|81/100
|-hitcount|p2a: Volcanion|2
|
|upkeep
|turn|8
|
|t:|1667687511
|move|p1a: Melmetal|Protect|p1a: Melmetal
|-singleturn|p1a: Melmetal|Protect
|move|p2a: Volcanion|Steam Eruption|p1a: Melmetal
|-activate|p1a: Melmetal|move: Protect
|
|upkeep
|turn|9
|
|t:|1667687514
|switch|p1a: Garchomp|Garchomp, M|83/100
|move|p2a: Volcanion|Steam Eruption|p1a: Garchomp
|-crit|p1a: Garchomp
|-damage|p1a: Garchomp|21/100
|-status|p1a: Garchomp|brn
|
|-heal|p1a: Garchomp|27/100 brn|[from] item: Leftovers
|-damage|p1a: Garchomp|21/100 brn|[from] brn
|upkeep
|turn|10
|
|t:|1667687525
|move|p2a: Volcanion|Steam Eruption|p1a: Garchomp
|-damage|p1a: Garchomp|0 fnt
|faint|p1a: Garchomp
|
|upkeep
|
|t:|1667687529
|switch|p1a: Rillaboom|Rillaboom, M|100/100
|-fieldstart|move: Grassy Terrain|[from] ability: Grassy Surge|[of] p1a: Rillaboom
|turn|11
|
|t:|1667687538
|move|p2a: Volcanion|Flamethrower|p1a: Rillaboom
|-supereffective|p1a: Rillaboom
|-damage|p1a: Rillaboom|0 fnt
|faint|p1a: Rillaboom
|
|-heal|p2a: Volcanion|87/100|[from] Grassy Terrain
|upkeep
|-message|Steve Omelette forfeited.
|
|win|MagicShiba
|raw|Steve Omelette's rating: 1616 &rarr; <strong>1594</strong><br />(-22 for losing)
|raw|MagicShiba's rating: 1581 &rarr; <strong>1603</strong><br />(+22 for winning)
|l|☆Steve Omelette
||Ladder isn't responding, score probably updated but might not have (Request timeout).
