|j|☆LT71LX Dank
|j|☆Shootingwolf
|t:|1597239125
|player|p1|LT71LX Dank|viola|1664
|player|p2|Shootingwolf|erika|1597
|teamsize|p1|6
|teamsize|p2|6
|gametype|singles
|gen|8
|tier|[Gen 8] OU
|rated|
|clearpoke
|poke|p1|Ditto|
|poke|p1|Gastrodon-East, F|
|poke|p1|Corviknight, F|
|poke|p1|Clefable, F|
|poke|p1|Toxapex, M|
|poke|p1|Kyurem|
|poke|p2|Volcarona, M|
|poke|p2|Mandibuzz, F|
|poke|p2|Chansey, F|
|poke|p2|Weezing-Galar, F|
|poke|p2|Dragapult, F|
|poke|p2|Urshifu-*, F|
|rule|Sleep Clause Mod: Limit one foe put to sleep
|rule|Species Clause: Limit one of each Pokémon
|rule|OHKO Clause: OHKO moves are banned
|rule|Evasion Moves Clause: Evasion moves are banned
|rule|Endless Battle Clause: Forcing endless battles is banned
|rule|HP Percentage Mod: HP is shown in percentages
|rule|Dynamax Clause: You cannot dynamax
|teampreview
|inactive|Battle timer is ON: inactive players will automatically lose when time's up. (requested by LT71LX Dank)
|
|t:|1597239162
|start
|switch|p1a: Clefable|Clefable, F|100/100
|switch|p2a: Dragapult|Dragapult, F, shiny|100/100
|turn|1
|
|t:|1597239167
|move|p2a: Dragapult|U-turn|p1a: Clefable
|-resisted|p1a: Clefable
|-damage|p1a: Clefable|94/100
|
|t:|1597239180
|switch|p2a: Weezing|Weezing-Galar, F, shiny|100/100|[from]move: U-turn
|-ability|p2a: Weezing|Neutralizing Gas
|move|p1a: Clefable|Stealth Rock|p2a: Weezing
|-sidestart|p2: Shootingwolf|move: Stealth Rock
|
|-heal|p1a: Clefable|99/100|[from] item: Leftovers
|upkeep
|turn|2
|
|t:|1597239192
|move|p1a: Clefable|Knock Off|p2a: Weezing
|-resisted|p2a: Weezing
|-damage|p2a: Weezing|96/100
|-enditem|p2a: Weezing|Black Sludge|[from] move: Knock Off|[of] p1a: Clefable
|move|p2a: Weezing|Will-O-Wisp|p1a: Clefable
|-status|p1a: Clefable|brn
|
|-heal|p1a: Clefable|100/100 brn|[from] item: Leftovers
|-damage|p1a: Clefable|94/100 brn|[from] brn
|upkeep
|turn|3
|
|t:|1597239212
|switch|p1a: Toxapex|Toxapex, M|100/100
|move|p2a: Weezing|Strange Steam|p1a: Toxapex
|-resisted|p1a: Toxapex
|-damage|p1a: Toxapex|90/100
|-start|p1a: Toxapex|confusion
|
|upkeep
|turn|4
|
|t:|1597239217
|move|p2a: Weezing|Will-O-Wisp|p1a: Toxapex|[miss]
|-miss|p2a: Weezing|p1a: Toxapex
|-activate|p1a: Toxapex|confusion
|move|p1a: Toxapex|Scald|p2a: Weezing
|-damage|p2a: Weezing|74/100
|-status|p2a: Weezing|brn
|
|-damage|p2a: Weezing|68/100 brn|[from] brn
|upkeep
|turn|5
|
|t:|1597239228
|switch|p2a: Chansey|Chansey, F, shiny|100/100
|-damage|p2a: Chansey|88/100|[from] Stealth Rock
|switch|p1a: Clefable|Clefable, F|94/100 brn
|
|-heal|p1a: Clefable|100/100 brn|[from] item: Leftovers
|upkeep
|turn|6
|
|t:|1597239238
|switch|p1a: Kyurem|Kyurem|100/100
|-ability|p1a: Kyurem|Pressure
|move|p2a: Chansey|Stealth Rock|p1a: Kyurem
|-sidestart|p1: LT71LX Dank|move: Stealth Rock
|
|upkeep
|turn|7
|
|t:|1597239246
|move|p1a: Kyurem|Substitute|p1a: Kyurem
|-start|p1a: Kyurem|Substitute
|-damage|p1a: Kyurem|76/100
|move|p2a: Chansey|Seismic Toss|p1a: Kyurem
|-end|p1a: Kyurem|Substitute
|
|upkeep
|turn|8
|
|t:|1597239252
|move|p1a: Kyurem|Substitute|p1a: Kyurem
|-start|p1a: Kyurem|Substitute
|-damage|p1a: Kyurem|51/100
|move|p2a: Chansey|Seismic Toss|p1a: Kyurem
|-end|p1a: Kyurem|Substitute
|
|upkeep
|turn|9
|
|t:|1597239257
|move|p1a: Kyurem|Roost|p1a: Kyurem
|-heal|p1a: Kyurem|100/100
|-singleturn|p1a: Kyurem|move: Roost
|move|p2a: Chansey|Seismic Toss|p1a: Kyurem
|-damage|p1a: Kyurem|75/100
|
|upkeep
|turn|10
|
|t:|1597239261
|move|p1a: Kyurem|Substitute|p1a: Kyurem
|-start|p1a: Kyurem|Substitute
|-damage|p1a: Kyurem|50/100
|move|p2a: Chansey|Seismic Toss|p1a: Kyurem
|-end|p1a: Kyurem|Substitute
|
|upkeep
|turn|11
|
|t:|1597239265
|move|p1a: Kyurem|Substitute|p1a: Kyurem
|-start|p1a: Kyurem|Substitute
|-damage|p1a: Kyurem|25/100
|move|p2a: Chansey|Seismic Toss|p1a: Kyurem
|-end|p1a: Kyurem|Substitute
|
|upkeep
|turn|12
|
|t:|1597239269
|move|p1a: Kyurem|Roost|p1a: Kyurem
|-heal|p1a: Kyurem|75/100
|-singleturn|p1a: Kyurem|move: Roost
|move|p2a: Chansey|Toxic|p1a: Kyurem
|-status|p1a: Kyurem|tox
|
|-damage|p1a: Kyurem|69/100 tox|[from] psn
|upkeep
|turn|13
|
|t:|1597239285
|switch|p1a: Clefable|Clefable, F|100/100 brn
|switch|p2a: Weezing|Weezing-Galar, F, shiny|68/100 brn
|-ability|p2a: Weezing|Neutralizing Gas
|-damage|p2a: Weezing|55/100 brn|[from] Stealth Rock
|
|-damage|p1a: Clefable|94/100 brn|[from] brn
|-damage|p2a: Weezing|49/100 brn|[from] brn
|upkeep
|turn|14
|
|t:|1597239290
|move|p2a: Weezing|Pain Split|p1a: Clefable
|-sethp|p1a: Clefable|68/100 brn|[from] move: Pain Split|[silent]
|-sethp|p2a: Weezing|80/100 brn|[from] move: Pain Split
|move|p1a: Clefable|Moonblast|p2a: Weezing
|-resisted|p2a: Weezing
|-damage|p2a: Weezing|60/100 brn
|-unboost|p2a: Weezing|spa|1
|
|-heal|p1a: Clefable|74/100 brn|[from] item: Leftovers
|-damage|p1a: Clefable|68/100 brn|[from] brn
|-damage|p2a: Weezing|54/100 brn|[from] brn
|upkeep
|turn|15
|
|t:|1597239297
|move|p2a: Weezing|Pain Split|p1a: Clefable
|-sethp|p1a: Clefable|57/100 brn|[from] move: Pain Split|[silent]
|-sethp|p2a: Weezing|67/100 brn|[from] move: Pain Split
|move|p1a: Clefable|Moonblast|p2a: Weezing
|-resisted|p2a: Weezing
|-damage|p2a: Weezing|46/100 brn
|
|-heal|p1a: Clefable|63/100 brn|[from] item: Leftovers
|-damage|p1a: Clefable|57/100 brn|[from] brn
|-damage|p2a: Weezing|40/100 brn|[from] brn
|upkeep
|turn|16
|
|t:|1597239306
|switch|p2a: Volcarona|Volcarona, M, shiny|100/100
|move|p1a: Clefable|Moonblast|p2a: Volcarona
|-resisted|p2a: Volcarona
|-damage|p2a: Volcarona|87/100
|
|-heal|p1a: Clefable|63/100 brn|[from] item: Leftovers
|upkeep
|turn|17
|
|t:|1597239321
|move|p2a: Volcarona|Quiver Dance|p2a: Volcarona
|-boost|p2a: Volcarona|spa|1
|-boost|p2a: Volcarona|spd|1
|-boost|p2a: Volcarona|spe|1
|move|p1a: Clefable|Knock Off|p2a: Volcarona
|-damage|p2a: Volcarona|77/100
|-enditem|p2a: Volcarona|Heavy-Duty Boots|[from] move: Knock Off|[of] p1a: Clefable
|
|-heal|p1a: Clefable|69/100 brn|[from] item: Leftovers
|upkeep
|turn|18
|
|t:|1597239329
|switch|p1a: Toxapex|Toxapex, M|100/100
|-damage|p1a: Toxapex|88/100|[from] Stealth Rock
|move|p2a: Volcarona|Fiery Dance|p1a: Toxapex
|-resisted|p1a: Toxapex
|-damage|p1a: Toxapex|65/100
|-boost|p2a: Volcarona|spa|1
|
|upkeep
|turn|19
|
|t:|1597239333
|switch|p1a: Gastrodon|Gastrodon-East, F|100/100
|-damage|p1a: Gastrodon|94/100|[from] Stealth Rock
|move|p2a: Volcarona|Psychic|p1a: Gastrodon
|-damage|p1a: Gastrodon|58/100
|
|upkeep
|turn|20
|
|t:|1597239341
|switch|p2a: Weezing|Weezing-Galar, F, shiny|40/100 brn
|-ability|p2a: Weezing|Neutralizing Gas
|-damage|p2a: Weezing|28/100 brn|[from] Stealth Rock
|move|p1a: Gastrodon|Recover|p1a: Gastrodon
|-heal|p1a: Gastrodon|100/100
|
|-damage|p2a: Weezing|22/100 brn|[from] brn
|upkeep
|turn|21
|
|t:|1597239347
|move|p2a: Weezing|Pain Split|p1a: Gastrodon
|-sethp|p1a: Gastrodon|59/100|[from] move: Pain Split|[silent]
|-sethp|p2a: Weezing|75/100 brn|[from] move: Pain Split
|move|p1a: Gastrodon|Earthquake|p2a: Weezing
|-supereffective|p2a: Weezing
|-damage|p2a: Weezing|39/100 brn
|
|-damage|p2a: Weezing|33/100 brn|[from] brn
|upkeep
|turn|22
|
|t:|1597239352
|move|p2a: Weezing|Pain Split|p1a: Gastrodon
|-sethp|p1a: Gastrodon|43/100|[from] move: Pain Split|[silent]
|-sethp|p2a: Weezing|54/100 brn|[from] move: Pain Split
|move|p1a: Gastrodon|Earthquake|p2a: Weezing
|-supereffective|p2a: Weezing
|-damage|p2a: Weezing|18/100 brn
|
|-damage|p2a: Weezing|12/100 brn|[from] brn
|upkeep
|turn|23
|
|t:|1597239359
|move|p2a: Weezing|Pain Split|p1a: Gastrodon
|-sethp|p1a: Gastrodon|26/100|[from] move: Pain Split|[silent]
|-sethp|p2a: Weezing|33/100 brn|[from] move: Pain Split
|move|p1a: Gastrodon|Recover|p1a: Gastrodon
|-heal|p1a: Gastrodon|76/100
|
|-damage|p2a: Weezing|27/100 brn|[from] brn
|upkeep
|turn|24
|
|t:|1597239362
|move|p2a: Weezing|Pain Split|p1a: Gastrodon
|-sethp|p1a: Gastrodon|48/100|[from] move: Pain Split|[silent]
|-sethp|p2a: Weezing|62/100 brn|[from] move: Pain Split
|move|p1a: Gastrodon|Earthquake|p2a: Weezing
|-supereffective|p2a: Weezing
|-damage|p2a: Weezing|22/100 brn
|
|-damage|p2a: Weezing|16/100 brn|[from] brn
|upkeep
|turn|25
|
|t:|1597239366
|move|p2a: Weezing|Strange Steam|p1a: Gastrodon
|-damage|p1a: Gastrodon|31/100
|move|p1a: Gastrodon|Earthquake|p2a: Weezing
|-supereffective|p2a: Weezing
|-damage|p2a: Weezing|0 fnt
|faint|p2a: Weezing
|
|upkeep
|
|t:|1597239375
|switch|p2a: Dragapult|Dragapult, F, shiny|100/100
|-damage|p2a: Dragapult|88/100|[from] Stealth Rock
|turn|26
|
|t:|1597239377
|move|p2a: Dragapult|Shadow Ball|p1a: Gastrodon
|-damage|p1a: Gastrodon|0 fnt
|faint|p1a: Gastrodon
|
|upkeep
|
|t:|1597239392
|switch|p1a: Toxapex|Toxapex, M|99/100
|-damage|p1a: Toxapex|86/100|[from] Stealth Rock
|turn|27
|
|t:|1597239397
|switch|p2a: Chansey|Chansey, F, shiny|88/100
|-damage|p2a: Chansey|76/100|[from] Stealth Rock
|move|p1a: Toxapex|Knock Off|p2a: Chansey
|-damage|p2a: Chansey|67/100
|-enditem|p2a: Chansey|Eviolite|[from] move: Knock Off|[of] p1a: Toxapex
|
|upkeep
|turn|28
|
|t:|1597239402
|switch|p1a: Clefable|Clefable, F|69/100 brn
|move|p2a: Chansey|Soft-Boiled|p2a: Chansey
|-heal|p2a: Chansey|100/100
|
|-heal|p1a: Clefable|75/100 brn|[from] item: Leftovers
|upkeep
|turn|29
|
|t:|1597239409
|switch|p2a: Volcarona|Volcarona, M, shiny|77/100
|-damage|p2a: Volcarona|27/100|[from] Stealth Rock
|move|p1a: Clefable|Moonblast|p2a: Volcarona
|-resisted|p2a: Volcarona
|-damage|p2a: Volcarona|14/100
|
|-heal|p1a: Clefable|81/100 brn|[from] item: Leftovers
|upkeep
|turn|30
|
|t:|1597239418
|move|p2a: Volcarona|Roost|p2a: Volcarona
|-heal|p2a: Volcarona|64/100
|-singleturn|p2a: Volcarona|move: Roost
|move|p1a: Clefable|Moonblast|p2a: Volcarona
|-resisted|p2a: Volcarona
|-damage|p2a: Volcarona|49/100
|
|-heal|p1a: Clefable|87/100 brn|[from] item: Leftovers
|upkeep
|turn|31
|
|t:|1597239434
|switch|p1a: Toxapex|Toxapex, M|100/100
|-damage|p1a: Toxapex|88/100|[from] Stealth Rock
|move|p2a: Volcarona|Roost|p2a: Volcarona
|-heal|p2a: Volcarona|99/100
|-singleturn|p2a: Volcarona|move: Roost
|
|upkeep
|turn|32
|
|t:|1597239444
|move|p2a: Volcarona|Quiver Dance|p2a: Volcarona
|-boost|p2a: Volcarona|spa|1
|-boost|p2a: Volcarona|spd|1
|-boost|p2a: Volcarona|spe|1
|move|p1a: Toxapex|Scald|p2a: Volcarona
|-supereffective|p2a: Volcarona
|-damage|p2a: Volcarona|79/100
|
|upkeep
|turn|33
|
|t:|1597239449
|move|p2a: Volcarona|Psychic|p1a: Toxapex
|-supereffective|p1a: Toxapex
|-damage|p1a: Toxapex|22/100
|-unboost|p1a: Toxapex|spd|1
|move|p1a: Toxapex|Scald|p2a: Volcarona
|-supereffective|p2a: Volcarona
|-damage|p2a: Volcarona|61/100
|
|upkeep
|turn|34
|
|t:|1597239454
|move|p2a: Volcarona|Fiery Dance|p1a: Toxapex
|-resisted|p1a: Toxapex
|-damage|p1a: Toxapex|0 fnt
|-boost|p2a: Volcarona|spa|1
|faint|p1a: Toxapex
|
|upkeep
|
|t:|1597239459
|switch|p1a: Ditto|Ditto|100/100
|-damage|p1a: Ditto|88/100|[from] Stealth Rock
|-transform|p1a: Ditto|p2a: Volcarona|[from] ability: Imposter
|turn|35
|j| papy lince
|
|t:|1597239464
|move|p1a: Ditto|Fiery Dance|p2a: Volcarona
|-damage|p2a: Volcarona|18/100
|-boost|p1a: Ditto|spa|1
|move|p2a: Volcarona|Fiery Dance|p1a: Ditto
|-damage|p1a: Ditto|36/100
|-boost|p2a: Volcarona|spa|1
|
|upkeep
|turn|36
|l| papy lince
|
|t:|1597239484
|switch|p2a: Chansey|Chansey, F, shiny|100/100
|-damage|p2a: Chansey|88/100|[from] Stealth Rock
|move|p1a: Ditto|Fiery Dance|p2a: Chansey
|-damage|p2a: Chansey|44/100
|
|upkeep
|turn|37
|
|t:|1597239490
|move|p1a: Ditto|Fiery Dance|p2a: Chansey
|-damage|p2a: Chansey|0 fnt
|-boost|p1a: Ditto|spa|1
|faint|p2a: Chansey
|
|upkeep
|
|t:|1597239499
|switch|p2a: Urshifu|Urshifu-Rapid-Strike, F|100/100
|-damage|p2a: Urshifu|94/100|[from] Stealth Rock
|turn|38
|
|t:|1597239508
|switch|p1a: Clefable|Clefable, F|87/100 brn
|move|p2a: Urshifu|Aqua Jet|p1a: Clefable
|-damage|p1a: Clefable|62/100 brn
|
|-heal|p1a: Clefable|68/100 brn|[from] item: Leftovers
|upkeep
|turn|39
|
|t:|1597239518
|switch|p2a: Landorustwo|Mandibuzz, F, shiny|100/100
|move|p1a: Clefable|Moonblast|p2a: Landorustwo
|-supereffective|p2a: Landorustwo
|-damage|p2a: Landorustwo|45/100
|
|-heal|p1a: Clefable|74/100 brn|[from] item: Leftovers
|upkeep
|turn|40
|
|t:|1597239522
|move|p2a: Landorustwo|Defog|p1a: Clefable
|-unboost|p1a: Clefable|evasion|1
|-sideend|p1: LT71LX Dank|Stealth Rock|[from] move: Defog|[of] p2a: Landorustwo
|-sideend|p2: Shootingwolf|Stealth Rock|[from] move: Defog|[of] p2a: Landorustwo
|move|p1a: Clefable|Moonblast|p2a: Landorustwo
|-supereffective|p2a: Landorustwo
|-damage|p2a: Landorustwo|0 fnt
|faint|p2a: Landorustwo
|
|-heal|p1a: Clefable|80/100 brn|[from] item: Leftovers
|upkeep
|
|t:|1597239524
|switch|p2a: Volcarona|Volcarona, M, shiny|18/100
|turn|41
|
|t:|1597239532
|move|p2a: Volcarona|Roost|p2a: Volcarona
|-heal|p2a: Volcarona|68/100
|-singleturn|p2a: Volcarona|move: Roost
|move|p1a: Clefable|Stealth Rock|p2a: Volcarona
|-sidestart|p2: Shootingwolf|move: Stealth Rock
|
|-heal|p1a: Clefable|87/100 brn|[from] item: Leftovers
|upkeep
|turn|42
|
|t:|1597239542
|switch|p1a: Kyurem|Kyurem|69/100 tox
|-ability|p1a: Kyurem|Pressure
|move|p2a: Volcarona|Roost|p2a: Volcarona
|-heal|p2a: Volcarona|100/100
|-singleturn|p2a: Volcarona|move: Roost
|
|-damage|p1a: Kyurem|63/100 tox|[from] psn
|upkeep
|turn|43
|
|t:|1597239551
|move|p1a: Kyurem|Icicle Spear|p2a: Volcarona
|-resisted|p2a: Volcarona
|-damage|p2a: Volcarona|91/100
|-resisted|p2a: Volcarona
|-damage|p2a: Volcarona|82/100
|-resisted|p2a: Volcarona
|-damage|p2a: Volcarona|74/100
|-resisted|p2a: Volcarona
|-damage|p2a: Volcarona|65/100
|-hitcount|p2a: Volcarona|4
|move|p2a: Volcarona|Quiver Dance|p2a: Volcarona
|-boost|p2a: Volcarona|spa|1
|-boost|p2a: Volcarona|spd|1
|-boost|p2a: Volcarona|spe|1
|
|-damage|p1a: Kyurem|51/100 tox|[from] psn
|upkeep
|turn|44
|
|t:|1597239561
|move|p2a: Volcarona|Roost|p2a: Volcarona
|-heal|p2a: Volcarona|100/100
|-singleturn|p2a: Volcarona|move: Roost
|move|p1a: Kyurem|Icicle Spear|p2a: Volcarona
|-resisted|p2a: Volcarona
|-damage|p2a: Volcarona|92/100
|-resisted|p2a: Volcarona
|-damage|p2a: Volcarona|83/100
|-hitcount|p2a: Volcarona|2
|
|-damage|p1a: Kyurem|32/100 tox|[from] psn
|upkeep
|turn|45
|
|t:|1597239569
|switch|p1a: Ditto|Ditto|36/100
|-transform|p1a: Ditto|p2a: Volcarona|[from] ability: Imposter
|move|p2a: Volcarona|Fiery Dance|p1a: Ditto
|-damage|p1a: Ditto|0 fnt
|-boost|p2a: Volcarona|spa|1
|faint|p1a: Ditto
|
|upkeep
|-message|LT71LX Dank forfeited.
|
|win|Shootingwolf
|l|☆LT71LX Dank
