|j|☆Chikami
|j|☆GGeorgie
|t:|1632093716
|gametype|singles
|player|p1|Chikami|ethan|1655
|player|p2|GGeorgie|hiker-gen2|1729
|teamsize|p1|6
|teamsize|p2|6
|gen|8
|tier|[Gen 8] OU
|rated|
|rule|Sleep Clause Mod: Limit one foe put to sleep
|rule|Species Clause: Limit one of each Pokémon
|rule|OHKO Clause: OHKO moves are banned
|rule|Evasion Moves Clause: Evasion moves are banned
|rule|Endless Battle Clause: Forcing endless battles is banned
|rule|HP Percentage Mod: HP is shown in percentages
|rule|Dynamax Clause: You cannot dynamax
|clearpoke
|poke|p1|Mew|
|poke|p1|Ninetales-Alola, M|
|poke|p1|Garchomp, F|
|poke|p1|Magnezone|
|poke|p1|Urshifu-*, F|
|poke|p1|Kartana|
|poke|p2|Nidoqueen, F|
|poke|p2|Tyranitar, M|
|poke|p2|Jellicent, M|
|poke|p2|Tornadus-Therian, M|
|poke|p2|Melmetal|
|poke|p2|Clefable, F|
|teampreview
|inactive|Battle timer is ON: inactive players will automatically lose when time's up. (requested by Chikami)
|
|t:|1632093739
|start
|switch|p1a: Mew|Mew|100/100
|switch|p2a: Jellicent|Jellicent, M|100/100
|turn|1
|
|t:|1632093748
|move|p1a: Mew|Knock Off|p2a: Jellicent
|-supereffective|p2a: Jellicent
|-crit|p2a: Jellicent
|-damage|p2a: Jellicent|26/100
|-damage|p1a: Mew|84/100|[from] item: Rocky Helmet|[of] p2a: Jellicent
|-enditem|p2a: Jellicent|Rocky Helmet|[from] move: Knock Off|[of] p1a: Mew
|move|p2a: Jellicent|Hex|p1a: Mew
|-supereffective|p1a: Mew
|-damage|p1a: Mew|45/100
|
|upkeep
|turn|2
|
|t:|1632093758
|switch|p2a: Clefable|Clefable, F, shiny|100/100
|move|p1a: Mew|Knock Off|p2a: Clefable
|-resisted|p2a: Clefable
|-damage|p2a: Clefable|90/100
|-enditem|p2a: Clefable|Heavy-Duty Boots|[from] move: Knock Off|[of] p1a: Mew
|
|upkeep
|turn|3
|
|t:|1632093765
|move|p1a: Mew|Stealth Rock|p2a: Clefable
|-sidestart|p2: GGeorgie|move: Stealth Rock
|move|p2a: Clefable|Moonblast|p1a: Mew
|-crit|p1a: Mew
|-damage|p1a: Mew|0 fnt
|faint|p1a: Mew
|
|upkeep
|
|t:|1632093775
|switch|p1a: Magnezone|Magnezone|100/100
|turn|4
|
|t:|1632093779
|switch|p2a: Melmetal|Melmetal|100/100
|-damage|p2a: Melmetal|94/100|[from] Stealth Rock
|move|p1a: Magnezone|Flash Cannon|p2a: Melmetal
|-resisted|p2a: Melmetal
|-damage|p2a: Melmetal|78/100
|
|upkeep
|turn|5
|
|t:|1632093791
|switch|p1a: Urshifu|Urshifu-Rapid-Strike, F|100/100
|move|p2a: Melmetal|Earthquake|p1a: Urshifu
|-damage|p1a: Urshifu|64/100
|
|upkeep
|turn|6
|
|t:|1632093802
|move|p1a: Urshifu|U-turn|p2a: Melmetal
|-resisted|p2a: Melmetal
|-damage|p2a: Melmetal|68/100
|
|t:|1632093808
|switch|p1a: Garchomp|Garchomp, F|100/100|[from]move: U-turn
|move|p2a: Melmetal|Thunder Punch|p1a: Garchomp
|-immune|p1a: Garchomp
|
|upkeep
|turn|7
|j| KangkongNation3
|
|t:|1632093822
|move|p1a: Garchomp|Earthquake|p2a: Melmetal
|-supereffective|p2a: Melmetal
|-damage|p2a: Melmetal|10/100
|move|p2a: Melmetal|Ice Punch|p1a: Garchomp
|-supereffective|p1a: Garchomp
|-damage|p1a: Garchomp|0 fnt
|-damage|p2a: Melmetal|0 fnt|[from] ability: Rough Skin|[of] p1a: Garchomp
|faint|p1a: Garchomp
|faint|p2a: Melmetal
|
|upkeep
|
|t:|1632093832
|switch|p1a: Ninetales|Ninetales-Alola, M|100/100
|switch|p2a: Tyranitar|Tyranitar, M|100/100
|-weather|Hail|[from] ability: Snow Warning|[of] p1a: Ninetales
|-damage|p2a: Tyranitar|88/100|[from] Stealth Rock
|-weather|Sandstorm|[from] ability: Sand Stream|[of] p2a: Tyranitar
|turn|8
|l| KangkongNation3
|
|t:|1632093838
|move|p1a: Ninetales|Hail|p1a: Ninetales
|-weather|Hail
|move|p2a: Tyranitar|Fire Punch|p1a: Ninetales
|-supereffective|p1a: Ninetales
|-damage|p1a: Ninetales|0 fnt
|faint|p1a: Ninetales
|
|-weather|Hail|[upkeep]
|-damage|p2a: Tyranitar|82/100|[from] Hail
|upkeep
|
|t:|1632093846
|switch|p1a: Urshifu|Urshifu-Rapid-Strike, F|64/100
|turn|9
|
|t:|1632093848
|switch|p2a: Jellicent|Jellicent, M|26/100
|-damage|p2a: Jellicent|14/100|[from] Stealth Rock
|move|p1a: Urshifu|U-turn|p2a: Jellicent
|-resisted|p2a: Jellicent
|-damage|p2a: Jellicent|0 fnt
|faint|p2a: Jellicent
|
|t:|1632093857
|switch|p1a: Kartana|Kartana|100/100|[from]move: U-turn
|
|-weather|Hail|[upkeep]
|-damage|p1a: Kartana|94/100|[from] Hail
|upkeep
|
|t:|1632093859
|switch|p2a: Tornadus|Tornadus-Therian, M|100/100
|turn|10
|
|t:|1632093872
|move|p1a: Kartana|Knock Off|p2a: Tornadus
|-damage|p2a: Tornadus|54/100
|-enditem|p2a: Tornadus|Heavy-Duty Boots|[from] move: Knock Off|[of] p1a: Kartana
|move|p2a: Tornadus|Hurricane|p1a: Kartana
|-damage|p1a: Kartana|0 fnt
|faint|p1a: Kartana
|
|-weather|Hail|[upkeep]
|-damage|p2a: Tornadus|48/100|[from] Hail
|upkeep
|
|t:|1632093888
|switch|p1a: Magnezone|Magnezone|100/100
|turn|11
|inactive|GGeorgie has 120 seconds left.
|inactive|GGeorgie has 90 seconds left.
|
|t:|1632093953
|switch|p2a: Nidoqueen|Nidoqueen, F|100/100
|-damage|p2a: Nidoqueen|94/100|[from] Stealth Rock
|move|p1a: Magnezone|Flash Cannon|p2a: Nidoqueen
|-damage|p2a: Nidoqueen|16/100
|
|-weather|Hail|[upkeep]
|-damage|p2a: Nidoqueen|10/100|[from] Hail
|-damage|p1a: Magnezone|94/100|[from] Hail
|upkeep
|turn|12
|
|t:|1632093965
|move|p2a: Nidoqueen|Earth Power|p1a: Magnezone
|-supereffective|p1a: Magnezone
|-damage|p1a: Magnezone|0 fnt
|faint|p1a: Magnezone
|
|-weather|none
|upkeep
|
|t:|1632093968
|switch|p1a: Urshifu|Urshifu-Rapid-Strike, F|64/100
|turn|13
|
|t:|1632093981
|move|p1a: Urshifu|Surging Strikes|p2a: Nidoqueen
|-supereffective|p2a: Nidoqueen
|-crit|p2a: Nidoqueen
|-damage|p2a: Nidoqueen|0 fnt
|faint|p2a: Nidoqueen
|-hitcount|p2: Nidoqueen|1
|
|upkeep
|
|t:|1632093983
|switch|p2a: Tornadus|Tornadus-Therian, M|81/100
|-damage|p2a: Tornadus|56/100|[from] Stealth Rock
|turn|14
|
|t:|1632093985
|move|p2a: Tornadus|Hurricane|p1a: Urshifu
|-supereffective|p1a: Urshifu
|-damage|p1a: Urshifu|0 fnt
|faint|p1a: Urshifu
|
|win|GGeorgie
|raw|Chikami's rating: 1655 &rarr; <strong>1638</strong><br />(-17 for losing)
|raw|GGeorgie's rating: 1711 &rarr; <strong>1728</strong><br />(+17 for winning)
|l|☆Chikami
