|j|☆ninjadouche
|j|☆Bloody Busybody
|t:|1664364799
|gametype|singles
|player|p1|ninjadouche|burglar|1650
|player|p2|Bloody Busybody|bugcatcher|1699
|teamsize|p1|6
|teamsize|p2|6
|gen|8
|tier|[Gen 8] OU
|rated|
|rule|Sleep Clause Mod: Limit one foe put to sleep
|rule|Species Clause: Limit one of each Pokémon
|rule|OHKO Clause: OHKO moves are banned
|rule|Evasion Items Clause: Evasion items are banned
|rule|Evasion Moves Clause: Evasion moves are banned
|rule|Endless Battle Clause: Forcing endless battles is banned
|rule|HP Percentage Mod: HP is shown in percentages
|rule|Dynamax Clause: You cannot dynamax
|clearpoke
|poke|p1|Marowak-Alola, M|
|poke|p1|Ninetales, F|
|poke|p1|Rotom-Wash|
|poke|p1|Snorlax, F|
|poke|p1|Shiftry, F|
|poke|p1|Aggron, F|
|poke|p2|Volcanion|
|poke|p2|Corviknight, F|
|poke|p2|Mamoswine, F|
|poke|p2|Blissey, F|
|poke|p2|Rillaboom, M|
|poke|p2|Hydreigon, F|
|teampreview
|inactive|Battle timer is ON: inactive players will automatically lose when time's up. (requested by Bloody Busybody)
|
|t:|1664364815
|start
|switch|p1a: Aggron|Aggron, F|100/100
|switch|p2a: Volcanion|Volcanion|100/100
|turn|1
|
|t:|1664364819
|move|p2a: Volcanion|Steam Eruption|p1a: Aggron|[miss]
|-miss|p2a: Volcanion|p1a: Aggron
|move|p1a: Aggron|Metal Burst||[still]
|-fail|p1a: Aggron
|
|upkeep
|turn|2
|
|t:|1664364823
|move|p2a: Volcanion|Steam Eruption|p1a: Aggron
|-supereffective|p1a: Aggron
|-ability|p1a: Aggron|Sturdy
|-damage|p1a: Aggron|1/100
|move|p1a: Aggron|Metal Burst|p2a: Volcanion
|-damage|p2a: Volcanion|0 fnt
|faint|p2a: Volcanion
|
|upkeep
|
|t:|1664364829
|switch|p2a: Mamoswine|Mamoswine, F|100/100
|turn|3
|c|☆Bloody Busybody|idrk what metal burst is
|
|t:|1664364839
|switch|p1a: Rotom|Rotom-Wash|100/100
|move|p2a: Mamoswine|Ice Shard|p1a: Rotom
|-resisted|p1a: Rotom
|-damage|p1a: Rotom|92/100
|
|-heal|p1a: Rotom|98/100|[from] item: Leftovers
|upkeep
|turn|4
|
|t:|1664364843
|move|p2a: Mamoswine|Stealth Rock|p1a: Rotom
|-sidestart|p1: ninjadouche|move: Stealth Rock
|move|p1a: Rotom|Will-O-Wisp|p2a: Mamoswine|[miss]
|-miss|p1a: Rotom|p2a: Mamoswine
|
|-heal|p1a: Rotom|100/100|[from] item: Leftovers
|upkeep
|turn|5
|
|t:|1664364849
|switch|p2a: Blissey|Blissey, F|100/100
|move|p1a: Rotom|Defog|p2a: Blissey
|-unboost|p2a: Blissey|evasion|1
|-sideend|p1: ninjadouche|Stealth Rock|[from] move: Defog|[of] p1a: Rotom
|
|upkeep
|turn|6
|
|t:|1664364851
|move|p1a: Rotom|Volt Switch|p2a: Blissey
|-damage|p2a: Blissey|91/100
|
|t:|1664364856
|switch|p1a: Marowak|Marowak-Alola, M|100/100|[from]move: Volt Switch
|move|p2a: Blissey|Toxic|p1a: Marowak
|-status|p1a: Marowak|tox
|
|-damage|p1a: Marowak|94/100 tox|[from] psn
|upkeep
|turn|7
|
|t:|1664364862
|switch|p2a: Hydreigon|Hydreigon, F|100/100
|-singleturn|p1a: Marowak|move: Focus Punch
|move|p1a: Marowak|Focus Punch|p2a: Hydreigon
|-supereffective|p2a: Hydreigon
|-damage|p2a: Hydreigon|0 fnt
|faint|p2a: Hydreigon
|
|-damage|p1a: Marowak|82/100 tox|[from] psn
|upkeep
|c|☆Bloody Busybody|is this real life
|c|☆Bloody Busybody|why always this shit to me
|c|☆ninjadouche|lol
|c|☆Bloody Busybody|gg
|c|☆ninjadouche|gg bro
|-message|Bloody Busybody forfeited.
|
|win|ninjadouche
|raw|ninjadouche's rating: 1650 &rarr; <strong>1673</strong><br />(+23 for winning)
|raw|Bloody Busybody's rating: 1699 &rarr; <strong>1676</strong><br />(-23 for losing)
|l|☆Bloody Busybody
||Ladder isn't responding, score probably updated but might not have (Request timeout).
