|html|<div class="broadcast-blue"><strong>[Gen 8] OU is currently suspecting Zamazenta-Crowned! For information on how to participate check out the <a href="https://www.smogon.com/forums/threads/np-ss-ou-suspect-process-round-10-royals.3681787/">suspect thread</a>.</strong></div>
|j|☆SGTLopunny
|j|☆cump3
|t:|1618168134
|gametype|singles
|player|p1|SGTLopunny|170|1178
|player|p2|cump3|1|1149
|teamsize|p1|6
|teamsize|p2|6
|gen|8
|tier|[Gen 8] OU
|rated|
|clearpoke
|poke|p1|Tapu Lele|
|poke|p1|Indeedee, M|
|poke|p1|Ribombee, F|
|poke|p1|Alakazam, M|
|poke|p1|Excadrill, M|
|poke|p1|Hawlucha, F|
|poke|p2|Landorus-Therian, M|
|poke|p2|Kyurem|
|poke|p2|Blacephalon|
|poke|p2|Crawdaunt, M|
|poke|p2|Rillaboom, F|
|poke|p2|Tornadus-Therian, M|
|rule|Sleep Clause Mod: Limit one foe put to sleep
|rule|Species Clause: Limit one of each Pokémon
|rule|OHKO Clause: OHKO moves are banned
|rule|Evasion Moves Clause: Evasion moves are banned
|rule|Endless Battle Clause: Forcing endless battles is banned
|rule|HP Percentage Mod: HP is shown in percentages
|rule|Dynamax Clause: You cannot dynamax
|teampreview
|
|t:|1618168151
|start
|switch|p1a: Ribombee|Ribombee, F|100/100
|switch|p2a: daunt|Crawdaunt, M, shiny|100/100
|turn|1
|
|t:|1618168176
|switch|p2a: torn|Tornadus-Therian, M|100/100
|move|p1a: Ribombee|Sticky Web|p2a: torn
|-sidestart|p2: cump3|move: Sticky Web
|
|upkeep
|turn|2
|
|t:|1618168179
|move|p1a: Ribombee|Moonblast|p2a: torn
|-damage|p2a: torn|55/100
|move|p2a: torn|Knock Off|p1a: Ribombee
|-resisted|p1a: Ribombee
|-damage|p1a: Ribombee|78/100
|-enditem|p1a: Ribombee|Focus Sash|[from] move: Knock Off|[of] p2a: torn
|
|upkeep
|turn|3
|
|t:|1618168182
|move|p1a: Ribombee|Moonblast|p2a: torn
|-damage|p2a: torn|9/100
|move|p2a: torn|Hurricane|p1a: Ribombee
|-supereffective|p1a: Ribombee
|-crit|p1a: Ribombee
|-damage|p1a: Ribombee|0 fnt
|faint|p1a: Ribombee
|
|upkeep
|inactive|Battle timer is ON: inactive players will automatically lose when time's up. (requested by SGTLopunny)
|
|t:|1618168189
|switch|p1a: Tapu Lele|Tapu Lele|100/100
|-fieldstart|move: Psychic Terrain|[from] ability: Psychic Surge|[of] p1a: Tapu Lele
|turn|4
|
|t:|1618168194
|move|p2a: torn|Defog|p1a: Tapu Lele
|-unboost|p1a: Tapu Lele|evasion|1
|-sideend|p2: cump3|Sticky Web|[from] move: Defog|[of] p2a: torn
|-fieldend|move: Psychic Terrain
|move|p1a: Tapu Lele|Moonblast|p2a: torn
|-damage|p2a: torn|0 fnt
|faint|p2a: torn
|
|upkeep
|
|t:|1618168205
|switch|p2a: ceph|Blacephalon|100/100
|turn|5
|
|t:|1618168209
|switch|p1a: Indeedee|Indeedee, M|100/100
|-fieldstart|move: Psychic Terrain|[from] ability: Psychic Surge|[of] p1a: Indeedee
|move|p2a: ceph|Flamethrower|p1a: Indeedee
|-damage|p1a: Indeedee|19/100
|
|upkeep
|turn|6
|
|t:|1618168216
|move|p2a: ceph|Flamethrower|p1a: Indeedee
|-damage|p1a: Indeedee|0 fnt
|faint|p1a: Indeedee
|-ability|p2a: ceph|Beast Boost|boost
|-boost|p2a: ceph|spa|1
|
|upkeep
|
|t:|1618168218
|switch|p1a: Alakazam|Alakazam, M|100/100
|turn|7
|
|t:|1618168222
|move|p2a: ceph|Flamethrower|p1a: Alakazam
|-enditem|p1a: Alakazam|Focus Sash
|-damage|p1a: Alakazam|1/100
|-status|p1a: Alakazam|brn
|move|p1a: Alakazam|Expanding Force|p2a: ceph
|-damage|p2a: ceph|0 fnt
|faint|p2a: ceph
|
|upkeep
|
|t:|1618168231
|switch|p2a: boom|Rillaboom, F, shiny|100/100
|-fieldstart|move: Grassy Terrain|[from] ability: Grassy Surge|[of] p2a: boom
|turn|8
|
|t:|1618168236
|switch|p1a: Tapu Lele|Tapu Lele|100/100
|-fieldstart|move: Psychic Terrain|[from] ability: Psychic Surge|[of] p1a: Tapu Lele
|move|p2a: boom|Grassy Glide|p1a: Tapu Lele
|-damage|p1a: Tapu Lele|17/100
|-damage|p2a: boom|91/100|[from] item: Life Orb
|
|upkeep
|turn|9
|
|t:|1618168243
|move|p1a: Tapu Lele|Moonblast|p2a: boom
|-damage|p2a: boom|0 fnt
|faint|p2a: boom
|
|upkeep
|
|t:|1618168254
|switch|p2a: Kyurem|Kyurem|100/100
|-ability|p2a: Kyurem|Pressure
|turn|10
|
|t:|1618168258
|move|p2a: Kyurem|Ice Beam|p1a: Tapu Lele
|-damage|p1a: Tapu Lele|0 fnt
|faint|p1a: Tapu Lele
|
|upkeep
|
|t:|1618168269
|switch|p1a: Alakazam|Alakazam, M|1/100 brn
|turn|11
|
|t:|1618168273
|switch|p2a: daunt|Crawdaunt, M, shiny|100/100
|move|p1a: Alakazam|Expanding Force|p2a: daunt
|-immune|p2a: daunt
|
|upkeep
|turn|12
|
|t:|1618168289
|move|p1a: Alakazam|Focus Blast|p2a: daunt
|-supereffective|p2a: daunt
|-damage|p2a: daunt|0 fnt
|faint|p2a: daunt
|
|-fieldend|move: Psychic Terrain
|upkeep
|
|t:|1618168294
|switch|p2a: lando|Landorus-Therian, M|100/100
|-ability|p2a: lando|Intimidate|boost
|-unboost|p1a: Alakazam|atk|1
|turn|13
|
|t:|1618168304
|move|p1a: Alakazam|Expanding Force|p2a: lando
|-damage|p2a: lando|57/100
|move|p2a: lando|U-turn|p1a: Alakazam
|-supereffective|p1a: Alakazam
|-damage|p1a: Alakazam|0 fnt
|faint|p1a: Alakazam
|
|t:|1618168331
|switch|p2a: Kyurem|Kyurem|100/100|[from]move: U-turn
|-ability|p2a: Kyurem|Pressure
|
|upkeep
|
|t:|1618168335
|switch|p1a: Excadrill|Excadrill, M|100/100
|-ability|p1a: Excadrill|Mold Breaker
|turn|14
|
|t:|1618168338
|switch|p2a: lando|Landorus-Therian, M|57/100
|-ability|p2a: lando|Intimidate|boost
|-unboost|p1a: Excadrill|atk|1
|move|p1a: Excadrill|Rapid Spin|p2a: lando
|-crit|p2a: lando
|-damage|p2a: lando|39/100
|-boost|p1a: Excadrill|spe|1
|
|-heal|p2a: lando|45/100|[from] item: Leftovers
|upkeep
|turn|15
|
|t:|1618168347
|move|p1a: Excadrill|Iron Head|p2a: lando
|-damage|p2a: lando|25/100
|cant|p2a: lando|flinch
|
|-heal|p2a: lando|31/100|[from] item: Leftovers
|upkeep
|turn|16
|
|t:|1618168352
|move|p1a: Excadrill|Iron Head|p2a: lando
|-damage|p2a: lando|12/100
|move|p2a: lando|Earthquake|p1a: Excadrill
|-supereffective|p1a: Excadrill
|-damage|p1a: Excadrill|0 fnt
|faint|p1a: Excadrill
|
|-heal|p2a: lando|18/100|[from] item: Leftovers
|upkeep
|
|t:|1618168355
|switch|p1a: Hawlucha|Hawlucha, F|100/100
|turn|17
|inactive|cump3 has 120 seconds left.
|
|t:|1618168390
|move|p1a: Hawlucha|Swords Dance|p1a: Hawlucha
|-boost|p1a: Hawlucha|atk|2
|move|p2a: lando|Toxic|p1a: Hawlucha
|-status|p1a: Hawlucha|tox
|
|-heal|p2a: lando|24/100|[from] item: Leftovers
|-damage|p1a: Hawlucha|94/100 tox|[from] psn
|upkeep
|turn|18
|inactive|cump3 has 120 seconds left.
|
|t:|1618168396
|move|p1a: Hawlucha|Brave Bird|p2a: lando
|-crit|p2a: lando
|-damage|p2a: lando|0 fnt
|-damage|p1a: Hawlucha|85/100 tox|[from] Recoil
|faint|p2a: lando
|
|-damage|p1a: Hawlucha|73/100 tox|[from] psn
|upkeep
|
|t:|1618168398
|switch|p2a: Kyurem|Kyurem|100/100
|-ability|p2a: Kyurem|Pressure
|turn|19
|
|t:|1618168402
|move|p1a: Hawlucha|High Jump Kick|p2a: Kyurem
|-supereffective|p2a: Kyurem
|-damage|p2a: Kyurem|0 fnt
|faint|p2a: Kyurem
|
|win|SGTLopunny
|raw|SGTLopunny's rating: 1178 &rarr; <strong>1201</strong><br />(+23 for winning)
|raw|cump3's rating: 1149 &rarr; <strong>1126</strong><br />(-23 for losing)
|c|☆cump3|gg
|c|☆SGTLopunny|gg
|l|☆cump3
||Ladder isn't responding, score probably updated but might not have (Request timeout).
