|raw|<div class="broadcast-blue"><strong>This battle is required to be public due to a player having a name prefixed by 'LT71LX'.</div>
|j|☆Ayante
|j|☆LT71LX Halaman
|t:|1596931852
|player|p1|Ayante|koga|1680
|player|p2|LT71LX Halaman|101|1654
|teamsize|p1|6
|teamsize|p2|6
|gametype|singles
|gen|8
|tier|[Gen 8] OU
|rated|
|clearpoke
|poke|p1|Togekiss, F|
|poke|p1|Necrozma|
|poke|p1|Excadrill, F|
|poke|p1|Urshifu-*, F|
|poke|p1|Rillaboom, M|
|poke|p1|Rotom-Heat|
|poke|p2|Grimmsnarl, M|
|poke|p2|Bisharp, F|
|poke|p2|Cloyster, F|
|poke|p2|Mew|
|poke|p2|Volcarona, M|
|poke|p2|Dragapult, M|
|rule|Sleep Clause Mod: Limit one foe put to sleep
|rule|Species Clause: Limit one of each Pokémon
|rule|OHKO Clause: OHKO moves are banned
|rule|Evasion Moves Clause: Evasion moves are banned
|rule|Endless Battle Clause: Forcing endless battles is banned
|rule|HP Percentage Mod: HP is shown in percentages
|rule|Dynamax Clause: You cannot dynamax
|teampreview
|inactive|Battle timer is ON: inactive players will automatically lose when time's up. (requested by LT71LX Halaman)
|
|t:|1596931881
|start
|switch|p1a: Excadrill|Excadrill, F|100/100
|switch|p2a: Mew|Mew|100/100
|-ability|p1a: Excadrill|Mold Breaker
|turn|1
|
|t:|1596931895
|move|p2a: Mew|Taunt|p1a: Excadrill
|-start|p1a: Excadrill|move: Taunt
|move|p1a: Excadrill|Earthquake|p2a: Mew
|-damage|p2a: Mew|54/100
|-enditem|p2a: Mew|Red Card|[of] p1a: Excadrill
|drag|p1a: Urshifu|Urshifu, F|100/100
|
|upkeep
|turn|2
|
|t:|1596931907
|move|p2a: Mew|Stealth Rock|p1a: Urshifu
|-sidestart|p1: Ayante|move: Stealth Rock
|move|p1a: Urshifu|Wicked Blow|p2a: Mew
|-supereffective|p2a: Mew
|-crit|p2a: Mew
|-damage|p2a: Mew|0 fnt
|-damage|p1a: Urshifu|91/100|[from] item: Life Orb
|faint|p2a: Mew
|
|upkeep
|
|t:|1596931917
|switch|p2a: Grimmsnarl|Grimmsnarl, M|100/100
|turn|3
|
|t:|1596931934
|move|p2a: Grimmsnarl|Reflect|p2a: Grimmsnarl
|-sidestart|p2: LT71LX Halaman|Reflect
|move|p1a: Urshifu|Bulk Up|p1a: Urshifu
|-boost|p1a: Urshifu|atk|1
|-boost|p1a: Urshifu|def|1
|
|upkeep
|turn|4
|
|t:|1596931943
|move|p2a: Grimmsnarl|Taunt|p1a: Urshifu
|-hint|Since gen 7, Dark is immune to Prankster moves.
|-immune|p1a: Urshifu
|move|p1a: Urshifu|Iron Head|p2a: Grimmsnarl
|-supereffective|p2a: Grimmsnarl
|-damage|p2a: Grimmsnarl|52/100
|-damage|p1a: Urshifu|81/100|[from] item: Life Orb
|
|upkeep
|turn|5
|
|t:|1596931956
|switch|p1a: Excadrill|Excadrill, F|100/100
|-damage|p1a: Excadrill|97/100|[from] Stealth Rock
|-ability|p1a: Excadrill|Mold Breaker
|move|p2a: Grimmsnarl|Foul Play|p1a: Excadrill
|-damage|p1a: Excadrill|24/100
|
|-heal|p1a: Excadrill|30/100|[from] item: Leftovers
|upkeep
|turn|6
|
|t:|1596931968
|move|p1a: Excadrill|Rapid Spin|p2a: Grimmsnarl
|-damage|p2a: Grimmsnarl|45/100
|-boost|p1a: Excadrill|spe|1
|-sideend|p1: Ayante|Stealth Rock|[from] move: Rapid Spin|[of] p1a: Excadrill
|move|p2a: Grimmsnarl|Foul Play|p1a: Excadrill
|-damage|p1a: Excadrill|0 fnt
|faint|p1a: Excadrill
|
|upkeep
|inactive|Ayante has 120 seconds left.
|
|t:|1596932000
|switch|p1a: Urshifu|Urshifu, F|81/100
|turn|7
|inactive|Ayante has 120 seconds left.
|
|t:|1596932028
|move|p2a: Grimmsnarl|Taunt|p1a: Urshifu
|-hint|Since gen 7, Dark is immune to Prankster moves.
|-immune|p1a: Urshifu
|move|p1a: Urshifu|Bulk Up|p1a: Urshifu
|-boost|p1a: Urshifu|atk|1
|-boost|p1a: Urshifu|def|1
|
|upkeep
|turn|8
|inactive|Ayante has 120 seconds left.
|
|t:|1596932041
|move|p1a: Urshifu|Bulk Up|p1a: Urshifu
|-boost|p1a: Urshifu|atk|1
|-boost|p1a: Urshifu|def|1
|move|p2a: Grimmsnarl|Foul Play|p1a: Urshifu
|-resisted|p1a: Urshifu
|-damage|p1a: Urshifu|67/100
|
|upkeep
|turn|9
|inactive|Ayante has 120 seconds left.
|
|t:|1596932052
|switch|p2a: Volcarona|Volcarona, M|100/100
|move|p1a: Urshifu|Iron Head|p2a: Volcarona
|-resisted|p2a: Volcarona
|-damage|p2a: Volcarona|74/100
|-damage|p1a: Urshifu|57/100|[from] item: Life Orb
|
|upkeep
|turn|10
|
|t:|1596932061
|move|p1a: Urshifu|Wicked Blow|p2a: Volcarona
|-crit|p2a: Volcarona
|-damage|p2a: Volcarona|0 fnt
|-damage|p1a: Urshifu|47/100|[from] item: Life Orb
|faint|p2a: Volcarona
|
|-sideend|p2: LT71LX Halaman|Reflect
|upkeep
|
|t:|1596932074
|switch|p2a: Grimmsnarl|Grimmsnarl, M|45/100
|turn|11
|
|t:|1596932082
|move|p2a: Grimmsnarl|Reflect|p2a: Grimmsnarl
|-sidestart|p2: LT71LX Halaman|Reflect
|move|p1a: Urshifu|Bulk Up|p1a: Urshifu
|-boost|p1a: Urshifu|atk|1
|-boost|p1a: Urshifu|def|1
|
|upkeep
|turn|12
|
|t:|1596932088
|move|p1a: Urshifu|Iron Head|p2a: Grimmsnarl
|-supereffective|p2a: Grimmsnarl
|-damage|p2a: Grimmsnarl|0 fnt
|-damage|p1a: Urshifu|37/100|[from] item: Life Orb
|faint|p2a: Grimmsnarl
|
|upkeep
|
|t:|1596932103
|switch|p2a: Dragapult|Dragapult, M|100/100
|turn|13
|
|t:|1596932109
|move|p1a: Urshifu|Sucker Punch|p2a: Dragapult
|-supereffective|p2a: Dragapult
|-damage|p2a: Dragapult|0 fnt
|-damage|p1a: Urshifu|27/100|[from] item: Life Orb
|faint|p2a: Dragapult
|
|upkeep
|
|t:|1596932114
|switch|p2a: Cloyster|Cloyster, F|100/100
|turn|14
|
|t:|1596932117
|move|p1a: Urshifu|Wicked Blow|p2a: Cloyster
|-crit|p2a: Cloyster
|-damage|p2a: Cloyster|0 fnt
|-damage|p1a: Urshifu|18/100|[from] item: Life Orb
|faint|p2a: Cloyster
|
|upkeep
|
|t:|1596932120
|switch|p2a: Bisharp|Bisharp, F|100/100
|turn|15
|
|t:|1596932129
|move|p1a: Urshifu|Wicked Blow|p2a: Bisharp
|-resisted|p2a: Bisharp
|-crit|p2a: Bisharp
|-damage|p2a: Bisharp|0 fnt
|-damage|p1a: Urshifu|8/100|[from] item: Life Orb
|faint|p2a: Bisharp
|
|win|Ayante
|raw|Ayante's rating: 1680 &rarr; <strong>1698</strong><br />(+18 for winning)
|raw|LT71LX Halaman's rating: 1654 &rarr; <strong>1636</strong><br />(-18 for losing)
