|j|☆Arcaninesquad
|j|☆DonulTrum
|t:|1629555033
|gametype|singles
|player|p1|Arcaninesquad|cynthia-gen4|1652
|player|p2|DonulTrum|169|1681
|teamsize|p1|6
|teamsize|p2|6
|gen|8
|tier|[Gen 8] OU
|rated|
|rule|Sleep Clause Mod: Limit one foe put to sleep
|rule|Species Clause: Limit one of each Pokémon
|rule|OHKO Clause: OHKO moves are banned
|rule|Evasion Moves Clause: Evasion moves are banned
|rule|Endless Battle Clause: Forcing endless battles is banned
|rule|HP Percentage Mod: HP is shown in percentages
|rule|Dynamax Clause: You cannot dynamax
|clearpoke
|poke|p1|Tapu Koko|
|poke|p1|Landorus-Therian, M|
|poke|p1|Slowking, M|
|poke|p1|Heatran, F|
|poke|p1|Weavile, F|
|poke|p1|Skarmory, M|
|poke|p2|Claydol|
|poke|p2|Crawdaunt, M|
|poke|p2|Grimmsnarl, M|
|poke|p2|Volcanion|
|poke|p2|Conkeldurr, F|
|poke|p2|Dusclops, F|
|teampreview
|inactive|Battle timer is ON: inactive players will automatically lose when time's up. (requested by DonulTrum)
|
|t:|1629555072
|start
|switch|p1a: Landorus|Landorus-Therian, M|100/100
|switch|p2a: Volcanion|Volcanion|100/100
|-ability|p1a: Landorus|Intimidate|boost
|-unboost|p2a: Volcanion|atk|1
|turn|1
|
|t:|1629555078
|switch|p1a: Slowking|Slowking, M|100/100
|move|p2a: Volcanion|Steam Eruption|p1a: Slowking
|-resisted|p1a: Slowking
|-damage|p1a: Slowking|74/100
|-status|p1a: Slowking|brn
|
|-damage|p1a: Slowking|68/100 brn|[from] brn
|upkeep
|turn|2
|inactive|Arcaninesquad has 120 seconds left.
|inactive|Arcaninesquad has 90 seconds left.
|inactive|Arcaninesquad has 60 seconds left.
|
|t:|1629555176
|switch|p2a: Crawdaunt|Crawdaunt, M|100/100
|move|p1a: Slowking|Teleport|p1a: Slowking
|
|t:|1629555178
|switch|p1a: Tapu Koko|Tapu Koko|100/100|[from]move: Teleport
|-fieldstart|move: Electric Terrain|[from] ability: Electric Surge|[of] p1a: Tapu Koko
|
|upkeep
|turn|3
|j| piled
|
|t:|1629555203
|switch|p2a: Claydol|Claydol|100/100
|move|p1a: Tapu Koko|Thunderbolt|p2a: Claydol
|-immune|p2a: Claydol
|
|upkeep
|turn|4
|j| Marquesa-10%
|
|t:|1629555217
|move|p1a: Tapu Koko|U-turn|p2a: Claydol
|-supereffective|p2a: Claydol
|-damage|p2a: Claydol|66/100
|
|t:|1629555221
|switch|p1a: Slowking|Slowking, M|100/100 brn|[from]move: U-turn
|move|p2a: Claydol|Stealth Rock|p1a: Slowking
|-sidestart|p1: Arcaninesquad|move: Stealth Rock
|
|-heal|p2a: Claydol|72/100|[from] item: Leftovers
|-damage|p1a: Slowking|94/100 brn|[from] brn
|upkeep
|turn|5
|
|t:|1629555231
|switch|p2a: Crawdaunt|Crawdaunt, M|100/100
|move|p1a: Slowking|Teleport|p1a: Slowking
|
|t:|1629555235
|switch|p1a: Tapu Koko|Tapu Koko|100/100|[from]move: Teleport
|
|upkeep
|turn|6
|
|t:|1629555241
|switch|p2a: Claydol|Claydol|72/100
|move|p1a: Tapu Koko|Dazzling Gleam|p2a: Claydol
|-damage|p2a: Claydol|47/100
|
|-heal|p2a: Claydol|53/100|[from] item: Leftovers
|-fieldend|move: Electric Terrain
|upkeep
|turn|7
|
|t:|1629555249
|move|p1a: Tapu Koko|U-turn|p2a: Claydol
|-supereffective|p2a: Claydol
|-damage|p2a: Claydol|21/100
|
|t:|1629555251
|switch|p1a: Slowking|Slowking, M|100/100 brn|[from]move: U-turn
|move|p2a: Claydol|Light Screen|p2a: Claydol
|-sidestart|p2: DonulTrum|move: Light Screen
|
|-heal|p2a: Claydol|27/100|[from] item: Leftovers
|-damage|p1a: Slowking|94/100 brn|[from] brn
|upkeep
|turn|8
|
|t:|1629555262
|move|p1a: Slowking|Scald|p2a: Claydol
|-supereffective|p2a: Claydol
|-damage|p2a: Claydol|8/100
|move|p2a: Claydol|Trick Room|p2a: Claydol
|-fieldstart|move: Trick Room|[of] p2a: Claydol
|
|-heal|p2a: Claydol|14/100|[from] item: Leftovers
|-damage|p1a: Slowking|88/100 brn|[from] brn
|upkeep
|turn|9
|
|t:|1629555270
|switch|p2a: Conkeldurr|Conkeldurr, F|100/100
|move|p1a: Slowking|Teleport|p1a: Slowking
|j| munanyo.uchiha
|
|t:|1629555275
|switch|p1a: Skarmory|Skarmory, M|100/100|[from]move: Teleport
|-damage|p1a: Skarmory|88/100|[from] Stealth Rock
|
|-status|p2a: Conkeldurr|brn|[from] item: Flame Orb
|upkeep
|turn|10
|
|t:|1629555282
|move|p2a: Conkeldurr|Bulk Up|p2a: Conkeldurr
|-boost|p2a: Conkeldurr|atk|1
|-boost|p2a: Conkeldurr|def|1
|move|p1a: Skarmory|Iron Defense|p1a: Skarmory
|-boost|p1a: Skarmory|def|2
|
|-damage|p2a: Conkeldurr|94/100 brn|[from] brn
|upkeep
|turn|11
|
|t:|1629555292
|switch|p2a: Volcanion|Volcanion|100/100
|move|p1a: Skarmory|Iron Defense|p1a: Skarmory
|-boost|p1a: Skarmory|def|2
|
|-sideend|p2: DonulTrum|move: Light Screen
|upkeep
|turn|12
|
|t:|1629555318
|switch|p1a: Slowking|Slowking, M|100/100 brn
|move|p2a: Volcanion|Fire Blast|p1a: Slowking
|-resisted|p1a: Slowking
|-damage|p1a: Slowking|71/100 brn
|
|-damage|p1a: Slowking|65/100 brn|[from] brn
|-fieldend|move: Trick Room
|upkeep
|turn|13
|
|t:|1629555326
|move|p2a: Volcanion|Fire Blast|p1a: Slowking
|-resisted|p1a: Slowking
|-damage|p1a: Slowking|36/100 brn
|move|p1a: Slowking|Teleport|p1a: Slowking
|
|t:|1629555331
|switch|p1a: Tapu Koko|Tapu Koko|100/100|[from]move: Teleport
|-fieldstart|move: Electric Terrain|[from] ability: Electric Surge|[of] p1a: Tapu Koko
|
|upkeep
|turn|14
|
|t:|1629555338
|move|p1a: Tapu Koko|Thunderbolt|p2a: Volcanion
|-supereffective|p2a: Volcanion
|-damage|p2a: Volcanion|0 fnt
|faint|p2a: Volcanion
|
|upkeep
|
|t:|1629555343
|switch|p2a: Claydol|Claydol|14/100
|turn|15
|
|t:|1629555346
|switch|p2a: Crawdaunt|Crawdaunt, M|100/100
|move|p1a: Tapu Koko|Dazzling Gleam|p2a: Crawdaunt
|-supereffective|p2a: Crawdaunt
|-damage|p2a: Crawdaunt|0 fnt
|faint|p2a: Crawdaunt
|
|upkeep
|-message|DonulTrum forfeited.
|
|win|Arcaninesquad
|raw|Arcaninesquad's rating: 1631 &rarr; <strong>1654</strong><br />(+23 for winning)
|raw|DonulTrum's rating: 1681 &rarr; <strong>1658</strong><br />(-23 for losing)
|l|☆DonulTrum
|l| piled
|l| Marquesa-10%
