|j|☆Oryen
|j|☆smollest brian
|inactive|Battle timer is ON: inactive players will automatically lose when time's up.
|t:|1655128653
|gametype|singles
|player|p1|Oryen|bruno-gen1|
|player|p2|smollest brian|sonia|
|teamsize|p1|6
|teamsize|p2|6
|gen|8
|tier|[Gen 8] OU
|rated|Tournament battle
|rule|Sleep Clause Mod: Limit one foe put to sleep
|rule|Species Clause: Limit one of each Pokémon
|rule|OHKO Clause: OHKO moves are banned
|rule|Evasion Moves Clause: Evasion moves are banned
|rule|Endless Battle Clause: Forcing endless battles is banned
|rule|HP Percentage Mod: HP is shown in percentages
|rule|Dynamax Clause: You cannot dynamax
|clearpoke
|poke|p1|Slowbro, F|
|poke|p1|Blacephalon|
|poke|p1|Landorus-Therian, M|
|poke|p1|Blissey, F|
|poke|p1|Buzzwole|
|poke|p1|Melmetal|
|poke|p2|Tapu Fini|
|poke|p2|Magnezone|
|poke|p2|Blissey, F|
|poke|p2|Melmetal|
|poke|p2|Dragapult, M|
|poke|p2|Landorus-Therian, M|
|teampreview
|j|*Lady Monita ☀
|j| natsuzamaki
|j| shndj
|c|☆Oryen|hf
|j| Nitrobinet
|c|☆smollest brian|u2
|j| Giles The Watcher
|j| MetalReferencesMan
|l| Giles The Watcher
|j| yo sup guys
|
|t:|1655128673
|start
|switch|p1a: Slowbro|Slowbro, F|100/100
|switch|p2a: Landorus|Landorus-Therian, M|100/100
|-ability|p2a: Landorus|Intimidate|boost
|-unboost|p1a: Slowbro|atk|1
|turn|1
|
|t:|1655128679
|move|p2a: Landorus|Stealth Rock|p1a: Slowbro
|-sidestart|p1: Oryen|move: Stealth Rock
|move|p1a: Slowbro|Scald|p2a: Landorus
|-supereffective|p2a: Landorus
|-damage|p2a: Landorus|40/100
|
|upkeep
|turn|2
|j| HeyGreen09
|
|t:|1655128687
|move|p2a: Landorus|U-turn|p1a: Slowbro
|-supereffective|p1a: Slowbro
|-damage|p1a: Slowbro|66/100
|-damage|p2a: Landorus|24/100|[from] item: Rocky Helmet|[of] p1a: Slowbro
|l| HeyGreen09
|
|t:|1655128699
|switch|p2a: Tapu Fini|Tapu Fini|100/100|[from]move: U-turn
|-fieldstart|move: Misty Terrain|[from] ability: Misty Surge|[of] p2a: Tapu Fini
|move|p1a: Slowbro|Teleport|p1a: Slowbro
|j| AriadneOnNaxos
|
|t:|1655128708
|switch|p1a: Melmetal|Melmetal|100/100|[from]move: Teleport
|-damage|p1a: Melmetal|94/100|[from] Stealth Rock
|
|upkeep
|turn|3
|
|t:|1655128715
|switch|p2a: Magnezone|Magnezone|100/100
|move|p1a: Melmetal|Earthquake|p2a: Magnezone
|-supereffective|p2a: Magnezone
|-damage|p2a: Magnezone|0 fnt
|faint|p2a: Magnezone
|
|upkeep
|
|t:|1655128721
|switch|p2a: Melmetal|Melmetal|100/100
|turn|4
|
|t:|1655128726
|switch|p1a: Buzzwole|Buzzwole|100/100
|move|p2a: Melmetal|Double Iron Bash|p1a: Buzzwole
|-damage|p1a: Buzzwole|68/100
|-damage|p1a: Buzzwole|37/100
|-hitcount|p1a: Buzzwole|2
|
|upkeep
|turn|5
|
|t:|1655128738
|switch|p1a: Slowbro|Slowbro, F|99/100
|-damage|p1a: Slowbro|87/100|[from] Stealth Rock
|switch|p2a: Dragapult|Dragapult, M|100/100
|
|upkeep
|turn|6
|
|t:|1655128744
|move|p2a: Dragapult|U-turn|p1a: Slowbro
|-supereffective|p1a: Slowbro
|-damage|p1a: Slowbro|59/100
|-damage|p2a: Dragapult|84/100|[from] item: Rocky Helmet|[of] p1a: Slowbro
|
|t:|1655128748
|switch|p2a: Tapu Fini|Tapu Fini|100/100|[from]move: U-turn
|move|p1a: Slowbro|Teleport|p1a: Slowbro
|
|t:|1655128753
|switch|p1a: Melmetal|Melmetal|94/100|[from]move: Teleport
|-damage|p1a: Melmetal|88/100|[from] Stealth Rock
|
|-fieldend|Misty Terrain
|upkeep
|turn|7
|
|t:|1655128756
|move|p2a: Tapu Fini|Scald|p1a: Melmetal
|-damage|p1a: Melmetal|62/100
|move|p1a: Melmetal|Double Iron Bash|p2a: Tapu Fini
|-crit|p2a: Tapu Fini
|-damage|p2a: Tapu Fini|38/100
|-damage|p2a: Tapu Fini|0 fnt
|faint|p2a: Tapu Fini
|-hitcount|p2: Tapu Fini|2
|
|upkeep
|
|t:|1655128761
|switch|p2a: Landorus|Landorus-Therian, M|24/100
|-ability|p2a: Landorus|Intimidate|boost
|-unboost|p1a: Melmetal|atk|1
|turn|8
|
|t:|1655128766
|switch|p1a: Landorus|Landorus-Therian, M|100/100
|-damage|p1a: Landorus|88/100|[from] Stealth Rock
|-ability|p1a: Landorus|Intimidate|boost
|-unboost|p2a: Landorus|atk|1
|move|p2a: Landorus|U-turn|p1a: Landorus
|-resisted|p1a: Landorus
|-damage|p1a: Landorus|81/100
|
|t:|1655128770
|switch|p2a: Dragapult|Dragapult, M|84/100|[from]move: U-turn
|
|-heal|p1a: Landorus|87/100|[from] item: Leftovers
|upkeep
|turn|9
|
|t:|1655128776
|move|p2a: Dragapult|U-turn|p1a: Landorus
|-resisted|p1a: Landorus
|-damage|p1a: Landorus|78/100
|
|t:|1655128780
|switch|p2a: Landorus|Landorus-Therian, M|24/100|[from]move: U-turn
|-ability|p2a: Landorus|Intimidate|boost
|-unboost|p1a: Landorus|atk|1
|move|p1a: Landorus|Knock Off|p2a: Landorus
|-damage|p2a: Landorus|7/100
|-damage|p1a: Landorus|62/100|[from] item: Rocky Helmet|[of] p2a: Landorus
|-enditem|p2a: Landorus|Rocky Helmet|[from] move: Knock Off|[of] p1a: Landorus
|
|-heal|p1a: Landorus|68/100|[from] item: Leftovers
|upkeep
|turn|10
|
|t:|1655128788
|move|p2a: Landorus|Knock Off|p1a: Landorus
|-damage|p1a: Landorus|39/100
|-enditem|p1a: Landorus|Leftovers|[from] move: Knock Off|[of] p2a: Landorus
|move|p1a: Landorus|Defog|p2a: Landorus
|-unboost|p2a: Landorus|evasion|1
|-sideend|p1: Oryen|Stealth Rock|[from] move: Defog|[of] p1a: Landorus
|
|upkeep
|turn|11
|
|t:|1655128801
|move|p2a: Landorus|Stealth Rock|p1a: Landorus
|-sidestart|p1: Oryen|move: Stealth Rock
|move|p1a: Landorus|Knock Off|p2a: Landorus
|-damage|p2a: Landorus|0 fnt
|faint|p2a: Landorus
|
|upkeep
|
|t:|1655128806
|switch|p2a: Dragapult|Dragapult, M|84/100
|turn|12
|
|t:|1655128808
|switch|p1a: Blissey|Blissey, F|100/100
|move|p2a: Dragapult|Shadow Ball|p1a: Blissey
|-immune|p1a: Blissey
|
|upkeep
|turn|13
|
|t:|1655128816
|switch|p2a: Melmetal|Melmetal|100/100
|switch|p1a: Landorus|Landorus-Therian, M|39/100
|-damage|p1a: Landorus|27/100|[from] Stealth Rock
|-ability|p1a: Landorus|Intimidate|boost
|-unboost|p2a: Melmetal|atk|1
|
|upkeep
|turn|14
|
|t:|1655128823
|move|p1a: Landorus|Defog|p2a: Melmetal
|-unboost|p2a: Melmetal|evasion|1
|-sideend|p1: Oryen|Stealth Rock|[from] move: Defog|[of] p1a: Landorus
|move|p2a: Melmetal|Double Iron Bash|p1a: Landorus
|-damage|p1a: Landorus|0 fnt
|faint|p1a: Landorus
|-hitcount|p1: Landorus|1
|
|upkeep
|
|t:|1655128828
|switch|p1a: Buzzwole|Buzzwole|37/100
|turn|15
|
|t:|1655128832
|move|p1a: Buzzwole|Roost|p1a: Buzzwole
|-heal|p1a: Buzzwole|87/100
|-singleturn|p1a: Buzzwole|move: Roost
|move|p2a: Melmetal|Double Iron Bash|p1a: Buzzwole
|-damage|p1a: Buzzwole|64/100
|-damage|p1a: Buzzwole|43/100
|-hitcount|p1a: Buzzwole|2
|
|upkeep
|turn|16
|
|t:|1655128837
|switch|p2a: Dragapult|Dragapult, M|84/100
|move|p1a: Buzzwole|Roost|p1a: Buzzwole
|-heal|p1a: Buzzwole|93/100
|-singleturn|p1a: Buzzwole|move: Roost
|
|upkeep
|turn|17
|j| myChatIsOff239
|l| shndj
|
|t:|1655128843
|switch|p1a: Blissey|Blissey, F|100/100
|move|p2a: Dragapult|Draco Meteor|p1a: Blissey
|-damage|p1a: Blissey|70/100
|-unboost|p2a: Dragapult|spa|2
|
|upkeep
|turn|18
|
|t:|1655128852
|switch|p2a: Blissey|Blissey, F|100/100
|switch|p1a: Blacephalon|Blacephalon, shiny|100/100
|
|upkeep
|turn|19
|
|t:|1655128856
|move|p1a: Blacephalon|Trick|p2a: Blissey
|-activate|p1a: Blacephalon|move: Trick|[of] p2a: Blissey
|-item|p2a: Blissey|Choice Specs|[from] move: Trick
|-item|p1a: Blacephalon|Heavy-Duty Boots|[from] move: Trick
|move|p2a: Blissey|Thunder Wave|p1a: Blacephalon
|-status|p1a: Blacephalon|par
|
|upkeep
|turn|20
|
|t:|1655128864
|switch|p2a: Melmetal|Melmetal|100/100
|cant|p1a: Blacephalon|par
|
|upkeep
|turn|21
|
|t:|1655128874
|switch|p1a: Buzzwole|Buzzwole|93/100
|move|p2a: Melmetal|Double Iron Bash|p1a: Buzzwole
|-damage|p1a: Buzzwole|61/100
|-damage|p1a: Buzzwole|32/100
|-hitcount|p1a: Buzzwole|2
|
|upkeep
|turn|22
|
|t:|1655128879
|move|p1a: Buzzwole|Roost|p1a: Buzzwole
|-heal|p1a: Buzzwole|82/100
|-singleturn|p1a: Buzzwole|move: Roost
|move|p2a: Melmetal|Double Iron Bash|p1a: Buzzwole
|-damage|p1a: Buzzwole|53/100
|-damage|p1a: Buzzwole|21/100
|-hitcount|p1a: Buzzwole|2
|
|upkeep
|turn|23
|
|t:|1655128887
|switch|p1a: Slowbro|Slowbro, F|93/100
|move|p2a: Melmetal|Double Iron Bash|p1a: Slowbro
|-resisted|p1a: Slowbro
|-damage|p1a: Slowbro|68/100
|-damage|p2a: Melmetal|84/100|[from] item: Rocky Helmet|[of] p1a: Slowbro
|-resisted|p1a: Slowbro
|-damage|p1a: Slowbro|40/100
|-damage|p2a: Melmetal|68/100|[from] item: Rocky Helmet|[of] p1a: Slowbro
|-hitcount|p1a: Slowbro|2
|
|upkeep
|turn|24
|j| ghdorah
|
|t:|1655128899
|move|p2a: Melmetal|Double Iron Bash|p1a: Slowbro
|-resisted|p1a: Slowbro
|-damage|p1a: Slowbro|12/100
|-damage|p2a: Melmetal|51/100|[from] item: Rocky Helmet|[of] p1a: Slowbro
|-resisted|p1a: Slowbro
|-damage|p1a: Slowbro|0 fnt
|-damage|p2a: Melmetal|35/100|[from] item: Rocky Helmet|[of] p1a: Slowbro
|faint|p1a: Slowbro
|-hitcount|p1: Slowbro|2
|
|upkeep
|
|t:|1655128906
|switch|p1a: Buzzwole|Buzzwole|21/100
|turn|25
|
|t:|1655128910
|switch|p2a: Dragapult|Dragapult, M|84/100
|move|p1a: Buzzwole|Roost|p1a: Buzzwole
|-heal|p1a: Buzzwole|71/100
|-singleturn|p1a: Buzzwole|move: Roost
|
|upkeep
|turn|26
|
|t:|1655128919
|switch|p1a: Blissey|Blissey, F|70/100
|move|p2a: Dragapult|U-turn|p1a: Blissey
|-damage|p1a: Blissey|56/100
|
|t:|1655128922
|switch|p2a: Melmetal|Melmetal|35/100|[from]move: U-turn
|
|upkeep
|turn|27
|
|t:|1655128928
|switch|p1a: Buzzwole|Buzzwole|71/100
|move|p2a: Melmetal|Superpower|p1a: Buzzwole
|-resisted|p1a: Buzzwole
|-damage|p1a: Buzzwole|52/100
|-unboost|p2a: Melmetal|atk|1
|-unboost|p2a: Melmetal|def|1
|
|upkeep
|turn|28
|
|t:|1655128933
|switch|p2a: Dragapult|Dragapult, M|84/100
|move|p1a: Buzzwole|Ice Punch|p2a: Dragapult
|-supereffective|p2a: Dragapult
|-damage|p2a: Dragapult|22/100
|
|upkeep
|turn|29
|
|t:|1655128938
|switch|p1a: Blissey|Blissey, F|56/100
|move|p2a: Dragapult|U-turn|p1a: Blissey
|-damage|p1a: Blissey|40/100
|
|t:|1655128941
|switch|p2a: Melmetal|Melmetal|35/100|[from]move: U-turn
|
|upkeep
|turn|30
|j| Dragokommo-o
|
|t:|1655128954
|switch|p1a: Melmetal|Melmetal|62/100
|move|p2a: Melmetal|Double Iron Bash|p1a: Melmetal
|-resisted|p1a: Melmetal
|-damage|p1a: Melmetal|44/100
|-resisted|p1a: Melmetal
|-damage|p1a: Melmetal|27/100
|-hitcount|p1a: Melmetal|2
|
|upkeep
|turn|31
|
|t:|1655128961
|-activate|p2a: Melmetal|move: Struggle
|move|p2a: Melmetal|Struggle|p1a: Melmetal
|-damage|p1a: Melmetal|10/100
|-damage|p2a: Melmetal|10/100|[from] recoil
|move|p1a: Melmetal|Double Iron Bash|p2a: Melmetal
|-resisted|p2a: Melmetal
|-damage|p2a: Melmetal|0 fnt
|faint|p2a: Melmetal
|-hitcount|p2: Melmetal|1
|
|upkeep
|l| Dragokommo-o
|
|t:|1655128967
|switch|p2a: Dragapult|Dragapult, M|22/100
|turn|32
|
|t:|1655128972
|move|p2a: Dragapult|Flamethrower|p1a: Melmetal
|-supereffective|p1a: Melmetal
|-damage|p1a: Melmetal|0 fnt
|faint|p1a: Melmetal
|
|upkeep
|
|t:|1655128980
|switch|p1a: Blissey|Blissey, F|40/100
|turn|33
|
|t:|1655128984
|switch|p2a: Blissey|Blissey, F|100/100
|move|p1a: Blissey|Soft-Boiled|p1a: Blissey
|-heal|p1a: Blissey|90/100
|
|upkeep
|turn|34
|
|t:|1655128987
|move|p1a: Blissey|Toxic|p2a: Blissey
|-status|p2a: Blissey|tox
|move|p2a: Blissey|Wish|p2a: Blissey
|
|-damage|p2a: Blissey|94/100 tox|[from] psn
|upkeep
|turn|35
|
|t:|1655128992
|-curestatus|p2a: Blissey|tox|[from] ability: Natural Cure
|switch|p2a: Dragapult|Dragapult, M|22/100
|move|p1a: Blissey|Toxic|p2a: Dragapult
|-status|p2a: Dragapult|tox
|
|-heal|p2a: Dragapult|100/100 tox|[from] move: Wish|[wisher] Blissey
|-damage|p2a: Dragapult|95/100 tox|[from] psn
|upkeep
|turn|36
|
|t:|1655129000
|move|p2a: Dragapult|U-turn|p1a: Blissey
|-crit|p1a: Blissey
|-damage|p1a: Blissey|68/100
|
|t:|1655129002
|switch|p2a: Blissey|Blissey, F|94/100|[from]move: U-turn
|move|p1a: Blissey|Stealth Rock|p2a: Blissey
|-sidestart|p2: smollest brian|move: Stealth Rock
|
|upkeep
|turn|37
|
|t:|1655129015
|move|p1a: Blissey|Toxic|p2a: Blissey
|-status|p2a: Blissey|tox
|move|p2a: Blissey|Seismic Toss|p1a: Blissey
|-damage|p1a: Blissey|54/100
|
|-damage|p2a: Blissey|88/100 tox|[from] psn
|upkeep
|turn|38
|l| Nitrobinet
|
|t:|1655129021
|move|p1a: Blissey|Soft-Boiled|p1a: Blissey
|-heal|p1a: Blissey|100/100
|move|p2a: Blissey|Seismic Toss|p1a: Blissey
|-damage|p1a: Blissey|86/100
|
|-damage|p2a: Blissey|76/100 tox|[from] psn
|upkeep
|turn|39
|c|☆smollest brian|gg
|l| AriadneOnNaxos
|-message|smollest brian forfeited.
|
|win|Oryen
|n|☆Oryen|oryen
|n|☆smollest brian|smollestbrian
|n|*Lady Monita ☀|ladymonita
|n| natsuzamaki|natsuzamaki
|n| MetalReferencesMan|metalreferencesman
|n| yo sup guys|yosupguys
|n| myChatIsOff239|mychatisoff239
|n| ghdorah|ghdorah
