|j|☆DiegoDemon
|j|☆soap776
|t:|1635004788
|gametype|singles
|player|p1|DiegoDemon|officeworker|1398
|player|p2|soap776|nate|1356
|teamsize|p1|6
|teamsize|p2|6
|gen|8
|tier|[Gen 8] OU
|rated|
|rule|Sleep Clause Mod: Limit one foe put to sleep
|rule|Species Clause: Limit one of each Pokémon
|rule|OHKO Clause: OHKO moves are banned
|rule|Evasion Moves Clause: Evasion moves are banned
|rule|Endless Battle Clause: Forcing endless battles is banned
|rule|HP Percentage Mod: HP is shown in percentages
|rule|Dynamax Clause: You cannot dynamax
|clearpoke
|poke|p1|Mew|
|poke|p1|Regieleki|
|poke|p1|Jirachi|
|poke|p1|Thundurus, M|
|poke|p1|Clefable, F|
|poke|p1|Garchomp, M|
|poke|p2|Barraskewda, F|
|poke|p2|Garchomp, M|
|poke|p2|Ferrothorn, M|
|poke|p2|Pelipper, M|
|poke|p2|Tornadus, M|
|poke|p2|Tapu Fini|
|teampreview
|inactive|Battle timer is ON: inactive players will automatically lose when time's up. (requested by DiegoDemon)
|
|t:|1635004889
|start
|switch|p1a: Jirachi|Jirachi, shiny|100/100
|switch|p2a: Garchomp|Garchomp, M|100/100
|turn|1
|inactive|DiegoDemon has 120 seconds left.
|
|t:|1635004949
|move|p2a: Garchomp|Earthquake|p1a: Jirachi
|-supereffective|p1a: Jirachi
|-damage|p1a: Jirachi|0 fnt
|faint|p1a: Jirachi
|
|upkeep
|inactive|DiegoDemon has 90 seconds left.
|
|t:|1635004959
|switch|p1a: Garchomp|Garchomp, M, shiny|100/100
|turn|2
|
|t:|1635004974
|move|p2a: Garchomp|Scale Shot|p1a: Garchomp
|-supereffective|p1a: Garchomp
|-damage|p1a: Garchomp|86/100
|-supereffective|p1a: Garchomp
|-damage|p1a: Garchomp|70/100
|-supereffective|p1a: Garchomp
|-damage|p1a: Garchomp|55/100
|-hitcount|p1a: Garchomp|3
|-unboost|p2a: Garchomp|def|1
|-boost|p2a: Garchomp|spe|1
|move|p1a: Garchomp|Stealth Rock|p2a: Garchomp
|-sidestart|p2: soap776|move: Stealth Rock
|
|-heal|p1a: Garchomp|61/100|[from] item: Leftovers
|upkeep
|turn|3
|inactive|DiegoDemon has 90 seconds left.
|
|t:|1635005000
|switch|p1a: Mew|Mew, shiny|100/100
|move|p2a: Garchomp|Earthquake|p1a: Mew
|-damage|p1a: Mew|45/100
|
|upkeep
|turn|4
|
|t:|1635005011
|move|p2a: Garchomp|Scale Shot|p1a: Mew
|-damage|p1a: Mew|32/100
|-damage|p1a: Mew|18/100
|-damage|p1a: Mew|4/100
|-hitcount|p1a: Mew|3
|-unboost|p2a: Garchomp|def|1
|-boost|p2a: Garchomp|spe|1
|move|p1a: Mew|Ice Beam|p2a: Garchomp
|-supereffective|p2a: Garchomp
|-damage|p2a: Garchomp|0 fnt
|faint|p2a: Garchomp
|
|upkeep
|
|t:|1635005021
|switch|p2a: Barraskewda|Barraskewda, F|100/100
|-damage|p2a: Barraskewda|88/100|[from] Stealth Rock
|turn|5
|
|t:|1635005026
|switch|p1a: Garchomp|Garchomp, M, shiny|61/100
|move|p2a: Barraskewda|Flip Turn|p1a: Garchomp
|-damage|p1a: Garchomp|32/100
|-damage|p2a: Barraskewda|76/100|[from] ability: Rough Skin|[of] p1a: Garchomp
|
|t:|1635005031
|switch|p2a: Tapu Fini|Tapu Fini|100/100|[from]move: Flip Turn
|-damage|p2a: Tapu Fini|88/100|[from] Stealth Rock
|-fieldstart|move: Misty Terrain|[from] ability: Misty Surge|[of] p2a: Tapu Fini
|
|-heal|p1a: Garchomp|39/100|[from] item: Leftovers
|upkeep
|turn|6
|
|t:|1635005044
|switch|p1a: Mew|Mew, shiny|4/100
|move|p2a: Tapu Fini|Defog|p1a: Mew
|-unboost|p1a: Mew|evasion|1
|-sideend|p2: soap776|Stealth Rock|[from] move: Defog|[of] p2a: Tapu Fini
|-fieldend|Misty Terrain
|
|upkeep
|turn|7
|
|t:|1635005053
|switch|p2a: Ferrothorn|Ferrothorn, M|100/100
|move|p1a: Mew|Trick|p2a: Ferrothorn
|-activate|p1a: Mew|move: Trick|[of] p2a: Ferrothorn
|-item|p2a: Ferrothorn|Choice Specs|[from] move: Trick
|-item|p1a: Mew|Leftovers|[from] move: Trick
|
|-heal|p1a: Mew|10/100|[from] item: Leftovers
|upkeep
|turn|8
|
|t:|1635005065
|move|p1a: Mew|Aura Sphere|p2a: Ferrothorn
|-supereffective|p2a: Ferrothorn
|-damage|p2a: Ferrothorn|69/100
|move|p2a: Ferrothorn|Knock Off|p1a: Mew
|-supereffective|p1a: Mew
|-damage|p1a: Mew|0 fnt
|-enditem|p1a: Mew|Leftovers|[from] move: Knock Off|[of] p2a: Ferrothorn
|faint|p1a: Mew
|
|upkeep
|inactive|DiegoDemon has 90 seconds left.
|inactive|DiegoDemon has 60 seconds left.
|
|t:|1635005123
|switch|p1a: Thundurus|Thundurus, M|100/100
|turn|9
|
|t:|1635005145
|switch|p2a: Pelipper|Pelipper, M|100/100
|-weather|RainDance|[from] ability: Drizzle|[of] p2a: Pelipper
|move|p1a: Thundurus|Bulk Up|p1a: Thundurus
|-boost|p1a: Thundurus|atk|1
|-boost|p1a: Thundurus|def|1
|
|-weather|RainDance|[upkeep]
|upkeep
|turn|10
|inactive|soap776 has 120 seconds left.
|
|t:|1635005193
|switch|p2a: Ferrothorn|Ferrothorn, M|69/100
|move|p1a: Thundurus|Thunder Punch|p2a: Ferrothorn
|-resisted|p2a: Ferrothorn
|-damage|p2a: Ferrothorn|49/100
|-damage|p1a: Thundurus|88/100|[from] ability: Iron Barbs|[of] p2a: Ferrothorn
|
|-weather|RainDance|[upkeep]
|upkeep
|turn|11
|
|t:|1635005212
|move|p1a: Thundurus|Bulk Up|p1a: Thundurus
|-boost|p1a: Thundurus|atk|1
|-boost|p1a: Thundurus|def|1
|move|p2a: Ferrothorn|Leech Seed|p1a: Thundurus
|-start|p1a: Thundurus|move: Leech Seed
|
|-weather|RainDance|[upkeep]
|-damage|p1a: Thundurus|76/100|[from] Leech Seed|[of] p2a: Ferrothorn
|-heal|p2a: Ferrothorn|59/100|[silent]
|upkeep
|turn|12
|
|t:|1635005222
|move|p1a: Thundurus|Bulk Up|p1a: Thundurus
|-boost|p1a: Thundurus|atk|1
|-boost|p1a: Thundurus|def|1
|move|p2a: Ferrothorn|Leech Seed||[still]
|-fail|p2a: Ferrothorn
|
|-weather|RainDance|[upkeep]
|-damage|p1a: Thundurus|63/100|[from] Leech Seed|[of] p2a: Ferrothorn
|-heal|p2a: Ferrothorn|70/100|[silent]
|upkeep
|turn|13
|
|t:|1635005229
|move|p1a: Thundurus|Superpower|p2a: Ferrothorn
|-supereffective|p2a: Ferrothorn
|-damage|p2a: Ferrothorn|0 fnt
|-unboost|p1a: Thundurus|atk|1
|-unboost|p1a: Thundurus|def|1
|-damage|p1a: Thundurus|51/100|[from] ability: Iron Barbs|[of] p2a: Ferrothorn
|faint|p2a: Ferrothorn
|
|-weather|RainDance|[upkeep]
|upkeep
|
|t:|1635005244
|switch|p2a: Barraskewda|Barraskewda, F|76/100
|turn|14
|inactive|DiegoDemon has 90 seconds left.
|inactive|soap776 has 90 seconds left.
|
|t:|1635005270
|switch|p1a: Garchomp|Garchomp, M, shiny|39/100
|move|p2a: Barraskewda|Flip Turn|p1a: Garchomp
|-damage|p1a: Garchomp|0 fnt
|-damage|p2a: Barraskewda|64/100|[from] ability: Rough Skin|[of] p1a: Garchomp
|faint|p1a: Garchomp
|
|t:|1635005276
|switch|p2a: Tapu Fini|Tapu Fini|88/100|[from]move: Flip Turn
|-fieldstart|move: Misty Terrain|[from] ability: Misty Surge|[of] p2a: Tapu Fini
|
|-weather|RainDance|[upkeep]
|upkeep
|
|t:|1635005282
|switch|p1a: Regieleki|Regieleki|100/100
|turn|15
|inactive|DiegoDemon has 90 seconds left.
|
|t:|1635005288
|move|p1a: Regieleki|Thunderbolt|p2a: Tapu Fini
|-supereffective|p2a: Tapu Fini
|-damage|p2a: Tapu Fini|0 fnt
|faint|p2a: Tapu Fini
|
|-weather|RainDance|[upkeep]
|upkeep
|
|t:|1635005294
|switch|p2a: Barraskewda|Barraskewda, F|64/100
|turn|16
|
|t:|1635005298
|switch|p1a: Clefable|Clefable, F, shiny|100/100
|move|p2a: Barraskewda|Liquidation|p1a: Clefable
|-damage|p1a: Clefable|0 fnt
|faint|p1a: Clefable
|
|-weather|none
|upkeep
|
|t:|1635005306
|switch|p1a: Regieleki|Regieleki|100/100
|turn|17
|
|t:|1635005312
|switch|p2a: Pelipper|Pelipper, M|100/100
|-weather|RainDance|[from] ability: Drizzle|[of] p2a: Pelipper
|move|p1a: Regieleki|Rapid Spin|p2a: Pelipper
|-damage|p2a: Pelipper|92/100
|-boost|p1a: Regieleki|spe|1
|
|-weather|RainDance|[upkeep]
|upkeep
|turn|18
|inactive|soap776 has 120 seconds left.
|
|t:|1635005325
|move|p1a: Regieleki|Rapid Spin|p2a: Pelipper
|-damage|p2a: Pelipper|84/100
|-boost|p1a: Regieleki|spe|1
|move|p2a: Pelipper|Hurricane|p1a: Regieleki
|-resisted|p1a: Regieleki
|-damage|p1a: Regieleki|62/100
|
|-weather|RainDance|[upkeep]
|-fieldend|Misty Terrain
|upkeep
|turn|19
|
|t:|1635005335
|move|p1a: Regieleki|Thunderbolt|p2a: Pelipper
|-supereffective|p2a: Pelipper
|-damage|p2a: Pelipper|0 fnt
|faint|p2a: Pelipper
|
|-weather|RainDance|[upkeep]
|upkeep
|
|t:|1635005339
|switch|p2a: Tornadus|Tornadus, M|100/100
|turn|20
|
|t:|1635005342
|move|p1a: Regieleki|Thunderbolt|p2a: Tornadus
|-supereffective|p2a: Tornadus
|-damage|p2a: Tornadus|0 fnt
|faint|p2a: Tornadus
|
|-weather|RainDance|[upkeep]
|upkeep
|-message|soap776 forfeited.
|
|win|DiegoDemon
|raw|DiegoDemon's rating: 1398 &rarr; <strong>1416</strong><br />(+18 for winning)
|raw|soap776's rating: 1356 &rarr; <strong>1338</strong><br />(-18 for losing)
|l|☆soap776
||Ladder isn't responding, score probably updated but might not have (Request timeout).
