|raw|<div class="broadcast-blue"><strong>This battle is required to be public due to a player having a name starting with 'lt94je'.</div>
|j|☆LT94JE 33321
|j|☆bramitoboy
|t:|1661517580
|gametype|singles
|player|p1|LT94JE 33321|az|1899
|player|p2|bramitoboy|1|1971
|teamsize|p1|6
|teamsize|p2|6
|gen|8
|tier|[Gen 8] OU
|rated|
|rule|Sleep Clause Mod: Limit one foe put to sleep
|rule|Species Clause: Limit one of each Pokémon
|rule|OHKO Clause: OHKO moves are banned
|rule|Evasion Items Clause: Evasion items are banned
|rule|Evasion Moves Clause: Evasion moves are banned
|rule|Endless Battle Clause: Forcing endless battles is banned
|rule|HP Percentage Mod: HP is shown in percentages
|rule|Dynamax Clause: You cannot dynamax
|clearpoke
|poke|p1|Kartana|
|poke|p1|Tapu Lele|
|poke|p1|Blissey, F|
|poke|p1|Landorus-Therian, M|
|poke|p1|Toxapex, F|
|poke|p1|Zapdos|
|poke|p2|Zarude-Dada|
|poke|p2|Keldeo-Resolute|
|poke|p2|Tapu Lele|
|poke|p2|Tapu Koko|
|poke|p2|Heatran, F|
|poke|p2|Landorus-Therian, M|
|teampreview
|inactive|Battle timer is ON: inactive players will automatically lose when time's up. (requested by LT94JE 33321)
|j| Ninjack Testing
|j| cypherstest
|
|t:|1661517609
|start
|switch|p1a: Tapu Lele|Tapu Lele|100/100
|switch|p2a: Tapu Lele|Tapu Lele|100/100
|-fieldstart|move: Psychic Terrain|[from] ability: Psychic Surge|[of] p1a: Tapu Lele
|turn|1
|j| qxfn143
|j| Nom-interdit
|
|t:|1661517614
|switch|p1a: Blissey|Blissey, F|100/100
|move|p2a: Tapu Lele|Moonblast|p1a: Blissey
|-damage|p1a: Blissey|79/100
|
|upkeep
|turn|2
|j| 4funaccount
|
|t:|1661517618
|move|p2a: Tapu Lele|Psyshock|p1a: Blissey
|-damage|p1a: Blissey|26/100
|move|p1a: Blissey|Teleport|p1a: Blissey
|
|t:|1661517623
|switch|p1a: Kartana|Kartana|100/100|[from]move: Teleport
|
|upkeep
|turn|3
|
|t:|1661517628
|switch|p2a: Landorus|Landorus-Therian, M|100/100
|-ability|p2a: Landorus|Intimidate|boost
|-unboost|p1a: Kartana|atk|1
|move|p1a: Kartana|Knock Off|p2a: Landorus
|-damage|p2a: Landorus|79/100
|-damage|p1a: Kartana|84/100|[from] item: Rocky Helmet|[of] p2a: Landorus
|-enditem|p2a: Landorus|Rocky Helmet|[from] move: Knock Off|[of] p1a: Kartana
|
|upkeep
|turn|4
|j| LT94JE Herv
|
|t:|1661517633
|switch|p1a: Zapdos|Zapdos|100/100
|move|p2a: Landorus|Knock Off|p1a: Zapdos
|-damage|p1a: Zapdos|77/100
|-enditem|p1a: Zapdos|Heavy-Duty Boots|[from] move: Knock Off|[of] p2a: Landorus
|
|upkeep
|turn|5
|j| gen789
|
|t:|1661517640
|switch|p2a: Tapu Koko|Tapu Koko|100/100
|-fieldstart|move: Electric Terrain|[from] ability: Electric Surge|[of] p2a: Tapu Koko
|move|p1a: Zapdos|Volt Switch|p2a: Tapu Koko
|-resisted|p2a: Tapu Koko
|-crit|p2a: Tapu Koko
|-damage|p2a: Tapu Koko|69/100
|j| Separation
|
|t:|1661517647
|switch|p1a: Tapu Lele|Tapu Lele|100/100|[from]move: Volt Switch
|-fieldstart|move: Psychic Terrain|[from] ability: Psychic Surge|[of] p1a: Tapu Lele
|
|upkeep
|turn|6
|
|t:|1661517649
|move|p2a: Tapu Koko|Volt Switch|p1a: Tapu Lele
|-damage|p1a: Tapu Lele|66/100
|
|t:|1661517654
|switch|p2a: Heatran|Heatran, F|100/100|[from]move: Volt Switch
|-item|p2a: Heatran|Air Balloon
|move|p1a: Tapu Lele|Focus Blast|p2a: Heatran|[miss]
|-miss|p1a: Tapu Lele|p2a: Heatran
|
|upkeep
|turn|7
|
|t:|1661517664
|switch|p1a: Landorus|Landorus-Therian, M|100/100
|-ability|p1a: Landorus|Intimidate|boost
|-unboost|p2a: Heatran|atk|1
|move|p2a: Heatran|Stealth Rock|p1a: Landorus
|-sidestart|p1: LT94JE 33321|move: Stealth Rock
|
|upkeep
|turn|8
|j| isabela000◥▶_◀◤
|
|t:|1661517668
|move|p1a: Landorus|Stone Edge|p2a: Heatran
|-damage|p2a: Heatran|71/100
|-enditem|p2a: Heatran|Air Balloon
|move|p2a: Heatran|Magma Storm|p1a: Landorus
|-damage|p1a: Landorus|49/100
|-activate|p1a: Landorus|move: Magma Storm|[of] p2a: Heatran
|
|-heal|p1a: Landorus|55/100|[from] item: Leftovers
|-damage|p1a: Landorus|42/100|[from] move: Magma Storm|[partiallytrapped]
|upkeep
|turn|9
|j| Ragnnis
|
|t:|1661517677
|switch|p2a: Landorus|Landorus-Therian, M|79/100
|-ability|p2a: Landorus|Intimidate|boost
|-unboost|p1a: Landorus|atk|1
|move|p1a: Landorus|Earthquake|p2a: Landorus
|-immune|p2a: Landorus
|
|-heal|p1a: Landorus|48/100|[from] item: Leftovers
|-end|p1a: Landorus|Magma Storm|[partiallytrapped]|[silent]
|-fieldend|move: Psychic Terrain
|upkeep
|turn|10
|
|t:|1661517682
|move|p1a: Landorus|Toxic|p2a: Landorus
|-status|p2a: Landorus|tox
|move|p2a: Landorus|Knock Off|p1a: Landorus
|-damage|p1a: Landorus|18/100
|-enditem|p1a: Landorus|Leftovers|[from] move: Knock Off|[of] p2a: Landorus
|
|-damage|p2a: Landorus|72/100 tox|[from] psn
|upkeep
|turn|11
|
|t:|1661517688
|move|p1a: Landorus|Toxic|p2a: Landorus
|-fail|p2a: Landorus|tox
|move|p2a: Landorus|Knock Off|p1a: Landorus
|-damage|p1a: Landorus|0 fnt
|faint|p1a: Landorus
|
|-damage|p2a: Landorus|60/100 tox|[from] psn
|upkeep
|
|t:|1661517693
|switch|p1a: Toxapex|Toxapex, F|100/100
|-damage|p1a: Toxapex|88/100|[from] Stealth Rock
|turn|12
|
|t:|1661517697
|switch|p2a: Tapu Koko|Tapu Koko|69/100
|-fieldstart|move: Electric Terrain|[from] ability: Electric Surge|[of] p2a: Tapu Koko
|move|p1a: Toxapex|Toxic Spikes|p2a: Tapu Koko
|-sidestart|p2: bramitoboy|move: Toxic Spikes
|
|upkeep
|turn|13
|
|t:|1661517704
|move|p2a: Tapu Koko|Thunderbolt|p1a: Toxapex
|-supereffective|p1a: Toxapex
|-damage|p1a: Toxapex|0 fnt
|faint|p1a: Toxapex
|
|upkeep
|j| LT94JE DS
|
|t:|1661517712
|switch|p1a: Blissey|Blissey, F|26/100
|turn|14
|
|t:|1661517720
|switch|p2a: Heatran|Heatran, F|71/100
|move|p1a: Blissey|Soft-Boiled|p1a: Blissey
|-heal|p1a: Blissey|76/100
|
|upkeep
|turn|15
|
|t:|1661517724
|move|p2a: Heatran|Magma Storm|p1a: Blissey
|-damage|p1a: Blissey|56/100
|-activate|p1a: Blissey|move: Magma Storm|[of] p2a: Heatran
|move|p1a: Blissey|Seismic Toss|p2a: Heatran
|-damage|p2a: Heatran|46/100
|
|-damage|p1a: Blissey|44/100|[from] move: Magma Storm|[partiallytrapped]
|upkeep
|turn|16
|
|t:|1661517729
|move|p2a: Heatran|Taunt|p1a: Blissey
|-start|p1a: Blissey|move: Taunt
|move|p1a: Blissey|Seismic Toss|p2a: Heatran
|-damage|p2a: Heatran|20/100
|
|-damage|p1a: Blissey|31/100|[from] move: Magma Storm|[partiallytrapped]
|-fieldend|move: Electric Terrain
|upkeep
|turn|17
|
|t:|1661517736
|switch|p2a: Landorus|Landorus-Therian, M|60/100 tox
|-ability|p2a: Landorus|Intimidate|boost
|-unboost|p1a: Blissey|atk|1
|move|p1a: Blissey|Seismic Toss|p2a: Landorus
|-damage|p2a: Landorus|34/100 tox
|
|-damage|p2a: Landorus|28/100 tox|[from] psn
|-end|p1a: Blissey|Magma Storm|[partiallytrapped]|[silent]
|upkeep
|turn|18
|
|t:|1661517742
|move|p2a: Landorus|Defog|p1a: Blissey
|-unboost|p1a: Blissey|evasion|1
|-sideend|p1: LT94JE 33321|Stealth Rock|[from] move: Defog|[of] p2a: Landorus
|-sideend|p2: bramitoboy|Toxic Spikes|[from] move: Defog|[of] p2a: Landorus
|move|p1a: Blissey|Seismic Toss|p2a: Landorus
|-damage|p2a: Landorus|2/100 tox
|
|-damage|p2a: Landorus|0 fnt|[from] psn
|faint|p2a: Landorus
|-end|p1a: Blissey|move: Taunt
|upkeep
|
|t:|1661517748
|switch|p2a: Tapu Lele|Tapu Lele|100/100
|-fieldstart|move: Psychic Terrain|[from] ability: Psychic Surge|[of] p2a: Tapu Lele
|turn|19
|j| wish kisser
|
|t:|1661517752
|switch|p1a: Kartana|Kartana|84/100
|move|p2a: Tapu Lele|Psyshock|p1a: Kartana
|-resisted|p1a: Kartana
|-damage|p1a: Kartana|55/100
|
|upkeep
|turn|20
|j| filon
|
|t:|1661517761
|switch|p2a: Heatran|Heatran, F|20/100
|move|p1a: Kartana|Leaf Blade|p2a: Heatran
|-resisted|p2a: Heatran
|-crit|p2a: Heatran
|-damage|p2a: Heatran|0 fnt
|faint|p2a: Heatran
|-ability|p1a: Kartana|Beast Boost|boost
|-boost|p1a: Kartana|atk|1
|
|upkeep
|
|t:|1661517766
|switch|p2a: Tapu Koko|Tapu Koko|69/100
|-fieldstart|move: Electric Terrain|[from] ability: Electric Surge|[of] p2a: Tapu Koko
|turn|21
|
|t:|1661517770
|move|p2a: Tapu Koko|Thunderbolt|p1a: Kartana
|-resisted|p1a: Kartana
|-damage|p1a: Kartana|0 fnt
|faint|p1a: Kartana
|
|upkeep
|j| LT94JE Reze
|-message|LT94JE 33321 forfeited.
|
|win|bramitoboy
|raw|LT94JE 33321's rating: 1899 &rarr; <strong>1883</strong><br />(-16 for losing)
|raw|bramitoboy's rating: 1971 &rarr; <strong>1987</strong><br />(+16 for winning)
|l|☆LT94JE 33321
|l|☆bramitoboy
|j| stunfisk2140
|j| Z6MC
|l| stunfisk2140
|l| Z6MC
|l| Ragnnis
|l| LT94JE Reze
|l| Nom-interdit
|l| cypherstest
|j| AlIoutdragadarts
||Ladder isn't responding, score probably updated but might not have (Request timeout).
|l| AlIoutdragadarts
|l| gen789
|l| LT94JE Herv
|l| 4funaccount
|j| LT94JE Jack G
|l| Separation
|l| LT94JE Jack G
|j| stunfisk2140
|l| stunfisk2140
|j| arnavgupta
|l| qxfn143
|l| isabela000◥▶_◀◤
|j| LT94JE Carlos
|l| arnavgupta
|l| LT94JE Carlos
|l| filon
|j| Gwaaarn
