|j|☆val_dmb
|j|☆El Stefano
|t:|1659708102
|gametype|singles
|player|p1|val_dmb|red|1655
|player|p2|El Stefano|170|1670
|teamsize|p1|6
|teamsize|p2|6
|gen|8
|tier|[Gen 8] OU
|rated|
|rule|Sleep Clause Mod: Limit one foe put to sleep
|rule|Species Clause: Limit one of each Pokémon
|rule|OHKO Clause: OHKO moves are banned
|rule|Evasion Items Clause: Evasion items are banned
|rule|Evasion Moves Clause: Evasion moves are banned
|rule|Endless Battle Clause: Forcing endless battles is banned
|rule|HP Percentage Mod: HP is shown in percentages
|rule|Dynamax Clause: You cannot dynamax
|clearpoke
|poke|p1|Landorus-Therian, M|
|poke|p1|Kartana|
|poke|p1|Ferrothorn, M|
|poke|p1|Tornadus-Therian, M|
|poke|p1|Dragapult, M|
|poke|p1|Urshifu-*, F|
|poke|p2|Arctozolt|
|poke|p2|Tornadus-Therian, M|
|poke|p2|Arctovish|
|poke|p2|Volcarona, M|
|poke|p2|Garchomp, M|
|poke|p2|Ninetales-Alola, F|
|teampreview
|
|t:|1659708116
|start
|switch|p1a: Ferrothorn|Ferrothorn, M|100/100
|switch|p2a: Ninetales|Ninetales-Alola, F|100/100
|-weather|Hail|[from] ability: Snow Warning|[of] p2a: Ninetales
|turn|1
|inactive|Battle timer is ON: inactive players will automatically lose when time's up. (requested by val_dmb)
|
|t:|1659708125
|switch|p2a: Volcarona|Volcarona, M|100/100
|move|p1a: Ferrothorn|Gyro Ball|p2a: Volcarona
|-resisted|p2a: Volcarona
|-damage|p2a: Volcarona|81/100
|
|-weather|Hail|[upkeep]
|-damage|p2a: Volcarona|75/100|[from] Hail
|-damage|p1a: Ferrothorn|94/100|[from] Hail
|upkeep
|turn|2
|
|t:|1659708151
|switch|p1a: Tornadus|Tornadus-Therian, M|100/100
|move|p2a: Volcarona|Quiver Dance|p2a: Volcarona
|-boost|p2a: Volcarona|spa|1
|-boost|p2a: Volcarona|spd|1
|-boost|p2a: Volcarona|spe|1
|
|-weather|Hail|[upkeep]
|-damage|p2a: Volcarona|69/100|[from] Hail
|-damage|p1a: Tornadus|94/100|[from] Hail
|upkeep
|turn|3
|
|t:|1659708162
|move|p2a: Volcarona|Quiver Dance|p2a: Volcarona
|-boost|p2a: Volcarona|spa|1
|-boost|p2a: Volcarona|spd|1
|-boost|p2a: Volcarona|spe|1
|move|p1a: Tornadus|Hurricane|p2a: Volcarona|[miss]
|-miss|p1a: Tornadus|p2a: Volcarona
|
|-weather|Hail|[upkeep]
|-damage|p2a: Volcarona|63/100|[from] Hail
|-damage|p1a: Tornadus|88/100|[from] Hail
|upkeep
|turn|4
|
|t:|1659708172
|move|p2a: Volcarona|Fiery Dance|p1a: Tornadus
|-damage|p1a: Tornadus|35/100
|move|p1a: Tornadus|Hurricane|p2a: Volcarona
|-supereffective|p2a: Volcarona
|-damage|p2a: Volcarona|29/100
|
|-weather|Hail|[upkeep]
|-damage|p2a: Volcarona|22/100|[from] Hail
|-damage|p1a: Tornadus|29/100|[from] Hail
|upkeep
|turn|5
|
|t:|1659708189
|switch|p1a: Urshifu|Urshifu-Rapid-Strike, F|100/100
|move|p2a: Volcarona|Roost|p2a: Volcarona
|-heal|p2a: Volcarona|72/100
|-singleturn|p2a: Volcarona|move: Roost
|
|-weather|Hail|[upkeep]
|-damage|p2a: Volcarona|66/100|[from] Hail
|-damage|p1a: Urshifu|94/100|[from] Hail
|upkeep
|turn|6
|
|t:|1659708198
|move|p1a: Urshifu|Aqua Jet|p2a: Volcarona
|-supereffective|p2a: Volcarona
|-damage|p2a: Volcarona|12/100
|move|p2a: Volcarona|Giga Drain|p1a: Urshifu
|-supereffective|p1a: Urshifu
|-damage|p1a: Urshifu|0 fnt
|-heal|p2a: Volcarona|55/100|[from] drain|[of] p1a: Urshifu
|faint|p1a: Urshifu
|
|-weather|Hail|[upkeep]
|-damage|p2a: Volcarona|48/100|[from] Hail
|upkeep
|
|t:|1659708210
|switch|p1a: Dragapult|Dragapult, M|100/100
|turn|7
|
|t:|1659708215
|move|p2a: Volcarona|Roost|p2a: Volcarona
|-heal|p2a: Volcarona|98/100
|-singleturn|p2a: Volcarona|move: Roost
|move|p1a: Dragapult|Draco Meteor|p2a: Volcarona
|-damage|p2a: Volcarona|66/100
|-unboost|p1a: Dragapult|spa|2
|
|-weather|Hail|[upkeep]
|-damage|p2a: Volcarona|60/100|[from] Hail
|-damage|p1a: Dragapult|95/100|[from] Hail
|upkeep
|turn|8
|-message|val_dmb forfeited.
|
|win|El Stefano
|raw|val_dmb's rating: 1655 &rarr; <strong>1636</strong><br />(-19 for losing)
|raw|El Stefano's rating: 1670 &rarr; <strong>1689</strong><br />(+19 for winning)
|l|☆val_dmb
||Ladder isn't responding, score probably updated but might not have (Request timeout).
