|html|<div class="broadcast-blue"><strong>[Gen 8] OU is currently suspecting Melmetal! For information on how to participate check out the <a href="https://www.smogon.com/forums/threads/np-ss-ou-suspect-process-round-12-monster-mash.3709234/">suspect thread</a>.</strong></div>
|j|☆willow16
|j|☆PQPP214
|t:|1666699157
|gametype|singles
|player|p1|willow16|170|1441
|player|p2|PQPP214|265|1469
|teamsize|p1|6
|teamsize|p2|6
|gen|8
|tier|[Gen 8] OU
|rated|
|rule|Sleep Clause Mod: Limit one foe put to sleep
|rule|Species Clause: Limit one of each Pokémon
|rule|OHKO Clause: OHKO moves are banned
|rule|Evasion Items Clause: Evasion items are banned
|rule|Evasion Moves Clause: Evasion moves are banned
|rule|Endless Battle Clause: Forcing endless battles is banned
|rule|HP Percentage Mod: HP is shown in percentages
|rule|Dynamax Clause: You cannot dynamax
|clearpoke
|poke|p1|Landorus-Therian, M|
|poke|p1|Zapdos|
|poke|p1|Heatran, M|
|poke|p1|Slowbro, M|
|poke|p1|Urshifu-*, F|
|poke|p1|Rillaboom, M|
|poke|p2|Landorus-Therian, M|
|poke|p2|Tapu Lele|
|poke|p2|Blacephalon|
|poke|p2|Corviknight, F|
|poke|p2|Toxapex, F|
|poke|p2|Tyranitar, F|
|teampreview
|inactive|Battle timer is ON: inactive players will automatically lose when time's up. (requested by PQPP214)
|
|t:|1666699172
|start
|switch|p1a: Rillaboom|Rillaboom, M|100/100
|switch|p2a: Tapu Lele|Tapu Lele|100/100
|-fieldstart|move: Psychic Terrain|[from] ability: Psychic Surge|[of] p2a: Tapu Lele
|-fieldstart|move: Grassy Terrain|[from] ability: Grassy Surge|[of] p1a: Rillaboom
|turn|1
|
|t:|1666699185
|switch|p2a: Corviknight|Corviknight, F|100/100
|-ability|p2a: Corviknight|Pressure
|move|p1a: Rillaboom|Knock Off|p2a: Corviknight
|-damage|p2a: Corviknight|70/100
|-damage|p1a: Rillaboom|84/100|[from] item: Rocky Helmet|[of] p2a: Corviknight
|-enditem|p2a: Corviknight|Rocky Helmet|[from] move: Knock Off|[of] p1a: Rillaboom
|
|-heal|p1a: Rillaboom|90/100|[from] Grassy Terrain
|upkeep
|turn|2
|
|t:|1666699197
|switch|p1a: Zapdos|Zapdos|100/100
|move|p2a: Corviknight|U-turn|p1a: Zapdos
|-resisted|p1a: Zapdos
|-damage|p1a: Zapdos|94/100
|-status|p2a: Corviknight|par|[from] ability: Static|[of] p1a: Zapdos
|
|t:|1666699201
|switch|p2a: Tyranitar|Tyranitar, F|100/100|[from]move: U-turn
|-weather|Sandstorm|[from] ability: Sand Stream|[of] p2a: Tyranitar
|
|-weather|Sandstorm|[upkeep]
|-damage|p1a: Zapdos|88/100|[from] Sandstorm
|upkeep
|turn|3
|
|t:|1666699212
|switch|p1a: Slowbro|Slowbro, M|100/100
|move|p2a: Tyranitar|Stone Edge|p1a: Slowbro
|-damage|p1a: Slowbro|52/100
|
|-weather|Sandstorm|[upkeep]
|-damage|p1a: Slowbro|45/100|[from] Sandstorm
|-heal|p1a: Slowbro|52/100|[from] Grassy Terrain
|upkeep
|turn|4
|
|t:|1666699228
|move|p2a: Tyranitar|Stone Edge|p1a: Slowbro
|-damage|p1a: Slowbro|4/100
|move|p1a: Slowbro|Teleport|p1a: Slowbro
|
|t:|1666699233
|switch|p1a: Urshifu|Urshifu-Rapid-Strike, F|100/100|[from]move: Teleport
|
|-weather|Sandstorm|[upkeep]
|-damage|p1a: Urshifu|94/100|[from] Sandstorm
|-heal|p1a: Urshifu|100/100|[from] Grassy Terrain
|upkeep
|turn|5
|
|t:|1666699239
|switch|p2a: Toxapex|Toxapex, F|100/100
|move|p1a: Urshifu|Surging Strikes|p2a: Toxapex
|-resisted|p2a: Toxapex
|-crit|p2a: Toxapex
|-damage|p2a: Toxapex|95/100
|-resisted|p2a: Toxapex
|-crit|p2a: Toxapex
|-damage|p2a: Toxapex|89/100
|-resisted|p2a: Toxapex
|-crit|p2a: Toxapex
|-damage|p2a: Toxapex|83/100
|-hitcount|p2a: Toxapex|3
|-enditem|p2a: Toxapex|Eject Button
|
|t:|1666699247
|switch|p2a: Tapu Lele|Tapu Lele|100/100
|-fieldstart|move: Psychic Terrain|[from] ability: Psychic Surge|[of] p2a: Tapu Lele
|
|-weather|Sandstorm|[upkeep]
|-damage|p2a: Tapu Lele|94/100|[from] Sandstorm
|-damage|p1a: Urshifu|94/100|[from] Sandstorm
|upkeep
|turn|6
|
|t:|1666699276
|switch|p1a: Heatran|Heatran, M|100/100
|-item|p1a: Heatran|Air Balloon
|move|p2a: Tapu Lele|Future Sight|p1a: Heatran
|-start|p2a: Tapu Lele|move: Future Sight
|
|-weather|none
|upkeep
|turn|7
|
|t:|1666699289
|switch|p2a: Tyranitar|Tyranitar, F|100/100
|-weather|Sandstorm|[from] ability: Sand Stream|[of] p2a: Tyranitar
|move|p1a: Heatran|Stealth Rock|p2a: Tyranitar
|-sidestart|p2: PQPP214|move: Stealth Rock
|
|-weather|Sandstorm|[upkeep]
|upkeep
|turn|8
|
|t:|1666699297
|move|p1a: Heatran|Protect|p1a: Heatran
|-singleturn|p1a: Heatran|Protect
|move|p2a: Tyranitar|Superpower|p1a: Heatran
|-activate|p1a: Heatran|move: Protect
|
|-weather|Sandstorm|[upkeep]
|-end|p1a: Heatran|move: Future Sight
|-resisted|p1a: Heatran
|-damage|p1a: Heatran|73/100
|-enditem|p1a: Heatran|Air Balloon
|upkeep
|turn|9
|
|t:|1666699313
|switch|p2a: Corviknight|Corviknight, F|70/100 par
|-damage|p2a: Corviknight|58/100 par|[from] Stealth Rock
|-ability|p2a: Corviknight|Pressure
|switch|p1a: Slowbro|Slowbro, M|38/100
|
|-weather|Sandstorm|[upkeep]
|-damage|p1a: Slowbro|31/100|[from] Sandstorm
|-fieldend|move: Psychic Terrain
|upkeep
|turn|10
|
|t:|1666699317
|move|p2a: Corviknight|Defog|p1a: Slowbro
|-unboost|p1a: Slowbro|evasion|1
|-sideend|p2: PQPP214|Stealth Rock|[from] move: Defog|[of] p2a: Corviknight
|move|p1a: Slowbro|Teleport|p1a: Slowbro
|
|t:|1666699321
|switch|p1a: Zapdos|Zapdos|88/100|[from]move: Teleport
|
|-weather|Sandstorm|[upkeep]
|-damage|p1a: Zapdos|82/100|[from] Sandstorm
|upkeep
|turn|11
|
|t:|1666699326
|switch|p2a: Landorus|Landorus-Therian, M|100/100
|-ability|p2a: Landorus|Intimidate|boost
|-unboost|p1a: Zapdos|atk|1
|move|p1a: Zapdos|Volt Switch|p2a: Landorus
|-immune|p2a: Landorus
|
|-weather|none
|upkeep
|turn|12
|
|t:|1666699329
|switch|p2a: Tyranitar|Tyranitar, F|100/100
|-weather|Sandstorm|[from] ability: Sand Stream|[of] p2a: Tyranitar
|move|p1a: Zapdos|Hurricane|p2a: Tyranitar|[miss]
|-miss|p1a: Zapdos|p2a: Tyranitar
|
|-weather|Sandstorm|[upkeep]
|-damage|p1a: Zapdos|76/100|[from] Sandstorm
|upkeep
|turn|13
|
|t:|1666699341
|move|p1a: Zapdos|Volt Switch|p2a: Tyranitar
|-damage|p2a: Tyranitar|75/100
|
|t:|1666699344
|switch|p1a: Rillaboom|Rillaboom, M|90/100|[from]move: Volt Switch
|-fieldstart|move: Grassy Terrain|[from] ability: Grassy Surge|[of] p1a: Rillaboom
|move|p2a: Tyranitar|Stone Edge|p1a: Rillaboom
|-damage|p1a: Rillaboom|2/100
|
|-weather|Sandstorm|[upkeep]
|-damage|p1a: Rillaboom|0 fnt|[from] Sandstorm
|faint|p1a: Rillaboom
|-heal|p2a: Tyranitar|81/100|[from] Grassy Terrain
|upkeep
|
|t:|1666699353
|switch|p1a: Urshifu|Urshifu-Rapid-Strike, F|94/100
|turn|14
|
|t:|1666699363
|switch|p2a: Toxapex|Toxapex, F|100/100
|move|p1a: Urshifu|Thunder Punch|p2a: Toxapex
|-supereffective|p2a: Toxapex
|-damage|p2a: Toxapex|67/100
|-status|p2a: Toxapex|par
|
|-weather|Sandstorm|[upkeep]
|-damage|p1a: Urshifu|88/100|[from] Sandstorm
|-damage|p2a: Toxapex|61/100 par|[from] Sandstorm
|-heal|p1a: Urshifu|94/100|[from] Grassy Terrain
|-heal|p2a: Toxapex|67/100 par|[from] Grassy Terrain
|upkeep
|turn|15
|
|t:|1666699372
|move|p1a: Urshifu|Thunder Punch|p2a: Toxapex
|-supereffective|p2a: Toxapex
|-damage|p2a: Toxapex|37/100 par
|move|p2a: Toxapex|Knock Off|p1a: Urshifu
|-resisted|p1a: Urshifu
|-damage|p1a: Urshifu|86/100
|-enditem|p1a: Urshifu|Protective Pads|[from] move: Knock Off|[of] p2a: Toxapex
|
|-weather|Sandstorm|[upkeep]
|-damage|p1a: Urshifu|80/100|[from] Sandstorm
|-damage|p2a: Toxapex|31/100 par|[from] Sandstorm
|-heal|p1a: Urshifu|86/100|[from] Grassy Terrain
|-heal|p2a: Toxapex|37/100 par|[from] Grassy Terrain
|upkeep
|turn|16
|
|t:|1666699382
|move|p1a: Urshifu|Surging Strikes|p2a: Toxapex
|-resisted|p2a: Toxapex
|-crit|p2a: Toxapex
|-damage|p2a: Toxapex|31/100 par
|-resisted|p2a: Toxapex
|-crit|p2a: Toxapex
|-damage|p2a: Toxapex|25/100 par
|-resisted|p2a: Toxapex
|-crit|p2a: Toxapex
|-damage|p2a: Toxapex|18/100 par
|-hitcount|p2a: Toxapex|3
|cant|p2a: Toxapex|par
|
|-weather|none
|-heal|p1a: Urshifu|93/100|[from] Grassy Terrain
|-heal|p2a: Toxapex|24/100 par|[from] Grassy Terrain
|upkeep
|turn|17
|
|t:|1666699390
|switch|p2a: Corviknight|Corviknight, F|58/100 par
|-ability|p2a: Corviknight|Pressure
|move|p1a: Urshifu|Thunder Punch|p2a: Corviknight
|-supereffective|p2a: Corviknight
|-damage|p2a: Corviknight|28/100 par
|
|-heal|p1a: Urshifu|99/100|[from] Grassy Terrain
|-fieldend|move: Grassy Terrain
|upkeep
|turn|18
|
|t:|1666699403
|move|p1a: Urshifu|Surging Strikes|p2a: Corviknight
|-crit|p2a: Corviknight
|-damage|p2a: Corviknight|16/100 par
|-crit|p2a: Corviknight
|-damage|p2a: Corviknight|4/100 par
|-crit|p2a: Corviknight
|-damage|p2a: Corviknight|0 fnt
|faint|p2a: Corviknight
|-hitcount|p2: Corviknight|3
|
|upkeep
|
|t:|1666699407
|switch|p2a: Tapu Lele|Tapu Lele|94/100
|-fieldstart|move: Psychic Terrain|[from] ability: Psychic Surge|[of] p2a: Tapu Lele
|turn|19
|
|t:|1666699419
|switch|p1a: Heatran|Heatran, M|73/100
|move|p2a: Tapu Lele|Future Sight|p1a: Heatran
|-start|p2a: Tapu Lele|move: Future Sight
|
|upkeep
|turn|20
|
|t:|1666699427
|switch|p2a: Tyranitar|Tyranitar, F|81/100
|-weather|Sandstorm|[from] ability: Sand Stream|[of] p2a: Tyranitar
|move|p1a: Heatran|Earth Power|p2a: Tyranitar
|-supereffective|p2a: Tyranitar
|-damage|p2a: Tyranitar|47/100
|
|-weather|Sandstorm|[upkeep]
|upkeep
|turn|21
|
|t:|1666699440
|move|p1a: Heatran|Protect|p1a: Heatran
|-singleturn|p1a: Heatran|Protect
|move|p2a: Tyranitar|Stone Edge|p1a: Heatran
|-activate|p1a: Heatran|move: Protect
|
|-weather|Sandstorm|[upkeep]
|-end|p1a: Heatran|move: Future Sight
|-resisted|p1a: Heatran
|-damage|p1a: Heatran|45/100
|upkeep
|turn|22
|
|t:|1666699455
|switch|p1a: Slowbro|Slowbro, M|65/100
|move|p2a: Tyranitar|Stone Edge|p1a: Slowbro
|-damage|p1a: Slowbro|16/100
|
|-weather|Sandstorm|[upkeep]
|-damage|p1a: Slowbro|10/100|[from] Sandstorm
|upkeep
|turn|23
|inactive|willow16 has 120 seconds left.
|
|t:|1666699485
|move|p2a: Tyranitar|Stone Edge|p1a: Slowbro
|-damage|p1a: Slowbro|0 fnt
|faint|p1a: Slowbro
|
|-weather|Sandstorm|[upkeep]
|-fieldend|move: Psychic Terrain
|upkeep
|inactive|willow16 has 120 seconds left.
|
|t:|1666699491
|switch|p1a: Urshifu|Urshifu-Rapid-Strike, F|99/100
|turn|24
|
|t:|1666699496
|switch|p2a: Toxapex|Toxapex, F|58/100 par
|move|p1a: Urshifu|Surging Strikes|p2a: Toxapex
|-resisted|p2a: Toxapex
|-crit|p2a: Toxapex
|-damage|p2a: Toxapex|51/100 par
|-resisted|p2a: Toxapex
|-crit|p2a: Toxapex
|-damage|p2a: Toxapex|44/100 par
|-resisted|p2a: Toxapex
|-crit|p2a: Toxapex
|-damage|p2a: Toxapex|37/100 par
|-hitcount|p2a: Toxapex|3
|
|-weather|none
|upkeep
|turn|25
|
|t:|1666699503
|move|p1a: Urshifu|Thunder Punch|p2a: Toxapex
|-supereffective|p2a: Toxapex
|-damage|p2a: Toxapex|3/100 par
|cant|p2a: Toxapex|par
|
|upkeep
|turn|26
|
|t:|1666699509
|move|p1a: Urshifu|Surging Strikes|p2a: Toxapex
|-resisted|p2a: Toxapex
|-crit|p2a: Toxapex
|-damage|p2a: Toxapex|0 fnt
|faint|p2a: Toxapex
|-hitcount|p2: Toxapex|1
|
|upkeep
|
|t:|1666699513
|switch|p2a: Tapu Lele|Tapu Lele|94/100
|-fieldstart|move: Psychic Terrain|[from] ability: Psychic Surge|[of] p2a: Tapu Lele
|turn|27
|
|t:|1666699520
|move|p2a: Tapu Lele|Psychic|p1a: Urshifu
|-supereffective|p1a: Urshifu
|-damage|p1a: Urshifu|0 fnt
|faint|p1a: Urshifu
|
|upkeep
|
|t:|1666699526
|switch|p1a: Heatran|Heatran, M|45/100
|turn|28
|
|t:|1666699532
|switch|p2a: Blacephalon|Blacephalon|100/100
|move|p1a: Heatran|Stealth Rock|p2a: Blacephalon
|-sidestart|p2: PQPP214|move: Stealth Rock
|
|upkeep
|turn|29
|
|t:|1666699543
|switch|p1a: Landorus|Landorus-Therian, M|100/100
|-ability|p1a: Landorus|Intimidate|boost
|-unboost|p2a: Blacephalon|atk|1
|move|p2a: Blacephalon|Shadow Ball|p1a: Landorus
|-damage|p1a: Landorus|44/100
|
|-heal|p1a: Landorus|50/100|[from] item: Leftovers
|upkeep
|turn|30
|
|t:|1666699556
|move|p2a: Blacephalon|Shadow Ball|p1a: Landorus
|-damage|p1a: Landorus|0 fnt
|faint|p1a: Landorus
|-ability|p2a: Blacephalon|Beast Boost|boost
|-boost|p2a: Blacephalon|spa|1
|
|upkeep
|
|t:|1666699559
|switch|p1a: Heatran|Heatran, M|45/100
|turn|31
|
|t:|1666699565
|move|p2a: Blacephalon|Shadow Ball|p1a: Heatran
|-damage|p1a: Heatran|0 fnt
|faint|p1a: Heatran
|-ability|p2a: Blacephalon|Beast Boost|boost
|-boost|p2a: Blacephalon|spa|1
|
|-fieldend|move: Psychic Terrain
|upkeep
|-message|willow16 forfeited.
|
|win|PQPP214
|raw|willow16's rating: 1441 &rarr; <strong>1423</strong><br />(-18 for losing)
|raw|PQPP214's rating: 1469 &rarr; <strong>1487</strong><br />(+18 for winning)
|l|☆PQPP214
