|j|☆Nagima Yumemi
|j|☆ChandosH
|t:|1667178979
|gametype|singles
|player|p1|Nagima Yumemi|swimmerf-gen4dp|1626
|player|p2|ChandosH|n-masters|1754
|teamsize|p1|6
|teamsize|p2|6
|gen|8
|tier|[Gen 8] OU
|rated|
|rule|Sleep Clause Mod: Limit one foe put to sleep
|rule|Species Clause: Limit one of each Pokémon
|rule|OHKO Clause: OHKO moves are banned
|rule|Evasion Items Clause: Evasion items are banned
|rule|Evasion Moves Clause: Evasion moves are banned
|rule|Endless Battle Clause: Forcing endless battles is banned
|rule|HP Percentage Mod: HP is shown in percentages
|rule|Dynamax Clause: You cannot dynamax
|clearpoke
|poke|p1|Ninetales-Alola, F|
|poke|p1|Weavile, M|
|poke|p1|Volcarona, F|
|poke|p1|Mew|
|poke|p1|Garchomp, M|
|poke|p1|Cloyster, F|
|poke|p2|Toxapex, F|
|poke|p2|Skarmory, M|
|poke|p2|Clefable, M|
|poke|p2|Tapu Koko|
|poke|p2|Hippowdon, F|
|poke|p2|Reuniclus, M|
|teampreview
|inactive|Battle timer is ON: inactive players will automatically lose when time's up. (requested by Nagima Yumemi)
|
|t:|1667178993
|start
|switch|p1a: Mew|Mew|100/100
|switch|p2a: Tapu Koko|Tapu Koko|100/100
|-fieldstart|move: Electric Terrain|[from] ability: Electric Surge|[of] p2a: Tapu Koko
|turn|1
|
|t:|1667179003
|move|p2a: Tapu Koko|Thunderbolt|p1a: Mew
|-damage|p1a: Mew|60/100
|move|p1a: Mew|Stealth Rock|p2a: Tapu Koko
|-sidestart|p2: ChandosH|move: Stealth Rock
|
|upkeep
|turn|2
|
|t:|1667179009
|move|p2a: Tapu Koko|Dazzling Gleam|p1a: Mew
|-damage|p1a: Mew|33/100
|move|p1a: Mew|Spikes|p2a: Tapu Koko
|-sidestart|p2: ChandosH|Spikes
|
|upkeep
|turn|3
|
|t:|1667179012
|move|p2a: Tapu Koko|Thunderbolt|p1a: Mew
|-damage|p1a: Mew|0 fnt
|faint|p1a: Mew
|
|upkeep
|
|t:|1667179021
|switch|p1a: Volcarona|Volcarona, F|100/100
|turn|4
|j| Routeamtester
|j| Venomous Crunch
|inactive|ChandosH has 120 seconds left.
|
|t:|1667179054
|move|p2a: Tapu Koko|Volt Switch|p1a: Volcarona
|-damage|p1a: Volcarona|60/100
|
|t:|1667179059
|switch|p2a: Hippowdon|Hippowdon, F|100/100|[from]move: Volt Switch
|-damage|p2a: Hippowdon|94/100|[from] Stealth Rock
|-damage|p2a: Hippowdon|82/100|[from] Spikes
|-weather|Sandstorm|[from] ability: Sand Stream|[of] p2a: Hippowdon
|move|p1a: Volcarona|Quiver Dance|p1a: Volcarona
|-boost|p1a: Volcarona|spa|1
|-boost|p1a: Volcarona|spd|1
|-boost|p1a: Volcarona|spe|1
|
|-weather|Sandstorm|[upkeep]
|-damage|p1a: Volcarona|54/100|[from] Sandstorm
|-heal|p1a: Volcarona|60/100|[from] item: Leftovers
|-heal|p2a: Hippowdon|88/100|[from] item: Leftovers
|upkeep
|turn|5
|
|t:|1667179067
|move|p1a: Volcarona|Flamethrower|p2a: Hippowdon
|-damage|p2a: Hippowdon|37/100
|move|p2a: Hippowdon|Earthquake|p1a: Volcarona
|-damage|p1a: Volcarona|0 fnt
|faint|p1a: Volcarona
|
|-weather|Sandstorm|[upkeep]
|-heal|p2a: Hippowdon|43/100|[from] item: Leftovers
|-fieldend|move: Electric Terrain
|upkeep
|
|t:|1667179086
|switch|p1a: Garchomp|Garchomp, M|100/100
|turn|6
|
|t:|1667179103
|move|p1a: Garchomp|Swords Dance|p1a: Garchomp
|-boost|p1a: Garchomp|atk|2
|move|p2a: Hippowdon|Toxic|p1a: Garchomp
|-status|p1a: Garchomp|tox
|
|-weather|Sandstorm|[upkeep]
|-heal|p2a: Hippowdon|50/100|[from] item: Leftovers
|-damage|p1a: Garchomp|94/100 tox|[from] psn
|upkeep
|turn|7
|
|t:|1667179108
|move|p1a: Garchomp|Scale Shot|p2a: Hippowdon
|-damage|p2a: Hippowdon|27/100
|-damage|p2a: Hippowdon|3/100
|-damage|p2a: Hippowdon|0 fnt
|faint|p2a: Hippowdon
|-hitcount|p2: Hippowdon|3
|-unboost|p1a: Garchomp|def|1
|-boost|p1a: Garchomp|spe|1
|-damage|p1a: Garchomp|85/100 tox|[from] item: Life Orb
|
|-weather|Sandstorm|[upkeep]
|-damage|p1a: Garchomp|72/100 tox|[from] psn
|upkeep
|
|t:|1667179126
|switch|p2a: Skarmory|Skarmory, M|100/100
|-damage|p2a: Skarmory|88/100|[from] Stealth Rock
|turn|8
|inactive|ChandosH has 120 seconds left.
|c|☆ChandosH|honestly LO garchomp is cool
|c|☆ChandosH|i used it before to kill clefables at +2
|
|t:|1667179163
|move|p1a: Garchomp|Fire Fang|p2a: Skarmory
|-supereffective|p2a: Skarmory
|-damage|p2a: Skarmory|25/100
|-damage|p1a: Garchomp|56/100 tox|[from] item: Rocky Helmet|[of] p2a: Skarmory
|-damage|p1a: Garchomp|46/100 tox|[from] item: Life Orb
|move|p2a: Skarmory|Roost|p2a: Skarmory
|-heal|p2a: Skarmory|75/100
|-singleturn|p2a: Skarmory|move: Roost
|
|-weather|none
|-damage|p1a: Garchomp|27/100 tox|[from] psn
|upkeep
|turn|9
|
|t:|1667179181
|move|p1a: Garchomp|Fire Fang|p2a: Skarmory
|-supereffective|p2a: Skarmory
|-damage|p2a: Skarmory|2/100
|-damage|p1a: Garchomp|11/100 tox|[from] item: Rocky Helmet|[of] p2a: Skarmory
|-damage|p1a: Garchomp|1/100 tox|[from] item: Life Orb
|move|p2a: Skarmory|Roost|p2a: Skarmory
|-heal|p2a: Skarmory|52/100
|-singleturn|p2a: Skarmory|move: Roost
|
|-damage|p1a: Garchomp|0 fnt|[from] psn
|faint|p1a: Garchomp
|upkeep
|
|t:|1667179184
|switch|p1a: Weavile|Weavile, M, shiny|100/100
|-ability|p1a: Weavile|Pressure
|turn|10
|
|t:|1667179192
|move|p1a: Weavile|Swords Dance|p1a: Weavile
|-boost|p1a: Weavile|atk|2
|move|p2a: Skarmory|Body Press|p1a: Weavile
|-supereffective|p1a: Weavile
|-damage|p1a: Weavile|0 fnt
|faint|p1a: Weavile
|
|upkeep
|
|t:|1667179197
|switch|p1a: Cloyster|Cloyster, F|100/100
|turn|11
|
|t:|1667179201
|move|p1a: Cloyster|Shell Smash|p1a: Cloyster
|-unboost|p1a: Cloyster|def|1
|-unboost|p1a: Cloyster|spd|1
|-boost|p1a: Cloyster|atk|2
|-boost|p1a: Cloyster|spa|2
|-boost|p1a: Cloyster|spe|2
|move|p2a: Skarmory|Body Press|p1a: Cloyster
|-supereffective|p1a: Cloyster
|-damage|p1a: Cloyster|20/100
|
|upkeep
|turn|12
|c| Venomous Crunch|welp
|
|t:|1667179210
|move|p1a: Cloyster|Icicle Spear|p2a: Skarmory
|-damage|p2a: Skarmory|36/100
|-damage|p2a: Skarmory|19/100
|-damage|p2a: Skarmory|3/100
|-damage|p2a: Skarmory|0 fnt
|faint|p2a: Skarmory
|-hitcount|p2: Skarmory|4
|-damage|p1a: Cloyster|10/100|[from] item: Life Orb
|
|upkeep
|inactive|ChandosH has 120 seconds left.
|-message|Nagima Yumemi forfeited.
|
|win|ChandosH
|raw|Nagima Yumemi's rating: 1626 &rarr; <strong>1613</strong><br />(-13 for losing)
|raw|ChandosH's rating: 1754 &rarr; <strong>1767</strong><br />(+13 for winning)
|l|☆Nagima Yumemi
|c| Venomous Crunch|i used to use
|c|☆ChandosH|o thats cool
|c| Venomous Crunch|colyster
|c|☆ChandosH|yee
|l| Routeamtester
|c| Venomous Crunch|hes ass cheeks tho
|l| Venomous Crunch
||Ladder isn't responding, score probably updated but might not have (Request timeout).
|c|☆ChandosH|i honestly think poltergeist is a better shell smasher tbh
