|j|☆Betabux
|j|☆IIIodyne
|t:|1662767675
|gametype|singles
|player|p1|Betabux|2|1680
|player|p2|IIIodyne|2|1642
|teamsize|p1|6
|teamsize|p2|6
|gen|8
|tier|[Gen 8] OU
|rated|
|rule|Sleep Clause Mod: Limit one foe put to sleep
|rule|Species Clause: Limit one of each Pokémon
|rule|OHKO Clause: OHKO moves are banned
|rule|Evasion Items Clause: Evasion items are banned
|rule|Evasion Moves Clause: Evasion moves are banned
|rule|Endless Battle Clause: Forcing endless battles is banned
|rule|HP Percentage Mod: HP is shown in percentages
|rule|Dynamax Clause: You cannot dynamax
|clearpoke
|poke|p1|Rillaboom, F|
|poke|p1|Terrakion|
|poke|p1|Kartana|
|poke|p1|Swampert, F|
|poke|p1|Zapdos|
|poke|p1|Melmetal|
|poke|p2|Snorlax, F|
|poke|p2|Suicune|
|poke|p2|Melmetal|
|poke|p2|Victini|
|poke|p2|Landorus-Therian, M|
|poke|p2|Zapdos|
|teampreview
|inactive|Battle timer is ON: inactive players will automatically lose when time's up. (requested by Betabux)
|
|t:|1662767685
|start
|switch|p1a: Pete Jones|Swampert, F|100/100
|switch|p2a: Landorus|Landorus-Therian, M|100/100
|-ability|p2a: Landorus|Intimidate|boost
|-unboost|p1a: Pete Jones|atk|1
|turn|1
|
|t:|1662767697
|move|p2a: Landorus|U-turn|p1a: Pete Jones
|-crit|p1a: Pete Jones
|-damage|p1a: Pete Jones|65/100
|
|t:|1662767699
|switch|p2a: Zapdos|Zapdos|100/100|[from]move: U-turn
|move|p1a: Pete Jones|Stealth Rock|p2a: Zapdos
|-sidestart|p2: IIIodyne|move: Stealth Rock
|
|-heal|p1a: Pete Jones|71/100|[from] item: Leftovers
|upkeep
|turn|2
|
|t:|1662767703
|move|p2a: Zapdos|Defog|p1a: Pete Jones
|-unboost|p1a: Pete Jones|evasion|1
|-sideend|p2: IIIodyne|Stealth Rock|[from] move: Defog|[of] p2a: Zapdos
|move|p1a: Pete Jones|Yawn|p2a: Zapdos
|-start|p2a: Zapdos|move: Yawn|[of] p1a: Pete Jones
|
|-heal|p1a: Pete Jones|77/100|[from] item: Leftovers
|upkeep
|turn|3
|
|t:|1662767705
|move|p2a: Zapdos|Hurricane|p1a: Pete Jones
|-damage|p1a: Pete Jones|33/100
|move|p1a: Pete Jones|Stealth Rock|p2a: Zapdos
|-sidestart|p2: IIIodyne|move: Stealth Rock
|
|-heal|p1a: Pete Jones|39/100|[from] item: Leftovers
|-end|p2a: Zapdos|move: Yawn|[silent]
|-status|p2a: Zapdos|slp
|upkeep
|turn|4
|
|t:|1662767716
|cant|p2a: Zapdos|slp
|move|p1a: Pete Jones|Flip Turn|p2a: Zapdos
|-damage|p2a: Zapdos|84/100 slp
|-status|p1a: Pete Jones|par|[from] ability: Static|[of] p2a: Zapdos
|
|t:|1662767719
|switch|p1a: Me2|Terrakion|100/100|[from]move: Flip Turn
|
|upkeep
|turn|5
|
|t:|1662767725
|switch|p2a: Landorus|Landorus-Therian, M|100/100
|-damage|p2a: Landorus|88/100|[from] Stealth Rock
|-ability|p2a: Landorus|Intimidate|boost
|-unboost|p1a: Me2|atk|1
|move|p1a: Me2|Stone Edge|p2a: Landorus
|-damage|p2a: Landorus|36/100
|-damage|p1a: Me2|91/100|[from] item: Life Orb
|
|upkeep
|turn|6
|
|t:|1662767736
|switch|p1a: Pete Jones|Swampert, F|39/100 par
|move|p2a: Landorus|Stone Edge|p1a: Pete Jones
|-resisted|p1a: Pete Jones
|-damage|p1a: Pete Jones|23/100 par
|
|-heal|p1a: Pete Jones|29/100 par|[from] item: Leftovers
|upkeep
|turn|7
|
|t:|1662767742
|switch|p2a: Suicune|Suicune|100/100
|-damage|p2a: Suicune|88/100|[from] Stealth Rock
|-ability|p2a: Suicune|Pressure
|switch|p1a: Me2|Terrakion|91/100
|
|-heal|p2a: Suicune|94/100|[from] item: Leftovers
|upkeep
|turn|8
|
|t:|1662767748
|switch|p1a: Me|Rillaboom, F|100/100
|-fieldstart|move: Grassy Terrain|[from] ability: Grassy Surge|[of] p1a: Me
|move|p2a: Suicune|Scald|p1a: Me
|-resisted|p1a: Me
|-damage|p1a: Me|85/100
|
|-heal|p1a: Me|91/100|[from] Grassy Terrain
|-heal|p2a: Suicune|100/100|[from] Grassy Terrain
|upkeep
|turn|9
|
|t:|1662767754
|switch|p2a: Zapdos|Zapdos|84/100 slp
|move|p1a: Me|Wood Hammer|p2a: Zapdos
|-resisted|p2a: Zapdos
|-damage|p2a: Zapdos|16/100 slp
|-damage|p1a: Me|67/100|[from] Recoil
|
|-heal|p1a: Me|74/100|[from] Grassy Terrain
|upkeep
|turn|10
|
|t:|1662767758
|cant|p2a: Zapdos|slp
|move|p1a: Me|Wood Hammer|p2a: Zapdos
|-resisted|p2a: Zapdos
|-damage|p2a: Zapdos|0 fnt
|-status|p1a: Me|par|[from] ability: Static|[of] p2a: Zapdos
|faint|p2a: Zapdos
|-damage|p1a: Me|68/100 par|[from] Recoil
|
|-heal|p1a: Me|74/100 par|[from] Grassy Terrain
|upkeep
|
|t:|1662767763
|switch|p2a: Melmetal|Melmetal|100/100
|-damage|p2a: Melmetal|94/100|[from] Stealth Rock
|turn|11
|
|t:|1662767769
|switch|p1a: Pete Jones|Swampert, F|29/100 par
|move|p2a: Melmetal|Ice Punch|p1a: Pete Jones
|-damage|p1a: Pete Jones|0 fnt
|faint|p1a: Pete Jones
|
|-heal|p2a: Melmetal|100/100|[from] Grassy Terrain
|upkeep
|
|t:|1662767779
|switch|p1a: Me2|Terrakion|91/100
|turn|12
|
|t:|1662767785
|switch|p2a: Landorus|Landorus-Therian, M|36/100
|-damage|p2a: Landorus|23/100|[from] Stealth Rock
|-ability|p2a: Landorus|Intimidate|boost
|-unboost|p1a: Me2|atk|1
|move|p1a: Me2|Close Combat|p2a: Landorus
|-resisted|p2a: Landorus
|-crit|p2a: Landorus
|-damage|p2a: Landorus|0 fnt
|-unboost|p1a: Me2|def|1
|-unboost|p1a: Me2|spd|1
|faint|p2a: Landorus
|-damage|p1a: Me2|81/100|[from] item: Life Orb
|
|-heal|p1a: Me2|87/100|[from] Grassy Terrain
|-fieldend|move: Grassy Terrain
|upkeep
|
|t:|1662767797
|switch|p2a: Melmetal|Melmetal|100/100
|-damage|p2a: Melmetal|94/100|[from] Stealth Rock
|turn|13
|
|t:|1662767805
|switch|p1a: Edgar|Zapdos|100/100
|move|p2a: Melmetal|Double Iron Bash|p1a: Edgar
|-resisted|p1a: Edgar
|-damage|p1a: Edgar|83/100
|-resisted|p1a: Edgar
|-damage|p1a: Edgar|65/100
|-status|p2a: Melmetal|par|[from] ability: Static|[of] p1a: Edgar
|-hitcount|p1a: Edgar|2
|
|upkeep
|turn|14
|
|t:|1662767808
|move|p1a: Edgar|Roost|p1a: Edgar
|-heal|p1a: Edgar|100/100
|-singleturn|p1a: Edgar|move: Roost
|move|p2a: Melmetal|Ice Punch|p1a: Edgar
|-damage|p1a: Edgar|72/100
|
|upkeep
|turn|15
|
|t:|1662767811
|move|p1a: Edgar|Hurricane|p2a: Melmetal
|-resisted|p2a: Melmetal
|-damage|p2a: Melmetal|80/100 par
|move|p2a: Melmetal|Ice Punch|p1a: Edgar
|-supereffective|p1a: Edgar
|-damage|p1a: Edgar|13/100
|
|upkeep
|turn|16
|
|t:|1662767814
|move|p1a: Edgar|Roost|p1a: Edgar
|-heal|p1a: Edgar|63/100
|-singleturn|p1a: Edgar|move: Roost
|move|p2a: Melmetal|Earthquake|p1a: Edgar
|-supereffective|p1a: Edgar
|-damage|p1a: Edgar|0 fnt
|faint|p1a: Edgar
|
|upkeep
|
|t:|1662767819
|switch|p1a: Me2|Terrakion|87/100
|turn|17
|
|t:|1662767821
|move|p1a: Me2|Close Combat|p2a: Melmetal
|-supereffective|p2a: Melmetal
|-damage|p2a: Melmetal|0 fnt
|-unboost|p1a: Me2|def|1
|-unboost|p1a: Me2|spd|1
|faint|p2a: Melmetal
|-damage|p1a: Me2|77/100|[from] item: Life Orb
|
|upkeep
|
|t:|1662767827
|switch|p2a: Suicune|Suicune|100/100
|-damage|p2a: Suicune|88/100|[from] Stealth Rock
|-ability|p2a: Suicune|Pressure
|turn|18
|
|t:|1662767829
|move|p1a: Me2|Close Combat|p2a: Suicune
|-damage|p2a: Suicune|44/100
|-unboost|p1a: Me2|def|1
|-unboost|p1a: Me2|spd|1
|-damage|p1a: Me2|67/100|[from] item: Life Orb
|move|p2a: Suicune|Ice Beam|p1a: Me2
|-damage|p1a: Me2|23/100
|
|-heal|p2a: Suicune|50/100|[from] item: Leftovers
|upkeep
|turn|19
|
|t:|1662767832
|move|p1a: Me2|Close Combat|p2a: Suicune
|-damage|p2a: Suicune|4/100
|-unboost|p1a: Me2|def|1
|-unboost|p1a: Me2|spd|1
|-damage|p1a: Me2|13/100|[from] item: Life Orb
|move|p2a: Suicune|Ice Beam|p1a: Me2
|-damage|p1a: Me2|0 fnt
|faint|p1a: Me2
|
|-heal|p2a: Suicune|11/100|[from] item: Leftovers
|upkeep
|
|t:|1662767839
|switch|p1a: Me3|Kartana|100/100
|turn|20
|
|t:|1662767842
|move|p1a: Me3|Leaf Blade|p2a: Suicune
|-supereffective|p2a: Suicune
|-damage|p2a: Suicune|0 fnt
|faint|p2a: Suicune
|-ability|p1a: Me3|Beast Boost|boost
|-boost|p1a: Me3|atk|1
|
|upkeep
|
|t:|1662767843
|switch|p2a: Victini|Victini|100/100
|-damage|p2a: Victini|76/100|[from] Stealth Rock
|turn|21
|
|t:|1662767846
|move|p1a: Me3|Leaf Blade|p2a: Victini
|-resisted|p2a: Victini
|-crit|p2a: Victini
|-damage|p2a: Victini|10/100
|move|p2a: Victini|V-create|p1a: Me3
|-supereffective|p1a: Me3
|-damage|p1a: Me3|0 fnt
|-unboost|p2a: Victini|spe|1
|-unboost|p2a: Victini|def|1
|-unboost|p2a: Victini|spd|1
|faint|p1a: Me3
|
|upkeep
|
|t:|1662767850
|switch|p1a: Me|Rillaboom, F|74/100 par
|-fieldstart|move: Grassy Terrain|[from] ability: Grassy Surge|[of] p1a: Me
|turn|22
|
|t:|1662767853
|move|p1a: Me|Grassy Glide|p2a: Victini
|-resisted|p2a: Victini
|-damage|p2a: Victini|0 fnt
|faint|p2a: Victini
|
|-heal|p1a: Me|81/100 par|[from] Grassy Terrain
|upkeep
|
|t:|1662767855
|switch|p2a: Snorlax|Snorlax, F|100/100
|-damage|p2a: Snorlax|88/100|[from] Stealth Rock
|turn|23
|
|t:|1662767857
|move|p1a: Me|Grassy Glide|p2a: Snorlax
|-damage|p2a: Snorlax|19/100
|move|p2a: Snorlax|Curse|p2a: Snorlax
|-unboost|p2a: Snorlax|spe|1
|-boost|p2a: Snorlax|atk|1
|-boost|p2a: Snorlax|def|1
|
|-heal|p1a: Me|87/100 par|[from] Grassy Terrain
|-heal|p2a: Snorlax|25/100|[from] Grassy Terrain
|-heal|p2a: Snorlax|31/100|[from] item: Leftovers
|upkeep
|turn|24
|
|t:|1662767862
|move|p1a: Me|Grassy Glide|p2a: Snorlax
|-damage|p2a: Snorlax|0 fnt
|faint|p2a: Snorlax
|
|win|Betabux
|raw|Betabux's rating: 1680 &rarr; <strong>1698</strong><br />(+18 for winning)
|raw|IIIodyne's rating: 1642 &rarr; <strong>1624</strong><br />(-18 for losing)
|c|☆Betabux|Gg
|l|☆IIIodyne
||Ladder isn't responding, score probably updated but might not have (Request timeout).
