|j|☆Makuryu
|j|☆Fusien
|t:|1658299386
|gametype|singles
|player|p1|Makuryu|koga|1876
|player|p2|Fusien|yellow|1765
|teamsize|p1|6
|teamsize|p2|6
|gen|8
|tier|[Gen 8] OU
|rated|
|rule|Sleep Clause Mod: Limit one foe put to sleep
|rule|Species Clause: Limit one of each Pokémon
|rule|OHKO Clause: OHKO moves are banned
|rule|Evasion Moves Clause: Evasion moves are banned
|rule|Endless Battle Clause: Forcing endless battles is banned
|rule|HP Percentage Mod: HP is shown in percentages
|rule|Dynamax Clause: You cannot dynamax
|clearpoke
|poke|p1|Landorus-Therian, M|
|poke|p1|Tapu Lele|
|poke|p1|Magnezone|
|poke|p1|Kartana|
|poke|p1|Dragonite, F|
|poke|p1|Weavile, F|
|poke|p2|Regidrago|
|poke|p2|Nidoking, M|
|poke|p2|Urshifu-*, M|
|poke|p2|Landorus-Therian, M|
|poke|p2|Melmetal|
|poke|p2|Slowbro, M|
|teampreview
|inactive|Battle timer is ON: inactive players will automatically lose when time's up. (requested by Fusien)
|j| higherpls
|c|☆Fusien|Hf
|inactive|Fusien has 120 seconds left.
|
|t:|1658299419
|start
|switch|p1a: Tapu Lele|Tapu Lele|100/100
|switch|p2a: Georgiethefirst|Urshifu-Rapid-Strike, M|100/100
|-fieldstart|move: Psychic Terrain|[from] ability: Psychic Surge|[of] p1a: Tapu Lele
|turn|1
|j| GoldenStateIdiots
|
|t:|1658299429
|switch|p1a: Landorus|Landorus-Therian, M|100/100
|-ability|p1a: Landorus|Intimidate|boost
|-unboost|p2a: Georgiethefirst|atk|1
|move|p2a: Georgiethefirst|U-turn|p1a: Landorus
|-resisted|p1a: Landorus
|-damage|p1a: Landorus|93/100
|
|t:|1658299431
|switch|p2a: GOAT|Regidrago|100/100|[from]move: U-turn
|
|-heal|p1a: Landorus|99/100|[from] item: Leftovers
|upkeep
|turn|2
|
|t:|1658299439
|switch|p1a: Tapu Lele|Tapu Lele|100/100
|move|p2a: GOAT|Dragon Energy|p1a: Tapu Lele
|-immune|p1a: Tapu Lele
|
|upkeep
|turn|3
|
|t:|1658299445
|switch|p2a: Hyper|Slowbro, M|100/100
|move|p1a: Tapu Lele|Moonblast|p2a: Hyper
|-damage|p2a: Hyper|45/100
|-unboost|p2a: Hyper|spa|1
|
|upkeep
|turn|4
|l| GoldenStateIdiots
|
|t:|1658299452
|switch|p1a: Magnezone|Magnezone|100/100
|switch|p2a: Mimi|Melmetal|100/100
|
|upkeep
|turn|5
|
|t:|1658299457
|move|p1a: Magnezone|Magnet Rise|p1a: Magnezone
|-start|p1a: Magnezone|Magnet Rise
|move|p2a: Mimi|Earthquake|p1a: Magnezone
|-immune|p1a: Magnezone
|
|-fieldend|move: Psychic Terrain
|upkeep
|turn|6
|
|t:|1658299463
|move|p1a: Magnezone|Iron Defense|p1a: Magnezone
|-boost|p1a: Magnezone|def|2
|move|p2a: Mimi|Ice Punch|p1a: Magnezone
|-resisted|p1a: Magnezone
|-damage|p1a: Magnezone|94/100
|
|upkeep
|turn|7
|
|t:|1658299469
|move|p1a: Magnezone|Body Press|p2a: Mimi
|-supereffective|p2a: Mimi
|-damage|p2a: Mimi|40/100
|move|p2a: Mimi|Ice Punch|p1a: Magnezone
|-resisted|p1a: Magnezone
|-crit|p1a: Magnezone
|-damage|p1a: Magnezone|73/100
|
|upkeep
|turn|8
|
|t:|1658299475
|move|p1a: Magnezone|Body Press|p2a: Mimi
|-supereffective|p2a: Mimi
|-damage|p2a: Mimi|0 fnt
|faint|p2a: Mimi
|
|upkeep
|
|t:|1658299477
|switch|p2a: Phoenix Wright|Nidoking, M|100/100
|turn|9
|
|t:|1658299482
|move|p2a: Phoenix Wright|Stealth Rock|p1a: Magnezone
|-sidestart|p1: Makuryu|move: Stealth Rock
|move|p1a: Magnezone|Body Press|p2a: Phoenix Wright
|-resisted|p2a: Phoenix Wright
|-damage|p2a: Phoenix Wright|63/100
|
|-end|p1a: Magnezone|Magnet Rise
|upkeep
|turn|10
|
|t:|1658299489
|move|p2a: Phoenix Wright|Earth Power|p1a: Magnezone
|-supereffective|p1a: Magnezone
|-damage|p1a: Magnezone|0 fnt
|faint|p1a: Magnezone
|
|upkeep
|
|t:|1658299497
|switch|p1a: Kartana|Kartana|100/100
|-damage|p1a: Kartana|94/100|[from] Stealth Rock
|turn|11
|j| womenfist
|
|t:|1658299501
|switch|p2a: GOAT|Regidrago|100/100
|move|p1a: Kartana|Leaf Blade|p2a: GOAT
|-resisted|p2a: GOAT
|-damage|p2a: GOAT|66/100
|
|upkeep
|turn|12
|l| womenfist
|
|t:|1658299508
|switch|p1a: Tapu Lele|Tapu Lele|100/100
|-damage|p1a: Tapu Lele|88/100|[from] Stealth Rock
|-fieldstart|move: Psychic Terrain|[from] ability: Psychic Surge|[of] p1a: Tapu Lele
|switch|p2a: Georgiethefirst|Urshifu-Rapid-Strike, M|100/100
|
|upkeep
|turn|13
|
|t:|1658299525
|switch|p1a: Landorus|Landorus-Therian, M|99/100
|-damage|p1a: Landorus|87/100|[from] Stealth Rock
|-ability|p1a: Landorus|Intimidate|boost
|-unboost|p2a: Georgiethefirst|atk|1
|move|p2a: Georgiethefirst|Surging Strikes|p1a: Landorus
|-supereffective|p1a: Landorus
|-crit|p1a: Landorus
|-damage|p1a: Landorus|49/100
|-supereffective|p1a: Landorus
|-crit|p1a: Landorus
|-damage|p1a: Landorus|11/100
|-supereffective|p1a: Landorus
|-crit|p1a: Landorus
|-damage|p1a: Landorus|0 fnt
|faint|p1a: Landorus
|-hitcount|p1: Landorus|3
|
|upkeep
|j| womenfist
|l| womenfist
|
|t:|1658299541
|switch|p1a: Kartana|Kartana|94/100
|-damage|p1a: Kartana|88/100|[from] Stealth Rock
|turn|14
|
|t:|1658299545
|switch|p2a: Vertex|Landorus-Therian, M|100/100
|-ability|p2a: Vertex|Intimidate|boost
|-unboost|p1a: Kartana|atk|1
|move|p1a: Kartana|Leaf Blade|p2a: Vertex
|-damage|p2a: Vertex|63/100
|
|-heal|p2a: Vertex|69/100|[from] item: Leftovers
|upkeep
|turn|15
|
|t:|1658299553
|move|p1a: Kartana|Leaf Blade|p2a: Vertex
|-damage|p2a: Vertex|26/100
|move|p2a: Vertex|Knock Off|p1a: Kartana
|-crit|p1a: Kartana
|-damage|p1a: Kartana|41/100
|-enditem|p1a: Kartana|Choice Scarf|[from] move: Knock Off|[of] p2a: Vertex
|
|-heal|p2a: Vertex|32/100|[from] item: Leftovers
|upkeep
|turn|16
|
|t:|1658299562
|move|p1a: Kartana|Leaf Blade|p2a: Vertex
|-damage|p2a: Vertex|0 fnt
|faint|p2a: Vertex
|-ability|p1a: Kartana|Beast Boost|boost
|-boost|p1a: Kartana|atk|1
|
|-fieldend|move: Psychic Terrain
|upkeep
|
|t:|1658299564
|switch|p2a: Georgiethefirst|Urshifu-Rapid-Strike, M|100/100
|turn|17
|
|t:|1658299573
|move|p2a: Georgiethefirst|Close Combat|p1a: Kartana
|-supereffective|p1a: Kartana
|-crit|p1a: Kartana
|-damage|p1a: Kartana|0 fnt
|-unboost|p2a: Georgiethefirst|def|1
|-unboost|p2a: Georgiethefirst|spd|1
|faint|p1a: Kartana
|
|upkeep
|
|t:|1658299582
|switch|p1a: Tapu Lele|Tapu Lele|88/100
|-damage|p1a: Tapu Lele|76/100|[from] Stealth Rock
|-fieldstart|move: Psychic Terrain|[from] ability: Psychic Surge|[of] p1a: Tapu Lele
|turn|18
|
|t:|1658299588
|switch|p2a: Phoenix Wright|Nidoking, M|63/100
|move|p1a: Tapu Lele|Moonblast|p2a: Phoenix Wright
|-resisted|p2a: Phoenix Wright
|-damage|p2a: Phoenix Wright|6/100
|
|upkeep
|turn|19
|
|t:|1658299593
|move|p2a: Phoenix Wright|Sludge Wave|p1a: Tapu Lele
|-supereffective|p1a: Tapu Lele
|-damage|p1a: Tapu Lele|0 fnt
|faint|p1a: Tapu Lele
|
|upkeep
|
|t:|1658299598
|switch|p1a: Weavile|Weavile, F|100/100
|-ability|p1a: Weavile|Pressure
|turn|20
|
|t:|1658299604
|move|p1a: Weavile|Knock Off|p2a: Phoenix Wright
|-damage|p2a: Phoenix Wright|0 fnt
|-enditem|p2a: Phoenix Wright|Life Orb|[from] move: Knock Off|[of] p1a: Weavile
|faint|p2a: Phoenix Wright
|
|upkeep
|
|t:|1658299606
|switch|p2a: Georgiethefirst|Urshifu-Rapid-Strike, M|100/100
|turn|21
|
|t:|1658299611
|move|p2a: Georgiethefirst|U-turn|p1a: Weavile
|-supereffective|p1a: Weavile
|-damage|p1a: Weavile|9/100
|
|t:|1658299613
|switch|p2a: GOAT|Regidrago|66/100|[from]move: U-turn
|move|p1a: Weavile|Triple Axel|p2a: GOAT
|-supereffective|p2a: GOAT
|-damage|p2a: GOAT|45/100
|-hitcount|p2a: GOAT|1
|
|upkeep
|turn|22
|
|t:|1658299620
|move|p1a: Weavile|Triple Axel|p2a: GOAT
|-supereffective|p2a: GOAT
|-damage|p2a: GOAT|22/100
|-supereffective|p2a: GOAT
|-crit|p2a: GOAT
|-damage|p2a: GOAT|0 fnt
|faint|p2a: GOAT
|-hitcount|p2: GOAT|2
|
|-fieldend|move: Psychic Terrain
|upkeep
|
|t:|1658299625
|switch|p2a: Georgiethefirst|Urshifu-Rapid-Strike, M|100/100
|turn|23
|j| NoseWrecky
|
|t:|1658299633
|move|p2a: Georgiethefirst|Ice Punch|p1a: Weavile
|-resisted|p1a: Weavile
|-damage|p1a: Weavile|0 fnt
|faint|p1a: Weavile
|
|upkeep
|
|t:|1658299637
|switch|p1a: Dragonite|Dragonite, F|100/100
|turn|24
|
|t:|1658299640
|move|p2a: Georgiethefirst|Ice Punch|p1a: Dragonite
|-supereffective|p1a: Dragonite
|-damage|p1a: Dragonite|45/100
|move|p1a: Dragonite|Dual Wingbeat|p2a: Georgiethefirst
|-supereffective|p2a: Georgiethefirst
|-damage|p2a: Georgiethefirst|58/100
|-supereffective|p2a: Georgiethefirst
|-damage|p2a: Georgiethefirst|14/100
|-hitcount|p2a: Georgiethefirst|2
|
|upkeep
|turn|25
|-message|Makuryu forfeited.
|
|win|Fusien
|raw|Makuryu's rating: 1876 &rarr; <strong>1850</strong><br />(-26 for losing)
|raw|Fusien's rating: 1765 &rarr; <strong>1791</strong><br />(+26 for winning)
|l|☆Makuryu
|c|☆Fusien|Gg
