|raw|<div class="broadcast-blue"><strong>This battle is required to be public due to a player having a name starting with 'btlt200'.</div>
|j|☆BTLT200$ SF'
|j|☆Nultiprise
|t:|1668169378
|gametype|singles
|player|p1|BTLT200$ SF'|palmer|
|player|p2|Nultiprise|hexmaniac-gen6|
|teamsize|p1|6
|teamsize|p2|6
|gen|8
|tier|[Gen 8] OU
|rule|Sleep Clause Mod: Limit one foe put to sleep
|rule|Species Clause: Limit one of each Pokémon
|rule|OHKO Clause: OHKO moves are banned
|rule|Evasion Items Clause: Evasion items are banned
|rule|Evasion Moves Clause: Evasion moves are banned
|rule|Endless Battle Clause: Forcing endless battles is banned
|rule|HP Percentage Mod: HP is shown in percentages
|rule|Dynamax Clause: You cannot dynamax
|clearpoke
|poke|p1|Grimmsnarl, M|
|poke|p1|Slowbro-Galar, M|
|poke|p1|Polteageist-Antique|
|poke|p1|Zarude-Dada|
|poke|p1|Articuno-Galar|
|poke|p1|Inteleon, M|
|poke|p2|Hatterene, F|
|poke|p2|Slowbro-Galar, F|
|poke|p2|Runerigus, M|
|poke|p2|Glastrier|
|poke|p2|Copperajah, F|
|poke|p2|Mr. Mime-Galar, F|
|teampreview
|inactive|Battle timer is ON: inactive players will automatically lose when time's up. (requested by BTLT200$ SF')
|c|☆Nultiprise|hf
|
|t:|1668169392
|start
|switch|p1a: Grimmsnarl|Grimmsnarl, M|100/100
|switch|p2a: Copperajah|Copperajah, F|100/100
|turn|1
|
|t:|1668169396
|move|p1a: Grimmsnarl|Reflect|p1a: Grimmsnarl
|-sidestart|p1: BTLT200$ SF'|Reflect
|move|p2a: Copperajah|Heavy Slam|p1a: Grimmsnarl
|-supereffective|p1a: Grimmsnarl
|-damage|p1a: Grimmsnarl|0 fnt
|faint|p1a: Grimmsnarl
|-damage|p2a: Copperajah|91/100|[from] item: Life Orb
|
|upkeep
|
|t:|1668169398
|switch|p1a: Slowbro|Slowbro-Galar, M|100/100
|turn|2
|
|t:|1668169408
|move|p1a: Slowbro|Iron Defense|p1a: Slowbro
|-boost|p1a: Slowbro|def|2
|move|p2a: Copperajah|Heavy Slam|p1a: Slowbro
|-damage|p1a: Slowbro|82/100
|-damage|p2a: Copperajah|74/100|[from] item: Rocky Helmet|[of] p1a: Slowbro
|-damage|p2a: Copperajah|64/100|[from] item: Life Orb
|
|upkeep
|turn|3
|
|t:|1668169413
|switch|p2a: Runerigus|Runerigus, M|100/100
|move|p1a: Slowbro|Calm Mind|p1a: Slowbro
|-boost|p1a: Slowbro|spa|1
|-boost|p1a: Slowbro|spd|1
|
|upkeep
|turn|4
|
|t:|1668169423
|move|p1a: Slowbro|Calm Mind|p1a: Slowbro
|-boost|p1a: Slowbro|spa|1
|-boost|p1a: Slowbro|spd|1
|move|p2a: Runerigus|Earthquake|p1a: Slowbro
|-supereffective|p1a: Slowbro
|-damage|p1a: Slowbro|69/100
|
|upkeep
|turn|5
|
|t:|1668169437
|move|p1a: Slowbro|Calm Mind|p1a: Slowbro
|-boost|p1a: Slowbro|spa|1
|-boost|p1a: Slowbro|spd|1
|move|p2a: Runerigus|Earthquake|p1a: Slowbro
|-supereffective|p1a: Slowbro
|-damage|p1a: Slowbro|53/100
|
|upkeep
|turn|6
|
|t:|1668169444
|move|p1a: Slowbro|Iron Defense|p1a: Slowbro
|-boost|p1a: Slowbro|def|2
|move|p2a: Runerigus|Trick Room|p2a: Runerigus
|-fieldstart|move: Trick Room|[of] p2a: Runerigus
|
|upkeep
|turn|7
|
|t:|1668169449
|move|p2a: Runerigus|Memento|p1a: Slowbro
|-unboost|p1a: Slowbro|atk|2
|-unboost|p1a: Slowbro|spa|2
|faint|p2a: Runerigus
|move|p1a: Slowbro|Slack Off|p1a: Slowbro
|-heal|p1a: Slowbro|100/100
|
|upkeep
|
|t:|1668169453
|switch|p2a: Slowbro|Slowbro-Galar, F|100/100
|turn|8
|
|t:|1668169458
|move|p2a: Slowbro|Belly Drum|p2a: Slowbro
|-damage|p2a: Slowbro|51/100
|-setboost|p2a: Slowbro|atk|6|[from] move: Belly Drum
|move|p1a: Slowbro|Calm Mind|p1a: Slowbro
|-boost|p1a: Slowbro|spa|1
|-boost|p1a: Slowbro|spd|1
|
|-sideend|p1: BTLT200$ SF'|Reflect
|upkeep
|turn|9
|-activate|p2a: Slowbro|item: Quick Claw
|
|t:|1668169472
|move|p2a: Slowbro|Liquidation|p1a: Slowbro
|-damage|p1a: Slowbro|69/100
|-damage|p2a: Slowbro|34/100|[from] item: Rocky Helmet|[of] p1a: Slowbro
|move|p1a: Slowbro|Iron Defense|p1a: Slowbro
|-boost|p1a: Slowbro|def|2
|
|upkeep
|turn|10
|-activate|p2a: Slowbro|item: Quick Claw
|
|t:|1668169478
|move|p2a: Slowbro|Liquidation|p1a: Slowbro
|-damage|p1a: Slowbro|46/100
|-damage|p2a: Slowbro|18/100|[from] item: Rocky Helmet|[of] p1a: Slowbro
|move|p1a: Slowbro|Slack Off|p1a: Slowbro
|-heal|p1a: Slowbro|96/100
|
|-fieldend|move: Trick Room
|upkeep
|turn|11
|c|☆Nultiprise|gg
|c|☆BTLT200$ SF'|gg
|-message|Nultiprise forfeited.
|
|win|BTLT200$ SF'
|l|☆Nultiprise
