|j|☆NMAN
|j|☆Q114
|player|p1|NMAN|80|1653
|player|p2|Q114|102|1736
|teamsize|p1|6
|teamsize|p2|6
|gametype|singles
|gen|8
|tier|[Gen 8] OU
|rated|
|clearpoke
|poke|p1|Hydreigon, M|
|poke|p1|Diggersby, F|
|poke|p1|Mantine, F|
|poke|p1|Weavile, M|
|poke|p1|Ferrothorn, F|
|poke|p1|Primarina, M|
|poke|p2|Toxapex, M|
|poke|p2|Ferrothorn, M|
|poke|p2|Seismitoad, F|
|poke|p2|Tyranitar, M|
|poke|p2|Clefable, M|
|poke|p2|Corviknight, M|
|rule|Sleep Clause Mod: Limit one foe put to sleep
|rule|Species Clause: Limit one of each Pokémon
|rule|OHKO Clause: OHKO moves are banned
|rule|Evasion Moves Clause: Evasion moves are banned
|rule|Endless Battle Clause: Forcing endless battles is banned
|rule|HP Percentage Mod: HP is shown in percentages
|rule|Dynamax Clause: You cannot dynamax
|teampreview
|
|start
|switch|p1a: Primarina|Primarina, M|100/100
|switch|p2a: Toxapex|Toxapex, M|100/100
|turn|1
|
|switch|p1a: Ferrothorn|Ferrothorn, F|100/100
|move|p2a: Toxapex|Poison Jab|p1a: Ferrothorn
|-immune|p1a: Ferrothorn
|
|upkeep
|turn|2
|
|move|p1a: Ferrothorn|Knock Off|p2a: Toxapex
|-damage|p2a: Toxapex|86/100
|-enditem|p2a: Toxapex|Black Sludge|[from] move: Knock Off|[of] p1a: Ferrothorn
|move|p2a: Toxapex|Knock Off|p1a: Ferrothorn
|-damage|p1a: Ferrothorn|92/100
|-damage|p2a: Toxapex|74/100|[from] ability: Iron Barbs|[of] p1a: Ferrothorn
|-damage|p2a: Toxapex|58/100|[from] item: Rocky Helmet|[of] p1a: Ferrothorn
|-enditem|p1a: Ferrothorn|Rocky Helmet|[from] move: Knock Off|[of] p2a: Toxapex
|
|upkeep
|turn|3
|j| TestPoke02
|
|move|p1a: Ferrothorn|Leech Seed|p2a: Toxapex|[miss]
|-miss|p1a: Ferrothorn|p2a: Toxapex
|move|p2a: Toxapex|Scald|p1a: Ferrothorn
|-resisted|p1a: Ferrothorn
|-damage|p1a: Ferrothorn|85/100
|
|upkeep
|turn|4
|
|move|p1a: Ferrothorn|Leech Seed|p2a: Toxapex
|-start|p2a: Toxapex|move: Leech Seed
|move|p2a: Toxapex|Scald|p1a: Ferrothorn
|-resisted|p1a: Ferrothorn
|-damage|p1a: Ferrothorn|78/100
|
|-damage|p2a: Toxapex|45/100|[from] Leech Seed|[of] p1a: Ferrothorn
|-heal|p1a: Ferrothorn|89/100|[silent]
|upkeep
|turn|5
|
|move|p1a: Ferrothorn|Stealth Rock|p2a: Toxapex
|-sidestart|p2: Q114|move: Stealth Rock
|move|p2a: Toxapex|Toxic Spikes|p1a: Ferrothorn
|-sidestart|p1: NMAN|move: Toxic Spikes
|
|-damage|p2a: Toxapex|33/100|[from] Leech Seed|[of] p1a: Ferrothorn
|-heal|p1a: Ferrothorn|99/100|[silent]
|upkeep
|turn|6
|j| difractal
|
|switch|p1a: Mantine|Mantine, F|100/100
|move|p2a: Toxapex|Scald|p1a: Mantine
|-immune|p1a: Mantine|[from] ability: Water Absorb
|
|-damage|p2a: Toxapex|21/100|[from] Leech Seed|[of] p1a: Mantine
|upkeep
|turn|7
|
|switch|p2a: Seismitoad|Seismitoad, F|100/100
|-damage|p2a: Seismitoad|94/100|[from] Stealth Rock
|move|p1a: Mantine|Defog|p2a: Seismitoad
|-unboost|p2a: Seismitoad|evasion|1
|-sideend|p2: Q114|Stealth Rock|[from] move: Defog|[of] p1a: Mantine
|-sideend|p1: NMAN|Toxic Spikes|[from] move: Defog|[of] p1a: Mantine
|
|-heal|p2a: Seismitoad|100/100|[from] item: Leftovers
|upkeep
|turn|8
|
|switch|p2a: Toxapex|Toxapex, M|54/100
|move|p1a: Mantine|Toxic|p2a: Toxapex
|-immune|p2a: Toxapex
|
|upkeep
|turn|9
|
|switch|p1a: Diggersby|Diggersby, F|100/100
|move|p2a: Toxapex|Toxic Spikes|p1a: Diggersby
|-sidestart|p1: NMAN|move: Toxic Spikes
|
|upkeep
|turn|10
|
|switch|p2a: Corviknight|Corviknight, M|100/100
|-ability|p2a: Corviknight|Pressure
|move|p1a: Diggersby|Swords Dance|p1a: Diggersby
|-boost|p1a: Diggersby|atk|2
|
|upkeep
|turn|11
|j| HeavenStar
|inactive|Battle timer is ON: inactive players will automatically lose when time's up. (requested by NMAN)
|j| Glazou
|inactive|Q114 has 120 seconds left.
|inactive|Q114 has 90 seconds left.
|
|move|p1a: Diggersby|Thunder Punch|p2a: Corviknight
|-supereffective|p2a: Corviknight
|-damage|p2a: Corviknight|0 fnt
|-damage|p1a: Diggersby|84/100|[from] item: Rocky Helmet|[of] p2a: Corviknight
|-damage|p1a: Diggersby|74/100|[from] item: Life Orb
|faint|p2a: Corviknight
|
|upkeep
|
|switch|p2a: Clefable|Clefable, M|100/100
|turn|12
|
|move|p1a: Diggersby|Earthquake|p2a: Clefable
|-damage|p2a: Clefable|31/100
|-damage|p1a: Diggersby|64/100|[from] item: Life Orb
|move|p2a: Clefable|Moonblast|p1a: Diggersby
|-damage|p1a: Diggersby|25/100
|
|-heal|p2a: Clefable|37/100|[from] item: Leftovers
|upkeep
|turn|13
|
|move|p2a: Clefable|Protect|p2a: Clefable
|-singleturn|p2a: Clefable|Protect
|move|p1a: Diggersby|Earthquake|p2a: Clefable
|-activate|p2a: Clefable|move: Protect
|
|-heal|p2a: Clefable|43/100|[from] item: Leftovers
|upkeep
|turn|14
|inactive|Q114 has 120 seconds left.
|inactive|Q114 has 90 seconds left.
|inactive|Q114 has 60 seconds left.
|inactive|Q114 has 30 seconds left.
|inactive|Q114 has 20 seconds left.
|inactive|Q114 has 15 seconds left.
|inactive|Q114 has 10 seconds left.
|inactive|Q114 has 5 seconds left.
|-message|Q114 lost due to inactivity.
|
|win|NMAN
|raw|NMAN's rating: 1653 &rarr; <strong>1677</strong><br />(+24 for winning)
|raw|Q114's rating: 1737 &rarr; <strong>1712</strong><br />(-25 for losing)
|c|☆NMAN|gg
|l| Glazou
