|j|☆Futarou-kun
|j|☆therockcena
|t:|1662210268
|gametype|singles
|player|p1|Futarou-kun|morty-masters|1353
|player|p2|therockcena|cynthia-gen4|1412
|teamsize|p1|6
|teamsize|p2|6
|gen|8
|tier|[Gen 8] OU
|rated|
|rule|Sleep Clause Mod: Limit one foe put to sleep
|rule|Species Clause: Limit one of each Pokémon
|rule|OHKO Clause: OHKO moves are banned
|rule|Evasion Items Clause: Evasion items are banned
|rule|Evasion Moves Clause: Evasion moves are banned
|rule|Endless Battle Clause: Forcing endless battles is banned
|rule|HP Percentage Mod: HP is shown in percentages
|rule|Dynamax Clause: You cannot dynamax
|clearpoke
|poke|p1|Mew|
|poke|p1|Regieleki|
|poke|p1|Landorus-Therian, M|
|poke|p1|Tapu Koko|
|poke|p1|Hawlucha, F|
|poke|p1|Lucario, F|
|poke|p2|Pelipper, F|
|poke|p2|Barraskewda, F|
|poke|p2|Seismitoad, F|
|poke|p2|Dragonite, M|
|poke|p2|Thundurus-Therian, M|
|poke|p2|Magnezone|
|teampreview
|inactive|Battle timer is ON: inactive players will automatically lose when time's up. (requested by therockcena)
|
|t:|1662210278
|start
|switch|p1a: Tapu Koko|Tapu Koko|100/100
|switch|p2a: Barraskewda|Barraskewda, F|100/100
|-fieldstart|move: Electric Terrain|[from] ability: Electric Surge|[of] p1a: Tapu Koko
|turn|1
|
|t:|1662210288
|switch|p2a: Magnezone|Magnezone|100/100
|move|p1a: Tapu Koko|Reflect|p1a: Tapu Koko
|-sidestart|p1: Futarou-kun|Reflect
|
|upkeep
|turn|2
|
|t:|1662210293
|move|p1a: Tapu Koko|U-turn|p2a: Magnezone
|-resisted|p2a: Magnezone
|-damage|p2a: Magnezone|94/100
|
|t:|1662210296
|switch|p1a: Landorus|Landorus-Therian, M|100/100|[from]move: U-turn
|-ability|p1a: Landorus|Intimidate|boost
|-unboost|p2a: Magnezone|atk|1
|move|p2a: Magnezone|Thunderbolt|p1a: Landorus
|-immune|p1a: Landorus
|
|-heal|p2a: Magnezone|99/100|[from] item: Leftovers
|upkeep
|turn|3
|
|t:|1662210307
|switch|p2a: Dragonite|Dragonite, M|100/100
|move|p1a: Landorus|U-turn|p2a: Dragonite
|-resisted|p2a: Dragonite
|-damage|p2a: Dragonite|95/100
|
|t:|1662210313
|switch|p1a: Mew|Mew|100/100|[from]move: U-turn
|
|upkeep
|turn|4
|
|t:|1662210328
|move|p1a: Mew|Dragon Dance|p1a: Mew
|-boost|p1a: Mew|atk|1
|-boost|p1a: Mew|spe|1
|move|p2a: Dragonite|Roost|p2a: Dragonite
|-heal|p2a: Dragonite|100/100
|-singleturn|p2a: Dragonite|move: Roost
|
|upkeep
|turn|5
|
|t:|1662210336
|move|p1a: Mew|Ice Punch|p2a: Dragonite
|-supereffective|p2a: Dragonite
|-damage|p2a: Dragonite|44/100
|move|p2a: Dragonite|Dragon Dance|p2a: Dragonite
|-boost|p2a: Dragonite|atk|1
|-boost|p2a: Dragonite|spe|1
|
|-fieldend|move: Electric Terrain
|upkeep
|turn|6
|
|t:|1662210345
|move|p1a: Mew|Dragon Dance|p1a: Mew
|-boost|p1a: Mew|atk|1
|-boost|p1a: Mew|spe|1
|move|p2a: Dragonite|Earthquake|p1a: Mew
|-damage|p1a: Mew|76/100
|
|upkeep
|turn|7
|
|t:|1662210352
|move|p1a: Mew|Ice Punch|p2a: Dragonite
|-supereffective|p2a: Dragonite
|-damage|p2a: Dragonite|0 fnt
|faint|p2a: Dragonite
|
|upkeep
|
|t:|1662210355
|switch|p2a: Pelipper|Pelipper, F|100/100
|-weather|RainDance|[from] ability: Drizzle|[of] p2a: Pelipper
|turn|8
|
|t:|1662210361
|switch|p2a: Seismitoad|Seismitoad, F|100/100
|move|p1a: Mew|Dragon Dance|p1a: Mew
|-boost|p1a: Mew|atk|1
|-boost|p1a: Mew|spe|1
|
|-weather|RainDance|[upkeep]
|-sideend|p1: Futarou-kun|Reflect
|upkeep
|turn|9
|
|t:|1662210370
|move|p1a: Mew|Psychic Fangs|p2a: Seismitoad
|-damage|p2a: Seismitoad|0 fnt
|faint|p2a: Seismitoad
|
|-weather|RainDance|[upkeep]
|upkeep
|
|t:|1662210375
|switch|p2a: Barraskewda|Barraskewda, F|100/100
|turn|10
|
|t:|1662210380
|move|p1a: Mew|Drain Punch|p2a: Barraskewda
|-damage|p2a: Barraskewda|0 fnt
|-heal|p1a: Mew|100/100|[from] drain|[of] p2a: Barraskewda
|faint|p2a: Barraskewda
|
|-weather|RainDance|[upkeep]
|upkeep
|-message|therockcena forfeited.
|
|win|Futarou-kun
|raw|Futarou-kun's rating: 1353 &rarr; <strong>1376</strong><br />(+23 for winning)
|raw|therockcena's rating: 1412 &rarr; <strong>1389</strong><br />(-23 for losing)
|l|☆therockcena
