|j|☆plainjain
|j|☆beastyj157
|t:|1640128935
|gametype|singles
|player|p1|plainjain|backersf|1555
|player|p2|beastyj157|veteran|1555
|teamsize|p1|6
|teamsize|p2|6
|gen|8
|tier|[Gen 8] OU
|rated|
|rule|Sleep Clause Mod: Limit one foe put to sleep
|rule|Species Clause: Limit one of each Pokémon
|rule|OHKO Clause: OHKO moves are banned
|rule|Evasion Moves Clause: Evasion moves are banned
|rule|Endless Battle Clause: Forcing endless battles is banned
|rule|HP Percentage Mod: HP is shown in percentages
|rule|Dynamax Clause: You cannot dynamax
|clearpoke
|poke|p1|Tyranitar, M|
|poke|p1|Dracozolt|
|poke|p1|Omastar, M|
|poke|p1|Landorus-Therian, M|
|poke|p1|Excadrill, F|
|poke|p1|Hippowdon, F|
|poke|p2|Weavile, F|
|poke|p2|Dragapult, F|
|poke|p2|Ferrothorn, M|
|poke|p2|Zapdos|
|poke|p2|Heatran, M|
|poke|p2|Nidoking, M|
|teampreview
|inactive|Battle timer is ON: inactive players will automatically lose when time's up. (requested by beastyj157)
|
|t:|1640128954
|start
|switch|p1a: Hippowdon|Hippowdon, F|100/100
|switch|p2a: Ferro|Ferrothorn, M|100/100
|-weather|Sandstorm|[from] ability: Sand Stream|[of] p1a: Hippowdon
|turn|1
|
|t:|1640128971
|switch|p1a: Landorus|Landorus-Therian, M|100/100
|-ability|p1a: Landorus|Intimidate|boost
|-unboost|p2a: Ferro|atk|1
|move|p2a: Ferro|Knock Off|p1a: Landorus
|-damage|p1a: Landorus|85/100
|-enditem|p1a: Landorus|Leftovers|[from] move: Knock Off|[of] p2a: Ferro
|
|-weather|Sandstorm|[upkeep]
|upkeep
|turn|2
|
|t:|1640128979
|move|p1a: Landorus|Knock Off|p2a: Ferro
|-crit|p2a: Ferro
|-damage|p2a: Ferro|58/100
|-damage|p1a: Landorus|73/100|[from] ability: Iron Barbs|[of] p2a: Ferro
|-enditem|p2a: Ferro|Leftovers|[from] move: Knock Off|[of] p1a: Landorus
|move|p2a: Ferro|Spikes|p1a: Landorus
|-sidestart|p1: plainjain|Spikes
|
|-weather|Sandstorm|[upkeep]
|upkeep
|turn|3
|
|t:|1640128987
|move|p1a: Landorus|Earthquake|p2a: Ferro
|-crit|p2a: Ferro
|-damage|p2a: Ferro|0 fnt
|faint|p2a: Ferro
|
|-weather|Sandstorm|[upkeep]
|upkeep
|c|☆plainjain|two crits in a row
|c|☆plainjain|tuff
|c|☆beastyj157|Wow
|
|t:|1640129000
|switch|p2a: Calamity|Weavile, F|100/100
|-ability|p2a: Calamity|Pressure
|turn|4
|
|t:|1640129007
|switch|p1a: Excadrill|Excadrill, F|100/100
|-damage|p1a: Excadrill|88/100|[from] Spikes
|move|p2a: Calamity|Swords Dance|p2a: Calamity
|-boost|p2a: Calamity|atk|2
|
|-weather|Sandstorm|[upkeep]
|-damage|p2a: Calamity|94/100|[from] Sandstorm
|upkeep
|turn|5
|
|t:|1640129017
|switch|p2a: Zappy|Zapdos|100/100
|move|p1a: Excadrill|Iron Head|p2a: Zappy
|-resisted|p2a: Zappy
|-damage|p2a: Zappy|80/100
|
|-weather|Sandstorm|[upkeep]
|-damage|p2a: Zappy|74/100|[from] Sandstorm
|upkeep
|turn|6
|
|t:|1640129025
|switch|p1a: Landorus|Landorus-Therian, M|73/100
|-ability|p1a: Landorus|Intimidate|boost
|-unboost|p2a: Zappy|atk|1
|move|p2a: Zappy|Hurricane|p1a: Landorus
|-damage|p1a: Landorus|12/100
|
|-weather|Sandstorm|[upkeep]
|-damage|p2a: Zappy|68/100|[from] Sandstorm
|upkeep
|turn|7
|
|t:|1640129037
|move|p1a: Landorus|Defog|p2a: Zappy
|-unboost|p2a: Zappy|evasion|1
|-sideend|p1: plainjain|Spikes|[from] move: Defog|[of] p1a: Landorus
|move|p2a: Zappy|Hurricane|p1a: Landorus
|-crit|p1a: Landorus
|-damage|p1a: Landorus|0 fnt
|faint|p1a: Landorus
|
|-weather|Sandstorm|[upkeep]
|-damage|p2a: Zappy|62/100|[from] Sandstorm
|upkeep
|
|t:|1640129049
|switch|p1a: Hippowdon|Hippowdon, F|100/100
|turn|8
|
|t:|1640129063
|switch|p2a: Calamity|Weavile, F|94/100
|-ability|p2a: Calamity|Pressure
|move|p1a: Hippowdon|Toxic|p2a: Calamity
|-status|p2a: Calamity|tox
|
|-weather|none
|-damage|p2a: Calamity|88/100 tox|[from] psn
|upkeep
|turn|9
|
|t:|1640129075
|switch|p1a: Tyranitar|Tyranitar, M|100/100
|-weather|Sandstorm|[from] ability: Sand Stream|[of] p1a: Tyranitar
|move|p2a: Calamity|Swords Dance|p2a: Calamity
|-boost|p2a: Calamity|atk|2
|
|-weather|Sandstorm|[upkeep]
|-damage|p2a: Calamity|82/100 tox|[from] Sandstorm
|-damage|p2a: Calamity|70/100 tox|[from] psn
|upkeep
|turn|10
|
|t:|1640129086
|switch|p1a: Hippowdon|Hippowdon, F|100/100
|move|p2a: Calamity|Triple Axel|p1a: Hippowdon|[miss]
|-miss|p2a: Calamity|p1a: Hippowdon
|
|-weather|Sandstorm|[upkeep]
|-damage|p2a: Calamity|64/100 tox|[from] Sandstorm
|-damage|p2a: Calamity|46/100 tox|[from] psn
|upkeep
|turn|11
|
|t:|1640129095
|switch|p1a: Excadrill|Excadrill, F|88/100
|move|p2a: Calamity|Triple Axel|p1a: Excadrill
|-damage|p1a: Excadrill|60/100
|-hitcount|p1a: Excadrill|1
|
|-weather|Sandstorm|[upkeep]
|-damage|p2a: Calamity|40/100 tox|[from] Sandstorm
|-damage|p2a: Calamity|16/100 tox|[from] psn
|upkeep
|turn|12
|c|☆beastyj157|Ok
|c|☆plainjain|this is not your match man
|c|☆beastyj157|what is ur luck
|c|☆plainjain|i feel for you
|
|t:|1640129125
|move|p2a: Calamity|Ice Shard|p1a: Excadrill
|-damage|p1a: Excadrill|0 fnt
|faint|p1a: Excadrill
|
|-weather|Sandstorm|[upkeep]
|-damage|p2a: Calamity|10/100 tox|[from] Sandstorm
|-damage|p2a: Calamity|0 fnt|[from] psn
|faint|p2a: Calamity
|upkeep
|inactive|plainjain has 120 seconds left.
|
|t:|1640129140
|switch|p2a: Heatran|Heatran, M|100/100
|switch|p1a: Dracozolt|Dracozolt|100/100
|turn|13
|
|t:|1640129145
|move|p1a: Dracozolt|Bolt Beak|p2a: Heatran
|-damage|p2a: Heatran|14/100
|move|p2a: Heatran|Earth Power|p1a: Dracozolt
|-supereffective|p1a: Dracozolt
|-crit|p1a: Dracozolt
|-damage|p1a: Dracozolt|0 fnt
|faint|p1a: Dracozolt
|
|-weather|Sandstorm|[upkeep]
|-heal|p2a: Heatran|20/100|[from] item: Leftovers
|upkeep
|c|☆beastyj157|Thst god
|c|☆beastyj157|thank
|inactive|plainjain has 120 seconds left.
|
|t:|1640129162
|switch|p1a: Omastar|Omastar, M|100/100
|turn|14
|inactive|plainjain has 120 seconds left.
|c|☆plainjain|might want to start praying to a different one
|
|t:|1640129174
|move|p2a: Heatran|Earth Power|p1a: Omastar
|-supereffective|p1a: Omastar
|-damage|p1a: Omastar|40/100
|move|p1a: Omastar|Shell Smash|p1a: Omastar
|-unboost|p1a: Omastar|def|1
|-unboost|p1a: Omastar|spd|1
|-boost|p1a: Omastar|atk|2
|-boost|p1a: Omastar|spa|2
|-boost|p1a: Omastar|spe|2
|
|-weather|Sandstorm|[upkeep]
|-heal|p2a: Heatran|26/100|[from] item: Leftovers
|upkeep
|turn|15
|inactive|plainjain has 120 seconds left.
|
|t:|1640129186
|move|p1a: Omastar|Earth Power|p2a: Heatran
|-supereffective|p2a: Heatran
|-damage|p2a: Heatran|0 fnt
|faint|p2a: Heatran
|
|-weather|Sandstorm|[upkeep]
|upkeep
|
|t:|1640129193
|switch|p2a: Zappy|Zapdos|62/100
|turn|16
|
|t:|1640129196
|move|p1a: Omastar|Ice Beam|p2a: Zappy
|-supereffective|p2a: Zappy
|-damage|p2a: Zappy|0 fnt
|faint|p2a: Zappy
|
|-weather|none
|upkeep
|
|t:|1640129199
|switch|p2a: Nidoking|Nidoking, M|100/100
|turn|17
|
|t:|1640129203
|move|p1a: Omastar|Earth Power|p2a: Nidoking
|-supereffective|p2a: Nidoking
|-damage|p2a: Nidoking|0 fnt
|faint|p2a: Nidoking
|
|upkeep
|c|☆beastyj157|Gg
|c|☆plainjain|gg
|
|t:|1640129209
|switch|p2a: Dpult|Dragapult, F|100/100
|turn|18
|
|t:|1640129213
|move|p2a: Dpult|Shadow Ball|p1a: Omastar
|-damage|p1a: Omastar|0 fnt
|faint|p1a: Omastar
|
|upkeep
|
|t:|1640129219
|switch|p1a: Hippowdon|Hippowdon, F|100/100
|-weather|Sandstorm|[from] ability: Sand Stream|[of] p1a: Hippowdon
|turn|19
|c|☆beastyj157|I OUTSPEED
|c|☆plainjain|lol
|c|☆beastyj157|WHY DID I THROW
|
|t:|1640129226
|move|p2a: Dpult|Shadow Ball|p1a: Hippowdon
|-damage|p1a: Hippowdon|46/100
|move|p1a: Hippowdon|Toxic|p2a: Dpult
|-status|p2a: Dpult|tox
|
|-weather|Sandstorm|[upkeep]
|-damage|p2a: Dpult|95/100 tox|[from] Sandstorm
|-damage|p2a: Dpult|89/100 tox|[from] psn
|upkeep
|turn|20
|
|t:|1640129235
|move|p2a: Dpult|Shadow Ball|p1a: Hippowdon
|-damage|p1a: Hippowdon|0 fnt
|faint|p1a: Hippowdon
|
|-weather|Sandstorm|[upkeep]
|-damage|p2a: Dpult|83/100 tox|[from] Sandstorm
|-damage|p2a: Dpult|71/100 tox|[from] psn
|upkeep
|c|☆beastyj157|Ong
|c|☆beastyj157|omg
|
|t:|1640129242
|switch|p1a: Tyranitar|Tyranitar, M|100/100
|turn|21
|
|t:|1640129246
|move|p2a: Dpult|Shadow Ball|p1a: Tyranitar
|-resisted|p1a: Tyranitar
|-damage|p1a: Tyranitar|87/100
|move|p1a: Tyranitar|Crunch|p2a: Dpult
|-supereffective|p2a: Dpult
|-damage|p2a: Dpult|0 fnt
|faint|p2a: Dpult
|
|win|plainjain
|raw|plainjain's rating: 1555 &rarr; <strong>1575</strong><br />(+20 for winning)
|raw|beastyj157's rating: 1555 &rarr; <strong>1535</strong><br />(-20 for losing)
|c|☆beastyj157|Gg
|c|☆plainjain|gg
|l|☆beastyj157
