|j|☆faffy
|j|☆GORAN EL DRACO
|t:|1651103638
|gametype|singles
|player|p1|faffy|scientistf|1713
|player|p2|GORAN EL DRACO|harlequin|1773
|teamsize|p1|6
|teamsize|p2|6
|gen|8
|tier|[Gen 8] OU
|rated|
|rule|Sleep Clause Mod: Limit one foe put to sleep
|rule|Species Clause: Limit one of each Pokémon
|rule|OHKO Clause: OHKO moves are banned
|rule|Evasion Moves Clause: Evasion moves are banned
|rule|Endless Battle Clause: Forcing endless battles is banned
|rule|HP Percentage Mod: HP is shown in percentages
|rule|Dynamax Clause: You cannot dynamax
|clearpoke
|poke|p1|Landorus-Therian, M|
|poke|p1|Dragapult, M|
|poke|p1|Zapdos|
|poke|p1|Tapu Lele|
|poke|p1|Nidoking, M|
|poke|p1|Tapu Fini|
|poke|p2|Obstagoon, F|
|poke|p2|Heatran, M|
|poke|p2|Landorus-Therian, M|
|poke|p2|Volcanion|
|poke|p2|Tapu Lele|
|poke|p2|Clefable, F|
|teampreview
|inactive|Battle timer is ON: inactive players will automatically lose when time's up. (requested by GORAN EL DRACO)
|j| guttyexe
|
|t:|1651103650
|start
|switch|p1a: Nidoking|Nidoking, M|100/100
|switch|p2a: Landorus|Landorus-Therian, M|100/100
|-ability|p2a: Landorus|Intimidate|boost
|-unboost|p1a: Nidoking|atk|1
|turn|1
|
|t:|1651103663
|switch|p2a: Tapu Lele|Tapu Lele|100/100
|-fieldstart|move: Psychic Terrain|[from] ability: Psychic Surge|[of] p2a: Tapu Lele
|move|p1a: Nidoking|Ice Beam|p2a: Tapu Lele
|-damage|p2a: Tapu Lele|57/100
|
|upkeep
|turn|2
|
|t:|1651103670
|switch|p1a: Tapu Lele|Tapu Lele|100/100
|move|p2a: Tapu Lele|Psychic|p1a: Tapu Lele
|-resisted|p1a: Tapu Lele
|-damage|p1a: Tapu Lele|62/100
|
|upkeep
|turn|3
|
|t:|1651103679
|switch|p2a: Volcanion|Volcanion|100/100
|switch|p1a: Nidoking|Nidoking, M|100/100
|
|upkeep
|turn|4
|
|t:|1651103684
|switch|p2a: Heatran|Heatran, M|100/100
|-item|p2a: Heatran|Air Balloon
|move|p1a: Nidoking|Earth Power|p2a: Heatran
|-immune|p2a: Heatran
|
|upkeep
|turn|5
|
|t:|1651103690
|move|p2a: Heatran|Eruption|p1a: Nidoking
|-damage|p1a: Nidoking|0 fnt
|faint|p1a: Nidoking
|
|-fieldend|move: Psychic Terrain
|upkeep
|
|t:|1651103695
|switch|p1a: Zapdos|Zapdos|100/100
|turn|6
|
|t:|1651103697
|switch|p2a: Landorus|Landorus-Therian, M|100/100
|-ability|p2a: Landorus|Intimidate|boost
|-unboost|p1a: Zapdos|atk|1
|move|p1a: Zapdos|Volt Switch|p2a: Landorus
|-immune|p2a: Landorus
|
|upkeep
|turn|7
|
|t:|1651103700
|move|p1a: Zapdos|Toxic|p2a: Landorus
|-status|p2a: Landorus|tox
|move|p2a: Landorus|Stealth Rock|p1a: Zapdos
|-sidestart|p1: faffy|move: Stealth Rock
|
|-damage|p2a: Landorus|94/100 tox|[from] psn
|upkeep
|turn|8
|
|t:|1651103711
|move|p1a: Zapdos|Heat Wave|p2a: Landorus
|-damage|p2a: Landorus|70/100 tox
|move|p2a: Landorus|Toxic|p1a: Zapdos
|-status|p1a: Zapdos|tox
|
|-damage|p1a: Zapdos|94/100 tox|[from] psn
|-damage|p2a: Landorus|58/100 tox|[from] psn
|upkeep
|turn|9
|
|t:|1651103717
|move|p1a: Zapdos|Heat Wave|p2a: Landorus
|-damage|p2a: Landorus|37/100 tox
|move|p2a: Landorus|U-turn|p1a: Zapdos
|-resisted|p1a: Zapdos
|-damage|p1a: Zapdos|85/100 tox
|
|t:|1651103720
|switch|p2a: Obstagoon|Obstagoon, F|100/100|[from]move: U-turn
|
|-damage|p1a: Zapdos|73/100 tox|[from] psn
|-status|p2a: Obstagoon|brn|[from] item: Flame Orb
|upkeep
|turn|10
|j| clumsy moon
|
|t:|1651103726
|move|p2a: Obstagoon|Facade|p1a: Zapdos
|-damage|p1a: Zapdos|0 fnt
|faint|p1a: Zapdos
|
|-damage|p2a: Obstagoon|94/100 brn|[from] brn
|upkeep
|
|t:|1651103733
|switch|p1a: Tapu Fini|Tapu Fini|100/100
|-damage|p1a: Tapu Fini|88/100|[from] Stealth Rock
|-fieldstart|move: Misty Terrain|[from] ability: Misty Surge|[of] p1a: Tapu Fini
|turn|11
|j| med girls
|
|t:|1651103746
|switch|p2a: Volcanion|Volcanion|100/100
|move|p1a: Tapu Fini|Nature's Madness|p2a: Volcanion
|-damage|p2a: Volcanion|50/100
|
|-heal|p1a: Tapu Fini|94/100|[from] item: Leftovers
|upkeep
|turn|12
|
|t:|1651103756
|switch|p1a: Landorus|Landorus-Therian, M|100/100
|-damage|p1a: Landorus|88/100|[from] Stealth Rock
|-ability|p1a: Landorus|Intimidate|boost
|-unboost|p2a: Volcanion|atk|1
|move|p2a: Volcanion|Sludge Wave|p1a: Landorus
|-resisted|p1a: Landorus
|-damage|p1a: Landorus|55/100
|
|-heal|p1a: Landorus|61/100|[from] item: Leftovers
|upkeep
|turn|13
|
|t:|1651103764
|switch|p2a: Landorus|Landorus-Therian, M|37/100 tox
|-ability|p2a: Landorus|Intimidate|boost
|-unboost|p1a: Landorus|atk|1
|move|p1a: Landorus|Knock Off|p2a: Landorus
|-damage|p2a: Landorus|14/100 tox
|-damage|p1a: Landorus|45/100|[from] item: Rocky Helmet|[of] p2a: Landorus
|-enditem|p2a: Landorus|Rocky Helmet|[from] move: Knock Off|[of] p1a: Landorus
|
|-heal|p1a: Landorus|51/100|[from] item: Leftovers
|-damage|p2a: Landorus|8/100 tox|[from] psn
|upkeep
|turn|14
|
|t:|1651103767
|move|p1a: Landorus|Knock Off|p2a: Landorus
|-damage|p2a: Landorus|0 fnt
|faint|p2a: Landorus
|
|-heal|p1a: Landorus|57/100|[from] item: Leftovers
|upkeep
|n| top chad|medgirls
|
|t:|1651103781
|switch|p2a: Obstagoon|Obstagoon, F|94/100 brn
|turn|15
|
|t:|1651103789
|switch|p1a: Tapu Fini|Tapu Fini|94/100
|-damage|p1a: Tapu Fini|82/100|[from] Stealth Rock
|move|p2a: Obstagoon|Facade|p1a: Tapu Fini
|-damage|p1a: Tapu Fini|12/100
|
|-heal|p1a: Tapu Fini|18/100|[from] item: Leftovers
|-damage|p2a: Obstagoon|88/100 brn|[from] brn
|-fieldend|Misty Terrain
|upkeep
|turn|16
|
|t:|1651103793
|move|p2a: Obstagoon|Knock Off|p1a: Tapu Fini
|-resisted|p1a: Tapu Fini
|-damage|p1a: Tapu Fini|0 fnt
|-enditem|p1a: Tapu Fini|Leftovers|[from] move: Knock Off|[of] p2a: Obstagoon
|faint|p1a: Tapu Fini
|
|-damage|p2a: Obstagoon|82/100 brn|[from] brn
|upkeep
|
|t:|1651103807
|switch|p1a: Dragapult|Dragapult, M|100/100
|-damage|p1a: Dragapult|88/100|[from] Stealth Rock
|turn|17
|
|t:|1651103810
|switch|p2a: Clefable|Clefable, F|100/100
|move|p1a: Dragapult|Shadow Ball|p2a: Clefable
|-damage|p2a: Clefable|65/100
|
|-heal|p1a: Dragapult|94/100|[from] item: Leftovers
|upkeep
|turn|18
|
|t:|1651103815
|move|p1a: Dragapult|Shadow Ball|p2a: Clefable
|-damage|p2a: Clefable|26/100
|move|p2a: Clefable|Moonblast|p1a: Dragapult
|-supereffective|p1a: Dragapult
|-damage|p1a: Dragapult|10/100
|-unboost|p1a: Dragapult|spa|1
|
|-heal|p1a: Dragapult|16/100|[from] item: Leftovers
|upkeep
|turn|19
|
|t:|1651103824
|move|p1a: Dragapult|Shadow Ball|p2a: Clefable
|-damage|p2a: Clefable|1/100
|-unboost|p2a: Clefable|spd|1
|move|p2a: Clefable|Moonblast|p1a: Dragapult
|-supereffective|p1a: Dragapult
|-damage|p1a: Dragapult|0 fnt
|faint|p1a: Dragapult
|
|upkeep
|
|t:|1651103828
|switch|p1a: Landorus|Landorus-Therian, M|57/100
|-damage|p1a: Landorus|45/100|[from] Stealth Rock
|-ability|p1a: Landorus|Intimidate|boost
|-unboost|p2a: Clefable|atk|1
|turn|20
|
|t:|1651103832
|move|p1a: Landorus|Knock Off|p2a: Clefable
|-resisted|p2a: Clefable
|-damage|p2a: Clefable|0 fnt
|-damage|p1a: Landorus|28/100|[from] item: Rocky Helmet|[of] p2a: Clefable
|-enditem|p2a: Clefable|Rocky Helmet|[from] move: Knock Off|[of] p1a: Landorus
|faint|p2a: Clefable
|
|-heal|p1a: Landorus|35/100|[from] item: Leftovers
|upkeep
|
|t:|1651103834
|switch|p2a: Obstagoon|Obstagoon, F|82/100 brn
|turn|21
|
|t:|1651103836
|move|p2a: Obstagoon|Facade|p1a: Landorus
|-damage|p1a: Landorus|0 fnt
|faint|p1a: Landorus
|
|-damage|p2a: Obstagoon|76/100 brn|[from] brn
|upkeep
|-message|faffy forfeited.
|
|win|GORAN EL DRACO
|raw|faffy's rating: 1713 &rarr; <strong>1696</strong><br />(-17 for losing)
|raw|GORAN EL DRACO's rating: 1773 &rarr; <strong>1790</strong><br />(+17 for winning)
|l|☆faffy
|l| top chad
||Ladder isn't responding, score probably updated but might not have (Request timeout).
