|raw|<div class="broadcast-blue"><strong>This battle is required to be public due to a player having a name prefixed by 'LT71LX'.</div>
|j|☆GaijinEagle
|j|☆LT71LX Drip
|t:|1596644898
|player|p1|GaijinEagle|169|1203
|player|p2|LT71LX Drip|blue-gen3champion|1221
|teamsize|p1|6
|teamsize|p2|6
|gametype|singles
|gen|8
|tier|[Gen 8] OU
|rated|
|html|<div class="broadcast-blue"><strong>OU is currently suspecting Magearna! For information on how to participate check out the <a href="https://www.smogon.com/forums/threads/3667669/">suspect thread</a>.</strong></div>
|clearpoke
|poke|p1|Shuckle, F|
|poke|p1|Urshifu-*, M|
|poke|p1|Weavile, F|
|poke|p1|Alakazam, M|
|poke|p1|Cinderace, F|
|poke|p1|Conkeldurr, F|
|poke|p2|Accelgor, F|
|poke|p2|Urshifu-*, F|
|poke|p2|Volcarona, F|
|poke|p2|Porygon-Z|
|poke|p2|Azumarill, M|
|poke|p2|Scolipede, F|
|rule|Sleep Clause Mod: Limit one foe put to sleep
|rule|Species Clause: Limit one of each Pokémon
|rule|OHKO Clause: OHKO moves are banned
|rule|Evasion Moves Clause: Evasion moves are banned
|rule|Endless Battle Clause: Forcing endless battles is banned
|rule|HP Percentage Mod: HP is shown in percentages
|rule|Dynamax Clause: You cannot dynamax
|teampreview
|j| 69-nw
|inactive|Battle timer is ON: inactive players will automatically lose when time's up. (requested by GaijinEagle)
|inactive|GaijinEagle has 120 seconds left.
|inactive|GaijinEagle has 90 seconds left.
|inactive|GaijinEagle has 60 seconds left.
|inactive|GaijinEagle has 30 seconds left.
|inactive|GaijinEagle has 20 seconds left.
|inactiveoff|Battle timer is now OFF.
|
|t:|1596645036
|start
|switch|p1a: Shuckle|Shuckle, F|100/100
|switch|p2a: Accelgor|Accelgor, F|100/100
|turn|1
|inactive|Battle timer is ON: inactive players will automatically lose when time's up. (requested by LT71LX Drip)
|
|t:|1596645044
|move|p2a: Accelgor|Spikes|p1a: Shuckle
|-sidestart|p1: GaijinEagle|Spikes
|move|p1a: Shuckle|Sticky Web|p2a: Accelgor
|-sidestart|p2: LT71LX Drip|move: Sticky Web
|
|upkeep
|turn|2
|
|t:|1596645053
|move|p2a: Accelgor|Encore|p1a: Shuckle
|-start|p1a: Shuckle|Encore
|-enditem|p1a: Shuckle|Mental Herb
|-end|p1a: Shuckle|Encore
|move|p1a: Shuckle|Stealth Rock|p2a: Accelgor
|-sidestart|p2: LT71LX Drip|move: Stealth Rock
|
|upkeep
|turn|3
|inactive|GaijinEagle has 90 seconds left.
|
|t:|1596645079
|move|p2a: Accelgor|Encore|p1a: Shuckle
|-start|p1a: Shuckle|Encore
|move|p1a: Shuckle|Stealth Rock||[still]
|-fail|p1a: Shuckle
|
|upkeep
|turn|4
|inactive|GaijinEagle has 60 seconds left.
|
|t:|1596645116
|switch|p1a: Alakazam|Alakazam, M|100/100
|move|p2a: Accelgor|Spikes|p1a: Alakazam
|-sidestart|p1: GaijinEagle|Spikes
|
|upkeep
|turn|5
|inactive|GaijinEagle has 60 seconds left.
|
|t:|1596645137
|move|p2a: Accelgor|Yawn|p1a: Alakazam
|-start|p1a: Alakazam|move: Yawn|[of] p2a: Accelgor
|move|p1a: Alakazam|Psychic|p2a: Accelgor
|-damage|p2a: Accelgor|28/100
|
|upkeep
|turn|6
|
|t:|1596645147
|switch|p1a: Shuckle|Shuckle, F|100/100
|-damage|p1a: Shuckle|84/100|[from] Spikes
|move|p2a: Accelgor|Final Gambit|p1a: Shuckle
|-damage|p1a: Shuckle|43/100
|faint|p2a: Accelgor
|
|upkeep
|
|t:|1596645151
|switch|p2a: Scolipede|Scolipede, F|100/100
|turn|7
|inactive|GaijinEagle has 60 seconds left.
|
|t:|1596645160
|move|p2a: Scolipede|Substitute|p2a: Scolipede
|-start|p2a: Scolipede|Substitute
|-damage|p2a: Scolipede|76/100
|move|p1a: Shuckle|Final Gambit|p2a: Scolipede
|-end|p2a: Scolipede|Substitute
|faint|p1a: Shuckle
|
|-ability|p2a: Scolipede|Speed Boost|boost
|-boost|p2a: Scolipede|spe|1
|upkeep
|inactive|GaijinEagle has 60 seconds left.
|
|t:|1596645179
|switch|p1a: Cinderace|Cinderace, F|100/100
|turn|8
|
|t:|1596645198
|move|p2a: Scolipede|Substitute|p2a: Scolipede
|-start|p2a: Scolipede|Substitute
|-damage|p2a: Scolipede|51/100
|move|p1a: Cinderace|Pyro Ball|p2a: Scolipede
|-supereffective|p2a: Scolipede
|-end|p2a: Scolipede|Substitute
|
|-ability|p2a: Scolipede|Speed Boost|boost
|-boost|p2a: Scolipede|spe|1
|upkeep
|turn|9
|
|t:|1596645201
|move|p2a: Scolipede|Earthquake|p1a: Cinderace
|-supereffective|p1a: Cinderace
|-damage|p1a: Cinderace|5/100
|move|p1a: Cinderace|Pyro Ball|p2a: Scolipede
|-supereffective|p2a: Scolipede
|-crit|p2a: Scolipede
|-damage|p2a: Scolipede|0 fnt
|faint|p2a: Scolipede
|
|upkeep
|
|t:|1596645216
|switch|p2a: Azumarill|Azumarill, M|100/100
|-activate|p2a: Azumarill|move: Sticky Web
|-unboost|p2a: Azumarill|spe|1
|-damage|p2a: Azumarill|88/100|[from] Stealth Rock
|turn|10
|inactive|GaijinEagle has 60 seconds left.
|
|t:|1596645231
|move|p1a: Cinderace|Sucker Punch|p2a: Azumarill
|-start|p1a: Cinderace|typechange|Dark|[from] ability: Libero
|-resisted|p2a: Azumarill
|-damage|p2a: Azumarill|73/100
|move|p2a: Azumarill|Aqua Jet|p1a: Cinderace
|-crit|p1a: Cinderace
|-damage|p1a: Cinderace|0 fnt
|faint|p1a: Cinderace
|
|upkeep
|inactive|GaijinEagle has 60 seconds left.
|
|t:|1596645265
|switch|p1a: Conkeldurr|Conkeldurr, F|100/100
|-damage|p1a: Conkeldurr|84/100|[from] Spikes
|turn|11
|
|t:|1596645274
|move|p1a: Conkeldurr|Facade|p2a: Azumarill
|-damage|p2a: Azumarill|44/100
|-enditem|p2a: Azumarill|Sitrus Berry|[eat]
|-heal|p2a: Azumarill|69/100|[from] item: Sitrus Berry
|move|p2a: Azumarill|Play Rough|p1a: Conkeldurr
|-supereffective|p1a: Conkeldurr
|-damage|p1a: Conkeldurr|0 fnt
|faint|p1a: Conkeldurr
|
|upkeep
|inactive|GaijinEagle has 30 seconds left.
|inactive|GaijinEagle has 20 seconds left.
|inactive|GaijinEagle has 15 seconds left.
|
|t:|1596645306
|switch|p1a: Weavile|Weavile, F|100/100
|-damage|p1a: Weavile|84/100|[from] Spikes
|-ability|p1a: Weavile|Pressure
|turn|12
|inactive|GaijinEagle has 25 seconds left this turn.
|inactive|GaijinEagle has 20 seconds left.
|
|t:|1596645314
|move|p1a: Weavile|Triple Axel|p2a: Azumarill
|-resisted|p2a: Azumarill
|-damage|p2a: Azumarill|63/100
|-resisted|p2a: Azumarill
|-damage|p2a: Azumarill|48/100
|-resisted|p2a: Azumarill
|-damage|p2a: Azumarill|29/100
|-hitcount|p2a: Azumarill|3
|-damage|p1a: Weavile|74/100|[from] item: Life Orb
|move|p2a: Azumarill|Play Rough|p1a: Weavile
|-supereffective|p1a: Weavile
|-damage|p1a: Weavile|0 fnt
|faint|p1a: Weavile
|
|upkeep
|inactive|GaijinEagle has 25 seconds left this turn.
|inactive|GaijinEagle has 20 seconds left.
|inactive|GaijinEagle has 15 seconds left.
|
|t:|1596645324
|switch|p1a: Urshifu|Urshifu, M|100/100
|-damage|p1a: Urshifu|84/100|[from] Spikes
|turn|13
|inactive|GaijinEagle has 25 seconds left this turn.
|inactive|GaijinEagle has 20 seconds left.
|inactive|GaijinEagle has 15 seconds left.
|
|t:|1596645337
|move|p1a: Urshifu|Wicked Blow|p2a: Azumarill
|-resisted|p2a: Azumarill
|-crit|p2a: Azumarill
|-damage|p2a: Azumarill|0 fnt
|-damage|p1a: Urshifu|74/100|[from] item: Life Orb
|faint|p2a: Azumarill
|
|upkeep
|inactive|GaijinEagle has 20 seconds left this turn.
|
|t:|1596645341
|switch|p2a: Urshifu|Urshifu, F|100/100
|-activate|p2a: Urshifu|move: Sticky Web
|-unboost|p2a: Urshifu|spe|1
|-damage|p2a: Urshifu|94/100|[from] Stealth Rock
|turn|14
|inactive|GaijinEagle has 30 seconds left this turn.
|inactive|GaijinEagle has 20 seconds left.
|inactive|GaijinEagle has 15 seconds left.
|
|t:|1596645356
|switch|p2a: Volcarona|Volcarona, F|100/100
|move|p1a: Urshifu|Close Combat|p2a: Volcarona
|-resisted|p2a: Volcarona
|-damage|p2a: Volcarona|36/100
|-unboost|p1a: Urshifu|def|1
|-unboost|p1a: Urshifu|spd|1
|-damage|p1a: Urshifu|64/100|[from] item: Life Orb
|
|upkeep
|turn|15
|inactive|GaijinEagle has 25 seconds left this turn.
|inactive|GaijinEagle has 20 seconds left.
|inactive|GaijinEagle has 15 seconds left.
|inactive|GaijinEagle has 10 seconds left.
|
|t:|1596645374
|move|p1a: Urshifu|Close Combat|p2a: Volcarona
|-resisted|p2a: Volcarona
|-damage|p2a: Volcarona|0 fnt
|-unboost|p1a: Urshifu|def|1
|-unboost|p1a: Urshifu|spd|1
|-status|p1a: Urshifu|brn|[from] ability: Flame Body|[of] p2a: Volcarona
|-damage|p1a: Urshifu|54/100 brn|[from] item: Life Orb
|faint|p2a: Volcarona
|
|-damage|p1a: Urshifu|48/100 brn|[from] brn
|upkeep
|inactive|GaijinEagle has 15 seconds left this turn.
|
|t:|1596645378
|switch|p2a: Urshifu|Urshifu, F|94/100
|-damage|p2a: Urshifu|88/100|[from] Stealth Rock
|-activate|p2a: Urshifu|move: Sticky Web
|-unboost|p2a: Urshifu|spe|1
|turn|16
|inactive|GaijinEagle has 25 seconds left this turn.
|inactive|GaijinEagle has 20 seconds left.
|inactive|GaijinEagle has 15 seconds left.
|inactive|GaijinEagle has 10 seconds left.
|inactive|GaijinEagle has 5 seconds left.
|
|t:|1596645399
|move|p1a: Urshifu|Close Combat|p2a: Urshifu
|-supereffective|p2a: Urshifu
|-damage|p2a: Urshifu|16/100
|-unboost|p1a: Urshifu|def|1
|-unboost|p1a: Urshifu|spd|1
|-damage|p1a: Urshifu|38/100 brn|[from] item: Life Orb
|move|p2a: Urshifu|Wicked Blow|p1a: Urshifu
|-resisted|p1a: Urshifu
|-crit|p1a: Urshifu
|-damage|p1a: Urshifu|0 fnt
|faint|p1a: Urshifu
|
|upkeep
|inactive|GaijinEagle has 10 seconds left this turn.
|
|t:|1596645403
|switch|p1a: Alakazam|Alakazam, M|100/100
|turn|17
|inactive|GaijinEagle has 20 seconds left this turn.
|inactive|GaijinEagle has 15 seconds left.
|
|t:|1596645411
|move|p2a: Urshifu|Sucker Punch|p1a: Alakazam
|-supereffective|p1a: Alakazam
|-enditem|p1a: Alakazam|Focus Sash
|-damage|p1a: Alakazam|1/100
|move|p1a: Alakazam|Dazzling Gleam|p2a: Urshifu
|-supereffective|p2a: Urshifu
|-damage|p2a: Urshifu|0 fnt
|faint|p2a: Urshifu
|
|upkeep
|inactive|GaijinEagle has 20 seconds left this turn.
|
|t:|1596645413
|switch|p2a: Porygon-Z|Porygon-Z|100/100
|-damage|p2a: Porygon-Z|88/100|[from] Stealth Rock
|-activate|p2a: Porygon-Z|move: Sticky Web
|-unboost|p2a: Porygon-Z|spe|1
|turn|18
|inactive|GaijinEagle has 30 seconds left this turn.
|
|t:|1596645422
|move|p1a: Alakazam|Focus Blast|p2a: Porygon-Z
|-supereffective|p2a: Porygon-Z
|-damage|p2a: Porygon-Z|0 fnt
|faint|p2a: Porygon-Z
|
|win|GaijinEagle
|inactive|GaijinEagle has 30 seconds left this turn.
|l|☆LT71LX Drip
|c|☆GaijinEagle|gg
|l| 69-nw
|raw|GaijinEagle's rating: 1203 &rarr; <strong>1229</strong><br />(+26 for winning)
|raw|LT71LX Drip's rating: 1221 &rarr; <strong>1195</strong><br />(-26 for losing)
