|inactive|Battle timer is ON: inactive players will automatically lose when time's up.
|j|☆zozb
|j|☆ripreckful
|t:|1650857328
|gametype|singles
|player|p1|zozb|wulfric|
|player|p2|ripreckful|lucas|
|teamsize|p1|6
|teamsize|p2|6
|gen|8
|tier|[Gen 8] OU
|rated|Tournament battle
|rule|Sleep Clause Mod: Limit one foe put to sleep
|rule|Species Clause: Limit one of each Pokémon
|rule|OHKO Clause: OHKO moves are banned
|rule|Evasion Moves Clause: Evasion moves are banned
|rule|Endless Battle Clause: Forcing endless battles is banned
|rule|HP Percentage Mod: HP is shown in percentages
|rule|Dynamax Clause: You cannot dynamax
|rule|Blitz: Super-fast timer
|clearpoke
|poke|p1|Moltres-Galar|
|poke|p1|Garchomp, M|
|poke|p1|Slowbro-Galar, M|
|poke|p1|Pelipper, F|
|poke|p1|Melmetal|
|poke|p1|Urshifu-*, M|
|poke|p2|Dragapult, M|
|poke|p2|Marowak-Alola, M|
|poke|p2|Hydreigon, F|
|poke|p2|Landorus-Therian, M|
|poke|p2|Weavile, F|
|poke|p2|Ferrothorn, M|
|teampreview
|inactive|ripreckful also wants the timer to be on.
|j| 3d
|inactive|ripreckful has 30 seconds left.
|
|t:|1650857344
|start
|switch|p1a: Yoru ni Kakeru|Melmetal, shiny|100/100
|switch|p2a: Dragapult|Dragapult, M|100/100
|turn|1
|
|t:|1650857347
|switch|p1a: Sagi Sagi no Mi|Pelipper, F, shiny|100/100
|-weather|RainDance|[from] ability: Drizzle|[of] p1a: Sagi Sagi no Mi
|move|p2a: Dragapult|U-turn|p1a: Sagi Sagi no Mi
|-resisted|p1a: Sagi Sagi no Mi
|-damage|p1a: Sagi Sagi no Mi|90/100
|j| Phenomenon1337
|
|t:|1650857349
|switch|p2a: Hydreigon|Hydreigon, F|100/100|[from]move: U-turn
|
|-weather|RainDance|[upkeep]
|upkeep
|turn|2
|
|t:|1650857353
|switch|p1a: Yoru ni Kakeru|Melmetal, shiny|100/100
|move|p2a: Hydreigon|Dark Pulse|p1a: Yoru ni Kakeru
|-damage|p1a: Yoru ni Kakeru|79/100
|
|-weather|RainDance|[upkeep]
|upkeep
|turn|3
|inactive|zozb has 10 seconds left.
|
|t:|1650857360
|switch|p2a: Tay-K|Marowak-Alola, M|100/100
|switch|p1a: The Art of War|Urshifu-Rapid-Strike, M|100/100
|
|-weather|RainDance|[upkeep]
|upkeep
|turn|4
|inactive|zozb has 10 seconds left.
|inactive|ripreckful has 10 seconds left.
|
|t:|1650857366
|switch|p2a: Ferrothorn|Ferrothorn, M|100/100
|move|p1a: The Art of War|Surging Strikes|p2a: Ferrothorn
|-resisted|p2a: Ferrothorn
|-crit|p2a: Ferrothorn
|-damage|p2a: Ferrothorn|90/100
|-damage|p1a: The Art of War|88/100|[from] ability: Iron Barbs|[of] p2a: Ferrothorn
|-resisted|p2a: Ferrothorn
|-crit|p2a: Ferrothorn
|-damage|p2a: Ferrothorn|79/100
|-damage|p1a: The Art of War|76/100|[from] ability: Iron Barbs|[of] p2a: Ferrothorn
|-resisted|p2a: Ferrothorn
|-crit|p2a: Ferrothorn
|-damage|p2a: Ferrothorn|69/100
|-damage|p1a: The Art of War|64/100|[from] ability: Iron Barbs|[of] p2a: Ferrothorn
|-hitcount|p2a: Ferrothorn|3
|
|-weather|RainDance|[upkeep]
|upkeep
|turn|5
|inactive|zozb has 10 seconds left.
|
|t:|1650857371
|switch|p1a: Deep Indigo|Garchomp, M|100/100
|move|p2a: Ferrothorn|Stealth Rock|p1a: Deep Indigo
|-sidestart|p1: zozb|move: Stealth Rock
|
|-weather|none
|upkeep
|turn|6
|
|t:|1650857374
|switch|p2a: Hydreigon|Hydreigon, F|100/100
|move|p1a: Deep Indigo|Stealth Rock|p2a: Hydreigon
|-sidestart|p2: ripreckful|move: Stealth Rock
|
|upkeep
|turn|7
|
|t:|1650857376
|move|p1a: Deep Indigo|Protect|p1a: Deep Indigo
|-singleturn|p1a: Deep Indigo|Protect
|move|p2a: Hydreigon|Draco Meteor|p1a: Deep Indigo
|-activate|p1a: Deep Indigo|move: Protect
|
|upkeep
|turn|8
|
|t:|1650857379
|switch|p1a: Yoru ni Kakeru|Melmetal, shiny|79/100
|-damage|p1a: Yoru ni Kakeru|73/100|[from] Stealth Rock
|move|p2a: Hydreigon|Draco Meteor|p1a: Yoru ni Kakeru
|-resisted|p1a: Yoru ni Kakeru
|-damage|p1a: Yoru ni Kakeru|54/100
|-unboost|p2a: Hydreigon|spa|2
|
|upkeep
|turn|9
|inactive|zozb has 10 seconds left.
|
|t:|1650857384
|switch|p2a: Tay-K|Marowak-Alola, M|100/100
|-damage|p2a: Tay-K|75/100|[from] Stealth Rock
|switch|p1a: Sagi Sagi no Mi|Pelipper, F, shiny|90/100
|-damage|p1a: Sagi Sagi no Mi|65/100|[from] Stealth Rock
|-weather|RainDance|[from] ability: Drizzle|[of] p1a: Sagi Sagi no Mi
|
|-weather|RainDance|[upkeep]
|upkeep
|turn|10
|inactive|ripreckful has 10 seconds left.
|
|t:|1650857392
|move|p1a: Sagi Sagi no Mi|Weather Ball|p2a: Tay-K
|-supereffective|p2a: Tay-K
|-damage|p2a: Tay-K|0 fnt
|faint|p2a: Tay-K
|
|-weather|RainDance|[upkeep]
|upkeep
|
|t:|1650857396
|switch|p2a: Dragapult|Dragapult, M|100/100
|-damage|p2a: Dragapult|88/100|[from] Stealth Rock
|turn|11
|
|t:|1650857398
|move|p2a: Dragapult|Shadow Ball|p1a: Sagi Sagi no Mi
|-damage|p1a: Sagi Sagi no Mi|0 fnt
|faint|p1a: Sagi Sagi no Mi
|
|-weather|RainDance|[upkeep]
|upkeep
|
|t:|1650857400
|switch|p1a: Death Parade|Moltres-Galar|100/100
|turn|12
|
|t:|1650857404
|switch|p2a: Weavile|Weavile, F|100/100
|-ability|p2a: Weavile|Pressure
|move|p1a: Death Parade|Agility|p1a: Death Parade
|-boost|p1a: Death Parade|spe|2
|
|-weather|RainDance|[upkeep]
|upkeep
|turn|13
|
|t:|1650857406
|move|p1a: Death Parade|Fiery Wrath|p2a: Weavile
|-resisted|p2a: Weavile
|-damage|p2a: Weavile|69/100
|move|p2a: Weavile|Triple Axel|p1a: Death Parade
|-supereffective|p1a: Death Parade
|-damage|p1a: Death Parade|76/100
|-supereffective|p1a: Death Parade
|-damage|p1a: Death Parade|33/100
|-supereffective|p1a: Death Parade
|-damage|p1a: Death Parade|0 fnt
|faint|p1a: Death Parade
|-hitcount|p1: Death Parade|3
|
|-weather|none
|upkeep
|
|t:|1650857410
|switch|p1a: The Art of War|Urshifu-Rapid-Strike, M|64/100
|-damage|p1a: The Art of War|57/100|[from] Stealth Rock
|turn|14
|inactive|ripreckful has 10 seconds left.
|
|t:|1650857416
|switch|p2a: Dragapult|Dragapult, M|88/100
|-damage|p2a: Dragapult|76/100|[from] Stealth Rock
|move|p1a: The Art of War|U-turn|p2a: Dragapult
|-resisted|p2a: Dragapult
|-damage|p2a: Dragapult|59/100
|
|t:|1650857419
|switch|p1a: Yoru ni Kakeru|Melmetal, shiny|54/100|[from]move: U-turn
|-damage|p1a: Yoru ni Kakeru|48/100|[from] Stealth Rock
|
|upkeep
|turn|15
|
|t:|1650857422
|move|p2a: Dragapult|Flamethrower|p1a: Yoru ni Kakeru
|-supereffective|p1a: Yoru ni Kakeru
|-damage|p1a: Yoru ni Kakeru|6/100
|move|p1a: Yoru ni Kakeru|Ice Punch|p2a: Dragapult
|-supereffective|p2a: Dragapult
|-damage|p2a: Dragapult|0 fnt
|faint|p2a: Dragapult
|
|upkeep
|c|☆ripreckful|oh
|inactive|ripreckful has 10 seconds left.
|
|t:|1650857428
|switch|p2a: Hydreigon|Hydreigon, F|100/100
|-damage|p2a: Hydreigon|88/100|[from] Stealth Rock
|turn|16
|
|t:|1650857431
|move|p2a: Hydreigon|Dark Pulse|p1a: Yoru ni Kakeru
|-damage|p1a: Yoru ni Kakeru|0 fnt
|faint|p1a: Yoru ni Kakeru
|
|upkeep
|
|t:|1650857433
|switch|p1a: The Art of War|Urshifu-Rapid-Strike, M|57/100
|-damage|p1a: The Art of War|51/100|[from] Stealth Rock
|turn|17
|
|t:|1650857437
|switch|p2a: Ferrothorn|Ferrothorn, M|69/100
|-damage|p2a: Ferrothorn|63/100|[from] Stealth Rock
|move|p1a: The Art of War|Ice Punch|p2a: Ferrothorn
|-damage|p2a: Ferrothorn|47/100
|-damage|p1a: The Art of War|39/100|[from] ability: Iron Barbs|[of] p2a: Ferrothorn
|
|upkeep
|turn|18
|inactive|ripreckful has 10 seconds left.
|
|t:|1650857442
|switch|p1a: Deep Indigo|Garchomp, M|100/100
|-damage|p1a: Deep Indigo|94/100|[from] Stealth Rock
|move|p2a: Ferrothorn|Leech Seed|p1a: Deep Indigo
|-start|p1a: Deep Indigo|move: Leech Seed
|
|-damage|p1a: Deep Indigo|82/100|[from] Leech Seed|[of] p2a: Ferrothorn
|-heal|p2a: Ferrothorn|62/100|[silent]
|upkeep
|turn|19
|
|t:|1650857447
|switch|p1a: Coinflip|Slowbro-Galar, M, shiny|100/100
|-damage|p1a: Coinflip|88/100|[from] Stealth Rock
|move|p2a: Ferrothorn|Knock Off|p1a: Coinflip
|-supereffective|p1a: Coinflip
|-damage|p1a: Coinflip|50/100
|-enditem|p1a: Coinflip|Quick Claw|[from] move: Knock Off|[of] p2a: Ferrothorn
|
|upkeep
|turn|20
|inactive|ripreckful has 10 seconds left.
|
|t:|1650857453
|move|p1a: Coinflip|Nasty Plot|p1a: Coinflip
|-boost|p1a: Coinflip|spa|2
|move|p2a: Ferrothorn|Leech Seed|p1a: Coinflip
|-start|p1a: Coinflip|move: Leech Seed
|
|-damage|p1a: Coinflip|38/100|[from] Leech Seed|[of] p2a: Ferrothorn
|-heal|p2a: Ferrothorn|76/100|[silent]
|upkeep
|turn|21
|
|t:|1650857455
|switch|p2a: Hydreigon|Hydreigon, F|88/100
|-damage|p2a: Hydreigon|76/100|[from] Stealth Rock
|move|p1a: Coinflip|Focus Blast|p2a: Hydreigon
|-supereffective|p2a: Hydreigon
|-damage|p2a: Hydreigon|0 fnt
|faint|p2a: Hydreigon
|
|upkeep
|
|t:|1650857460
|switch|p2a: Landorus|Landorus-Therian, M|100/100
|-damage|p2a: Landorus|88/100|[from] Stealth Rock
|-ability|p2a: Landorus|Intimidate|boost
|-unboost|p1a: Coinflip|atk|1
|turn|22
|
|t:|1650857462
|move|p2a: Landorus|Earthquake|p1a: Coinflip
|-supereffective|p1a: Coinflip
|-damage|p1a: Coinflip|0 fnt
|faint|p1a: Coinflip
|
|-heal|p2a: Landorus|94/100|[from] item: Leftovers
|upkeep
|inactive|zozb has 10 seconds left.
|
|t:|1650857469
|switch|p1a: Deep Indigo|Garchomp, M|82/100
|-damage|p1a: Deep Indigo|76/100|[from] Stealth Rock
|turn|23
|
|t:|1650857472
|move|p1a: Deep Indigo|Toxic|p2a: Landorus
|-status|p2a: Landorus|tox
|move|p2a: Landorus|Earthquake|p1a: Deep Indigo
|-damage|p1a: Deep Indigo|46/100
|
|-heal|p2a: Landorus|99/100 tox|[from] item: Leftovers
|-damage|p2a: Landorus|94/100 tox|[from] psn
|upkeep
|turn|24
|
|t:|1650857476
|switch|p2a: Weavile|Weavile, F|69/100
|-ability|p2a: Weavile|Pressure
|move|p1a: Deep Indigo|Protect||[still]
|-fail|p1a: Deep Indigo
|
|upkeep
|turn|25
|inactive|ripreckful has 10 seconds left.
|
|t:|1650857484
|move|p2a: Weavile|Triple Axel|p1a: Deep Indigo
|-supereffective|p1a: Deep Indigo
|-damage|p1a: Deep Indigo|17/100
|-damage|p2a: Weavile|57/100|[from] ability: Rough Skin|[of] p1a: Deep Indigo
|-damage|p2a: Weavile|40/100|[from] item: Rocky Helmet|[of] p1a: Deep Indigo
|-supereffective|p1a: Deep Indigo
|-crit|p1a: Deep Indigo
|-damage|p1a: Deep Indigo|0 fnt
|-damage|p2a: Weavile|28/100|[from] ability: Rough Skin|[of] p1a: Deep Indigo
|-damage|p2a: Weavile|12/100|[from] item: Rocky Helmet|[of] p1a: Deep Indigo
|faint|p1a: Deep Indigo
|-hitcount|p1: Deep Indigo|2
|
|upkeep
|
|t:|1650857488
|switch|p1a: The Art of War|Urshifu-Rapid-Strike, M|39/100
|-damage|p1a: The Art of War|33/100|[from] Stealth Rock
|turn|26
|
|t:|1650857492
|move|p2a: Weavile|Ice Shard|p1a: The Art of War
|-resisted|p1a: The Art of War
|-damage|p1a: The Art of War|22/100
|move|p1a: The Art of War|Surging Strikes|p2a: Weavile
|-crit|p2a: Weavile
|-damage|p2a: Weavile|0 fnt
|faint|p2a: Weavile
|-hitcount|p2: Weavile|1
|
|upkeep
|
|t:|1650857495
|switch|p2a: Ferrothorn|Ferrothorn, M|76/100
|-damage|p2a: Ferrothorn|70/100|[from] Stealth Rock
|turn|27
|c|☆ripreckful|gg
|c|☆zozb|gg
|
|t:|1650857499
|move|p1a: The Art of War|Surging Strikes|p2a: Ferrothorn
|-resisted|p2a: Ferrothorn
|-crit|p2a: Ferrothorn
|-damage|p2a: Ferrothorn|63/100
|-damage|p1a: The Art of War|10/100|[from] ability: Iron Barbs|[of] p2a: Ferrothorn
|-resisted|p2a: Ferrothorn
|-crit|p2a: Ferrothorn
|-damage|p2a: Ferrothorn|56/100
|-damage|p1a: The Art of War|0 fnt|[from] ability: Iron Barbs|[of] p2a: Ferrothorn
|faint|p1a: The Art of War
|
|win|ripreckful
|-hitcount|p2a: Ferrothorn|2
|n|☆zozb|zozb
|n|☆ripreckful|ripreckful
|n| 3d|3d
|n| Phenomenon1337|phenomenon1337
