|j|☆ulyss
|j|☆N30N3
|player|p1|ulyss|lance|1832
|player|p2|N30N3|170|1812
|teamsize|p1|6
|teamsize|p2|6
|gametype|singles
|gen|8
|tier|[Gen 8] OU
|rated|
|clearpoke
|poke|p1|Grimmsnarl, M|
|poke|p1|Aegislash, M|
|poke|p1|Cinderace, F|
|poke|p1|Jirachi|
|poke|p1|Dragapult, F|
|poke|p1|Togekiss, F|
|poke|p2|Kyurem|
|poke|p2|Hippowdon, M|
|poke|p2|Excadrill, F|
|poke|p2|Tyranitar, M|
|poke|p2|Hawlucha, F|
|poke|p2|Ferrothorn, M|
|rule|Sleep Clause Mod: Limit one foe put to sleep
|rule|Species Clause: Limit one of each Pokémon
|rule|OHKO Clause: OHKO moves are banned
|rule|Evasion Moves Clause: Evasion moves are banned
|rule|Endless Battle Clause: Forcing endless battles is banned
|rule|HP Percentage Mod: HP is shown in percentages
|rule|Dynamax Clause: You cannot dynamax
|teampreview
|inactive|Battle timer is ON: inactive players will automatically lose when time's up. (requested by ulyss)
|j| AgressivEbolAidCOV
|j| TyranitarTerror
|j| HeavenStar
|inactive|N30N3 has 120 seconds left.
|
|start
|switch|p1a: Dragapult|Dragapult, F|100/100
|switch|p2a: Hippowdon|Hippowdon, M|100/100
|-weather|Sandstorm|[from] ability: Sand Stream|[of] p2a: Hippowdon
|turn|1
|
|move|p1a: Dragapult|Dragon Darts|p2a: Hippowdon
|-damage|p2a: Hippowdon|79/100
|-anim|p1a: Dragapult|Dragon Darts|p2a: Hippowdon
|-damage|p2a: Hippowdon|60/100
|-damage|p1a: Dragapult|91/100|[from] item: Life Orb
|move|p2a: Hippowdon|Stealth Rock|p1a: Dragapult
|-sidestart|p1: ulyss|move: Stealth Rock
|
|-weather|Sandstorm|[upkeep]
|-damage|p1a: Dragapult|85/100|[from] Sandstorm
|upkeep
|turn|2
|j| garbos
|
|move|p1a: Dragapult|Dragon Dance|p1a: Dragapult
|-boost|p1a: Dragapult|atk|1
|-boost|p1a: Dragapult|spe|1
|move|p2a: Hippowdon|Slack Off|p2a: Hippowdon
|-heal|p2a: Hippowdon|100/100
|
|-weather|Sandstorm|[upkeep]
|-damage|p1a: Dragapult|79/100|[from] Sandstorm
|upkeep
|turn|3
|
|move|p1a: Dragapult|Dragon Darts|p2a: Hippowdon
|-damage|p2a: Hippowdon|72/100
|-anim|p1a: Dragapult|Dragon Darts|p2a: Hippowdon
|-damage|p2a: Hippowdon|42/100
|-damage|p1a: Dragapult|69/100|[from] item: Life Orb
|move|p2a: Hippowdon|Earthquake|p1a: Dragapult
|-damage|p1a: Dragapult|20/100
|
|-weather|Sandstorm|[upkeep]
|-damage|p1a: Dragapult|14/100|[from] Sandstorm
|upkeep
|turn|4
|
|switch|p2a: Ferrothorn|Ferrothorn, M|100/100
|move|p1a: Dragapult|Dragon Darts|p2a: Ferrothorn
|-resisted|p2a: Ferrothorn
|-damage|p2a: Ferrothorn|84/100
|-anim|p1a: Dragapult|Dragon Darts|p2a: Ferrothorn
|-resisted|p2a: Ferrothorn
|-crit|p2a: Ferrothorn
|-damage|p2a: Ferrothorn|62/100
|-damage|p1a: Dragapult|5/100|[from] item: Life Orb
|
|-weather|Sandstorm|[upkeep]
|-damage|p1a: Dragapult|0 fnt|[from] Sandstorm
|faint|p1a: Dragapult
|-heal|p2a: Ferrothorn|68/100|[from] item: Leftovers
|upkeep
|
|switch|p1a: Cinderace|Cinderace, F|100/100
|turn|5
|j| dedmarley
|
|move|p1a: Cinderace|Court Change|p1a: Cinderace
|-sideend|p1: ulyss|Stealth Rock|[silent]
|-sidestart|p2: N30N3|Stealth Rock|[silent]
|-activate|p1a: Cinderace|move: Court Change
|move|p2a: Ferrothorn|Knock Off|p1a: Cinderace
|-damage|p1a: Cinderace|68/100
|-enditem|p1a: Cinderace|Heavy-Duty Boots|[from] move: Knock Off|[of] p2a: Ferrothorn
|
|-weather|Sandstorm|[upkeep]
|-damage|p1a: Cinderace|62/100|[from] Sandstorm
|-heal|p2a: Ferrothorn|74/100|[from] item: Leftovers
|upkeep
|turn|6
|l| dedmarley
|
|move|p1a: Cinderace|Pyro Ball|p2a: Ferrothorn
|-supereffective|p2a: Ferrothorn
|-damage|p2a: Ferrothorn|0 fnt
|faint|p2a: Ferrothorn
|
|-weather|Sandstorm|[upkeep]
|-damage|p1a: Cinderace|56/100|[from] Sandstorm
|upkeep
|
|switch|p2a: Excadrill|Excadrill, F|100/100
|-damage|p2a: Excadrill|97/100|[from] Stealth Rock
|turn|7
|
|move|p2a: Excadrill|Rock Slide|p1a: Cinderace
|-supereffective|p1a: Cinderace
|-damage|p1a: Cinderace|0 fnt
|-damage|p2a: Excadrill|87/100|[from] item: Life Orb
|faint|p1a: Cinderace
|
|-weather|Sandstorm|[upkeep]
|upkeep
|
|switch|p1a: Aegislash|Aegislash, M|100/100
|turn|8
|
|switch|p1a: Togekiss|Togekiss, F|100/100
|move|p2a: Excadrill|Earthquake|p1a: Togekiss
|-immune|p1a: Togekiss
|
|-weather|none
|upkeep
|turn|9
|
|switch|p2a: Tyranitar|Tyranitar, M|100/100
|-damage|p2a: Tyranitar|88/100|[from] Stealth Rock
|-weather|Sandstorm|[from] ability: Sand Stream|[of] p2a: Tyranitar
|move|p1a: Togekiss|Trick|p2a: Tyranitar
|-activate|p1a: Togekiss|move: Trick|[of] p2a: Tyranitar
|-item|p2a: Tyranitar|Choice Scarf|[from] move: Trick
|-item|p1a: Togekiss|Choice Band|[from] move: Trick
|
|-weather|Sandstorm|[upkeep]
|-damage|p1a: Togekiss|94/100|[from] Sandstorm
|upkeep
|turn|10
|
|switch|p1a: Jirachi|Jirachi|100/100
|move|p2a: Tyranitar|Stealth Rock|p1a: Jirachi
|-sidestart|p1: ulyss|move: Stealth Rock
|
|-weather|Sandstorm|[upkeep]
|upkeep
|turn|11
|
|switch|p2a: Hawlucha|Hawlucha, F|100/100
|-damage|p2a: Hawlucha|88/100|[from] Stealth Rock
|move|p1a: Jirachi|Calm Mind|p1a: Jirachi
|-boost|p1a: Jirachi|spa|1
|-boost|p1a: Jirachi|spd|1
|
|-weather|Sandstorm|[upkeep]
|-damage|p2a: Hawlucha|82/100|[from] Sandstorm
|upkeep
|turn|12
|
|move|p2a: Hawlucha|Close Combat|p1a: Jirachi
|-damage|p1a: Jirachi|47/100
|-unboost|p2a: Hawlucha|def|1
|-unboost|p2a: Hawlucha|spd|1
|-enditem|p2a: Hawlucha|White Herb
|-clearnegativeboost|p2a: Hawlucha|[silent]
|move|p1a: Jirachi|Psychic|p2a: Hawlucha
|-supereffective|p2a: Hawlucha
|-damage|p2a: Hawlucha|0 fnt
|faint|p2a: Hawlucha
|
|-weather|Sandstorm|[upkeep]
|-heal|p1a: Jirachi|53/100|[from] item: Leftovers
|upkeep
|
|switch|p2a: Excadrill|Excadrill, F|87/100
|-damage|p2a: Excadrill|84/100|[from] Stealth Rock
|turn|13
|
|move|p2a: Excadrill|Earthquake|p1a: Jirachi
|-supereffective|p1a: Jirachi
|-damage|p1a: Jirachi|0 fnt
|-damage|p2a: Excadrill|74/100|[from] item: Life Orb
|faint|p1a: Jirachi
|
|-weather|none
|upkeep
|j| dedmarley
|
|switch|p1a: Grimmsnarl|Grimmsnarl, M|100/100
|-damage|p1a: Grimmsnarl|88/100|[from] Stealth Rock
|turn|14
|
|move|p1a: Grimmsnarl|Reflect|p1a: Grimmsnarl
|-sidestart|p1: ulyss|Reflect
|move|p2a: Excadrill|Iron Head|p1a: Grimmsnarl
|-supereffective|p1a: Grimmsnarl
|-damage|p1a: Grimmsnarl|19/100
|-damage|p2a: Excadrill|64/100|[from] item: Life Orb
|
|upkeep
|turn|15
|
|move|p1a: Grimmsnarl|Sucker Punch|p2a: Excadrill
|-damage|p2a: Excadrill|15/100
|move|p2a: Excadrill|Rapid Spin|p1a: Grimmsnarl
|-crit|p1a: Grimmsnarl
|-damage|p1a: Grimmsnarl|0 fnt
|-boost|p2a: Excadrill|spe|1
|-sideend|p2: N30N3|Stealth Rock|[from] move: Rapid Spin|[of] p2a: Excadrill
|-damage|p2a: Excadrill|5/100|[from] item: Life Orb
|faint|p1a: Grimmsnarl
|
|upkeep
|-message|ulyss forfeited.
|
|win|N30N3
|l|☆ulyss
|l| HeavenStar
|l| dedmarley
|l| garbos
||Ladder (probably) updated, but score could not be retrieved (Response not received).
