|j|☆GGeorgie
|j|☆Colonel Rivai
|t:|1655851258
|gametype|singles
|player|p1|GGeorgie|hiker-gen2|1677
|player|p2|Colonel Rivai|265|1742
|teamsize|p1|6
|teamsize|p2|6
|gen|8
|tier|[Gen 8] OU
|rated|
|rule|Sleep Clause Mod: Limit one foe put to sleep
|rule|Species Clause: Limit one of each Pokémon
|rule|OHKO Clause: OHKO moves are banned
|rule|Evasion Moves Clause: Evasion moves are banned
|rule|Endless Battle Clause: Forcing endless battles is banned
|rule|HP Percentage Mod: HP is shown in percentages
|rule|Dynamax Clause: You cannot dynamax
|clearpoke
|poke|p1|Tapu Fini|
|poke|p1|Tornadus-Therian, M|
|poke|p1|Hippowdon, F|
|poke|p1|Umbreon, F|
|poke|p1|Excadrill, F|
|poke|p1|Amoonguss, M|
|poke|p2|Hydreigon, F|
|poke|p2|Kartana|
|poke|p2|Blacephalon|
|poke|p2|Landorus-Therian, M|
|poke|p2|Melmetal|
|poke|p2|Toxapex, F|
|teampreview
|inactive|Battle timer is ON: inactive players will automatically lose when time's up. (requested by GGeorgie)
|
|t:|1655851266
|start
|switch|p1a: Tapu Fini|Tapu Fini|100/100
|switch|p2a: Hydreigon|Hydreigon, F|100/100
|-fieldstart|move: Misty Terrain|[from] ability: Misty Surge|[of] p1a: Tapu Fini
|turn|1
|
|t:|1655851272
|move|p2a: Hydreigon|U-turn|p1a: Tapu Fini
|-resisted|p1a: Tapu Fini
|-damage|p1a: Tapu Fini|89/100
|-damage|p2a: Hydreigon|84/100|[from] item: Rocky Helmet|[of] p1a: Tapu Fini
|
|t:|1655851275
|switch|p2a: Toxapex|Toxapex, F|100/100|[from]move: U-turn
|move|p1a: Tapu Fini|Knock Off|p2a: Toxapex
|-damage|p2a: Toxapex|91/100
|-damage|p1a: Tapu Fini|73/100|[from] item: Rocky Helmet|[of] p2a: Toxapex
|-enditem|p2a: Toxapex|Rocky Helmet|[from] move: Knock Off|[of] p1a: Tapu Fini
|
|upkeep
|turn|2
|
|t:|1655851279
|move|p1a: Tapu Fini|Nature's Madness|p2a: Toxapex
|-damage|p2a: Toxapex|46/100
|move|p2a: Toxapex|Knock Off|p1a: Tapu Fini
|-resisted|p1a: Tapu Fini
|-damage|p1a: Tapu Fini|68/100
|-damage|p2a: Toxapex|29/100|[from] item: Rocky Helmet|[of] p1a: Tapu Fini
|-enditem|p1a: Tapu Fini|Rocky Helmet|[from] move: Knock Off|[of] p2a: Toxapex
|
|upkeep
|turn|3
|
|t:|1655851283
|switch|p2a: Landorus|Landorus-Therian, M|100/100
|-ability|p2a: Landorus|Intimidate|boost
|-unboost|p1a: Tapu Fini|atk|1
|move|p1a: Tapu Fini|Taunt|p2a: Landorus
|-start|p2a: Landorus|move: Taunt
|
|upkeep
|turn|4
|
|t:|1655851286
|move|p1a: Tapu Fini|Knock Off|p2a: Landorus
|-damage|p2a: Landorus|89/100
|-enditem|p2a: Landorus|Leftovers|[from] move: Knock Off|[of] p1a: Tapu Fini
|move|p2a: Landorus|U-turn|p1a: Tapu Fini
|-resisted|p1a: Tapu Fini
|-damage|p1a: Tapu Fini|59/100
|
|t:|1655851288
|switch|p2a: Kartana|Kartana|100/100|[from]move: U-turn
|
|upkeep
|turn|5
|
|t:|1655851291
|switch|p1a: Amoonguss|Amoonguss, M, shiny|100/100
|move|p2a: Kartana|Knock Off|p1a: Amoonguss
|-damage|p1a: Amoonguss|53/100
|-enditem|p1a: Amoonguss|Assault Vest|[from] move: Knock Off|[of] p2a: Kartana
|
|-fieldend|Misty Terrain
|upkeep
|turn|6
|
|t:|1655851295
|switch|p2a: Landorus|Landorus-Therian, M|89/100
|-ability|p2a: Landorus|Intimidate|boost
|-unboost|p1a: Amoonguss|atk|1
|move|p1a: Amoonguss|Foul Play|p2a: Landorus
|-damage|p2a: Landorus|60/100
|
|upkeep
|turn|7
|
|t:|1655851298
|move|p2a: Landorus|U-turn|p1a: Amoonguss
|-damage|p1a: Amoonguss|37/100
|
|t:|1655851300
|switch|p2a: Kartana|Kartana|100/100|[from]move: U-turn
|move|p1a: Amoonguss|Spore|p2a: Kartana
|-immune|p2a: Kartana
|
|upkeep
|turn|8
|
|t:|1655851304
|switch|p1a: Umbreon|Umbreon, F, shiny|100/100
|move|p2a: Kartana|Aerial Ace|p1a: Umbreon
|-damage|p1a: Umbreon|77/100
|
|-heal|p1a: Umbreon|83/100|[from] item: Leftovers
|upkeep
|turn|9
|
|t:|1655851310
|switch|p2a: Landorus|Landorus-Therian, M|60/100
|-ability|p2a: Landorus|Intimidate|boost
|-unboost|p1a: Umbreon|atk|1
|move|p1a: Umbreon|Wish|p1a: Umbreon
|
|-heal|p1a: Umbreon|89/100|[from] item: Leftovers
|upkeep
|turn|10
|
|t:|1655851311
|switch|p1a: Tapu Fini|Tapu Fini|59/100
|-fieldstart|move: Misty Terrain|[from] ability: Misty Surge|[of] p1a: Tapu Fini
|move|p2a: Landorus|Stealth Rock|p1a: Tapu Fini
|-sidestart|p1: GGeorgie|move: Stealth Rock
|
|-heal|p1a: Tapu Fini|100/100|[from] move: Wish|[wisher] Umbreon
|upkeep
|turn|11
|
|t:|1655851315
|move|p1a: Tapu Fini|Moonblast|p2a: Landorus
|-damage|p2a: Landorus|36/100
|move|p2a: Landorus|U-turn|p1a: Tapu Fini
|-resisted|p1a: Tapu Fini
|-damage|p1a: Tapu Fini|93/100
|
|t:|1655851317
|switch|p2a: Kartana|Kartana|100/100|[from]move: U-turn
|
|upkeep
|turn|12
|
|t:|1655851322
|switch|p1a: Amoonguss|Amoonguss, M, shiny|70/100
|-damage|p1a: Amoonguss|58/100|[from] Stealth Rock
|move|p2a: Kartana|Leaf Blade|p1a: Amoonguss
|-resisted|p1a: Amoonguss
|-crit|p1a: Amoonguss
|-damage|p1a: Amoonguss|35/100
|
|upkeep
|turn|13
|
|t:|1655851326
|switch|p2a: Blacephalon|Blacephalon|100/100
|move|p1a: Amoonguss|Foul Play|p2a: Blacephalon
|-supereffective|p2a: Blacephalon
|-damage|p2a: Blacephalon|8/100
|
|upkeep
|turn|14
|
|t:|1655851329
|switch|p1a: Umbreon|Umbreon, F, shiny|89/100
|-damage|p1a: Umbreon|77/100|[from] Stealth Rock
|move|p2a: Blacephalon|Flamethrower|p1a: Umbreon
|-damage|p1a: Umbreon|43/100
|
|-heal|p1a: Umbreon|49/100|[from] item: Leftovers
|-fieldend|Misty Terrain
|upkeep
|turn|15
|
|t:|1655851333
|switch|p2a: Melmetal|Melmetal|100/100
|move|p1a: Umbreon|Wish|p1a: Umbreon
|
|-heal|p1a: Umbreon|55/100|[from] item: Leftovers
|upkeep
|turn|16
|
|t:|1655851337
|move|p1a: Umbreon|Protect|p1a: Umbreon
|-singleturn|p1a: Umbreon|Protect
|move|p2a: Melmetal|Ice Punch|p1a: Umbreon
|-activate|p1a: Umbreon|move: Protect
|
|-heal|p1a: Umbreon|100/100|[from] move: Wish|[wisher] Umbreon
|upkeep
|turn|17
|
|t:|1655851340
|switch|p1a: Gharial|Hippowdon, F|100/100
|-damage|p1a: Gharial|94/100|[from] Stealth Rock
|-weather|Sandstorm|[from] ability: Sand Stream|[of] p1a: Gharial
|move|p2a: Melmetal|Double Iron Bash|p1a: Gharial
|-damage|p1a: Gharial|69/100
|-damage|p2a: Melmetal|84/100|[from] item: Rocky Helmet|[of] p1a: Gharial
|-damage|p1a: Gharial|42/100
|-damage|p2a: Melmetal|67/100|[from] item: Rocky Helmet|[of] p1a: Gharial
|-hitcount|p1a: Gharial|2
|
|-weather|Sandstorm|[upkeep]
|upkeep
|turn|18
|
|t:|1655851343
|switch|p2a: Kartana|Kartana|100/100
|move|p1a: Gharial|Slack Off|p1a: Gharial
|-heal|p1a: Gharial|92/100
|
|-weather|Sandstorm|[upkeep]
|upkeep
|turn|19
|
|t:|1655851347
|switch|p1a: Umbreon|Umbreon, F, shiny|100/100
|-damage|p1a: Umbreon|88/100|[from] Stealth Rock
|move|p2a: Kartana|Aerial Ace|p1a: Umbreon
|-damage|p1a: Umbreon|62/100
|
|-weather|Sandstorm|[upkeep]
|-damage|p1a: Umbreon|56/100|[from] Sandstorm
|-heal|p1a: Umbreon|62/100|[from] item: Leftovers
|upkeep
|turn|20
|
|t:|1655851352
|switch|p2a: Hydreigon|Hydreigon, F|84/100
|move|p1a: Umbreon|Wish|p1a: Umbreon
|
|-weather|Sandstorm|[upkeep]
|-damage|p2a: Hydreigon|78/100|[from] Sandstorm
|-damage|p1a: Umbreon|56/100|[from] Sandstorm
|-heal|p1a: Umbreon|62/100|[from] item: Leftovers
|upkeep
|turn|21
|
|t:|1655851356
|move|p1a: Umbreon|Protect|p1a: Umbreon
|-singleturn|p1a: Umbreon|Protect
|move|p2a: Hydreigon|Beat Up|p1a: Umbreon
|-activate|p1a: Umbreon|move: Protect
|
|-weather|none
|-heal|p1a: Umbreon|100/100|[from] move: Wish|[wisher] Umbreon
|upkeep
|turn|22
|
|t:|1655851360
|switch|p2a: Toxapex|Toxapex, F|63/100
|move|p1a: Umbreon|Wish|p1a: Umbreon
|
|upkeep
|turn|23
|
|t:|1655851369
|switch|p1a: Tapu Fini|Tapu Fini|93/100
|-damage|p1a: Tapu Fini|80/100|[from] Stealth Rock
|-fieldstart|move: Misty Terrain|[from] ability: Misty Surge|[of] p1a: Tapu Fini
|switch|p2a: Hydreigon|Hydreigon, F|78/100
|
|-heal|p1a: Tapu Fini|100/100|[from] move: Wish|[wisher] Umbreon
|upkeep
|turn|24
|
|t:|1655851373
|move|p2a: Hydreigon|U-turn|p1a: Tapu Fini
|-resisted|p1a: Tapu Fini
|-damage|p1a: Tapu Fini|88/100
|
|t:|1655851375
|switch|p2a: Toxapex|Toxapex, F|96/100|[from]move: U-turn
|move|p1a: Tapu Fini|Knock Off|p2a: Toxapex
|-damage|p2a: Toxapex|90/100
|
|upkeep
|turn|25
|
|t:|1655851378
|move|p1a: Tapu Fini|Nature's Madness|p2a: Toxapex
|-damage|p2a: Toxapex|45/100
|move|p2a: Toxapex|Knock Off|p1a: Tapu Fini
|-resisted|p1a: Tapu Fini
|-damage|p1a: Tapu Fini|84/100
|
|upkeep
|turn|26
|
|t:|1655851381
|move|p1a: Tapu Fini|Nature's Madness|p2a: Toxapex
|-damage|p2a: Toxapex|23/100
|move|p2a: Toxapex|Recover|p2a: Toxapex
|-heal|p2a: Toxapex|73/100
|
|upkeep
|turn|27
|
|t:|1655851384
|move|p1a: Tapu Fini|Nature's Madness|p2a: Toxapex
|-damage|p2a: Toxapex|37/100
|move|p2a: Toxapex|Knock Off|p1a: Tapu Fini
|-resisted|p1a: Tapu Fini
|-damage|p1a: Tapu Fini|81/100
|
|-fieldend|Misty Terrain
|upkeep
|turn|28
|
|t:|1655851388
|switch|p2a: Kartana|Kartana|100/100
|move|p1a: Tapu Fini|Taunt|p2a: Kartana
|-start|p2a: Kartana|move: Taunt
|
|upkeep
|turn|29
|
|t:|1655851391
|switch|p1a: Amoonguss|Amoonguss, M, shiny|68/100
|-damage|p1a: Amoonguss|56/100|[from] Stealth Rock
|move|p2a: Kartana|Leaf Blade|p1a: Amoonguss
|-resisted|p1a: Amoonguss
|-damage|p1a: Amoonguss|40/100
|
|upkeep
|turn|30
|
|t:|1655851396
|switch|p2a: Hydreigon|Hydreigon, F|78/100
|move|p1a: Amoonguss|Foul Play|p2a: Hydreigon
|-resisted|p2a: Hydreigon
|-damage|p2a: Hydreigon|59/100
|
|upkeep
|turn|31
|
|t:|1655851399
|switch|p1a: Tapu Fini|Tapu Fini|81/100
|-damage|p1a: Tapu Fini|68/100|[from] Stealth Rock
|-fieldstart|move: Misty Terrain|[from] ability: Misty Surge|[of] p1a: Tapu Fini
|move|p2a: Hydreigon|U-turn|p1a: Tapu Fini
|-resisted|p1a: Tapu Fini
|-damage|p1a: Tapu Fini|56/100
|
|t:|1655851401
|switch|p2a: Kartana|Kartana|100/100|[from]move: U-turn
|
|upkeep
|turn|32
|
|t:|1655851403
|switch|p1a: Tornadus|Tornadus-Therian, M|100/100
|-damage|p1a: Tornadus|76/100|[from] Stealth Rock
|move|p2a: Kartana|Leaf Blade|p1a: Tornadus
|-resisted|p1a: Tornadus
|-damage|p1a: Tornadus|16/100
|
|upkeep
|turn|33
|
|t:|1655851409
|switch|p2a: Toxapex|Toxapex, F|70/100
|move|p1a: Tornadus|Hurricane|p2a: Toxapex|[miss]
|-miss|p1a: Tornadus|p2a: Toxapex
|
|upkeep
|turn|34
|
|t:|1655851414
|switch|p1a: Excadrill|Excadrill, F|100/100
|-damage|p1a: Excadrill|97/100|[from] Stealth Rock
|switch|p2a: Blacephalon|Blacephalon|8/100
|
|-heal|p1a: Excadrill|100/100|[from] item: Leftovers
|upkeep
|turn|35
|
|t:|1655851421
|switch|p1a: Umbreon|Umbreon, F, shiny|100/100
|-damage|p1a: Umbreon|88/100|[from] Stealth Rock
|move|p2a: Blacephalon|Trick|p1a: Umbreon
|-activate|p2a: Blacephalon|move: Trick|[of] p1a: Umbreon
|-item|p1a: Umbreon|Choice Scarf|[from] move: Trick
|-item|p2a: Blacephalon|Leftovers|[from] move: Trick
|
|-heal|p2a: Blacephalon|14/100|[from] item: Leftovers
|-fieldend|Misty Terrain
|upkeep
|turn|36
|
|t:|1655851428
|switch|p2a: Toxapex|Toxapex, F|100/100
|move|p1a: Umbreon|Foul Play|p2a: Toxapex
|-damage|p2a: Toxapex|86/100
|
|upkeep
|turn|37
|
|t:|1655851432
|switch|p1a: Excadrill|Excadrill, F|100/100
|-damage|p1a: Excadrill|97/100|[from] Stealth Rock
|switch|p2a: Hydreigon|Hydreigon, F|59/100
|
|-heal|p1a: Excadrill|100/100|[from] item: Leftovers
|upkeep
|turn|38
|
|t:|1655851437
|switch|p1a: Gharial|Hippowdon, F|92/100
|-damage|p1a: Gharial|86/100|[from] Stealth Rock
|-weather|Sandstorm|[from] ability: Sand Stream|[of] p1a: Gharial
|move|p2a: Hydreigon|Beat Up|p1a: Gharial
|-damage|p1a: Gharial|79/100
|-damage|p1a: Gharial|72/100
|-damage|p1a: Gharial|64/100
|-damage|p1a: Gharial|60/100
|-damage|p1a: Gharial|53/100
|-damage|p1a: Gharial|43/100
|-hitcount|p1a: Gharial|6
|
|-weather|Sandstorm|[upkeep]
|-damage|p2a: Hydreigon|53/100|[from] Sandstorm
|upkeep
|turn|39
|
|t:|1655851441
|switch|p1a: Umbreon|Umbreon, F, shiny|88/100
|-damage|p1a: Umbreon|76/100|[from] Stealth Rock
|move|p2a: Hydreigon|Beat Up|p1a: Umbreon
|-resisted|p1a: Umbreon
|-damage|p1a: Umbreon|72/100
|-resisted|p1a: Umbreon
|-damage|p1a: Umbreon|68/100
|-resisted|p1a: Umbreon
|-damage|p1a: Umbreon|64/100
|-resisted|p1a: Umbreon
|-damage|p1a: Umbreon|61/100
|-resisted|p1a: Umbreon
|-damage|p1a: Umbreon|58/100
|-resisted|p1a: Umbreon
|-damage|p1a: Umbreon|52/100
|-hitcount|p1a: Umbreon|6
|
|-weather|Sandstorm|[upkeep]
|-damage|p2a: Hydreigon|47/100|[from] Sandstorm
|-damage|p1a: Umbreon|46/100|[from] Sandstorm
|upkeep
|turn|40
|
|t:|1655851446
|switch|p2a: Toxapex|Toxapex, F|100/100
|move|p1a: Umbreon|Wish|p1a: Umbreon
|
|-weather|Sandstorm|[upkeep]
|-damage|p1a: Umbreon|40/100|[from] Sandstorm
|-damage|p2a: Toxapex|95/100|[from] Sandstorm
|upkeep
|turn|41
|
|t:|1655851453
|switch|p1a: Tapu Fini|Tapu Fini|56/100
|-damage|p1a: Tapu Fini|43/100|[from] Stealth Rock
|-fieldstart|move: Misty Terrain|[from] ability: Misty Surge|[of] p1a: Tapu Fini
|switch|p2a: Landorus|Landorus-Therian, M|36/100
|-ability|p2a: Landorus|Intimidate|boost
|-unboost|p1a: Tapu Fini|atk|1
|
|-weather|Sandstorm|[upkeep]
|-damage|p1a: Tapu Fini|37/100|[from] Sandstorm
|-heal|p1a: Tapu Fini|95/100|[from] move: Wish|[wisher] Umbreon
|upkeep
|turn|42
|
|t:|1655851456
|switch|p2a: Toxapex|Toxapex, F|100/100
|move|p1a: Tapu Fini|Moonblast|p2a: Toxapex
|-resisted|p2a: Toxapex
|-damage|p2a: Toxapex|88/100
|-unboost|p2a: Toxapex|spa|1
|
|-weather|none
|upkeep
|turn|43
|
|t:|1655851459
|move|p1a: Tapu Fini|Moonblast|p2a: Toxapex
|-resisted|p2a: Toxapex
|-damage|p2a: Toxapex|74/100
|move|p2a: Toxapex|Knock Off|p1a: Tapu Fini
|-resisted|p1a: Tapu Fini
|-crit|p1a: Tapu Fini
|-damage|p1a: Tapu Fini|89/100
|
|upkeep
|turn|44
|
|t:|1655851461
|move|p1a: Tapu Fini|Nature's Madness|p2a: Toxapex
|-damage|p2a: Toxapex|37/100
|move|p2a: Toxapex|Knock Off|p1a: Tapu Fini
|-resisted|p1a: Tapu Fini
|-damage|p1a: Tapu Fini|85/100
|
|upkeep
|turn|45
|
|t:|1655851466
|move|p1a: Tapu Fini|Moonblast|p2a: Toxapex
|-resisted|p2a: Toxapex
|-damage|p2a: Toxapex|25/100
|-unboost|p2a: Toxapex|spa|1
|move|p2a: Toxapex|Recover|p2a: Toxapex
|-heal|p2a: Toxapex|75/100
|
|-fieldend|Misty Terrain
|upkeep
|turn|46
|
|t:|1655851469
|move|p1a: Tapu Fini|Moonblast|p2a: Toxapex
|-resisted|p2a: Toxapex
|-crit|p2a: Toxapex
|-damage|p2a: Toxapex|55/100
|-unboost|p2a: Toxapex|spa|1
|move|p2a: Toxapex|Toxic|p1a: Tapu Fini
|-status|p1a: Tapu Fini|tox
|
|-damage|p1a: Tapu Fini|79/100 tox|[from] psn
|upkeep
|turn|47
|
|t:|1655851473
|switch|p1a: Excadrill|Excadrill, F|100/100
|-damage|p1a: Excadrill|97/100|[from] Stealth Rock
|move|p2a: Toxapex|Recover|p2a: Toxapex
|-heal|p2a: Toxapex|100/100
|
|-heal|p1a: Excadrill|100/100|[from] item: Leftovers
|upkeep
|turn|48
|
|t:|1655851476
|switch|p2a: Blacephalon|Blacephalon|14/100
|move|p1a: Excadrill|Earthquake|p2a: Blacephalon
|-supereffective|p2a: Blacephalon
|-damage|p2a: Blacephalon|0 fnt
|faint|p2a: Blacephalon
|
|upkeep
|
|t:|1655851479
|switch|p2a: Kartana|Kartana|100/100
|turn|49
|
|t:|1655851482
|switch|p1a: Umbreon|Umbreon, F, shiny|40/100
|-damage|p1a: Umbreon|28/100|[from] Stealth Rock
|move|p2a: Kartana|Leaf Blade|p1a: Umbreon
|-damage|p1a: Umbreon|0 fnt
|faint|p1a: Umbreon
|-ability|p2a: Kartana|Beast Boost|boost
|-boost|p2a: Kartana|atk|1
|
|upkeep
|
|t:|1655851485
|switch|p1a: Amoonguss|Amoonguss, M, shiny|73/100
|-damage|p1a: Amoonguss|61/100|[from] Stealth Rock
|turn|50
|
|t:|1655851492
|switch|p2a: Toxapex|Toxapex, F|100/100
|move|p1a: Amoonguss|Spore|p2a: Toxapex
|-status|p2a: Toxapex|slp|[from] move: Spore
|
|upkeep
|turn|51
|
|t:|1655851498
|cant|p2a: Toxapex|slp
|move|p1a: Amoonguss|Giga Drain|p2a: Toxapex
|-damage|p2a: Toxapex|82/100 slp
|-heal|p1a: Amoonguss|68/100|[from] drain|[of] p2a: Toxapex
|
|upkeep
|turn|52
|
|t:|1655851501
|-curestatus|p2a: Toxapex|slp|[msg]
|move|p2a: Toxapex|Knock Off|p1a: Amoonguss
|-damage|p1a: Amoonguss|59/100
|move|p1a: Amoonguss|Giga Drain|p2a: Toxapex
|-damage|p2a: Toxapex|64/100
|-heal|p1a: Amoonguss|66/100|[from] drain|[of] p2a: Toxapex
|
|upkeep
|turn|53
|
|t:|1655851505
|switch|p2a: Kartana|Kartana|100/100
|move|p1a: Amoonguss|Spore|p2a: Kartana
|-immune|p2a: Kartana
|
|upkeep
|turn|54
|
|t:|1655851507
|move|p2a: Kartana|Aerial Ace|p1a: Amoonguss
|-supereffective|p1a: Amoonguss
|-damage|p1a: Amoonguss|5/100
|move|p1a: Amoonguss|Foul Play|p2a: Kartana
|-damage|p2a: Kartana|53/100
|
|upkeep
|turn|55
|
|t:|1655851515
|switch|p2a: Toxapex|Toxapex, F|97/100
|switch|p1a: Gharial|Hippowdon, F|43/100
|-damage|p1a: Gharial|36/100|[from] Stealth Rock
|-weather|Sandstorm|[from] ability: Sand Stream|[of] p1a: Gharial
|
|-weather|Sandstorm|[upkeep]
|-damage|p2a: Toxapex|91/100|[from] Sandstorm
|upkeep
|turn|56
|
|t:|1655851519
|switch|p1a: Excadrill|Excadrill, F|100/100
|-damage|p1a: Excadrill|97/100|[from] Stealth Rock
|switch|p2a: Kartana|Kartana|53/100
|
|-weather|Sandstorm|[upkeep]
|-heal|p1a: Excadrill|100/100|[from] item: Leftovers
|upkeep
|turn|57
|
|t:|1655851539
|switch|p1a: Tornadus|Tornadus-Therian, M|49/100
|-damage|p1a: Tornadus|24/100|[from] Stealth Rock
|switch|p2a: Hydreigon|Hydreigon, F|47/100
|
|-weather|Sandstorm|[upkeep]
|-damage|p1a: Tornadus|18/100|[from] Sandstorm
|-damage|p2a: Hydreigon|41/100|[from] Sandstorm
|upkeep
|turn|58
|
|t:|1655851548
|switch|p2a: Toxapex|Toxapex, F|100/100
|move|p1a: Tornadus|Hurricane|p2a: Toxapex
|-damage|p2a: Toxapex|49/100
|
|-weather|Sandstorm|[upkeep]
|-damage|p1a: Tornadus|12/100|[from] Sandstorm
|-damage|p2a: Toxapex|43/100|[from] Sandstorm
|upkeep
|turn|59
|
|t:|1655851554
|move|p1a: Tornadus|Hurricane|p2a: Toxapex
|-damage|p2a: Toxapex|0 fnt
|faint|p2a: Toxapex
|
|-weather|none
|upkeep
|
|t:|1655851557
|switch|p2a: Melmetal|Melmetal|67/100
|turn|60
|
|t:|1655851561
|move|p1a: Tornadus|Focus Blast|p2a: Melmetal
|-supereffective|p2a: Melmetal
|-damage|p2a: Melmetal|25/100
|move|p2a: Melmetal|Ice Punch|p1a: Tornadus
|-supereffective|p1a: Tornadus
|-damage|p1a: Tornadus|0 fnt
|faint|p1a: Tornadus
|
|upkeep
|
|t:|1655851566
|switch|p1a: Excadrill|Excadrill, F|100/100
|-damage|p1a: Excadrill|97/100|[from] Stealth Rock
|turn|61
|
|t:|1655851570
|move|p1a: Excadrill|Earthquake|p2a: Melmetal
|-supereffective|p2a: Melmetal
|-damage|p2a: Melmetal|0 fnt
|faint|p2a: Melmetal
|
|-heal|p1a: Excadrill|100/100|[from] item: Leftovers
|upkeep
|
|t:|1655851573
|switch|p2a: Kartana|Kartana|53/100
|turn|62
|
|t:|1655851584
|switch|p1a: Amoonguss|Amoonguss, M, shiny|38/100
|-damage|p1a: Amoonguss|26/100|[from] Stealth Rock
|move|p2a: Kartana|Leaf Blade|p1a: Amoonguss
|-resisted|p1a: Amoonguss
|-damage|p1a: Amoonguss|10/100
|
|upkeep
|turn|63
|
|t:|1655851592
|switch|p1a: Gharial|Hippowdon, F|36/100
|-damage|p1a: Gharial|30/100|[from] Stealth Rock
|-weather|Sandstorm|[from] ability: Sand Stream|[of] p1a: Gharial
|move|p2a: Kartana|Leaf Blade|p1a: Gharial
|-supereffective|p1a: Gharial
|-damage|p1a: Gharial|0 fnt
|-damage|p2a: Kartana|36/100|[from] item: Rocky Helmet|[of] p1a: Gharial
|faint|p1a: Gharial
|-ability|p2a: Kartana|Beast Boost|boost
|-boost|p2a: Kartana|atk|1
|
|-weather|Sandstorm|[upkeep]
|upkeep
|
|t:|1655851593
|switch|p1a: Excadrill|Excadrill, F|100/100
|-damage|p1a: Excadrill|97/100|[from] Stealth Rock
|turn|64
|
|t:|1655851596
|switch|p2a: Landorus|Landorus-Therian, M|36/100
|-ability|p2a: Landorus|Intimidate|boost
|-unboost|p1a: Excadrill|atk|1
|move|p1a: Excadrill|Rapid Spin|p2a: Landorus
|-damage|p2a: Landorus|24/100
|-boost|p1a: Excadrill|spe|1
|-sideend|p1: GGeorgie|Stealth Rock|[from] move: Rapid Spin|[of] p1a: Excadrill
|
|-weather|Sandstorm|[upkeep]
|-heal|p1a: Excadrill|100/100|[from] item: Leftovers
|upkeep
|turn|65
|
|t:|1655851600
|move|p1a: Excadrill|Iron Head|p2a: Landorus
|-damage|p2a: Landorus|0 fnt
|faint|p2a: Landorus
|
|-weather|Sandstorm|[upkeep]
|upkeep
|
|t:|1655851602
|switch|p2a: Kartana|Kartana|36/100
|turn|66
|
|t:|1655851605
|move|p1a: Excadrill|Earthquake|p2a: Kartana
|-damage|p2a: Kartana|0 fnt
|faint|p2a: Kartana
|
|-weather|Sandstorm|[upkeep]
|upkeep
|l|☆Colonel Rivai
|inactive|Colonel Rivai disconnected and has a minute to reconnect!
|player|p2|
|inactive|Colonel Rivai has 30 seconds to reconnect!
|inactive|Colonel Rivai has 20 seconds to reconnect!
|inactive|Colonel Rivai has 15 seconds to reconnect!
|inactive|Colonel Rivai has 10 seconds to reconnect!
|inactive|Colonel Rivai has 5 seconds to reconnect!
|-message|Colonel Rivai lost due to inactivity.
|
|win|GGeorgie
|raw|GGeorgie's rating: 1677 &rarr; <strong>1701</strong><br />(+24 for winning)
|raw|Colonel Rivai's rating: 1742 &rarr; <strong>1718</strong><br />(-24 for losing)
