|j|‽not mb
|j|☆DN7 Test
|t:|1623688488
|gametype|singles
|player|p1|not mb|170|1857
|player|p2|DN7 Test|burglar|1826
|teamsize|p1|6
|teamsize|p2|6
|gen|8
|tier|[Gen 8] OU
|rated|
|rule|Sleep Clause Mod: Limit one foe put to sleep
|rule|Species Clause: Limit one of each Pokémon
|rule|OHKO Clause: OHKO moves are banned
|rule|Evasion Moves Clause: Evasion moves are banned
|rule|Endless Battle Clause: Forcing endless battles is banned
|rule|HP Percentage Mod: HP is shown in percentages
|rule|Dynamax Clause: You cannot dynamax
|clearpoke
|poke|p1|Kyurem|
|poke|p1|Urshifu-*, M|
|poke|p1|Nidoking, M|
|poke|p1|Clefable, M|
|poke|p1|Corviknight, M|
|poke|p1|Tapu Fini|
|poke|p2|Urshifu-*, F|
|poke|p2|Aegislash, M|
|poke|p2|Dragonite, F|
|poke|p2|Umbreon, M|
|poke|p2|Slowking-Galar, F|
|poke|p2|Garchomp, F|
|teampreview
|j| OnixBlade
|inactive|Battle timer is ON: inactive players will automatically lose when time's up. (requested by DN7 Test)
|inactive|not mb has 120 seconds left.
|
|t:|1623688558
|start
|switch|p1a: Clefable|Clefable, M|100/100
|switch|p2a: Urshifu|Urshifu-Rapid-Strike, F|100/100
|turn|1
|j| alepereira
|
|t:|1623688580
|move|p2a: Urshifu|U-turn|p1a: Clefable
|-resisted|p1a: Clefable
|-damage|p1a: Clefable|82/100
|
|t:|1623688583
|switch|p2a: Slowking|Slowking-Galar, F|100/100|[from]move: U-turn
|move|p1a: Clefable|Stealth Rock|p2a: Slowking
|-sidestart|p2: DN7 Test|move: Stealth Rock
|
|upkeep
|turn|2
|
|t:|1623688600
|move|p1a: Clefable|Thunder Wave|p2a: Slowking
|-status|p2a: Slowking|par
|cant|p2a: Slowking|par
|
|upkeep
|turn|3
|
|t:|1623688611
|switch|p1a: Urshifu|Urshifu-Rapid-Strike, M|100/100
|cant|p2a: Slowking|par
|
|upkeep
|turn|4
|
|t:|1623688616
|switch|p2a: Garchomp|Garchomp, F|100/100
|-damage|p2a: Garchomp|94/100|[from] Stealth Rock
|move|p1a: Urshifu|U-turn|p2a: Garchomp
|-damage|p2a: Garchomp|72/100
|-damage|p1a: Urshifu|88/100|[from] ability: Rough Skin|[of] p2a: Garchomp
|-damage|p1a: Urshifu|72/100|[from] item: Rocky Helmet|[of] p2a: Garchomp
|
|t:|1623688620
|switch|p1a: Kyurem|Kyurem|100/100|[from]move: U-turn
|-ability|p1a: Kyurem|Pressure
|
|upkeep
|turn|5
|
|t:|1623688628
|switch|p2a: Slowking|Slowking-Galar, F|100/100 par
|-damage|p2a: Slowking|88/100 par|[from] Stealth Rock
|move|p1a: Kyurem|Ice Beam|p2a: Slowking
|-damage|p2a: Slowking|53/100 par
|
|-heal|p2a: Slowking|59/100 par|[from] item: Black Sludge
|upkeep
|turn|6
|
|t:|1623688641
|move|p1a: Kyurem|Ice Beam|p2a: Slowking
|-damage|p2a: Slowking|21/100 par
|move|p2a: Slowking|Trick|p1a: Kyurem
|-activate|p2a: Slowking|move: Trick|[of] p1a: Kyurem
|-item|p1a: Kyurem|Black Sludge|[from] move: Trick
|-item|p2a: Slowking|Never-Melt Ice|[from] move: Trick
|
|-damage|p1a: Kyurem|88/100|[from] item: Black Sludge
|upkeep
|turn|7
|
|t:|1623688650
|switch|p1a: Urshifu|Urshifu-Rapid-Strike, M|72/100
|switch|p2a: Umbreon|Umbreon, M|100/100
|-damage|p2a: Umbreon|88/100|[from] Stealth Rock
|
|-heal|p2a: Umbreon|94/100|[from] item: Leftovers
|upkeep
|turn|8
|
|t:|1623688660
|switch|p2a: Dragonite|Dragonite, F|100/100
|move|p1a: Urshifu|U-turn|p2a: Dragonite
|-resisted|p2a: Dragonite
|-damage|p2a: Dragonite|94/100
|
|t:|1623688667
|switch|p1a: Nidoking|Nidoking, M|100/100|[from]move: U-turn
|
|upkeep
|turn|9
|
|t:|1623688677
|-singleturn|p1a: Nidoking|move: Focus Punch
|switch|p2a: Umbreon|Umbreon, M|94/100
|-damage|p2a: Umbreon|82/100|[from] Stealth Rock
|move|p1a: Nidoking|Focus Punch|p2a: Umbreon
|-supereffective|p2a: Umbreon
|-damage|p2a: Umbreon|27/100
|-damage|p1a: Nidoking|91/100|[from] item: Life Orb
|
|-heal|p2a: Umbreon|33/100|[from] item: Leftovers
|upkeep
|turn|10
|c|☆DN7 Test|wo
|
|t:|1623688688
|switch|p1a: Urshifu|Urshifu-Rapid-Strike, M|72/100
|move|p2a: Umbreon|Protect||[still]
|-fail|p2a: Umbreon
|
|-heal|p2a: Umbreon|39/100|[from] item: Leftovers
|upkeep
|turn|11
|inactive|DN7 Test has 120 seconds left.
|
|t:|1623688735
|switch|p2a: Urshifu|Urshifu-Rapid-Strike, F|100/100
|-damage|p2a: Urshifu|94/100|[from] Stealth Rock
|move|p1a: Urshifu|U-turn|p2a: Urshifu
|-resisted|p2a: Urshifu
|-damage|p2a: Urshifu|76/100
|j| Miigueeeeel
|
|t:|1623688765
|switch|p1a: Tapu Fini|Tapu Fini|100/100|[from]move: U-turn
|-fieldstart|move: Misty Terrain|[from] ability: Misty Surge|[of] p1a: Tapu Fini
|
|upkeep
|turn|12
|
|t:|1623688771
|switch|p2a: Slowking|Slowking-Galar, F|54/100 par
|-damage|p2a: Slowking|42/100 par|[from] Stealth Rock
|move|p1a: Tapu Fini|Moonblast|p2a: Slowking
|-resisted|p2a: Slowking
|-crit|p2a: Slowking
|-damage|p2a: Slowking|25/100 par
|
|upkeep
|turn|13
|inactive|DN7 Test has 120 seconds left.
|
|t:|1623688786
|switch|p1a: Nidoking|Nidoking, M|91/100
|move|p2a: Slowking|Slack Off|p2a: Slowking
|-heal|p2a: Slowking|75/100 par
|
|upkeep
|turn|14
|inactive|DN7 Test has 120 seconds left.
|inactive|not mb has 120 seconds left.
|inactive|DN7 Test has 90 seconds left.
|inactive|not mb has 90 seconds left.
|inactive|DN7 Test has 60 seconds left.
|l| alepereira
|j| alepereira
|
|t:|1623688892
|switch|p2a: Umbreon|Umbreon, M|39/100
|-damage|p2a: Umbreon|27/100|[from] Stealth Rock
|move|p1a: Nidoking|Ice Beam|p2a: Umbreon
|-damage|p2a: Umbreon|1/100
|
|-heal|p2a: Umbreon|7/100|[from] item: Leftovers
|upkeep
|turn|15
|
|t:|1623688901
|move|p2a: Umbreon|Protect|p2a: Umbreon
|-singleturn|p2a: Umbreon|Protect
|move|p1a: Nidoking|Earth Power|p2a: Umbreon
|-activate|p2a: Umbreon|move: Protect
|
|-heal|p2a: Umbreon|13/100|[from] item: Leftovers
|-fieldend|Misty Terrain
|upkeep
|turn|16
|j| Herpguy
|
|t:|1623688909
|move|p1a: Nidoking|Earth Power|p2a: Umbreon
|-damage|p2a: Umbreon|0 fnt
|faint|p2a: Umbreon
|
|upkeep
|
|t:|1623688915
|switch|p2a: Urshifu|Urshifu-Rapid-Strike, F|76/100
|-damage|p2a: Urshifu|70/100|[from] Stealth Rock
|turn|17
|inactive|not mb has 90 seconds left.
|
|t:|1623688955
|switch|p1a: Tapu Fini|Tapu Fini|100/100
|-fieldstart|move: Misty Terrain|[from] ability: Misty Surge|[of] p1a: Tapu Fini
|move|p2a: Urshifu|Surging Strikes|p1a: Tapu Fini
|-resisted|p1a: Tapu Fini
|-crit|p1a: Tapu Fini
|-damage|p1a: Tapu Fini|84/100
|-resisted|p1a: Tapu Fini
|-crit|p1a: Tapu Fini
|-damage|p1a: Tapu Fini|69/100
|-resisted|p1a: Tapu Fini
|-crit|p1a: Tapu Fini
|-damage|p1a: Tapu Fini|54/100
|-hitcount|p1a: Tapu Fini|3
|
|upkeep
|turn|18
|j| PichuFlash
|inactive|DN7 Test has 60 seconds left.
|inactive|not mb has 60 seconds left.
|
|t:|1623688985
|switch|p2a: Slowking|Slowking-Galar, F|100/100 par
|-damage|p2a: Slowking|88/100 par|[from] Stealth Rock
|move|p1a: Tapu Fini|Moonblast|p2a: Slowking
|-resisted|p2a: Slowking
|-damage|p2a: Slowking|77/100 par
|
|upkeep
|turn|19
|j| Razayforce
|inactive|DN7 Test has 60 seconds left.
|
|t:|1623688992
|move|p1a: Tapu Fini|Moonblast|p2a: Slowking
|-resisted|p2a: Slowking
|-damage|p2a: Slowking|65/100 par
|move|p2a: Slowking|Future Sight|p1a: Tapu Fini
|-start|p2a: Slowking|move: Future Sight
|
|upkeep
|turn|20
|inactive|not mb has 60 seconds left.
|
|t:|1623689001
|switch|p1a: Corviknight|Corviknight, M|100/100
|-ability|p1a: Corviknight|Pressure
|cant|p2a: Slowking|par
|
|upkeep
|turn|21
|c|☆DN7 Test|fuck this paras
|
|t:|1623689013
|switch|p2a: Aegislash|Aegislash, M|100/100
|-damage|p2a: Aegislash|94/100|[from] Stealth Rock
|move|p1a: Corviknight|Substitute|p1a: Corviknight
|-start|p1a: Corviknight|Substitute
|-damage|p1a: Corviknight|76/100
|
|-end|p1a: Corviknight|move: Future Sight
|-resisted|p1a: Corviknight
|-activate|p1a: Corviknight|move: Substitute|[damage]
|-heal|p1a: Corviknight|82/100|[from] item: Leftovers
|-fieldend|Misty Terrain
|upkeep
|turn|22
|inactive|not mb has 60 seconds left.
|
|t:|1623689037
|-formechange|p2a: Aegislash|Aegislash-Blade||[from] ability: Stance Change
|move|p2a: Aegislash|Shadow Ball|p1a: Corviknight
|-end|p1a: Corviknight|Substitute
|move|p1a: Corviknight|Brave Bird|p2a: Aegislash
|-resisted|p2a: Aegislash
|-crit|p2a: Aegislash
|-damage|p2a: Aegislash|31/100
|-damage|p1a: Corviknight|68/100|[from] Recoil
|
|-heal|p1a: Corviknight|74/100|[from] item: Leftovers
|upkeep
|turn|23
|l| OnixBlade
|inactive|not mb has 60 seconds left.
|
|t:|1623689048
|move|p2a: Aegislash|Shadow Ball|p1a: Corviknight
|-damage|p1a: Corviknight|18/100
|move|p1a: Corviknight|Roost|p1a: Corviknight
|-heal|p1a: Corviknight|68/100
|-singleturn|p1a: Corviknight|move: Roost
|
|-heal|p1a: Corviknight|74/100|[from] item: Leftovers
|upkeep
|turn|24
|inactive|not mb has 60 seconds left.
|
|t:|1623689066
|switch|p2a: Garchomp|Garchomp, F|72/100
|-damage|p2a: Garchomp|66/100|[from] Stealth Rock
|move|p1a: Corviknight|Brave Bird|p2a: Garchomp
|-damage|p2a: Garchomp|42/100
|-damage|p1a: Corviknight|61/100|[from] ability: Rough Skin|[of] p2a: Garchomp
|-damage|p1a: Corviknight|45/100|[from] item: Rocky Helmet|[of] p2a: Garchomp
|-damage|p1a: Corviknight|37/100|[from] Recoil
|
|-heal|p1a: Corviknight|43/100|[from] item: Leftovers
|upkeep
|turn|25
|inactive|not mb has 60 seconds left.
|
|t:|1623689077
|move|p2a: Garchomp|Stealth Rock|p1a: Corviknight
|-sidestart|p1: not mb|move: Stealth Rock
|move|p1a: Corviknight|Roost|p1a: Corviknight
|-heal|p1a: Corviknight|93/100
|-singleturn|p1a: Corviknight|move: Roost
|
|-heal|p1a: Corviknight|99/100|[from] item: Leftovers
|upkeep
|turn|26
|j| OU make me yawn
|
|t:|1623689085
|switch|p1a: Tapu Fini|Tapu Fini|54/100
|-damage|p1a: Tapu Fini|41/100|[from] Stealth Rock
|-fieldstart|move: Misty Terrain|[from] ability: Misty Surge|[of] p1a: Tapu Fini
|move|p2a: Garchomp|Flamethrower|p1a: Tapu Fini
|-resisted|p1a: Tapu Fini
|-damage|p1a: Tapu Fini|33/100
|
|upkeep
|turn|27
|inactive|not mb has 60 seconds left.
|l| Miigueeeeel
|
|t:|1623689119
|switch|p1a: Kyurem|Kyurem|88/100
|-damage|p1a: Kyurem|63/100|[from] Stealth Rock
|-ability|p1a: Kyurem|Pressure
|move|p2a: Garchomp|Earthquake|p1a: Kyurem
|-damage|p1a: Kyurem|22/100
|
|-damage|p1a: Kyurem|9/100|[from] item: Black Sludge
|upkeep
|turn|28
|inactive|DN7 Test has 60 seconds left.
|inactive|DN7 Test has 30 seconds left.
|
|t:|1623689175
|switch|p2a: Dragonite|Dragonite, F|94/100
|move|p1a: Kyurem|Freeze-Dry|p2a: Dragonite
|-supereffective|p2a: Dragonite
|-damage|p2a: Dragonite|0 fnt
|faint|p2a: Dragonite
|
|-damage|p1a: Kyurem|0 fnt|[from] item: Black Sludge
|faint|p1a: Kyurem
|upkeep
|inactive|DN7 Test has 30 seconds left.
|inactive|not mb has 60 seconds left.
|c| PichuFlash|turn off the timer ffs
|j| Red likes Reddit
|inactive|not mb has 30 seconds left.
|
|t:|1623689219
|switch|p1a: Tapu Fini|Tapu Fini|33/100
|switch|p2a: Urshifu|Urshifu-Rapid-Strike, F|70/100
|-damage|p1a: Tapu Fini|21/100|[from] Stealth Rock
|-damage|p2a: Urshifu|64/100|[from] Stealth Rock
|turn|29
|inactive|DN7 Test has 30 seconds left.
|
|t:|1623689229
|switch|p2a: Slowking|Slowking-Galar, F|99/100 par
|-damage|p2a: Slowking|86/100 par|[from] Stealth Rock
|move|p1a: Tapu Fini|Defog|p2a: Slowking
|-unboost|p2a: Slowking|evasion|1
|-sideend|p2: DN7 Test|Stealth Rock|[from] move: Defog|[of] p1a: Tapu Fini
|-sideend|p1: not mb|Stealth Rock|[from] move: Defog|[of] p1a: Tapu Fini
|-fieldend|Misty Terrain
|
|upkeep
|turn|30
|l| alepereira
|l| PichuFlash
|j| alepereira
|
|t:|1623689240
|switch|p1a: Clefable|Clefable, M|82/100
|cant|p2a: Slowking|par
|
|upkeep
|turn|31
|c|☆DN7 Test|typical
|
|t:|1623689248
|move|p1a: Clefable|Stealth Rock|p2a: Slowking
|-sidestart|p2: DN7 Test|move: Stealth Rock
|move|p2a: Slowking|Future Sight|p1a: Clefable
|-start|p2a: Slowking|move: Future Sight
|
|upkeep
|turn|32
|j| Kokokoki
|
|t:|1623689255
|move|p1a: Clefable|Moonblast|p2a: Slowking
|-resisted|p2a: Slowking
|-damage|p2a: Slowking|77/100 par
|cant|p2a: Slowking|par
|
|upkeep
|turn|33
|
|t:|1623689264
|move|p1a: Clefable|Moonblast|p2a: Slowking
|-resisted|p2a: Slowking
|-damage|p2a: Slowking|68/100 par
|-unboost|p2a: Slowking|spa|1
|move|p2a: Slowking|Trick|p1a: Clefable
|-activate|p2a: Slowking|move: Trick|[of] p1a: Clefable
|-item|p1a: Clefable|Never-Melt Ice|[from] move: Trick
|-item|p2a: Slowking|Mental Herb|[from] move: Trick
|
|-end|p1a: Clefable|move: Future Sight
|-damage|p1a: Clefable|61/100
|upkeep
|turn|34
|inactive|DN7 Test has 60 seconds left.
|
|t:|1623689274
|switch|p1a: Nidoking|Nidoking, M|91/100
|move|p2a: Slowking|Future Sight|p1a: Nidoking
|-start|p2a: Slowking|move: Future Sight
|
|upkeep
|turn|35
|
|t:|1623689279
|move|p1a: Nidoking|Earth Power|p2a: Slowking
|-supereffective|p2a: Slowking
|-damage|p2a: Slowking|0 fnt
|faint|p2a: Slowking
|
|upkeep
|
|t:|1623689284
|switch|p2a: Urshifu|Urshifu-Rapid-Strike, F|64/100
|-damage|p2a: Urshifu|58/100|[from] Stealth Rock
|turn|36
|
|t:|1623689290
|switch|p1a: Clefable|Clefable, M|61/100
|move|p2a: Urshifu|Surging Strikes|p1a: Clefable
|-crit|p1a: Clefable
|-damage|p1a: Clefable|29/100
|-crit|p1a: Clefable
|-damage|p1a: Clefable|0 fnt
|faint|p1a: Clefable
|-hitcount|p1: Clefable|2
|
|-hint|Future Sight did not hit because the target is fainted.
|upkeep
|
|t:|1623689292
|switch|p1a: Tapu Fini|Tapu Fini|21/100
|-fieldstart|move: Misty Terrain|[from] ability: Misty Surge|[of] p1a: Tapu Fini
|turn|37
|inactive|DN7 Test has 90 seconds left.
|-message|DN7 Test forfeited.
|
|win|not mb
|raw|not mb's rating: 1857 &rarr; <strong>1875</strong><br />(+18 for winning)
|raw|DN7 Test's rating: 1826 &rarr; <strong>1808</strong><br />(-18 for losing)
|l|☆DN7 Test
