|j|☆maverick360
|j|☆bizarman
|t:|1662198268
|gametype|singles
|player|p1|maverick360|265|1620
|player|p2|bizarman|scientist-gen4|1573
|teamsize|p1|6
|teamsize|p2|6
|gen|8
|tier|[Gen 8] OU
|rated|
|rule|Sleep Clause Mod: Limit one foe put to sleep
|rule|Species Clause: Limit one of each Pokémon
|rule|OHKO Clause: OHKO moves are banned
|rule|Evasion Items Clause: Evasion items are banned
|rule|Evasion Moves Clause: Evasion moves are banned
|rule|Endless Battle Clause: Forcing endless battles is banned
|rule|HP Percentage Mod: HP is shown in percentages
|rule|Dynamax Clause: You cannot dynamax
|clearpoke
|poke|p1|Zapdos|
|poke|p1|Gengar, M|
|poke|p1|Latios, M|
|poke|p1|Tyranitar, M|
|poke|p1|Landorus-Therian, M|
|poke|p1|Buzzwole|
|poke|p2|Glastrier|
|poke|p2|Zapdos|
|poke|p2|Kartana|
|poke|p2|Landorus-Therian, M|
|poke|p2|Tapu Fini|
|poke|p2|Heatran, M|
|teampreview
|inactive|Battle timer is ON: inactive players will automatically lose when time's up. (requested by maverick360)
|
|t:|1662198288
|start
|switch|p1a: Gengar|Gengar, M|100/100
|switch|p2a: Glastrier|Glastrier|100/100
|turn|1
|
|t:|1662198292
|switch|p1a: Buzzwole|Buzzwole|100/100
|move|p2a: Glastrier|Icicle Crash|p1a: Buzzwole
|-damage|p1a: Buzzwole|74/100
|
|upkeep
|turn|2
|
|t:|1662198302
|switch|p1a: Zapdos|Zapdos|100/100
|switch|p2a: Zapdos|Zapdos|100/100
|
|upkeep
|turn|3
|
|t:|1662198309
|switch|p2a: Heatran|Heatran, M|100/100
|move|p1a: Zapdos|U-turn|p2a: Heatran
|-resisted|p2a: Heatran
|-damage|p2a: Heatran|98/100
|
|t:|1662198315
|switch|p1a: Landorus|Landorus-Therian, M|100/100|[from]move: U-turn
|-ability|p1a: Landorus|Intimidate|boost
|-unboost|p2a: Heatran|atk|1
|
|-heal|p2a: Heatran|100/100|[from] item: Leftovers
|upkeep
|turn|4
|
|t:|1662198322
|switch|p2a: Landorus|Landorus-Therian, M|100/100
|-ability|p2a: Landorus|Intimidate|boost
|-unboost|p1a: Landorus|atk|1
|move|p1a: Landorus|Substitute|p1a: Landorus
|-start|p1a: Landorus|Substitute
|-damage|p1a: Landorus|76/100
|
|-heal|p1a: Landorus|82/100|[from] item: Leftovers
|upkeep
|turn|5
|
|t:|1662198332
|move|p1a: Landorus|Bulk Up|p1a: Landorus
|-boost|p1a: Landorus|atk|1
|-boost|p1a: Landorus|def|1
|move|p2a: Landorus|U-turn|p1a: Landorus
|-resisted|p1a: Landorus
|-activate|p1a: Landorus|move: Substitute|[damage]
|
|t:|1662198351
|switch|p2a: Tapu Fini|Tapu Fini|100/100|[from]move: U-turn
|-fieldstart|move: Misty Terrain|[from] ability: Misty Surge|[of] p2a: Tapu Fini
|
|-heal|p1a: Landorus|88/100|[from] item: Leftovers
|upkeep
|turn|6
|
|t:|1662198357
|move|p1a: Landorus|Earthquake|p2a: Tapu Fini
|-damage|p2a: Tapu Fini|56/100
|move|p2a: Tapu Fini|Scald|p1a: Landorus
|-supereffective|p1a: Landorus
|-end|p1a: Landorus|Substitute
|
|-heal|p1a: Landorus|94/100|[from] item: Leftovers
|-heal|p2a: Tapu Fini|62/100|[from] item: Leftovers
|upkeep
|turn|7
|
|t:|1662198366
|switch|p1a: Tyranitar|Tyranitar, M|100/100
|-weather|Sandstorm|[from] ability: Sand Stream|[of] p1a: Tyranitar
|move|p2a: Tapu Fini|Scald|p1a: Tyranitar
|-supereffective|p1a: Tyranitar
|-damage|p1a: Tyranitar|78/100
|
|-weather|Sandstorm|[upkeep]
|-damage|p2a: Tapu Fini|56/100|[from] Sandstorm
|-heal|p2a: Tapu Fini|62/100|[from] item: Leftovers
|-heal|p1a: Tyranitar|84/100|[from] item: Leftovers
|upkeep
|turn|8
|
|t:|1662198383
|switch|p2a: Landorus|Landorus-Therian, M|100/100
|-ability|p2a: Landorus|Intimidate|boost
|-unboost|p1a: Tyranitar|atk|1
|move|p1a: Tyranitar|Stealth Rock|p2a: Landorus
|-sidestart|p2: bizarman|move: Stealth Rock
|
|-weather|Sandstorm|[upkeep]
|-heal|p1a: Tyranitar|91/100|[from] item: Leftovers
|upkeep
|turn|9
|
|t:|1662198391
|switch|p1a: Landorus|Landorus-Therian, M|94/100
|-ability|p1a: Landorus|Intimidate|boost
|-unboost|p2a: Landorus|atk|1
|move|p2a: Landorus|Knock Off|p1a: Landorus
|-damage|p1a: Landorus|72/100
|-enditem|p1a: Landorus|Leftovers|[from] move: Knock Off|[of] p2a: Landorus
|
|-weather|Sandstorm|[upkeep]
|-fieldend|Misty Terrain
|upkeep
|turn|10
|
|t:|1662198400
|move|p1a: Landorus|Substitute|p1a: Landorus
|-start|p1a: Landorus|Substitute
|-damage|p1a: Landorus|47/100
|move|p2a: Landorus|U-turn|p1a: Landorus
|-resisted|p1a: Landorus
|-activate|p1a: Landorus|move: Substitute|[damage]
|j| Serena Dori Dori
|
|t:|1662198409
|switch|p2a: Tapu Fini|Tapu Fini|62/100|[from]move: U-turn
|-damage|p2a: Tapu Fini|49/100|[from] Stealth Rock
|-fieldstart|move: Misty Terrain|[from] ability: Misty Surge|[of] p2a: Tapu Fini
|
|-weather|Sandstorm|[upkeep]
|-damage|p2a: Tapu Fini|43/100|[from] Sandstorm
|-heal|p2a: Tapu Fini|49/100|[from] item: Leftovers
|upkeep
|turn|11
|
|t:|1662198418
|move|p1a: Landorus|Earthquake|p2a: Tapu Fini
|-damage|p2a: Tapu Fini|3/100
|move|p2a: Tapu Fini|Scald|p1a: Landorus
|-supereffective|p1a: Landorus
|-end|p1a: Landorus|Substitute
|
|-weather|none
|-heal|p2a: Tapu Fini|9/100|[from] item: Leftovers
|upkeep
|turn|12
|j| ydk916
|
|t:|1662198426
|move|p1a: Landorus|Smack Down|p2a: Tapu Fini
|-damage|p2a: Tapu Fini|0 fnt
|faint|p2a: Tapu Fini
|
|upkeep
|
|t:|1662198432
|switch|p2a: Kartana|Kartana|100/100
|-damage|p2a: Kartana|94/100|[from] Stealth Rock
|turn|13
|
|t:|1662198441
|switch|p1a: Buzzwole|Buzzwole|74/100
|move|p2a: Kartana|Knock Off|p1a: Buzzwole
|-resisted|p1a: Buzzwole
|-damage|p1a: Buzzwole|65/100
|-damage|p2a: Kartana|78/100|[from] item: Rocky Helmet|[of] p1a: Buzzwole
|-enditem|p1a: Buzzwole|Rocky Helmet|[from] move: Knock Off|[of] p2a: Kartana
|
|upkeep
|turn|14
|l| Serena Dori Dori
|
|t:|1662198449
|switch|p2a: Zapdos|Zapdos|100/100
|move|p1a: Buzzwole|Toxic|p2a: Zapdos
|-status|p2a: Zapdos|tox
|
|-damage|p2a: Zapdos|94/100 tox|[from] psn
|-fieldend|Misty Terrain
|upkeep
|turn|15
|
|t:|1662198456
|switch|p1a: Tyranitar|Tyranitar, M|91/100
|-weather|Sandstorm|[from] ability: Sand Stream|[of] p1a: Tyranitar
|move|p2a: Zapdos|Defog|p1a: Tyranitar
|-unboost|p1a: Tyranitar|evasion|1
|-sideend|p2: bizarman|Stealth Rock|[from] move: Defog|[of] p2a: Zapdos
|
|-weather|Sandstorm|[upkeep]
|-damage|p2a: Zapdos|88/100 tox|[from] Sandstorm
|-heal|p1a: Tyranitar|97/100|[from] item: Leftovers
|-damage|p2a: Zapdos|76/100 tox|[from] psn
|upkeep
|turn|16
|j| AnJian
|
|t:|1662198476
|move|p2a: Zapdos|Volt Switch|p1a: Tyranitar
|-damage|p1a: Tyranitar|85/100
|
|t:|1662198479
|switch|p2a: Glastrier|Glastrier|100/100|[from]move: Volt Switch
|move|p1a: Tyranitar|Stealth Rock|p2a: Glastrier
|-sidestart|p2: bizarman|move: Stealth Rock
|
|-weather|Sandstorm|[upkeep]
|-damage|p2a: Glastrier|94/100|[from] Sandstorm
|-heal|p1a: Tyranitar|91/100|[from] item: Leftovers
|upkeep
|turn|17
|
|t:|1662198487
|switch|p1a: Buzzwole|Buzzwole|65/100
|move|p2a: Glastrier|Icicle Crash|p1a: Buzzwole
|-damage|p1a: Buzzwole|40/100
|
|-weather|Sandstorm|[upkeep]
|-damage|p1a: Buzzwole|34/100|[from] Sandstorm
|-damage|p2a: Glastrier|88/100|[from] Sandstorm
|upkeep
|turn|18
|
|t:|1662198495
|switch|p2a: Zapdos|Zapdos|76/100 tox
|move|p1a: Buzzwole|Roost|p1a: Buzzwole
|-heal|p1a: Buzzwole|84/100
|-singleturn|p1a: Buzzwole|move: Roost
|
|-weather|Sandstorm|[upkeep]
|-damage|p2a: Zapdos|70/100 tox|[from] Sandstorm
|-damage|p1a: Buzzwole|78/100|[from] Sandstorm
|-damage|p2a: Zapdos|64/100 tox|[from] psn
|upkeep
|turn|19
|
|t:|1662198507
|switch|p1a: Tyranitar|Tyranitar, M|91/100
|move|p2a: Zapdos|Volt Switch|p1a: Tyranitar
|-damage|p1a: Tyranitar|78/100
|
|t:|1662198516
|switch|p2a: Kartana|Kartana|78/100|[from]move: Volt Switch
|-damage|p2a: Kartana|72/100|[from] Stealth Rock
|
|-weather|none
|-heal|p1a: Tyranitar|84/100|[from] item: Leftovers
|upkeep
|turn|20
|
|t:|1662198532
|switch|p2a: Zapdos|Zapdos|64/100 tox
|move|p1a: Tyranitar|Thunder Wave||[still]
|-fail|p1a: Tyranitar
|
|-heal|p1a: Tyranitar|91/100|[from] item: Leftovers
|-damage|p2a: Zapdos|58/100 tox|[from] psn
|upkeep
|turn|21
|
|t:|1662198539
|move|p2a: Zapdos|Volt Switch|p1a: Tyranitar
|-damage|p1a: Tyranitar|74/100
|
|t:|1662198543
|switch|p2a: Landorus|Landorus-Therian, M|100/100|[from]move: Volt Switch
|-damage|p2a: Landorus|88/100|[from] Stealth Rock
|-ability|p2a: Landorus|Intimidate|boost
|-unboost|p1a: Tyranitar|atk|1
|move|p1a: Tyranitar|Crunch|p2a: Landorus
|-damage|p2a: Landorus|65/100
|
|-heal|p2a: Landorus|71/100|[from] item: Leftovers
|-heal|p1a: Tyranitar|80/100|[from] item: Leftovers
|upkeep
|turn|22
|
|t:|1662198556
|switch|p1a: Buzzwole|Buzzwole|78/100
|move|p2a: Landorus|Defog|p1a: Buzzwole
|-unboost|p1a: Buzzwole|evasion|1
|-sideend|p2: bizarman|Stealth Rock|[from] move: Defog|[of] p2a: Landorus
|
|-heal|p2a: Landorus|77/100|[from] item: Leftovers
|upkeep
|turn|23
|
|t:|1662198565
|switch|p2a: Zapdos|Zapdos|58/100 tox
|move|p1a: Buzzwole|Ice Punch|p2a: Zapdos
|-supereffective|p2a: Zapdos
|-damage|p2a: Zapdos|22/100 tox
|-status|p1a: Buzzwole|par|[from] ability: Static|[of] p2a: Zapdos
|
|-damage|p2a: Zapdos|16/100 tox|[from] psn
|upkeep
|turn|24
|
|t:|1662198574
|switch|p1a: Tyranitar|Tyranitar, M|80/100
|-weather|Sandstorm|[from] ability: Sand Stream|[of] p1a: Tyranitar
|move|p2a: Zapdos|Roost|p2a: Zapdos
|-heal|p2a: Zapdos|66/100 tox
|-singleturn|p2a: Zapdos|move: Roost
|
|-weather|Sandstorm|[upkeep]
|-damage|p2a: Zapdos|60/100 tox|[from] Sandstorm
|-heal|p1a: Tyranitar|86/100|[from] item: Leftovers
|-damage|p2a: Zapdos|48/100 tox|[from] psn
|upkeep
|turn|25
|
|t:|1662198585
|move|p2a: Zapdos|Volt Switch|p1a: Tyranitar
|-damage|p1a: Tyranitar|74/100
|
|t:|1662198588
|switch|p2a: Glastrier|Glastrier|88/100|[from]move: Volt Switch
|move|p1a: Tyranitar|Stealth Rock|p2a: Glastrier
|-sidestart|p2: bizarman|move: Stealth Rock
|
|-weather|Sandstorm|[upkeep]
|-damage|p2a: Glastrier|82/100|[from] Sandstorm
|-heal|p1a: Tyranitar|80/100|[from] item: Leftovers
|upkeep
|turn|26
|
|t:|1662198597
|switch|p1a: Buzzwole|Buzzwole|78/100 par
|move|p2a: Glastrier|Swords Dance|p2a: Glastrier
|-boost|p2a: Glastrier|atk|2
|
|-weather|Sandstorm|[upkeep]
|-damage|p2a: Glastrier|76/100|[from] Sandstorm
|-damage|p1a: Buzzwole|72/100 par|[from] Sandstorm
|upkeep
|turn|27
|
|t:|1662198603
|move|p2a: Glastrier|Icicle Crash|p1a: Buzzwole
|-damage|p1a: Buzzwole|24/100 par
|cant|p1a: Buzzwole|par
|
|-weather|Sandstorm|[upkeep]
|-damage|p2a: Glastrier|70/100|[from] Sandstorm
|-damage|p1a: Buzzwole|18/100 par|[from] Sandstorm
|upkeep
|turn|28
|
|t:|1662198610
|move|p2a: Glastrier|Icicle Crash|p1a: Buzzwole
|-damage|p1a: Buzzwole|0 fnt
|faint|p1a: Buzzwole
|-ability|p2a: Glastrier|Chilling Neigh|boost
|-boost|p2a: Glastrier|atk|1
|
|-weather|none
|upkeep
|
|t:|1662198614
|switch|p1a: Latios|Latios, M|100/100
|turn|29
|l| AnJian
|
|t:|1662198618
|move|p1a: Latios|Mystical Fire|p2a: Glastrier
|-supereffective|p2a: Glastrier
|-damage|p2a: Glastrier|3/100
|-unboost|p2a: Glastrier|spa|1
|move|p2a: Glastrier|Icicle Crash|p1a: Latios
|-supereffective|p1a: Latios
|-damage|p1a: Latios|0 fnt
|faint|p1a: Latios
|-ability|p2a: Glastrier|Chilling Neigh|boost
|-boost|p2a: Glastrier|atk|1
|
|upkeep
|
|t:|1662198624
|switch|p1a: Gengar|Gengar, M|100/100
|turn|30
|-enditem|p2a: Glastrier|Custap Berry|[eat]
|-activate|p2a: Glastrier|item: Custap Berry|[consumed]
|
|t:|1662198632
|move|p2a: Glastrier|High Horsepower|p1a: Gengar
|-supereffective|p1a: Gengar
|-damage|p1a: Gengar|0 fnt
|faint|p1a: Gengar
|-ability|p2a: Glastrier|Chilling Neigh|boost
|-boost|p2a: Glastrier|atk|1
|
|upkeep
|
|t:|1662198642
|switch|p1a: Zapdos|Zapdos|100/100
|turn|31
|
|t:|1662198645
|move|p1a: Zapdos|U-turn|p2a: Glastrier
|-damage|p2a: Glastrier|0 fnt
|faint|p2a: Glastrier
|
|t:|1662198650
|switch|p1a: Landorus|Landorus-Therian, M|47/100|[from]move: U-turn
|
|upkeep
|
|t:|1662198654
|switch|p2a: Kartana|Kartana|72/100
|-damage|p2a: Kartana|65/100|[from] Stealth Rock
|turn|32
|
|t:|1662198659
|switch|p2a: Heatran|Heatran, M|100/100
|-damage|p2a: Heatran|88/100|[from] Stealth Rock
|switch|p1a: Zapdos|Zapdos|100/100
|
|-heal|p2a: Heatran|94/100|[from] item: Leftovers
|upkeep
|turn|33
|
|t:|1662198667
|move|p1a: Zapdos|U-turn|p2a: Heatran
|-resisted|p2a: Heatran
|-damage|p2a: Heatran|91/100
|
|t:|1662198670
|switch|p1a: Tyranitar|Tyranitar, M|80/100|[from]move: U-turn
|-weather|Sandstorm|[from] ability: Sand Stream|[of] p1a: Tyranitar
|move|p2a: Heatran|Toxic|p1a: Tyranitar
|-status|p1a: Tyranitar|tox
|
|-weather|Sandstorm|[upkeep]
|-heal|p2a: Heatran|98/100|[from] item: Leftovers
|-heal|p1a: Tyranitar|86/100 tox|[from] item: Leftovers
|-damage|p1a: Tyranitar|80/100 tox|[from] psn
|upkeep
|turn|34
|
|t:|1662198681
|switch|p2a: Landorus|Landorus-Therian, M|77/100
|-damage|p2a: Landorus|64/100|[from] Stealth Rock
|-ability|p2a: Landorus|Intimidate|boost
|-unboost|p1a: Tyranitar|atk|1
|move|p1a: Tyranitar|Crunch|p2a: Landorus
|-damage|p2a: Landorus|42/100
|
|-weather|Sandstorm|[upkeep]
|-heal|p2a: Landorus|48/100|[from] item: Leftovers
|-heal|p1a: Tyranitar|86/100 tox|[from] item: Leftovers
|-damage|p1a: Tyranitar|74/100 tox|[from] psn
|upkeep
|turn|35
|
|t:|1662198693
|switch|p1a: Zapdos|Zapdos|100/100
|move|p2a: Landorus|U-turn|p1a: Zapdos
|-resisted|p1a: Zapdos
|-damage|p1a: Zapdos|93/100
|
|t:|1662198699
|switch|p2a: Heatran|Heatran, M|98/100|[from]move: U-turn
|-damage|p2a: Heatran|85/100|[from] Stealth Rock
|
|-weather|Sandstorm|[upkeep]
|-damage|p1a: Zapdos|87/100|[from] Sandstorm
|-heal|p2a: Heatran|91/100|[from] item: Leftovers
|upkeep
|turn|36
|
|t:|1662198706
|move|p1a: Zapdos|U-turn|p2a: Heatran
|-resisted|p2a: Heatran
|-damage|p2a: Heatran|89/100
|
|t:|1662198709
|switch|p1a: Tyranitar|Tyranitar, M|74/100 tox|[from]move: U-turn
|move|p2a: Heatran|Magma Storm|p1a: Tyranitar
|-resisted|p1a: Tyranitar
|-damage|p1a: Tyranitar|65/100 tox
|-activate|p1a: Tyranitar|move: Magma Storm|[of] p2a: Heatran
|
|-weather|Sandstorm|[upkeep]
|-heal|p2a: Heatran|95/100|[from] item: Leftovers
|-heal|p1a: Tyranitar|72/100 tox|[from] item: Leftovers
|-damage|p1a: Tyranitar|65/100 tox|[from] psn
|-damage|p1a: Tyranitar|53/100 tox|[from] move: Magma Storm|[partiallytrapped]
|upkeep
|turn|37
|
|t:|1662198721
|switch|p2a: Landorus|Landorus-Therian, M|48/100
|-damage|p2a: Landorus|36/100|[from] Stealth Rock
|-ability|p2a: Landorus|Intimidate|boost
|-unboost|p1a: Tyranitar|atk|1
|move|p1a: Tyranitar|Thunder Wave|p2a: Landorus
|-immune|p2a: Landorus
|
|-weather|none
|-heal|p2a: Landorus|42/100|[from] item: Leftovers
|-heal|p1a: Tyranitar|59/100 tox|[from] item: Leftovers
|-damage|p1a: Tyranitar|47/100 tox|[from] psn
|-end|p1a: Tyranitar|Magma Storm|[partiallytrapped]|[silent]
|upkeep
|turn|38
|
|t:|1662198733
|move|p2a: Landorus|Defog|p1a: Tyranitar
|-unboost|p1a: Tyranitar|evasion|1
|-sideend|p2: bizarman|Stealth Rock|[from] move: Defog|[of] p2a: Landorus
|move|p1a: Tyranitar|Crunch|p2a: Landorus
|-damage|p2a: Landorus|17/100
|-unboost|p2a: Landorus|def|1
|
|-heal|p2a: Landorus|23/100|[from] item: Leftovers
|-heal|p1a: Tyranitar|53/100 tox|[from] item: Leftovers
|-damage|p1a: Tyranitar|34/100 tox|[from] psn
|upkeep
|turn|39
|
|t:|1662198744
|switch|p1a: Landorus|Landorus-Therian, M|47/100
|-ability|p1a: Landorus|Intimidate|boost
|-unboost|p2a: Landorus|atk|1
|move|p2a: Landorus|U-turn|p1a: Landorus
|-resisted|p1a: Landorus
|-damage|p1a: Landorus|38/100
|
|t:|1662198752
|switch|p2a: Kartana|Kartana|65/100|[from]move: U-turn
|
|upkeep
|turn|40
|
|t:|1662198760
|switch|p2a: Heatran|Heatran, M|95/100
|switch|p1a: Zapdos|Zapdos|87/100
|
|-heal|p2a: Heatran|100/100|[from] item: Leftovers
|upkeep
|turn|41
|
|t:|1662198767
|move|p1a: Zapdos|U-turn|p2a: Heatran
|-resisted|p2a: Heatran
|-damage|p2a: Heatran|98/100
|
|t:|1662198770
|switch|p1a: Tyranitar|Tyranitar, M|34/100 tox|[from]move: U-turn
|-weather|Sandstorm|[from] ability: Sand Stream|[of] p1a: Tyranitar
|move|p2a: Heatran|Stealth Rock|p1a: Tyranitar
|-sidestart|p1: maverick360|move: Stealth Rock
|
|-weather|Sandstorm|[upkeep]
|-heal|p2a: Heatran|100/100|[from] item: Leftovers
|-heal|p1a: Tyranitar|41/100 tox|[from] item: Leftovers
|-damage|p1a: Tyranitar|34/100 tox|[from] psn
|upkeep
|turn|42
|
|t:|1662198782
|move|p2a: Heatran|Earth Power|p1a: Tyranitar
|-supereffective|p1a: Tyranitar
|-damage|p1a: Tyranitar|12/100 tox
|move|p1a: Tyranitar|Stealth Rock|p2a: Heatran
|-sidestart|p2: bizarman|move: Stealth Rock
|
|-weather|Sandstorm|[upkeep]
|-heal|p1a: Tyranitar|18/100 tox|[from] item: Leftovers
|-damage|p1a: Tyranitar|5/100 tox|[from] psn
|upkeep
|turn|43
|
|t:|1662198811
|switch|p2a: Kartana|Kartana|65/100
|-damage|p2a: Kartana|59/100|[from] Stealth Rock
|switch|p1a: Landorus|Landorus-Therian, M|38/100
|-damage|p1a: Landorus|26/100|[from] Stealth Rock
|-ability|p1a: Landorus|Intimidate|boost
|-unboost|p2a: Kartana|atk|1
|
|-weather|Sandstorm|[upkeep]
|upkeep
|turn|44
|
|t:|1662198823
|switch|p1a: Zapdos|Zapdos|87/100
|move|p2a: Kartana|Leaf Blade|p1a: Zapdos
|-resisted|p1a: Zapdos
|-damage|p1a: Zapdos|74/100
|
|-weather|Sandstorm|[upkeep]
|-damage|p1a: Zapdos|68/100|[from] Sandstorm
|upkeep
|turn|45
|
|t:|1662198834
|switch|p2a: Heatran|Heatran, M|100/100
|-damage|p2a: Heatran|88/100|[from] Stealth Rock
|move|p1a: Zapdos|U-turn|p2a: Heatran
|-resisted|p2a: Heatran
|-damage|p2a: Heatran|85/100
|
|t:|1662198837
|switch|p1a: Landorus|Landorus-Therian, M|26/100|[from]move: U-turn
|-damage|p1a: Landorus|14/100|[from] Stealth Rock
|-ability|p1a: Landorus|Intimidate|boost
|-unboost|p2a: Heatran|atk|1
|
|-weather|none
|-heal|p2a: Heatran|91/100|[from] item: Leftovers
|upkeep
|turn|46
|
|t:|1662198848
|switch|p2a: Zapdos|Zapdos|48/100 tox
|move|p1a: Landorus|Smack Down|p2a: Zapdos
|-supereffective|p2a: Zapdos
|-damage|p2a: Zapdos|15/100 tox
|-start|p2a: Zapdos|Smack Down
|
|-damage|p2a: Zapdos|9/100 tox|[from] psn
|upkeep
|turn|47
|
|t:|1662198856
|move|p1a: Landorus|Smack Down|p2a: Zapdos
|-supereffective|p2a: Zapdos
|-damage|p2a: Zapdos|0 fnt
|faint|p2a: Zapdos
|
|upkeep
|
|t:|1662198861
|switch|p2a: Kartana|Kartana|59/100
|-damage|p2a: Kartana|53/100|[from] Stealth Rock
|turn|48
|
|t:|1662198869
|switch|p1a: Tyranitar|Tyranitar, M|5/100 tox
|-damage|p1a: Tyranitar|0 fnt|[from] Stealth Rock
|faint|p1a: Tyranitar
|move|p2a: Kartana|Knock Off|p1: Tyranitar|[notarget]
|-fail|p2a: Kartana
|
|upkeep
|
|t:|1662198876
|switch|p1a: Zapdos|Zapdos|68/100
|turn|49
|
|t:|1662198881
|switch|p2a: Heatran|Heatran, M|91/100
|-damage|p2a: Heatran|79/100|[from] Stealth Rock
|move|p1a: Zapdos|Hurricane|p2a: Heatran
|-resisted|p2a: Heatran
|-damage|p2a: Heatran|64/100
|-start|p2a: Heatran|confusion
|
|-heal|p2a: Heatran|70/100|[from] item: Leftovers
|upkeep
|turn|50
|
|t:|1662198890
|move|p1a: Zapdos|Defog|p2a: Heatran
|-unboost|p2a: Heatran|evasion|1
|-sideend|p2: bizarman|Stealth Rock|[from] move: Defog|[of] p1a: Zapdos
|-sideend|p1: maverick360|Stealth Rock|[from] move: Defog|[of] p1a: Zapdos
|-activate|p2a: Heatran|confusion
|move|p2a: Heatran|Magma Storm|p1a: Zapdos
|-damage|p1a: Zapdos|29/100
|-activate|p1a: Zapdos|move: Magma Storm|[of] p2a: Heatran
|
|-heal|p2a: Heatran|77/100|[from] item: Leftovers
|-damage|p1a: Zapdos|16/100|[from] move: Magma Storm|[partiallytrapped]
|upkeep
|turn|51
|
|t:|1662198900
|move|p1a: Zapdos|U-turn|p2a: Heatran
|-resisted|p2a: Heatran
|-damage|p2a: Heatran|74/100
|
|t:|1662198913
|switch|p1a: Landorus|Landorus-Therian, M|14/100|[from]move: U-turn
|-ability|p1a: Landorus|Intimidate|boost
|-unboost|p2a: Heatran|atk|1
|-activate|p2a: Heatran|confusion
|move|p2a: Heatran|Stealth Rock|p1a: Landorus
|-sidestart|p1: maverick360|move: Stealth Rock
|
|-heal|p2a: Heatran|80/100|[from] item: Leftovers
|upkeep
|turn|52
|
|t:|1662198929
|switch|p2a: Landorus|Landorus-Therian, M|23/100
|-ability|p2a: Landorus|Intimidate|boost
|-unboost|p1a: Landorus|atk|1
|move|p1a: Landorus|Earthquake|p2a: Landorus
|-immune|p2a: Landorus
|
|-heal|p2a: Landorus|29/100|[from] item: Leftovers
|upkeep
|turn|53
|
|t:|1662198942
|move|p1a: Landorus|Smack Down|p2a: Landorus
|-damage|p2a: Landorus|16/100
|-start|p2a: Landorus|Smack Down
|move|p2a: Landorus|Knock Off|p1a: Landorus
|-damage|p1a: Landorus|0 fnt
|faint|p1a: Landorus
|
|-heal|p2a: Landorus|22/100|[from] item: Leftovers
|upkeep
|-message|maverick360 forfeited.
|
|win|bizarman
|raw|maverick360's rating: 1620 &rarr; <strong>1597</strong><br />(-23 for losing)
|raw|bizarman's rating: 1573 &rarr; <strong>1596</strong><br />(+23 for winning)
|l|☆maverick360
|c|☆bizarman|gg
|l| ydk916
