|j|☆JoeyOwesMeMoney
|j|☆ASC-BrothaOptions
|player|p1|JoeyOwesMeMoney|101|1800
|player|p2|ASC-BrothaOptions|flannery|1709
|teamsize|p1|6
|teamsize|p2|6
|gametype|singles
|gen|8
|tier|[Gen 8] OU
|rated|
|clearpoke
|poke|p1|Chansey, F|
|poke|p1|Toxapex, M|
|poke|p1|Clefable, F|
|poke|p1|Corviknight, M|
|poke|p1|Magearna|
|poke|p1|Blissey, F|
|poke|p2|Hitmontop, M|
|poke|p2|Clefable, F|
|poke|p2|Skarmory, M|
|poke|p2|Cinderace, M|
|poke|p2|Diggersby, F|
|poke|p2|Rotom-Wash|
|rule|Sleep Clause Mod: Limit one foe put to sleep
|rule|Species Clause: Limit one of each Pokémon
|rule|OHKO Clause: OHKO moves are banned
|rule|Evasion Moves Clause: Evasion moves are banned
|rule|Endless Battle Clause: Forcing endless battles is banned
|rule|HP Percentage Mod: HP is shown in percentages
|rule|Dynamax Clause: You cannot dynamax
|teampreview
|j| Chans3y
|
|start
|switch|p1a: Toxapex|Toxapex, M|100/100
|switch|p2a: Diggersby|Diggersby, F|100/100
|turn|1
|inactive|Battle timer is ON: inactive players will automatically lose when time's up. (requested by ASC-BrothaOptions)
|
|move|p2a: Diggersby|Earthquake|p1a: Toxapex
|-supereffective|p1a: Toxapex
|-damage|p1a: Toxapex|0 fnt
|-damage|p2a: Diggersby|91/100|[from] item: Life Orb
|faint|p1a: Toxapex
|
|upkeep
|
|switch|p1a: Corviknight|Corviknight, M|100/100
|-ability|p1a: Corviknight|Pressure
|turn|2
|
|move|p2a: Diggersby|Wild Charge|p1a: Corviknight
|-supereffective|p1a: Corviknight
|-damage|p1a: Corviknight|39/100
|-damage|p2a: Diggersby|74/100|[from] item: Rocky Helmet|[of] p1a: Corviknight
|-damage|p2a: Diggersby|55/100|[from] Recoil
|-damage|p2a: Diggersby|45/100|[from] item: Life Orb
|move|p1a: Corviknight|Body Press|p2a: Diggersby
|-supereffective|p2a: Diggersby
|-damage|p2a: Diggersby|0 fnt
|faint|p2a: Diggersby
|
|upkeep
|
|switch|p2a: Cinderace|Cinderace, M|100/100
|turn|3
|
|switch|p1a: Clefable|Clefable, F|100/100
|move|p2a: Cinderace|Pyro Ball|p1a: Clefable
|-damage|p1a: Clefable|57/100
|
|-heal|p1a: Clefable|64/100|[from] item: Leftovers
|upkeep
|turn|4
|j| quoof
|
|switch|p2a: Clefable|Clefable, F|100/100
|move|p1a: Clefable|Wish|p1a: Clefable
|
|-heal|p1a: Clefable|70/100|[from] item: Leftovers
|upkeep
|turn|5
|j| the baddest boy
|
|move|p2a: Clefable|Knock Off|p1a: Clefable
|-resisted|p1a: Clefable
|-damage|p1a: Clefable|64/100
|-enditem|p1a: Clefable|Leftovers|[from] move: Knock Off|[of] p2a: Clefable
|move|p1a: Clefable|Knock Off|p2a: Clefable
|-resisted|p2a: Clefable
|-damage|p2a: Clefable|92/100
|-enditem|p2a: Clefable|Leftovers|[from] move: Knock Off|[of] p1a: Clefable
|
|-heal|p1a: Clefable|100/100|[from] move: Wish|[wisher] Clefable
|upkeep
|turn|6
|
|move|p2a: Clefable|Moonblast|p1a: Clefable
|-damage|p1a: Clefable|73/100
|move|p1a: Clefable|Wish|p1a: Clefable
|
|upkeep
|turn|7
|
|switch|p1a: Corviknight|Corviknight, M|39/100
|-ability|p1a: Corviknight|Pressure
|move|p2a: Clefable|Flamethrower|p1a: Corviknight
|-supereffective|p1a: Corviknight
|-damage|p1a: Corviknight|0 fnt
|faint|p1a: Corviknight
|
|upkeep
|
|switch|p1a: Clefable|Clefable, F|73/100
|turn|8
|
|move|p2a: Clefable|Moonblast|p1a: Clefable
|-damage|p1a: Clefable|41/100
|move|p1a: Clefable|Wish|p1a: Clefable
|
|upkeep
|turn|9
|j| BANCLEFANDPEXNOW
|
|switch|p2a: Skarmory|Skarmory, M|100/100
|move|p1a: Clefable|Protect||[still]
|-fail|p1a: Clefable
|
|-heal|p1a: Clefable|91/100|[from] move: Wish|[wisher] Clefable
|upkeep
|turn|10
|c| BANCLEFANDPEXNOW|stall
|
|move|p2a: Skarmory|Stealth Rock|p1a: Clefable
|-sidestart|p1: JoeyOwesMeMoney|move: Stealth Rock
|move|p1a: Clefable|Knock Off|p2a: Skarmory
|-damage|p2a: Skarmory|91/100
|-damage|p1a: Clefable|74/100|[from] item: Rocky Helmet|[of] p2a: Skarmory
|-enditem|p2a: Skarmory|Rocky Helmet|[from] move: Knock Off|[of] p1a: Clefable
|
|upkeep
|turn|11
|
|move|p2a: Skarmory|Brave Bird|p1a: Clefable
|-damage|p1a: Clefable|50/100
|-damage|p2a: Skarmory|82/100|[from] Recoil
|move|p1a: Clefable|Wish|p1a: Clefable
|
|upkeep
|turn|12
|
|switch|p2a: Clefable|Clefable, F|92/100
|move|p1a: Clefable|Protect||[still]
|-fail|p1a: Clefable
|
|-heal|p1a: Clefable|99/100|[from] move: Wish|[wisher] Clefable
|upkeep
|turn|13
|
|move|p2a: Clefable|Moonblast|p1a: Clefable
|-damage|p1a: Clefable|70/100
|move|p1a: Clefable|Moonblast|p2a: Clefable
|-crit|p2a: Clefable
|-damage|p2a: Clefable|58/100
|-unboost|p2a: Clefable|spa|1
|
|upkeep
|turn|14
|
|switch|p2a: Rotom|Rotom-Wash|100/100
|move|p1a: Clefable|Moonblast|p2a: Rotom
|-damage|p2a: Rotom|68/100
|-unboost|p2a: Rotom|spa|1
|
|upkeep
|turn|15
|
|move|p1a: Clefable|Protect|p1a: Clefable
|-singleturn|p1a: Clefable|Protect
|move|p2a: Rotom|Hydro Pump|p1a: Clefable
|-activate|p1a: Clefable|move: Protect
|
|upkeep
|turn|16
|
|switch|p1a: Chansey|Chansey, F|100/100
|-damage|p1a: Chansey|88/100|[from] Stealth Rock
|move|p2a: Rotom|Hydro Pump|p1a: Chansey
|-damage|p1a: Chansey|78/100
|
|upkeep
|turn|17
|
|move|p2a: Rotom|Pain Split|p1a: Chansey
|-sethp|p1a: Chansey|54/100|[from] move: Pain Split|[silent]
|-sethp|p2a: Rotom|100/100|[from] move: Pain Split
|move|p1a: Chansey|Stealth Rock|p2a: Rotom
|-sidestart|p2: ASC-BrothaOptions|move: Stealth Rock
|
|upkeep
|turn|18
|
|move|p2a: Rotom|Volt Switch|p1a: Chansey
|-damage|p1a: Chansey|48/100
|
|switch|p2a: Hitmontop|Hitmontop, M|100/100|[from]move: Volt Switch
|-damage|p2a: Hitmontop|94/100|[from] Stealth Rock
|move|p1a: Chansey|Toxic|p2a: Hitmontop
|-status|p2a: Hitmontop|tox
|
|-damage|p2a: Hitmontop|88/100 tox|[from] psn
|upkeep
|turn|19
|c| BANCLEFANDPEXNOW|imagine tellin urself to use a stall team
|
|switch|p1a: Magearna|Magearna|100/100
|-damage|p1a: Magearna|94/100|[from] Stealth Rock
|move|p2a: Hitmontop|Triple Axel|p1a: Magearna
|-resisted|p1a: Magearna
|-damage|p1a: Magearna|90/100
|-resisted|p1a: Magearna
|-damage|p1a: Magearna|82/100
|-resisted|p1a: Magearna
|-damage|p1a: Magearna|71/100
|-hitcount|p1a: Magearna|3
|
|-damage|p2a: Hitmontop|76/100 tox|[from] psn
|upkeep
|turn|20
|c| BANCLEFANDPEXNOW|unreal
|inactive|JoeyOwesMeMoney has 120 seconds left.
|j| Sailor Neub
|c|☆ASC-BrothaOptions|people gotta get them points
|l| Chans3y
|c| BANCLEFANDPEXNOW|ppl will sit here for 200 turns stallin just to win 1 game
|
|switch|p2a: Cinderace|Cinderace, M|100/100
|move|p1a: Magearna|Thunderbolt|p2a: Cinderace
|-damage|p2a: Cinderace|28/100
|
|upkeep
|turn|21
|inactive|JoeyOwesMeMoney has 120 seconds left.
|j| Chans3y
|
|switch|p1a: Blissey|Blissey, F|100/100
|-damage|p1a: Blissey|88/100|[from] Stealth Rock
|move|p2a: Cinderace|Pyro Ball|p1a: Blissey
|-damage|p1a: Blissey|38/100
|-status|p1a: Blissey|brn
|
|-heal|p1a: Blissey|44/100 brn|[from] item: Leftovers
|-damage|p1a: Blissey|38/100 brn|[from] brn
|upkeep
|turn|22
|inactive|JoeyOwesMeMoney has 120 seconds left.
|
|move|p2a: Cinderace|Pyro Ball|p1a: Blissey
|-damage|p1a: Blissey|0 fnt
|faint|p1a: Blissey
|
|upkeep
|
|switch|p1a: Clefable|Clefable, F|70/100
|-damage|p1a: Clefable|58/100|[from] Stealth Rock
|turn|23
|
|move|p2a: Cinderace|Pyro Ball|p1a: Clefable
|-damage|p1a: Clefable|11/100
|move|p1a: Clefable|Wish|p1a: Clefable
|
|upkeep
|turn|24
|
|switch|p2a: Clefable|Clefable, F|58/100
|move|p1a: Clefable|Protect||[still]
|-fail|p1a: Clefable
|
|-heal|p1a: Clefable|61/100|[from] move: Wish|[wisher] Clefable
|upkeep
|turn|25
|
|move|p2a: Clefable|Soft-Boiled|p2a: Clefable
|-heal|p2a: Clefable|100/100
|move|p1a: Clefable|Wish|p1a: Clefable
|
|upkeep
|turn|26
|
|move|p2a: Clefable|Knock Off|p1a: Clefable
|-resisted|p1a: Clefable
|-damage|p1a: Clefable|57/100
|move|p1a: Clefable|Moonblast|p2a: Clefable
|-damage|p2a: Clefable|79/100
|-unboost|p2a: Clefable|spa|1
|
|-heal|p1a: Clefable|100/100|[from] move: Wish|[wisher] Clefable
|upkeep
|turn|27
|
|switch|p1a: Chansey|Chansey, F|48/100
|-damage|p1a: Chansey|36/100|[from] Stealth Rock
|move|p2a: Clefable|Moonblast|p1a: Chansey
|-damage|p1a: Chansey|29/100
|
|upkeep
|turn|28
|
|move|p2a: Clefable|Knock Off|p1a: Chansey
|-damage|p1a: Chansey|19/100
|-enditem|p1a: Chansey|Eviolite|[from] move: Knock Off|[of] p2a: Clefable
|move|p1a: Chansey|Soft-Boiled|p1a: Chansey
|-heal|p1a: Chansey|69/100
|
|upkeep
|turn|29
|
|move|p2a: Clefable|Soft-Boiled|p2a: Clefable
|-heal|p2a: Clefable|100/100
|move|p1a: Chansey|Soft-Boiled|p1a: Chansey
|-heal|p1a: Chansey|100/100
|
|upkeep
|turn|30
|l| Chans3y
|
|move|p2a: Clefable|Flamethrower|p1a: Chansey
|-damage|p1a: Chansey|95/100
|move|p1a: Chansey|Seismic Toss|p2a: Clefable
|-damage|p2a: Clefable|75/100
|
|upkeep
|turn|31
|
|move|p2a: Clefable|Moonblast|p1a: Chansey
|-damage|p1a: Chansey|85/100
|move|p1a: Chansey|Seismic Toss|p2a: Clefable
|-damage|p2a: Clefable|50/100
|
|upkeep
|turn|32
|
|move|p2a: Clefable|Soft-Boiled|p2a: Clefable
|-heal|p2a: Clefable|99/100
|move|p1a: Chansey|Seismic Toss|p2a: Clefable
|-damage|p2a: Clefable|74/100
|
|upkeep
|turn|33
|
|switch|p2a: Skarmory|Skarmory, M|82/100
|-damage|p2a: Skarmory|70/100|[from] Stealth Rock
|move|p1a: Chansey|Seismic Toss|p2a: Skarmory
|-damage|p2a: Skarmory|40/100
|
|upkeep
|turn|34
|
|switch|p1a: Magearna|Magearna|71/100
|-damage|p1a: Magearna|65/100|[from] Stealth Rock
|move|p2a: Skarmory|Body Press|p1a: Magearna
|-crit|p1a: Magearna
|-damage|p1a: Magearna|23/100
|
|upkeep
|turn|35
|l| the baddest boy
|j| Chans3y
|
|switch|p2a: Clefable|Clefable, F|74/100
|move|p1a: Magearna|Thunderbolt|p2a: Clefable
|-damage|p2a: Clefable|40/100
|
|upkeep
|turn|36
|
|move|p2a: Clefable|Soft-Boiled|p2a: Clefable
|-heal|p2a: Clefable|91/100
|move|p1a: Magearna|Thunderbolt|p2a: Clefable
|-damage|p2a: Clefable|56/100
|
|upkeep
|turn|37
|
|switch|p1a: Chansey|Chansey, F|85/100
|-damage|p1a: Chansey|72/100|[from] Stealth Rock
|move|p2a: Clefable|Flamethrower|p1a: Chansey
|-damage|p1a: Chansey|64/100
|
|upkeep
|turn|38
|
|move|p2a: Clefable|Soft-Boiled|p2a: Clefable
|-heal|p2a: Clefable|100/100
|move|p1a: Chansey|Seismic Toss|p2a: Clefable
|-damage|p2a: Clefable|75/100
|
|upkeep
|turn|39
|
|switch|p2a: Skarmory|Skarmory, M|40/100
|-damage|p2a: Skarmory|27/100|[from] Stealth Rock
|move|p1a: Chansey|Soft-Boiled|p1a: Chansey
|-heal|p1a: Chansey|100/100
|
|upkeep
|turn|40
|
|move|p2a: Skarmory|Roost|p2a: Skarmory
|-heal|p2a: Skarmory|77/100
|-singleturn|p2a: Skarmory|move: Roost
|move|p1a: Chansey|Stealth Rock||[still]
|-fail|p1a: Chansey
|
|upkeep
|turn|41
|
|move|p2a: Skarmory|Body Press|p1a: Chansey
|-supereffective|p1a: Chansey
|-damage|p1a: Chansey|35/100
|move|p1a: Chansey|Seismic Toss|p2a: Skarmory
|-damage|p2a: Skarmory|48/100
|
|upkeep
|turn|42
|
|switch|p1a: Clefable|Clefable, F|100/100
|-damage|p1a: Clefable|88/100|[from] Stealth Rock
|move|p2a: Skarmory|Brave Bird|p1a: Clefable
|-damage|p1a: Clefable|63/100
|-damage|p2a: Skarmory|38/100|[from] Recoil
|
|upkeep
|turn|43
|
|move|p2a: Skarmory|Brave Bird|p1a: Clefable
|-damage|p1a: Clefable|36/100
|-damage|p2a: Skarmory|27/100|[from] Recoil
|move|p1a: Clefable|Wish|p1a: Clefable
|
|upkeep
|turn|44
|
|move|p2a: Skarmory|Brave Bird|p1a: Clefable
|-damage|p1a: Clefable|9/100
|-damage|p2a: Skarmory|17/100|[from] Recoil
|move|p1a: Clefable|Moonblast|p2a: Skarmory
|-resisted|p2a: Skarmory
|-damage|p2a: Skarmory|0 fnt
|faint|p2a: Skarmory
|
|-heal|p1a: Clefable|59/100|[from] move: Wish|[wisher] Clefable
|upkeep
|
|switch|p2a: Cinderace|Cinderace, M|28/100
|turn|45
|
|move|p1a: Clefable|Protect|p1a: Clefable
|-singleturn|p1a: Clefable|Protect
|move|p2a: Cinderace|Zen Headbutt|p1a: Clefable
|-start|p2a: Cinderace|typechange|Psychic|[from] ability: Libero
|-activate|p1a: Clefable|move: Protect
|
|upkeep
|turn|46
|
|move|p2a: Cinderace|Pyro Ball|p1a: Clefable
|-start|p2a: Cinderace|typechange|Fire|[from] ability: Libero
|-damage|p1a: Clefable|12/100
|move|p1a: Clefable|Wish|p1a: Clefable
|
|upkeep
|turn|47
|
|move|p1a: Clefable|Protect|p1a: Clefable
|-singleturn|p1a: Clefable|Protect
|move|p2a: Cinderace|Zen Headbutt|p1a: Clefable
|-start|p2a: Cinderace|typechange|Psychic|[from] ability: Libero
|-activate|p1a: Clefable|move: Protect
|
|-heal|p1a: Clefable|62/100|[from] move: Wish|[wisher] Clefable
|upkeep
|turn|48
|
|move|p2a: Cinderace|Pyro Ball|p1a: Clefable
|-start|p2a: Cinderace|typechange|Fire|[from] ability: Libero
|-damage|p1a: Clefable|16/100
|move|p1a: Clefable|Wish|p1a: Clefable
|
|upkeep
|turn|49
|
|move|p1a: Clefable|Protect|p1a: Clefable
|-singleturn|p1a: Clefable|Protect
|move|p2a: Cinderace|Zen Headbutt|p1a: Clefable
|-start|p2a: Cinderace|typechange|Psychic|[from] ability: Libero
|-activate|p1a: Clefable|move: Protect
|
|-heal|p1a: Clefable|66/100|[from] move: Wish|[wisher] Clefable
|upkeep
|turn|50
|
|move|p2a: Cinderace|Pyro Ball|p1a: Clefable
|-start|p2a: Cinderace|typechange|Fire|[from] ability: Libero
|-damage|p1a: Clefable|25/100
|move|p1a: Clefable|Wish|p1a: Clefable
|
|upkeep
|turn|51
|
|move|p1a: Clefable|Protect|p1a: Clefable
|-singleturn|p1a: Clefable|Protect
|move|p2a: Cinderace|Zen Headbutt|p1a: Clefable
|-start|p2a: Cinderace|typechange|Psychic|[from] ability: Libero
|-activate|p1a: Clefable|move: Protect
|
|-heal|p1a: Clefable|75/100|[from] move: Wish|[wisher] Clefable
|upkeep
|turn|52
|
|move|p2a: Cinderace|Pyro Ball|p1a: Clefable
|-start|p2a: Cinderace|typechange|Fire|[from] ability: Libero
|-damage|p1a: Clefable|28/100
|move|p1a: Clefable|Wish|p1a: Clefable
|
|upkeep
|turn|53
|
|move|p1a: Clefable|Protect|p1a: Clefable
|-singleturn|p1a: Clefable|Protect
|move|p2a: Cinderace|Zen Headbutt|p1a: Clefable
|-start|p2a: Cinderace|typechange|Psychic|[from] ability: Libero
|-activate|p1a: Clefable|move: Protect
|
|-heal|p1a: Clefable|78/100|[from] move: Wish|[wisher] Clefable
|upkeep
|turn|54
|
|move|p2a: Cinderace|Zen Headbutt|p1a: Clefable
|-damage|p1a: Clefable|50/100
|move|p1a: Clefable|Wish|p1a: Clefable
|
|upkeep
|turn|55
|
|move|p1a: Clefable|Protect|p1a: Clefable
|-singleturn|p1a: Clefable|Protect
|move|p2a: Cinderace|Zen Headbutt|p1a: Clefable
|-activate|p1a: Clefable|move: Protect
|
|-heal|p1a: Clefable|99/100|[from] move: Wish|[wisher] Clefable
|upkeep
|turn|56
|
|move|p2a: Cinderace|Zen Headbutt|p1a: Clefable
|-damage|p1a: Clefable|73/100
|cant|p1a: Clefable|flinch
|
|upkeep
|turn|57
|
|move|p2a: Cinderace|Zen Headbutt|p1a: Clefable
|-damage|p1a: Clefable|46/100
|move|p1a: Clefable|Wish|p1a: Clefable
|
|upkeep
|turn|58
|
|move|p1a: Clefable|Protect|p1a: Clefable
|-singleturn|p1a: Clefable|Protect
|move|p2a: Cinderace|Zen Headbutt|p1a: Clefable
|-activate|p1a: Clefable|move: Protect
|
|-heal|p1a: Clefable|95/100|[from] move: Wish|[wisher] Clefable
|upkeep
|turn|59
|
|move|p2a: Cinderace|Zen Headbutt|p1a: Clefable
|-damage|p1a: Clefable|66/100
|move|p1a: Clefable|Wish|p1a: Clefable
|
|upkeep
|turn|60
|
|move|p2a: Cinderace|Zen Headbutt|p1a: Clefable
|-damage|p1a: Clefable|34/100
|move|p1a: Clefable|Moonblast|p2a: Cinderace
|-damage|p2a: Cinderace|0 fnt
|faint|p2a: Cinderace
|
|-heal|p1a: Clefable|83/100|[from] move: Wish|[wisher] Clefable
|upkeep
|
|switch|p2a: Rotom|Rotom-Wash|100/100
|-damage|p2a: Rotom|88/100|[from] Stealth Rock
|turn|61
|
|switch|p1a: Magearna|Magearna|23/100
|-damage|p1a: Magearna|17/100|[from] Stealth Rock
|move|p2a: Rotom|Nasty Plot|p2a: Rotom
|-boost|p2a: Rotom|spa|2
|
|upkeep
|turn|62
|
|move|p2a: Rotom|Volt Switch|p1a: Magearna
|-damage|p1a: Magearna|0 fnt
|faint|p1a: Magearna
|
|switch|p2a: Clefable|Clefable, F|75/100|[from]move: Volt Switch
|
|upkeep
|
|switch|p1a: Chansey|Chansey, F|35/100
|-damage|p1a: Chansey|23/100|[from] Stealth Rock
|turn|63
|
|move|p2a: Clefable|Moonblast|p1a: Chansey
|-damage|p1a: Chansey|8/100
|-unboost|p1a: Chansey|spa|1
|move|p1a: Chansey|Soft-Boiled|p1a: Chansey
|-heal|p1a: Chansey|58/100
|
|upkeep
|turn|64
|
|move|p2a: Clefable|Flamethrower|p1a: Chansey
|-damage|p1a: Chansey|48/100
|move|p1a: Chansey|Soft-Boiled|p1a: Chansey
|-heal|p1a: Chansey|99/100
|
|upkeep
|turn|65
|
|move|p2a: Clefable|Flamethrower|p1a: Chansey
|-damage|p1a: Chansey|90/100
|move|p1a: Chansey|Toxic|p2a: Clefable
|-status|p2a: Clefable|tox
|
|upkeep
|turn|66
|
|move|p2a: Clefable|Flamethrower|p1a: Chansey
|-damage|p1a: Chansey|80/100
|move|p1a: Chansey|Toxic|p2a: Clefable
|-fail|p2a: Clefable|tox
|
|upkeep
|turn|67
|
|move|p2a: Clefable|Soft-Boiled|p2a: Clefable
|-heal|p2a: Clefable|100/100 tox
|move|p1a: Chansey|Stealth Rock||[still]
|-fail|p1a: Chansey
|
|upkeep
|turn|68
|j| theterminator26
|
|move|p2a: Clefable|Flamethrower|p1a: Chansey
|-damage|p1a: Chansey|71/100
|move|p1a: Chansey|Stealth Rock||[still]
|-fail|p1a: Chansey
|
|upkeep
|turn|69
|
|move|p2a: Clefable|Flamethrower|p1a: Chansey
|-crit|p1a: Chansey
|-damage|p1a: Chansey|58/100
|-status|p1a: Chansey|brn
|move|p1a: Chansey|Toxic|p2a: Clefable
|-fail|p2a: Clefable|tox
|
|-damage|p1a: Chansey|52/100 brn|[from] brn
|upkeep
|turn|70
|
|move|p2a: Clefable|Moonblast|p1a: Chansey
|-damage|p1a: Chansey|36/100 brn
|move|p1a: Chansey|Soft-Boiled|p1a: Chansey
|-heal|p1a: Chansey|87/100 brn
|
|-damage|p1a: Chansey|80/100 brn|[from] brn
|upkeep
|turn|71
|
|move|p2a: Clefable|Moonblast|p1a: Chansey
|-damage|p1a: Chansey|67/100 brn
|move|p1a: Chansey|Seismic Toss|p2a: Clefable
|-damage|p2a: Clefable|75/100 tox
|
|-damage|p1a: Chansey|61/100 brn|[from] brn
|upkeep
|turn|72
|
|move|p2a: Clefable|Knock Off|p1a: Chansey
|-damage|p1a: Chansey|52/100 brn
|move|p1a: Chansey|Soft-Boiled|p1a: Chansey
|-heal|p1a: Chansey|100/100 brn
|
|-damage|p1a: Chansey|94/100 brn|[from] brn
|upkeep
|turn|73
|c| BANCLEFANDPEXNOW|true skill is using a team that cant recover health with a move or an ability
|
|move|p2a: Clefable|Moonblast|p1a: Chansey
|-damage|p1a: Chansey|79/100 brn
|move|p1a: Chansey|Seismic Toss|p2a: Clefable
|-damage|p2a: Clefable|50/100 tox
|
|-damage|p1a: Chansey|73/100 brn|[from] brn
|upkeep
|turn|74
|
|switch|p1a: Clefable|Clefable, F|83/100
|-damage|p1a: Clefable|71/100|[from] Stealth Rock
|move|p2a: Clefable|Moonblast|p1a: Clefable
|-damage|p1a: Clefable|40/100
|
|upkeep
|turn|75
|
|move|p2a: Clefable|Moonblast|p1a: Clefable
|-damage|p1a: Clefable|8/100
|move|p1a: Clefable|Wish|p1a: Clefable
|
|upkeep
|turn|76
|
|switch|p2a: Rotom|Rotom-Wash|88/100
|-damage|p2a: Rotom|76/100|[from] Stealth Rock
|move|p1a: Clefable|Moonblast|p2a: Rotom
|-damage|p2a: Rotom|41/100
|
|-heal|p1a: Clefable|58/100|[from] move: Wish|[wisher] Clefable
|upkeep
|turn|77
|c| BANCLEFANDPEXNOW|usin stall means u suck and need a win by any means
|
|switch|p1a: Chansey|Chansey, F|73/100
|-damage|p1a: Chansey|61/100|[from] Stealth Rock
|move|p2a: Rotom|Nasty Plot|p2a: Rotom
|-boost|p2a: Rotom|spa|2
|
|upkeep
|turn|78
|
|move|p2a: Rotom|Hydro Pump|p1a: Chansey|[miss]
|-miss|p2a: Rotom|p1a: Chansey
|move|p1a: Chansey|Soft-Boiled|p1a: Chansey
|-heal|p1a: Chansey|100/100
|
|upkeep
|turn|79
|
|move|p2a: Rotom|Hydro Pump|p1a: Chansey
|-damage|p1a: Chansey|63/100
|move|p1a: Chansey|Toxic|p2a: Rotom
|-status|p2a: Rotom|tox
|
|-damage|p2a: Rotom|35/100 tox|[from] psn
|upkeep
|turn|80
|l| theterminator26
|
|move|p2a: Rotom|Pain Split|p1a: Chansey
|-sethp|p1a: Chansey|39/100|[from] move: Pain Split|[silent]
|-sethp|p2a: Rotom|91/100 tox|[from] move: Pain Split
|move|p1a: Chansey|Soft-Boiled|p1a: Chansey
|-heal|p1a: Chansey|89/100
|
|-damage|p2a: Rotom|79/100 tox|[from] psn
|upkeep
|turn|81
|
|move|p2a: Rotom|Nasty Plot|p2a: Rotom
|-boost|p2a: Rotom|spa|2
|move|p1a: Chansey|Seismic Toss|p2a: Rotom
|-damage|p2a: Rotom|45/100 tox
|
|-damage|p2a: Rotom|27/100 tox|[from] psn
|upkeep
|turn|82
|j| kenshiro27
|j|‽Le Swirlix
|j| ARCA69
|j| Ellen DeGenerates
|j| nicknickfun
|
|switch|p1a: Clefable|Clefable, F|58/100
|-damage|p1a: Clefable|46/100|[from] Stealth Rock
|move|p2a: Rotom|Pain Split|p1a: Clefable
|-sethp|p1a: Clefable|33/100|[from] move: Pain Split|[silent]
|-sethp|p2a: Rotom|43/100 tox|[from] move: Pain Split
|
|-damage|p2a: Rotom|19/100 tox|[from] psn
|upkeep
|turn|83
|l| ARCA69
|j| mdng1
|j| Based Vanz
|j| fuck christmas
|
|move|p1a: Clefable|Protect|p1a: Clefable
|-singleturn|p1a: Clefable|Protect
|move|p2a: Rotom|Hydro Pump|p1a: Clefable
|-activate|p1a: Clefable|move: Protect
|
|-damage|p2a: Rotom|0 fnt|[from] psn
|faint|p2a: Rotom
|upkeep
|
|switch|p2a: Hitmontop|Hitmontop, M|76/100 tox
|-damage|p2a: Hitmontop|70/100 tox|[from] Stealth Rock
|turn|84
|
|move|p2a: Hitmontop|Triple Axel|p1a: Clefable
|-damage|p1a: Clefable|27/100
|-damage|p1a: Clefable|13/100
|-hitcount|p1a: Clefable|2
|move|p1a: Clefable|Moonblast|p2a: Hitmontop
|-supereffective|p2a: Hitmontop
|-damage|p2a: Hitmontop|27/100 tox
|
|-damage|p2a: Hitmontop|21/100 tox|[from] psn
|upkeep
|turn|85
|
|move|p1a: Clefable|Protect|p1a: Clefable
|-singleturn|p1a: Clefable|Protect
|move|p2a: Hitmontop|Close Combat|p1a: Clefable
|-activate|p1a: Clefable|move: Protect
|
|-damage|p2a: Hitmontop|9/100 tox|[from] psn
|upkeep
|turn|86
|
|move|p1a: Clefable|Protect||[still]
|-fail|p1a: Clefable
|move|p2a: Hitmontop|Close Combat|p1a: Clefable
|-resisted|p1a: Clefable
|-damage|p1a: Clefable|0 fnt
|-unboost|p2a: Hitmontop|def|1
|-unboost|p2a: Hitmontop|spd|1
|faint|p1a: Clefable
|
|-damage|p2a: Hitmontop|0 fnt|[from] psn
|faint|p2a: Hitmontop
|upkeep
|
|switch|p2a: Clefable|Clefable, F|50/100 tox
|switch|p1a: Chansey|Chansey, F|89/100
|-damage|p1a: Chansey|77/100|[from] Stealth Rock
|turn|87
|
|move|p2a: Clefable|Flamethrower|p1a: Chansey
|-damage|p1a: Chansey|67/100
|move|p1a: Chansey|Seismic Toss|p2a: Clefable
|-damage|p2a: Clefable|24/100 tox
|
|upkeep
|turn|88
|
|move|p2a: Clefable|Soft-Boiled|p2a: Clefable
|-heal|p2a: Clefable|74/100 tox
|move|p1a: Chansey|Seismic Toss|p2a: Clefable
|-damage|p2a: Clefable|49/100 tox
|
|upkeep
|turn|89
|
|move|p2a: Clefable|Flamethrower|p1a: Chansey
|-damage|p1a: Chansey|59/100
|move|p1a: Chansey|Seismic Toss|p2a: Clefable
|-damage|p2a: Clefable|23/100 tox
|
|upkeep
|turn|90
|l|‽Le Swirlix
|
|move|p2a: Clefable|Soft-Boiled|p2a: Clefable
|-heal|p2a: Clefable|74/100 tox
|move|p1a: Chansey|Seismic Toss|p2a: Clefable
|-damage|p2a: Clefable|48/100 tox
|
|upkeep
|turn|91
|
|move|p2a: Clefable|Flamethrower|p1a: Chansey
|-damage|p1a: Chansey|49/100
|move|p1a: Chansey|Seismic Toss|p2a: Clefable
|-damage|p2a: Clefable|23/100 tox
|
|upkeep
|turn|92
|
|move|p2a: Clefable|Soft-Boiled|p2a: Clefable
|-heal|p2a: Clefable|73/100 tox
|move|p1a: Chansey|Seismic Toss|p2a: Clefable
|-damage|p2a: Clefable|47/100 tox
|
|upkeep
|turn|93
|
|move|p2a: Clefable|Flamethrower|p1a: Chansey
|-damage|p1a: Chansey|41/100
|move|p1a: Chansey|Seismic Toss|p2a: Clefable
|-damage|p2a: Clefable|22/100 tox
|
|upkeep
|turn|94
|
|move|p2a: Clefable|Soft-Boiled|p2a: Clefable
|-heal|p2a: Clefable|72/100 tox
|move|p1a: Chansey|Seismic Toss|p2a: Clefable
|-damage|p2a: Clefable|47/100 tox
|
|upkeep
|turn|95
|l| Ellen DeGenerates
|
|move|p2a: Clefable|Moonblast|p1a: Chansey
|-damage|p1a: Chansey|27/100
|-unboost|p1a: Chansey|spa|1
|move|p1a: Chansey|Seismic Toss|p2a: Clefable
|-damage|p2a: Clefable|21/100 tox
|
|upkeep
|turn|96
|
|move|p2a: Clefable|Moonblast|p1a: Chansey
|-damage|p1a: Chansey|12/100
|move|p1a: Chansey|Seismic Toss|p2a: Clefable
|-damage|p2a: Clefable|0 fnt
|faint|p2a: Clefable
|
|win|JoeyOwesMeMoney
|l|☆ASC-BrothaOptions
|raw|JoeyOwesMeMoney's rating: 1784 &rarr; <strong>1798</strong><br />(+14 for winning)
|raw|ASC-BrothaOptions's rating: 1692 &rarr; <strong>1677</strong><br />(-15 for losing)
|l| nicknickfun
|l| kenshiro27
|l| quoof
|l| mdng1
|l| Sailor Neub
|l| fuck christmas
|l| Based Vanz
