|j|☆FleetFoxxx
|j|☆minimax_ai
|t:|1667765046
|gametype|singles
|player|p1|FleetFoxxx|flannery|1632
|player|p2|minimax_ai|169|1577
|teamsize|p1|6
|teamsize|p2|6
|gen|8
|tier|[Gen 8] OU
|rated|
|rule|Sleep Clause Mod: Limit one foe put to sleep
|rule|Species Clause: Limit one of each Pokémon
|rule|OHKO Clause: OHKO moves are banned
|rule|Evasion Items Clause: Evasion items are banned
|rule|Evasion Moves Clause: Evasion moves are banned
|rule|Endless Battle Clause: Forcing endless battles is banned
|rule|HP Percentage Mod: HP is shown in percentages
|rule|Dynamax Clause: You cannot dynamax
|clearpoke
|poke|p1|Kartana|
|poke|p1|Tyranitar, F|
|poke|p1|Landorus-Therian, M|
|poke|p1|Buzzwole|
|poke|p1|Slowking-Galar, M|
|poke|p1|Rotom-Wash|
|poke|p2|Rotom-Wash|
|poke|p2|Weavile, M|
|poke|p2|Landorus-Therian, M|
|poke|p2|Heatran, M|
|poke|p2|Tangrowth, F|
|poke|p2|Melmetal|
|teampreview
|c|☆minimax_ai|hf
|inactive|Battle timer is ON: inactive players will automatically lose when time's up. (requested by minimax_ai)
|
|t:|1667765076
|start
|switch|p1a: Landorus|Landorus-Therian, M|100/100
|switch|p2a: landorustherian|Landorus-Therian, M|100/100
|-ability|p2a: landorustherian|Intimidate|boost
|-unboost|p1a: Landorus|atk|1
|-ability|p1a: Landorus|Intimidate|boost
|-unboost|p2a: landorustherian|atk|1
|turn|1
|
|t:|1667765079
|move|p2a: landorustherian|Toxic|p1a: Landorus
|-status|p1a: Landorus|tox
|move|p1a: Landorus|Stealth Rock|p2a: landorustherian
|-sidestart|p2: minimax_ai|move: Stealth Rock
|
|-damage|p1a: Landorus|94/100 tox|[from] psn
|upkeep
|turn|2
|
|t:|1667765082
|move|p2a: landorustherian|Defog|p1a: Landorus
|-unboost|p1a: Landorus|evasion|1
|-sideend|p2: minimax_ai|Stealth Rock|[from] move: Defog|[of] p2a: landorustherian
|move|p1a: Landorus|Toxic|p2a: landorustherian
|-status|p2a: landorustherian|tox
|
|-heal|p1a: Landorus|100/100 tox|[from] item: Leftovers
|-damage|p2a: landorustherian|94/100 tox|[from] psn
|-damage|p1a: Landorus|88/100 tox|[from] psn
|upkeep
|turn|3
|
|t:|1667765085
|switch|p2a: Melmetal|Melmetal|100/100
|move|p1a: Landorus|Stealth Rock|p2a: Melmetal
|-sidestart|p2: minimax_ai|move: Stealth Rock
|
|-heal|p1a: Landorus|94/100 tox|[from] item: Leftovers
|-damage|p1a: Landorus|76/100 tox|[from] psn
|upkeep
|turn|4
|
|t:|1667765087
|move|p1a: Landorus|U-turn|p2a: Melmetal
|-resisted|p2a: Melmetal
|-damage|p2a: Melmetal|96/100
|
|t:|1667765090
|switch|p1a: Rotom|Rotom-Wash|100/100|[from]move: U-turn
|move|p2a: Melmetal|Double Iron Bash|p1a: Rotom
|-resisted|p1a: Rotom
|-damage|p1a: Rotom|93/100
|-resisted|p1a: Rotom
|-damage|p1a: Rotom|85/100
|-hitcount|p1a: Rotom|2
|
|-heal|p1a: Rotom|92/100|[from] item: Leftovers
|upkeep
|turn|5
|
|t:|1667765096
|switch|p2a: rotomwash|Rotom-Wash|100/100
|-damage|p2a: rotomwash|88/100|[from] Stealth Rock
|move|p1a: Rotom|Volt Switch|p2a: rotomwash
|-damage|p2a: rotomwash|59/100
|
|t:|1667765108
|switch|p1a: Tyranitar|Tyranitar, F, shiny|100/100|[from]move: Volt Switch
|-weather|Sandstorm|[from] ability: Sand Stream|[of] p1a: Tyranitar
|
|-weather|Sandstorm|[upkeep]
|-damage|p2a: rotomwash|53/100|[from] Sandstorm
|-heal|p2a: rotomwash|59/100|[from] item: Leftovers
|upkeep
|turn|6
|
|t:|1667765110
|switch|p2a: Tangrowth|Tangrowth, F|100/100
|-damage|p2a: Tangrowth|88/100|[from] Stealth Rock
|move|p1a: Tyranitar|Crunch|p2a: Tangrowth
|-damage|p2a: Tangrowth|53/100
|-unboost|p2a: Tangrowth|def|1
|-damage|p1a: Tyranitar|84/100|[from] item: Rocky Helmet|[of] p2a: Tangrowth
|
|-weather|Sandstorm|[upkeep]
|-damage|p2a: Tangrowth|47/100|[from] Sandstorm
|upkeep
|turn|7
|
|t:|1667765124
|switch|p1a: Slowking|Slowking-Galar, M|100/100
|switch|p2a: Melmetal|Melmetal|96/100
|-damage|p2a: Melmetal|90/100|[from] Stealth Rock
|
|-weather|Sandstorm|[upkeep]
|-damage|p1a: Slowking|94/100|[from] Sandstorm
|upkeep
|turn|8
|
|t:|1667765129
|move|p2a: Melmetal|Thunder Punch|p1a: Slowking
|-damage|p1a: Slowking|61/100
|move|p1a: Slowking|Flamethrower|p2a: Melmetal
|-supereffective|p2a: Melmetal
|-damage|p2a: Melmetal|62/100
|
|-weather|Sandstorm|[upkeep]
|-damage|p1a: Slowking|55/100|[from] Sandstorm
|upkeep
|turn|9
|
|t:|1667765137
|switch|p1a: Rotom|Rotom-Wash|92/100
|move|p2a: Melmetal|Double Iron Bash|p1a: Rotom
|-resisted|p1a: Rotom
|-damage|p1a: Rotom|84/100
|-resisted|p1a: Rotom
|-damage|p1a: Rotom|76/100
|-hitcount|p1a: Rotom|2
|
|-weather|none
|-heal|p1a: Rotom|82/100|[from] item: Leftovers
|upkeep
|turn|10
|
|t:|1667765141
|move|p1a: Rotom|Volt Switch|p2a: Melmetal
|-damage|p2a: Melmetal|49/100
|
|t:|1667765147
|switch|p1a: Buzzwole|Buzzwole|100/100|[from]move: Volt Switch
|move|p2a: Melmetal|Thunder Punch|p1a: Buzzwole
|-damage|p1a: Buzzwole|76/100
|
|upkeep
|turn|11
|
|t:|1667765151
|switch|p2a: Tangrowth|Tangrowth, F|80/100
|-damage|p2a: Tangrowth|68/100|[from] Stealth Rock
|move|p1a: Buzzwole|Close Combat|p2a: Tangrowth
|-damage|p2a: Tangrowth|12/100
|-unboost|p1a: Buzzwole|def|1
|-unboost|p1a: Buzzwole|spd|1
|-damage|p1a: Buzzwole|59/100|[from] item: Rocky Helmet|[of] p2a: Tangrowth
|
|upkeep
|turn|12
|
|t:|1667765157
|switch|p2a: landorustherian|Landorus-Therian, M|94/100 tox
|-damage|p2a: landorustherian|82/100 tox|[from] Stealth Rock
|-ability|p2a: landorustherian|Intimidate|boost
|-unboost|p1a: Buzzwole|atk|1
|move|p1a: Buzzwole|Close Combat|p2a: landorustherian
|-resisted|p2a: landorustherian
|-damage|p2a: landorustherian|52/100 tox
|-unboost|p1a: Buzzwole|def|1
|-unboost|p1a: Buzzwole|spd|1
|
|-heal|p2a: landorustherian|58/100 tox|[from] item: Leftovers
|-damage|p2a: landorustherian|52/100 tox|[from] psn
|upkeep
|turn|13
|
|t:|1667765170
|switch|p1a: Rotom|Rotom-Wash|82/100
|move|p2a: landorustherian|U-turn|p1a: Rotom
|-crit|p1a: Rotom
|-damage|p1a: Rotom|57/100
|
|t:|1667765170
|switch|p2a: Weavile|Weavile, M|100/100|[from]move: U-turn
|-damage|p2a: Weavile|76/100|[from] Stealth Rock
|-ability|p2a: Weavile|Pressure
|
|-heal|p1a: Rotom|63/100|[from] item: Leftovers
|upkeep
|turn|14
|
|t:|1667765173
|move|p2a: Weavile|Knock Off|p1a: Rotom
|-damage|p1a: Rotom|7/100
|-enditem|p1a: Rotom|Leftovers|[from] move: Knock Off|[of] p2a: Weavile
|move|p1a: Rotom|Volt Switch|p2a: Weavile
|-damage|p2a: Weavile|38/100
|
|t:|1667765178
|switch|p1a: Buzzwole|Buzzwole|59/100|[from]move: Volt Switch
|
|upkeep
|turn|15
|
|t:|1667765186
|switch|p2a: landorustherian|Landorus-Therian, M|52/100 tox
|-damage|p2a: landorustherian|40/100 tox|[from] Stealth Rock
|-ability|p2a: landorustherian|Intimidate|boost
|-unboost|p1a: Buzzwole|atk|1
|move|p1a: Buzzwole|Close Combat|p2a: landorustherian
|-resisted|p2a: landorustherian
|-damage|p2a: landorustherian|10/100 tox
|-unboost|p1a: Buzzwole|def|1
|-unboost|p1a: Buzzwole|spd|1
|
|-heal|p2a: landorustherian|16/100 tox|[from] item: Leftovers
|-damage|p2a: landorustherian|10/100 tox|[from] psn
|upkeep
|turn|16
|
|t:|1667765190
|move|p1a: Buzzwole|Close Combat|p2a: landorustherian
|-resisted|p2a: landorustherian
|-damage|p2a: landorustherian|0 fnt
|-unboost|p1a: Buzzwole|def|1
|-unboost|p1a: Buzzwole|spd|1
|faint|p2a: landorustherian
|-ability|p1a: Buzzwole|Beast Boost|boost
|-boost|p1a: Buzzwole|atk|1
|
|upkeep
|
|t:|1667765190
|switch|p2a: Weavile|Weavile, M|38/100
|-damage|p2a: Weavile|13/100|[from] Stealth Rock
|-ability|p2a: Weavile|Pressure
|turn|17
|
|t:|1667765201
|switch|p1a: Rotom|Rotom-Wash|7/100
|move|p2a: Weavile|Triple Axel|p1a: Rotom
|-resisted|p1a: Rotom
|-damage|p1a: Rotom|2/100
|-resisted|p1a: Rotom
|-damage|p1a: Rotom|0 fnt
|faint|p1a: Rotom
|-hitcount|p1: Rotom|2
|
|upkeep
|
|t:|1667765203
|switch|p1a: Buzzwole|Buzzwole|59/100
|turn|18
|
|t:|1667765204
|move|p2a: Weavile|Triple Axel|p1a: Buzzwole
|-damage|p1a: Buzzwole|48/100
|-damage|p1a: Buzzwole|26/100
|-damage|p1a: Buzzwole|0 fnt
|faint|p1a: Buzzwole
|-hitcount|p1: Buzzwole|3
|
|upkeep
|
|t:|1667765211
|switch|p1a: Kartana|Kartana|100/100
|turn|19
|
|t:|1667765212
|move|p2a: Weavile|Triple Axel|p1a: Kartana
|-damage|p1a: Kartana|84/100
|-damage|p1a: Kartana|51/100
|-damage|p1a: Kartana|5/100
|-hitcount|p1a: Kartana|3
|move|p1a: Kartana|Knock Off|p2a: Weavile
|-resisted|p2a: Weavile
|-damage|p2a: Weavile|0 fnt
|-enditem|p2a: Weavile|Choice Band|[from] move: Knock Off|[of] p1a: Kartana
|faint|p2a: Weavile
|-ability|p1a: Kartana|Beast Boost|boost
|-boost|p1a: Kartana|atk|1
|
|upkeep
|
|t:|1667765212
|switch|p2a: Tangrowth|Tangrowth, F|45/100
|-damage|p2a: Tangrowth|33/100|[from] Stealth Rock
|turn|20
|
|t:|1667765217
|move|p1a: Kartana|Knock Off|p2a: Tangrowth
|-damage|p2a: Tangrowth|0 fnt
|-damage|p1a: Kartana|0 fnt|[from] item: Rocky Helmet|[of] p2a: Tangrowth
|faint|p2a: Tangrowth
|faint|p1a: Kartana
|
|upkeep
|
|t:|1667765224
|switch|p1a: Landorus|Landorus-Therian, M|76/100 tox
|switch|p2a: rotomwash|Rotom-Wash|59/100
|-damage|p2a: rotomwash|47/100|[from] Stealth Rock
|-ability|p1a: Landorus|Intimidate|boost
|-unboost|p2a: rotomwash|atk|1
|turn|21
|
|t:|1667765227
|switch|p1a: Slowking|Slowking-Galar, M|89/100
|move|p2a: rotomwash|Hydro Pump|p1a: Slowking
|-damage|p1a: Slowking|72/100
|
|-heal|p2a: rotomwash|53/100|[from] item: Leftovers
|upkeep
|turn|22
|
|t:|1667765232
|move|p2a: rotomwash|Nasty Plot|p2a: rotomwash
|-boost|p2a: rotomwash|spa|2
|move|p1a: Slowking|Future Sight|p2a: rotomwash
|-start|p1a: Slowking|move: Future Sight
|
|-heal|p2a: rotomwash|59/100|[from] item: Leftovers
|upkeep
|turn|23
|
|t:|1667765234
|move|p2a: rotomwash|Hydro Pump|p1a: Slowking
|-damage|p1a: Slowking|32/100
|move|p1a: Slowking|Sludge Bomb|p2a: rotomwash
|-damage|p2a: rotomwash|19/100
|
|-heal|p2a: rotomwash|25/100|[from] item: Leftovers
|upkeep
|turn|24
|
|t:|1667765244
|move|p2a: rotomwash|Hydro Pump|p1a: Slowking
|-damage|p1a: Slowking|0 fnt
|faint|p1a: Slowking
|
|-end|p2a: rotomwash|move: Future Sight
|-damage|p2a: rotomwash|0 fnt
|faint|p2a: rotomwash
|upkeep
|
|t:|1667765252
|switch|p2a: Heatran|Heatran, M|100/100
|switch|p1a: Tyranitar|Tyranitar, F, shiny|84/100
|-damage|p2a: Heatran|88/100|[from] Stealth Rock
|-item|p2a: Heatran|Air Balloon
|-weather|Sandstorm|[from] ability: Sand Stream|[of] p1a: Tyranitar
|turn|25
|
|t:|1667765260
|move|p2a: Heatran|Earth Power|p1a: Tyranitar
|-supereffective|p1a: Tyranitar
|-damage|p1a: Tyranitar|41/100
|move|p1a: Tyranitar|Superpower|p2a: Heatran
|-supereffective|p2a: Heatran
|-damage|p2a: Heatran|0 fnt
|-unboost|p1a: Tyranitar|atk|1
|-unboost|p1a: Tyranitar|def|1
|-enditem|p2a: Heatran|Air Balloon
|faint|p2a: Heatran
|
|-weather|Sandstorm|[upkeep]
|upkeep
|
|t:|1667765260
|switch|p2a: Melmetal|Melmetal|49/100
|-damage|p2a: Melmetal|43/100|[from] Stealth Rock
|turn|26
|
|t:|1667765266
|move|p1a: Tyranitar|Superpower|p2a: Melmetal
|-supereffective|p2a: Melmetal
|-damage|p2a: Melmetal|0 fnt
|-unboost|p1a: Tyranitar|atk|1
|-unboost|p1a: Tyranitar|def|1
|faint|p2a: Melmetal
|
|win|FleetFoxxx
|raw|FleetFoxxx's rating: 1632 &rarr; <strong>1649</strong><br />(+17 for winning)
|raw|minimax_ai's rating: 1577 &rarr; <strong>1560</strong><br />(-17 for losing)
|c|☆minimax_ai|gg
