|j|☆SenatoroTogekiss
|j|☆IM AT MY LIMIT
|t:|1613367269
|player|p1|SenatoroTogekiss|gentleman-gen4|
|player|p2|IM AT MY LIMIT|rosa|
|teamsize|p1|1
|teamsize|p2|1
|gametype|singles
|gen|8
|tier|[Gen 8] OU
|clearpoke
|poke|p1|Clefable, F|
|poke|p2|Chansey, F|
|rule|Sleep Clause Mod: Limit one foe put to sleep
|rule|Species Clause: Limit one of each Pokémon
|rule|OHKO Clause: OHKO moves are banned
|rule|Evasion Moves Clause: Evasion moves are banned
|rule|Endless Battle Clause: Forcing endless battles is banned
|rule|HP Percentage Mod: HP is shown in percentages
|rule|Dynamax Clause: You cannot dynamax
|teampreview
|inactive|Battle timer is ON: inactive players will automatically lose when time's up. (requested by IM AT MY LIMIT)
|
|t:|1613367272
|start
|switch|p1a: Clefable|Clefable, F|100/100
|switch|p2a: Steez mom|Chansey, F, shiny|100/100
|turn|1
|
|t:|1613367274
|move|p1a: Clefable|Calm Mind|p1a: Clefable
|-boost|p1a: Clefable|spa|1
|-boost|p1a: Clefable|spd|1
|move|p2a: Steez mom|Ice Beam|p1a: Clefable
|-damage|p1a: Clefable|95/100
|
|-heal|p1a: Clefable|100/100|[from] item: Leftovers
|upkeep
|turn|2
|
|t:|1613367278
|move|p1a: Clefable|Calm Mind|p1a: Clefable
|-boost|p1a: Clefable|spa|1
|-boost|p1a: Clefable|spd|1
|move|p2a: Steez mom|Ice Beam|p1a: Clefable
|-crit|p1a: Clefable
|-damage|p1a: Clefable|87/100
|-status|p1a: Clefable|frz
|
|-heal|p1a: Clefable|93/100 frz|[from] item: Leftovers
|upkeep
|turn|3
|
|t:|1613367280
|cant|p1a: Clefable|frz
|move|p2a: Steez mom|Iron Tail|p1a: Clefable|[miss]
|-miss|p2a: Steez mom|p1a: Clefable
|
|-heal|p1a: Clefable|99/100 frz|[from] item: Leftovers
|upkeep
|turn|4
|
|t:|1613367286
|cant|p1a: Clefable|frz
|move|p2a: Steez mom|Iron Tail|p1a: Clefable
|-supereffective|p1a: Clefable
|-damage|p1a: Clefable|84/100 frz
|-unboost|p1a: Clefable|def|1
|
|-heal|p1a: Clefable|90/100 frz|[from] item: Leftovers
|upkeep
|turn|5
|
|t:|1613367291
|cant|p1a: Clefable|frz
|move|p2a: Steez mom|Iron Tail|p1a: Clefable|[miss]
|-miss|p2a: Steez mom|p1a: Clefable
|
|-heal|p1a: Clefable|96/100 frz|[from] item: Leftovers
|upkeep
|turn|6
|
|t:|1613367295
|cant|p1a: Clefable|frz
|move|p2a: Steez mom|Iron Tail|p1a: Clefable
|-supereffective|p1a: Clefable
|-damage|p1a: Clefable|73/100 frz
|
|-heal|p1a: Clefable|79/100 frz|[from] item: Leftovers
|upkeep
|turn|7
|
|t:|1613367296
|cant|p1a: Clefable|frz
|move|p2a: Steez mom|Iron Tail|p1a: Clefable
|-supereffective|p1a: Clefable
|-damage|p1a: Clefable|54/100 frz
|-unboost|p1a: Clefable|def|1
|
|-heal|p1a: Clefable|60/100 frz|[from] item: Leftovers
|upkeep
|turn|8
|
|t:|1613367300
|cant|p1a: Clefable|frz
|move|p2a: Steez mom|Iron Tail|p1a: Clefable
|-supereffective|p1a: Clefable
|-damage|p1a: Clefable|28/100 frz
|-unboost|p1a: Clefable|def|1
|
|-heal|p1a: Clefable|35/100 frz|[from] item: Leftovers
|upkeep
|turn|9
|j| bigbadbbear
|
|t:|1613367304
|-curestatus|p1a: Clefable|frz|[msg]
|move|p1a: Clefable|Soft-Boiled|p1a: Clefable
|-heal|p1a: Clefable|85/100
|move|p2a: Steez mom|Iron Tail|p1a: Clefable
|-supereffective|p1a: Clefable
|-damage|p1a: Clefable|47/100
|-unboost|p1a: Clefable|def|1
|
|-heal|p1a: Clefable|53/100|[from] item: Leftovers
|upkeep
|turn|10
|
|t:|1613367308
|move|p1a: Clefable|Soft-Boiled|p1a: Clefable
|-heal|p1a: Clefable|100/100
|move|p2a: Steez mom|Iron Tail|p1a: Clefable|[miss]
|-miss|p2a: Steez mom|p1a: Clefable
|
|upkeep
|turn|11
|
|t:|1613367315
|move|p1a: Clefable|Moonblast|p2a: Steez mom
|-damage|p2a: Steez mom|84/100
|move|p2a: Steez mom|Iron Tail|p1a: Clefable|[miss]
|-miss|p2a: Steez mom|p1a: Clefable
|
|upkeep
|turn|12
|
|t:|1613367322
|move|p1a: Clefable|Moonblast|p2a: Steez mom
|-damage|p2a: Steez mom|65/100
|move|p2a: Steez mom|Iron Tail|p1a: Clefable
|-supereffective|p1a: Clefable
|-damage|p1a: Clefable|54/100
|-unboost|p1a: Clefable|def|1
|
|-heal|p1a: Clefable|60/100|[from] item: Leftovers
|upkeep
|turn|13
|
|t:|1613367326
|move|p1a: Clefable|Soft-Boiled|p1a: Clefable
|-heal|p1a: Clefable|100/100
|move|p2a: Steez mom|Ice Beam|p1a: Clefable
|-damage|p1a: Clefable|96/100
|
|-heal|p1a: Clefable|100/100|[from] item: Leftovers
|upkeep
|turn|14
|
|t:|1613367328
|move|p1a: Clefable|Moonblast|p2a: Steez mom
|-damage|p2a: Steez mom|49/100
|-unboost|p2a: Steez mom|spa|1
|move|p2a: Steez mom|Ice Beam|p1a: Clefable
|-damage|p1a: Clefable|96/100
|-status|p1a: Clefable|frz
|
|-heal|p1a: Clefable|100/100 frz|[from] item: Leftovers
|upkeep
|turn|15
|
|t:|1613367332
|cant|p1a: Clefable|frz
|move|p2a: Steez mom|Iron Tail|p1a: Clefable
|-supereffective|p1a: Clefable
|-damage|p1a: Clefable|44/100 frz
|-unboost|p1a: Clefable|def|1
|
|-heal|p1a: Clefable|50/100 frz|[from] item: Leftovers
|upkeep
|turn|16
|
|t:|1613367336
|cant|p1a: Clefable|frz
|move|p2a: Steez mom|Iron Tail|p1a: Clefable|[miss]
|-miss|p2a: Steez mom|p1a: Clefable
|
|-heal|p1a: Clefable|56/100 frz|[from] item: Leftovers
|upkeep
|turn|17
|
|t:|1613367339
|cant|p1a: Clefable|frz
|move|p2a: Steez mom|Iron Tail|p1a: Clefable
|-supereffective|p1a: Clefable
|-damage|p1a: Clefable|0 fnt
|faint|p1a: Clefable
|
|win|IM AT MY LIMIT
