|j|☆2222mm
|j|☆Jorgeviera
|player|p1|2222mm|wallace|1276
|player|p2|Jorgeviera|2|1318
|teamsize|p1|6
|teamsize|p2|6
|gametype|singles
|gen|8
|tier|[Gen 8] OU
|rated|
|clearpoke
|poke|p1|Dragapult, F|
|poke|p1|Dugtrio, F|
|poke|p1|Corviknight, F|
|poke|p1|Clefable, M|
|poke|p1|Toxapex, F|
|poke|p1|Aegislash, F|
|poke|p2|Galvantula, F|
|poke|p2|Arcanine, M|
|poke|p2|Mimikyu, F|
|poke|p2|Mandibuzz, F|
|poke|p2|Conkeldurr, M|
|poke|p2|Gengar, F|
|rule|Sleep Clause Mod: Limit one foe put to sleep
|rule|Species Clause: Limit one of each Pokémon
|rule|OHKO Clause: OHKO moves are banned
|rule|Evasion Moves Clause: Evasion moves are banned
|rule|Endless Battle Clause: Forcing endless battles is banned
|rule|HP Percentage Mod: HP is shown in percentages
|rule|Dynamax Clause: You cannot dynamax
|teampreview
|
|start
|switch|p1a: Dragapult|Dragapult, F|100/100
|switch|p2a: Galvantula|Galvantula, F|100/100
|turn|1
|inactive|Battle timer is ON: inactive players will automatically lose when time's up. (requested by Jorgeviera)
|
|move|p1a: Dragapult|U-turn|p2a: Galvantula
|-damage|p2a: Galvantula|70/100
|
|switch|p1a: Dugtrio|Dugtrio, F|100/100|[from]move: U-turn
|move|p2a: Galvantula|Thunder Wave|p1a: Dugtrio
|-immune|p1a: Dugtrio
|
|upkeep
|turn|2
|
|move|p1a: Dugtrio|Earthquake|p2a: Galvantula
|-damage|p2a: Galvantula|0 fnt
|faint|p2a: Galvantula
|
|upkeep
|
|switch|p2a: Mandibuzz|Mandibuzz, F|100/100
|turn|3
|inactive|Jorgeviera has 120 seconds left.
|
|switch|p1a: Clefable|Clefable, M|100/100
|move|p2a: Mandibuzz|Foul Play|p1a: Clefable
|-resisted|p1a: Clefable
|-damage|p1a: Clefable|90/100
|
|-heal|p1a: Clefable|96/100|[from] item: Leftovers
|upkeep
|turn|4
|
|switch|p2a: Arcanine|Arcanine, M|100/100
|move|p1a: Clefable|Stealth Rock|p2a: Arcanine
|-sidestart|p2: Jorgeviera|move: Stealth Rock
|
|-heal|p1a: Clefable|100/100|[from] item: Leftovers
|upkeep
|turn|5
|inactive|Jorgeviera has 120 seconds left.
|
|switch|p1a: Toxapex|Toxapex, F|100/100
|move|p2a: Arcanine|Flare Blitz|p1a: Toxapex
|-resisted|p1a: Toxapex
|-damage|p1a: Toxapex|75/100
|-damage|p2a: Arcanine|92/100|[from] Recoil
|-damage|p2a: Arcanine|82/100|[from] item: Life Orb
|
|-heal|p1a: Toxapex|81/100|[from] item: Black Sludge
|upkeep
|turn|6
|
|move|p2a: Arcanine|Wild Charge|p1a: Toxapex
|-supereffective|p1a: Toxapex
|-damage|p1a: Toxapex|31/100
|-damage|p2a: Arcanine|71/100|[from] Recoil
|-damage|p2a: Arcanine|61/100|[from] item: Life Orb
|move|p1a: Toxapex|Scald|p2a: Arcanine
|-supereffective|p2a: Arcanine
|-damage|p2a: Arcanine|18/100
|
|-heal|p1a: Toxapex|38/100|[from] item: Black Sludge
|upkeep
|turn|7
|
|move|p1a: Toxapex|Baneful Bunker|p1a: Toxapex
|-singleturn|p1a: Toxapex|move: Protect
|move|p2a: Arcanine|Flare Blitz|p1a: Toxapex
|-activate|p1a: Toxapex|move: Protect
|-status|p2a: Arcanine|psn
|
|-heal|p1a: Toxapex|44/100|[from] item: Black Sludge
|-damage|p2a: Arcanine|5/100 psn|[from] psn
|upkeep
|turn|8
|
|switch|p1a: Dugtrio|Dugtrio, F|100/100
|move|p2a: Arcanine|Wild Charge|p1a: Dugtrio
|-immune|p1a: Dugtrio
|
|-damage|p2a: Arcanine|0 fnt|[from] psn
|faint|p2a: Arcanine
|upkeep
|
|switch|p2a: Mandibuzz|Mandibuzz, F|100/100
|-damage|p2a: Mandibuzz|75/100|[from] Stealth Rock
|turn|9
|
|move|p1a: Dugtrio|Stone Edge|p2a: Mandibuzz
|-supereffective|p2a: Mandibuzz
|-damage|p2a: Mandibuzz|18/100
|move|p2a: Mandibuzz|Defog|p1a: Dugtrio
|-unboost|p1a: Dugtrio|evasion|1
|-sideend|p2: Jorgeviera|Stealth Rock|[from] move: Defog|[of] p2a: Mandibuzz
|
|upkeep
|turn|10
|
|move|p1a: Dugtrio|Stone Edge|p2a: Mandibuzz
|-supereffective|p2a: Mandibuzz
|-damage|p2a: Mandibuzz|0 fnt
|faint|p2a: Mandibuzz
|
|upkeep
|
|switch|p2a: Conkeldurr|Conkeldurr, M|100/100
|turn|11
|
|switch|p1a: Clefable|Clefable, M|100/100
|move|p2a: Conkeldurr|Bulk Up|p2a: Conkeldurr
|-boost|p2a: Conkeldurr|atk|1
|-boost|p2a: Conkeldurr|def|1
|
|-status|p2a: Conkeldurr|brn|[from] item: Flame Orb
|upkeep
|turn|12
|
|move|p1a: Clefable|Moonblast|p2a: Conkeldurr
|-supereffective|p2a: Conkeldurr
|-damage|p2a: Conkeldurr|22/100 brn
|move|p2a: Conkeldurr|Ice Punch|p1a: Clefable
|-damage|p1a: Clefable|21/100
|
|-heal|p1a: Clefable|27/100|[from] item: Leftovers
|-damage|p2a: Conkeldurr|16/100 brn|[from] brn
|upkeep
|turn|13
|
|move|p2a: Conkeldurr|Mach Punch|p1a: Clefable
|-resisted|p1a: Clefable
|-damage|p1a: Clefable|0 fnt
|faint|p1a: Clefable
|
|-damage|p2a: Conkeldurr|10/100 brn|[from] brn
|upkeep
|
|switch|p1a: Dragapult|Dragapult, F|100/100
|turn|14
|
|move|p1a: Dragapult|Shadow Ball|p2a: Conkeldurr
|-damage|p2a: Conkeldurr|0 fnt
|faint|p2a: Conkeldurr
|
|upkeep
|inactive|Jorgeviera has 120 seconds left.
|
|switch|p2a: Mimikyu|Mimikyu, F|100/100
|turn|15
|
|move|p1a: Dragapult|Shadow Ball|p2a: Mimikyu
|-activate|p2a: Mimikyu|ability: Disguise
|-damage|p2a: Mimikyu|100/100
|detailschange|p2a: Mimikyu|Mimikyu-Busted, F
|-damage|p2a: Mimikyu|88/100|[from] pokemon: mimikyubusted
|move|p2a: Mimikyu|Swords Dance|p2a: Mimikyu
|-boost|p2a: Mimikyu|atk|2
|
|upkeep
|turn|16
|
|move|p2a: Mimikyu|Shadow Sneak|p1a: Dragapult
|-supereffective|p1a: Dragapult
|-damage|p1a: Dragapult|7/100
|move|p1a: Dragapult|Shadow Ball|p2a: Mimikyu
|-supereffective|p2a: Mimikyu
|-damage|p2a: Mimikyu|0 fnt
|faint|p2a: Mimikyu
|
|upkeep
|l|☆Jorgeviera
|inactive|Jorgeviera disconnected and has a minute to reconnect!
|player|p2|
|inactive|Jorgeviera has 30 seconds to reconnect!
|inactive|Jorgeviera has 20 seconds to reconnect!
|inactive|Jorgeviera has 15 seconds to reconnect!
|inactive|Jorgeviera has 10 seconds to reconnect!
|inactive|Jorgeviera has 5 seconds to reconnect!
|-message|Jorgeviera lost due to inactivity.
|
|win|2222mm
|raw|2222mm's rating: 1276 &rarr; <strong>1304</strong><br />(+28 for winning)
|raw|Jorgeviera's rating: 1318 &rarr; <strong>1296</strong><br />(-22 for losing)
