|j|☆u little shit
|j|☆SuperTheoryBros
|t:|1632443293
|gametype|singles
|player|p1|u little shit|266|1665
|player|p2|SuperTheoryBros|170|1844
|teamsize|p1|6
|teamsize|p2|6
|gen|8
|tier|[Gen 8] OU
|rated|
|rule|Sleep Clause Mod: Limit one foe put to sleep
|rule|Species Clause: Limit one of each Pokémon
|rule|OHKO Clause: OHKO moves are banned
|rule|Evasion Moves Clause: Evasion moves are banned
|rule|Endless Battle Clause: Forcing endless battles is banned
|rule|HP Percentage Mod: HP is shown in percentages
|rule|Dynamax Clause: You cannot dynamax
|clearpoke
|poke|p1|Tyranitar, M|
|poke|p1|Dracozolt|
|poke|p1|Zapdos|
|poke|p1|Excadrill, M|
|poke|p1|Scizor, M|
|poke|p1|Slowbro, M|
|poke|p2|Blissey, F|
|poke|p2|Rillaboom, M|
|poke|p2|Heatran, M|
|poke|p2|Corviknight, F|
|poke|p2|Dragapult, F|
|poke|p2|Nidoking, M|
|teampreview
|inactive|Battle timer is ON: inactive players will automatically lose when time's up. (requested by SuperTheoryBros)
|inactive|u little shit also wants the timer to be on.
|j| Crowv2
|inactive|u little shit has 120 seconds left.
|raw|<div class="broadcast-red"><strong>Moderated chat was set to +!</strong><br />Only users of rank + and higher can talk.</div>
|inactive|SuperTheoryBros has 120 seconds left.
|inactive|u little shit has 90 seconds left.
|
|t:|1632443375
|start
|switch|p1a: Tyranitar|Tyranitar, M, shiny|100/100
|switch|p2a: Rillaboom|Rillaboom, M|100/100
|-fieldstart|move: Grassy Terrain|[from] ability: Grassy Surge|[of] p2a: Rillaboom
|-weather|Sandstorm|[from] ability: Sand Stream|[of] p1a: Tyranitar
|turn|1
|
|t:|1632443386
|switch|p1a: Zapdos|Zapdos|100/100
|move|p2a: Rillaboom|Knock Off|p1a: Zapdos
|-damage|p1a: Zapdos|61/100
|-enditem|p1a: Zapdos|Heavy-Duty Boots|[from] move: Knock Off|[of] p2a: Rillaboom
|
|-weather|Sandstorm|[upkeep]
|-damage|p2a: Rillaboom|94/100|[from] Sandstorm
|-damage|p1a: Zapdos|55/100|[from] Sandstorm
|-heal|p2a: Rillaboom|100/100|[from] Grassy Terrain
|upkeep
|turn|2
|
|t:|1632443397
|switch|p2a: Blissey|Blissey, F|100/100
|move|p1a: Zapdos|Roost|p1a: Zapdos
|-heal|p1a: Zapdos|100/100
|-singleturn|p1a: Zapdos|move: Roost
|
|-weather|Sandstorm|[upkeep]
|-damage|p1a: Zapdos|94/100|[from] Sandstorm
|-damage|p2a: Blissey|94/100|[from] Sandstorm
|-heal|p1a: Zapdos|100/100|[from] Grassy Terrain
|-heal|p2a: Blissey|100/100|[from] Grassy Terrain
|upkeep
|turn|3
|
|t:|1632443411
|switch|p1a: Scizor|Scizor, M, shiny|100/100
|move|p2a: Blissey|Stealth Rock|p1a: Scizor
|-sidestart|p1: u little shit|move: Stealth Rock
|
|-weather|Sandstorm|[upkeep]
|-damage|p2a: Blissey|94/100|[from] Sandstorm
|-heal|p2a: Blissey|100/100|[from] Grassy Terrain
|upkeep
|turn|4
|
|t:|1632443432
|switch|p2a: Corviknight|Corviknight, F|100/100
|-ability|p2a: Corviknight|Pressure
|move|p1a: Scizor|Knock Off|p2a: Corviknight
|-damage|p2a: Corviknight|84/100
|-damage|p1a: Scizor|84/100|[from] item: Rocky Helmet|[of] p2a: Corviknight
|-enditem|p2a: Corviknight|Rocky Helmet|[from] move: Knock Off|[of] p1a: Scizor
|
|-weather|Sandstorm|[upkeep]
|-heal|p1a: Scizor|90/100|[from] Grassy Terrain
|upkeep
|turn|5
|
|t:|1632443452
|switch|p2a: Dragapult|Dragapult, F|100/100
|move|p1a: Scizor|U-turn|p2a: Dragapult
|-resisted|p2a: Dragapult
|-damage|p2a: Dragapult|79/100
|
|t:|1632443465
|switch|p1a: Slowbro|Slowbro, M, shiny|100/100|[from]move: U-turn
|-damage|p1a: Slowbro|88/100|[from] Stealth Rock
|
|-weather|none
|-heal|p2a: Dragapult|85/100|[from] Grassy Terrain
|-heal|p1a: Slowbro|94/100|[from] Grassy Terrain
|-fieldend|move: Grassy Terrain
|upkeep
|turn|6
|
|t:|1632443474
|switch|p1a: Tyranitar|Tyranitar, M, shiny|100/100
|-damage|p1a: Tyranitar|88/100|[from] Stealth Rock
|-weather|Sandstorm|[from] ability: Sand Stream|[of] p1a: Tyranitar
|move|p2a: Dragapult|U-turn|p1a: Tyranitar
|-supereffective|p1a: Tyranitar
|-damage|p1a: Tyranitar|64/100
|
|t:|1632443483
|switch|p2a: Rillaboom|Rillaboom, M|100/100|[from]move: U-turn
|-fieldstart|move: Grassy Terrain|[from] ability: Grassy Surge|[of] p2a: Rillaboom
|
|-weather|Sandstorm|[upkeep]
|-damage|p2a: Rillaboom|94/100|[from] Sandstorm
|-heal|p2a: Rillaboom|100/100|[from] Grassy Terrain
|-heal|p1a: Tyranitar|70/100|[from] Grassy Terrain
|-heal|p1a: Tyranitar|76/100|[from] item: Leftovers
|upkeep
|turn|7
|
|t:|1632443502
|switch|p1a: Zapdos|Zapdos|100/100
|-damage|p1a: Zapdos|76/100|[from] Stealth Rock
|move|p2a: Rillaboom|Superpower|p1a: Zapdos
|-resisted|p1a: Zapdos
|-damage|p1a: Zapdos|54/100
|-unboost|p2a: Rillaboom|atk|1
|-unboost|p2a: Rillaboom|def|1
|
|-weather|Sandstorm|[upkeep]
|-damage|p2a: Rillaboom|94/100|[from] Sandstorm
|-damage|p1a: Zapdos|47/100|[from] Sandstorm
|-heal|p2a: Rillaboom|100/100|[from] Grassy Terrain
|upkeep
|turn|8
|
|t:|1632443522
|switch|p2a: Blissey|Blissey, F|100/100
|move|p1a: Zapdos|Roost|p1a: Zapdos
|-heal|p1a: Zapdos|98/100
|-singleturn|p1a: Zapdos|move: Roost
|
|-weather|Sandstorm|[upkeep]
|-damage|p1a: Zapdos|92/100|[from] Sandstorm
|-damage|p2a: Blissey|94/100|[from] Sandstorm
|-heal|p1a: Zapdos|98/100|[from] Grassy Terrain
|-heal|p2a: Blissey|100/100|[from] Grassy Terrain
|upkeep
|turn|9
|
|t:|1632443537
|move|p1a: Zapdos|Volt Switch|p2a: Blissey
|-damage|p2a: Blissey|91/100
|
|t:|1632443540
|switch|p1a: Scizor|Scizor, M, shiny|90/100|[from]move: Volt Switch
|move|p2a: Blissey|Teleport|p2a: Blissey
|inactive|SuperTheoryBros has 120 seconds left.
|
|t:|1632443581
|switch|p2a: Heatran|Heatran, M|100/100|[from]move: Teleport
|-item|p2a: Heatran|Air Balloon
|
|-weather|Sandstorm|[upkeep]
|-heal|p1a: Scizor|96/100|[from] Grassy Terrain
|upkeep
|turn|10
|
|t:|1632443590
|switch|p1a: Slowbro|Slowbro, M, shiny|100/100
|-damage|p1a: Slowbro|88/100|[from] Stealth Rock
|move|p2a: Heatran|Magma Storm|p1a: Slowbro|[miss]
|-miss|p2a: Heatran|p1a: Slowbro
|
|-weather|none
|-heal|p1a: Slowbro|94/100|[from] Grassy Terrain
|-fieldend|move: Grassy Terrain
|upkeep
|turn|11
|
|t:|1632443602
|move|p2a: Heatran|Toxic|p1a: Slowbro
|-status|p1a: Slowbro|tox
|move|p1a: Slowbro|Scald|p2a: Heatran
|-supereffective|p2a: Heatran
|-crit|p2a: Heatran
|-damage|p2a: Heatran|52/100
|-enditem|p2a: Heatran|Air Balloon
|
|-damage|p1a: Slowbro|88/100 tox|[from] psn
|upkeep
|turn|12
|
|t:|1632443612
|move|p2a: Heatran|Taunt|p1a: Slowbro
|-start|p1a: Slowbro|move: Taunt
|move|p1a: Slowbro|Scald|p2a: Heatran
|-supereffective|p2a: Heatran
|-crit|p2a: Heatran
|-damage|p2a: Heatran|2/100
|
|-damage|p1a: Slowbro|76/100 tox|[from] psn
|upkeep
|turn|13
|inactive|SuperTheoryBros has 90 seconds left.
|
|t:|1632443632
|switch|p2a: Blissey|Blissey, F|91/100
|move|p1a: Slowbro|Scald|p2a: Blissey
|-damage|p2a: Blissey|82/100
|
|-damage|p1a: Slowbro|58/100 tox|[from] psn
|upkeep
|turn|14
|
|t:|1632443640
|switch|p1a: Zapdos|Zapdos|98/100
|-damage|p1a: Zapdos|73/100|[from] Stealth Rock
|move|p2a: Blissey|Teleport|p2a: Blissey
|inactive|SuperTheoryBros has 90 seconds left.
|
|t:|1632443666
|switch|p2a: Nidoking|Nidoking, M|100/100|[from]move: Teleport
|
|upkeep
|turn|15
|
|t:|1632443691
|switch|p1a: Scizor|Scizor, M, shiny|96/100
|move|p2a: Nidoking|Earth Power|p1a: Scizor
|-damage|p1a: Scizor|35/100
|
|upkeep
|turn|16
|
|t:|1632443705
|switch|p1a: Excadrill|Excadrill, M|100/100
|-damage|p1a: Excadrill|97/100|[from] Stealth Rock
|-item|p1a: Excadrill|Air Balloon
|move|p2a: Nidoking|Earth Power|p1a: Excadrill
|-immune|p1a: Excadrill
|
|upkeep
|turn|17
|inactive|SuperTheoryBros has 60 seconds left.
|
|t:|1632443726
|-singleturn|p2a: Nidoking|move: Focus Punch
|move|p1a: Excadrill|Rapid Spin|p2a: Nidoking
|-damage|p2a: Nidoking|73/100
|-boost|p1a: Excadrill|spe|1
|-sideend|p1: u little shit|Stealth Rock|[from] move: Rapid Spin|[of] p1a: Excadrill
|cant|p2a: Nidoking|Focus Punch|Focus Punch
|
|upkeep
|turn|18
|inactive|SuperTheoryBros has 60 seconds left.
|inactive|u little shit has 120 seconds left.
|
|t:|1632443752
|switch|p1a: Scizor|Scizor, M, shiny|35/100
|switch|p2a: Corviknight|Corviknight, F|84/100
|-ability|p2a: Corviknight|Pressure
|
|upkeep
|turn|19
|
|t:|1632443760
|move|p2a: Corviknight|Brave Bird|p1a: Scizor
|-damage|p1a: Scizor|7/100
|-damage|p2a: Corviknight|76/100|[from] Recoil
|move|p1a: Scizor|Roost|p1a: Scizor
|-heal|p1a: Scizor|57/100
|-singleturn|p1a: Scizor|move: Roost
|
|upkeep
|turn|20
|inactive|SuperTheoryBros has 60 seconds left.
|inactive|SuperTheoryBros has 30 seconds left.
|
|t:|1632443798
|move|p2a: Corviknight|Roost|p2a: Corviknight
|-heal|p2a: Corviknight|100/100
|-singleturn|p2a: Corviknight|move: Roost
|move|p1a: Scizor|U-turn|p2a: Corviknight
|-resisted|p2a: Corviknight
|-damage|p2a: Corviknight|91/100
|
|t:|1632443807
|switch|p1a: Tyranitar|Tyranitar, M, shiny|76/100|[from]move: U-turn
|-weather|Sandstorm|[from] ability: Sand Stream|[of] p1a: Tyranitar
|
|-weather|Sandstorm|[upkeep]
|-heal|p1a: Tyranitar|82/100|[from] item: Leftovers
|upkeep
|turn|21
|inactive|SuperTheoryBros has 30 seconds left.
|
|t:|1632443824
|switch|p1a: Zapdos|Zapdos|73/100
|move|p2a: Corviknight|Body Press|p1a: Zapdos
|-resisted|p1a: Zapdos
|-damage|p1a: Zapdos|63/100
|
|-weather|Sandstorm|[upkeep]
|-damage|p1a: Zapdos|57/100|[from] Sandstorm
|upkeep
|turn|22
|inactive|SuperTheoryBros has 30 seconds left.
|inactive|SuperTheoryBros has 20 seconds left.
|
|t:|1632443848
|switch|p1a: Excadrill|Excadrill, M|97/100
|-item|p1a: Excadrill|Air Balloon
|switch|p2a: Blissey|Blissey, F|82/100
|
|-weather|Sandstorm|[upkeep]
|-damage|p2a: Blissey|76/100|[from] Sandstorm
|upkeep
|turn|23
|inactive|SuperTheoryBros has 30 seconds left this turn.
|inactive|SuperTheoryBros has 20 seconds left.
|inactive|u little shit has 120 seconds left.
|
|t:|1632443864
|switch|p2a: Corviknight|Corviknight, F|91/100
|-ability|p2a: Corviknight|Pressure
|move|p1a: Excadrill|Iron Head|p2a: Corviknight
|-resisted|p2a: Corviknight
|-damage|p2a: Corviknight|78/100
|
|-weather|Sandstorm|[upkeep]
|upkeep
|turn|24
|inactive|SuperTheoryBros has 30 seconds left this turn.
|inactive|u little shit has 120 seconds left.
|
|t:|1632443879
|switch|p1a: Slowbro|Slowbro, M, shiny|91/100 tox
|switch|p2a: Blissey|Blissey, F|76/100
|
|-weather|none
|-damage|p1a: Slowbro|85/100 tox|[from] psn
|upkeep
|turn|25
|inactive|SuperTheoryBros has 30 seconds left.
|inactive|u little shit has 120 seconds left.
|
|t:|1632443894
|move|p2a: Blissey|Stealth Rock|p1a: Slowbro
|-sidestart|p1: u little shit|move: Stealth Rock
|move|p1a: Slowbro|Teleport|p1a: Slowbro
|
|t:|1632443908
|switch|p1a: Scizor|Scizor, M, shiny|57/100|[from]move: Teleport
|
|upkeep
|turn|26
|inactive|SuperTheoryBros has 30 seconds left.
|
|t:|1632443929
|switch|p2a: Corviknight|Corviknight, F|78/100
|-ability|p2a: Corviknight|Pressure
|move|p1a: Scizor|Knock Off|p2a: Corviknight
|-damage|p2a: Corviknight|66/100
|
|upkeep
|turn|27
|inactive|SuperTheoryBros has 30 seconds left.
|
|t:|1632443942
|move|p2a: Corviknight|Roost|p2a: Corviknight
|-heal|p2a: Corviknight|100/100
|-singleturn|p2a: Corviknight|move: Roost
|move|p1a: Scizor|Roost|p1a: Scizor
|-heal|p1a: Scizor|100/100
|-singleturn|p1a: Scizor|move: Roost
|
|upkeep
|turn|28
|inactive|SuperTheoryBros has 30 seconds left.
|
|t:|1632443952
|move|p2a: Corviknight|Body Press|p1a: Scizor
|-damage|p1a: Scizor|78/100
|move|p1a: Scizor|U-turn|p2a: Corviknight
|-resisted|p2a: Corviknight
|-damage|p2a: Corviknight|96/100
|inactive|SuperTheoryBros has 30 seconds left this turn.
|inactive|u little shit has 120 seconds left.
|
|t:|1632443958
|switch|p1a: Zapdos|Zapdos|57/100|[from]move: U-turn
|-damage|p1a: Zapdos|33/100|[from] Stealth Rock
|
|upkeep
|turn|29
|inactive|SuperTheoryBros has 30 seconds left.
|inactive|SuperTheoryBros has 20 seconds left.
|
|t:|1632443979
|switch|p2a: Dragapult|Dragapult, F|85/100
|move|p1a: Zapdos|Defog|p2a: Dragapult
|-unboost|p2a: Dragapult|evasion|1
|-sideend|p1: u little shit|Stealth Rock|[from] move: Defog|[of] p1a: Zapdos
|
|upkeep
|turn|30
|inactive|SuperTheoryBros has 30 seconds left this turn.
|inactive|SuperTheoryBros has 20 seconds left.
|inactive|u little shit has 120 seconds left.
|
|t:|1632443994
|switch|p1a: Scizor|Scizor, M, shiny|78/100
|move|p2a: Dragapult|Draco Meteor|p1a: Scizor
|-resisted|p1a: Scizor
|-damage|p1a: Scizor|31/100
|-unboost|p2a: Dragapult|spa|2
|
|upkeep
|turn|31
|inactive|SuperTheoryBros has 30 seconds left this turn.
|inactive|u little shit has 120 seconds left.
|inactive|SuperTheoryBros has 20 seconds left.
|inactive|SuperTheoryBros has 15 seconds left.
|inactive|SuperTheoryBros has 10 seconds left.
|
|t:|1632444019
|switch|p2a: Nidoking|Nidoking, M|73/100
|move|p1a: Scizor|U-turn|p2a: Nidoking
|-resisted|p2a: Nidoking
|-damage|p2a: Nidoking|51/100
|inactive|SuperTheoryBros has 15 seconds left this turn.
|
|t:|1632444045
|switch|p1a: Slowbro|Slowbro, M, shiny|100/100 tox|[from]move: U-turn
|
|-damage|p1a: Slowbro|94/100 tox|[from] psn
|upkeep
|turn|32
|inactive|SuperTheoryBros has 25 seconds left this turn.
|inactive|SuperTheoryBros has 20 seconds left.
|
|t:|1632444056
|switch|p2a: Blissey|Blissey, F|76/100
|move|p1a: Slowbro|Scald|p2a: Blissey
|-damage|p2a: Blissey|66/100
|-status|p2a: Blissey|brn
|
|-damage|p1a: Slowbro|82/100 tox|[from] psn
|-damage|p2a: Blissey|60/100 brn|[from] brn
|upkeep
|turn|33
|inactive|SuperTheoryBros has 30 seconds left this turn.
|
|t:|1632444066
|switch|p1a: Tyranitar|Tyranitar, M, shiny|82/100
|-weather|Sandstorm|[from] ability: Sand Stream|[of] p1a: Tyranitar
|move|p2a: Blissey|Stealth Rock|p1a: Tyranitar
|-sidestart|p1: u little shit|move: Stealth Rock
|
|-weather|Sandstorm|[upkeep]
|-damage|p2a: Blissey|54/100 brn|[from] Sandstorm
|-heal|p1a: Tyranitar|89/100|[from] item: Leftovers
|-damage|p2a: Blissey|48/100 brn|[from] brn
|upkeep
|turn|34
|inactive|SuperTheoryBros has 30 seconds left.
|
|t:|1632444080
|switch|p2a: Heatran|Heatran, M|2/100
|move|p1a: Tyranitar|Stealth Rock|p2a: Heatran
|-sidestart|p2: SuperTheoryBros|move: Stealth Rock
|
|-weather|Sandstorm|[upkeep]
|-heal|p1a: Tyranitar|95/100|[from] item: Leftovers
|upkeep
|turn|35
|inactive|u little shit has 120 seconds left.
|inactive|SuperTheoryBros has 30 seconds left.
|inactive|SuperTheoryBros has 20 seconds left.
|
|t:|1632444096
|switch|p1a: Slowbro|Slowbro, M, shiny|100/100 tox
|-damage|p1a: Slowbro|88/100 tox|[from] Stealth Rock
|move|p2a: Heatran|Magma Storm|p1a: Slowbro|[miss]
|-miss|p2a: Heatran|p1a: Slowbro
|
|-weather|Sandstorm|[upkeep]
|-damage|p1a: Slowbro|82/100 tox|[from] Sandstorm
|-damage|p1a: Slowbro|76/100 tox|[from] psn
|upkeep
|turn|36
|inactive|SuperTheoryBros has 30 seconds left this turn.
|inactive|u little shit has 120 seconds left.
|inactive|SuperTheoryBros has 20 seconds left.
|
|t:|1632444109
|switch|p2a: Blissey|Blissey, F|48/100
|move|p1a: Slowbro|Scald|p2a: Blissey
|-damage|p2a: Blissey|39/100
|
|-weather|Sandstorm|[upkeep]
|-damage|p2a: Blissey|33/100|[from] Sandstorm
|-damage|p1a: Slowbro|70/100 tox|[from] Sandstorm
|-damage|p1a: Slowbro|58/100 tox|[from] psn
|upkeep
|turn|37
|inactive|SuperTheoryBros has 30 seconds left this turn.
|
|t:|1632444112
|move|p2a: Blissey|Soft-Boiled|p2a: Blissey
|-heal|p2a: Blissey|83/100
|move|p1a: Slowbro|Teleport|p1a: Slowbro
|inactive|u little shit has 120 seconds left.
|
|t:|1632444129
|switch|p1a: Dracozolt|Dracozolt, shiny|100/100|[from]move: Teleport
|-damage|p1a: Dracozolt|88/100|[from] Stealth Rock
|
|-weather|none
|upkeep
|turn|38
|inactive|SuperTheoryBros has 30 seconds left.
|inactive|SuperTheoryBros has 20 seconds left.
|inactive|SuperTheoryBros has 15 seconds left.
|
|t:|1632444161
|move|p1a: Dracozolt|Substitute|p1a: Dracozolt
|-start|p1a: Dracozolt|Substitute
|-damage|p1a: Dracozolt|63/100
|move|p2a: Blissey|Teleport|p2a: Blissey
|inactive|SuperTheoryBros has 20 seconds left this turn.
|inactive|SuperTheoryBros has 15 seconds left.
|
|t:|1632444167
|switch|p2a: Dragapult|Dragapult, F|85/100|[from]move: Teleport
|-damage|p2a: Dragapult|73/100|[from] Stealth Rock
|
|upkeep
|turn|39
|inactive|SuperTheoryBros has 25 seconds left this turn.
|inactive|SuperTheoryBros has 20 seconds left.
|
|t:|1632444175
|switch|p1a: Tyranitar|Tyranitar, M, shiny|95/100
|-damage|p1a: Tyranitar|82/100|[from] Stealth Rock
|-weather|Sandstorm|[from] ability: Sand Stream|[of] p1a: Tyranitar
|move|p2a: Dragapult|Draco Meteor|p1a: Tyranitar
|-damage|p1a: Tyranitar|44/100
|-unboost|p2a: Dragapult|spa|2
|
|-weather|Sandstorm|[upkeep]
|-damage|p2a: Dragapult|67/100|[from] Sandstorm
|-heal|p1a: Tyranitar|51/100|[from] item: Leftovers
|upkeep
|turn|40
|inactive|SuperTheoryBros has 30 seconds left this turn.
|inactive|SuperTheoryBros has 20 seconds left.
|inactive|SuperTheoryBros has 15 seconds left.
|inactive|SuperTheoryBros has 10 seconds left.
|inactive|u little shit has 120 seconds left.
|
|t:|1632444200
|switch|p2a: Corviknight|Corviknight, F|96/100
|-damage|p2a: Corviknight|83/100|[from] Stealth Rock
|-ability|p2a: Corviknight|Pressure
|switch|p1a: Excadrill|Excadrill, M|97/100
|-damage|p1a: Excadrill|94/100|[from] Stealth Rock
|-item|p1a: Excadrill|Air Balloon
|
|-weather|Sandstorm|[upkeep]
|upkeep
|turn|41
|inactive|SuperTheoryBros has 20 seconds left this turn.
|inactive|SuperTheoryBros has 15 seconds left.
|inactive|SuperTheoryBros has 10 seconds left.
|inactive|u little shit has 120 seconds left.
|
|t:|1632444218
|switch|p1a: Slowbro|Slowbro, M, shiny|91/100 tox
|-damage|p1a: Slowbro|78/100 tox|[from] Stealth Rock
|move|p2a: Corviknight|Body Press|p1a: Slowbro
|-resisted|p1a: Slowbro
|-damage|p1a: Slowbro|70/100 tox
|-damage|p2a: Corviknight|67/100|[from] item: Rocky Helmet|[of] p1a: Slowbro
|
|-weather|Sandstorm|[upkeep]
|-damage|p1a: Slowbro|64/100 tox|[from] Sandstorm
|-damage|p1a: Slowbro|58/100 tox|[from] psn
|upkeep
|turn|42
|inactive|SuperTheoryBros has 20 seconds left this turn.
|inactive|SuperTheoryBros has 15 seconds left.
|inactive|SuperTheoryBros has 10 seconds left.
|inactive|SuperTheoryBros has 5 seconds left.
|
|t:|1632444233
|switch|p2a: Blissey|Blissey, F|83/100
|move|p1a: Slowbro|Teleport|p1a: Slowbro
|inactive|SuperTheoryBros has 10 seconds left this turn.
|
|t:|1632444236
|switch|p1a: Excadrill|Excadrill, M|94/100|[from]move: Teleport
|-damage|p1a: Excadrill|91/100|[from] Stealth Rock
|-item|p1a: Excadrill|Air Balloon
|
|-weather|Sandstorm|[upkeep]
|-damage|p2a: Blissey|77/100|[from] Sandstorm
|upkeep
|turn|43
|inactive|SuperTheoryBros has 20 seconds left this turn.
|inactive|SuperTheoryBros has 15 seconds left.
|inactive|SuperTheoryBros has 10 seconds left.
|
|t:|1632444250
|switch|p2a: Dragapult|Dragapult, F|67/100
|-damage|p2a: Dragapult|54/100|[from] Stealth Rock
|move|p1a: Excadrill|Rapid Spin|p2a: Dragapult
|-immune|p2a: Dragapult
|
|-weather|none
|upkeep
|turn|44
|inactive|SuperTheoryBros has 20 seconds left this turn.
|inactive|SuperTheoryBros has 15 seconds left.
|inactive|SuperTheoryBros has 10 seconds left.
|
|t:|1632444262
|switch|p1a: Tyranitar|Tyranitar, M, shiny|51/100
|-damage|p1a: Tyranitar|38/100|[from] Stealth Rock
|-weather|Sandstorm|[from] ability: Sand Stream|[of] p1a: Tyranitar
|move|p2a: Dragapult|Flamethrower|p1a: Tyranitar
|-resisted|p1a: Tyranitar
|-damage|p1a: Tyranitar|28/100
|
|-weather|Sandstorm|[upkeep]
|-damage|p2a: Dragapult|48/100|[from] Sandstorm
|-heal|p1a: Tyranitar|34/100|[from] item: Leftovers
|upkeep
|turn|45
|inactive|SuperTheoryBros has 20 seconds left this turn.
|inactive|SuperTheoryBros has 15 seconds left.
|inactive|SuperTheoryBros has 10 seconds left.
|
|t:|1632444277
|switch|p2a: Heatran|Heatran, M|2/100
|-damage|p2a: Heatran|0 fnt|[from] Stealth Rock
|faint|p2a: Heatran
|switch|p1a: Excadrill|Excadrill, M|91/100
|-damage|p1a: Excadrill|88/100|[from] Stealth Rock
|-item|p1a: Excadrill|Air Balloon
|
|-weather|Sandstorm|[upkeep]
|upkeep
|inactive|SuperTheoryBros has 15 seconds left this turn.
|inactive|SuperTheoryBros has 10 seconds left.
|
|t:|1632444284
|switch|p2a: Corviknight|Corviknight, F|67/100
|-damage|p2a: Corviknight|55/100|[from] Stealth Rock
|-ability|p2a: Corviknight|Pressure
|turn|46
|inactive|SuperTheoryBros has 20 seconds left this turn.
|inactive|SuperTheoryBros has 15 seconds left.
|inactive|SuperTheoryBros has 10 seconds left.
|
|t:|1632444296
|switch|p1a: Slowbro|Slowbro, M, shiny|91/100 tox
|-damage|p1a: Slowbro|79/100 tox|[from] Stealth Rock
|move|p2a: Corviknight|Body Press|p1a: Slowbro
|-resisted|p1a: Slowbro
|-damage|p1a: Slowbro|72/100 tox
|-damage|p2a: Corviknight|38/100|[from] item: Rocky Helmet|[of] p1a: Slowbro
|
|-weather|Sandstorm|[upkeep]
|-damage|p1a: Slowbro|66/100 tox|[from] Sandstorm
|-damage|p1a: Slowbro|60/100 tox|[from] psn
|upkeep
|turn|47
|inactive|SuperTheoryBros has 20 seconds left this turn.
|inactive|SuperTheoryBros has 15 seconds left.
|inactive|SuperTheoryBros has 10 seconds left.
|
|t:|1632444306
|move|p2a: Corviknight|Roost|p2a: Corviknight
|-heal|p2a: Corviknight|88/100
|-singleturn|p2a: Corviknight|move: Roost
|move|p1a: Slowbro|Teleport|p1a: Slowbro
|inactive|SuperTheoryBros has 15 seconds left this turn.
|
|t:|1632444308
|switch|p1a: Zapdos|Zapdos|33/100|[from]move: Teleport
|-damage|p1a: Zapdos|8/100|[from] Stealth Rock
|
|-weather|Sandstorm|[upkeep]
|-damage|p1a: Zapdos|2/100|[from] Sandstorm
|upkeep
|turn|48
|inactive|SuperTheoryBros has 25 seconds left this turn.
|inactive|SuperTheoryBros has 20 seconds left.
|inactive|SuperTheoryBros has 15 seconds left.
|inactive|SuperTheoryBros has 10 seconds left.
|inactive|SuperTheoryBros has 5 seconds left.
|
|t:|1632444329
|move|p1a: Zapdos|Defog|p2a: Corviknight
|-unboost|p2a: Corviknight|evasion|1
|-sideend|p2: SuperTheoryBros|Stealth Rock|[from] move: Defog|[of] p1a: Zapdos
|-sideend|p1: u little shit|Stealth Rock|[from] move: Defog|[of] p1a: Zapdos
|move|p2a: Corviknight|Body Press|p1a: Zapdos
|-resisted|p1a: Zapdos
|-damage|p1a: Zapdos|0 fnt
|faint|p1a: Zapdos
|
|-weather|none
|upkeep
|inactive|SuperTheoryBros has 10 seconds left this turn.
|
|t:|1632444344
|switch|p1a: Dracozolt|Dracozolt, shiny|63/100
|turn|49
|inactive|SuperTheoryBros has 20 seconds left this turn.
|inactive|SuperTheoryBros has 15 seconds left.
|inactive|SuperTheoryBros has 10 seconds left.
|
|t:|1632444360
|switch|p2a: Rillaboom|Rillaboom, M|100/100
|-fieldstart|move: Grassy Terrain|[from] ability: Grassy Surge|[of] p2a: Rillaboom
|move|p1a: Dracozolt|Bolt Beak|p2a: Rillaboom
|-resisted|p2a: Rillaboom
|-crit|p2a: Rillaboom
|-damage|p2a: Rillaboom|28/100
|-damage|p1a: Dracozolt|53/100|[from] item: Life Orb
|
|-heal|p2a: Rillaboom|34/100|[from] Grassy Terrain
|-heal|p1a: Dracozolt|59/100|[from] Grassy Terrain
|upkeep
|turn|50
|inactive|SuperTheoryBros has 20 seconds left this turn.
|inactive|SuperTheoryBros has 15 seconds left.
|inactive|SuperTheoryBros has 10 seconds left.
|inactive|u little shit has 120 seconds left.
|
|t:|1632444393
|switch|p1a: Scizor|Scizor, M, shiny|31/100
|move|p2a: Rillaboom|Grassy Glide|p1a: Scizor
|-resisted|p1a: Scizor
|-damage|p1a: Scizor|17/100
|
|-heal|p2a: Rillaboom|40/100|[from] Grassy Terrain
|-heal|p1a: Scizor|23/100|[from] Grassy Terrain
|upkeep
|turn|51
|inactive|SuperTheoryBros has 20 seconds left this turn.
|inactive|u little shit has 120 seconds left.
|inactive|SuperTheoryBros has 15 seconds left.
|
|t:|1632444401
|switch|p2a: Corviknight|Corviknight, F|88/100
|-ability|p2a: Corviknight|Pressure
|move|p1a: Scizor|Roost|p1a: Scizor
|-heal|p1a: Scizor|73/100
|-singleturn|p1a: Scizor|move: Roost
|
|-heal|p1a: Scizor|80/100|[from] Grassy Terrain
|upkeep
|turn|52
|inactive|SuperTheoryBros has 25 seconds left this turn.
|inactive|SuperTheoryBros has 20 seconds left.
|inactive|u little shit has 120 seconds left.
|inactive|SuperTheoryBros has 15 seconds left.
|inactive|SuperTheoryBros has 10 seconds left.
|
|t:|1632444417
|move|p2a: Corviknight|Body Press|p1a: Scizor
|-damage|p1a: Scizor|59/100
|move|p1a: Scizor|U-turn|p2a: Corviknight
|-resisted|p2a: Corviknight
|-damage|p2a: Corviknight|83/100
|inactive|SuperTheoryBros has 15 seconds left this turn.
|
|t:|1632444421
|switch|p1a: Tyranitar|Tyranitar, M, shiny|34/100|[from]move: U-turn
|-weather|Sandstorm|[from] ability: Sand Stream|[of] p1a: Tyranitar
|
|-weather|Sandstorm|[upkeep]
|-heal|p1a: Tyranitar|40/100|[from] Grassy Terrain
|-heal|p1a: Tyranitar|46/100|[from] item: Leftovers
|upkeep
|turn|53
|inactive|SuperTheoryBros has 25 seconds left this turn.
|inactive|SuperTheoryBros has 20 seconds left.
|inactive|SuperTheoryBros has 15 seconds left.
|inactive|SuperTheoryBros has 10 seconds left.
|
|t:|1632444438
|switch|p2a: Rillaboom|Rillaboom, M|40/100
|switch|p1a: Scizor|Scizor, M, shiny|59/100
|
|-weather|Sandstorm|[upkeep]
|-damage|p2a: Rillaboom|34/100|[from] Sandstorm
|-heal|p2a: Rillaboom|40/100|[from] Grassy Terrain
|-heal|p1a: Scizor|65/100|[from] Grassy Terrain
|-fieldend|move: Grassy Terrain
|upkeep
|turn|54
|inactive|SuperTheoryBros has 20 seconds left this turn.
|inactive|SuperTheoryBros has 15 seconds left.
|inactive|SuperTheoryBros has 10 seconds left.
|
|t:|1632444450
|move|p2a: Rillaboom|Superpower|p1a: Scizor
|-damage|p1a: Scizor|7/100
|-unboost|p2a: Rillaboom|atk|1
|-unboost|p2a: Rillaboom|def|1
|move|p1a: Scizor|Roost|p1a: Scizor
|-heal|p1a: Scizor|57/100
|-singleturn|p1a: Scizor|move: Roost
|
|-weather|Sandstorm|[upkeep]
|-damage|p2a: Rillaboom|34/100|[from] Sandstorm
|upkeep
|turn|55
|inactive|SuperTheoryBros has 20 seconds left this turn.
|inactive|SuperTheoryBros has 15 seconds left.
|inactive|SuperTheoryBros has 10 seconds left.
|
|t:|1632444461
|switch|p2a: Corviknight|Corviknight, F|83/100
|-ability|p2a: Corviknight|Pressure
|move|p1a: Scizor|Roost|p1a: Scizor
|-heal|p1a: Scizor|100/100
|-singleturn|p1a: Scizor|move: Roost
|
|-weather|Sandstorm|[upkeep]
|upkeep
|turn|56
|inactive|SuperTheoryBros has 20 seconds left this turn.
|inactive|SuperTheoryBros has 15 seconds left.
|inactive|SuperTheoryBros has 10 seconds left.
|
|t:|1632444473
|move|p2a: Corviknight|Brave Bird|p1a: Scizor
|-damage|p1a: Scizor|72/100
|-damage|p2a: Corviknight|75/100|[from] Recoil
|move|p1a: Scizor|U-turn|p2a: Corviknight
|-resisted|p2a: Corviknight
|-damage|p2a: Corviknight|71/100
|inactive|SuperTheoryBros has 15 seconds left this turn.
|
|t:|1632444483
|switch|p1a: Dracozolt|Dracozolt, shiny|59/100|[from]move: U-turn
|
|-weather|none
|upkeep
|turn|57
|inactive|SuperTheoryBros has 25 seconds left this turn.
|inactive|SuperTheoryBros has 20 seconds left.
|inactive|SuperTheoryBros has 15 seconds left.
|
|t:|1632444507
|switch|p2a: Nidoking|Nidoking, M|51/100
|move|p1a: Dracozolt|Fire Blast|p2a: Nidoking|[miss]
|-miss|p1a: Dracozolt|p2a: Nidoking
|
|upkeep
|turn|58
|inactive|SuperTheoryBros has 25 seconds left this turn.
|inactive|SuperTheoryBros has 20 seconds left.
|inactive|SuperTheoryBros has 15 seconds left.
|inactive|u little shit has 120 seconds left.
|
|t:|1632444539
|switch|p2a: Blissey|Blissey, F|77/100
|switch|p1a: Slowbro|Slowbro, M, shiny|93/100 tox
|
|-damage|p1a: Slowbro|87/100 tox|[from] psn
|upkeep
|turn|59
|inactive|SuperTheoryBros has 25 seconds left this turn.
|inactive|SuperTheoryBros has 20 seconds left.
|
|t:|1632444547
|switch|p1a: Excadrill|Excadrill, M|88/100
|-item|p1a: Excadrill|Air Balloon
|move|p2a: Blissey|Stealth Rock|p1a: Excadrill
|-sidestart|p1: u little shit|move: Stealth Rock
|
|upkeep
|turn|60
|inactive|SuperTheoryBros has 30 seconds left this turn.
|inactive|u little shit has 120 seconds left.
|
|t:|1632444558
|switch|p2a: Corviknight|Corviknight, F|71/100
|-ability|p2a: Corviknight|Pressure
|move|p1a: Excadrill|Earthquake|p2a: Corviknight
|-immune|p2a: Corviknight
|
|upkeep
|turn|61
|inactive|u little shit has 120 seconds left.
|inactive|SuperTheoryBros has 30 seconds left.
|
|t:|1632444571
|switch|p1a: Scizor|Scizor, M, shiny|72/100
|move|p2a: Corviknight|Body Press|p1a: Scizor
|-damage|p1a: Scizor|49/100
|
|upkeep
|turn|62
|
|t:|1632444578
|move|p2a: Corviknight|Roost|p2a: Corviknight
|-heal|p2a: Corviknight|100/100
|-singleturn|p2a: Corviknight|move: Roost
|move|p1a: Scizor|Roost|p1a: Scizor
|-heal|p1a: Scizor|99/100
|-singleturn|p1a: Scizor|move: Roost
|
|upkeep
|turn|63
|
|t:|1632444587
|move|p2a: Corviknight|Brave Bird|p1a: Scizor
|-damage|p1a: Scizor|68/100
|-damage|p2a: Corviknight|92/100|[from] Recoil
|move|p1a: Scizor|Knock Off|p2a: Corviknight
|-damage|p2a: Corviknight|81/100
|
|upkeep
|turn|64
|
|t:|1632444605
|switch|p2a: Nidoking|Nidoking, M|51/100
|move|p1a: Scizor|Roost|p1a: Scizor
|-heal|p1a: Scizor|100/100
|-singleturn|p1a: Scizor|move: Roost
|
|upkeep
|turn|65
|
|t:|1632444618
|switch|p1a: Slowbro|Slowbro, M, shiny|100/100 tox
|-damage|p1a: Slowbro|88/100 tox|[from] Stealth Rock
|move|p2a: Nidoking|Earth Power|p1a: Slowbro
|-damage|p1a: Slowbro|22/100 tox
|
|-damage|p1a: Slowbro|16/100 tox|[from] psn
|upkeep
|turn|66
|inactive|SuperTheoryBros has 30 seconds left.
|
|t:|1632444633
|move|p2a: Nidoking|Ice Beam|p1a: Slowbro
|-resisted|p1a: Slowbro
|-damage|p1a: Slowbro|0 fnt
|faint|p1a: Slowbro
|
|upkeep
|
|t:|1632444643
|switch|p1a: Tyranitar|Tyranitar, M, shiny|46/100
|-damage|p1a: Tyranitar|34/100|[from] Stealth Rock
|-weather|Sandstorm|[from] ability: Sand Stream|[of] p1a: Tyranitar
|turn|67
|
|t:|1632444653
|-singleturn|p2a: Nidoking|move: Focus Punch
|switch|p1a: Scizor|Scizor, M, shiny|100/100
|move|p2a: Nidoking|Focus Punch|p1a: Scizor
|-damage|p1a: Scizor|58/100
|-damage|p2a: Nidoking|41/100|[from] item: Life Orb
|
|-weather|Sandstorm|[upkeep]
|upkeep
|turn|68
|inactive|SuperTheoryBros has 30 seconds left.
|
|t:|1632444672
|move|p1a: Scizor|Bullet Punch|p2a: Nidoking
|-damage|p2a: Nidoking|6/100
|move|p2a: Nidoking|Earth Power|p1a: Scizor
|-damage|p1a: Scizor|0 fnt
|faint|p1a: Scizor
|
|-weather|Sandstorm|[upkeep]
|upkeep
|
|t:|1632444677
|switch|p1a: Excadrill|Excadrill, M|88/100
|-damage|p1a: Excadrill|85/100|[from] Stealth Rock
|-item|p1a: Excadrill|Air Balloon
|turn|69
|inactive|SuperTheoryBros has 30 seconds left.
|inactive|SuperTheoryBros has 20 seconds left.
|
|t:|1632444703
|switch|p2a: Corviknight|Corviknight, F|81/100
|-ability|p2a: Corviknight|Pressure
|move|p1a: Excadrill|Rapid Spin|p2a: Corviknight
|-resisted|p2a: Corviknight
|-damage|p2a: Corviknight|75/100
|-boost|p1a: Excadrill|spe|1
|-sideend|p1: u little shit|Stealth Rock|[from] move: Rapid Spin|[of] p1a: Excadrill
|
|-weather|Sandstorm|[upkeep]
|upkeep
|turn|70
|inactive|SuperTheoryBros has 30 seconds left this turn.
|
|t:|1632444712
|move|p1a: Excadrill|Swords Dance|p1a: Excadrill
|-boost|p1a: Excadrill|atk|2
|move|p2a: Corviknight|Body Press|p1a: Excadrill
|-supereffective|p1a: Excadrill
|-damage|p1a: Excadrill|6/100
|-enditem|p1a: Excadrill|Air Balloon
|
|-weather|Sandstorm|[upkeep]
|upkeep
|turn|71
|inactive|SuperTheoryBros has 30 seconds left.
|
|t:|1632444723
|move|p1a: Excadrill|Iron Head|p2a: Corviknight
|-resisted|p2a: Corviknight
|-damage|p2a: Corviknight|47/100
|cant|p2a: Corviknight|flinch
|
|-weather|none
|upkeep
|turn|72
|
|t:|1632444728
|move|p1a: Excadrill|Iron Head|p2a: Corviknight
|-resisted|p2a: Corviknight
|-damage|p2a: Corviknight|20/100
|cant|p2a: Corviknight|flinch
|
|upkeep
|turn|73
|
|t:|1632444741
|move|p1a: Excadrill|Iron Head|p2a: Corviknight
|-resisted|p2a: Corviknight
|-damage|p2a: Corviknight|0 fnt
|faint|p2a: Corviknight
|
|upkeep
|
|t:|1632444747
|switch|p2a: Rillaboom|Rillaboom, M|34/100
|-fieldstart|move: Grassy Terrain|[from] ability: Grassy Surge|[of] p2a: Rillaboom
|turn|74
|
|t:|1632444774
|switch|p1a: Tyranitar|Tyranitar, M, shiny|34/100
|-weather|Sandstorm|[from] ability: Sand Stream|[of] p1a: Tyranitar
|move|p2a: Rillaboom|Grassy Glide|p1a: Tyranitar
|-supereffective|p1a: Tyranitar
|-damage|p1a: Tyranitar|0 fnt
|faint|p1a: Tyranitar
|
|-weather|Sandstorm|[upkeep]
|-damage|p2a: Rillaboom|28/100|[from] Sandstorm
|-heal|p2a: Rillaboom|34/100|[from] Grassy Terrain
|upkeep
|
|t:|1632444776
|switch|p1a: Dracozolt|Dracozolt, shiny|59/100
|turn|75
|inactive|SuperTheoryBros has 30 seconds left.
|inactive|SuperTheoryBros has 20 seconds left.
|inactive|SuperTheoryBros has 15 seconds left.
|inactive|SuperTheoryBros has 10 seconds left.
|
|t:|1632444822
|move|p2a: Rillaboom|Grassy Glide|p1a: Dracozolt
|-resisted|p1a: Dracozolt
|-damage|p1a: Dracozolt|13/100
|move|p1a: Dracozolt|Bolt Beak|p2a: Rillaboom
|-resisted|p2a: Rillaboom
|-damage|p2a: Rillaboom|9/100
|-damage|p1a: Dracozolt|3/100|[from] item: Life Orb
|
|-weather|Sandstorm|[upkeep]
|-damage|p2a: Rillaboom|2/100|[from] Sandstorm
|-heal|p1a: Dracozolt|9/100|[from] Grassy Terrain
|-heal|p2a: Rillaboom|9/100|[from] Grassy Terrain
|upkeep
|turn|76
|inactive|SuperTheoryBros has 20 seconds left this turn.
|inactive|SuperTheoryBros has 15 seconds left.
|c|☆u little shit|gg
|inactive|SuperTheoryBros has 10 seconds left.
|
|t:|1632444835
|move|p2a: Rillaboom|Grassy Glide|p1a: Dracozolt
|-resisted|p1a: Dracozolt
|-damage|p1a: Dracozolt|0 fnt
|faint|p1a: Dracozolt
|
|-weather|Sandstorm|[upkeep]
|-damage|p2a: Rillaboom|2/100|[from] Sandstorm
|-heal|p2a: Rillaboom|9/100|[from] Grassy Terrain
|upkeep
|inactive|SuperTheoryBros has 15 seconds left this turn.
|
|t:|1632444837
|switch|p1a: Excadrill|Excadrill, M|6/100
|turn|77
|inactive|SuperTheoryBros has 25 seconds left this turn.
|inactive|SuperTheoryBros has 20 seconds left.
|
|t:|1632444842
|move|p2a: Rillaboom|Grassy Glide|p1a: Excadrill
|-damage|p1a: Excadrill|0 fnt
|faint|p1a: Excadrill
|
|win|SuperTheoryBros
|inactive|SuperTheoryBros has 25 seconds left this turn.
|raw|u little shit's rating: 1665 &rarr; <strong>1654</strong><br />(-11 for losing)
|raw|SuperTheoryBros's rating: 1844 &rarr; <strong>1855</strong><br />(+11 for winning)
|c|☆u little shit|SuperTheoryBros u here?
|c|☆u little shit|no gg ;(
|c|☆SuperTheoryBros|why
|c|☆u little shit|wdym why
|c|☆u little shit|it was a good game
|c|☆SuperTheoryBros|why no gg
|c|☆u little shit|i haxed ur corv but i lost anyways
|c|☆u little shit|noo i mean u didnt say gg ;(
|l|☆u little shit
