|j|☆Eclipse77
|j|☆minimax_ai
|t:|1665419945
|gametype|singles
|player|p1|Eclipse77|kahili|1611
|player|p2|minimax_ai|lusamine-nihilego|1547
|teamsize|p1|6
|teamsize|p2|6
|gen|8
|tier|[Gen 8] OU
|rated|
|rule|Sleep Clause Mod: Limit one foe put to sleep
|rule|Species Clause: Limit one of each Pokémon
|rule|OHKO Clause: OHKO moves are banned
|rule|Evasion Items Clause: Evasion items are banned
|rule|Evasion Moves Clause: Evasion moves are banned
|rule|Endless Battle Clause: Forcing endless battles is banned
|rule|HP Percentage Mod: HP is shown in percentages
|rule|Dynamax Clause: You cannot dynamax
|clearpoke
|poke|p1|Urshifu-*, M|
|poke|p1|Tyranitar, M|
|poke|p1|Excadrill, F|
|poke|p1|Zapdos|
|poke|p1|Ferrothorn, M|
|poke|p1|Tapu Lele|
|poke|p2|Rotom-Wash|
|poke|p2|Weavile, F|
|poke|p2|Landorus-Therian, M|
|poke|p2|Heatran, M|
|poke|p2|Tangrowth, F|
|poke|p2|Melmetal|
|teampreview
|c|☆minimax_ai|hf
|inactive|Battle timer is ON: inactive players will automatically lose when time's up. (requested by minimax_ai)
|
|t:|1665419963
|start
|switch|p1a: Urshifu|Urshifu-Rapid-Strike, M|100/100
|switch|p2a: landorustherian|Landorus-Therian, M|100/100
|-ability|p2a: landorustherian|Intimidate|boost
|-unboost|p1a: Urshifu|atk|1
|turn|1
|
|t:|1665419972
|switch|p2a: Tangrowth|Tangrowth, F|100/100
|move|p1a: Urshifu|U-turn|p2a: Tangrowth
|-supereffective|p2a: Tangrowth
|-damage|p2a: Tangrowth|83/100
|
|t:|1665419983
|switch|p1a: Zapdos|Zapdos|100/100|[from]move: U-turn
|
|upkeep
|turn|2
|
|t:|1665419994
|switch|p2a: landorustherian|Landorus-Therian, M|100/100
|-ability|p2a: landorustherian|Intimidate|boost
|-unboost|p1a: Zapdos|atk|1
|move|p1a: Zapdos|Hurricane|p2a: landorustherian
|-damage|p2a: landorustherian|66/100
|-start|p2a: landorustherian|confusion
|
|-heal|p2a: landorustherian|72/100|[from] item: Leftovers
|upkeep
|turn|3
|
|t:|1665420001
|switch|p1a: Ferrothorn|Ferrothorn, M|100/100
|-activate|p2a: landorustherian|confusion
|move|p2a: landorustherian|Toxic|p1a: Ferrothorn
|-immune|p1a: Ferrothorn
|
|-heal|p2a: landorustherian|78/100|[from] item: Leftovers
|upkeep
|turn|4
|
|t:|1665420007
|-activate|p2a: landorustherian|confusion
|move|p2a: landorustherian|U-turn|p1a: Ferrothorn
|-damage|p1a: Ferrothorn|85/100
|-damage|p2a: landorustherian|66/100|[from] ability: Iron Barbs|[of] p1a: Ferrothorn
|
|t:|1665420008
|switch|p2a: Tangrowth|Tangrowth, F|100/100|[from]move: U-turn
|move|p1a: Ferrothorn|Knock Off|p2a: Tangrowth
|-damage|p2a: Tangrowth|89/100
|-damage|p1a: Ferrothorn|69/100|[from] item: Rocky Helmet|[of] p2a: Tangrowth
|-enditem|p2a: Tangrowth|Rocky Helmet|[from] move: Knock Off|[of] p1a: Ferrothorn
|
|-heal|p1a: Ferrothorn|75/100|[from] item: Leftovers
|upkeep
|turn|5
|
|t:|1665420015
|switch|p1a: Zapdos|Zapdos|100/100
|move|p2a: Tangrowth|Focus Blast|p1a: Zapdos|[miss]
|-miss|p2a: Tangrowth|p1a: Zapdos
|
|upkeep
|turn|6
|
|t:|1665420021
|switch|p2a: landorustherian|Landorus-Therian, M|66/100
|-ability|p2a: landorustherian|Intimidate|boost
|-unboost|p1a: Zapdos|atk|1
|move|p1a: Zapdos|Hurricane|p2a: landorustherian|[miss]
|-miss|p1a: Zapdos|p2a: landorustherian
|
|-heal|p2a: landorustherian|72/100|[from] item: Leftovers
|upkeep
|turn|7
|
|t:|1665420024
|switch|p1a: Ferrothorn|Ferrothorn, M|75/100
|move|p2a: landorustherian|U-turn|p1a: Ferrothorn
|-damage|p1a: Ferrothorn|58/100
|-damage|p2a: landorustherian|60/100|[from] ability: Iron Barbs|[of] p1a: Ferrothorn
|
|t:|1665420025
|switch|p2a: Heatran|Heatran, M|100/100|[from]move: U-turn
|-item|p2a: Heatran|Air Balloon
|
|-heal|p1a: Ferrothorn|64/100|[from] item: Leftovers
|upkeep
|turn|8
|
|t:|1665420028
|switch|p1a: Urshifu|Urshifu-Rapid-Strike, M|100/100
|move|p2a: Heatran|Magma Storm|p1a: Urshifu
|-resisted|p1a: Urshifu
|-damage|p1a: Urshifu|62/100
|-activate|p1a: Urshifu|move: Magma Storm|[of] p2a: Heatran
|
|-damage|p1a: Urshifu|49/100|[from] move: Magma Storm|[partiallytrapped]
|upkeep
|turn|9
|
|t:|1665420037
|switch|p2a: Tangrowth|Tangrowth, F|100/100
|move|p1a: Urshifu|Close Combat|p2a: Tangrowth
|-damage|p2a: Tangrowth|67/100
|-unboost|p1a: Urshifu|def|1
|-unboost|p1a: Urshifu|spd|1
|
|-end|p1a: Urshifu|Magma Storm|[partiallytrapped]|[silent]
|upkeep
|turn|10
|
|t:|1665420043
|move|p1a: Urshifu|U-turn|p2a: Tangrowth
|-supereffective|p2a: Tangrowth
|-damage|p2a: Tangrowth|39/100
|
|t:|1665420045
|switch|p1a: Ferrothorn|Ferrothorn, M|64/100|[from]move: U-turn
|move|p2a: Tangrowth|Knock Off|p1a: Ferrothorn
|-damage|p1a: Ferrothorn|49/100
|-damage|p2a: Tangrowth|26/100|[from] ability: Iron Barbs|[of] p1a: Ferrothorn
|-enditem|p1a: Ferrothorn|Leftovers|[from] move: Knock Off|[of] p2a: Tangrowth
|
|upkeep
|turn|11
|
|t:|1665420049
|switch|p1a: Zapdos|Zapdos|100/100
|move|p2a: Tangrowth|Focus Blast|p1a: Zapdos
|-resisted|p1a: Zapdos
|-damage|p1a: Zapdos|86/100
|
|upkeep
|turn|12
|
|t:|1665420057
|switch|p1a: Urshifu|Urshifu-Rapid-Strike, M|49/100
|switch|p2a: Melmetal|Melmetal|100/100
|
|upkeep
|turn|13
|
|t:|1665420060
|move|p1a: Urshifu|U-turn|p2a: Melmetal
|-resisted|p2a: Melmetal
|-damage|p2a: Melmetal|94/100
|
|t:|1665420064
|switch|p1a: Zapdos|Zapdos|86/100|[from]move: U-turn
|move|p2a: Melmetal|Double Iron Bash|p1a: Zapdos
|-resisted|p1a: Zapdos
|-damage|p1a: Zapdos|72/100
|-status|p2a: Melmetal|par|[from] ability: Static|[of] p1a: Zapdos
|-resisted|p1a: Zapdos
|-damage|p1a: Zapdos|56/100
|-hitcount|p1a: Zapdos|2
|
|upkeep
|turn|14
|
|t:|1665420069
|move|p1a: Zapdos|Volt Switch|p2a: Melmetal
|-damage|p2a: Melmetal|78/100 par
|
|t:|1665420072
|switch|p1a: Ferrothorn|Ferrothorn, M|49/100|[from]move: Volt Switch
|move|p2a: Melmetal|Ice Punch|p1a: Ferrothorn
|-damage|p1a: Ferrothorn|24/100
|-damage|p2a: Melmetal|66/100 par|[from] ability: Iron Barbs|[of] p1a: Ferrothorn
|
|upkeep
|turn|15
|
|t:|1665420078
|move|p1a: Ferrothorn|Leech Seed|p2a: Melmetal
|-start|p2a: Melmetal|move: Leech Seed
|cant|p2a: Melmetal|par
|
|-damage|p2a: Melmetal|53/100 par|[from] Leech Seed|[of] p1a: Ferrothorn
|-heal|p1a: Ferrothorn|39/100|[silent]
|upkeep
|turn|16
|
|t:|1665420082
|switch|p2a: landorustherian|Landorus-Therian, M|60/100
|-ability|p2a: landorustherian|Intimidate|boost
|-unboost|p1a: Ferrothorn|atk|1
|move|p1a: Ferrothorn|Stealth Rock|p2a: landorustherian
|-sidestart|p2: minimax_ai|move: Stealth Rock
|
|-heal|p2a: landorustherian|66/100|[from] item: Leftovers
|upkeep
|turn|17
|
|t:|1665420089
|move|p2a: landorustherian|Defog|p1a: Ferrothorn
|-unboost|p1a: Ferrothorn|evasion|1
|-sideend|p2: minimax_ai|Stealth Rock|[from] move: Defog|[of] p2a: landorustherian
|move|p1a: Ferrothorn|Body Press|p2a: landorustherian
|-resisted|p2a: landorustherian
|-damage|p2a: landorustherian|54/100
|
|-heal|p2a: landorustherian|60/100|[from] item: Leftovers
|upkeep
|turn|18
|
|t:|1665420093
|move|p2a: landorustherian|Earthquake|p1a: Ferrothorn
|-damage|p1a: Ferrothorn|6/100
|move|p1a: Ferrothorn|Stealth Rock|p2a: landorustherian
|-sidestart|p2: minimax_ai|move: Stealth Rock
|
|-heal|p2a: landorustherian|66/100|[from] item: Leftovers
|upkeep
|turn|19
|
|t:|1665420096
|move|p2a: landorustherian|Earthquake|p1a: Ferrothorn
|-damage|p1a: Ferrothorn|0 fnt
|faint|p1a: Ferrothorn
|
|-heal|p2a: landorustherian|72/100|[from] item: Leftovers
|upkeep
|
|t:|1665420099
|switch|p1a: Urshifu|Urshifu-Rapid-Strike, M|49/100
|turn|20
|
|t:|1665420102
|switch|p2a: Melmetal|Melmetal|53/100 par
|-damage|p2a: Melmetal|47/100 par|[from] Stealth Rock
|move|p1a: Urshifu|Close Combat|p2a: Melmetal
|-supereffective|p2a: Melmetal
|-damage|p2a: Melmetal|0 fnt
|-unboost|p1a: Urshifu|def|1
|-unboost|p1a: Urshifu|spd|1
|faint|p2a: Melmetal
|
|upkeep
|
|t:|1665420103
|switch|p2a: Weavile|Weavile, F|100/100
|-damage|p2a: Weavile|76/100|[from] Stealth Rock
|-ability|p2a: Weavile|Pressure
|turn|21
|inactive|Eclipse77 has 120 seconds left.
|
|t:|1665420156
|move|p2a: Weavile|Triple Axel|p1a: Urshifu
|-resisted|p1a: Urshifu
|-damage|p1a: Urshifu|39/100
|-resisted|p1a: Urshifu
|-damage|p1a: Urshifu|16/100
|-resisted|p1a: Urshifu
|-damage|p1a: Urshifu|0 fnt
|faint|p1a: Urshifu
|-hitcount|p1: Urshifu|3
|
|upkeep
|
|t:|1665420164
|switch|p1a: Excadrill|Excadrill, F|100/100
|turn|22
|
|t:|1665420177
|switch|p1a: Tyranitar|Tyranitar, M|100/100
|-weather|Sandstorm|[from] ability: Sand Stream|[of] p1a: Tyranitar
|move|p2a: Weavile|Triple Axel|p1a: Tyranitar
|-damage|p1a: Tyranitar|86/100
|-damage|p1a: Tyranitar|58/100
|-damage|p1a: Tyranitar|18/100
|-hitcount|p1a: Tyranitar|3
|
|-weather|Sandstorm|[upkeep]
|-damage|p2a: Weavile|70/100|[from] Sandstorm
|upkeep
|turn|23
|-message|Eclipse77 forfeited.
|
|win|minimax_ai
|raw|Eclipse77's rating: 1611 &rarr; <strong>1587</strong><br />(-24 for losing)
|raw|minimax_ai's rating: 1547 &rarr; <strong>1571</strong><br />(+24 for winning)
|c|☆minimax_ai|gg
|l|☆Eclipse77
