|html|<div class="broadcast-blue"><strong>[Gen 8] OU is currently suspecting Melmetal! For information on how to participate check out the <a href="https://www.smogon.com/forums/threads/np-ss-ou-suspect-process-round-12-monster-mash.3709234/">suspect thread</a>.</strong></div>
|j|☆yokobaby
|j|☆Adel19
|t:|1666238751
|gametype|singles
|player|p1|yokobaby|cynthia-masters|1791
|player|p2|Adel19|2|1896
|teamsize|p1|6
|teamsize|p2|6
|gen|8
|tier|[Gen 8] OU
|rated|
|rule|Sleep Clause Mod: Limit one foe put to sleep
|rule|Species Clause: Limit one of each Pokémon
|rule|OHKO Clause: OHKO moves are banned
|rule|Evasion Items Clause: Evasion items are banned
|rule|Evasion Moves Clause: Evasion moves are banned
|rule|Endless Battle Clause: Forcing endless battles is banned
|rule|HP Percentage Mod: HP is shown in percentages
|rule|Dynamax Clause: You cannot dynamax
|clearpoke
|poke|p1|Nihilego|
|poke|p1|Zapdos-Galar|
|poke|p1|Kartana|
|poke|p1|Celesteela|
|poke|p1|Garchomp, M|
|poke|p1|Tapu Fini|
|poke|p2|Landorus-Therian, M|
|poke|p2|Zapdos|
|poke|p2|Tapu Fini|
|poke|p2|Kartana|
|poke|p2|Blissey, F|
|poke|p2|Zeraora|
|teampreview
|inactive|Battle timer is ON: inactive players will automatically lose when time's up. (requested by yokobaby)
|
|t:|1666238767
|start
|switch|p1a: Garchomp|Garchomp, M|100/100
|switch|p2a: Zapdos|Zapdos|100/100
|turn|1
|
|t:|1666238774
|move|p1a: Garchomp|Stealth Rock|p2a: Zapdos
|-sidestart|p2: Adel19|move: Stealth Rock
|move|p2a: Zapdos|Toxic|p1a: Garchomp
|-status|p1a: Garchomp|tox
|
|-damage|p1a: Garchomp|94/100 tox|[from] psn
|upkeep
|turn|2
|
|t:|1666238780
|switch|p2a: Kartana|Kartana|100/100
|-damage|p2a: Kartana|94/100|[from] Stealth Rock
|move|p1a: Garchomp|Toxic|p2a: Kartana
|-immune|p2a: Kartana
|
|-damage|p1a: Garchomp|82/100 tox|[from] psn
|upkeep
|turn|3
|
|t:|1666238793
|move|p2a: Kartana|Knock Off|p1a: Garchomp
|-damage|p1a: Garchomp|53/100 tox
|-activate|p1a: Garchomp|ability: Rough Skin
|-activate|p2a: Kartana|item: Protective Pads
|-enditem|p1a: Garchomp|Rocky Helmet|[from] move: Knock Off|[of] p2a: Kartana
|move|p1a: Garchomp|Fire Blast|p2a: Kartana
|-supereffective|p2a: Kartana
|-damage|p2a: Kartana|0 fnt
|faint|p2a: Kartana
|
|-damage|p1a: Garchomp|35/100 tox|[from] psn
|upkeep
|
|t:|1666238805
|switch|p2a: Blissey|Blissey, F|100/100
|turn|4
|
|t:|1666238810
|move|p1a: Garchomp|Earthquake|p2a: Blissey
|-damage|p2a: Blissey|66/100
|move|p2a: Blissey|Stealth Rock|p1a: Garchomp
|-sidestart|p1: yokobaby|move: Stealth Rock
|
|-damage|p1a: Garchomp|10/100 tox|[from] psn
|upkeep
|turn|5
|j| cypherstest
|
|t:|1666238815
|move|p1a: Garchomp|Earthquake|p2a: Blissey
|-damage|p2a: Blissey|29/100
|move|p2a: Blissey|Soft-Boiled|p2a: Blissey
|-heal|p2a: Blissey|79/100
|
|-damage|p1a: Garchomp|0 fnt|[from] psn
|faint|p1a: Garchomp
|upkeep
|
|t:|1666238818
|switch|p1a: Zapdos|Zapdos-Galar|100/100
|-damage|p1a: Zapdos|88/100|[from] Stealth Rock
|turn|6
|
|t:|1666238827
|switch|p2a: Zapdos|Zapdos|100/100
|move|p1a: Zapdos|U-turn|p2a: Zapdos
|-resisted|p2a: Zapdos
|-damage|p2a: Zapdos|88/100
|
|t:|1666238832
|switch|p1a: Nihilego|Nihilego|100/100|[from]move: U-turn
|-damage|p1a: Nihilego|88/100|[from] Stealth Rock
|
|upkeep
|turn|7
|
|t:|1666238840
|switch|p2a: Blissey|Blissey, F|79/100
|move|p1a: Nihilego|Meteor Beam||[still]
|-prepare|p1a: Nihilego|Meteor Beam
|-boost|p1a: Nihilego|spa|1
|-enditem|p1a: Nihilego|Power Herb
|-anim|p1a: Nihilego|Meteor Beam|p2a: Blissey
|-damage|p2a: Blissey|45/100
|
|upkeep
|turn|8
|
|t:|1666238847
|move|p1a: Nihilego|Meteor Beam||[still]
|-prepare|p1a: Nihilego|Meteor Beam
|-boost|p1a: Nihilego|spa|1
|move|p2a: Blissey|Soft-Boiled|p2a: Blissey
|-heal|p2a: Blissey|95/100
|
|upkeep
|turn|9
|
|t:|1666238851
|move|p1a: Nihilego|Meteor Beam|p2a: Blissey|[from]lockedmove
|-damage|p2a: Blissey|49/100
|move|p2a: Blissey|Soft-Boiled|p2a: Blissey
|-heal|p2a: Blissey|99/100
|
|upkeep
|turn|10
|j| R3M4TCH
|
|t:|1666238867
|move|p1a: Nihilego|Meteor Beam||[still]
|-prepare|p1a: Nihilego|Meteor Beam
|-boost|p1a: Nihilego|spa|1
|move|p2a: Blissey|Seismic Toss|p1a: Nihilego
|-damage|p1a: Nihilego|60/100
|
|upkeep
|turn|11
|
|t:|1666238874
|move|p1a: Nihilego|Meteor Beam|p2a: Blissey|[from]lockedmove
|-damage|p2a: Blissey|42/100
|move|p2a: Blissey|Seismic Toss|p1a: Nihilego
|-damage|p1a: Nihilego|33/100
|
|upkeep
|turn|12
|
|t:|1666238883
|move|p1a: Nihilego|Sludge Wave|p2a: Blissey
|-damage|p2a: Blissey|0 fnt
|faint|p2a: Blissey
|-ability|p1a: Nihilego|Beast Boost|boost
|-boost|p1a: Nihilego|spe|1
|
|upkeep
|
|t:|1666238890
|switch|p2a: Landorus|Landorus-Therian, M|100/100
|-damage|p2a: Landorus|88/100|[from] Stealth Rock
|-ability|p2a: Landorus|Intimidate|boost
|-unboost|p1a: Nihilego|atk|1
|turn|13
|
|t:|1666238893
|move|p1a: Nihilego|Power Gem|p2a: Landorus
|-damage|p2a: Landorus|0 fnt
|faint|p2a: Landorus
|-ability|p1a: Nihilego|Beast Boost|boost
|-boost|p1a: Nihilego|spe|1
|
|upkeep
|-message|Adel19 forfeited.
|
|win|yokobaby
|raw|yokobaby's rating: 1791 &rarr; <strong>1817</strong><br />(+26 for winning)
|raw|Adel19's rating: 1896 &rarr; <strong>1870</strong><br />(-26 for losing)
|l|☆Adel19
|l| cypherstest
