|raw|<div class="broadcast-blue"><strong>This battle is required to be public due to a player having a name starting with 'lt92pf'.</div>
|j|☆Lenape
|j|☆LT92PF Lolcat
|t:|1660234946
|gametype|singles
|player|p1|Lenape|170|1791
|player|p2|LT92PF Lolcat|101|1712
|teamsize|p1|6
|teamsize|p2|6
|gen|8
|tier|[Gen 8] OU
|rated|
|rule|Sleep Clause Mod: Limit one foe put to sleep
|rule|Species Clause: Limit one of each Pokémon
|rule|OHKO Clause: OHKO moves are banned
|rule|Evasion Items Clause: Evasion items are banned
|rule|Evasion Moves Clause: Evasion moves are banned
|rule|Endless Battle Clause: Forcing endless battles is banned
|rule|HP Percentage Mod: HP is shown in percentages
|rule|Dynamax Clause: You cannot dynamax
|clearpoke
|poke|p1|Rhyperior, M|
|poke|p1|Toxapex, M|
|poke|p1|Corviknight, M|
|poke|p1|Umbreon, M|
|poke|p1|Sylveon, M|
|poke|p1|Rotom-Heat|
|poke|p2|Pelipper, M|
|poke|p2|Barraskewda, F|
|poke|p2|Regieleki|
|poke|p2|Tapu Lele|
|poke|p2|Landorus-Therian, M|
|poke|p2|Ferrothorn, M|
|teampreview
|inactive|Battle timer is ON: inactive players will automatically lose when time's up. (requested by Lenape)
|
|t:|1660234961
|start
|switch|p1a: Rotom|Rotom-Heat|100/100
|switch|p2a: Pelipper|Pelipper, M|100/100
|-weather|RainDance|[from] ability: Drizzle|[of] p2a: Pelipper
|turn|1
|
|t:|1660234966
|switch|p2a: Landorus|Landorus-Therian, M|100/100
|-ability|p2a: Landorus|Intimidate|boost
|-unboost|p1a: Rotom|atk|1
|move|p1a: Rotom|Trick|p2a: Landorus
|-activate|p1a: Rotom|move: Trick|[of] p2a: Landorus
|-item|p2a: Landorus|Choice Scarf|[from] move: Trick
|-item|p1a: Rotom|Leftovers|[from] move: Trick
|
|-weather|RainDance|[upkeep]
|upkeep
|turn|2
|
|t:|1660234970
|move|p2a: Landorus|Stealth Rock|p1a: Rotom
|-sidestart|p1: Lenape|move: Stealth Rock
|move|p1a: Rotom|Will-O-Wisp|p2a: Landorus|[miss]
|-miss|p1a: Rotom|p2a: Landorus
|
|-weather|RainDance|[upkeep]
|upkeep
|turn|3
|
|t:|1660234975
|switch|p2a: Tapu Lele|Tapu Lele|100/100
|-fieldstart|move: Psychic Terrain|[from] ability: Psychic Surge|[of] p2a: Tapu Lele
|move|p1a: Rotom|Defog|p2a: Tapu Lele
|-unboost|p2a: Tapu Lele|evasion|1
|-sideend|p1: Lenape|Stealth Rock|[from] move: Defog|[of] p1a: Rotom
|-fieldend|move: Psychic Terrain
|
|-weather|RainDance|[upkeep]
|upkeep
|turn|4
|
|t:|1660234979
|switch|p1a: Rhyperior|Rhyperior, M|100/100
|move|p2a: Tapu Lele|Future Sight|p1a: Rhyperior
|-start|p2a: Tapu Lele|move: Future Sight
|
|-weather|RainDance|[upkeep]
|upkeep
|turn|5
|
|t:|1660234984
|switch|p2a: Ferrothorn|Ferrothorn, M|100/100
|switch|p1a: Corviknight|Corviknight, M|100/100
|-ability|p1a: Corviknight|Pressure
|
|-weather|none
|upkeep
|turn|6
|
|t:|1660234988
|move|p1a: Corviknight|Substitute|p1a: Corviknight
|-start|p1a: Corviknight|Substitute
|-damage|p1a: Corviknight|75/100
|move|p2a: Ferrothorn|Knock Off|p1a: Corviknight
|-activate|p1a: Corviknight|move: Substitute|[damage]
|
|-end|p1a: Corviknight|move: Future Sight
|-resisted|p1a: Corviknight
|-end|p1a: Corviknight|Substitute
|-heal|p1a: Corviknight|82/100|[from] item: Leftovers
|upkeep
|turn|7
|j| revanito
|
|t:|1660234993
|switch|p2a: Regieleki|Regieleki|100/100
|move|p1a: Corviknight|Substitute|p1a: Corviknight
|-start|p1a: Corviknight|Substitute
|-damage|p1a: Corviknight|57/100
|
|-heal|p1a: Corviknight|63/100|[from] item: Leftovers
|upkeep
|turn|8
|
|t:|1660234996
|switch|p2a: Pelipper|Pelipper, M|100/100
|-weather|RainDance|[from] ability: Drizzle|[of] p2a: Pelipper
|move|p1a: Corviknight|Substitute|p1a: Corviknight
|-fail|p1a: Corviknight|move: Substitute
|
|-weather|RainDance|[upkeep]
|-heal|p1a: Corviknight|69/100|[from] item: Leftovers
|upkeep
|turn|9
|
|t:|1660234999
|move|p2a: Pelipper|Weather Ball|p1a: Corviknight
|-end|p1a: Corviknight|Substitute
|move|p1a: Corviknight|Substitute|p1a: Corviknight
|-start|p1a: Corviknight|Substitute
|-damage|p1a: Corviknight|44/100
|
|-weather|RainDance|[upkeep]
|-heal|p1a: Corviknight|50/100|[from] item: Leftovers
|upkeep
|turn|10
|
|t:|1660235003
|move|p2a: Pelipper|Weather Ball|p1a: Corviknight
|-end|p1a: Corviknight|Substitute
|move|p1a: Corviknight|Substitute|p1a: Corviknight
|-start|p1a: Corviknight|Substitute
|-damage|p1a: Corviknight|25/100
|
|-weather|RainDance|[upkeep]
|-heal|p1a: Corviknight|32/100|[from] item: Leftovers
|upkeep
|turn|11
|
|t:|1660235006
|move|p2a: Pelipper|Weather Ball|p1a: Corviknight
|-end|p1a: Corviknight|Substitute
|move|p1a: Corviknight|Roost|p1a: Corviknight
|-heal|p1a: Corviknight|82/100
|-singleturn|p1a: Corviknight|move: Roost
|
|-weather|RainDance|[upkeep]
|-heal|p1a: Corviknight|88/100|[from] item: Leftovers
|upkeep
|turn|12
|
|t:|1660235007
|switch|p1a: Toxapex|Toxapex, M|100/100
|move|p2a: Pelipper|Weather Ball|p1a: Toxapex
|-resisted|p1a: Toxapex
|-damage|p1a: Toxapex|56/100
|
|-weather|none
|-heal|p1a: Toxapex|63/100|[from] item: Black Sludge
|upkeep
|turn|13
|
|t:|1660235011
|switch|p2a: Landorus|Landorus-Therian, M|100/100
|-ability|p2a: Landorus|Intimidate|boost
|-unboost|p1a: Toxapex|atk|1
|switch|p1a: Corviknight|Corviknight, M|88/100
|-ability|p1a: Corviknight|Pressure
|
|-heal|p1a: Corviknight|94/100|[from] item: Leftovers
|upkeep
|turn|14
|
|t:|1660235015
|switch|p1a: Rotom|Rotom-Heat|100/100
|move|p2a: Landorus|U-turn|p1a: Rotom
|-resisted|p1a: Rotom
|-damage|p1a: Rotom|89/100
|
|t:|1660235019
|switch|p2a: Barraskewda|Barraskewda, F|100/100|[from]move: U-turn
|
|-heal|p1a: Rotom|95/100|[from] item: Leftovers
|upkeep
|turn|15
|
|t:|1660235021
|switch|p1a: Toxapex|Toxapex, M|96/100
|move|p2a: Barraskewda|Flip Turn|p1a: Toxapex
|-resisted|p1a: Toxapex
|-damage|p1a: Toxapex|81/100
|
|t:|1660235024
|switch|p2a: Tapu Lele|Tapu Lele|100/100|[from]move: Flip Turn
|-fieldstart|move: Psychic Terrain|[from] ability: Psychic Surge|[of] p2a: Tapu Lele
|
|-heal|p1a: Toxapex|87/100|[from] item: Black Sludge
|upkeep
|turn|16
|
|t:|1660235029
|switch|p1a: Umbreon|Umbreon, M|100/100
|move|p2a: Tapu Lele|Future Sight|p1a: Umbreon
|-start|p2a: Tapu Lele|move: Future Sight
|
|upkeep
|turn|17
|
|t:|1660235045
|switch|p2a: Pelipper|Pelipper, M|100/100
|-weather|RainDance|[from] ability: Drizzle|[of] p2a: Pelipper
|move|p1a: Umbreon|Foul Play|p2a: Pelipper
|-damage|p2a: Pelipper|79/100
|
|-weather|RainDance|[upkeep]
|upkeep
|turn|18
|
|t:|1660235048
|move|p1a: Umbreon|Protect|p1a: Umbreon
|-singleturn|p1a: Umbreon|Protect
|move|p2a: Pelipper|Weather Ball|p1a: Umbreon
|-activate|p1a: Umbreon|move: Protect
|
|-weather|RainDance|[upkeep]
|-end|p1a: Umbreon|move: Future Sight
|-immune|p1a: Umbreon
|upkeep
|turn|19
|
|t:|1660235050
|switch|p1a: Toxapex|Toxapex, M|100/100
|move|p2a: Pelipper|Weather Ball|p1a: Toxapex
|-resisted|p1a: Toxapex
|-damage|p1a: Toxapex|58/100
|
|-weather|RainDance|[upkeep]
|-heal|p1a: Toxapex|65/100|[from] item: Black Sludge
|-fieldend|move: Psychic Terrain
|upkeep
|turn|20
|
|t:|1660235056
|switch|p2a: Ferrothorn|Ferrothorn, M|100/100
|move|p1a: Toxapex|Scald|p2a: Ferrothorn
|-resisted|p2a: Ferrothorn
|-damage|p2a: Ferrothorn|91/100
|
|-weather|RainDance|[upkeep]
|-heal|p1a: Toxapex|71/100|[from] item: Black Sludge
|-heal|p2a: Ferrothorn|97/100|[from] item: Leftovers
|upkeep
|turn|21
|
|t:|1660235058
|switch|p1a: Rotom|Rotom-Heat|95/100
|move|p2a: Ferrothorn|Spikes|p1a: Rotom
|-sidestart|p1: Lenape|Spikes
|
|-weather|none
|-heal|p1a: Rotom|100/100|[from] item: Leftovers
|-heal|p2a: Ferrothorn|100/100|[from] item: Leftovers
|upkeep
|turn|22
|
|t:|1660235067
|move|p1a: Rotom|Will-O-Wisp|p2a: Ferrothorn
|-status|p2a: Ferrothorn|brn
|move|p2a: Ferrothorn|Knock Off|p1a: Rotom
|-damage|p1a: Rotom|90/100
|-enditem|p1a: Rotom|Leftovers|[from] move: Knock Off|[of] p2a: Ferrothorn
|
|-damage|p2a: Ferrothorn|95/100 brn|[from] brn
|upkeep
|turn|23
|
|t:|1660235069
|switch|p2a: Landorus|Landorus-Therian, M|100/100
|-ability|p2a: Landorus|Intimidate|boost
|-unboost|p1a: Rotom|atk|1
|move|p1a: Rotom|Trick|p2a: Landorus
|-activate|p1a: Rotom|move: Trick|[of] p2a: Landorus
|-enditem|p2a: Landorus|Choice Scarf|[silent]|[from] move: Trick
|-item|p1a: Rotom|Choice Scarf|[from] move: Trick
|
|upkeep
|turn|24
|
|t:|1660235075
|switch|p2a: Tapu Lele|Tapu Lele|100/100
|-fieldstart|move: Psychic Terrain|[from] ability: Psychic Surge|[of] p2a: Tapu Lele
|move|p1a: Rotom|Trick|p2a: Tapu Lele
|-activate|p1a: Rotom|move: Trick|[of] p2a: Tapu Lele
|-item|p2a: Tapu Lele|Choice Scarf|[from] move: Trick
|-item|p1a: Rotom|Choice Scarf|[from] move: Trick
|
|upkeep
|turn|25
|
|t:|1660235082
|switch|p1a: Rhyperior|Rhyperior, M|100/100
|-damage|p1a: Rhyperior|88/100|[from] Spikes
|move|p2a: Tapu Lele|Psyshock|p1a: Rhyperior
|-damage|p1a: Rhyperior|49/100
|
|-heal|p1a: Rhyperior|55/100|[from] item: Leftovers
|upkeep
|turn|26
|
|t:|1660235086
|switch|p2a: Landorus|Landorus-Therian, M|100/100
|-ability|p2a: Landorus|Intimidate|boost
|-unboost|p1a: Rhyperior|atk|1
|switch|p1a: Umbreon|Umbreon, M|100/100
|-damage|p1a: Umbreon|88/100|[from] Spikes
|
|-heal|p1a: Umbreon|94/100|[from] item: Leftovers
|upkeep
|turn|27
|
|t:|1660235091
|switch|p1a: Rotom|Rotom-Heat|90/100
|move|p2a: Landorus|Stealth Rock|p1a: Rotom
|-sidestart|p1: Lenape|move: Stealth Rock
|
|upkeep
|turn|28
|
|t:|1660235095
|move|p1a: Rotom|Trick|p2a: Landorus
|-activate|p1a: Rotom|move: Trick|[of] p2a: Landorus
|-item|p2a: Landorus|Choice Scarf|[from] move: Trick
|-enditem|p1a: Rotom|Choice Scarf|[silent]|[from] move: Trick
|move|p2a: Landorus|Toxic|p1a: Rotom
|-status|p1a: Rotom|tox
|
|-damage|p1a: Rotom|83/100 tox|[from] psn
|-fieldend|move: Psychic Terrain
|upkeep
|turn|29
|
|t:|1660235106
|switch|p2a: Tapu Lele|Tapu Lele|100/100
|-fieldstart|move: Psychic Terrain|[from] ability: Psychic Surge|[of] p2a: Tapu Lele
|move|p1a: Rotom|Defog|p2a: Tapu Lele
|-unboost|p2a: Tapu Lele|evasion|1
|-sideend|p1: Lenape|Spikes|[from] move: Defog|[of] p1a: Rotom
|-sideend|p1: Lenape|Stealth Rock|[from] move: Defog|[of] p1a: Rotom
|-fieldend|move: Psychic Terrain
|
|-damage|p1a: Rotom|71/100 tox|[from] psn
|upkeep
|turn|30
|
|t:|1660235112
|switch|p1a: Toxapex|Toxapex, M|100/100
|move|p2a: Tapu Lele|Moonblast|p1a: Toxapex
|-resisted|p1a: Toxapex
|-damage|p1a: Toxapex|76/100
|-unboost|p1a: Toxapex|spa|1
|
|-heal|p1a: Toxapex|83/100|[from] item: Black Sludge
|upkeep
|turn|31
|
|t:|1660235117
|switch|p2a: Landorus|Landorus-Therian, M|100/100
|-ability|p2a: Landorus|Intimidate|boost
|-unboost|p1a: Toxapex|atk|1
|switch|p1a: Corviknight|Corviknight, M|94/100
|-ability|p1a: Corviknight|Pressure
|
|-heal|p1a: Corviknight|100/100|[from] item: Leftovers
|upkeep
|turn|32
|
|t:|1660235124
|switch|p1a: Umbreon|Umbreon, M|94/100
|move|p2a: Landorus|Stealth Rock|p1a: Umbreon
|-sidestart|p1: Lenape|move: Stealth Rock
|
|-heal|p1a: Umbreon|99/100|[from] item: Leftovers
|upkeep
|turn|33
|
|t:|1660235129
|switch|p2a: Ferrothorn|Ferrothorn, M|95/100 brn
|move|p1a: Umbreon|Heal Bell|p1a: Umbreon
|-activate|p1a: Umbreon|move: Heal Bell
|-curestatus|p1: Rotom|tox|[msg]
|
|-heal|p1a: Umbreon|100/100|[from] item: Leftovers
|-heal|p2a: Ferrothorn|100/100 brn|[from] item: Leftovers
|-damage|p2a: Ferrothorn|95/100 brn|[from] brn
|upkeep
|turn|34
|
|t:|1660235134
|move|p1a: Umbreon|Wish|p1a: Umbreon
|move|p2a: Ferrothorn|Leech Seed|p1a: Umbreon
|-start|p1a: Umbreon|move: Leech Seed
|
|-heal|p2a: Ferrothorn|100/100 brn|[from] item: Leftovers
|-damage|p1a: Umbreon|88/100|[from] Leech Seed|[of] p2a: Ferrothorn
|-damage|p2a: Ferrothorn|95/100 brn|[from] brn
|upkeep
|turn|35
|
|t:|1660235137
|switch|p1a: Rotom|Rotom-Heat|71/100
|-damage|p1a: Rotom|46/100|[from] Stealth Rock
|move|p2a: Ferrothorn|Knock Off|p1a: Rotom
|-damage|p1a: Rotom|39/100
|
|-heal|p1a: Rotom|100/100|[from] move: Wish|[wisher] Umbreon
|-heal|p2a: Ferrothorn|100/100 brn|[from] item: Leftovers
|-damage|p2a: Ferrothorn|95/100 brn|[from] brn
|upkeep
|turn|36
|
|t:|1660235142
|switch|p2a: Landorus|Landorus-Therian, M|100/100
|-ability|p2a: Landorus|Intimidate|boost
|-unboost|p1a: Rotom|atk|1
|move|p1a: Rotom|Defog|p2a: Landorus
|-unboost|p2a: Landorus|evasion|1
|-sideend|p1: Lenape|Stealth Rock|[from] move: Defog|[of] p1a: Rotom
|
|upkeep
|turn|37
|
|t:|1660235146
|switch|p1a: Corviknight|Corviknight, M|100/100
|-ability|p1a: Corviknight|Pressure
|move|p2a: Landorus|Stealth Rock|p1a: Corviknight
|-sidestart|p1: Lenape|move: Stealth Rock
|
|upkeep
|turn|38
|
|t:|1660235149
|switch|p2a: Regieleki|Regieleki|100/100
|move|p1a: Corviknight|Substitute|p1a: Corviknight
|-start|p1a: Corviknight|Substitute
|-damage|p1a: Corviknight|75/100
|
|-heal|p1a: Corviknight|82/100|[from] item: Leftovers
|upkeep
|turn|39
|
|t:|1660235154
|switch|p2a: Pelipper|Pelipper, M|79/100
|-weather|RainDance|[from] ability: Drizzle|[of] p2a: Pelipper
|move|p1a: Corviknight|Substitute|p1a: Corviknight
|-fail|p1a: Corviknight|move: Substitute
|
|-weather|RainDance|[upkeep]
|-heal|p1a: Corviknight|88/100|[from] item: Leftovers
|upkeep
|turn|40
|
|t:|1660235158
|move|p2a: Pelipper|U-turn|p1a: Corviknight
|-resisted|p1a: Corviknight
|-activate|p1a: Corviknight|move: Substitute|[damage]
|
|t:|1660235164
|switch|p2a: Barraskewda|Barraskewda, F|100/100|[from]move: U-turn
|move|p1a: Corviknight|Substitute|p1a: Corviknight
|-fail|p1a: Corviknight|move: Substitute
|
|-weather|RainDance|[upkeep]
|-heal|p1a: Corviknight|94/100|[from] item: Leftovers
|upkeep
|turn|41
|
|t:|1660235167
|move|p2a: Barraskewda|Flip Turn|p1a: Corviknight
|-end|p1a: Corviknight|Substitute
|
|t:|1660235173
|switch|p2a: Tapu Lele|Tapu Lele|100/100|[from]move: Flip Turn
|-fieldstart|move: Psychic Terrain|[from] ability: Psychic Surge|[of] p2a: Tapu Lele
|move|p1a: Corviknight|Substitute|p1a: Corviknight
|-start|p1a: Corviknight|Substitute
|-damage|p1a: Corviknight|69/100
|
|-weather|RainDance|[upkeep]
|-heal|p1a: Corviknight|75/100|[from] item: Leftovers
|upkeep
|turn|42
|
|t:|1660235176
|move|p2a: Tapu Lele|Future Sight|p1a: Corviknight
|-start|p2a: Tapu Lele|move: Future Sight
|move|p1a: Corviknight|Bulk Up|p1a: Corviknight
|-boost|p1a: Corviknight|atk|1
|-boost|p1a: Corviknight|def|1
|
|-weather|RainDance|[upkeep]
|-heal|p1a: Corviknight|82/100|[from] item: Leftovers
|upkeep
|turn|43
|
|t:|1660235180
|switch|p2a: Regieleki|Regieleki|100/100
|move|p1a: Corviknight|Brave Bird|p2a: Regieleki
|-resisted|p2a: Regieleki
|-damage|p2a: Regieleki|32/100
|-damage|p1a: Corviknight|64/100|[from] Recoil
|
|-weather|none
|-heal|p1a: Corviknight|70/100|[from] item: Leftovers
|upkeep
|turn|44
|
|t:|1660235188
|move|p2a: Regieleki|Electro Ball|p1a: Corviknight
|-supereffective|p1a: Corviknight
|-end|p1a: Corviknight|Substitute
|move|p1a: Corviknight|Brave Bird|p2a: Regieleki
|-resisted|p2a: Regieleki
|-damage|p2a: Regieleki|0 fnt
|faint|p2a: Regieleki
|-damage|p1a: Corviknight|62/100|[from] Recoil
|
|-end|p1a: Corviknight|move: Future Sight
|-resisted|p1a: Corviknight
|-damage|p1a: Corviknight|22/100
|-heal|p1a: Corviknight|28/100|[from] item: Leftovers
|upkeep
|
|t:|1660235195
|switch|p2a: Pelipper|Pelipper, M|79/100
|-weather|RainDance|[from] ability: Drizzle|[of] p2a: Pelipper
|turn|45
|
|t:|1660235197
|switch|p1a: Toxapex|Toxapex, M|100/100
|-damage|p1a: Toxapex|88/100|[from] Stealth Rock
|move|p2a: Pelipper|Hurricane|p1a: Toxapex
|-damage|p1a: Toxapex|20/100
|
|-weather|RainDance|[upkeep]
|-heal|p1a: Toxapex|26/100|[from] item: Black Sludge
|-fieldend|move: Psychic Terrain
|upkeep
|turn|46
|
|t:|1660235200
|move|p1a: Toxapex|Baneful Bunker|p1a: Toxapex
|-singleturn|p1a: Toxapex|move: Protect
|move|p2a: Pelipper|Hurricane|p1a: Toxapex
|-activate|p1a: Toxapex|move: Protect
|
|-weather|RainDance|[upkeep]
|-heal|p1a: Toxapex|32/100|[from] item: Black Sludge
|upkeep
|turn|47
|
|t:|1660235203
|switch|p1a: Rotom|Rotom-Heat|100/100
|-damage|p1a: Rotom|75/100|[from] Stealth Rock
|move|p2a: Pelipper|Hurricane|p1a: Rotom
|-resisted|p1a: Rotom
|-damage|p1a: Rotom|43/100
|-start|p1a: Rotom|confusion
|
|-weather|RainDance|[upkeep]
|upkeep
|turn|48
|
|t:|1660235207
|switch|p2a: Landorus|Landorus-Therian, M|100/100
|-ability|p2a: Landorus|Intimidate|boost
|-unboost|p1a: Rotom|atk|1
|-activate|p1a: Rotom|confusion
|-damage|p1a: Rotom|39/100|[from] confusion
|
|-weather|RainDance|[upkeep]
|upkeep
|turn|49
|
|t:|1660235212
|move|p2a: Landorus|U-turn|p1a: Rotom
|-resisted|p1a: Rotom
|-damage|p1a: Rotom|28/100
|
|t:|1660235215
|switch|p2a: Barraskewda|Barraskewda, F|100/100|[from]move: U-turn
|-activate|p1a: Rotom|confusion
|-damage|p1a: Rotom|25/100|[from] confusion
|
|-weather|none
|upkeep
|turn|50
|
|t:|1660235218
|switch|p1a: Toxapex|Toxapex, M|65/100
|-damage|p1a: Toxapex|53/100|[from] Stealth Rock
|move|p2a: Barraskewda|Flip Turn|p1a: Toxapex
|-resisted|p1a: Toxapex
|-damage|p1a: Toxapex|38/100
|
|t:|1660235222
|switch|p2a: Pelipper|Pelipper, M|79/100|[from]move: Flip Turn
|-weather|RainDance|[from] ability: Drizzle|[of] p2a: Pelipper
|
|-weather|RainDance|[upkeep]
|-heal|p1a: Toxapex|44/100|[from] item: Black Sludge
|upkeep
|turn|51
|
|t:|1660235224
|move|p1a: Toxapex|Baneful Bunker|p1a: Toxapex
|-singleturn|p1a: Toxapex|move: Protect
|move|p2a: Pelipper|Hurricane|p1a: Toxapex
|-activate|p1a: Toxapex|move: Protect
|
|-weather|RainDance|[upkeep]
|-heal|p1a: Toxapex|50/100|[from] item: Black Sludge
|upkeep
|turn|52
|
|t:|1660235228
|switch|p1a: Rotom|Rotom-Heat|25/100
|-damage|p1a: Rotom|0 fnt|[from] Stealth Rock
|faint|p1a: Rotom
|move|p2a: Pelipper|Hurricane|p1: Rotom|[notarget]
|-fail|p2a: Pelipper
|
|-weather|RainDance|[upkeep]
|upkeep
|
|t:|1660235229
|switch|p1a: Rhyperior|Rhyperior, M|55/100
|-damage|p1a: Rhyperior|49/100|[from] Stealth Rock
|turn|53
|
|t:|1660235232
|switch|p2a: Landorus|Landorus-Therian, M|100/100
|-ability|p2a: Landorus|Intimidate|boost
|-unboost|p1a: Rhyperior|atk|1
|move|p1a: Rhyperior|Stealth Rock|p2a: Landorus
|-sidestart|p2: LT92PF Lolcat|move: Stealth Rock
|
|-weather|RainDance|[upkeep]
|-heal|p1a: Rhyperior|55/100|[from] item: Leftovers
|upkeep
|turn|54
|
|t:|1660235242
|move|p2a: Landorus|Stealth Rock||[still]
|-fail|p2a: Landorus
|move|p1a: Rhyperior|Earthquake|p2a: Landorus
|-immune|p2a: Landorus
|
|-weather|none
|-heal|p1a: Rhyperior|61/100|[from] item: Leftovers
|upkeep
|turn|55
|
|t:|1660235246
|switch|p2a: Ferrothorn|Ferrothorn, M|95/100 brn
|-damage|p2a: Ferrothorn|89/100 brn|[from] Stealth Rock
|move|p1a: Rhyperior|Earthquake|p2a: Ferrothorn
|-damage|p2a: Ferrothorn|66/100 brn
|
|-heal|p1a: Rhyperior|67/100|[from] item: Leftovers
|-heal|p2a: Ferrothorn|72/100 brn|[from] item: Leftovers
|-damage|p2a: Ferrothorn|66/100 brn|[from] brn
|upkeep
|turn|56
|
|t:|1660235249
|move|p1a: Rhyperior|Earthquake|p2a: Ferrothorn
|-damage|p2a: Ferrothorn|45/100 brn
|move|p2a: Ferrothorn|Leech Seed|p1a: Rhyperior
|-start|p1a: Rhyperior|move: Leech Seed
|
|-heal|p1a: Rhyperior|74/100|[from] item: Leftovers
|-heal|p2a: Ferrothorn|51/100 brn|[from] item: Leftovers
|-damage|p1a: Rhyperior|61/100|[from] Leech Seed|[of] p2a: Ferrothorn
|-heal|p2a: Ferrothorn|66/100 brn|[silent]
|-damage|p2a: Ferrothorn|60/100 brn|[from] brn
|upkeep
|turn|57
|
|t:|1660235255
|switch|p1a: Toxapex|Toxapex, M|83/100
|-damage|p1a: Toxapex|71/100|[from] Stealth Rock
|move|p2a: Ferrothorn|Spikes|p1a: Toxapex
|-sidestart|p1: Lenape|Spikes
|
|-heal|p1a: Toxapex|77/100|[from] item: Black Sludge
|-heal|p2a: Ferrothorn|66/100 brn|[from] item: Leftovers
|-damage|p2a: Ferrothorn|60/100 brn|[from] brn
|upkeep
|turn|58
|
|t:|1660235259
|move|p1a: Toxapex|Scald|p2a: Ferrothorn
|-resisted|p2a: Ferrothorn
|-damage|p2a: Ferrothorn|55/100 brn
|move|p2a: Ferrothorn|Knock Off|p1a: Toxapex
|-damage|p1a: Toxapex|71/100
|-enditem|p1a: Toxapex|Black Sludge|[from] move: Knock Off|[of] p2a: Ferrothorn
|
|-heal|p2a: Ferrothorn|61/100 brn|[from] item: Leftovers
|-damage|p2a: Ferrothorn|55/100 brn|[from] brn
|upkeep
|turn|59
|
|t:|1660235261
|move|p1a: Toxapex|Scald|p2a: Ferrothorn
|-resisted|p2a: Ferrothorn
|-damage|p2a: Ferrothorn|49/100 brn
|move|p2a: Ferrothorn|Leech Seed|p1a: Toxapex
|-start|p1a: Toxapex|move: Leech Seed
|
|-heal|p2a: Ferrothorn|55/100 brn|[from] item: Leftovers
|-damage|p1a: Toxapex|59/100|[from] Leech Seed|[of] p2a: Ferrothorn
|-heal|p2a: Ferrothorn|65/100 brn|[silent]
|-damage|p2a: Ferrothorn|59/100 brn|[from] brn
|upkeep
|turn|60
|
|t:|1660235262
|switch|p1a: Rhyperior|Rhyperior, M|61/100
|-damage|p1a: Rhyperior|55/100|[from] Stealth Rock
|-damage|p1a: Rhyperior|42/100|[from] Spikes
|move|p2a: Ferrothorn|Spikes|p1a: Rhyperior
|-sidestart|p1: Lenape|Spikes
|
|-heal|p1a: Rhyperior|49/100|[from] item: Leftovers
|-heal|p2a: Ferrothorn|65/100 brn|[from] item: Leftovers
|-damage|p2a: Ferrothorn|59/100 brn|[from] brn
|upkeep
|turn|61
|
|t:|1660235265
|move|p1a: Rhyperior|Earthquake|p2a: Ferrothorn
|-damage|p2a: Ferrothorn|27/100 brn
|move|p2a: Ferrothorn|Leech Seed|p1a: Rhyperior
|-start|p1a: Rhyperior|move: Leech Seed
|
|-heal|p1a: Rhyperior|55/100|[from] item: Leftovers
|-heal|p2a: Ferrothorn|33/100 brn|[from] item: Leftovers
|-damage|p1a: Rhyperior|42/100|[from] Leech Seed|[of] p2a: Ferrothorn
|-heal|p2a: Ferrothorn|48/100 brn|[silent]
|-damage|p2a: Ferrothorn|42/100 brn|[from] brn
|upkeep
|turn|62
|
|t:|1660235269
|switch|p2a: Landorus|Landorus-Therian, M|100/100
|-damage|p2a: Landorus|88/100|[from] Stealth Rock
|-ability|p2a: Landorus|Intimidate|boost
|-unboost|p1a: Rhyperior|atk|1
|move|p1a: Rhyperior|Earthquake|p2a: Landorus
|-immune|p2a: Landorus
|
|-heal|p1a: Rhyperior|49/100|[from] item: Leftovers
|-damage|p1a: Rhyperior|36/100|[from] Leech Seed|[of] p2a: Landorus
|-heal|p2a: Landorus|100/100|[silent]
|upkeep
|turn|63
|
|t:|1660235275
|move|p2a: Landorus|U-turn|p1a: Rhyperior
|-damage|p1a: Rhyperior|23/100
|
|t:|1660235277
|switch|p2a: Ferrothorn|Ferrothorn, M|42/100 brn|[from]move: U-turn
|-damage|p2a: Ferrothorn|36/100 brn|[from] Stealth Rock
|move|p1a: Rhyperior|Earthquake|p2a: Ferrothorn
|-damage|p2a: Ferrothorn|15/100 brn
|
|-heal|p1a: Rhyperior|30/100|[from] item: Leftovers
|-heal|p2a: Ferrothorn|21/100 brn|[from] item: Leftovers
|-damage|p1a: Rhyperior|17/100|[from] Leech Seed|[of] p2a: Ferrothorn
|-heal|p2a: Ferrothorn|36/100 brn|[silent]
|-damage|p2a: Ferrothorn|30/100 brn|[from] brn
|upkeep
|turn|64
|
|t:|1660235280
|move|p1a: Rhyperior|Earthquake|p2a: Ferrothorn
|-damage|p2a: Ferrothorn|8/100 brn
|move|p2a: Ferrothorn|Spikes|p1a: Rhyperior
|-sidestart|p1: Lenape|Spikes
|
|-heal|p1a: Rhyperior|23/100|[from] item: Leftovers
|-heal|p2a: Ferrothorn|14/100 brn|[from] item: Leftovers
|-damage|p1a: Rhyperior|11/100|[from] Leech Seed|[of] p2a: Ferrothorn
|-heal|p2a: Ferrothorn|29/100 brn|[silent]
|-damage|p2a: Ferrothorn|23/100 brn|[from] brn
|upkeep
|turn|65
|
|t:|1660235284
|switch|p2a: Landorus|Landorus-Therian, M|100/100
|-damage|p2a: Landorus|88/100|[from] Stealth Rock
|-ability|p2a: Landorus|Intimidate|boost
|-unboost|p1a: Rhyperior|atk|1
|move|p1a: Rhyperior|Earthquake|p2a: Landorus
|-immune|p2a: Landorus
|
|-heal|p1a: Rhyperior|17/100|[from] item: Leftovers
|-damage|p1a: Rhyperior|5/100|[from] Leech Seed|[of] p2a: Landorus
|-heal|p2a: Landorus|100/100|[silent]
|upkeep
|turn|66
|
|t:|1660235286
|move|p2a: Landorus|U-turn|p1a: Rhyperior
|-damage|p1a: Rhyperior|0 fnt
|faint|p1a: Rhyperior
|
|t:|1660235288
|switch|p2a: Pelipper|Pelipper, M|79/100|[from]move: U-turn
|-damage|p2a: Pelipper|55/100|[from] Stealth Rock
|-weather|RainDance|[from] ability: Drizzle|[of] p2a: Pelipper
|
|-weather|RainDance|[upkeep]
|upkeep
|
|t:|1660235292
|switch|p1a: Sylveon|Sylveon, M|100/100
|-damage|p1a: Sylveon|88/100|[from] Stealth Rock
|-damage|p1a: Sylveon|63/100|[from] Spikes
|turn|67
|
|t:|1660235295
|move|p1a: Sylveon|Protect|p1a: Sylveon
|-singleturn|p1a: Sylveon|Protect
|move|p2a: Pelipper|Weather Ball|p1a: Sylveon
|-activate|p1a: Sylveon|move: Protect
|
|-weather|RainDance|[upkeep]
|-heal|p1a: Sylveon|69/100|[from] item: Leftovers
|upkeep
|turn|68
|
|t:|1660235297
|move|p2a: Pelipper|Weather Ball|p1a: Sylveon
|-crit|p1a: Sylveon
|-damage|p1a: Sylveon|0 fnt
|faint|p1a: Sylveon
|
|-weather|RainDance|[upkeep]
|upkeep
|
|t:|1660235302
|switch|p1a: Toxapex|Toxapex, M|92/100
|-damage|p1a: Toxapex|79/100|[from] Stealth Rock
|-damage|p1a: Toxapex|54/100|[from] Spikes
|turn|69
|
|t:|1660235305
|switch|p2a: Landorus|Landorus-Therian, M|100/100
|-damage|p2a: Landorus|88/100|[from] Stealth Rock
|-ability|p2a: Landorus|Intimidate|boost
|-unboost|p1a: Toxapex|atk|1
|move|p1a: Toxapex|Baneful Bunker||[still]
|-fail|p1a: Toxapex
|
|-weather|RainDance|[upkeep]
|upkeep
|turn|70
|
|t:|1660235310
|switch|p2a: Tapu Lele|Tapu Lele|100/100
|-damage|p2a: Tapu Lele|88/100|[from] Stealth Rock
|-fieldstart|move: Psychic Terrain|[from] ability: Psychic Surge|[of] p2a: Tapu Lele
|move|p1a: Toxapex|Baneful Bunker||[still]
|-fail|p1a: Toxapex
|
|-weather|none
|upkeep
|turn|71
|
|t:|1660235318
|move|p1a: Toxapex|Baneful Bunker|p1a: Toxapex
|-singleturn|p1a: Toxapex|move: Protect
|move|p2a: Tapu Lele|Thunder|p1a: Toxapex
|-activate|p1a: Toxapex|move: Protect
|
|upkeep
|turn|72
|
|t:|1660235324
|switch|p2a: Pelipper|Pelipper, M|55/100
|-damage|p2a: Pelipper|30/100|[from] Stealth Rock
|-weather|RainDance|[from] ability: Drizzle|[of] p2a: Pelipper
|move|p1a: Toxapex|Recover|p1a: Toxapex
|-heal|p1a: Toxapex|100/100
|
|-weather|RainDance|[upkeep]
|upkeep
|turn|73
|
|t:|1660235327
|move|p1a: Toxapex|Baneful Bunker|p1a: Toxapex
|-singleturn|p1a: Toxapex|move: Protect
|move|p2a: Pelipper|Hurricane|p1a: Toxapex
|-activate|p1a: Toxapex|move: Protect
|
|-weather|RainDance|[upkeep]
|upkeep
|turn|74
|
|t:|1660235330
|move|p2a: Pelipper|Hurricane|p1a: Toxapex
|-damage|p1a: Toxapex|40/100
|move|p1a: Toxapex|Toxic|p2a: Pelipper
|-status|p2a: Pelipper|tox
|
|-weather|RainDance|[upkeep]
|-damage|p2a: Pelipper|23/100 tox|[from] psn
|-fieldend|move: Psychic Terrain
|upkeep
|turn|75
|
|t:|1660235333
|move|p1a: Toxapex|Baneful Bunker|p1a: Toxapex
|-singleturn|p1a: Toxapex|move: Protect
|move|p2a: Pelipper|Hurricane|p1a: Toxapex
|-activate|p1a: Toxapex|move: Protect
|
|-weather|RainDance|[upkeep]
|-damage|p2a: Pelipper|11/100 tox|[from] psn
|upkeep
|turn|76
|
|t:|1660235341
|switch|p1a: Corviknight|Corviknight, M|28/100
|-damage|p1a: Corviknight|16/100|[from] Stealth Rock
|-ability|p1a: Corviknight|Pressure
|move|p2a: Pelipper|Hurricane|p1a: Corviknight
|-resisted|p1a: Corviknight
|-damage|p1a: Corviknight|0 fnt
|faint|p1a: Corviknight
|
|-weather|none
|-damage|p2a: Pelipper|0 fnt|[from] psn
|faint|p2a: Pelipper
|upkeep
|
|t:|1660235352
|switch|p2a: Ferrothorn|Ferrothorn, M|23/100 brn
|switch|p1a: Umbreon|Umbreon, M|88/100
|-damage|p1a: Umbreon|76/100|[from] Stealth Rock
|-damage|p1a: Umbreon|51/100|[from] Spikes
|-damage|p2a: Ferrothorn|17/100 brn|[from] Stealth Rock
|turn|77
|
|t:|1660235356
|move|p1a: Umbreon|Foul Play|p2a: Ferrothorn
|-damage|p2a: Ferrothorn|0 fnt
|-damage|p1a: Umbreon|38/100|[from] ability: Iron Barbs|[of] p2a: Ferrothorn
|faint|p2a: Ferrothorn
|
|-heal|p1a: Umbreon|44/100|[from] item: Leftovers
|upkeep
|
|t:|1660235368
|switch|p2a: Barraskewda|Barraskewda, F|100/100
|-damage|p2a: Barraskewda|88/100|[from] Stealth Rock
|turn|78
|
|t:|1660235369
|move|p1a: Umbreon|Protect|p1a: Umbreon
|-singleturn|p1a: Umbreon|Protect
|move|p2a: Barraskewda|Liquidation|p1a: Umbreon
|-activate|p1a: Umbreon|move: Protect
|
|-heal|p1a: Umbreon|50/100|[from] item: Leftovers
|upkeep
|turn|79
|
|t:|1660235371
|move|p2a: Barraskewda|Liquidation|p1a: Umbreon
|-damage|p1a: Umbreon|7/100
|move|p1a: Umbreon|Wish|p1a: Umbreon
|
|-heal|p1a: Umbreon|13/100|[from] item: Leftovers
|upkeep
|turn|80
|
|t:|1660235376
|switch|p2a: Tapu Lele|Tapu Lele|88/100
|-damage|p2a: Tapu Lele|76/100|[from] Stealth Rock
|-fieldstart|move: Psychic Terrain|[from] ability: Psychic Surge|[of] p2a: Tapu Lele
|move|p1a: Umbreon|Protect||[still]
|-fail|p1a: Umbreon
|
|-heal|p1a: Umbreon|63/100|[from] move: Wish|[wisher] Umbreon
|-heal|p1a: Umbreon|69/100|[from] item: Leftovers
|upkeep
|turn|81
|
|t:|1660235378
|move|p1a: Umbreon|Protect|p1a: Umbreon
|-singleturn|p1a: Umbreon|Protect
|move|p2a: Tapu Lele|Thunder|p1a: Umbreon
|-activate|p1a: Umbreon|move: Protect
|
|-heal|p1a: Umbreon|75/100|[from] item: Leftovers
|upkeep
|turn|82
|
|t:|1660235380
|move|p2a: Tapu Lele|Thunder|p1a: Umbreon
|-damage|p1a: Umbreon|47/100
|move|p1a: Umbreon|Wish|p1a: Umbreon
|
|-heal|p1a: Umbreon|53/100|[from] item: Leftovers
|upkeep
|turn|83
|
|t:|1660235384
|switch|p2a: Landorus|Landorus-Therian, M|88/100
|-damage|p2a: Landorus|76/100|[from] Stealth Rock
|-ability|p2a: Landorus|Intimidate|boost
|-fail|p1a: Umbreon|unboost|Attack|[from] ability: Inner Focus|[of] p1a: Umbreon
|move|p1a: Umbreon|Foul Play|p2a: Landorus
|-damage|p2a: Landorus|39/100
|
|-heal|p1a: Umbreon|100/100|[from] move: Wish|[wisher] Umbreon
|upkeep
|turn|84
|
|t:|1660235393
|move|p1a: Umbreon|Protect|p1a: Umbreon
|-singleturn|p1a: Umbreon|Protect
|move|p2a: Landorus|Toxic|p1a: Umbreon
|-activate|p1a: Umbreon|move: Protect
|
|-fieldend|move: Psychic Terrain
|upkeep
|turn|85
|
|t:|1660235397
|move|p2a: Landorus|Toxic|p1a: Umbreon
|-status|p1a: Umbreon|tox
|move|p1a: Umbreon|Foul Play|p2a: Landorus
|-damage|p2a: Landorus|3/100
|
|-damage|p1a: Umbreon|94/100 tox|[from] psn
|upkeep
|turn|86
|
|t:|1660235403
|switch|p2a: Tapu Lele|Tapu Lele|76/100
|-damage|p2a: Tapu Lele|63/100|[from] Stealth Rock
|-fieldstart|move: Psychic Terrain|[from] ability: Psychic Surge|[of] p2a: Tapu Lele
|move|p1a: Umbreon|Heal Bell|p1a: Umbreon
|-activate|p1a: Umbreon|move: Heal Bell
|-curestatus|p1a: Umbreon|tox|[msg]
|
|-heal|p1a: Umbreon|100/100|[from] item: Leftovers
|upkeep
|turn|87
|
|t:|1660235409
|move|p1a: Umbreon|Protect|p1a: Umbreon
|-singleturn|p1a: Umbreon|Protect
|move|p2a: Tapu Lele|Future Sight|p1a: Umbreon
|-start|p2a: Tapu Lele|move: Future Sight
|
|upkeep
|turn|88
|
|t:|1660235417
|switch|p2a: Landorus|Landorus-Therian, M|3/100
|-damage|p2a: Landorus|0 fnt|[from] Stealth Rock
|faint|p2a: Landorus
|move|p1a: Umbreon|Foul Play|p2: Landorus|[notarget]
|-fail|p1a: Umbreon
|
|upkeep
|
|t:|1660235419
|switch|p2a: Barraskewda|Barraskewda, F|88/100
|-damage|p2a: Barraskewda|76/100|[from] Stealth Rock
|turn|89
|
|t:|1660235421
|move|p1a: Umbreon|Protect|p1a: Umbreon
|-singleturn|p1a: Umbreon|Protect
|move|p2a: Barraskewda|Close Combat|p1a: Umbreon
|-activate|p1a: Umbreon|move: Protect
|
|-end|p1a: Umbreon|move: Future Sight
|-immune|p1a: Umbreon
|upkeep
|turn|90
|
|t:|1660235423
|move|p2a: Barraskewda|Close Combat|p1a: Umbreon
|-supereffective|p1a: Umbreon
|-damage|p1a: Umbreon|19/100
|-unboost|p2a: Barraskewda|def|1
|-unboost|p2a: Barraskewda|spd|1
|move|p1a: Umbreon|Wish|p1a: Umbreon
|
|-heal|p1a: Umbreon|25/100|[from] item: Leftovers
|-fieldend|move: Psychic Terrain
|upkeep
|turn|91
|
|t:|1660235429
|move|p1a: Umbreon|Protect|p1a: Umbreon
|-singleturn|p1a: Umbreon|Protect
|move|p2a: Barraskewda|Close Combat|p1a: Umbreon
|-activate|p1a: Umbreon|move: Protect
|
|-heal|p1a: Umbreon|75/100|[from] move: Wish|[wisher] Umbreon
|-heal|p1a: Umbreon|81/100|[from] item: Leftovers
|upkeep
|turn|92
|
|t:|1660235438
|switch|p2a: Tapu Lele|Tapu Lele|63/100
|-damage|p2a: Tapu Lele|51/100|[from] Stealth Rock
|-fieldstart|move: Psychic Terrain|[from] ability: Psychic Surge|[of] p2a: Tapu Lele
|move|p1a: Umbreon|Foul Play|p2a: Tapu Lele
|-damage|p2a: Tapu Lele|14/100
|
|-heal|p1a: Umbreon|88/100|[from] item: Leftovers
|upkeep
|turn|93
|
|t:|1660235443
|move|p1a: Umbreon|Protect|p1a: Umbreon
|-singleturn|p1a: Umbreon|Protect
|move|p2a: Tapu Lele|Moonblast|p1a: Umbreon
|-activate|p1a: Umbreon|move: Protect
|
|-heal|p1a: Umbreon|94/100|[from] item: Leftovers
|upkeep
|turn|94
|
|t:|1660235453
|move|p2a: Tapu Lele|Moonblast|p1a: Umbreon
|-supereffective|p1a: Umbreon
|-damage|p1a: Umbreon|24/100
|move|p1a: Umbreon|Wish|p1a: Umbreon
|
|-heal|p1a: Umbreon|30/100|[from] item: Leftovers
|upkeep
|turn|95
|
|t:|1660235459
|move|p1a: Umbreon|Protect|p1a: Umbreon
|-singleturn|p1a: Umbreon|Protect
|move|p2a: Tapu Lele|Moonblast|p1a: Umbreon
|-activate|p1a: Umbreon|move: Protect
|
|-heal|p1a: Umbreon|80/100|[from] move: Wish|[wisher] Umbreon
|-heal|p1a: Umbreon|86/100|[from] item: Leftovers
|upkeep
|turn|96
|
|t:|1660235467
|move|p2a: Tapu Lele|Moonblast|p1a: Umbreon
|-supereffective|p1a: Umbreon
|-damage|p1a: Umbreon|8/100
|move|p1a: Umbreon|Foul Play|p2a: Tapu Lele
|-damage|p2a: Tapu Lele|0 fnt
|faint|p2a: Tapu Lele
|
|-heal|p1a: Umbreon|14/100|[from] item: Leftovers
|-fieldend|move: Psychic Terrain
|upkeep
|
|t:|1660235471
|switch|p2a: Barraskewda|Barraskewda, F|76/100
|-damage|p2a: Barraskewda|64/100|[from] Stealth Rock
|turn|97
|
|t:|1660235479
|move|p1a: Umbreon|Protect|p1a: Umbreon
|-singleturn|p1a: Umbreon|Protect
|move|p2a: Barraskewda|Liquidation|p1a: Umbreon
|-activate|p1a: Umbreon|move: Protect
|
|-heal|p1a: Umbreon|20/100|[from] item: Leftovers
|upkeep
|turn|98
|
|t:|1660235481
|move|p2a: Barraskewda|Liquidation|p1a: Umbreon
|-damage|p1a: Umbreon|0 fnt
|faint|p1a: Umbreon
|
|upkeep
|
|t:|1660235482
|switch|p1a: Toxapex|Toxapex, M|73/100
|-damage|p1a: Toxapex|61/100|[from] Stealth Rock
|-damage|p1a: Toxapex|36/100|[from] Spikes
|turn|99
|
|t:|1660235489
|move|p1a: Toxapex|Baneful Bunker|p1a: Toxapex
|-singleturn|p1a: Toxapex|move: Protect
|move|p2a: Barraskewda|Liquidation|p1a: Toxapex
|-activate|p1a: Toxapex|move: Protect
|-status|p2a: Barraskewda|psn
|
|-damage|p2a: Barraskewda|52/100 psn|[from] psn
|upkeep
|turn|100
|
|t:|1660235490
|move|p2a: Barraskewda|Liquidation|p1a: Toxapex
|-resisted|p1a: Toxapex
|-crit|p1a: Toxapex
|-damage|p1a: Toxapex|5/100
|move|p1a: Toxapex|Recover|p1a: Toxapex
|-heal|p1a: Toxapex|55/100
|
|-damage|p2a: Barraskewda|40/100 psn|[from] psn
|upkeep
|turn|101
|-message|LT92PF Lolcat forfeited.
|
|win|Lenape
|raw|Lenape's rating: 1791 &rarr; <strong>1807</strong><br />(+16 for winning)
|raw|LT92PF Lolcat's rating: 1712 &rarr; <strong>1696</strong><br />(-16 for losing)
|l|☆LT92PF Lolcat
|l|☆Lenape
||Ladder isn't responding, score probably updated but might not have (Request timeout).
