|html|<div class="broadcast-blue"><strong>[Gen 8] OU is currently suspecting Melmetal! For information on how to participate check out the <a href="https://www.smogon.com/forums/threads/np-ss-ou-suspect-process-round-12-monster-mash.3709234/">suspect thread</a>.</strong></div>
|j|☆d18l
|j|☆Kobrizzle
|t:|1666835051
|gametype|singles
|player|p1|d18l|backpacker|1735
|player|p2|Kobrizzle|266|1754
|teamsize|p1|6
|teamsize|p2|6
|gen|8
|tier|[Gen 8] OU
|rated|
|rule|Sleep Clause Mod: Limit one foe put to sleep
|rule|Species Clause: Limit one of each Pokémon
|rule|OHKO Clause: OHKO moves are banned
|rule|Evasion Items Clause: Evasion items are banned
|rule|Evasion Moves Clause: Evasion moves are banned
|rule|Endless Battle Clause: Forcing endless battles is banned
|rule|HP Percentage Mod: HP is shown in percentages
|rule|Dynamax Clause: You cannot dynamax
|clearpoke
|poke|p1|Kartana|
|poke|p1|Heatran, F|
|poke|p1|Landorus-Therian, M|
|poke|p1|Slowbro, F|
|poke|p1|Umbreon, M|
|poke|p1|Tapu Koko|
|poke|p2|Tyranitar, M|
|poke|p2|Nidoking, M|
|poke|p2|Zapdos|
|poke|p2|Scizor, F|
|poke|p2|Dragonite, M|
|poke|p2|Clefable, F|
|teampreview
|inactive|Battle timer is ON: inactive players will automatically lose when time's up. (requested by Kobrizzle)
|j| Carbine element
|
|t:|1666835070
|start
|switch|p1a: Kartana|Kartana|100/100
|switch|p2a: Nidoking|Nidoking, M|100/100
|turn|1
|j| Buzby Brassbolts
|
|t:|1666835079
|move|p1a: Kartana|Knock Off|p2a: Nidoking
|-damage|p2a: Nidoking|10/100
|-enditem|p2a: Nidoking|Focus Sash|[from] move: Knock Off|[of] p1a: Kartana
|move|p2a: Nidoking|Earth Power|p1a: Kartana
|-crit|p1a: Kartana
|-damage|p1a: Kartana|0 fnt
|faint|p1a: Kartana
|
|upkeep
|
|t:|1666835089
|switch|p1a: Tapu Koko|Tapu Koko|100/100
|-fieldstart|move: Electric Terrain|[from] ability: Electric Surge|[of] p1a: Tapu Koko
|turn|2
|
|t:|1666835096
|switch|p2a: Scizor|Scizor, F|100/100
|move|p1a: Tapu Koko|Dazzling Gleam|p2a: Scizor
|-resisted|p2a: Scizor
|-damage|p2a: Scizor|87/100
|
|-heal|p2a: Scizor|93/100|[from] item: Leftovers
|upkeep
|turn|3
|
|t:|1666835113
|switch|p1a: Slowbro|Slowbro, F|100/100
|move|p2a: Scizor|U-turn|p1a: Slowbro
|-supereffective|p1a: Slowbro
|-damage|p1a: Slowbro|56/100
|
|t:|1666835124
|switch|p2a: Zapdos|Zapdos|100/100|[from]move: U-turn
|
|upkeep
|turn|4
|
|t:|1666835128
|switch|p1a: Tapu Koko|Tapu Koko|100/100
|move|p2a: Zapdos|Hurricane|p1a: Tapu Koko
|-resisted|p1a: Tapu Koko
|-damage|p1a: Tapu Koko|42/100
|
|upkeep
|turn|5
|inactive|d18l has 120 seconds left.
|
|t:|1666835169
|switch|p1a: Heatran|Heatran, F|100/100
|move|p2a: Zapdos|Hurricane|p1a: Heatran|[miss]
|-miss|p2a: Zapdos|p1a: Heatran
|
|upkeep
|turn|6
|
|t:|1666835176
|switch|p2a: Dragonite|Dragonite, M|100/100
|move|p1a: Heatran|Stealth Rock|p2a: Dragonite
|-sidestart|p2: Kobrizzle|move: Stealth Rock
|
|-fieldend|move: Electric Terrain
|upkeep
|turn|7
|
|t:|1666835183
|switch|p1a: Slowbro|Slowbro, F|90/100
|move|p2a: Dragonite|Earthquake|p1a: Slowbro
|-damage|p1a: Slowbro|65/100
|
|upkeep
|turn|8
|
|t:|1666835189
|move|p2a: Dragonite|Defog|p1a: Slowbro
|-unboost|p1a: Slowbro|evasion|1
|-sideend|p2: Kobrizzle|Stealth Rock|[from] move: Defog|[of] p2a: Dragonite
|move|p1a: Slowbro|Future Sight|p2a: Dragonite
|-start|p1a: Slowbro|move: Future Sight
|
|upkeep
|turn|9
|
|t:|1666835201
|switch|p2a: Scizor|Scizor, F|93/100
|move|p1a: Slowbro|Teleport|p1a: Slowbro
|
|t:|1666835211
|switch|p1a: Heatran|Heatran, F|100/100|[from]move: Teleport
|
|-heal|p2a: Scizor|99/100|[from] item: Leftovers
|upkeep
|turn|10
|
|t:|1666835217
|switch|p2a: Tyranitar|Tyranitar, M, shiny|100/100
|-weather|Sandstorm|[from] ability: Sand Stream|[of] p2a: Tyranitar
|move|p1a: Heatran|Toxic|p2a: Tyranitar
|-status|p2a: Tyranitar|tox
|
|-weather|Sandstorm|[upkeep]
|-end|p2a: Tyranitar|move: Future Sight
|-immune|p2a: Tyranitar
|-damage|p2a: Tyranitar|94/100 tox|[from] psn
|upkeep
|turn|11
|
|t:|1666835228
|switch|p1a: Landorus|Landorus-Therian, M|100/100
|-ability|p1a: Landorus|Intimidate|boost
|-unboost|p2a: Tyranitar|atk|1
|move|p2a: Tyranitar|Stone Edge|p1a: Landorus|[miss]
|-miss|p2a: Tyranitar|p1a: Landorus
|
|-weather|Sandstorm|[upkeep]
|-damage|p2a: Tyranitar|82/100 tox|[from] psn
|upkeep
|turn|12
|
|t:|1666835244
|switch|p2a: Zapdos|Zapdos|100/100
|move|p1a: Landorus|U-turn|p2a: Zapdos
|-resisted|p2a: Zapdos
|-damage|p2a: Zapdos|86/100
|-status|p1a: Landorus|par|[from] ability: Static|[of] p2a: Zapdos
|c|☆Kobrizzle|This is hilarious
|inactive|d18l has 120 seconds left.
|
|t:|1666835278
|switch|p1a: Heatran|Heatran, F|100/100|[from]move: U-turn
|
|-weather|Sandstorm|[upkeep]
|-damage|p2a: Zapdos|80/100|[from] Sandstorm
|upkeep
|turn|13
|
|t:|1666835285
|move|p1a: Heatran|Protect|p1a: Heatran
|-singleturn|p1a: Heatran|Protect
|move|p2a: Zapdos|Volt Switch|p1a: Heatran
|-activate|p1a: Heatran|move: Protect
|
|-weather|Sandstorm|[upkeep]
|-damage|p2a: Zapdos|73/100|[from] Sandstorm
|upkeep
|turn|14
|
|t:|1666835294
|switch|p2a: Nidoking|Nidoking, M|10/100
|move|p1a: Heatran|Stealth Rock|p2a: Nidoking
|-sidestart|p2: Kobrizzle|move: Stealth Rock
|
|-weather|none
|upkeep
|turn|15
|
|t:|1666835305
|switch|p1a: Landorus|Landorus-Therian, M|100/100 par
|-ability|p1a: Landorus|Intimidate|boost
|-unboost|p2a: Nidoking|atk|1
|move|p2a: Nidoking|Stealth Rock|p1a: Landorus
|-sidestart|p1: d18l|move: Stealth Rock
|
|upkeep
|turn|16
|j| crashinggg
|j| TJ Too Smooth
|
|t:|1666835312
|switch|p1a: Slowbro|Slowbro, F|98/100
|move|p2a: Nidoking|Sludge Wave|p1a: Slowbro
|-damage|p1a: Slowbro|58/100
|
|upkeep
|turn|17
|
|t:|1666835319
|switch|p2a: Scizor|Scizor, F|99/100
|-damage|p2a: Scizor|87/100|[from] Stealth Rock
|move|p1a: Slowbro|Scald|p2a: Scizor
|-damage|p2a: Scizor|62/100
|
|-heal|p2a: Scizor|68/100|[from] item: Leftovers
|upkeep
|turn|18
|
|t:|1666835328
|switch|p1a: Heatran|Heatran, F|100/100
|-damage|p1a: Heatran|88/100|[from] Stealth Rock
|move|p2a: Scizor|U-turn|p1a: Heatran
|-resisted|p1a: Heatran
|-damage|p1a: Heatran|83/100
|
|t:|1666835337
|switch|p2a: Dragonite|Dragonite, M|100/100|[from]move: U-turn
|
|-heal|p1a: Heatran|90/100|[from] item: Leftovers
|upkeep
|turn|19
|
|t:|1666835343
|move|p1a: Heatran|Protect|p1a: Heatran
|-singleturn|p1a: Heatran|Protect
|move|p2a: Dragonite|Earthquake|p1a: Heatran
|-activate|p1a: Heatran|move: Protect
|
|-heal|p1a: Heatran|96/100|[from] item: Leftovers
|upkeep
|turn|20
|j| oophyte
|
|t:|1666835351
|switch|p1a: Slowbro|Slowbro, F|91/100
|move|p2a: Dragonite|Defog|p1a: Slowbro
|-unboost|p1a: Slowbro|evasion|1
|-sideend|p1: d18l|Stealth Rock|[from] move: Defog|[of] p2a: Dragonite
|-sideend|p2: Kobrizzle|Stealth Rock|[from] move: Defog|[of] p2a: Dragonite
|
|upkeep
|turn|21
|
|t:|1666835365
|switch|p2a: Nidoking|Nidoking, M|10/100
|move|p1a: Slowbro|Teleport|p1a: Slowbro
|
|t:|1666835369
|switch|p1a: Tapu Koko|Tapu Koko|42/100|[from]move: Teleport
|-fieldstart|move: Electric Terrain|[from] ability: Electric Surge|[of] p1a: Tapu Koko
|
|upkeep
|turn|22
|
|t:|1666835375
|move|p1a: Tapu Koko|Dazzling Gleam|p2a: Nidoking
|-resisted|p2a: Nidoking
|-damage|p2a: Nidoking|0 fnt
|faint|p2a: Nidoking
|
|upkeep
|
|t:|1666835382
|switch|p2a: Tyranitar|Tyranitar, M, shiny|82/100 tox
|-weather|Sandstorm|[from] ability: Sand Stream|[of] p2a: Tyranitar
|turn|23
|
|t:|1666835401
|switch|p1a: Landorus|Landorus-Therian, M|100/100 par
|-ability|p1a: Landorus|Intimidate|boost
|-unboost|p2a: Tyranitar|atk|1
|move|p2a: Tyranitar|Stone Edge|p1a: Landorus|[miss]
|-miss|p2a: Tyranitar|p1a: Landorus
|
|-weather|Sandstorm|[upkeep]
|-damage|p2a: Tyranitar|76/100 tox|[from] psn
|upkeep
|turn|24
|
|t:|1666835410
|move|p2a: Tyranitar|Stone Edge|p1a: Landorus
|-damage|p1a: Landorus|45/100 par
|move|p1a: Landorus|U-turn|p2a: Tyranitar
|-supereffective|p2a: Tyranitar
|-damage|p2a: Tyranitar|31/100 tox
|j| TheStrongShedinja
|
|t:|1666835420
|switch|p1a: Umbreon|Umbreon, M|100/100|[from]move: U-turn
|
|-weather|Sandstorm|[upkeep]
|-damage|p1a: Umbreon|94/100|[from] Sandstorm
|-heal|p1a: Umbreon|100/100|[from] item: Leftovers
|-damage|p2a: Tyranitar|19/100 tox|[from] psn
|upkeep
|turn|25
|l| TJ Too Smooth
|
|t:|1666835443
|switch|p2a: Zapdos|Zapdos|73/100
|move|p1a: Umbreon|Protect||[still]
|-fail|p1a: Umbreon
|
|-weather|Sandstorm|[upkeep]
|-damage|p2a: Zapdos|67/100|[from] Sandstorm
|-damage|p1a: Umbreon|94/100|[from] Sandstorm
|-heal|p1a: Umbreon|100/100|[from] item: Leftovers
|-fieldend|move: Electric Terrain
|upkeep
|turn|26
|
|t:|1666835456
|switch|p2a: Clefable|Clefable, F|100/100
|move|p1a: Umbreon|Protect||[still]
|-fail|p1a: Umbreon
|
|-weather|Sandstorm|[upkeep]
|-damage|p1a: Umbreon|94/100|[from] Sandstorm
|-damage|p2a: Clefable|94/100|[from] Sandstorm
|-heal|p1a: Umbreon|100/100|[from] item: Leftovers
|upkeep
|turn|27
|j| TJ Too Smooth
|
|t:|1666835465
|switch|p1a: Heatran|Heatran, F|96/100
|move|p2a: Clefable|Calm Mind|p2a: Clefable
|-boost|p2a: Clefable|spa|1
|-boost|p2a: Clefable|spd|1
|
|-weather|none
|-heal|p1a: Heatran|100/100|[from] item: Leftovers
|upkeep
|turn|28
|
|t:|1666835473
|move|p1a: Heatran|Toxic|p2a: Clefable|[miss]
|-miss|p1a: Heatran|p2a: Clefable
|move|p2a: Clefable|Calm Mind|p2a: Clefable
|-boost|p2a: Clefable|spa|1
|-boost|p2a: Clefable|spd|1
|
|upkeep
|turn|29
|
|t:|1666835485
|switch|p2a: Dragonite|Dragonite, M|100/100
|move|p1a: Heatran|Toxic|p2a: Dragonite
|-status|p2a: Dragonite|tox
|
|-damage|p2a: Dragonite|94/100 tox|[from] psn
|upkeep
|turn|30
|l| oophyte
|
|t:|1666835493
|switch|p1a: Slowbro|Slowbro, F|100/100
|move|p2a: Dragonite|Earthquake|p1a: Slowbro
|-damage|p1a: Slowbro|77/100
|
|-damage|p2a: Dragonite|82/100 tox|[from] psn
|upkeep
|turn|31
|
|t:|1666835505
|switch|p2a: Tyranitar|Tyranitar, M, shiny|19/100 tox
|-weather|Sandstorm|[from] ability: Sand Stream|[of] p2a: Tyranitar
|move|p1a: Slowbro|Teleport|p1a: Slowbro
|
|t:|1666835509
|switch|p1a: Tapu Koko|Tapu Koko|42/100|[from]move: Teleport
|-fieldstart|move: Electric Terrain|[from] ability: Electric Surge|[of] p1a: Tapu Koko
|
|-weather|Sandstorm|[upkeep]
|-damage|p1a: Tapu Koko|36/100|[from] Sandstorm
|-damage|p2a: Tyranitar|13/100 tox|[from] psn
|upkeep
|turn|32
|
|t:|1666835519
|move|p1a: Tapu Koko|Dazzling Gleam|p2a: Tyranitar
|-supereffective|p2a: Tyranitar
|-damage|p2a: Tyranitar|0 fnt
|faint|p2a: Tyranitar
|
|-weather|Sandstorm|[upkeep]
|-damage|p1a: Tapu Koko|30/100|[from] Sandstorm
|upkeep
|
|t:|1666835527
|switch|p2a: Zapdos|Zapdos|67/100
|turn|33
|inactive|d18l has 120 seconds left.
|l| TJ Too Smooth
|inactive|d18l has 90 seconds left.
|
|t:|1666835596
|move|p1a: Tapu Koko|Roost|p1a: Tapu Koko
|-heal|p1a: Tapu Koko|80/100
|-singleturn|p1a: Tapu Koko|move: Roost
|move|p2a: Zapdos|Volt Switch|p1a: Tapu Koko
|-resisted|p1a: Tapu Koko
|-damage|p1a: Tapu Koko|38/100
|
|t:|1666835603
|switch|p2a: Clefable|Clefable, F|94/100|[from]move: Volt Switch
|
|-weather|Sandstorm|[upkeep]
|-damage|p1a: Tapu Koko|31/100|[from] Sandstorm
|-damage|p2a: Clefable|88/100|[from] Sandstorm
|upkeep
|turn|34
|
|t:|1666835613
|switch|p1a: Heatran|Heatran, F|100/100
|switch|p2a: Zapdos|Zapdos|67/100
|
|-weather|Sandstorm|[upkeep]
|-damage|p2a: Zapdos|61/100|[from] Sandstorm
|upkeep
|turn|35
|
|t:|1666835621
|move|p1a: Heatran|Protect|p1a: Heatran
|-singleturn|p1a: Heatran|Protect
|move|p2a: Zapdos|Heat Wave|p1a: Heatran
|-activate|p1a: Heatran|move: Protect
|
|-weather|none
|-fieldend|move: Electric Terrain
|upkeep
|turn|36
|c|☆Kobrizzle|Well
|c|☆Kobrizzle|i can’t play this anymore
|inactive|Kobrizzle has 120 seconds left.
|c|☆Kobrizzle|2 banded stone edges and a specs hurricane you dodged
|c|☆Kobrizzle|nice win with your stolen team
|-message|Kobrizzle forfeited.
|
|win|d18l
|raw|d18l's rating: 1735 &rarr; <strong>1756</strong><br />(+21 for winning)
|raw|Kobrizzle's rating: 1754 &rarr; <strong>1733</strong><br />(-21 for losing)
|l|☆Kobrizzle
|l| Carbine element
||Ladder isn't responding, score probably updated but might not have (Request timeout).
