|j|☆Oryen
|j|☆Pinapple321
|inactive|Battle timer is ON: inactive players will automatically lose when time's up.
|t:|1658267402
|gametype|singles
|player|p1|Oryen|bruno-gen1|
|player|p2|Pinapple321|marlon|
|teamsize|p1|6
|teamsize|p2|6
|gen|8
|tier|[Gen 8] OU
|rated|Tournament battle
|rule|Sleep Clause Mod: Limit one foe put to sleep
|rule|Species Clause: Limit one of each Pokémon
|rule|OHKO Clause: OHKO moves are banned
|rule|Evasion Moves Clause: Evasion moves are banned
|rule|Endless Battle Clause: Forcing endless battles is banned
|rule|HP Percentage Mod: HP is shown in percentages
|rule|Dynamax Clause: You cannot dynamax
|clearpoke
|poke|p1|Copperajah, F|
|poke|p1|Seaking, F|
|poke|p1|Decidueye, F|
|poke|p1|Lycanroc-Dusk, F|
|poke|p1|Nidoqueen, F|
|poke|p1|Volcarona, F|
|poke|p2|Polteageist|
|poke|p2|Boltund, M|
|poke|p2|Amoonguss, M|
|poke|p2|Dragapult, M|
|poke|p2|Tyranitar, M|
|poke|p2|Sylveon, F|
|teampreview
|j|*Lady Monita ☀
|c|☆Oryen|hf
|c|☆Pinapple321|Glhf
|j| henryairsword
|inactive|Pinapple321 has 120 seconds left.
|inactive|Oryen has 120 seconds left.
|
|t:|1658267441
|start
|switch|p1a: Copperajah|Copperajah, F|100/100
|switch|p2a: Boltund|Boltund, M|100/100
|turn|1
|j| Legitee
|
|t:|1658267455
|switch|p1a: Nidoqueen|Nidoqueen, F|100/100
|move|p2a: Boltund|Fire Fang|p1a: Nidoqueen|[miss]
|-miss|p2a: Boltund|p1a: Nidoqueen
|
|upkeep
|turn|2
|j| triple a mortgage
|l| triple a mortgage
|
|t:|1658267474
|move|p2a: Boltund|Psychic Fangs|p1a: Nidoqueen
|-supereffective|p1a: Nidoqueen
|-damage|p1a: Nidoqueen|0 fnt
|faint|p1a: Nidoqueen
|-damage|p2a: Boltund|91/100|[from] item: Life Orb
|
|upkeep
|c|☆Oryen|yikes
|c|☆Pinapple321|Nom
|inactive|Oryen has 120 seconds left.
|c| Legitee|Boltund too op with strong jaw
|
|t:|1658267508
|switch|p1a: Decidueye|Decidueye, F|100/100
|turn|3
|j| zorgloox
|
|t:|1658267520
|move|p2a: Boltund|Crunch|p1a: Decidueye
|-supereffective|p1a: Decidueye
|-damage|p1a: Decidueye|0 fnt
|faint|p1a: Decidueye
|-damage|p2a: Boltund|81/100|[from] item: Life Orb
|
|upkeep
|c|☆Oryen|lol
|c| Legitee|And life orb
|
|t:|1658267539
|switch|p1a: Seaking|Seaking, F|100/100
|turn|4
|j| Urmal
|
|t:|1658267548
|switch|p2a: Amoonguss|Amoonguss, M|100/100
|move|p1a: Seaking|Waterfall|p2a: Amoonguss
|-resisted|p2a: Amoonguss
|-damage|p2a: Amoonguss|87/100
|
|-heal|p2a: Amoonguss|93/100|[from] item: Black Sludge
|upkeep
|turn|5
|inactive|Oryen has 120 seconds left.
|
|t:|1658267554
|switch|p1a: Copperajah|Copperajah, F|100/100
|move|p2a: Amoonguss|Spore|p1a: Copperajah
|-status|p1a: Copperajah|slp|[from] move: Spore
|
|-heal|p2a: Amoonguss|99/100|[from] item: Black Sludge
|upkeep
|turn|6
|
|t:|1658267558
|switch|p1a: Volcarona|Volcarona, F|100/100
|move|p2a: Amoonguss|Foul Play|p1a: Volcarona
|-crit|p1a: Volcarona
|-damage|p1a: Volcarona|76/100
|
|-heal|p2a: Amoonguss|100/100|[from] item: Black Sludge
|upkeep
|turn|7
|
|t:|1658267561
|switch|p2a: Tyranitar|Tyranitar, M|100/100
|-weather|Sandstorm|[from] ability: Sand Stream|[of] p2a: Tyranitar
|move|p1a: Volcarona|Quiver Dance|p1a: Volcarona
|-boost|p1a: Volcarona|spa|1
|-boost|p1a: Volcarona|spd|1
|-boost|p1a: Volcarona|spe|1
|
|-weather|Sandstorm|[upkeep]
|-damage|p1a: Volcarona|70/100|[from] Sandstorm
|upkeep
|turn|8
|c| Legitee|No thunder fang?
|
|t:|1658267569
|switch|p1a: Seaking|Seaking, F|100/100
|move|p2a: Tyranitar|Stone Edge|p1a: Seaking
|-damage|p1a: Seaking|13/100
|
|-weather|Sandstorm|[upkeep]
|-damage|p1a: Seaking|7/100|[from] Sandstorm
|upkeep
|turn|9
|c|☆Pinapple321|Lightning rod
|
|t:|1658267577
|switch|p2a: Amoonguss|Amoonguss, M|100/100
|move|p1a: Seaking|Flip Turn|p2a: Amoonguss
|-resisted|p2a: Amoonguss
|-damage|p2a: Amoonguss|91/100
|
|t:|1658267580
|switch|p1a: Lycanroc|Lycanroc-Dusk, F|100/100|[from]move: Flip Turn
|
|-weather|Sandstorm|[upkeep]
|-damage|p2a: Amoonguss|84/100|[from] Sandstorm
|-heal|p2a: Amoonguss|91/100|[from] item: Black Sludge
|upkeep
|turn|10
|
|t:|1658267589
|move|p1a: Lycanroc|Psychic Fangs|p2a: Amoonguss
|-supereffective|p2a: Amoonguss
|-damage|p2a: Amoonguss|27/100
|-damage|p1a: Lycanroc|91/100|[from] item: Life Orb
|move|p2a: Amoonguss|Giga Drain|p1a: Lycanroc
|-supereffective|p1a: Lycanroc
|-damage|p1a: Lycanroc|37/100
|-heal|p2a: Amoonguss|45/100|[from] drain|[of] p1a: Lycanroc
|
|-weather|Sandstorm|[upkeep]
|-damage|p2a: Amoonguss|38/100|[from] Sandstorm
|-heal|p2a: Amoonguss|45/100|[from] item: Black Sludge
|upkeep
|turn|11
|
|t:|1658267593
|switch|p2a: Sylveon|Sylveon, F|100/100
|move|p1a: Lycanroc|Stone Edge|p2a: Sylveon
|-damage|p2a: Sylveon|23/100
|-damage|p1a: Lycanroc|27/100|[from] item: Life Orb
|
|-weather|none
|-heal|p2a: Sylveon|29/100|[from] item: Leftovers
|upkeep
|turn|12
|c| Legitee|Wow
|j| 41exe
|j|^sundays.n_sundaes
|
|t:|1658267601
|move|p1a: Lycanroc|Stone Edge|p2a: Sylveon|[miss]
|-miss|p1a: Lycanroc|p2a: Sylveon
|move|p2a: Sylveon|Hyper Voice|p1a: Lycanroc
|-damage|p1a: Lycanroc|0 fnt
|faint|p1a: Lycanroc
|
|-heal|p2a: Sylveon|35/100|[from] item: Leftovers
|upkeep
|c| Legitee|Ohh lightning rod
|c| Legitee|Smort
|
|t:|1658267606
|switch|p1a: Volcarona|Volcarona, F|70/100
|turn|13
|
|t:|1658267609
|switch|p2a: Tyranitar|Tyranitar, M|100/100
|-weather|Sandstorm|[from] ability: Sand Stream|[of] p2a: Tyranitar
|move|p1a: Volcarona|Bug Buzz|p2a: Tyranitar
|-supereffective|p2a: Tyranitar
|-damage|p2a: Tyranitar|30/100
|
|-weather|Sandstorm|[upkeep]
|-damage|p1a: Volcarona|64/100|[from] Sandstorm
|-heal|p2a: Tyranitar|36/100|[from] item: Leftovers
|upkeep
|turn|14
|
|t:|1658267615
|move|p1a: Volcarona|Bug Buzz|p2a: Tyranitar
|-supereffective|p2a: Tyranitar
|-damage|p2a: Tyranitar|0 fnt
|faint|p2a: Tyranitar
|
|-weather|Sandstorm|[upkeep]
|-damage|p1a: Volcarona|58/100|[from] Sandstorm
|upkeep
|
|t:|1658267617
|switch|p2a: Dragapult|Dragapult, M|100/100
|turn|15
|
|t:|1658267625
|switch|p1a: Seaking|Seaking, F|7/100
|move|p2a: Dragapult|Shadow Ball|p1a: Seaking
|-damage|p1a: Seaking|0 fnt
|faint|p1a: Seaking
|
|-weather|Sandstorm|[upkeep]
|-damage|p2a: Dragapult|95/100|[from] Sandstorm
|upkeep
|
|t:|1658267627
|switch|p1a: Copperajah|Copperajah, F|100/100 slp
|turn|16
|
|t:|1658267634
|switch|p2a: Polteageist|Polteageist|100/100
|cant|p1a: Copperajah|slp
|
|-weather|Sandstorm|[upkeep]
|-damage|p2a: Polteageist|94/100|[from] Sandstorm
|upkeep
|turn|17
|
|t:|1658267639
|move|p2a: Polteageist|Shell Smash|p2a: Polteageist
|-unboost|p2a: Polteageist|def|1
|-unboost|p2a: Polteageist|spd|1
|-boost|p2a: Polteageist|atk|2
|-boost|p2a: Polteageist|spa|2
|-boost|p2a: Polteageist|spe|2
|cant|p1a: Copperajah|slp
|
|-weather|none
|upkeep
|turn|18
|
|t:|1658267643
|move|p2a: Polteageist|Shadow Ball|p1a: Copperajah
|-damage|p1a: Copperajah|22/100 slp
|-curestatus|p1a: Copperajah|slp|[msg]
|move|p1a: Copperajah|Heavy Slam|p2a: Polteageist
|-damage|p2a: Polteageist|0 fnt
|faint|p2a: Polteageist
|
|upkeep
|
|t:|1658267649
|switch|p2a: Boltund|Boltund, M|81/100
|turn|19
|
|t:|1658267652
|move|p2a: Boltund|Crunch|p1a: Copperajah
|-damage|p1a: Copperajah|0 fnt
|faint|p1a: Copperajah
|-damage|p2a: Boltund|71/100|[from] item: Life Orb
|
|upkeep
|
|t:|1658267654
|switch|p1a: Volcarona|Volcarona, F|58/100
|turn|20
|c|☆Oryen|gg
|
|t:|1658267661
|move|p2a: Boltund|Thunder Fang|p1a: Volcarona
|-damage|p1a: Volcarona|0 fnt
|faint|p1a: Volcarona
|-damage|p2a: Boltund|62/100|[from] item: Life Orb
|
|win|Pinapple321
|n|☆Oryen|oryen
|n|☆Pinapple321|pinapple321
|n|*Lady Monita ☀|ladymonita
|n| henryairsword|henryairsword
|n| Legitee|legitee
|n| zorgloox|zorgloox
|n| Urmal|urmal
|n| 41exe|41exe
|n| sundays.n_sundaes|sundaysnsundaes
|c|☆Oryen|too much speed
|l| sundays.n_sundaes
|c|☆Pinapple321|Gg
|l|☆Oryen
