|j|☆TKiller609
|j|☆gotmyvanson
|player|p1|TKiller609|266|1362
|player|p2|gotmyvanson|266|1398
|teamsize|p1|6
|teamsize|p2|6
|gametype|singles
|gen|8
|tier|[Gen 8] OU
|rated|
|clearpoke
|poke|p1|Reuniclus, M|
|poke|p1|Dugtrio, F|
|poke|p1|Toxapex, M|
|poke|p1|Sylveon, M|
|poke|p1|Corviknight, F|
|poke|p1|Corsola-Galar, F|
|poke|p2|Dragapult, F|
|poke|p2|Clefable, F|
|poke|p2|Mew|
|poke|p2|Dracovish|
|poke|p2|Bisharp, F|
|poke|p2|Quagsire, M|
|rule|Sleep Clause Mod: Limit one foe put to sleep
|rule|Species Clause: Limit one of each Pokémon
|rule|OHKO Clause: OHKO moves are banned
|rule|Evasion Moves Clause: Evasion moves are banned
|rule|Endless Battle Clause: Forcing endless battles is banned
|rule|HP Percentage Mod: HP is shown in percentages
|rule|Dynamax Clause: You cannot dynamax
|teampreview
|inactive|Battle timer is ON: inactive players will automatically lose when time's up. (requested by TKiller609)
|inactive|TKiller609 has 120 seconds left.
|
|start
|switch|p1a: Corsola|Corsola-Galar, F, shiny|100/100
|switch|p2a: Mew|Mew|100/100
|turn|1
|
|move|p2a: Mew|Taunt|p1a: Corsola
|-start|p1a: Corsola|move: Taunt
|cant|p1a: Corsola|move: Taunt|Will-O-Wisp
|
|upkeep
|turn|2
|
|move|p2a: Mew|Stealth Rock|p1a: Corsola
|-sidestart|p1: TKiller609|move: Stealth Rock
|move|p1a: Corsola|Night Shade|p2a: Mew
|-damage|p2a: Mew|76/100
|-enditem|p2a: Mew|Red Card|[of] p1a: Corsola
|drag|p1a: Dugtrio|Dugtrio, F|100/100
|-damage|p1a: Dugtrio|94/100|[from] Stealth Rock
|
|upkeep
|turn|3
|
|move|p1a: Dugtrio|Earthquake|p2a: Mew
|-damage|p2a: Mew|36/100
|move|p2a: Mew|Spikes|p1a: Dugtrio
|-sidestart|p1: TKiller609|Spikes
|
|upkeep
|turn|4
|
|move|p1a: Dugtrio|Earthquake|p2a: Mew
|-damage|p2a: Mew|0 fnt
|faint|p2a: Mew
|
|upkeep
|
|switch|p2a: Dracovish|Dracovish|100/100
|turn|5
|
|switch|p1a: Toxapex|Toxapex, M|100/100
|-damage|p1a: Toxapex|88/100|[from] Stealth Rock
|-damage|p1a: Toxapex|75/100|[from] Spikes
|move|p2a: Dracovish|Fishious Rend|p1a: Toxapex
|-resisted|p1a: Toxapex
|-damage|p1a: Toxapex|24/100
|
|-heal|p1a: Toxapex|30/100|[from] item: Black Sludge
|upkeep
|turn|6
|
|switch|p1a: Corsola|Corsola-Galar, F, shiny|100/100
|-damage|p1a: Corsola|88/100|[from] Spikes
|-damage|p1a: Corsola|76/100|[from] Stealth Rock
|move|p2a: Dracovish|Fishious Rend|p1a: Corsola
|-damage|p1a: Corsola|0 fnt
|faint|p1a: Corsola
|
|upkeep
|
|switch|p1a: Corviknight|Corviknight, F|100/100
|-damage|p1a: Corviknight|88/100|[from] Stealth Rock
|-ability|p1a: Corviknight|Pressure
|turn|7
|
|move|p2a: Dracovish|Fishious Rend|p1a: Corviknight
|-damage|p1a: Corviknight|0 fnt
|faint|p1a: Corviknight
|
|upkeep
|l|☆TKiller609
|inactive|TKiller609 disconnected and has a minute to reconnect!
|player|p1|
|c|☆gotmyvanson|SSSSKSKKKKS
|inactive|TKiller609 has 30 seconds to reconnect!
|inactive|TKiller609 has 20 seconds to reconnect!
|inactive|TKiller609 has 15 seconds to reconnect!
|inactive|TKiller609 has 10 seconds to reconnect!
|inactive|TKiller609 has 5 seconds to reconnect!
|-message|TKiller609 lost due to inactivity.
|
|win|gotmyvanson
|raw|TKiller609's rating: 1380 &rarr; <strong>1361</strong><br />(-19 for losing)
|raw|gotmyvanson's rating: 1398 &rarr; <strong>1417</strong><br />(+19 for winning)
