|html|<div class="broadcast-blue"><strong>[Gen 8] OU is currently suspecting Melmetal! For information on how to participate check out the <a href="https://www.smogon.com/forums/threads/np-ss-ou-suspect-process-round-12-monster-mash.3709234/">suspect thread</a>.</strong></div>
|j|☆sighz 0-0
|j|☆knexhawk2
|inactive|Battle timer is ON: inactive players will automatically lose when time's up.
|t:|1665872525
|gametype|singles
|player|p1|sighz 0-0|pokemoncenterlady|
|player|p2|knexhawk2|red-masters|
|teamsize|p1|6
|teamsize|p2|6
|gen|8
|tier|[Gen 8] OU
|rated|Tournament battle
|rule|Sleep Clause Mod: Limit one foe put to sleep
|rule|Species Clause: Limit one of each Pokémon
|rule|OHKO Clause: OHKO moves are banned
|rule|Evasion Items Clause: Evasion items are banned
|rule|Evasion Moves Clause: Evasion moves are banned
|rule|Endless Battle Clause: Forcing endless battles is banned
|rule|HP Percentage Mod: HP is shown in percentages
|rule|Dynamax Clause: You cannot dynamax
|clearpoke
|poke|p1|Ninetales-Alola, F|
|poke|p1|Arctozolt|
|poke|p1|Corviknight, F|
|poke|p1|Garchomp, M|
|poke|p1|Dragonite, M|
|poke|p1|Kartana|
|poke|p2|Jirachi|
|poke|p2|Urshifu-*, F|
|poke|p2|Landorus-Therian, M|
|poke|p2|Rillaboom, F|
|poke|p2|Heatran, F|
|poke|p2|Hydreigon, F|
|teampreview
|c|☆sighz 0-0|glhf
|
|t:|1665872547
|start
|switch|p1a: Ninetales|Ninetales-Alola, F|100/100
|switch|p2a: Shit|Jirachi|100/100
|-weather|Hail|[from] ability: Snow Warning|[of] p1a: Ninetales
|turn|1
|
|t:|1665872558
|switch|p1a: Corviknight|Corviknight, F|100/100
|-ability|p1a: Corviknight|Pressure
|move|p2a: Shit|Doom Desire|p1a: Corviknight
|-start|p2a: Shit|Doom Desire
|
|-weather|Hail|[upkeep]
|-damage|p2a: Shit|94/100|[from] Hail
|-damage|p1a: Corviknight|94/100|[from] Hail
|-heal|p2a: Shit|100/100|[from] item: Leftovers
|upkeep
|turn|2
|j| Y0nkerz
|l| Y0nkerz
|inactive|knexhawk2 has 120 seconds left.
|
|t:|1665872590
|move|p2a: Shit|U-turn|p1a: Corviknight
|-resisted|p1a: Corviknight
|-damage|p1a: Corviknight|92/100
|-damage|p2a: Shit|84/100|[from] item: Rocky Helmet|[of] p1a: Corviknight
|inactive|knexhawk2 has 120 seconds left.
|
|t:|1665872595
|switch|p2a: generic|Landorus-Therian, M|100/100|[from]move: U-turn
|-ability|p2a: generic|Intimidate|boost
|-unboost|p1a: Corviknight|atk|1
|move|p1a: Corviknight|U-turn|p2a: generic
|-resisted|p2a: generic
|-damage|p2a: generic|97/100
|
|t:|1665872603
|switch|p1a: Ninetales|Ninetales-Alola, F|100/100|[from]move: U-turn
|
|-weather|Hail|[upkeep]
|-damage|p2a: generic|91/100|[from] Hail
|-heal|p2a: generic|97/100|[from] item: Leftovers
|upkeep
|turn|3
|
|t:|1665872609
|switch|p1a: Corviknight|Corviknight, F|92/100
|-ability|p1a: Corviknight|Pressure
|switch|p2a: sack of shit|Heatran, F|100/100
|
|-weather|Hail|[upkeep]
|-damage|p2a: sack of shit|94/100|[from] Hail
|-damage|p1a: Corviknight|86/100|[from] Hail
|-end|p1a: Corviknight|move: Doom Desire
|-resisted|p1a: Corviknight
|-damage|p1a: Corviknight|57/100
|-heal|p2a: sack of shit|100/100|[from] item: Leftovers
|upkeep
|turn|4
|
|t:|1665872620
|switch|p1a: Garchomp|Garchomp, M|100/100
|move|p2a: sack of shit|Stealth Rock|p1a: Garchomp
|-sidestart|p1: sighz 0-0|move: Stealth Rock
|
|-weather|Hail|[upkeep]
|-damage|p1a: Garchomp|94/100|[from] Hail
|-damage|p2a: sack of shit|94/100|[from] Hail
|-heal|p1a: Garchomp|100/100|[from] item: Leftovers
|-heal|p2a: sack of shit|100/100|[from] item: Leftovers
|upkeep
|turn|5
|
|t:|1665872627
|switch|p2a: domestic violence|Rillaboom, F|100/100
|-fieldstart|move: Grassy Terrain|[from] ability: Grassy Surge|[of] p2a: domestic violence
|move|p1a: Garchomp|Toxic|p2a: domestic violence|[miss]
|-miss|p1a: Garchomp|p2a: domestic violence
|
|-weather|Hail|[upkeep]
|-damage|p2a: domestic violence|94/100|[from] Hail
|-damage|p1a: Garchomp|94/100|[from] Hail
|-heal|p2a: domestic violence|100/100|[from] Grassy Terrain
|-heal|p1a: Garchomp|100/100|[from] Grassy Terrain
|upkeep
|turn|6
|j| RedDiamond1024
|inactive|knexhawk2 has 120 seconds left.
|
|t:|1665872665
|move|p2a: domestic violence|Swords Dance|p2a: domestic violence
|-boost|p2a: domestic violence|atk|2
|move|p1a: Garchomp|Toxic|p2a: domestic violence
|-status|p2a: domestic violence|tox
|
|-weather|Hail|[upkeep]
|-damage|p2a: domestic violence|94/100 tox|[from] Hail
|-damage|p1a: Garchomp|94/100|[from] Hail
|-heal|p2a: domestic violence|100/100 tox|[from] Grassy Terrain
|-heal|p1a: Garchomp|100/100|[from] Grassy Terrain
|-damage|p2a: domestic violence|94/100 tox|[from] psn
|upkeep
|turn|7
|
|t:|1665872669
|switch|p1a: Corviknight|Corviknight, F|57/100
|-damage|p1a: Corviknight|45/100|[from] Stealth Rock
|-ability|p1a: Corviknight|Pressure
|move|p2a: domestic violence|Wood Hammer|p1a: Corviknight
|-resisted|p1a: Corviknight
|-damage|p1a: Corviknight|8/100
|-damage|p2a: domestic violence|78/100 tox|[from] item: Rocky Helmet|[of] p1a: Corviknight
|-damage|p2a: domestic violence|63/100 tox|[from] Recoil
|-damage|p2a: domestic violence|53/100 tox|[from] item: Life Orb
|
|-weather|Hail|[upkeep]
|-damage|p2a: domestic violence|47/100 tox|[from] Hail
|-damage|p1a: Corviknight|1/100|[from] Hail
|-heal|p2a: domestic violence|53/100 tox|[from] Grassy Terrain
|-damage|p2a: domestic violence|41/100 tox|[from] psn
|upkeep
|turn|8
|
|t:|1665872678
|move|p2a: domestic violence|Superpower|p1a: Corviknight
|-damage|p1a: Corviknight|0 fnt
|-unboost|p2a: domestic violence|atk|1
|-unboost|p2a: domestic violence|def|1
|-damage|p2a: domestic violence|24/100 tox|[from] item: Rocky Helmet|[of] p1a: Corviknight
|faint|p1a: Corviknight
|-damage|p2a: domestic violence|15/100 tox|[from] item: Life Orb
|
|-weather|none
|-heal|p2a: domestic violence|21/100 tox|[from] Grassy Terrain
|-damage|p2a: domestic violence|2/100 tox|[from] psn
|upkeep
|
|t:|1665872685
|switch|p1a: Kartana|Kartana|100/100
|-damage|p1a: Kartana|94/100|[from] Stealth Rock
|turn|9
|
|t:|1665872691
|switch|p2a: generic|Landorus-Therian, M|97/100
|-ability|p2a: generic|Intimidate|boost
|-unboost|p1a: Kartana|atk|1
|move|p1a: Kartana|Sacred Sword|p2a: generic
|-resisted|p2a: generic
|-damage|p2a: generic|84/100
|
|-heal|p1a: Kartana|100/100|[from] Grassy Terrain
|-heal|p2a: generic|90/100|[from] item: Leftovers
|-fieldend|move: Grassy Terrain
|upkeep
|turn|10
|
|t:|1665872695
|switch|p1a: Dragonite|Dragonite, M|100/100
|move|p2a: generic|Earth Power|p1a: Dragonite
|-immune|p1a: Dragonite
|
|-heal|p2a: generic|96/100|[from] item: Leftovers
|upkeep
|turn|11
|
|t:|1665872701
|switch|p2a: domestic violence|Rillaboom, F|2/100 tox
|-fieldstart|move: Grassy Terrain|[from] ability: Grassy Surge|[of] p2a: domestic violence
|move|p1a: Dragonite|Dragon Dance|p1a: Dragonite
|-boost|p1a: Dragonite|atk|1
|-boost|p1a: Dragonite|spe|1
|
|-heal|p2a: domestic violence|8/100 tox|[from] Grassy Terrain
|-damage|p2a: domestic violence|2/100 tox|[from] psn
|upkeep
|turn|12
|
|t:|1665872710
|switch|p2a: Shit|Jirachi|84/100
|move|p1a: Dragonite|Ice Punch|p2a: Shit
|-resisted|p2a: Shit
|-damage|p2a: Shit|69/100
|
|-heal|p2a: Shit|75/100|[from] Grassy Terrain
|-heal|p2a: Shit|81/100|[from] item: Leftovers
|upkeep
|turn|13
|
|t:|1665872713
|move|p1a: Dragonite|Dragon Dance|p1a: Dragonite
|-boost|p1a: Dragonite|atk|1
|-boost|p1a: Dragonite|spe|1
|move|p2a: Shit|Doom Desire|p1a: Dragonite
|-start|p2a: Shit|Doom Desire
|
|-heal|p2a: Shit|87/100|[from] Grassy Terrain
|-heal|p2a: Shit|94/100|[from] item: Leftovers
|upkeep
|turn|14
|
|t:|1665872718
|move|p1a: Dragonite|Earthquake|p2a: Shit
|-supereffective|p2a: Shit
|-damage|p2a: Shit|30/100
|move|p2a: Shit|Psychic|p1a: Dragonite
|-damage|p1a: Dragonite|80/100
|
|-heal|p2a: Shit|36/100|[from] Grassy Terrain
|-heal|p2a: Shit|42/100|[from] item: Leftovers
|upkeep
|turn|15
|
|t:|1665872722
|switch|p2a: generic|Landorus-Therian, M|96/100
|-ability|p2a: generic|Intimidate|boost
|-unboost|p1a: Dragonite|atk|1
|move|p1a: Dragonite|Roost|p1a: Dragonite
|-heal|p1a: Dragonite|100/100
|-singleturn|p1a: Dragonite|move: Roost
|
|-end|p1a: Dragonite|move: Doom Desire
|-damage|p1a: Dragonite|65/100
|-heal|p1a: Dragonite|71/100|[from] Grassy Terrain
|-heal|p2a: generic|100/100|[from] item: Leftovers
|-fieldend|move: Grassy Terrain
|upkeep
|turn|16
|
|t:|1665872738
|switch|p2a: domestic violence|Rillaboom, F|2/100 tox
|-fieldstart|move: Grassy Terrain|[from] ability: Grassy Surge|[of] p2a: domestic violence
|move|p1a: Dragonite|Dragon Dance|p1a: Dragonite
|-boost|p1a: Dragonite|atk|1
|-boost|p1a: Dragonite|spe|1
|
|-heal|p2a: domestic violence|8/100 tox|[from] Grassy Terrain
|-damage|p2a: domestic violence|2/100 tox|[from] psn
|upkeep
|turn|17
|
|t:|1665872748
|move|p2a: domestic violence|Grassy Glide|p1a: Dragonite
|-resisted|p1a: Dragonite
|-damage|p1a: Dragonite|54/100
|-damage|p2a: domestic violence|0 fnt|[from] item: Life Orb
|faint|p2a: domestic violence
|move|p1a: Dragonite|Ice Punch|p2: domestic violence|[notarget]
|-fail|p1a: Dragonite
|
|upkeep
|
|t:|1665872752
|switch|p2a: generic|Landorus-Therian, M|100/100
|-ability|p2a: generic|Intimidate|boost
|-unboost|p1a: Dragonite|atk|1
|turn|18
|
|t:|1665872756
|move|p1a: Dragonite|Ice Punch|p2a: generic
|-supereffective|p2a: generic
|-damage|p2a: generic|0 fnt
|faint|p2a: generic
|
|upkeep
|
|t:|1665872762
|switch|p2a: Shit|Jirachi|42/100
|turn|19
|-message|knexhawk2 forfeited.
|
|win|sighz 0-0
|n|☆sighz 0-0|sighz00
|n|☆knexhawk2|knexhawk2
|n| RedDiamond1024|reddiamond1024
|l|☆knexhawk2
