|j|☆lebronn jahames
|j|☆PQPP214
|t:|1649157730
|gametype|singles
|player|p1|lebronn jahames|lusamine-nihilego|1514
|player|p2|PQPP214|170|1553
|teamsize|p1|6
|teamsize|p2|6
|gen|8
|tier|[Gen 8] OU
|rated|
|rule|Sleep Clause Mod: Limit one foe put to sleep
|rule|Species Clause: Limit one of each Pokémon
|rule|OHKO Clause: OHKO moves are banned
|rule|Evasion Moves Clause: Evasion moves are banned
|rule|Endless Battle Clause: Forcing endless battles is banned
|rule|HP Percentage Mod: HP is shown in percentages
|rule|Dynamax Clause: You cannot dynamax
|clearpoke
|poke|p1|Tornadus-Therian, M|
|poke|p1|Ninetales-Alola, F|
|poke|p1|Corviknight, F|
|poke|p1|Volcanion|
|poke|p1|Arctozolt|
|poke|p1|Landorus-Therian, M|
|poke|p2|Garchomp, F|
|poke|p2|Blaziken, F|
|poke|p2|Heatran, F|
|poke|p2|Dragapult, M|
|poke|p2|Ninetales-Alola, F|
|poke|p2|Arctozolt|
|teampreview
|
|t:|1649157747
|start
|switch|p1a: Tornadus|Tornadus-Therian, M|100/100
|switch|p2a: Arctozolt|Arctozolt|100/100
|turn|1
|
|t:|1649157761
|move|p1a: Tornadus|U-turn|p2a: Arctozolt
|-damage|p2a: Arctozolt|84/100
|
|t:|1649157767
|switch|p1a: Ninetales|Ninetales-Alola, F|100/100|[from]move: U-turn
|-weather|Hail|[from] ability: Snow Warning|[of] p1a: Ninetales
|move|p2a: Arctozolt|Bolt Beak|p1a: Ninetales
|-damage|p1a: Ninetales|8/100
|
|-weather|Hail|[upkeep]
|upkeep
|turn|2
|
|t:|1649157783
|move|p2a: Arctozolt|Blizzard|p1a: Ninetales
|-resisted|p1a: Ninetales
|-damage|p1a: Ninetales|0 fnt
|faint|p1a: Ninetales
|
|-weather|Hail|[upkeep]
|upkeep
|
|t:|1649157787
|switch|p1a: Arctozolt|Arctozolt|100/100
|turn|3
|
|t:|1649157811
|switch|p2a: Garchomp|Garchomp, F|100/100
|move|p1a: Arctozolt|Low Kick|p2a: Garchomp
|-damage|p2a: Garchomp|80/100
|-damage|p1a: Arctozolt|88/100|[from] ability: Rough Skin|[of] p2a: Garchomp
|
|-weather|Hail|[upkeep]
|-damage|p2a: Garchomp|74/100|[from] Hail
|-heal|p1a: Arctozolt|94/100|[from] item: Leftovers
|upkeep
|turn|4
|
|t:|1649157825
|move|p1a: Arctozolt|Substitute|p1a: Arctozolt
|-start|p1a: Arctozolt|Substitute
|-damage|p1a: Arctozolt|69/100
|move|p2a: Garchomp|Earthquake|p1a: Arctozolt
|-supereffective|p1a: Arctozolt
|-end|p1a: Arctozolt|Substitute
|
|-weather|Hail|[upkeep]
|-damage|p2a: Garchomp|67/100|[from] Hail
|-heal|p1a: Arctozolt|76/100|[from] item: Leftovers
|upkeep
|turn|5
|
|t:|1649157833
|move|p1a: Arctozolt|Substitute|p1a: Arctozolt
|-start|p1a: Arctozolt|Substitute
|-damage|p1a: Arctozolt|51/100
|move|p2a: Garchomp|Earthquake|p1a: Arctozolt
|-supereffective|p1a: Arctozolt
|-end|p1a: Arctozolt|Substitute
|
|-weather|Hail|[upkeep]
|-damage|p2a: Garchomp|61/100|[from] Hail
|-heal|p1a: Arctozolt|57/100|[from] item: Leftovers
|upkeep
|turn|6
|
|t:|1649157839
|move|p1a: Arctozolt|Substitute|p1a: Arctozolt
|-start|p1a: Arctozolt|Substitute
|-damage|p1a: Arctozolt|32/100
|move|p2a: Garchomp|Earthquake|p1a: Arctozolt
|-supereffective|p1a: Arctozolt
|-end|p1a: Arctozolt|Substitute
|
|-weather|Hail|[upkeep]
|-damage|p2a: Garchomp|55/100|[from] Hail
|-heal|p1a: Arctozolt|38/100|[from] item: Leftovers
|upkeep
|turn|7
|
|t:|1649157844
|move|p1a: Arctozolt|Blizzard|p2a: Garchomp
|-supereffective|p2a: Garchomp
|-damage|p2a: Garchomp|0 fnt
|faint|p2a: Garchomp
|
|-weather|Hail|[upkeep]
|-heal|p1a: Arctozolt|44/100|[from] item: Leftovers
|upkeep
|
|t:|1649157854
|switch|p2a: Heatran|Heatran, F|100/100
|-item|p2a: Heatran|Air Balloon
|turn|8
|
|t:|1649157865
|switch|p1a: Landorus|Landorus-Therian, M|100/100
|-ability|p1a: Landorus|Intimidate|boost
|-unboost|p2a: Heatran|atk|1
|move|p2a: Heatran|Magma Storm|p1a: Landorus
|-damage|p1a: Landorus|60/100
|-activate|p1a: Landorus|move: Magma Storm|[of] p2a: Heatran
|
|-weather|none
|-heal|p1a: Landorus|66/100|[from] item: Leftovers
|-damage|p1a: Landorus|54/100|[from] move: Magma Storm|[partiallytrapped]
|upkeep
|turn|9
|
|t:|1649157875
|move|p2a: Heatran|Stealth Rock|p1a: Landorus
|-sidestart|p1: lebronn jahames|move: Stealth Rock
|move|p1a: Landorus|U-turn|p2a: Heatran
|-resisted|p2a: Heatran
|-damage|p2a: Heatran|95/100
|-status|p1a: Landorus|brn|[from] ability: Flame Body|[of] p2a: Heatran
|-enditem|p2a: Heatran|Air Balloon
|
|t:|1649157886
|switch|p1a: Volcanion|Volcanion|100/100|[from]move: U-turn
|-damage|p1a: Volcanion|76/100|[from] Stealth Rock
|
|upkeep
|turn|10
|
|t:|1649157897
|switch|p2a: Dragapult|Dragapult, M|100/100
|move|p1a: Volcanion|Earth Power|p2a: Dragapult
|-damage|p2a: Dragapult|60/100
|
|upkeep
|turn|11
|
|t:|1649157908
|switch|p1a: Landorus|Landorus-Therian, M|54/100 brn
|-damage|p1a: Landorus|42/100 brn|[from] Stealth Rock
|-ability|p1a: Landorus|Intimidate|boost
|-fail|p2a: Dragapult|unboost|[from] ability: Clear Body|[of] p2a: Dragapult
|move|p2a: Dragapult|Dragon Darts|p1a: Landorus
|-damage|p1a: Landorus|9/100 brn
|-anim|p2a: Dragapult|Dragon Darts|p1a: Landorus
|-damage|p1a: Landorus|0 fnt
|faint|p1a: Landorus
|
|upkeep
|
|t:|1649157924
|switch|p1a: Tornadus|Tornadus-Therian, M|100/100
|-damage|p1a: Tornadus|76/100|[from] Stealth Rock
|turn|12
|
|t:|1649157927
|move|p2a: Dragapult|Dragon Darts|p1a: Tornadus
|-damage|p1a: Tornadus|41/100
|-anim|p2a: Dragapult|Dragon Darts|p1a: Tornadus
|-damage|p1a: Tornadus|3/100
|move|p1a: Tornadus|Knock Off|p2a: Dragapult
|-supereffective|p2a: Dragapult
|-crit|p2a: Dragapult
|-damage|p2a: Dragapult|0 fnt
|-enditem|p2a: Dragapult|Choice Band|[from] move: Knock Off|[of] p1a: Tornadus
|faint|p2a: Dragapult
|
|upkeep
|
|t:|1649157938
|switch|p2a: Arctozolt|Arctozolt|84/100
|turn|13
|
|t:|1649157943
|move|p1a: Tornadus|Heat Wave|p2a: Arctozolt
|-supereffective|p2a: Arctozolt
|-damage|p2a: Arctozolt|22/100
|move|p2a: Arctozolt|Bolt Beak|p1a: Tornadus
|-supereffective|p1a: Tornadus
|-damage|p1a: Tornadus|0 fnt
|faint|p1a: Tornadus
|
|upkeep
|
|t:|1649157953
|switch|p1a: Arctozolt|Arctozolt|44/100
|-damage|p1a: Arctozolt|20/100|[from] Stealth Rock
|turn|14
|
|t:|1649157957
|move|p2a: Arctozolt|Low Kick|p1a: Arctozolt
|-supereffective|p1a: Arctozolt
|-damage|p1a: Arctozolt|0 fnt
|faint|p1a: Arctozolt
|
|upkeep
|
|t:|1649157966
|switch|p1a: Volcanion|Volcanion|76/100
|-damage|p1a: Volcanion|51/100|[from] Stealth Rock
|turn|15
|
|t:|1649157974
|switch|p2a: Ninetales|Ninetales-Alola, F|100/100
|-weather|Hail|[from] ability: Snow Warning|[of] p2a: Ninetales
|move|p1a: Volcanion|Steam Eruption|p2a: Ninetales
|-crit|p2a: Ninetales
|-damage|p2a: Ninetales|10/100
|
|-weather|Hail|[upkeep]
|-damage|p1a: Volcanion|45/100|[from] Hail
|upkeep
|turn|16
|
|t:|1649157982
|move|p1a: Volcanion|Steam Eruption|p2a: Ninetales
|-damage|p2a: Ninetales|0 fnt
|faint|p2a: Ninetales
|
|-weather|Hail|[upkeep]
|-damage|p1a: Volcanion|39/100|[from] Hail
|upkeep
|
|t:|1649157991
|switch|p2a: Arctozolt|Arctozolt|22/100
|turn|17
|
|t:|1649157994
|switch|p1a: Corviknight|Corviknight, F|100/100
|-damage|p1a: Corviknight|88/100|[from] Stealth Rock
|-ability|p1a: Corviknight|Pressure
|move|p2a: Arctozolt|Bolt Beak|p1a: Corviknight
|-supereffective|p1a: Corviknight
|-damage|p1a: Corviknight|3/100
|-damage|p2a: Arctozolt|5/100|[from] item: Rocky Helmet|[of] p1a: Corviknight
|
|-weather|Hail|[upkeep]
|-damage|p1a: Corviknight|0 fnt|[from] Hail
|faint|p1a: Corviknight
|upkeep
|j| Peeky07
|-message|lebronn jahames forfeited.
|
|win|PQPP214
|raw|lebronn jahames's rating: 1514 &rarr; <strong>1496</strong><br />(-18 for losing)
|raw|PQPP214's rating: 1553 &rarr; <strong>1571</strong><br />(+18 for winning)
|l|☆lebronn jahames
