|j|☆d18l
|j|☆LT93OQ Iznamakin
|t:|1660875656
|gametype|singles
|player|p1|d18l|backpacker|1732
|player|p2|LT93OQ Iznamakin|chase|1628
|teamsize|p1|6
|teamsize|p2|6
|gen|8
|tier|[Gen 8] OU
|rated|
|rule|Sleep Clause Mod: Limit one foe put to sleep
|rule|Species Clause: Limit one of each Pokémon
|rule|OHKO Clause: OHKO moves are banned
|rule|Evasion Items Clause: Evasion items are banned
|rule|Evasion Moves Clause: Evasion moves are banned
|rule|Endless Battle Clause: Forcing endless battles is banned
|rule|HP Percentage Mod: HP is shown in percentages
|rule|Dynamax Clause: You cannot dynamax
|clearpoke
|poke|p1|Tapu Koko|
|poke|p1|Victini|
|poke|p1|Landorus-Therian, M|
|poke|p1|Tornadus-Therian, M|
|poke|p1|Rotom-Wash|
|poke|p1|Ferrothorn, M|
|poke|p2|Tyranitar, M|
|poke|p2|Tornadus-Therian, M|
|poke|p2|Ferrothorn, M|
|poke|p2|Landorus-Therian, M|
|poke|p2|Dragapult, M|
|poke|p2|Slowking, M|
|teampreview
|inactive|Battle timer is ON: inactive players will automatically lose when time's up. (requested by LT93OQ Iznamakin)
|
|t:|1660875682
|start
|switch|p1a: Tornadus|Tornadus-Therian, M|100/100
|switch|p2a: Landorus|Landorus-Therian, M|100/100
|-ability|p2a: Landorus|Intimidate|boost
|-unboost|p1a: Tornadus|atk|1
|turn|1
|
|t:|1660875689
|move|p1a: Tornadus|U-turn|p2a: Landorus
|-resisted|p2a: Landorus
|-damage|p2a: Landorus|96/100
|
|t:|1660875692
|switch|p1a: Rotom|Rotom-Wash|100/100|[from]move: U-turn
|move|p2a: Landorus|Toxic|p1a: Rotom
|-status|p1a: Rotom|tox
|
|-heal|p2a: Landorus|100/100|[from] item: Leftovers
|-damage|p1a: Rotom|95/100 tox|[from] psn
|upkeep
|turn|2
|
|t:|1660875697
|switch|p2a: Slowking|Slowking, M|100/100
|move|p1a: Rotom|Will-O-Wisp|p2a: Slowking
|-status|p2a: Slowking|brn
|
|-damage|p1a: Rotom|83/100 tox|[from] psn
|-damage|p2a: Slowking|94/100 brn|[from] brn
|upkeep
|turn|3
|
|t:|1660875701
|move|p1a: Rotom|Volt Switch|p2a: Slowking
|-supereffective|p2a: Slowking
|-damage|p2a: Slowking|67/100 brn
|
|t:|1660875705
|switch|p1a: Ferrothorn|Ferrothorn, M|100/100|[from]move: Volt Switch
|move|p2a: Slowking|Teleport|p2a: Slowking
|
|t:|1660875708
|switch|p2a: Dragapult|Dragapult, M|100/100|[from]move: Teleport
|
|upkeep
|turn|4
|
|t:|1660875711
|switch|p1a: Tornadus|Tornadus-Therian, M|100/100
|move|p2a: Dragapult|Flamethrower|p1a: Tornadus
|-damage|p1a: Tornadus|74/100
|
|upkeep
|turn|5
|
|t:|1660875717
|switch|p2a: Landorus|Landorus-Therian, M|100/100
|-ability|p2a: Landorus|Intimidate|boost
|-unboost|p1a: Tornadus|atk|1
|move|p1a: Tornadus|Knock Off|p2a: Landorus
|-damage|p2a: Landorus|88/100
|-enditem|p2a: Landorus|Leftovers|[from] move: Knock Off|[of] p1a: Tornadus
|
|upkeep
|turn|6
|
|t:|1660875722
|move|p1a: Tornadus|U-turn|p2a: Landorus
|-resisted|p2a: Landorus
|-damage|p2a: Landorus|83/100
|
|t:|1660875725
|switch|p1a: Ferrothorn|Ferrothorn, M|100/100|[from]move: U-turn
|move|p2a: Landorus|Stealth Rock|p1a: Ferrothorn
|-sidestart|p1: d18l|move: Stealth Rock
|
|upkeep
|turn|7
|
|t:|1660875727
|switch|p2a: Slowking|Slowking, M|99/100 brn
|move|p1a: Ferrothorn|Stealth Rock|p2a: Slowking
|-sidestart|p2: LT93OQ Iznamakin|move: Stealth Rock
|
|-damage|p2a: Slowking|94/100 brn|[from] brn
|upkeep
|turn|8
|j| Bombrilho
|
|t:|1660875736
|switch|p1a: Tornadus|Tornadus-Therian, M|100/100
|-damage|p1a: Tornadus|76/100|[from] Stealth Rock
|move|p2a: Slowking|Future Sight|p1a: Tornadus
|-start|p2a: Slowking|move: Future Sight
|
|-damage|p2a: Slowking|88/100 brn|[from] brn
|upkeep
|turn|9
|
|t:|1660875742
|move|p1a: Tornadus|Knock Off|p2a: Slowking
|-supereffective|p2a: Slowking
|-damage|p2a: Slowking|46/100 brn
|-enditem|p2a: Slowking|Heavy-Duty Boots|[from] move: Knock Off|[of] p1a: Tornadus
|move|p2a: Slowking|Teleport|p2a: Slowking
|
|t:|1660875746
|switch|p2a: Tornadus|Tornadus-Therian, M, shiny|100/100|[from]move: Teleport
|
|upkeep
|turn|10
|
|t:|1660875758
|switch|p1a: Rotom|Rotom-Wash|83/100 tox
|-damage|p1a: Rotom|70/100 tox|[from] Stealth Rock
|move|p2a: Tornadus|Knock Off|p1a: Rotom
|-damage|p1a: Rotom|52/100 tox
|-damage|p2a: Tornadus|84/100|[from] item: Rocky Helmet|[of] p1a: Rotom
|-enditem|p1a: Rotom|Rocky Helmet|[from] move: Knock Off|[of] p2a: Tornadus
|
|-end|p1a: Rotom|move: Future Sight
|-damage|p1a: Rotom|12/100 tox
|-damage|p1a: Rotom|6/100 tox|[from] psn
|upkeep
|turn|11
|
|t:|1660875770
|move|p2a: Tornadus|Knock Off|p1a: Rotom
|-damage|p1a: Rotom|0 fnt
|faint|p1a: Rotom
|
|upkeep
|
|t:|1660875779
|switch|p1a: Landorus|Landorus-Therian, M|100/100
|-damage|p1a: Landorus|88/100|[from] Stealth Rock
|-ability|p1a: Landorus|Intimidate|boost
|-unboost|p2a: Tornadus|atk|1
|turn|12
|
|t:|1660875784
|move|p2a: Tornadus|Knock Off|p1a: Landorus
|-damage|p1a: Landorus|76/100
|-enditem|p1a: Landorus|Leftovers|[from] move: Knock Off|[of] p2a: Tornadus
|move|p1a: Landorus|Toxic|p2a: Tornadus
|-status|p2a: Tornadus|tox
|
|-damage|p2a: Tornadus|78/100 tox|[from] psn
|upkeep
|turn|13
|
|t:|1660875788
|move|p2a: Tornadus|Hurricane|p1a: Landorus
|-damage|p1a: Landorus|42/100
|move|p1a: Landorus|U-turn|p2a: Tornadus
|-resisted|p2a: Tornadus
|-damage|p2a: Tornadus|67/100 tox
|
|t:|1660875794
|switch|p1a: Tapu Koko|Tapu Koko|100/100|[from]move: U-turn
|-damage|p1a: Tapu Koko|88/100|[from] Stealth Rock
|-fieldstart|move: Electric Terrain|[from] ability: Electric Surge|[of] p1a: Tapu Koko
|
|-damage|p2a: Tornadus|55/100 tox|[from] psn
|upkeep
|turn|14
|
|t:|1660875799
|switch|p2a: Ferrothorn|Ferrothorn, M|100/100
|-damage|p2a: Ferrothorn|94/100|[from] Stealth Rock
|move|p1a: Tapu Koko|Volt Switch|p2a: Ferrothorn
|-resisted|p2a: Ferrothorn
|-damage|p2a: Ferrothorn|71/100
|
|t:|1660875802
|switch|p1a: Victini|Victini|100/100|[from]move: Volt Switch
|
|-heal|p2a: Ferrothorn|77/100|[from] item: Leftovers
|upkeep
|turn|15
|l| Bombrilho
|
|t:|1660875827
|switch|p2a: Landorus|Landorus-Therian, M|83/100
|-damage|p2a: Landorus|70/100|[from] Stealth Rock
|-ability|p2a: Landorus|Intimidate|boost
|-unboost|p1a: Victini|atk|1
|move|p1a: Victini|V-create|p2a: Landorus
|-damage|p2a: Landorus|18/100
|-unboost|p1a: Victini|spe|1
|-unboost|p1a: Victini|def|1
|-unboost|p1a: Victini|spd|1
|
|upkeep
|turn|16
|
|t:|1660875848
|switch|p1a: Landorus|Landorus-Therian, M|42/100
|-damage|p1a: Landorus|29/100|[from] Stealth Rock
|-ability|p1a: Landorus|Intimidate|boost
|-unboost|p2a: Landorus|atk|1
|switch|p2a: Dragapult|Dragapult, M|100/100
|-damage|p2a: Dragapult|88/100|[from] Stealth Rock
|
|upkeep
|turn|17
|
|t:|1660875854
|switch|p1a: Tornadus|Tornadus-Therian, M|100/100
|-damage|p1a: Tornadus|76/100|[from] Stealth Rock
|move|p2a: Dragapult|Shadow Ball|p1a: Tornadus
|-damage|p1a: Tornadus|42/100
|
|-fieldend|move: Electric Terrain
|upkeep
|turn|18
|
|t:|1660875862
|switch|p2a: Ferrothorn|Ferrothorn, M|77/100
|-damage|p2a: Ferrothorn|71/100|[from] Stealth Rock
|move|p1a: Tornadus|Knock Off|p2a: Ferrothorn
|-damage|p2a: Ferrothorn|60/100
|-damage|p1a: Tornadus|29/100|[from] ability: Iron Barbs|[of] p2a: Ferrothorn
|-enditem|p2a: Ferrothorn|Leftovers|[from] move: Knock Off|[of] p1a: Tornadus
|
|upkeep
|turn|19
|
|t:|1660875868
|move|p1a: Tornadus|Heat Wave|p2a: Ferrothorn|[miss]
|-miss|p1a: Tornadus|p2a: Ferrothorn
|move|p2a: Ferrothorn|Spikes|p1a: Tornadus
|-sidestart|p1: d18l|Spikes
|
|upkeep
|turn|20
|
|t:|1660875873
|switch|p2a: Tornadus|Tornadus-Therian, M, shiny|88/100 tox
|move|p1a: Tornadus|Heat Wave|p2a: Tornadus
|-damage|p2a: Tornadus|65/100 tox
|
|-damage|p2a: Tornadus|59/100 tox|[from] psn
|upkeep
|turn|21
|
|t:|1660875888
|switch|p1a: Tapu Koko|Tapu Koko|88/100
|-damage|p1a: Tapu Koko|76/100|[from] Stealth Rock
|-damage|p1a: Tapu Koko|63/100|[from] Spikes
|-fieldstart|move: Electric Terrain|[from] ability: Electric Surge|[of] p1a: Tapu Koko
|move|p2a: Tornadus|U-turn|p1a: Tapu Koko
|-resisted|p1a: Tapu Koko
|-damage|p1a: Tapu Koko|52/100
|
|t:|1660875893
|switch|p2a: Dragapult|Dragapult, M|88/100|[from]move: U-turn
|-damage|p2a: Dragapult|76/100|[from] Stealth Rock
|
|upkeep
|turn|22
|
|t:|1660875904
|switch|p1a: Landorus|Landorus-Therian, M|29/100
|-damage|p1a: Landorus|17/100|[from] Stealth Rock
|-ability|p1a: Landorus|Intimidate|boost
|-unboost|p2a: Dragapult|atk|1
|move|p2a: Dragapult|Shadow Ball|p1a: Landorus
|-damage|p1a: Landorus|0 fnt
|faint|p1a: Landorus
|
|upkeep
|
|t:|1660875905
|switch|p1a: Tornadus|Tornadus-Therian, M|62/100
|-damage|p1a: Tornadus|38/100|[from] Stealth Rock
|turn|23
|
|t:|1660875909
|switch|p2a: Ferrothorn|Ferrothorn, M|60/100
|-damage|p2a: Ferrothorn|54/100|[from] Stealth Rock
|move|p1a: Tornadus|Knock Off|p2a: Ferrothorn
|-damage|p2a: Ferrothorn|47/100
|-damage|p1a: Tornadus|25/100|[from] ability: Iron Barbs|[of] p2a: Ferrothorn
|
|upkeep
|turn|24
|
|t:|1660875916
|switch|p2a: Tornadus|Tornadus-Therian, M, shiny|92/100 tox
|move|p1a: Tornadus|Heat Wave|p2a: Tornadus
|-damage|p2a: Tornadus|66/100 tox
|
|-damage|p2a: Tornadus|60/100 tox|[from] psn
|upkeep
|turn|25
|
|t:|1660875924
|switch|p1a: Victini|Victini|100/100
|move|p2a: Tornadus|U-turn|p1a: Victini
|-damage|p1a: Victini|85/100
|
|t:|1660875929
|switch|p2a: Dragapult|Dragapult, M|76/100|[from]move: U-turn
|-damage|p2a: Dragapult|64/100|[from] Stealth Rock
|
|-fieldend|move: Electric Terrain
|upkeep
|turn|26
|-message|d18l forfeited.
|
|win|LT93OQ Iznamakin
|raw|d18l's rating: 1732 &rarr; <strong>1706</strong><br />(-26 for losing)
|raw|LT93OQ Iznamakin's rating: 1628 &rarr; <strong>1654</strong><br />(+26 for winning)
|l|☆LT93OQ Iznamakin
