|j|☆playeraccount
|j|☆HQSNonsense
|t:|1667223349
|gametype|singles
|player|p1|playeraccount|170|1618
|player|p2|HQSNonsense|veteranf|1668
|teamsize|p1|6
|teamsize|p2|6
|gen|8
|tier|[Gen 8] OU
|rated|
|rule|Sleep Clause Mod: Limit one foe put to sleep
|rule|Species Clause: Limit one of each Pokémon
|rule|OHKO Clause: OHKO moves are banned
|rule|Evasion Items Clause: Evasion items are banned
|rule|Evasion Moves Clause: Evasion moves are banned
|rule|Endless Battle Clause: Forcing endless battles is banned
|rule|HP Percentage Mod: HP is shown in percentages
|rule|Dynamax Clause: You cannot dynamax
|clearpoke
|poke|p1|Druddigon, M|
|poke|p1|Nidoqueen, F|
|poke|p1|Zapdos|
|poke|p1|Blissey, F|
|poke|p1|Kartana|
|poke|p1|Ditto|
|poke|p2|Blaziken, M|
|poke|p2|Rillaboom, F|
|poke|p2|Landorus-Therian, M|
|poke|p2|Nihilego|
|poke|p2|Bisharp, F|
|poke|p2|Dragonite, M|
|teampreview
|inactive|Battle timer is ON: inactive players will automatically lose when time's up. (requested by playeraccount)
|
|t:|1667223354
|start
|switch|p1a: Druddigon|Druddigon, M, shiny|100/100
|switch|p2a: Bisharp|Bisharp, F|100/100
|turn|1
|
|t:|1667223359
|move|p2a: Bisharp|Taunt|p1a: Druddigon
|-start|p1a: Druddigon|move: Taunt
|cant|p1a: Druddigon|move: Taunt|Glare
|
|upkeep
|turn|2
|
|t:|1667223366
|switch|p1a: Zapdos|Zapdos, shiny|100/100
|move|p2a: Bisharp|Stealth Rock|p1a: Zapdos
|-sidestart|p1: playeraccount|move: Stealth Rock
|
|upkeep
|turn|3
|
|t:|1667223373
|move|p2a: Bisharp|Knock Off|p1a: Zapdos
|-damage|p1a: Zapdos|62/100
|-enditem|p1a: Zapdos|Heavy-Duty Boots|[from] move: Knock Off|[of] p2a: Bisharp
|move|p1a: Zapdos|Heat Wave|p2a: Bisharp
|-supereffective|p2a: Bisharp
|-damage|p2a: Bisharp|13/100
|
|upkeep
|turn|4
|
|t:|1667223380
|move|p2a: Bisharp|Taunt|p1a: Zapdos
|-start|p1a: Zapdos|move: Taunt
|move|p1a: Zapdos|Volt Switch|p2a: Bisharp
|-damage|p2a: Bisharp|0 fnt
|faint|p2a: Bisharp
|
|t:|1667223383
|switch|p1a: Druddigon|Druddigon, M, shiny|100/100|[from]move: Volt Switch
|-damage|p1a: Druddigon|88/100|[from] Stealth Rock
|
|-heal|p1a: Druddigon|94/100|[from] item: Leftovers
|upkeep
|
|t:|1667223397
|switch|p2a: Blaziken|Blaziken, M|100/100
|turn|5
|
|t:|1667223401
|move|p2a: Blaziken|Substitute|p2a: Blaziken
|-start|p2a: Blaziken|Substitute
|-damage|p2a: Blaziken|76/100
|move|p1a: Druddigon|Rock Slide|p2a: Blaziken
|-end|p2a: Blaziken|Substitute
|
|-heal|p2a: Blaziken|82/100|[from] item: Leftovers
|-heal|p1a: Druddigon|100/100|[from] item: Leftovers
|-ability|p2a: Blaziken|Speed Boost|boost
|-boost|p2a: Blaziken|spe|1
|upkeep
|turn|6
|
|t:|1667223404
|move|p2a: Blaziken|Swords Dance|p2a: Blaziken
|-boost|p2a: Blaziken|atk|2
|move|p1a: Druddigon|Rock Slide|p2a: Blaziken
|-damage|p2a: Blaziken|55/100
|
|-heal|p2a: Blaziken|61/100|[from] item: Leftovers
|-ability|p2a: Blaziken|Speed Boost|boost
|-boost|p2a: Blaziken|spe|1
|upkeep
|turn|7
|
|t:|1667223407
|move|p2a: Blaziken|Close Combat|p1a: Druddigon
|-damage|p1a: Druddigon|0 fnt
|-unboost|p2a: Blaziken|def|1
|-unboost|p2a: Blaziken|spd|1
|-damage|p2a: Blaziken|49/100|[from] ability: Rough Skin|[of] p1a: Druddigon
|faint|p1a: Druddigon
|
|-heal|p2a: Blaziken|55/100|[from] item: Leftovers
|-ability|p2a: Blaziken|Speed Boost|boost
|-boost|p2a: Blaziken|spe|1
|upkeep
|inactive|playeraccount has 120 seconds left.
|
|t:|1667223439
|switch|p1a: Ditto|Ditto, shiny|100/100
|-damage|p1a: Ditto|88/100|[from] Stealth Rock
|-transform|p1a: Ditto|p2a: Blaziken|[from] ability: Imposter
|turn|8
|inactive|playeraccount has 120 seconds left.
|c|☆playeraccount|!weak Blazike
|c| playeraccount|/raw <div class="infobox">Blazike isn't a recognized type or Pokemon.</div>
|c|☆playeraccount|!weak Blaziken
|c| playeraccount|/raw <div class="infobox">Blaziken (ignoring abilities):<br /><span class="message-effect-weak">Weaknesses</span>: Flying, Ground, Psychic, Water<br /><span class="message-effect-resist">Resistances</span>: <b>Bug</b>, Dark, Fire, Grass, Ice, Steel<br /><span class="message-effect-immune">Immunities</span>: Burn</div>
|
|t:|1667223466
|move|p1a: Ditto|Close Combat|p2a: Blaziken
|-damage|p2a: Blaziken|0 fnt
|-unboost|p1a: Ditto|def|1
|-unboost|p1a: Ditto|spd|1
|faint|p2a: Blaziken
|
|-ability|p1a: Ditto|Speed Boost|boost
|-boost|p1a: Ditto|spe|1
|upkeep
|
|t:|1667223475
|switch|p2a: Dragonite|Dragonite, M|100/100
|turn|9
|
|t:|1667223480
|switch|p1a: Zapdos|Zapdos, shiny|62/100
|-damage|p1a: Zapdos|37/100|[from] Stealth Rock
|move|p2a: Dragonite|Dragon Dance|p2a: Dragonite
|-boost|p2a: Dragonite|atk|1
|-boost|p2a: Dragonite|spe|1
|
|upkeep
|turn|10
|inactive|playeraccount has 120 seconds left.
|
|t:|1667223488
|move|p2a: Dragonite|Extreme Speed|p1a: Zapdos
|-damage|p1a: Zapdos|4/100
|move|p1a: Zapdos|Volt Switch|p2a: Dragonite
|-damage|p2a: Dragonite|86/100
|inactive|playeraccount has 120 seconds left.
|
|t:|1667223498
|switch|p1a: Ditto|Ditto, shiny|88/100|[from]move: Volt Switch
|-damage|p1a: Ditto|76/100|[from] Stealth Rock
|-transform|p1a: Ditto|p2a: Dragonite|[from] ability: Imposter
|
|upkeep
|turn|11
|
|t:|1667223502
|move|p1a: Ditto|Extreme Speed|p2a: Dragonite
|-damage|p2a: Dragonite|36/100
|move|p2a: Dragonite|Dual Wingbeat|p1a: Ditto
|-damage|p1a: Ditto|33/100
|-damage|p1a: Ditto|0 fnt
|faint|p1a: Ditto
|-hitcount|p1: Ditto|2
|
|upkeep
|inactive|playeraccount has 120 seconds left.
|
|t:|1667223513
|switch|p1a: Kartana|Kartana, shiny|100/100
|-damage|p1a: Kartana|94/100|[from] Stealth Rock
|turn|12
|
|t:|1667223515
|move|p2a: Dragonite|Dual Wingbeat|p1a: Kartana
|-damage|p1a: Kartana|54/100
|-damage|p1a: Kartana|16/100
|-hitcount|p1a: Kartana|2
|move|p1a: Kartana|Knock Off|p2a: Dragonite
|-damage|p2a: Dragonite|0 fnt
|-enditem|p2a: Dragonite|Heavy-Duty Boots|[from] move: Knock Off|[of] p1a: Kartana
|faint|p2a: Dragonite
|-ability|p1a: Kartana|Beast Boost|boost
|-boost|p1a: Kartana|atk|1
|
|upkeep
|
|t:|1667223530
|switch|p2a: Rillaboom|Rillaboom, F|100/100
|-fieldstart|move: Grassy Terrain|[from] ability: Grassy Surge|[of] p2a: Rillaboom
|turn|13
|
|t:|1667223532
|move|p2a: Rillaboom|Grassy Glide|p1a: Kartana
|-resisted|p1a: Kartana
|-damage|p1a: Kartana|0 fnt
|faint|p1a: Kartana
|-damage|p2a: Rillaboom|91/100|[from] item: Life Orb
|
|-heal|p2a: Rillaboom|97/100|[from] Grassy Terrain
|upkeep
|j| Ran Kob
|
|t:|1667223539
|switch|p1a: Zapdos|Zapdos, shiny|4/100
|-damage|p1a: Zapdos|0 fnt|[from] Stealth Rock
|faint|p1a: Zapdos
|
|t:|1667223541
|switch|p1a: Nidoqueen|Nidoqueen, F, shiny|100/100
|-damage|p1a: Nidoqueen|94/100|[from] Stealth Rock
|turn|14
|
|t:|1667223548
|switch|p2a: Nihilego|Nihilego|100/100
|move|p1a: Nidoqueen|Sludge Wave|p2a: Nihilego
|-resisted|p2a: Nihilego
|-damage|p2a: Nihilego|90/100
|
|-heal|p2a: Nihilego|96/100|[from] Grassy Terrain
|-heal|p1a: Nidoqueen|100/100|[from] Grassy Terrain
|upkeep
|turn|15
|
|t:|1667223567
|move|p2a: Nihilego|Toxic Spikes|p1a: Nidoqueen
|-sidestart|p1: playeraccount|move: Toxic Spikes
|move|p1a: Nidoqueen|Earth Power|p2a: Nihilego
|-supereffective|p2a: Nihilego
|-damage|p2a: Nihilego|0 fnt
|faint|p2a: Nihilego
|
|upkeep
|
|t:|1667223573
|switch|p2a: Rillaboom|Rillaboom, F|97/100
|turn|16
|
|t:|1667223577
|move|p2a: Rillaboom|Knock Off|p1a: Nidoqueen
|-damage|p1a: Nidoqueen|47/100
|-enditem|p1a: Nidoqueen|Life Orb|[from] move: Knock Off|[of] p2a: Rillaboom
|-damage|p2a: Rillaboom|87/100|[from] item: Life Orb
|move|p1a: Nidoqueen|Sludge Wave|p2a: Rillaboom
|-supereffective|p2a: Rillaboom
|-damage|p2a: Rillaboom|0 fnt
|faint|p2a: Rillaboom
|
|-heal|p1a: Nidoqueen|53/100|[from] Grassy Terrain
|upkeep
|
|t:|1667223583
|switch|p2a: Landorus|Landorus-Therian, M|100/100
|-ability|p2a: Landorus|Intimidate|boost
|-unboost|p1a: Nidoqueen|atk|1
|turn|17
|
|t:|1667223587
|move|p2a: Landorus|Substitute|p2a: Landorus
|-start|p2a: Landorus|Substitute
|-damage|p2a: Landorus|76/100
|move|p1a: Nidoqueen|Ice Beam|p2a: Landorus
|-supereffective|p2a: Landorus
|-end|p2a: Landorus|Substitute
|
|-heal|p2a: Landorus|82/100|[from] item: Leftovers
|-heal|p1a: Nidoqueen|59/100|[from] Grassy Terrain
|-fieldend|move: Grassy Terrain
|upkeep
|turn|18
|
|t:|1667223590
|move|p2a: Landorus|Earthquake|p1a: Nidoqueen
|-supereffective|p1a: Nidoqueen
|-damage|p1a: Nidoqueen|0 fnt
|faint|p1a: Nidoqueen
|
|-heal|p2a: Landorus|88/100|[from] item: Leftovers
|upkeep
|
|t:|1667223592
|switch|p1a: Blissey|Blissey, F|100/100
|-damage|p1a: Blissey|88/100|[from] Stealth Rock
|-status|p1a: Blissey|psn
|turn|19
|j| Dr John Jasper
|
|t:|1667223595
|move|p2a: Landorus|Substitute|p2a: Landorus
|-start|p2a: Landorus|Substitute
|-damage|p2a: Landorus|63/100
|move|p1a: Blissey|Toxic||[still]
|-fail|p1a: Blissey
|
|-heal|p2a: Landorus|69/100|[from] item: Leftovers
|-heal|p1a: Blissey|94/100 psn|[from] item: Leftovers
|-damage|p1a: Blissey|82/100 psn|[from] psn
|upkeep
|turn|20
|
|t:|1667223600
|move|p2a: Landorus|Earthquake|p1a: Blissey
|-damage|p1a: Blissey|33/100 psn
|move|p1a: Blissey|Seismic Toss|p2a: Landorus
|-end|p2a: Landorus|Substitute
|
|-heal|p2a: Landorus|76/100|[from] item: Leftovers
|-heal|p1a: Blissey|39/100 psn|[from] item: Leftovers
|-damage|p1a: Blissey|26/100 psn|[from] psn
|upkeep
|turn|21
|
|t:|1667223602
|move|p2a: Landorus|Earthquake|p1a: Blissey
|-damage|p1a: Blissey|0 fnt
|faint|p1a: Blissey
|
|win|HQSNonsense
|raw|playeraccount's rating: 1618 &rarr; <strong>1601</strong><br />(-17 for losing)
|raw|HQSNonsense's rating: 1668 &rarr; <strong>1685</strong><br />(+17 for winning)
|l|☆playeraccount
