|j|☆Clleu 069
|j|☆cump3
|t:|1653523147
|gametype|singles
|player|p1|Clleu 069|dawn-gen4pt|1371
|player|p2|cump3|gentleman-gen4|1395
|teamsize|p1|6
|teamsize|p2|6
|gen|8
|tier|[Gen 8] OU
|rated|
|rule|Sleep Clause Mod: Limit one foe put to sleep
|rule|Species Clause: Limit one of each Pokémon
|rule|OHKO Clause: OHKO moves are banned
|rule|Evasion Moves Clause: Evasion moves are banned
|rule|Endless Battle Clause: Forcing endless battles is banned
|rule|HP Percentage Mod: HP is shown in percentages
|rule|Dynamax Clause: You cannot dynamax
|clearpoke
|poke|p1|Chansey, F|
|poke|p1|Skarmory, F|
|poke|p1|Volcanion|
|poke|p1|Volcarona, F|
|poke|p1|Slowbro-Galar, M|
|poke|p1|Pelipper, F|
|poke|p2|Heatran, M|
|poke|p2|Mandibuzz, F|
|poke|p2|Rillaboom, F|
|poke|p2|Magnezone|
|poke|p2|Swampert, M|
|poke|p2|Kartana|
|teampreview
|inactive|Battle timer is ON: inactive players will automatically lose when time's up. (requested by Clleu 069)
|
|t:|1653523165
|start
|switch|p1a: Pelipper|Pelipper, F, shiny|100/100
|switch|p2a: Heatran|Heatran, M|100/100
|-weather|RainDance|[from] ability: Drizzle|[of] p1a: Pelipper
|turn|1
|
|t:|1653523175
|move|p1a: Pelipper|Weather Ball|p2a: Heatran
|-supereffective|p2a: Heatran
|-damage|p2a: Heatran|5/100
|move|p2a: Heatran|Stealth Rock|p1a: Pelipper
|-sidestart|p1: Clleu 069|move: Stealth Rock
|
|-weather|RainDance|[upkeep]
|-heal|p2a: Heatran|11/100|[from] item: Leftovers
|upkeep
|turn|2
|
|t:|1653523184
|move|p1a: Pelipper|Weather Ball|p2a: Heatran
|-supereffective|p2a: Heatran
|-damage|p2a: Heatran|0 fnt
|faint|p2a: Heatran
|
|-weather|RainDance|[upkeep]
|upkeep
|
|t:|1653523189
|switch|p2a: Magnezone|Magnezone, shiny|100/100
|turn|3
|
|t:|1653523201
|move|p1a: Pelipper|Defog|p2a: Magnezone
|-unboost|p2a: Magnezone|evasion|1
|-sideend|p1: Clleu 069|Stealth Rock|[from] move: Defog|[of] p1a: Pelipper
|move|p2a: Magnezone|Volt Switch|p1a: Pelipper
|-supereffective|p1a: Pelipper
|-enditem|p1a: Pelipper|Focus Sash
|-damage|p1a: Pelipper|1/100
|
|t:|1653523213
|switch|p2a: Kartana|Kartana, shiny|100/100|[from]move: Volt Switch
|
|-weather|RainDance|[upkeep]
|upkeep
|turn|4
|
|t:|1653523222
|move|p2a: Kartana|Knock Off|p1a: Pelipper
|-damage|p1a: Pelipper|0 fnt
|faint|p1a: Pelipper
|-ability|p2a: Kartana|Beast Boost|boost
|-boost|p2a: Kartana|atk|1
|
|-weather|RainDance|[upkeep]
|upkeep
|
|t:|1653523231
|switch|p1a: Volcarona|Volcarona, F, shiny|100/100
|turn|5
|
|t:|1653523238
|switch|p2a: Swampert|Swampert, M, shiny|100/100
|move|p1a: Volcarona|Fiery Dance|p2a: Swampert
|-resisted|p2a: Swampert
|-damage|p2a: Swampert|92/100
|
|-weather|none
|-heal|p2a: Swampert|98/100|[from] item: Leftovers
|upkeep
|turn|6
|
|t:|1653523249
|move|p1a: Volcarona|Giga Drain|p2a: Swampert
|-supereffective|p2a: Swampert
|-damage|p2a: Swampert|5/100
|move|p2a: Swampert|Substitute|p2a: Swampert
|-fail|p2a: Swampert|move: Substitute|[weak]
|
|-heal|p2a: Swampert|11/100|[from] item: Leftovers
|upkeep
|turn|7
|-message|cump3 forfeited.
|
|win|Clleu 069
|raw|Clleu 069's rating: 1371 &rarr; <strong>1392</strong><br />(+21 for winning)
|raw|cump3's rating: 1395 &rarr; <strong>1374</strong><br />(-21 for losing)
