|j|☆mcp3
|j|‽early_human
|t:|1635223355
|gametype|singles
|player|p1|mcp3|roxanne-gen3|1844
|player|p2|early_human|dancer|1924
|teamsize|p1|6
|teamsize|p2|6
|gen|8
|tier|[Gen 8] OU
|rated|
|rule|Sleep Clause Mod: Limit one foe put to sleep
|rule|Species Clause: Limit one of each Pokémon
|rule|OHKO Clause: OHKO moves are banned
|rule|Evasion Moves Clause: Evasion moves are banned
|rule|Endless Battle Clause: Forcing endless battles is banned
|rule|HP Percentage Mod: HP is shown in percentages
|rule|Dynamax Clause: You cannot dynamax
|clearpoke
|poke|p1|Landorus-Therian, M|
|poke|p1|Ferrothorn, M|
|poke|p1|Clefable, F|
|poke|p1|Tornadus-Therian, M|
|poke|p1|Slowbro, M|
|poke|p1|Heatran, F|
|poke|p2|Moltres-Galar|
|poke|p2|Aegislash, M|
|poke|p2|Buzzwole|
|poke|p2|Latios, M|
|poke|p2|Landorus-Therian, M|
|poke|p2|Bisharp, F|
|teampreview
|c|☆mcp3|fire team
|c|☆mcp3|hf
|j| x555
|j| Batataplays
|j| Typhlosion4
|l| Typhlosion4
|j| casamigos
|j| Mobiacikaka
|
|t:|1635223455
|start
|switch|p1a: Landorus|Landorus-Therian, M|100/100
|switch|p2a: Aegislash|Aegislash, M|100/100
|-ability|p1a: Landorus|Intimidate|boost
|-unboost|p2a: Aegislash|atk|1
|turn|1
|c| Mobiacikaka|u2
|
|t:|1635223467
|switch|p2a: Buzzwole|Buzzwole|100/100
|move|p1a: Landorus|Earthquake|p2a: Buzzwole
|-resisted|p2a: Buzzwole
|-damage|p2a: Buzzwole|83/100
|
|upkeep
|turn|2
|inactive|Battle timer is ON: inactive players will automatically lose when time's up. (requested by early_human)
|
|t:|1635223472
|switch|p1a: Clefable|Clefable, F|100/100
|move|p2a: Buzzwole|Ice Punch|p1a: Clefable
|-damage|p1a: Clefable|62/100
|
|upkeep
|turn|3
|
|t:|1635223478
|switch|p2a: Bisharp|Bisharp, F|100/100
|move|p1a: Clefable|Soft-Boiled|p1a: Clefable
|-heal|p1a: Clefable|100/100
|
|upkeep
|turn|4
|
|t:|1635223489
|move|p2a: Bisharp|Iron Head|p1a: Clefable
|-supereffective|p1a: Clefable
|-damage|p1a: Clefable|20/100
|move|p1a: Clefable|Moonblast|p2a: Bisharp
|-damage|p2a: Bisharp|59/100
|
|upkeep
|turn|5
|
|t:|1635223494
|switch|p1a: Ferrothorn|Ferrothorn, M|100/100
|move|p2a: Bisharp|Knock Off|p1a: Ferrothorn
|-damage|p1a: Ferrothorn|66/100
|-damage|p2a: Bisharp|46/100|[from] ability: Iron Barbs|[of] p1a: Ferrothorn
|-enditem|p1a: Ferrothorn|Leftovers|[from] move: Knock Off|[of] p2a: Bisharp
|
|upkeep
|turn|6
|
|t:|1635223500
|switch|p2a: Buzzwole|Buzzwole|83/100
|move|p1a: Ferrothorn|Leech Seed|p2a: Buzzwole|[miss]
|-miss|p1a: Ferrothorn|p2a: Buzzwole
|
|upkeep
|turn|7
|
|t:|1635223509
|switch|p1a: Slowbro|Slowbro, M|100/100
|move|p2a: Buzzwole|Close Combat|p1a: Slowbro
|-resisted|p1a: Slowbro
|-damage|p1a: Slowbro|71/100
|-unboost|p2a: Buzzwole|def|1
|-unboost|p2a: Buzzwole|spd|1
|-damage|p2a: Buzzwole|66/100|[from] item: Rocky Helmet|[of] p1a: Slowbro
|
|upkeep
|turn|8
|
|t:|1635223513
|switch|p2a: Aegislash|Aegislash, M|100/100
|move|p1a: Slowbro|Scald|p2a: Aegislash
|-damage|p2a: Aegislash|79/100
|
|upkeep
|turn|9
|
|t:|1635223516
|switch|p1a: Tornadus|Tornadus-Therian, M|100/100
|-formechange|p2a: Aegislash|Aegislash-Blade||[from] ability: Stance Change
|move|p2a: Aegislash|Shadow Ball|p1a: Tornadus
|-damage|p1a: Tornadus|53/100
|
|upkeep
|turn|10
|
|t:|1635223524
|-formechange|p2a: Aegislash|Aegislash||[from] ability: Stance Change
|move|p2a: Aegislash|King's Shield|p2a: Aegislash
|-singleturn|p2a: Aegislash|Protect
|move|p1a: Tornadus|U-turn|p2a: Aegislash
|-activate|p2a: Aegislash|move: Protect
|-unboost|p1a: Tornadus|atk|1
|
|upkeep
|turn|11
|
|t:|1635223527
|move|p1a: Tornadus|Heat Wave|p2a: Aegislash
|-supereffective|p2a: Aegislash
|-damage|p2a: Aegislash|41/100
|-enditem|p2a: Aegislash|Weakness Policy
|-boost|p2a: Aegislash|atk|2|[from] item: Weakness Policy
|-boost|p2a: Aegislash|spa|2|[from] item: Weakness Policy
|-formechange|p2a: Aegislash|Aegislash-Blade||[from] ability: Stance Change
|move|p2a: Aegislash|Shadow Ball|p1a: Tornadus
|-damage|p1a: Tornadus|0 fnt
|faint|p1a: Tornadus
|
|upkeep
|
|t:|1635223530
|switch|p1a: Landorus|Landorus-Therian, M|100/100
|-ability|p1a: Landorus|Intimidate|boost
|-unboost|p2a: Aegislash|atk|1
|turn|12
|
|t:|1635223540
|switch|p2a: Landorus|Landorus-Therian, M|100/100
|-ability|p2a: Landorus|Intimidate|boost
|-unboost|p1a: Landorus|atk|1
|move|p1a: Landorus|Earthquake|p2a: Landorus
|-immune|p2a: Landorus
|
|upkeep
|turn|13
|
|t:|1635223544
|move|p2a: Landorus|Stealth Rock|p1a: Landorus
|-sidestart|p1: mcp3|move: Stealth Rock
|move|p1a: Landorus|Stealth Rock|p2a: Landorus
|-sidestart|p2: early_human|move: Stealth Rock
|
|upkeep
|turn|14
|
|t:|1635223547
|move|p2a: Landorus|Rock Tomb|p1a: Landorus
|-damage|p1a: Landorus|84/100
|-unboost|p1a: Landorus|spe|1
|move|p1a: Landorus|Knock Off|p2a: Landorus
|-damage|p2a: Landorus|75/100
|-enditem|p2a: Landorus|Focus Sash|[from] move: Knock Off|[of] p1a: Landorus
|
|-heal|p1a: Landorus|90/100|[from] item: Leftovers
|upkeep
|turn|15
|
|t:|1635223553
|move|p2a: Landorus|Rock Tomb|p1a: Landorus
|-damage|p1a: Landorus|73/100
|-unboost|p1a: Landorus|spe|1
|move|p1a: Landorus|Knock Off|p2a: Landorus
|-damage|p2a: Landorus|60/100
|
|-heal|p1a: Landorus|79/100|[from] item: Leftovers
|upkeep
|turn|16
|
|t:|1635223560
|switch|p2a: Buzzwole|Buzzwole|66/100
|-damage|p2a: Buzzwole|54/100|[from] Stealth Rock
|move|p1a: Landorus|Knock Off|p2a: Buzzwole
|-resisted|p2a: Buzzwole
|-damage|p2a: Buzzwole|47/100
|-enditem|p2a: Buzzwole|Choice Band|[from] move: Knock Off|[of] p1a: Landorus
|
|-heal|p1a: Landorus|85/100|[from] item: Leftovers
|upkeep
|turn|17
|
|t:|1635223574
|move|p2a: Buzzwole|Leech Life|p1a: Landorus
|-resisted|p1a: Landorus
|-damage|p1a: Landorus|69/100
|-heal|p2a: Buzzwole|56/100|[from] drain|[of] p1a: Landorus
|move|p1a: Landorus|U-turn|p2a: Buzzwole
|-resisted|p2a: Buzzwole
|-damage|p2a: Buzzwole|50/100
|
|t:|1635223588
|switch|p1a: Slowbro|Slowbro, M|100/100|[from]move: U-turn
|-damage|p1a: Slowbro|88/100|[from] Stealth Rock
|
|upkeep
|turn|18
|
|t:|1635223596
|switch|p2a: Aegislash|Aegislash, M|41/100
|-damage|p2a: Aegislash|35/100|[from] Stealth Rock
|switch|p1a: Landorus|Landorus-Therian, M|69/100
|-damage|p1a: Landorus|57/100|[from] Stealth Rock
|-ability|p1a: Landorus|Intimidate|boost
|-unboost|p2a: Aegislash|atk|1
|
|-heal|p1a: Landorus|63/100|[from] item: Leftovers
|upkeep
|turn|19
|
|t:|1635223610
|move|p2a: Aegislash|King's Shield|p2a: Aegislash
|-singleturn|p2a: Aegislash|Protect
|move|p1a: Landorus|Earthquake|p2a: Aegislash
|-activate|p2a: Aegislash|move: Protect
|
|-heal|p1a: Landorus|69/100|[from] item: Leftovers
|upkeep
|turn|20
|
|t:|1635223616
|switch|p2a: Moltres|Moltres-Galar|100/100
|move|p1a: Landorus|Earthquake|p2a: Moltres
|-immune|p2a: Moltres
|
|-heal|p1a: Landorus|75/100|[from] item: Leftovers
|upkeep
|turn|21
|
|t:|1635223623
|move|p2a: Moltres|Fiery Wrath|p1a: Landorus
|-damage|p1a: Landorus|38/100
|move|p1a: Landorus|U-turn|p2a: Moltres
|-damage|p2a: Moltres|76/100
|
|t:|1635223627
|switch|p1a: Clefable|Clefable, F|20/100|[from]move: U-turn
|
|upkeep
|turn|22
|j| PS5=Xbox Series X
|
|t:|1635223631
|move|p2a: Moltres|Hurricane|p1a: Clefable
|-damage|p1a: Clefable|0 fnt
|faint|p1a: Clefable
|
|upkeep
|
|t:|1635223634
|switch|p1a: Heatran|Heatran, F|100/100
|-damage|p1a: Heatran|88/100|[from] Stealth Rock
|turn|23
|
|t:|1635223636
|move|p2a: Moltres|Nasty Plot|p2a: Moltres
|-boost|p2a: Moltres|spa|2
|move|p1a: Heatran|Toxic|p2a: Moltres
|-status|p2a: Moltres|tox
|
|-heal|p1a: Heatran|94/100|[from] item: Leftovers
|-damage|p2a: Moltres|70/100 tox|[from] psn
|upkeep
|turn|24
|
|t:|1635223641
|move|p2a: Moltres|Fiery Wrath|p1a: Heatran
|-damage|p1a: Heatran|46/100
|move|p1a: Heatran|Magma Storm|p2a: Moltres
|-damage|p2a: Moltres|31/100 tox
|-activate|p2a: Moltres|move: Magma Storm|[of] p1a: Heatran
|-ability|p2a: Moltres|Berserk|boost
|-boost|p2a: Moltres|spa|1
|
|-heal|p1a: Heatran|53/100|[from] item: Leftovers
|-damage|p2a: Moltres|19/100 tox|[from] psn
|-damage|p2a: Moltres|7/100 tox|[from] move: Magma Storm|[partiallytrapped]
|upkeep
|turn|25
|
|t:|1635223654
|switch|p1a: Landorus|Landorus-Therian, M|38/100
|-damage|p1a: Landorus|25/100|[from] Stealth Rock
|-ability|p1a: Landorus|Intimidate|boost
|-unboost|p2a: Moltres|atk|1
|move|p2a: Moltres|Fiery Wrath|p1a: Landorus
|-damage|p1a: Landorus|0 fnt
|faint|p1a: Landorus
|
|-damage|p2a: Moltres|0 fnt|[from] psn
|faint|p2a: Moltres
|upkeep
|
|t:|1635223660
|switch|p2a: Buzzwole|Buzzwole|50/100
|switch|p1a: Slowbro|Slowbro, M|100/100
|-damage|p2a: Buzzwole|38/100|[from] Stealth Rock
|-damage|p1a: Slowbro|88/100|[from] Stealth Rock
|turn|26
|
|t:|1635223667
|switch|p2a: Aegislash|Aegislash, M|35/100
|-damage|p2a: Aegislash|29/100|[from] Stealth Rock
|move|p1a: Slowbro|Scald|p2a: Aegislash
|-damage|p2a: Aegislash|8/100
|
|upkeep
|turn|27
|
|t:|1635223684
|-formechange|p2a: Aegislash|Aegislash-Blade||[from] ability: Stance Change
|move|p2a: Aegislash|Shadow Ball|p1a: Slowbro
|-supereffective|p1a: Slowbro
|-damage|p1a: Slowbro|0 fnt
|faint|p1a: Slowbro
|
|upkeep
|
|t:|1635223686
|switch|p1a: Heatran|Heatran, F|53/100
|-damage|p1a: Heatran|40/100|[from] Stealth Rock
|turn|28
|-message|mcp3 forfeited.
|
|win|early_human
|raw|mcp3's rating: 1844 &rarr; <strong>1829</strong><br />(-15 for losing)
|raw|early_human's rating: 1924 &rarr; <strong>1939</strong><br />(+15 for winning)
|l|☆mcp3
|l| Batataplays
|l| Mobiacikaka
|l|‽early_human
|n| PS5>Xbox Series X|ps5xboxseriesx
