|j|☆CoconutCrabs
|j|☆leaveamessage
|t:|1631895038
|gametype|singles
|player|p1|CoconutCrabs|chuck|1644
|player|p2|leaveamessage|bugcatcher-gen4dp|1615
|teamsize|p1|6
|teamsize|p2|6
|gen|8
|tier|[Gen 8] OU
|rated|
|rule|Sleep Clause Mod: Limit one foe put to sleep
|rule|Species Clause: Limit one of each Pokémon
|rule|OHKO Clause: OHKO moves are banned
|rule|Evasion Moves Clause: Evasion moves are banned
|rule|Endless Battle Clause: Forcing endless battles is banned
|rule|HP Percentage Mod: HP is shown in percentages
|rule|Dynamax Clause: You cannot dynamax
|clearpoke
|poke|p1|Tyranitar, M|
|poke|p1|Excadrill, F|
|poke|p1|Tornadus-Therian, M|
|poke|p1|Toxapex, F|
|poke|p1|Heatran, M|
|poke|p1|Tangrowth, F|
|poke|p2|Landorus-Therian, M|
|poke|p2|Tapu Lele|
|poke|p2|Scizor, M|
|poke|p2|Garchomp, F|
|poke|p2|Toxapex, M|
|poke|p2|Victini|
|teampreview
|j| TuTiuTe
|inactive|Battle timer is ON: inactive players will automatically lose when time's up. (requested by CoconutCrabs)
|
|t:|1631895073
|start
|switch|p1a: Tornadus|Tornadus-Therian, M|100/100
|switch|p2a: Tapu Lele|Tapu Lele|100/100
|-fieldstart|move: Psychic Terrain|[from] ability: Psychic Surge|[of] p2a: Tapu Lele
|turn|1
|
|t:|1631895080
|switch|p1a: Tyranitar|Tyranitar, M|100/100
|-weather|Sandstorm|[from] ability: Sand Stream|[of] p1a: Tyranitar
|move|p2a: Tapu Lele|Focus Blast|p1a: Tyranitar
|-supereffective|p1a: Tyranitar
|-damage|p1a: Tyranitar|25/100
|-unboost|p1a: Tyranitar|spd|1
|
|-weather|Sandstorm|[upkeep]
|-damage|p2a: Tapu Lele|94/100|[from] Sandstorm
|-heal|p1a: Tyranitar|31/100|[from] item: Leftovers
|upkeep
|turn|2
|
|t:|1631895095
|switch|p2a: Landorus|Landorus-Therian, M|100/100
|-ability|p2a: Landorus|Intimidate|boost
|-unboost|p1a: Tyranitar|atk|1
|move|p1a: Tyranitar|Stealth Rock|p2a: Landorus
|-sidestart|p2: leaveamessage|move: Stealth Rock
|
|-weather|Sandstorm|[upkeep]
|-heal|p1a: Tyranitar|38/100|[from] item: Leftovers
|upkeep
|turn|3
|
|t:|1631895102
|switch|p1a: Tornadus|Tornadus-Therian, M|100/100
|move|p2a: Landorus|Defog|p1a: Tornadus
|-unboost|p1a: Tornadus|evasion|1
|-sideend|p2: leaveamessage|Stealth Rock|[from] move: Defog|[of] p2a: Landorus
|-fieldend|move: Psychic Terrain
|
|-weather|Sandstorm|[upkeep]
|-damage|p1a: Tornadus|94/100|[from] Sandstorm
|upkeep
|turn|4
|
|t:|1631895105
|move|p1a: Tornadus|Icy Wind|p2a: Landorus
|-supereffective|p2a: Landorus
|-damage|p2a: Landorus|19/100
|-unboost|p2a: Landorus|spe|1
|move|p2a: Landorus|Knock Off|p1a: Tornadus
|-damage|p1a: Tornadus|53/100
|-enditem|p1a: Tornadus|Choice Specs|[from] move: Knock Off|[of] p2a: Landorus
|
|-weather|Sandstorm|[upkeep]
|-damage|p1a: Tornadus|47/100|[from] Sandstorm
|-heal|p2a: Landorus|25/100|[from] item: Leftovers
|upkeep
|turn|5
|
|t:|1631895116
|switch|p2a: Toxapex|Toxapex, M|100/100
|move|p1a: Tornadus|Hurricane|p2a: Toxapex
|-damage|p2a: Toxapex|60/100
|
|-weather|none
|-heal|p2a: Toxapex|66/100|[from] item: Black Sludge
|upkeep
|turn|6
|
|t:|1631895123
|switch|p1a: Toxapex|Toxapex, F|100/100
|move|p2a: Toxapex|Toxic Spikes|p1a: Toxapex
|-sidestart|p1: CoconutCrabs|move: Toxic Spikes
|
|-heal|p2a: Toxapex|73/100|[from] item: Black Sludge
|upkeep
|turn|7
|
|t:|1631895127
|switch|p2a: Tapu Lele|Tapu Lele|94/100
|-fieldstart|move: Psychic Terrain|[from] ability: Psychic Surge|[of] p2a: Tapu Lele
|move|p1a: Toxapex|Knock Off|p2a: Tapu Lele
|-damage|p2a: Tapu Lele|72/100
|-enditem|p2a: Tapu Lele|Choice Scarf|[from] move: Knock Off|[of] p1a: Toxapex
|
|upkeep
|turn|8
|
|t:|1631895133
|switch|p1a: Excadrill|Excadrill, F|100/100
|move|p2a: Tapu Lele|Psychic|p1a: Excadrill
|-resisted|p1a: Excadrill
|-damage|p1a: Excadrill|57/100
|
|-heal|p1a: Excadrill|63/100|[from] item: Leftovers
|upkeep
|turn|9
|
|t:|1631895138
|switch|p1a: Toxapex|Toxapex, F|100/100
|-sideend|p1: CoconutCrabs|move: Toxic Spikes|[of] p1a: Toxapex
|move|p2a: Tapu Lele|Focus Blast|p1a: Toxapex
|-resisted|p1a: Toxapex
|-damage|p1a: Toxapex|84/100
|
|upkeep
|turn|10
|
|t:|1631895140
|switch|p1a: Tornadus|Tornadus-Therian, M|80/100
|move|p2a: Tapu Lele|Psychic|p1a: Tornadus
|-damage|p1a: Tornadus|0 fnt
|faint|p1a: Tornadus
|
|upkeep
|
|t:|1631895142
|switch|p1a: Heatran|Heatran, M|100/100
|turn|11
|
|t:|1631895146
|switch|p2a: Garchomp|Garchomp, F|100/100
|move|p1a: Heatran|Eruption|p2a: Garchomp
|-resisted|p2a: Garchomp
|-damage|p2a: Garchomp|67/100
|
|-heal|p2a: Garchomp|73/100|[from] item: Leftovers
|-fieldend|move: Psychic Terrain
|upkeep
|turn|12
|
|t:|1631895150
|switch|p1a: Tangrowth|Tangrowth, F|100/100
|move|p2a: Garchomp|Stealth Rock|p1a: Tangrowth
|-sidestart|p1: CoconutCrabs|move: Stealth Rock
|
|-heal|p2a: Garchomp|79/100|[from] item: Leftovers
|upkeep
|turn|13
|
|t:|1631895153
|move|p2a: Garchomp|Toxic|p1a: Tangrowth
|-status|p1a: Tangrowth|tox
|move|p1a: Tangrowth|Sleep Powder|p2a: Garchomp
|-status|p2a: Garchomp|slp|[from] move: Sleep Powder
|
|-heal|p2a: Garchomp|85/100 slp|[from] item: Leftovers
|-damage|p1a: Tangrowth|94/100 tox|[from] psn
|upkeep
|turn|14
|
|t:|1631895158
|switch|p2a: Victini|Victini|100/100
|move|p1a: Tangrowth|Knock Off|p2a: Victini
|-supereffective|p2a: Victini
|-damage|p2a: Victini|54/100
|-enditem|p2a: Victini|Heavy-Duty Boots|[from] move: Knock Off|[of] p1a: Tangrowth
|
|-damage|p1a: Tangrowth|82/100 tox|[from] psn
|upkeep
|turn|15
|
|t:|1631895165
|switch|p1a: Toxapex|Toxapex, F|100/100
|-damage|p1a: Toxapex|88/100|[from] Stealth Rock
|move|p2a: Victini|Bolt Strike|p1a: Toxapex
|-supereffective|p1a: Toxapex
|-damage|p1a: Toxapex|47/100
|-damage|p2a: Victini|38/100|[from] item: Rocky Helmet|[of] p1a: Toxapex
|
|upkeep
|turn|16
|
|t:|1631895170
|move|p2a: Victini|Expanding Force|p1a: Toxapex
|-supereffective|p1a: Toxapex
|-damage|p1a: Toxapex|0 fnt
|faint|p1a: Toxapex
|
|upkeep
|
|t:|1631895180
|switch|p1a: Heatran|Heatran, M|100/100
|-damage|p1a: Heatran|88/100|[from] Stealth Rock
|turn|17
|
|t:|1631895189
|move|p1a: Heatran|Earth Power|p2a: Victini
|-supereffective|p2a: Victini
|-damage|p2a: Victini|0 fnt
|faint|p2a: Victini
|
|upkeep
|
|t:|1631895192
|switch|p2a: Landorus|Landorus-Therian, M|25/100
|-ability|p2a: Landorus|Intimidate|boost
|-unboost|p1a: Heatran|atk|1
|turn|18
|
|t:|1631895196
|switch|p1a: Tangrowth|Tangrowth, F|100/100 tox
|-damage|p1a: Tangrowth|88/100 tox|[from] Stealth Rock
|move|p2a: Landorus|Knock Off|p1a: Tangrowth
|-damage|p1a: Tangrowth|72/100 tox
|-damage|p2a: Landorus|8/100|[from] item: Rocky Helmet|[of] p1a: Tangrowth
|-enditem|p1a: Tangrowth|Rocky Helmet|[from] move: Knock Off|[of] p2a: Landorus
|
|-heal|p2a: Landorus|14/100|[from] item: Leftovers
|-damage|p1a: Tangrowth|66/100 tox|[from] psn
|upkeep
|turn|19
|
|t:|1631895200
|move|p2a: Landorus|U-turn|p1a: Tangrowth
|-supereffective|p1a: Tangrowth
|-damage|p1a: Tangrowth|41/100 tox
|
|t:|1631895204
|switch|p2a: Garchomp|Garchomp, F|85/100 slp|[from]move: U-turn
|move|p1a: Tangrowth|Giga Drain|p2a: Garchomp
|-damage|p2a: Garchomp|60/100 slp
|-heal|p1a: Tangrowth|54/100 tox|[from] drain|[of] p2a: Garchomp
|
|-heal|p2a: Garchomp|66/100 slp|[from] item: Leftovers
|-damage|p1a: Tangrowth|42/100 tox|[from] psn
|upkeep
|turn|20
|
|t:|1631895209
|cant|p2a: Garchomp|slp
|move|p1a: Tangrowth|Giga Drain|p2a: Garchomp
|-damage|p2a: Garchomp|40/100 slp
|-heal|p1a: Tangrowth|55/100 tox|[from] drain|[of] p2a: Garchomp
|
|-heal|p2a: Garchomp|46/100 slp|[from] item: Leftovers
|-damage|p1a: Tangrowth|37/100 tox|[from] psn
|upkeep
|turn|21
|
|t:|1631895213
|cant|p2a: Garchomp|slp
|move|p1a: Tangrowth|Giga Drain|p2a: Garchomp
|-damage|p2a: Garchomp|21/100 slp
|-heal|p1a: Tangrowth|50/100 tox|[from] drain|[of] p2a: Garchomp
|
|-heal|p2a: Garchomp|27/100 slp|[from] item: Leftovers
|-damage|p1a: Tangrowth|25/100 tox|[from] psn
|upkeep
|turn|22
|
|t:|1631895220
|cant|p2a: Garchomp|slp
|move|p1a: Tangrowth|Giga Drain|p2a: Garchomp
|-damage|p2a: Garchomp|1/100 slp
|-heal|p1a: Tangrowth|39/100 tox|[from] drain|[of] p2a: Garchomp
|
|-heal|p2a: Garchomp|7/100 slp|[from] item: Leftovers
|-damage|p1a: Tangrowth|8/100 tox|[from] psn
|upkeep
|turn|23
|
|t:|1631895223
|-curestatus|p2a: Garchomp|slp|[msg]
|move|p2a: Garchomp|Earthquake|p1a: Tangrowth
|-resisted|p1a: Tangrowth
|-damage|p1a: Tangrowth|0 fnt
|faint|p1a: Tangrowth
|
|-heal|p2a: Garchomp|13/100|[from] item: Leftovers
|upkeep
|
|t:|1631895226
|switch|p1a: Heatran|Heatran, M|88/100
|-damage|p1a: Heatran|76/100|[from] Stealth Rock
|turn|24
|
|t:|1631895231
|move|p1a: Heatran|Earth Power|p2a: Garchomp
|-damage|p2a: Garchomp|0 fnt
|faint|p2a: Garchomp
|
|upkeep
|
|t:|1631895234
|switch|p2a: Landorus|Landorus-Therian, M|14/100
|-ability|p2a: Landorus|Intimidate|boost
|-unboost|p1a: Heatran|atk|1
|turn|25
|
|t:|1631895236
|switch|p1a: Tyranitar|Tyranitar, M|38/100
|-damage|p1a: Tyranitar|25/100|[from] Stealth Rock
|-weather|Sandstorm|[from] ability: Sand Stream|[of] p1a: Tyranitar
|move|p2a: Landorus|Earthquake|p1a: Tyranitar
|-supereffective|p1a: Tyranitar
|-damage|p1a: Tyranitar|0 fnt
|faint|p1a: Tyranitar
|
|-weather|Sandstorm|[upkeep]
|-heal|p2a: Landorus|20/100|[from] item: Leftovers
|upkeep
|
|t:|1631895237
|switch|p1a: Excadrill|Excadrill, F|63/100
|-damage|p1a: Excadrill|60/100|[from] Stealth Rock
|turn|26
|
|t:|1631895248
|move|p1a: Excadrill|Iron Head|p2a: Landorus
|-damage|p2a: Landorus|0 fnt
|faint|p2a: Landorus
|
|-weather|Sandstorm|[upkeep]
|-heal|p1a: Excadrill|66/100|[from] item: Leftovers
|upkeep
|
|t:|1631895256
|switch|p2a: Scizor|Scizor, M|100/100
|turn|27
|
|t:|1631895257
|move|p1a: Excadrill|Swords Dance|p1a: Excadrill
|-boost|p1a: Excadrill|atk|2
|move|p2a: Scizor|Knock Off|p1a: Excadrill
|-damage|p1a: Excadrill|27/100
|-enditem|p1a: Excadrill|Leftovers|[from] move: Knock Off|[of] p2a: Scizor
|
|-weather|Sandstorm|[upkeep]
|upkeep
|turn|28
|
|t:|1631895264
|move|p1a: Excadrill|Earthquake|p2a: Scizor
|-damage|p2a: Scizor|0 fnt
|faint|p2a: Scizor
|
|-weather|Sandstorm|[upkeep]
|upkeep
|
|t:|1631895274
|switch|p2a: Tapu Lele|Tapu Lele|72/100
|-fieldstart|move: Psychic Terrain|[from] ability: Psychic Surge|[of] p2a: Tapu Lele
|turn|29
|
|t:|1631895278
|move|p1a: Excadrill|Earthquake|p2a: Tapu Lele
|-damage|p2a: Tapu Lele|0 fnt
|faint|p2a: Tapu Lele
|
|-weather|none
|upkeep
|
|t:|1631895279
|switch|p2a: Toxapex|Toxapex, M|100/100
|turn|30
|
|t:|1631895281
|move|p1a: Excadrill|Earthquake|p2a: Toxapex
|-supereffective|p2a: Toxapex
|-damage|p2a: Toxapex|0 fnt
|faint|p2a: Toxapex
|
|win|CoconutCrabs
|raw|CoconutCrabs's rating: 1644 &rarr; <strong>1662</strong><br />(+18 for winning)
|raw|leaveamessage's rating: 1615 &rarr; <strong>1597</strong><br />(-18 for losing)
|l|☆leaveamessage
|l| TuTiuTe
|j| TuTiuTe
|l| TuTiuTe
||Ladder isn't responding, score probably updated but might not have (Request timeout).
