|j|☆Libaa
|j|☆jawabarat
|t:|1650563423
|gametype|singles
|player|p1|Libaa|bianca-pwt|1839
|player|p2|jawabarat|artist-gen4|1882
|teamsize|p1|6
|teamsize|p2|6
|gen|8
|tier|[Gen 8] OU
|rated|
|rule|Sleep Clause Mod: Limit one foe put to sleep
|rule|Species Clause: Limit one of each Pokémon
|rule|OHKO Clause: OHKO moves are banned
|rule|Evasion Moves Clause: Evasion moves are banned
|rule|Endless Battle Clause: Forcing endless battles is banned
|rule|HP Percentage Mod: HP is shown in percentages
|rule|Dynamax Clause: You cannot dynamax
|clearpoke
|poke|p1|Hatterene, F|
|poke|p1|Volcanion|
|poke|p1|Landorus-Therian, M|
|poke|p1|Ferrothorn, M|
|poke|p1|Toxapex, F|
|poke|p1|Dragapult, F|
|poke|p2|Kartana|
|poke|p2|Weavile, M|
|poke|p2|Dragapult, M|
|poke|p2|Volcanion|
|poke|p2|Landorus-Therian, M|
|poke|p2|Melmetal|
|teampreview
|
|t:|1650563441
|start
|switch|p1a: Dragapult|Dragapult, F|100/100
|switch|p2a: DAGDA|Melmetal|100/100
|turn|1
|
|t:|1650563444
|move|p1a: Dragapult|U-turn|p2a: DAGDA
|-resisted|p2a: DAGDA
|-damage|p2a: DAGDA|96/100
|
|t:|1650563446
|switch|p1a: Toxapex|Toxapex, F|100/100|[from]move: U-turn
|move|p2a: DAGDA|Double Iron Bash|p1a: Toxapex
|-resisted|p1a: Toxapex
|-damage|p1a: Toxapex|87/100
|-resisted|p1a: Toxapex
|-damage|p1a: Toxapex|74/100
|-hitcount|p1a: Toxapex|2
|
|upkeep
|turn|2
|
|t:|1650563452
|move|p2a: DAGDA|Double Iron Bash|p1a: Toxapex
|-resisted|p1a: Toxapex
|-damage|p1a: Toxapex|62/100
|-resisted|p1a: Toxapex
|-damage|p1a: Toxapex|50/100
|-hitcount|p1a: Toxapex|2
|cant|p1a: Toxapex|flinch
|
|upkeep
|turn|3
|
|t:|1650563458
|switch|p1a: Ferrothorn|Ferrothorn, M|100/100
|move|p2a: DAGDA|Thunder Punch|p1a: Ferrothorn
|-resisted|p1a: Ferrothorn
|-damage|p1a: Ferrothorn|89/100
|-activate|p1a: Ferrothorn|ability: Iron Barbs
|-activate|p2a: DAGDA|item: Protective Pads
|
|-heal|p1a: Ferrothorn|95/100|[from] item: Leftovers
|upkeep
|turn|4
|
|t:|1650563465
|switch|p1a: Toxapex|Toxapex, F|83/100
|move|p2a: DAGDA|Double Iron Bash|p1a: Toxapex
|-resisted|p1a: Toxapex
|-damage|p1a: Toxapex|71/100
|-resisted|p1a: Toxapex
|-damage|p1a: Toxapex|58/100
|-hitcount|p1a: Toxapex|2
|
|upkeep
|turn|5
|
|t:|1650563480
|move|p2a: DAGDA|Double Iron Bash|p1a: Toxapex
|-resisted|p1a: Toxapex
|-damage|p1a: Toxapex|44/100
|-resisted|p1a: Toxapex
|-damage|p1a: Toxapex|30/100
|-hitcount|p1a: Toxapex|2
|cant|p1a: Toxapex|flinch
|
|upkeep
|turn|6
|
|t:|1650563491
|switch|p1a: Ferrothorn|Ferrothorn, M|95/100
|move|p2a: DAGDA|Superpower|p1a: Ferrothorn
|-supereffective|p1a: Ferrothorn
|-crit|p1a: Ferrothorn
|-damage|p1a: Ferrothorn|1/100
|-unboost|p2a: DAGDA|atk|1
|-unboost|p2a: DAGDA|def|1
|-activate|p1a: Ferrothorn|ability: Iron Barbs
|-activate|p2a: DAGDA|item: Protective Pads
|
|-heal|p1a: Ferrothorn|8/100|[from] item: Leftovers
|upkeep
|turn|7
|
|t:|1650563508
|switch|p1a: Landorus|Landorus-Therian, M|100/100
|-ability|p1a: Landorus|Intimidate|boost
|-unboost|p2a: DAGDA|atk|1
|move|p2a: DAGDA|Thunder Punch|p1a: Landorus
|-immune|p1a: Landorus
|
|upkeep
|turn|8
|
|t:|1650563512
|switch|p2a: LEADERSHIP STARS|Landorus-Therian, M|100/100
|-ability|p2a: LEADERSHIP STARS|Intimidate|boost
|-unboost|p1a: Landorus|atk|1
|move|p1a: Landorus|U-turn|p2a: LEADERSHIP STARS
|-resisted|p2a: LEADERSHIP STARS
|-damage|p2a: LEADERSHIP STARS|93/100
|inactive|Battle timer is ON: inactive players will automatically lose when time's up. (requested by jawabarat)
|
|t:|1650563535
|switch|p1a: Volcanion|Volcanion|100/100|[from]move: U-turn
|
|-heal|p2a: LEADERSHIP STARS|99/100|[from] item: Leftovers
|upkeep
|turn|9
|
|t:|1650563543
|switch|p2a: FOG OF WAR|Dragapult, M|100/100
|move|p1a: Volcanion|Steam Eruption|p2a: FOG OF WAR
|-resisted|p2a: FOG OF WAR
|-damage|p2a: FOG OF WAR|37/100
|
|upkeep
|turn|10
|
|t:|1650563562
|switch|p1a: Ferrothorn|Ferrothorn, M|8/100
|move|p2a: FOG OF WAR|U-turn|p1a: Ferrothorn
|-damage|p1a: Ferrothorn|0 fnt
|-damage|p2a: FOG OF WAR|25/100|[from] ability: Iron Barbs|[of] p1a: Ferrothorn
|faint|p1a: Ferrothorn
|
|t:|1650563570
|switch|p2a: PUGI|Weavile, M|100/100|[from]move: U-turn
|-ability|p2a: PUGI|Pressure
|
|upkeep
|
|t:|1650563593
|switch|p1a: Dragapult|Dragapult, F|100/100
|turn|11
|
|t:|1650563613
|move|p1a: Dragapult|Draco Meteor|p2a: PUGI
|-damage|p2a: PUGI|0 fnt
|-unboost|p1a: Dragapult|spa|2
|faint|p2a: PUGI
|
|upkeep
|inactive|jawabarat has 120 seconds left.
|
|t:|1650563631
|switch|p2a: MARTY PARTY|Kartana|100/100
|turn|12
|
|t:|1650563634
|switch|p1a: Toxapex|Toxapex, F|64/100
|move|p2a: MARTY PARTY|Leaf Blade|p1a: Toxapex
|-damage|p1a: Toxapex|27/100
|-damage|p2a: MARTY PARTY|84/100|[from] item: Rocky Helmet|[of] p1a: Toxapex
|
|upkeep
|turn|13
|inactive|Libaa has 120 seconds left.
|
|t:|1650563678
|switch|p1a: Hatterene|Hatterene, F|100/100
|move|p2a: MARTY PARTY|Leaf Blade|p1a: Hatterene
|-damage|p1a: Hatterene|53/100
|
|-heal|p1a: Hatterene|59/100|[from] item: Leftovers
|upkeep
|turn|14
|
|t:|1650563687
|switch|p2a: LEADERSHIP STARS|Landorus-Therian, M|99/100
|-ability|p2a: LEADERSHIP STARS|Intimidate|boost
|-unboost|p1a: Hatterene|atk|1
|move|p1a: Hatterene|Mystical Fire|p2a: LEADERSHIP STARS
|-damage|p2a: LEADERSHIP STARS|83/100
|-unboost|p2a: LEADERSHIP STARS|spa|1
|
|-heal|p2a: LEADERSHIP STARS|90/100|[from] item: Leftovers
|-heal|p1a: Hatterene|65/100|[from] item: Leftovers
|upkeep
|turn|15
|j| zhxnczxczxcdddd
|
|t:|1650563692
|move|p2a: LEADERSHIP STARS|U-turn|p1a: Hatterene
|-damage|p1a: Hatterene|47/100
|
|t:|1650563695
|switch|p2a: DAGDA|Melmetal|96/100|[from]move: U-turn
|move|p1a: Hatterene|Draining Kiss|p2a: DAGDA
|-resisted|p2a: DAGDA
|-damage|p2a: DAGDA|85/100
|-heal|p1a: Hatterene|59/100|[from] drain|[of] p2a: DAGDA
|
|-heal|p1a: Hatterene|66/100|[from] item: Leftovers
|upkeep
|turn|16
|
|t:|1650563704
|switch|p1a: Landorus|Landorus-Therian, M|100/100
|-ability|p1a: Landorus|Intimidate|boost
|-unboost|p2a: DAGDA|atk|1
|move|p2a: DAGDA|Thunder Punch|p1a: Landorus
|-immune|p1a: Landorus
|
|upkeep
|turn|17
|j| graceland2
|
|t:|1650563709
|switch|p2a: LEADERSHIP STARS|Landorus-Therian, M|90/100
|-ability|p2a: LEADERSHIP STARS|Intimidate|boost
|-unboost|p1a: Landorus|atk|1
|move|p1a: Landorus|U-turn|p2a: LEADERSHIP STARS
|-resisted|p2a: LEADERSHIP STARS
|-damage|p2a: LEADERSHIP STARS|83/100
|j| Dififivfubf
|
|t:|1650563711
|switch|p1a: Volcanion|Volcanion|100/100|[from]move: U-turn
|
|-heal|p2a: LEADERSHIP STARS|89/100|[from] item: Leftovers
|upkeep
|turn|18
|
|t:|1650563716
|switch|p2a: FOG OF WAR|Dragapult, M|25/100
|move|p1a: Volcanion|Steam Eruption|p2a: FOG OF WAR
|-resisted|p2a: FOG OF WAR
|-damage|p2a: FOG OF WAR|0 fnt
|faint|p2a: FOG OF WAR
|
|upkeep
|
|t:|1650563719
|switch|p2a: EYVEL|Volcanion|100/100
|turn|19
|
|t:|1650563726
|switch|p1a: Toxapex|Toxapex, F|60/100
|move|p2a: EYVEL|Steam Eruption|p1a: Toxapex
|-resisted|p1a: Toxapex
|-damage|p1a: Toxapex|35/100
|-status|p1a: Toxapex|brn
|
|-damage|p1a: Toxapex|29/100 brn|[from] brn
|upkeep
|turn|20
|
|t:|1650563734
|switch|p1a: Volcanion|Volcanion|100/100
|move|p2a: EYVEL|Steam Eruption|p1a: Volcanion
|-immune|p1a: Volcanion|[from] ability: Water Absorb
|
|upkeep
|turn|21
|
|t:|1650563739
|switch|p2a: LEADERSHIP STARS|Landorus-Therian, M|89/100
|-ability|p2a: LEADERSHIP STARS|Intimidate|boost
|-unboost|p1a: Volcanion|atk|1
|move|p1a: Volcanion|Earth Power|p2a: LEADERSHIP STARS
|-immune|p2a: LEADERSHIP STARS
|
|-heal|p2a: LEADERSHIP STARS|95/100|[from] item: Leftovers
|upkeep
|turn|22
|
|t:|1650563742
|switch|p1a: Hatterene|Hatterene, F|66/100
|move|p2a: LEADERSHIP STARS|U-turn|p1a: Hatterene
|-damage|p1a: Hatterene|48/100
|
|t:|1650563751
|switch|p2a: DAGDA|Melmetal|85/100|[from]move: U-turn
|
|-heal|p1a: Hatterene|54/100|[from] item: Leftovers
|upkeep
|turn|23
|j| old man snoring
|
|t:|1650563757
|switch|p1a: Toxapex|Toxapex, F|63/100 brn
|move|p2a: DAGDA|Double Iron Bash|p1a: Toxapex
|-resisted|p1a: Toxapex
|-damage|p1a: Toxapex|49/100 brn
|-resisted|p1a: Toxapex
|-damage|p1a: Toxapex|37/100 brn
|-hitcount|p1a: Toxapex|2
|
|-damage|p1a: Toxapex|31/100 brn|[from] brn
|upkeep
|turn|24
|
|t:|1650563763
|move|p2a: DAGDA|Double Iron Bash|p1a: Toxapex
|-resisted|p1a: Toxapex
|-crit|p1a: Toxapex
|-damage|p1a: Toxapex|12/100 brn
|-resisted|p1a: Toxapex
|-damage|p1a: Toxapex|0 fnt
|faint|p1a: Toxapex
|-hitcount|p1: Toxapex|2
|
|upkeep
|c|☆Libaa|hurb
|
|t:|1650563771
|switch|p1a: Volcanion|Volcanion|100/100
|turn|25
|
|t:|1650563785
|move|p1a: Volcanion|Earth Power|p2a: DAGDA
|-supereffective|p2a: DAGDA
|-damage|p2a: DAGDA|0 fnt
|faint|p2a: DAGDA
|
|upkeep
|
|t:|1650563788
|switch|p2a: LEADERSHIP STARS|Landorus-Therian, M|95/100
|-ability|p2a: LEADERSHIP STARS|Intimidate|boost
|-unboost|p1a: Volcanion|atk|1
|turn|26
|
|t:|1650563793
|switch|p1a: Hatterene|Hatterene, F|54/100
|move|p2a: LEADERSHIP STARS|U-turn|p1a: Hatterene
|-damage|p1a: Hatterene|35/100
|
|t:|1650563796
|switch|p2a: MARTY PARTY|Kartana|84/100|[from]move: U-turn
|
|-heal|p1a: Hatterene|42/100|[from] item: Leftovers
|upkeep
|turn|27
|j| Arnaud senju vgc
|
|t:|1650563800
|move|p2a: MARTY PARTY|Leaf Blade|p1a: Hatterene
|-damage|p1a: Hatterene|0 fnt
|faint|p1a: Hatterene
|-ability|p2a: MARTY PARTY|Beast Boost|boost
|-boost|p2a: MARTY PARTY|atk|1
|
|upkeep
|
|t:|1650563807
|switch|p1a: Dragapult|Dragapult, F|100/100
|turn|28
|
|t:|1650563810
|switch|p2a: LEADERSHIP STARS|Landorus-Therian, M|95/100
|-ability|p2a: LEADERSHIP STARS|Intimidate|boost
|-unboost|p1a: Dragapult|atk|1
|move|p1a: Dragapult|Shadow Ball|p2a: LEADERSHIP STARS
|-damage|p2a: LEADERSHIP STARS|59/100
|
|-heal|p2a: LEADERSHIP STARS|65/100|[from] item: Leftovers
|upkeep
|turn|29
|l| zhxnczxczxcdddd
|
|t:|1650563821
|move|p1a: Dragapult|Shadow Ball|p2a: LEADERSHIP STARS
|-damage|p2a: LEADERSHIP STARS|27/100
|move|p2a: LEADERSHIP STARS|Stealth Rock|p1a: Dragapult
|-sidestart|p1: Libaa|move: Stealth Rock
|
|-heal|p2a: LEADERSHIP STARS|33/100|[from] item: Leftovers
|upkeep
|turn|30
|
|t:|1650563827
|move|p1a: Dragapult|Shadow Ball|p2a: LEADERSHIP STARS
|-damage|p2a: LEADERSHIP STARS|0 fnt
|faint|p2a: LEADERSHIP STARS
|
|upkeep
|j| portmonteau
|
|t:|1650563830
|switch|p2a: MARTY PARTY|Kartana|84/100
|turn|31
|
|t:|1650563833
|switch|p1a: Landorus|Landorus-Therian, M|100/100
|-damage|p1a: Landorus|88/100|[from] Stealth Rock
|-ability|p1a: Landorus|Intimidate|boost
|-unboost|p2a: MARTY PARTY|atk|1
|move|p2a: MARTY PARTY|Knock Off|p1a: Landorus
|-damage|p1a: Landorus|60/100
|-enditem|p1a: Landorus|Leftovers|[from] move: Knock Off|[of] p2a: MARTY PARTY
|
|upkeep
|turn|32
|
|t:|1650563839
|switch|p2a: EYVEL|Volcanion|100/100
|move|p1a: Landorus|U-turn|p2a: EYVEL
|-resisted|p2a: EYVEL
|-damage|p2a: EYVEL|90/100
|
|t:|1650563842
|switch|p1a: Volcanion|Volcanion|100/100|[from]move: U-turn
|-damage|p1a: Volcanion|76/100|[from] Stealth Rock
|
|upkeep
|turn|33
|
|t:|1650563846
|move|p1a: Volcanion|Earth Power|p2a: EYVEL
|-supereffective|p2a: EYVEL
|-damage|p2a: EYVEL|0 fnt
|faint|p2a: EYVEL
|
|upkeep
|
|t:|1650563847
|switch|p2a: MARTY PARTY|Kartana|84/100
|turn|34
|
|t:|1650563850
|move|p2a: MARTY PARTY|Leaf Blade|p1a: Volcanion
|-damage|p1a: Volcanion|20/100
|move|p1a: Volcanion|Earth Power|p2a: MARTY PARTY
|-damage|p2a: MARTY PARTY|0 fnt
|faint|p2a: MARTY PARTY
|
|win|Libaa
|raw|Libaa's rating: 1839 &rarr; <strong>1861</strong><br />(+22 for winning)
|raw|jawabarat's rating: 1882 &rarr; <strong>1860</strong><br />(-22 for losing)
|c|☆Libaa|gg
|c|☆jawabarat|gg
|l| Dififivfubf
