|j|☆galarian dragapult
|j|☆Skip The Drip
|t:|1634421679
|gametype|singles
|player|p1|galarian dragapult|265|1741
|player|p2|Skip The Drip|lana|1782
|teamsize|p1|6
|teamsize|p2|6
|gen|8
|tier|[Gen 8] OU
|rated|
|rule|Sleep Clause Mod: Limit one foe put to sleep
|rule|Species Clause: Limit one of each Pokémon
|rule|OHKO Clause: OHKO moves are banned
|rule|Evasion Moves Clause: Evasion moves are banned
|rule|Endless Battle Clause: Forcing endless battles is banned
|rule|HP Percentage Mod: HP is shown in percentages
|rule|Dynamax Clause: You cannot dynamax
|clearpoke
|poke|p1|Grapploct, M|
|poke|p1|Zapdos|
|poke|p1|Mew|
|poke|p1|Tyranitar, M|
|poke|p1|Urshifu-*, M|
|poke|p1|Garchomp, M|
|poke|p2|Weezing-Galar, F|
|poke|p2|Slowbro, M|
|poke|p2|Marowak-Alola, M|
|poke|p2|Tornadus-Therian, M|
|poke|p2|Audino, F|
|poke|p2|Corviknight, M|
|teampreview
|inactive|Battle timer is ON: inactive players will automatically lose when time's up. (requested by Skip The Drip)
|
|t:|1634421706
|start
|switch|p1a: Grapploct|Grapploct, M|100/100
|switch|p2a: Tornadus|Tornadus-Therian, M|100/100
|turn|1
|j| ImagineDragonsFlow
|
|t:|1634421720
|switch|p1a: Zapdos|Zapdos|100/100
|move|p2a: Tornadus|Hurricane|p1a: Zapdos|[miss]
|-miss|p2a: Tornadus|p1a: Zapdos
|
|upkeep
|turn|2
|
|t:|1634421727
|switch|p2a: Audino|Audino, F|100/100
|move|p1a: Zapdos|Hurricane|p2a: Audino|[miss]
|-miss|p1a: Zapdos|p2a: Audino
|
|upkeep
|turn|3
|
|t:|1634421731
|switch|p1a: Tyranitar|Tyranitar, M|100/100
|-weather|Sandstorm|[from] ability: Sand Stream|[of] p1a: Tyranitar
|move|p2a: Audino|Toxic|p1a: Tyranitar
|-status|p1a: Tyranitar|tox
|
|-weather|Sandstorm|[upkeep]
|-damage|p2a: Audino|94/100|[from] Sandstorm
|-damage|p1a: Tyranitar|94/100 tox|[from] psn
|upkeep
|turn|4
|j| t-yeu
|
|t:|1634421744
|move|p2a: Audino|Protect|p2a: Audino
|-singleturn|p2a: Audino|Protect
|move|p1a: Tyranitar|Stealth Rock|p2a: Audino
|-sidestart|p2: Skip The Drip|move: Stealth Rock
|
|-weather|Sandstorm|[upkeep]
|-damage|p2a: Audino|88/100|[from] Sandstorm
|-heal|p1a: Tyranitar|100/100 tox|[from] item: Leftovers
|-damage|p1a: Tyranitar|88/100 tox|[from] psn
|upkeep
|turn|5
|
|t:|1634421749
|switch|p1a: Grapploct|Grapploct, M|100/100
|move|p2a: Audino|Wish|p2a: Audino
|
|-weather|Sandstorm|[upkeep]
|-damage|p2a: Audino|82/100|[from] Sandstorm
|-damage|p1a: Grapploct|94/100|[from] Sandstorm
|-heal|p1a: Grapploct|100/100|[from] item: Leftovers
|upkeep
|turn|6
|
|t:|1634421759
|switch|p2a: Tornadus|Tornadus-Therian, M|100/100
|move|p1a: Grapploct|Taunt|p2a: Tornadus
|-start|p2a: Tornadus|move: Taunt
|
|-weather|Sandstorm|[upkeep]
|-damage|p2a: Tornadus|94/100|[from] Sandstorm
|-damage|p1a: Grapploct|94/100|[from] Sandstorm
|-heal|p2a: Tornadus|100/100|[from] move: Wish|[wisher] Audino
|-heal|p1a: Grapploct|100/100|[from] item: Leftovers
|upkeep
|turn|7
|j| be_w0ke
|
|t:|1634421769
|switch|p1a: Zapdos|Zapdos|100/100
|move|p2a: Tornadus|Hurricane|p1a: Zapdos
|-resisted|p1a: Zapdos
|-damage|p1a: Zapdos|80/100
|
|-weather|none
|upkeep
|turn|8
|j| thebestcall
|
|t:|1634421776
|switch|p2a: Audino|Audino, F|100/100
|switch|p1a: Grapploct|Grapploct, M|100/100
|
|upkeep
|turn|9
|j| brt1234
|
|t:|1634421791
|switch|p2a: Tornadus|Tornadus-Therian, M|100/100
|move|p1a: Grapploct|Taunt|p2a: Tornadus
|-start|p2a: Tornadus|move: Taunt
|
|upkeep
|turn|10
|
|t:|1634421809
|switch|p1a: Zapdos|Zapdos|80/100
|move|p2a: Tornadus|Hurricane|p1a: Zapdos|[miss]
|-miss|p2a: Tornadus|p1a: Zapdos
|
|upkeep
|turn|11
|
|t:|1634421819
|switch|p2a: Audino|Audino, F|100/100
|switch|p1a: Garchomp|Garchomp, M|100/100
|
|upkeep
|turn|12
|
|t:|1634421828
|switch|p2a: Weezing|Weezing-Galar, F|100/100
|-damage|p2a: Weezing|88/100|[from] Stealth Rock
|move|p1a: Garchomp|Swords Dance|p1a: Garchomp
|-boost|p1a: Garchomp|atk|2
|
|upkeep
|turn|13
|
|t:|1634421851
|switch|p1a: Zapdos|Zapdos|80/100
|move|p2a: Weezing|Will-O-Wisp|p1a: Zapdos
|-status|p1a: Zapdos|brn
|
|-damage|p1a: Zapdos|74/100 brn|[from] brn
|upkeep
|turn|14
|l| ImagineDragonsFlow
|
|t:|1634421856
|switch|p2a: Audino|Audino, F|100/100
|move|p1a: Zapdos|Roost|p1a: Zapdos
|-heal|p1a: Zapdos|100/100 brn
|-singleturn|p1a: Zapdos|move: Roost
|
|-damage|p1a: Zapdos|94/100 brn|[from] brn
|upkeep
|turn|15
|
|t:|1634421860
|switch|p1a: Urshifu|Urshifu-Rapid-Strike, M|100/100
|move|p2a: Audino|Wish|p2a: Audino
|
|upkeep
|turn|16
|
|t:|1634421871
|switch|p1a: Tyranitar|Tyranitar, M|88/100 tox
|-weather|Sandstorm|[from] ability: Sand Stream|[of] p1a: Tyranitar
|switch|p2a: Slowbro|Slowbro, M, shiny|100/100
|-damage|p2a: Slowbro|88/100|[from] Stealth Rock
|
|-weather|Sandstorm|[upkeep]
|-damage|p2a: Slowbro|82/100|[from] Sandstorm
|-heal|p2a: Slowbro|100/100|[from] move: Wish|[wisher] Audino
|-heal|p1a: Tyranitar|94/100 tox|[from] item: Leftovers
|-damage|p1a: Tyranitar|88/100 tox|[from] psn
|upkeep
|turn|17
|
|t:|1634421875
|move|p1a: Tyranitar|Toxic|p2a: Slowbro
|-status|p2a: Slowbro|tox
|move|p2a: Slowbro|Teleport|p2a: Slowbro
|
|t:|1634421881
|switch|p2a: Tornadus|Tornadus-Therian, M|100/100|[from]move: Teleport
|
|-weather|Sandstorm|[upkeep]
|-damage|p2a: Tornadus|94/100|[from] Sandstorm
|-heal|p1a: Tyranitar|94/100 tox|[from] item: Leftovers
|-damage|p1a: Tyranitar|82/100 tox|[from] psn
|upkeep
|turn|18
|
|t:|1634421887
|move|p2a: Tornadus|U-turn|p1a: Tyranitar
|-supereffective|p1a: Tyranitar
|-damage|p1a: Tyranitar|61/100 tox
|
|t:|1634421890
|switch|p2a: Slowbro|Slowbro, M, shiny|100/100 tox|[from]move: U-turn
|-damage|p2a: Slowbro|88/100 tox|[from] Stealth Rock
|move|p1a: Tyranitar|Rock Blast|p2a: Slowbro
|-damage|p2a: Slowbro|82/100 tox
|-damage|p2a: Slowbro|75/100 tox
|-damage|p2a: Slowbro|68/100 tox
|-hitcount|p2a: Slowbro|3
|
|-weather|Sandstorm|[upkeep]
|-damage|p2a: Slowbro|62/100 tox|[from] Sandstorm
|-heal|p1a: Tyranitar|67/100 tox|[from] item: Leftovers
|-damage|p1a: Tyranitar|49/100 tox|[from] psn
|-damage|p2a: Slowbro|56/100 tox|[from] psn
|upkeep
|turn|19
|
|t:|1634421896
|switch|p1a: Zapdos|Zapdos|94/100 brn
|switch|p2a: Tornadus|Tornadus-Therian, M|100/100
|
|-weather|Sandstorm|[upkeep]
|-damage|p2a: Tornadus|94/100|[from] Sandstorm
|-damage|p1a: Zapdos|88/100 brn|[from] Sandstorm
|-damage|p1a: Zapdos|82/100 brn|[from] brn
|upkeep
|turn|20
|
|t:|1634421900
|move|p2a: Tornadus|U-turn|p1a: Zapdos
|-resisted|p1a: Zapdos
|-damage|p1a: Zapdos|77/100 brn
|
|t:|1634421903
|switch|p2a: Audino|Audino, F|100/100|[from]move: U-turn
|move|p1a: Zapdos|Hurricane|p2a: Audino
|-damage|p2a: Audino|71/100
|-start|p2a: Audino|confusion
|
|-weather|none
|-damage|p1a: Zapdos|70/100 brn|[from] brn
|upkeep
|turn|21
|
|t:|1634421921
|switch|p1a: Tyranitar|Tyranitar, M|49/100 tox
|-weather|Sandstorm|[from] ability: Sand Stream|[of] p1a: Tyranitar
|switch|p2a: Tornadus|Tornadus-Therian, M|100/100
|
|-weather|Sandstorm|[upkeep]
|-damage|p2a: Tornadus|94/100|[from] Sandstorm
|-heal|p1a: Tyranitar|55/100 tox|[from] item: Leftovers
|-damage|p1a: Tyranitar|49/100 tox|[from] psn
|upkeep
|turn|22
|
|t:|1634421926
|switch|p1a: Zapdos|Zapdos|70/100 brn
|move|p2a: Tornadus|U-turn|p1a: Zapdos
|-resisted|p1a: Zapdos
|-damage|p1a: Zapdos|65/100 brn
|-status|p2a: Tornadus|par|[from] ability: Static|[of] p1a: Zapdos
|
|t:|1634421928
|switch|p2a: Audino|Audino, F|100/100|[from]move: U-turn
|
|-weather|Sandstorm|[upkeep]
|-damage|p1a: Zapdos|59/100 brn|[from] Sandstorm
|-damage|p2a: Audino|94/100|[from] Sandstorm
|-damage|p1a: Zapdos|53/100 brn|[from] brn
|upkeep
|turn|23
|
|t:|1634421932
|switch|p1a: Grapploct|Grapploct, M|100/100
|move|p2a: Audino|Heal Bell|p2a: Audino
|-activate|p2a: Audino|move: Heal Bell
|-curestatus|p2: Tornadus|par|[msg]
|-curestatus|p2: Slowbro|tox|[msg]
|
|-weather|Sandstorm|[upkeep]
|-damage|p2a: Audino|88/100|[from] Sandstorm
|-damage|p1a: Grapploct|94/100|[from] Sandstorm
|-heal|p1a: Grapploct|100/100|[from] item: Leftovers
|upkeep
|turn|24
|
|t:|1634421949
|switch|p2a: Tornadus|Tornadus-Therian, M|100/100
|switch|p1a: Zapdos|Zapdos|53/100 brn
|
|-weather|Sandstorm|[upkeep]
|-damage|p2a: Tornadus|94/100|[from] Sandstorm
|-damage|p1a: Zapdos|46/100 brn|[from] Sandstorm
|-damage|p1a: Zapdos|40/100 brn|[from] brn
|upkeep
|turn|25
|
|t:|1634421955
|move|p2a: Tornadus|Defog|p1a: Zapdos
|-unboost|p1a: Zapdos|evasion|1
|-sideend|p2: Skip The Drip|Stealth Rock|[from] move: Defog|[of] p2a: Tornadus
|move|p1a: Zapdos|Roost|p1a: Zapdos
|-heal|p1a: Zapdos|90/100 brn
|-singleturn|p1a: Zapdos|move: Roost
|
|-weather|none
|-damage|p1a: Zapdos|84/100 brn|[from] brn
|upkeep
|turn|26
|c| thebestcall|lol
|
|t:|1634421964
|switch|p2a: Marowak|Marowak-Alola, M|100/100
|move|p1a: Zapdos|Hurricane|p2a: Marowak
|-damage|p2a: Marowak|44/100
|
|-damage|p1a: Zapdos|78/100 brn|[from] brn
|upkeep
|turn|27
|
|t:|1634421973
|switch|p1a: Grapploct|Grapploct, M|100/100
|switch|p2a: Audino|Audino, F|100/100
|
|upkeep
|turn|28
|
|t:|1634421980
|switch|p2a: Slowbro|Slowbro, M, shiny|89/100
|move|p1a: Grapploct|Octolock|p2a: Slowbro
|-start|p2a: Slowbro|move: Octolock|[of] p1a: Grapploct
|
|-unboost|p2a: Slowbro|def|1
|-unboost|p2a: Slowbro|spd|1
|upkeep
|turn|29
|
|t:|1634421986
|move|p1a: Grapploct|Taunt|p2a: Slowbro
|-start|p2a: Slowbro|move: Taunt
|cant|p2a: Slowbro|move: Taunt|Trick Room
|
|-unboost|p2a: Slowbro|def|1
|-unboost|p2a: Slowbro|spd|1
|upkeep
|turn|30
|
|t:|1634421992
|switch|p2a: Tornadus|Tornadus-Therian, M|100/100
|move|p1a: Grapploct|Stomping Tantrum|p2a: Tornadus
|-immune|p2a: Tornadus
|
|upkeep
|turn|31
|
|t:|1634422000
|move|p2a: Tornadus|U-turn|p1a: Grapploct
|-resisted|p1a: Grapploct
|-damage|p1a: Grapploct|95/100
|
|t:|1634422002
|switch|p2a: Slowbro|Slowbro, M, shiny|100/100|[from]move: U-turn
|move|p1a: Grapploct|Octolock|p2a: Slowbro
|-start|p2a: Slowbro|move: Octolock|[of] p1a: Grapploct
|
|-heal|p1a: Grapploct|100/100|[from] item: Leftovers
|-unboost|p2a: Slowbro|def|1
|-unboost|p2a: Slowbro|spd|1
|upkeep
|turn|32
|
|t:|1634422007
|switch|p1a: Tyranitar|Tyranitar, M|49/100 tox
|-weather|Sandstorm|[from] ability: Sand Stream|[of] p1a: Tyranitar
|move|p2a: Slowbro|Scald|p1a: Tyranitar
|-supereffective|p1a: Tyranitar
|-damage|p1a: Tyranitar|26/100 tox
|
|-weather|Sandstorm|[upkeep]
|-damage|p2a: Slowbro|94/100|[from] Sandstorm
|-heal|p1a: Tyranitar|33/100 tox|[from] item: Leftovers
|-damage|p1a: Tyranitar|26/100 tox|[from] psn
|-end|p2a: Slowbro|Octolock|[partiallytrapped]|[silent]
|upkeep
|turn|33
|
|t:|1634422011
|move|p1a: Tyranitar|Stealth Rock|p2a: Slowbro
|-sidestart|p2: Skip The Drip|move: Stealth Rock
|move|p2a: Slowbro|Scald|p1a: Tyranitar
|-supereffective|p1a: Tyranitar
|-damage|p1a: Tyranitar|4/100 tox
|
|-weather|Sandstorm|[upkeep]
|-damage|p2a: Slowbro|88/100|[from] Sandstorm
|-heal|p1a: Tyranitar|10/100 tox|[from] item: Leftovers
|-damage|p1a: Tyranitar|0 fnt|[from] psn
|faint|p1a: Tyranitar
|upkeep
|j| ookoih
|
|t:|1634422031
|switch|p1a: Urshifu|Urshifu-Rapid-Strike, M|100/100
|turn|34
|
|t:|1634422038
|move|p1a: Urshifu|Surging Strikes|p2a: Slowbro
|-resisted|p2a: Slowbro
|-crit|p2a: Slowbro
|-damage|p2a: Slowbro|75/100
|-resisted|p2a: Slowbro
|-crit|p2a: Slowbro
|-damage|p2a: Slowbro|62/100
|-resisted|p2a: Slowbro
|-crit|p2a: Slowbro
|-damage|p2a: Slowbro|49/100
|-hitcount|p2a: Slowbro|3
|move|p2a: Slowbro|Slack Off|p2a: Slowbro
|-heal|p2a: Slowbro|99/100
|
|-weather|Sandstorm|[upkeep]
|-damage|p1a: Urshifu|94/100|[from] Sandstorm
|-damage|p2a: Slowbro|93/100|[from] Sandstorm
|upkeep
|turn|35
|
|t:|1634422048
|switch|p1a: Grapploct|Grapploct, M|100/100
|move|p2a: Slowbro|Teleport|p2a: Slowbro
|
|t:|1634422052
|switch|p2a: Tornadus|Tornadus-Therian, M|100/100|[from]move: Teleport
|
|-weather|Sandstorm|[upkeep]
|-damage|p2a: Tornadus|94/100|[from] Sandstorm
|-damage|p1a: Grapploct|94/100|[from] Sandstorm
|-heal|p1a: Grapploct|100/100|[from] item: Leftovers
|upkeep
|turn|36
|
|t:|1634422056
|move|p2a: Tornadus|Defog|p1a: Grapploct
|-unboost|p1a: Grapploct|evasion|1
|-sideend|p2: Skip The Drip|Stealth Rock|[from] move: Defog|[of] p2a: Tornadus
|move|p1a: Grapploct|Octolock|p2a: Tornadus
|-start|p2a: Tornadus|move: Octolock|[of] p1a: Grapploct
|
|-weather|none
|-unboost|p2a: Tornadus|def|1
|-unboost|p2a: Tornadus|spd|1
|upkeep
|turn|37
|
|t:|1634422060
|move|p2a: Tornadus|Hurricane|p1a: Grapploct
|-supereffective|p1a: Grapploct
|-damage|p1a: Grapploct|13/100
|move|p1a: Grapploct|Drain Punch|p2a: Tornadus
|-resisted|p2a: Tornadus
|-damage|p2a: Tornadus|70/100
|-heal|p1a: Grapploct|25/100|[from] drain|[of] p2a: Tornadus
|
|-heal|p1a: Grapploct|31/100|[from] item: Leftovers
|-unboost|p2a: Tornadus|def|1
|-unboost|p2a: Tornadus|spd|1
|upkeep
|turn|38
|l| ookoih
|
|t:|1634422067
|move|p2a: Tornadus|Hurricane|p1a: Grapploct
|-supereffective|p1a: Grapploct
|-damage|p1a: Grapploct|0 fnt
|faint|p1a: Grapploct
|
|-end|p2a: Tornadus|Octolock|[partiallytrapped]|[silent]
|upkeep
|
|t:|1634422070
|switch|p1a: Zapdos|Zapdos|78/100 brn
|turn|39
|
|t:|1634422073
|switch|p2a: Audino|Audino, F|100/100
|switch|p1a: Mew|Mew|100/100
|
|upkeep
|turn|40
|l| be_w0ke
|
|t:|1634422078
|move|p1a: Mew|Taunt|p2a: Audino
|-start|p2a: Audino|move: Taunt
|cant|p2a: Audino|move: Taunt|Toxic
|
|upkeep
|turn|41
|
|t:|1634422083
|switch|p2a: Marowak|Marowak-Alola, M|44/100
|move|p1a: Mew|Cosmic Power|p1a: Mew
|-boost|p1a: Mew|def|1
|-boost|p1a: Mew|spd|1
|
|upkeep
|turn|42
|
|t:|1634422088
|move|p1a: Mew|Cosmic Power|p1a: Mew
|-boost|p1a: Mew|def|1
|-boost|p1a: Mew|spd|1
|move|p2a: Marowak|Poltergeist|p1a: Mew
|-activate|p1a: Mew|move: Poltergeist|Weakness Policy
|-supereffective|p1a: Mew
|-damage|p1a: Mew|29/100
|-enditem|p1a: Mew|Weakness Policy
|-boost|p1a: Mew|atk|2|[from] item: Weakness Policy
|-boost|p1a: Mew|spa|2|[from] item: Weakness Policy
|
|upkeep
|turn|43
|c| thebestcall|lol
|
|t:|1634422114
|switch|p2a: Corviknight|Corviknight, M|100/100
|-ability|p2a: Corviknight|Pressure
|move|p1a: Mew|Stored Power|p2a: Corviknight
|-resisted|p2a: Corviknight
|-damage|p2a: Corviknight|58/100
|
|-heal|p2a: Corviknight|64/100|[from] item: Leftovers
|upkeep
|turn|44
|
|t:|1634422120
|move|p1a: Mew|Roost|p1a: Mew
|-heal|p1a: Mew|79/100
|-singleturn|p1a: Mew|move: Roost
|move|p2a: Corviknight|Substitute|p2a: Corviknight
|-start|p2a: Corviknight|Substitute
|-damage|p2a: Corviknight|39/100
|
|-heal|p2a: Corviknight|45/100|[from] item: Leftovers
|upkeep
|turn|45
|
|t:|1634422123
|move|p1a: Mew|Taunt|p2a: Corviknight
|-start|p2a: Corviknight|move: Taunt
|cant|p2a: Corviknight|move: Taunt|Roost
|
|-heal|p2a: Corviknight|51/100|[from] item: Leftovers
|upkeep
|turn|46
|
|t:|1634422128
|move|p1a: Mew|Cosmic Power|p1a: Mew
|-boost|p1a: Mew|def|1
|-boost|p1a: Mew|spd|1
|move|p2a: Corviknight|Brave Bird|p1a: Mew
|-damage|p1a: Mew|66/100
|-damage|p2a: Corviknight|47/100|[from] Recoil
|
|-heal|p2a: Corviknight|53/100|[from] item: Leftovers
|upkeep
|turn|47
|
|t:|1634422130
|move|p1a: Mew|Cosmic Power|p1a: Mew
|-boost|p1a: Mew|def|1
|-boost|p1a: Mew|spd|1
|move|p2a: Corviknight|Brave Bird|p1a: Mew
|-damage|p1a: Mew|56/100
|-damage|p2a: Corviknight|50/100|[from] Recoil
|
|-heal|p2a: Corviknight|57/100|[from] item: Leftovers
|-end|p2a: Corviknight|move: Taunt
|upkeep
|turn|48
|
|t:|1634422131
|move|p1a: Mew|Taunt|p2a: Corviknight
|-start|p2a: Corviknight|move: Taunt
|cant|p2a: Corviknight|move: Taunt|Roost
|
|-heal|p2a: Corviknight|63/100|[from] item: Leftovers
|upkeep
|turn|49
|
|t:|1634422134
|move|p1a: Mew|Cosmic Power|p1a: Mew
|-boost|p1a: Mew|def|1
|-boost|p1a: Mew|spd|1
|move|p2a: Corviknight|Brave Bird|p1a: Mew
|-damage|p1a: Mew|47/100
|-damage|p2a: Corviknight|59/100|[from] Recoil
|
|-heal|p2a: Corviknight|66/100|[from] item: Leftovers
|upkeep
|turn|50
|
|t:|1634422136
|move|p1a: Mew|Roost|p1a: Mew
|-heal|p1a: Mew|97/100
|-singleturn|p1a: Mew|move: Roost
|move|p2a: Corviknight|Brave Bird|p1a: Mew
|-damage|p1a: Mew|87/100
|-damage|p2a: Corviknight|63/100|[from] Recoil
|
|-heal|p2a: Corviknight|69/100|[from] item: Leftovers
|-end|p2a: Corviknight|move: Taunt
|upkeep
|turn|51
|
|t:|1634422138
|move|p1a: Mew|Taunt|p2a: Corviknight
|-start|p2a: Corviknight|move: Taunt
|cant|p2a: Corviknight|move: Taunt|Roost
|
|-heal|p2a: Corviknight|75/100|[from] item: Leftovers
|upkeep
|turn|52
|
|t:|1634422141
|move|p1a: Mew|Cosmic Power|p1a: Mew
|-boost|p1a: Mew|def|1
|-boost|p1a: Mew|spd|1
|move|p2a: Corviknight|Brave Bird|p1a: Mew
|-damage|p1a: Mew|78/100
|-damage|p2a: Corviknight|72/100|[from] Recoil
|
|-heal|p2a: Corviknight|78/100|[from] item: Leftovers
|upkeep
|turn|53
|
|t:|1634422147
|move|p1a: Mew|Stored Power|p2a: Corviknight
|-resisted|p2a: Corviknight
|-end|p2a: Corviknight|Substitute
|move|p2a: Corviknight|Brave Bird|p1a: Mew
|-damage|p1a: Mew|71/100
|-damage|p2a: Corviknight|76/100|[from] Recoil
|
|-heal|p2a: Corviknight|82/100|[from] item: Leftovers
|-end|p2a: Corviknight|move: Taunt
|upkeep
|turn|54
|c| thebestcall|lol
|
|t:|1634422150
|move|p1a: Mew|Stored Power|p2a: Corviknight
|-resisted|p2a: Corviknight
|-damage|p2a: Corviknight|0 fnt
|faint|p2a: Corviknight
|
|upkeep
|c|☆galarian dragapult|LOL
|-message|Skip The Drip forfeited.
|
|win|galarian dragapult
|raw|galarian dragapult's rating: 1741 &rarr; <strong>1763</strong><br />(+22 for winning)
|raw|Skip The Drip's rating: 1782 &rarr; <strong>1760</strong><br />(-22 for losing)
|l|☆Skip The Drip
|l|☆galarian dragapult
