|raw|<div class="broadcast-blue"><strong>This battle is required to be public due to a player having a name starting with 'lt81yl'.</div>
|j|☆lt81yl gray
|j|☆BestixL
|t:|1625611221
|gametype|singles
|player|p1|lt81yl gray|102|2031
|player|p2|BestixL|liza|1954
|teamsize|p1|6
|teamsize|p2|6
|gen|8
|tier|[Gen 8] OU
|rated|
|rule|Sleep Clause Mod: Limit one foe put to sleep
|rule|Species Clause: Limit one of each Pokémon
|rule|OHKO Clause: OHKO moves are banned
|rule|Evasion Moves Clause: Evasion moves are banned
|rule|Endless Battle Clause: Forcing endless battles is banned
|rule|HP Percentage Mod: HP is shown in percentages
|rule|Dynamax Clause: You cannot dynamax
|clearpoke
|poke|p1|Slowking-Galar, F|
|poke|p1|Kartana|
|poke|p1|Garchomp, F|
|poke|p1|Corviknight, F|
|poke|p1|Weavile, F|
|poke|p1|Urshifu-*, M|
|poke|p2|Clefable, F|
|poke|p2|Scizor, F|
|poke|p2|Heatran, M|
|poke|p2|Landorus-Therian, M|
|poke|p2|Toxapex, M|
|poke|p2|Dragapult, M|
|teampreview
|j| Parv Test
|j| LT81YL Empo
|j| Waylaid
|inactive|Battle timer is ON: inactive players will automatically lose when time's up. (requested by BestixL)
|j| Yelodash
|j| reigen shishou
|j| Mara Sattei
|
|t:|1625611239
|start
|switch|p1a: Slowking|Slowking-Galar, F, shiny|100/100
|switch|p2a: no space|Landorus-Therian, M|100/100
|-ability|p2a: no space|Intimidate|boost
|-unboost|p1a: Slowking|atk|1
|turn|1
|j| Zerotti
|l| Mara Sattei
|j| DittoTang
|
|t:|1625611243
|switch|p1a: Corviknight|Corviknight, F|100/100
|-ability|p1a: Corviknight|Pressure
|move|p2a: no space|Knock Off|p1a: Corviknight
|-damage|p1a: Corviknight|80/100
|-damage|p2a: no space|84/100|[from] item: Rocky Helmet|[of] p1a: Corviknight
|-enditem|p1a: Corviknight|Rocky Helmet|[from] move: Knock Off|[of] p2a: no space
|
|-heal|p2a: no space|90/100|[from] item: Leftovers
|upkeep
|turn|2
|
|t:|1625611246
|move|p2a: no space|U-turn|p1a: Corviknight
|-resisted|p1a: Corviknight
|-damage|p1a: Corviknight|77/100
|
|t:|1625611249
|switch|p2a: the reaper|Heatran, M|100/100|[from]move: U-turn
|move|p1a: Corviknight|U-turn|p2a: the reaper
|-resisted|p2a: the reaper
|-damage|p2a: the reaper|98/100
|
|t:|1625611253
|switch|p1a: Garchomp|Garchomp, F|100/100|[from]move: U-turn
|
|-heal|p2a: the reaper|100/100|[from] item: Leftovers
|upkeep
|turn|3
|j| b1arhghlfargh1
|
|t:|1625611257
|switch|p2a: 2 soon|Dragapult, M|100/100
|move|p1a: Garchomp|Stealth Rock|p2a: 2 soon
|-sidestart|p2: BestixL|move: Stealth Rock
|
|upkeep
|turn|4
|
|t:|1625611261
|move|p1a: Garchomp|Protect|p1a: Garchomp
|-singleturn|p1a: Garchomp|Protect
|move|p2a: 2 soon|Shadow Ball|p1a: Garchomp
|-activate|p1a: Garchomp|move: Protect
|
|upkeep
|turn|5
|j| Edward2201
|j| Kawale
|
|t:|1625611277
|switch|p2a: Yotsuba|Scizor, F|100/100
|move|p1a: Garchomp|Earthquake|p2a: Yotsuba
|-damage|p2a: Yotsuba|58/100
|
|upkeep
|turn|6
|
|t:|1625611280
|move|p1a: Garchomp|Earthquake|p2a: Yotsuba
|-damage|p2a: Yotsuba|13/100
|move|p2a: Yotsuba|Roost|p2a: Yotsuba
|-heal|p2a: Yotsuba|63/100
|-singleturn|p2a: Yotsuba|move: Roost
|
|upkeep
|turn|7
|
|t:|1625611283
|move|p1a: Garchomp|Earthquake|p2a: Yotsuba
|-damage|p2a: Yotsuba|18/100
|move|p2a: Yotsuba|Roost|p2a: Yotsuba
|-heal|p2a: Yotsuba|68/100
|-singleturn|p2a: Yotsuba|move: Roost
|
|upkeep
|turn|8
|
|t:|1625611284
|move|p1a: Garchomp|Earthquake|p2a: Yotsuba
|-damage|p2a: Yotsuba|27/100
|move|p2a: Yotsuba|Roost|p2a: Yotsuba
|-heal|p2a: Yotsuba|77/100
|-singleturn|p2a: Yotsuba|move: Roost
|
|upkeep
|turn|9
|j| croo
|
|t:|1625611287
|switch|p1a: Urshifu|Urshifu-Rapid-Strike, M|100/100
|move|p2a: Yotsuba|Roost|p2a: Yotsuba
|-heal|p2a: Yotsuba|100/100
|-singleturn|p2a: Yotsuba|move: Roost
|
|upkeep
|turn|10
|j| luckshere
|
|t:|1625611290
|switch|p1a: Slowking|Slowking-Galar, F, shiny|100/100
|switch|p2a: just friends|Toxapex, M|100/100
|-damage|p2a: just friends|88/100|[from] Stealth Rock
|
|upkeep
|turn|11
|j| btgfd
|l| Waylaid
|j| Vaporeonperson
|l| b1arhghlfargh1
|j| Amigento1958
|j| OU make me yawn
|
|t:|1625611305
|switch|p2a: no space|Landorus-Therian, M|90/100
|-damage|p2a: no space|78/100|[from] Stealth Rock
|-ability|p2a: no space|Intimidate|boost
|-unboost|p1a: Slowking|atk|1
|move|p1a: Slowking|Future Sight|p2a: no space
|-start|p1a: Slowking|move: Future Sight
|
|-heal|p2a: no space|84/100|[from] item: Leftovers
|upkeep
|turn|12
|j| Electric win
|j| YZII
|
|t:|1625611313
|switch|p1a: Urshifu|Urshifu-Rapid-Strike, M|100/100
|move|p2a: no space|Defog|p1a: Urshifu
|-unboost|p1a: Urshifu|evasion|1
|-sideend|p2: BestixL|Stealth Rock|[from] move: Defog|[of] p2a: no space
|
|-heal|p2a: no space|90/100|[from] item: Leftovers
|upkeep
|turn|13
|l| YZII
|j| Syn Dread
|j| LT81YL SW
|inactive|BestixL has 120 seconds left.
|j| regnite ◕‿◕
|inactive|BestixL has 90 seconds left.
|l| DittoTang
|j| Bleach
|inactive|BestixL has 60 seconds left.
|
|t:|1625611418
|switch|p2a: Yotsuba|Scizor, F|100/100
|move|p1a: Urshifu|Surging Strikes|p2a: Yotsuba
|-crit|p2a: Yotsuba
|-damage|p2a: Yotsuba|70/100
|-crit|p2a: Yotsuba
|-damage|p2a: Yotsuba|42/100
|-crit|p2a: Yotsuba
|-damage|p2a: Yotsuba|14/100
|-hitcount|p2a: Yotsuba|3
|
|-end|p2a: Yotsuba|move: Future Sight
|-resisted|p2a: Yotsuba
|-damage|p2a: Yotsuba|0 fnt
|faint|p2a: Yotsuba
|upkeep
|j| vipersniper96
|
|t:|1625611428
|switch|p2a: 2 soon|Dragapult, M|100/100
|turn|14
|j| Learn Together
|
|t:|1625611438
|switch|p1a: Slowking|Slowking-Galar, F, shiny|100/100
|move|p2a: 2 soon|Shadow Ball|p1a: Slowking
|-supereffective|p1a: Slowking
|-damage|p1a: Slowking|54/100
|-unboost|p1a: Slowking|spd|1
|
|upkeep
|turn|15
|
|t:|1625611444
|switch|p1a: Weavile|Weavile, F|100/100
|-ability|p1a: Weavile|Pressure
|move|p2a: 2 soon|Shadow Ball|p1a: Weavile
|-resisted|p1a: Weavile
|-damage|p1a: Weavile|63/100
|
|upkeep
|turn|16
|j| LT81YL AA
|
|t:|1625611449
|switch|p2a: just friends|Toxapex, M|100/100
|switch|p1a: Slowking|Slowking-Galar, F, shiny|88/100
|
|upkeep
|turn|17
|
|t:|1625611459
|move|p1a: Slowking|Future Sight|p2a: just friends
|-start|p1a: Slowking|move: Future Sight
|move|p2a: just friends|Knock Off|p1a: Slowking
|-supereffective|p1a: Slowking
|-damage|p1a: Slowking|56/100
|-enditem|p1a: Slowking|Assault Vest|[from] move: Knock Off|[of] p2a: just friends
|
|upkeep
|turn|18
|
|t:|1625611462
|switch|p1a: Urshifu|Urshifu-Rapid-Strike, M|100/100
|move|p2a: just friends|Scald|p1a: Urshifu
|-resisted|p1a: Urshifu
|-damage|p1a: Urshifu|87/100
|-status|p1a: Urshifu|brn
|
|-damage|p1a: Urshifu|81/100 brn|[from] brn
|upkeep
|turn|19
|inactive|BestixL has 90 seconds left.
|
|t:|1625611469
|move|p1a: Urshifu|Thunder Punch|p2a: just friends
|-supereffective|p2a: just friends
|-damage|p2a: just friends|70/100
|-status|p2a: just friends|par
|cant|p2a: just friends|par
|
|-end|p2a: just friends|move: Future Sight
|-supereffective|p2a: just friends
|-damage|p2a: just friends|0 fnt
|faint|p2a: just friends
|-damage|p1a: Urshifu|75/100 brn|[from] brn
|upkeep
|inactive|BestixL has 90 seconds left.
|
|t:|1625611478
|switch|p2a: the reaper|Heatran, M|100/100
|turn|20
|
|t:|1625611481
|switch|p1a: Garchomp|Garchomp, F|100/100
|move|p2a: the reaper|Stealth Rock|p1a: Garchomp
|-sidestart|p1: lt81yl gray|move: Stealth Rock
|
|upkeep
|turn|21
|
|t:|1625611496
|switch|p2a: no space|Landorus-Therian, M|90/100
|-ability|p2a: no space|Intimidate|boost
|-unboost|p1a: Garchomp|atk|1
|move|p1a: Garchomp|Stealth Rock|p2a: no space
|-sidestart|p2: BestixL|move: Stealth Rock
|
|-heal|p2a: no space|96/100|[from] item: Leftovers
|upkeep
|turn|22
|l| vipersniper96
|j| YZII
|
|t:|1625611498
|switch|p1a: Corviknight|Corviknight, F|77/100
|-damage|p1a: Corviknight|64/100|[from] Stealth Rock
|-ability|p1a: Corviknight|Pressure
|switch|p2a: Itsuki|Clefable, F|100/100
|
|upkeep
|turn|23
|
|t:|1625611502
|move|p2a: Itsuki|Fire Blast|p1a: Corviknight
|-supereffective|p1a: Corviknight
|-damage|p1a: Corviknight|12/100
|move|p1a: Corviknight|U-turn|p2a: Itsuki
|-resisted|p2a: Itsuki
|-damage|p2a: Itsuki|92/100
|
|t:|1625611504
|switch|p1a: Kartana|Kartana|100/100|[from]move: U-turn
|-damage|p1a: Kartana|94/100|[from] Stealth Rock
|
|upkeep
|turn|24
|c|☆BestixL|im scarf
|inactive|BestixL has 120 seconds left.
|
|t:|1625611525
|switch|p2a: the reaper|Heatran, M|100/100
|-damage|p2a: the reaper|88/100|[from] Stealth Rock
|move|p1a: Kartana|Knock Off|p2a: the reaper
|-damage|p2a: the reaper|36/100
|-enditem|p2a: the reaper|Leftovers|[from] move: Knock Off|[of] p1a: Kartana
|
|upkeep
|turn|25
|inactive|BestixL has 120 seconds left.
|
|t:|1625611539
|move|p1a: Kartana|Knock Off|p2a: the reaper
|-damage|p2a: the reaper|0 fnt
|faint|p2a: the reaper
|-ability|p1a: Kartana|Beast Boost|boost
|-boost|p1a: Kartana|atk|1
|
|upkeep
|inactive|BestixL has 120 seconds left.
|
|t:|1625611546
|switch|p2a: Itsuki|Clefable, F|92/100
|turn|26
|c|☆lt81yl gray|Same
|
|t:|1625611552
|switch|p1a: Corviknight|Corviknight, F|12/100
|-damage|p1a: Corviknight|0 fnt|[from] Stealth Rock
|faint|p1a: Corviknight
|move|p2a: Itsuki|Fire Blast|p1: Corviknight|[notarget]
|-fail|p2a: Itsuki
|
|upkeep
|
|t:|1625611554
|switch|p1a: Kartana|Kartana|94/100
|-damage|p1a: Kartana|88/100|[from] Stealth Rock
|turn|27
|
|t:|1625611556
|switch|p2a: no space|Landorus-Therian, M|96/100
|-damage|p2a: no space|83/100|[from] Stealth Rock
|-ability|p2a: no space|Intimidate|boost
|-unboost|p1a: Kartana|atk|1
|move|p1a: Kartana|Smart Strike|p2a: no space
|-damage|p2a: no space|46/100
|
|-heal|p2a: no space|52/100|[from] item: Leftovers
|upkeep
|turn|28
|
|t:|1625611566
|switch|p1a: Urshifu|Urshifu-Rapid-Strike, M|75/100 brn
|-damage|p1a: Urshifu|69/100 brn|[from] Stealth Rock
|move|p2a: no space|Earthquake|p1a: Urshifu
|-crit|p1a: Urshifu
|-damage|p1a: Urshifu|0 fnt
|faint|p1a: Urshifu
|
|-heal|p2a: no space|58/100|[from] item: Leftovers
|upkeep
|
|t:|1625611568
|switch|p1a: Kartana|Kartana|88/100
|-damage|p1a: Kartana|82/100|[from] Stealth Rock
|turn|29
|l| croo
|
|t:|1625611576
|move|p1a: Kartana|Leaf Blade|p2a: no space
|-damage|p2a: no space|0 fnt
|faint|p2a: no space
|-ability|p1a: Kartana|Beast Boost|boost
|-boost|p1a: Kartana|atk|1
|
|upkeep
|
|t:|1625611579
|switch|p2a: 2 soon|Dragapult, M|100/100
|-damage|p2a: 2 soon|88/100|[from] Stealth Rock
|turn|30
|
|t:|1625611587
|switch|p1a: Garchomp|Garchomp, F|100/100
|-damage|p1a: Garchomp|94/100|[from] Stealth Rock
|move|p2a: 2 soon|Shadow Ball|p1a: Garchomp
|-damage|p1a: Garchomp|48/100
|
|-heal|p1a: Garchomp|54/100|[from] item: Leftovers
|upkeep
|turn|31
|
|t:|1625611592
|move|p2a: 2 soon|Shadow Ball|p1a: Garchomp
|-damage|p1a: Garchomp|2/100
|move|p1a: Garchomp|Earthquake|p2a: 2 soon
|-damage|p2a: 2 soon|27/100
|
|-heal|p1a: Garchomp|9/100|[from] item: Leftovers
|upkeep
|turn|32
|
|t:|1625611596
|move|p2a: 2 soon|Shadow Ball|p1a: Garchomp
|-damage|p1a: Garchomp|0 fnt
|faint|p1a: Garchomp
|
|upkeep
|c|☆BestixL|gg
|-message|BestixL forfeited.
|
|win|lt81yl gray
|j|+Waves
|raw|lt81yl gray's rating: 2030 &rarr; <strong>2046</strong><br />(+16 for winning)
|raw|BestixL's rating: 1954 &rarr; <strong>1938</strong><br />(-16 for losing)
|l| Learn Together
|l|☆BestixL
|c|☆lt81yl gray|Gg
|j| pkmn cypher 2013
|l|+Waves
|l|☆lt81yl gray
|l| Parv Test
|l| LT81YL Empo
|l| regnite ◕‿◕
|l| LT81YL SW
|l| pkmn cypher 2013
|l| YZII
|j|+Waves
||Ladder isn't responding, score probably updated but might not have (Request timeout).
|l| LT81YL AA
|l| OU make me yawn
|l| Syn Dread
|j|+Kev
|l|+Kev
|l|+Waves
|l| Yelodash
|l| Amigento1958
|j| OU make me yawn
|l| Electric win
|l| luckshere
|j|+Cdumas
|l|+Cdumas
|l| Edward2201
|l| Zerotti
