|html|<div class="broadcast-blue"><strong>[Gen 8] OU is currently suspecting Kyurem! For information on how to participate check out the <a href="https://www.smogon.com/forums/threads/np-ss-ou-suspect-process-round-11-break-the-ice.3694129/">suspect thread</a>.</strong></div>
|j|☆Deepfriedmagikarp
|j|☆LudwigFrog
|t:|1638153577
|gametype|singles
|player|p1|Deepfriedmagikarp|2|1714
|player|p2|LudwigFrog|hilbert-wonderlauncher|1708
|teamsize|p1|6
|teamsize|p2|6
|gen|8
|tier|[Gen 8] OU
|rated|
|rule|Sleep Clause Mod: Limit one foe put to sleep
|rule|Species Clause: Limit one of each Pokémon
|rule|OHKO Clause: OHKO moves are banned
|rule|Evasion Moves Clause: Evasion moves are banned
|rule|Endless Battle Clause: Forcing endless battles is banned
|rule|HP Percentage Mod: HP is shown in percentages
|rule|Dynamax Clause: You cannot dynamax
|clearpoke
|poke|p1|Tapu Koko|
|poke|p1|Blissey, F|
|poke|p1|Garchomp, F|
|poke|p1|Corviknight, M|
|poke|p1|Dragapult, F|
|poke|p1|Victini|
|poke|p2|Dragonite, F|
|poke|p2|Magnezone|
|poke|p2|Corviknight, F|
|poke|p2|Tapu Fini|
|poke|p2|Kartana|
|poke|p2|Garchomp, M|
|teampreview
|inactive|Battle timer is ON: inactive players will automatically lose when time's up. (requested by LudwigFrog)
|j| Marcosotoluna23
|
|t:|1638153598
|start
|switch|p1a: Dragapult|Dragapult, F|100/100
|switch|p2a: Dragonite|Dragonite, F|100/100
|turn|1
|c| Marcosotoluna23|LETS GOO
|
|t:|1638153603
|switch|p2a: Corviknight|Corviknight, F|100/100
|-ability|p2a: Corviknight|Pressure
|move|p1a: Dragapult|Draco Meteor|p2a: Corviknight
|-resisted|p2a: Corviknight
|-damage|p2a: Corviknight|71/100
|-unboost|p1a: Dragapult|spa|2
|
|-heal|p2a: Corviknight|77/100|[from] item: Leftovers
|upkeep
|turn|2
|
|t:|1638153607
|switch|p1a: Garchomp|Garchomp, F|100/100
|move|p2a: Corviknight|U-turn|p1a: Garchomp
|-damage|p1a: Garchomp|89/100
|-damage|p2a: Corviknight|65/100|[from] ability: Rough Skin|[of] p1a: Garchomp
|-damage|p2a: Corviknight|48/100|[from] item: Rocky Helmet|[of] p1a: Garchomp
|
|t:|1638153614
|switch|p2a: Dragonite|Dragonite, F|100/100|[from]move: U-turn
|
|upkeep
|turn|3
|
|t:|1638153618
|switch|p1a: Blissey|Blissey, F|100/100
|move|p2a: Dragonite|Ice Punch|p1a: Blissey
|-damage|p1a: Blissey|61/100
|
|upkeep
|turn|4
|j| Zim_VGC
|
|t:|1638153622
|switch|p2a: Kartana|Kartana|100/100
|move|p1a: Blissey|Thunder Wave|p2a: Kartana|[miss]
|-miss|p1a: Blissey|p2a: Kartana
|
|upkeep
|turn|5
|
|t:|1638153628
|switch|p1a: Corviknight|Corviknight, M|100/100
|-ability|p1a: Corviknight|Pressure
|move|p2a: Kartana|Knock Off|p1a: Corviknight
|-damage|p1a: Corviknight|73/100
|-damage|p2a: Kartana|84/100|[from] item: Rocky Helmet|[of] p1a: Corviknight
|-enditem|p1a: Corviknight|Rocky Helmet|[from] move: Knock Off|[of] p2a: Kartana
|
|upkeep
|turn|6
|j| 23ArcaneCrows
|j| Onlyzacianop
|j| MiniLarry
|
|t:|1638153631
|switch|p2a: Garchomp|Garchomp, M|100/100
|move|p1a: Corviknight|U-turn|p2a: Garchomp
|-damage|p2a: Garchomp|89/100
|-damage|p1a: Corviknight|61/100|[from] ability: Rough Skin|[of] p2a: Garchomp
|
|t:|1638153636
|switch|p1a: Dragapult|Dragapult, F|100/100|[from]move: U-turn
|
|-heal|p2a: Garchomp|95/100|[from] item: Leftovers
|upkeep
|turn|7
|j| tweettweetmf
|
|t:|1638153645
|switch|p2a: Tapu Fini|Tapu Fini|100/100
|-fieldstart|move: Misty Terrain|[from] ability: Misty Surge|[of] p2a: Tapu Fini
|move|p1a: Dragapult|Shadow Ball|p2a: Tapu Fini
|-damage|p2a: Tapu Fini|60/100
|
|-heal|p2a: Tapu Fini|66/100|[from] item: Leftovers
|upkeep
|turn|8
|
|t:|1638153648
|move|p1a: Dragapult|Shadow Ball|p2a: Tapu Fini
|-damage|p2a: Tapu Fini|21/100
|move|p2a: Tapu Fini|Draining Kiss|p1a: Dragapult
|-supereffective|p1a: Dragapult
|-damage|p1a: Dragapult|53/100
|-heal|p2a: Tapu Fini|54/100|[from] drain|[of] p1a: Dragapult
|
|-heal|p2a: Tapu Fini|60/100|[from] item: Leftovers
|upkeep
|turn|9
|j| its Palette
|
|t:|1638153656
|switch|p1a: Blissey|Blissey, F|61/100
|move|p2a: Tapu Fini|Draining Kiss|p1a: Blissey
|-damage|p1a: Blissey|55/100
|-heal|p2a: Tapu Fini|69/100|[from] drain|[of] p1a: Blissey
|
|-heal|p2a: Tapu Fini|75/100|[from] item: Leftovers
|upkeep
|turn|10
|
|t:|1638153659
|switch|p2a: Garchomp|Garchomp, M|95/100
|move|p1a: Blissey|Soft-Boiled|p1a: Blissey
|-heal|p1a: Blissey|100/100
|
|-heal|p2a: Garchomp|100/100|[from] item: Leftovers
|upkeep
|turn|11
|c| tweettweetmf|this is a miracle
|
|t:|1638153663
|switch|p1a: Corviknight|Corviknight, M|61/100
|-ability|p1a: Corviknight|Pressure
|move|p2a: Garchomp|Stealth Rock|p1a: Corviknight
|-sidestart|p1: Deepfriedmagikarp|move: Stealth Rock
|
|-fieldend|Misty Terrain
|upkeep
|turn|12
|
|t:|1638153667
|switch|p2a: Magnezone|Magnezone|100/100
|move|p1a: Corviknight|U-turn|p2a: Magnezone
|-resisted|p2a: Magnezone
|-damage|p2a: Magnezone|95/100
|c| tweettweetmf|no lando in ou team??
|
|t:|1638153669
|switch|p1a: Victini|Victini|100/100|[from]move: U-turn
|-damage|p1a: Victini|76/100|[from] Stealth Rock
|
|upkeep
|turn|13
|c| tweettweetmf|sheesh
|c| 23ArcaneCrows|wow
|
|t:|1638153675
|switch|p2a: Garchomp|Garchomp, M|100/100
|move|p1a: Victini|U-turn|p2a: Garchomp
|-damage|p2a: Garchomp|75/100
|-damage|p1a: Victini|63/100|[from] ability: Rough Skin|[of] p2a: Garchomp
|
|t:|1638153680
|switch|p1a: Dragapult|Dragapult, F|53/100|[from]move: U-turn
|-damage|p1a: Dragapult|41/100|[from] Stealth Rock
|
|-heal|p2a: Garchomp|81/100|[from] item: Leftovers
|upkeep
|turn|14
|j| Nesnot
|
|t:|1638153684
|move|p1a: Dragapult|Draco Meteor|p2a: Garchomp
|-supereffective|p2a: Garchomp
|-damage|p2a: Garchomp|0 fnt
|-unboost|p1a: Dragapult|spa|2
|faint|p2a: Garchomp
|
|upkeep
|
|t:|1638153690
|switch|p2a: Kartana|Kartana|84/100
|turn|15
|
|t:|1638153695
|switch|p2a: Magnezone|Magnezone|95/100
|switch|p1a: Garchomp|Garchomp, F|89/100
|-damage|p1a: Garchomp|83/100|[from] Stealth Rock
|
|upkeep
|turn|16
|
|t:|1638153700
|switch|p2a: Corviknight|Corviknight, F|48/100
|-ability|p2a: Corviknight|Pressure
|move|p1a: Garchomp|Stealth Rock|p2a: Corviknight
|-sidestart|p2: LudwigFrog|move: Stealth Rock
|
|-heal|p2a: Corviknight|55/100|[from] item: Leftovers
|upkeep
|turn|17
|
|t:|1638153702
|move|p1a: Garchomp|Fire Blast|p2a: Corviknight
|-supereffective|p2a: Corviknight
|-damage|p2a: Corviknight|19/100
|move|p2a: Corviknight|Roost|p2a: Corviknight
|-heal|p2a: Corviknight|69/100
|-singleturn|p2a: Corviknight|move: Roost
|
|-heal|p2a: Corviknight|75/100|[from] item: Leftovers
|upkeep
|turn|18
|c| Marcosotoluna23|Yikes
|
|t:|1638153707
|move|p1a: Garchomp|Fire Blast|p2a: Corviknight
|-supereffective|p2a: Corviknight
|-damage|p2a: Corviknight|34/100
|move|p2a: Corviknight|Defog|p1a: Garchomp
|-unboost|p1a: Garchomp|evasion|1
|-sideend|p1: Deepfriedmagikarp|Stealth Rock|[from] move: Defog|[of] p2a: Corviknight
|-sideend|p2: LudwigFrog|Stealth Rock|[from] move: Defog|[of] p2a: Corviknight
|
|-heal|p2a: Corviknight|40/100|[from] item: Leftovers
|upkeep
|turn|19
|
|t:|1638153710
|move|p1a: Garchomp|Stealth Rock|p2a: Corviknight
|-sidestart|p2: LudwigFrog|move: Stealth Rock
|move|p2a: Corviknight|Roost|p2a: Corviknight
|-heal|p2a: Corviknight|90/100
|-singleturn|p2a: Corviknight|move: Roost
|
|-heal|p2a: Corviknight|96/100|[from] item: Leftovers
|upkeep
|turn|20
|
|t:|1638153713
|switch|p1a: Victini|Victini|63/100
|move|p2a: Corviknight|Defog|p1a: Victini
|-unboost|p1a: Victini|evasion|1
|-sideend|p2: LudwigFrog|Stealth Rock|[from] move: Defog|[of] p2a: Corviknight
|
|-heal|p2a: Corviknight|100/100|[from] item: Leftovers
|upkeep
|turn|21
|
|t:|1638153717
|switch|p2a: Tapu Fini|Tapu Fini|75/100
|-fieldstart|move: Misty Terrain|[from] ability: Misty Surge|[of] p2a: Tapu Fini
|move|p1a: Victini|V-create|p2a: Tapu Fini
|-resisted|p2a: Tapu Fini
|-damage|p2a: Tapu Fini|35/100
|-unboost|p1a: Victini|spe|1
|-unboost|p1a: Victini|def|1
|-unboost|p1a: Victini|spd|1
|
|-heal|p2a: Tapu Fini|41/100|[from] item: Leftovers
|upkeep
|turn|22
|
|t:|1638153722
|switch|p2a: Dragonite|Dragonite, F|100/100
|move|p1a: Victini|V-create|p2a: Dragonite
|-resisted|p2a: Dragonite
|-damage|p2a: Dragonite|69/100
|-unboost|p1a: Victini|spe|1
|-unboost|p1a: Victini|def|1
|-unboost|p1a: Victini|spd|1
|
|upkeep
|turn|23
|
|t:|1638153732
|switch|p1a: Blissey|Blissey, F|100/100
|move|p2a: Dragonite|Ice Punch|p1a: Blissey
|-damage|p1a: Blissey|62/100
|
|upkeep
|turn|24
|
|t:|1638153737
|switch|p2a: Magnezone|Magnezone|95/100
|move|p1a: Blissey|Teleport|p1a: Blissey
|
|t:|1638153740
|switch|p1a: Victini|Victini|63/100|[from]move: Teleport
|
|upkeep
|turn|25
|
|t:|1638153748
|switch|p2a: Tapu Fini|Tapu Fini|41/100
|move|p1a: Victini|V-create|p2a: Tapu Fini
|-resisted|p2a: Tapu Fini
|-damage|p2a: Tapu Fini|2/100
|-unboost|p1a: Victini|spe|1
|-unboost|p1a: Victini|def|1
|-unboost|p1a: Victini|spd|1
|
|-heal|p2a: Tapu Fini|8/100|[from] item: Leftovers
|-fieldend|Misty Terrain
|upkeep
|turn|26
|
|t:|1638153751
|move|p2a: Tapu Fini|Scald|p1a: Victini
|-supereffective|p1a: Victini
|-damage|p1a: Victini|0 fnt
|faint|p1a: Victini
|
|-heal|p2a: Tapu Fini|14/100|[from] item: Leftovers
|upkeep
|
|t:|1638153758
|switch|p1a: Tapu Koko|Tapu Koko|100/100
|-fieldstart|move: Electric Terrain|[from] ability: Electric Surge|[of] p1a: Tapu Koko
|turn|27
|
|t:|1638153761
|move|p1a: Tapu Koko|Thunderbolt|p2a: Tapu Fini
|-supereffective|p2a: Tapu Fini
|-damage|p2a: Tapu Fini|0 fnt
|faint|p2a: Tapu Fini
|
|upkeep
|
|t:|1638153765
|switch|p2a: Magnezone|Magnezone|95/100
|turn|28
|
|t:|1638153770
|switch|p1a: Blissey|Blissey, F|62/100
|move|p2a: Magnezone|Flash Cannon|p1a: Blissey
|-damage|p1a: Blissey|48/100
|-unboost|p1a: Blissey|spd|1
|
|upkeep
|turn|29
|
|t:|1638153773
|switch|p1a: Garchomp|Garchomp, F|83/100
|move|p2a: Magnezone|Body Press|p1a: Garchomp
|-crit|p1a: Garchomp
|-damage|p1a: Garchomp|47/100
|-damage|p2a: Magnezone|82/100|[from] ability: Rough Skin|[of] p1a: Garchomp
|-damage|p2a: Magnezone|66/100|[from] item: Rocky Helmet|[of] p1a: Garchomp
|
|upkeep
|turn|30
|
|t:|1638153778
|switch|p2a: Corviknight|Corviknight, F|100/100
|-ability|p2a: Corviknight|Pressure
|move|p1a: Garchomp|Stealth Rock|p2a: Corviknight
|-sidestart|p2: LudwigFrog|move: Stealth Rock
|
|upkeep
|turn|31
|
|t:|1638153782
|move|p1a: Garchomp|Fire Blast|p2a: Corviknight
|-supereffective|p2a: Corviknight
|-damage|p2a: Corviknight|65/100
|move|p2a: Corviknight|Defog|p1a: Garchomp
|-unboost|p1a: Garchomp|evasion|1
|-sideend|p2: LudwigFrog|Stealth Rock|[from] move: Defog|[of] p2a: Corviknight
|-fieldend|move: Electric Terrain
|
|-heal|p2a: Corviknight|71/100|[from] item: Leftovers
|upkeep
|turn|32
|j| Gabrielglitch11
|c| Onlyzacianop|hi
|c| Onlyzacianop|whats up
|
|t:|1638153789
|move|p1a: Garchomp|Stealth Rock|p2a: Corviknight
|-sidestart|p2: LudwigFrog|move: Stealth Rock
|move|p2a: Corviknight|Brave Bird|p1a: Garchomp
|-damage|p1a: Garchomp|16/100
|-damage|p2a: Corviknight|59/100|[from] ability: Rough Skin|[of] p1a: Garchomp
|-damage|p2a: Corviknight|42/100|[from] item: Rocky Helmet|[of] p1a: Garchomp
|-damage|p2a: Corviknight|31/100|[from] Recoil
|
|-heal|p2a: Corviknight|38/100|[from] item: Leftovers
|upkeep
|turn|33
|c| Gabrielglitch11|hello
|
|t:|1638153794
|switch|p1a: Tapu Koko|Tapu Koko|100/100
|-fieldstart|move: Electric Terrain|[from] ability: Electric Surge|[of] p1a: Tapu Koko
|move|p2a: Corviknight|Roost|p2a: Corviknight
|-heal|p2a: Corviknight|88/100
|-singleturn|p2a: Corviknight|move: Roost
|
|-heal|p2a: Corviknight|94/100|[from] item: Leftovers
|upkeep
|turn|34
|
|t:|1638153796
|move|p1a: Tapu Koko|Thunderbolt|p2a: Corviknight
|-supereffective|p2a: Corviknight
|-damage|p2a: Corviknight|0 fnt
|faint|p2a: Corviknight
|
|upkeep
|c| Gabrielglitch11|GARCHOMP LESS GOO
|
|t:|1638153803
|switch|p2a: Magnezone|Magnezone|66/100
|-damage|p2a: Magnezone|60/100|[from] Stealth Rock
|turn|35
|j| y0Asenz
|
|t:|1638153808
|switch|p1a: Blissey|Blissey, F|48/100
|move|p2a: Magnezone|Flash Cannon|p1a: Blissey
|-damage|p1a: Blissey|34/100
|
|upkeep
|turn|36
|
|t:|1638153810
|move|p2a: Magnezone|Flash Cannon|p1a: Blissey
|-damage|p1a: Blissey|19/100
|-unboost|p1a: Blissey|spd|1
|move|p1a: Blissey|Teleport|p1a: Blissey
|c| 23ArcaneCrows|hi
|c| Gabrielglitch11|hello
|
|t:|1638153819
|switch|p1a: Garchomp|Garchomp, F|16/100|[from]move: Teleport
|
|upkeep
|turn|37
|
|t:|1638153824
|move|p1a: Garchomp|Earthquake|p2a: Magnezone
|-supereffective|p2a: Magnezone
|-damage|p2a: Magnezone|0 fnt
|faint|p2a: Magnezone
|
|-fieldend|move: Electric Terrain
|upkeep
|j| Dmbmg★
|
|t:|1638153828
|switch|p2a: Kartana|Kartana|84/100
|-damage|p2a: Kartana|78/100|[from] Stealth Rock
|turn|38
|c| Gabrielglitch11|Garchomp is OP
|c| Onlyzacianop|yes
|c|☆LudwigFrog|I think you win ggs mate
|c|☆Deepfriedmagikarp|ggs
|c| tweettweetmf|so they gave dd to a swampert wannabe fish thing but not garchomp
|
|t:|1638153842
|move|p2a: Kartana|Smart Strike|p1a: Garchomp
|-damage|p1a: Garchomp|0 fnt
|-damage|p2a: Kartana|65/100|[from] ability: Rough Skin|[of] p1a: Garchomp
|-damage|p2a: Kartana|49/100|[from] item: Rocky Helmet|[of] p1a: Garchomp
|faint|p1a: Garchomp
|-ability|p2a: Kartana|Beast Boost|boost
|-boost|p2a: Kartana|atk|1
|
|upkeep
|c| Gabrielglitch11|ggs
|
|t:|1638153846
|switch|p1a: Corviknight|Corviknight, M|61/100
|-ability|p1a: Corviknight|Pressure
|turn|39
|
|t:|1638153849
|move|p2a: Kartana|Smart Strike|p1a: Corviknight
|-resisted|p1a: Corviknight
|-damage|p1a: Corviknight|38/100
|move|p1a: Corviknight|U-turn|p2a: Kartana
|-damage|p2a: Kartana|34/100
|c| Gabrielglitch11|nooo
|
|t:|1638153851
|switch|p1a: Blissey|Blissey, F|19/100|[from]move: U-turn
|
|upkeep
|turn|40
|c| Onlyzacianop|how to counter kartana tho
|
|t:|1638153857
|move|p2a: Kartana|Smart Strike|p1a: Blissey
|-damage|p1a: Blissey|0 fnt
|faint|p1a: Blissey
|-ability|p2a: Kartana|Beast Boost|boost
|-boost|p2a: Kartana|atk|1
|
|upkeep
|
|t:|1638153859
|switch|p1a: Corviknight|Corviknight, M|38/100
|-ability|p1a: Corviknight|Pressure
|turn|41
|c| Gabrielglitch11|Fire
|
|t:|1638153862
|move|p2a: Kartana|Smart Strike|p1a: Corviknight
|-resisted|p1a: Corviknight
|-damage|p1a: Corviknight|11/100
|move|p1a: Corviknight|Roost|p1a: Corviknight
|-heal|p1a: Corviknight|61/100
|-singleturn|p1a: Corviknight|move: Roost
|
|upkeep
|turn|42
|l| Nesnot
|c| Onlyzacianop|:o
|l| MiniLarry
|c|☆Deepfriedmagikarp|corviknight seems to be doing pretty good job at it
|c| Onlyzacianop|lol
|c| 23ArcaneCrows|you can power down your computer
|c| Gabrielglitch11|it just destroys him
|c| Onlyzacianop|yes
|c| Marcosotoluna23|Kartana sweep?
|
|t:|1638153878
|switch|p2a: Dragonite|Dragonite, F|69/100
|-damage|p2a: Dragonite|44/100|[from] Stealth Rock
|move|p1a: Corviknight|U-turn|p2a: Dragonite
|-resisted|p2a: Dragonite
|-damage|p2a: Dragonite|36/100
|c|☆LudwigFrog|I have one win condition
|c| Onlyzacianop|no sweep
|
|t:|1638153882
|switch|p1a: Tapu Koko|Tapu Koko|100/100|[from]move: U-turn
|-fieldstart|move: Electric Terrain|[from] ability: Electric Surge|[of] p1a: Tapu Koko
|
|upkeep
|turn|43
|c| Onlyzacianop|corvi>>>
|
|t:|1638153889
|move|p2a: Dragonite|Extreme Speed|p1a: Tapu Koko
|-damage|p1a: Tapu Koko|36/100
|move|p1a: Tapu Koko|Thunderbolt|p2a: Dragonite
|-damage|p2a: Dragonite|0 fnt
|faint|p2a: Dragonite
|
|upkeep
|
|t:|1638153890
|switch|p2a: Kartana|Kartana|34/100
|-damage|p2a: Kartana|28/100|[from] Stealth Rock
|turn|44
|c|☆Deepfriedmagikarp|i know you had that win condition
|c| Onlyzacianop|now gg
|
|t:|1638153895
|switch|p1a: Corviknight|Corviknight, M|61/100
|-ability|p1a: Corviknight|Pressure
|move|p2a: Kartana|Smart Strike|p1a: Corviknight
|-resisted|p1a: Corviknight
|-damage|p1a: Corviknight|46/100
|
|upkeep
|turn|45
|c| 23ArcaneCrows|this gonna take a while
|c| Gabrielglitch11|gg
|c|☆Deepfriedmagikarp|gg
|c|☆LudwigFrog|yeah I needed to freeze
|c|☆LudwigFrog|gg wp
|
|t:|1638153904
|move|p2a: Kartana|Smart Strike|p1a: Corviknight
|-resisted|p1a: Corviknight
|-damage|p1a: Corviknight|33/100
|move|p1a: Corviknight|Body Press|p2a: Kartana
|-supereffective|p2a: Kartana
|-damage|p2a: Kartana|0 fnt
|faint|p2a: Kartana
|
|win|Deepfriedmagikarp
|raw|Deepfriedmagikarp's rating: 1714 &rarr; <strong>1734</strong><br />(+20 for winning)
|raw|LudwigFrog's rating: 1708 &rarr; <strong>1688</strong><br />(-20 for losing)
|c| Onlyzacianop|wp
|l|☆LudwigFrog
|c| Gabrielglitch11|gg wp bro
|l| y0Asenz
|l| Gabrielglitch11
|l| Onlyzacianop
|l| Marcosotoluna23
|l| Dmbmg★
|j| Onlyzacianop
|l| Onlyzacianop
