|html|<div class="broadcast-blue"><strong>[Gen 8] OU is currently suspecting Urshifu-S! For information on how to participate check out the <a href="https://www.smogon.com/forums/threads/np-ss-ou-suspect-process-round-8-aint-no-rest-for-the-wicked.3675310/">suspect thread</a>.</strong></div>
|j|☆outw spoopy
|j|☆Draco09876
|t:|1609971306
|player|p1|outw spoopy|pokemonbreederf-gen7|1617
|player|p2|Draco09876|169|1595
|teamsize|p1|6
|teamsize|p2|6
|gametype|singles
|gen|8
|tier|[Gen 8] OU
|rated|
|clearpoke
|poke|p1|Urshifu-*, M|
|poke|p1|Slowking, M|
|poke|p1|Magearna|
|poke|p1|Toxapex, M|
|poke|p1|Mandibuzz, F|
|poke|p1|Landorus-Therian, M|
|poke|p2|Weavile, F|
|poke|p2|Dragapult, M|
|poke|p2|Magearna|
|poke|p2|Mandibuzz, F|
|poke|p2|Slowking-Galar, M|
|poke|p2|Swampert, M|
|rule|Sleep Clause Mod: Limit one foe put to sleep
|rule|Species Clause: Limit one of each Pokémon
|rule|OHKO Clause: OHKO moves are banned
|rule|Evasion Moves Clause: Evasion moves are banned
|rule|Endless Battle Clause: Forcing endless battles is banned
|rule|HP Percentage Mod: HP is shown in percentages
|rule|Dynamax Clause: You cannot dynamax
|teampreview
|inactive|Battle timer is ON: inactive players will automatically lose when time's up. (requested by Draco09876)
|j| Lasen
|c|☆outw spoopy|hf
|
|t:|1609971333
|start
|switch|p1a: Toxapex|Toxapex, M|100/100
|switch|p2a: Weavile|Weavile, F|100/100
|turn|1
|c| Lasen|love it when my exca answer
|c| Lasen|is to dodge
|
|t:|1609971340
|switch|p2a: Mandibuzz|Mandibuzz, F|100/100
|move|p1a: Toxapex|Knock Off|p2a: Mandibuzz
|-resisted|p2a: Mandibuzz
|-damage|p2a: Mandibuzz|96/100
|-enditem|p2a: Mandibuzz|Heavy-Duty Boots|[from] move: Knock Off|[of] p1a: Toxapex
|
|upkeep
|turn|2
|c|☆outw spoopy|yep
|
|t:|1609971347
|switch|p1a: Slowking|Slowking, M|100/100
|move|p2a: Mandibuzz|Knock Off|p1a: Slowking
|-supereffective|p1a: Slowking
|-damage|p1a: Slowking|53/100
|-enditem|p1a: Slowking|Heavy-Duty Boots|[from] move: Knock Off|[of] p2a: Mandibuzz
|
|upkeep
|turn|3
|
|t:|1609971350
|move|p2a: Mandibuzz|U-turn|p1a: Slowking
|-supereffective|p1a: Slowking
|-damage|p1a: Slowking|31/100
|j| Vessev
|
|t:|1609971355
|switch|p2a: Weavile|Weavile, F|100/100|[from]move: U-turn
|move|p1a: Slowking|Teleport|p1a: Slowking
|c| Lasen|dude I'm so tired
|
|t:|1609971358
|switch|p1a: Magearna|Magearna|100/100|[from]move: Teleport
|
|upkeep
|turn|4
|
|t:|1609971362
|switch|p2a: Swampert|Swampert, M|100/100
|move|p1a: Magearna|Volt Switch|p2a: Swampert
|-immune|p2a: Swampert
|
|upkeep
|turn|5
|c| Lasen|but don't wanna sleep
|c|☆outw spoopy|u should shleep
|
|t:|1609971380
|switch|p1a: Slowking|Slowking, M|64/100
|move|p2a: Swampert|Stealth Rock|p1a: Slowking
|-sidestart|p1: outw spoopy|move: Stealth Rock
|
|upkeep
|turn|6
|
|t:|1609971389
|move|p2a: Swampert|High Horsepower|p1a: Slowking
|-damage|p1a: Slowking|26/100
|move|p1a: Slowking|Scald|p2a: Swampert
|-damage|p2a: Swampert|83/100
|-status|p2a: Swampert|brn
|
|-heal|p2a: Swampert|89/100 brn|[from] item: Leftovers
|-damage|p2a: Swampert|83/100 brn|[from] brn
|upkeep
|turn|7
|
|t:|1609971398
|move|p2a: Swampert|High Horsepower|p1a: Slowking
|-damage|p1a: Slowking|9/100
|move|p1a: Slowking|Teleport|p1a: Slowking
|
|t:|1609971401
|switch|p1a: Magearna|Magearna|100/100|[from]move: Teleport
|-damage|p1a: Magearna|94/100|[from] Stealth Rock
|
|-heal|p2a: Swampert|89/100 brn|[from] item: Leftovers
|-damage|p2a: Swampert|83/100 brn|[from] brn
|upkeep
|turn|8
|
|t:|1609971409
|switch|p1a: Urshifu|Urshifu, M|100/100
|-damage|p1a: Urshifu|94/100|[from] Stealth Rock
|switch|p2a: Slowking|Slowking-Galar, M|100/100
|
|upkeep
|turn|9
|
|t:|1609971414
|switch|p2a: Mandibuzz|Mandibuzz, F|96/100
|move|p1a: Urshifu|U-turn|p2a: Mandibuzz
|-damage|p2a: Mandibuzz|75/100
|
|t:|1609971416
|switch|p1a: Magearna|Magearna|94/100|[from]move: U-turn
|-damage|p1a: Magearna|88/100|[from] Stealth Rock
|
|upkeep
|turn|10
|
|t:|1609971422
|switch|p2a: Slowking|Slowking-Galar, M|100/100
|move|p1a: Magearna|Volt Switch|p2a: Slowking
|-damage|p2a: Slowking|81/100
|
|t:|1609971424
|switch|p1a: Urshifu|Urshifu, M|94/100|[from]move: Volt Switch
|-damage|p1a: Urshifu|88/100|[from] Stealth Rock
|
|upkeep
|turn|11
|
|t:|1609971436
|move|p1a: Urshifu|Wicked Blow|p2a: Slowking
|-supereffective|p2a: Slowking
|-crit|p2a: Slowking
|-damage|p2a: Slowking|0 fnt
|faint|p2a: Slowking
|
|upkeep
|
|t:|1609971442
|switch|p2a: Magearna|Magearna|100/100
|turn|12
|
|t:|1609971446
|switch|p1a: Toxapex|Toxapex, M|100/100
|-damage|p1a: Toxapex|88/100|[from] Stealth Rock
|move|p2a: Magearna|Volt Switch|p1a: Toxapex
|-supereffective|p1a: Toxapex
|-damage|p1a: Toxapex|24/100
|
|t:|1609971453
|switch|p2a: Weavile|Weavile, F|100/100|[from]move: Volt Switch
|
|upkeep
|turn|13
|
|t:|1609971470
|switch|p1a: Magearna|Magearna|88/100
|-damage|p1a: Magearna|82/100|[from] Stealth Rock
|move|p2a: Weavile|Knock Off|p1a: Magearna
|-resisted|p1a: Magearna
|-damage|p1a: Magearna|58/100
|-enditem|p1a: Magearna|Choice Specs|[from] move: Knock Off|[of] p2a: Weavile
|
|upkeep
|turn|14
|
|t:|1609971476
|switch|p2a: Swampert|Swampert, M|83/100 brn
|move|p1a: Magearna|Fleur Cannon|p2a: Swampert
|-damage|p2a: Swampert|38/100 brn
|-unboost|p1a: Magearna|spa|2
|
|-heal|p2a: Swampert|44/100 brn|[from] item: Leftovers
|-damage|p2a: Swampert|38/100 brn|[from] brn
|upkeep
|turn|15
|
|t:|1609971486
|switch|p1a: Slowking|Slowking, M|42/100
|-damage|p1a: Slowking|30/100|[from] Stealth Rock
|switch|p2a: Magearna|Magearna|100/100
|
|upkeep
|turn|16
|
|t:|1609971503
|switch|p1a: Mandibuzz|Mandibuzz, F|100/100
|move|p2a: Magearna|Fleur Cannon|p1a: Mandibuzz
|-supereffective|p1a: Mandibuzz
|-damage|p1a: Mandibuzz|0 fnt
|-unboost|p2a: Magearna|spa|2
|faint|p1a: Mandibuzz
|-ability|p2a: Magearna|Soul-Heart|boost
|-boost|p2a: Magearna|spa|1
|
|upkeep
|
|t:|1609971508
|switch|p1a: Slowking|Slowking, M|63/100
|-damage|p1a: Slowking|51/100|[from] Stealth Rock
|turn|17
|
|t:|1609971529
|switch|p2a: Swampert|Swampert, M|38/100 brn
|move|p1a: Slowking|Slack Off|p1a: Slowking
|-heal|p1a: Slowking|100/100
|
|-heal|p2a: Swampert|44/100 brn|[from] item: Leftovers
|-damage|p2a: Swampert|38/100 brn|[from] brn
|upkeep
|turn|18
|
|t:|1609971550
|move|p2a: Swampert|Yawn|p1a: Slowking
|-start|p1a: Slowking|move: Yawn|[of] p2a: Swampert
|move|p1a: Slowking|Future Sight|p2a: Swampert
|-start|p1a: Slowking|move: Future Sight
|
|-heal|p2a: Swampert|44/100 brn|[from] item: Leftovers
|-damage|p2a: Swampert|38/100 brn|[from] brn
|upkeep
|turn|19
|
|t:|1609971556
|move|p2a: Swampert|Flip Turn|p1a: Slowking
|-resisted|p1a: Slowking
|-damage|p1a: Slowking|95/100
|
|t:|1609971559
|switch|p2a: Mandibuzz|Mandibuzz, F|75/100|[from]move: Flip Turn
|move|p1a: Slowking|Teleport|p1a: Slowking
|
|t:|1609971563
|switch|p1a: Magearna|Magearna|58/100|[from]move: Teleport
|-damage|p1a: Magearna|52/100|[from] Stealth Rock
|
|upkeep
|turn|20
|
|t:|1609971570
|switch|p2a: Swampert|Swampert, M|38/100 brn
|move|p1a: Magearna|Volt Switch|p2a: Swampert
|-immune|p2a: Swampert
|
|-end|p2a: Swampert|move: Future Sight
|-damage|p2a: Swampert|13/100 brn
|-heal|p2a: Swampert|19/100 brn|[from] item: Leftovers
|-damage|p2a: Swampert|13/100 brn|[from] brn
|upkeep
|turn|21
|
|t:|1609971577
|move|p1a: Magearna|Aura Sphere|p2a: Swampert
|-damage|p2a: Swampert|0 fnt
|faint|p2a: Swampert
|-ability|p1a: Magearna|Soul-Heart|boost
|-boost|p1a: Magearna|spa|1
|
|upkeep
|
|t:|1609971585
|switch|p2a: Magearna|Magearna|100/100
|turn|22
|
|t:|1609971589
|switch|p1a: Slowking|Slowking, M|100/100
|-damage|p1a: Slowking|88/100|[from] Stealth Rock
|move|p2a: Magearna|Flash Cannon|p1a: Slowking
|-resisted|p1a: Slowking
|-damage|p1a: Slowking|68/100
|-unboost|p1a: Slowking|spd|1
|
|upkeep
|turn|23
|
|t:|1609971595
|move|p2a: Magearna|Flash Cannon|p1a: Slowking
|-resisted|p1a: Slowking
|-damage|p1a: Slowking|38/100
|move|p1a: Slowking|Teleport|p1a: Slowking
|
|t:|1609971600
|switch|p1a: Toxapex|Toxapex, M|57/100|[from]move: Teleport
|-damage|p1a: Toxapex|45/100|[from] Stealth Rock
|
|upkeep
|turn|24
|
|t:|1609971605
|switch|p2a: Mandibuzz|Mandibuzz, F|75/100
|move|p1a: Toxapex|Recover|p1a: Toxapex
|-heal|p1a: Toxapex|95/100
|
|upkeep
|turn|25
|
|t:|1609971609
|move|p2a: Mandibuzz|Knock Off|p1a: Toxapex
|-damage|p1a: Toxapex|81/100
|-damage|p2a: Mandibuzz|59/100|[from] item: Rocky Helmet|[of] p1a: Toxapex
|-enditem|p1a: Toxapex|Rocky Helmet|[from] move: Knock Off|[of] p2a: Mandibuzz
|move|p1a: Toxapex|Knock Off|p2a: Mandibuzz
|-resisted|p2a: Mandibuzz
|-damage|p2a: Mandibuzz|56/100
|
|upkeep
|turn|26
|
|t:|1609971615
|move|p2a: Mandibuzz|Roost|p2a: Mandibuzz
|-heal|p2a: Mandibuzz|100/100
|-singleturn|p2a: Mandibuzz|move: Roost
|move|p1a: Toxapex|Toxic Spikes|p2a: Mandibuzz
|-sidestart|p2: Draco09876|move: Toxic Spikes
|
|upkeep
|turn|27
|
|t:|1609971619
|switch|p2a: Magearna|Magearna|100/100
|switch|p1a: Magearna|Magearna|52/100
|-damage|p1a: Magearna|45/100|[from] Stealth Rock
|
|upkeep
|turn|28
|
|t:|1609971624
|switch|p1a: Slowking|Slowking, M|71/100
|-damage|p1a: Slowking|59/100|[from] Stealth Rock
|move|p2a: Magearna|Volt Switch|p1a: Slowking
|-supereffective|p1a: Slowking
|-damage|p1a: Slowking|12/100
|
|t:|1609971629
|switch|p2a: Mandibuzz|Mandibuzz, F|100/100|[from]move: Volt Switch
|
|upkeep
|turn|29
|
|t:|1609971634
|switch|p1a: Magearna|Magearna|45/100
|-damage|p1a: Magearna|39/100|[from] Stealth Rock
|move|p2a: Mandibuzz|U-turn|p1a: Magearna
|-resisted|p1a: Magearna
|-damage|p1a: Magearna|37/100
|
|t:|1609971636
|switch|p2a: Magearna|Magearna|100/100|[from]move: U-turn
|
|upkeep
|turn|30
|
|t:|1609971639
|switch|p1a: Landorus|Landorus-Therian, M|100/100
|-damage|p1a: Landorus|88/100|[from] Stealth Rock
|-ability|p1a: Landorus|Intimidate|boost
|-unboost|p2a: Magearna|atk|1
|move|p2a: Magearna|Fleur Cannon|p1a: Landorus
|-damage|p1a: Landorus|0 fnt
|-unboost|p2a: Magearna|spa|2
|faint|p1a: Landorus
|-ability|p2a: Magearna|Soul-Heart|boost
|-boost|p2a: Magearna|spa|1
|
|upkeep
|
|t:|1609971644
|switch|p1a: Toxapex|Toxapex, M|100/100
|-damage|p1a: Toxapex|88/100|[from] Stealth Rock
|turn|31
|c| Lasen|yo my man has 2100 games in OU
|
|t:|1609971651
|switch|p2a: Mandibuzz|Mandibuzz, F|100/100
|switch|p1a: Magearna|Magearna|37/100
|-damage|p1a: Magearna|30/100|[from] Stealth Rock
|
|upkeep
|turn|32
|c| Lasen|pog?
|c|☆outw spoopy|oh pog
|
|t:|1609971659
|switch|p2a: Magearna|Magearna|100/100
|move|p1a: Magearna|Volt Switch|p2a: Magearna
|-damage|p2a: Magearna|77/100
|
|t:|1609971679
|switch|p1a: Urshifu|Urshifu, M|88/100|[from]move: Volt Switch
|-damage|p1a: Urshifu|82/100|[from] Stealth Rock
|
|upkeep
|turn|33
|
|t:|1609971688
|move|p1a: Urshifu|U-turn|p2a: Magearna
|-resisted|p2a: Magearna
|-damage|p2a: Magearna|69/100
|
|t:|1609971691
|switch|p1a: Toxapex|Toxapex, M|100/100|[from]move: U-turn
|-damage|p1a: Toxapex|88/100|[from] Stealth Rock
|move|p2a: Magearna|Fleur Cannon|p1a: Toxapex
|-resisted|p1a: Toxapex
|-damage|p1a: Toxapex|45/100
|-unboost|p2a: Magearna|spa|2
|
|upkeep
|turn|34
|
|t:|1609971697
|switch|p2a: Mandibuzz|Mandibuzz, F|100/100
|switch|p1a: Magearna|Magearna|30/100
|-damage|p1a: Magearna|24/100|[from] Stealth Rock
|
|upkeep
|turn|35
|
|t:|1609971703
|move|p1a: Magearna|Fleur Cannon|p2a: Mandibuzz
|-supereffective|p2a: Mandibuzz
|-damage|p2a: Mandibuzz|0 fnt
|-unboost|p1a: Magearna|spa|2
|faint|p2a: Mandibuzz
|-ability|p1a: Magearna|Soul-Heart|boost
|-boost|p1a: Magearna|spa|1
|
|upkeep
|
|t:|1609971707
|switch|p2a: Magearna|Magearna|69/100
|turn|36
|
|t:|1609971733
|switch|p1a: Toxapex|Toxapex, M|78/100
|-damage|p1a: Toxapex|66/100|[from] Stealth Rock
|move|p2a: Magearna|Volt Switch|p1a: Toxapex
|-supereffective|p1a: Toxapex
|-damage|p1a: Toxapex|0 fnt
|faint|p1a: Toxapex
|-ability|p2a: Magearna|Soul-Heart|boost
|-boost|p2a: Magearna|spa|1
|c|☆outw spoopy|dam that killed
|
|t:|1609971739
|switch|p2a: Dragapult|Dragapult, M|100/100|[from]move: Volt Switch
|-status|p2a: Dragapult|psn
|
|-damage|p2a: Dragapult|88/100 psn|[from] psn
|upkeep
|c|☆outw spoopy|woops
|
|t:|1609971746
|switch|p1a: Urshifu|Urshifu, M|82/100
|-damage|p1a: Urshifu|76/100|[from] Stealth Rock
|turn|37
|
|t:|1609971763
|switch|p2a: Weavile|Weavile, F|100/100
|-status|p2a: Weavile|psn
|move|p1a: Urshifu|Close Combat|p2a: Weavile
|-supereffective|p2a: Weavile
|-enditem|p2a: Weavile|Focus Sash
|-damage|p2a: Weavile|1/100 psn
|-unboost|p1a: Urshifu|def|1
|-unboost|p1a: Urshifu|spd|1
|-enditem|p1a: Urshifu|Choice Band|[silent]|[from] ability: Pickpocket|[of] p1a: Urshifu
|-item|p2a: Weavile|Choice Band|[from] ability: Pickpocket|[of] p1a: Urshifu
|
|-damage|p2a: Weavile|0 fnt|[from] psn
|faint|p2a: Weavile
|upkeep
|
|t:|1609971773
|switch|p2a: Magearna|Magearna|69/100
|turn|38
|
|t:|1609971791
|move|p1a: Urshifu|U-turn|p2a: Magearna
|-resisted|p2a: Magearna
|-damage|p2a: Magearna|65/100
|
|t:|1609971801
|switch|p1a: Slowking|Slowking, M|45/100|[from]move: U-turn
|-damage|p1a: Slowking|33/100|[from] Stealth Rock
|move|p2a: Magearna|Volt Switch|p1a: Slowking
|-supereffective|p1a: Slowking
|-damage|p1a: Slowking|0 fnt
|faint|p1a: Slowking
|-ability|p2a: Magearna|Soul-Heart|boost
|-boost|p2a: Magearna|spa|1
|
|t:|1609971804
|switch|p2a: Dragapult|Dragapult, M|88/100 psn|[from]move: Volt Switch
|
|-heal|p2a: Dragapult|94/100 psn|[from] item: Leftovers
|-damage|p2a: Dragapult|82/100 psn|[from] psn
|upkeep
|
|t:|1609971812
|switch|p1a: Urshifu|Urshifu, M|76/100
|-damage|p1a: Urshifu|70/100|[from] Stealth Rock
|turn|39
|
|t:|1609971828
|move|p1a: Urshifu|Sucker Punch||[still]
|-fail|p1a: Urshifu
|move|p2a: Dragapult|Substitute|p2a: Dragapult
|-start|p2a: Dragapult|Substitute
|-damage|p2a: Dragapult|57/100 psn
|
|-heal|p2a: Dragapult|63/100 psn|[from] item: Leftovers
|-damage|p2a: Dragapult|51/100 psn|[from] psn
|upkeep
|turn|40
|j| ironwater
|c|☆outw spoopy|oh boy
|c|☆outw spoopy|that is unfortunate
|
|t:|1609971842
|move|p2a: Dragapult|Dragon Darts|p1a: Urshifu
|-damage|p1a: Urshifu|42/100
|-anim|p2a: Dragapult|Dragon Darts|p1a: Urshifu
|-damage|p1a: Urshifu|16/100
|move|p1a: Urshifu|U-turn|p2a: Dragapult
|-resisted|p2a: Dragapult
|-activate|p2a: Dragapult|move: Substitute|[damage]
|
|t:|1609971845
|switch|p1a: Magearna|Magearna|24/100|[from]move: U-turn
|-damage|p1a: Magearna|18/100|[from] Stealth Rock
|
|-heal|p2a: Dragapult|57/100 psn|[from] item: Leftovers
|-damage|p2a: Dragapult|44/100 psn|[from] psn
|upkeep
|turn|41
|c| Lasen|nooo
|c| Lasen|why did u utnr
|c| Lasen|turn
|c| Lasen|:(
|c|☆Draco09876|yeah
|c|☆outw spoopy|i thot
|c|☆Draco09876|u turn wasnt good
|c|☆outw spoopy|it would break sub
|c|☆outw spoopy|and u would go for dd
|c|☆outw spoopy|should have calced
|inactive|outw spoopy has 120 seconds left.
|c| Lasen|:((((
|c|☆outw spoopy|sadge
|c| Lasen|spoo noooooooooooo
|c|☆outw spoopy|tfw
|c|☆outw spoopy|choke on last game before reqs
|c|☆outw spoopy|sadge
|
|t:|1609971899
|move|p2a: Dragapult|Phantom Force||[still]
|-prepare|p2a: Dragapult|Phantom Force
|move|p1a: Magearna|Volt Switch|p2a: Dragapult|[miss]
|-miss|p1a: Magearna|p2a: Dragapult
|
|-heal|p2a: Dragapult|50/100 psn|[from] item: Leftovers
|-damage|p2a: Dragapult|38/100 psn|[from] psn
|upkeep
|turn|42
|c|☆Draco09876|might not be the end
|c| Vessev|widepeepoRIP
|inactive|outw spoopy has 90 seconds left.
|
|t:|1609971916
|move|p2a: Dragapult|Phantom Force|p1a: Magearna|[from]lockedmove
|-damage|p1a: Magearna|0 fnt
|faint|p1a: Magearna
|
|-heal|p2a: Dragapult|44/100 psn|[from] item: Leftovers
|-damage|p2a: Dragapult|32/100 psn|[from] psn
|upkeep
|
|t:|1609971917
|switch|p1a: Urshifu|Urshifu, M|16/100
|-damage|p1a: Urshifu|10/100|[from] Stealth Rock
|turn|43
|c|☆outw spoopy|gg sir
|
|t:|1609971921
|move|p1a: Urshifu|Sucker Punch|p2a: Dragapult
|-supereffective|p2a: Dragapult
|-end|p2a: Dragapult|Substitute
|move|p2a: Dragapult|Dragon Darts|p1a: Urshifu
|-damage|p1a: Urshifu|0 fnt
|faint|p1a: Urshifu
|
|win|Draco09876
|c|☆Draco09876|gg
|l|☆outw spoopy
|l|☆Draco09876
|l| Lasen
||Ladder (probably) updated, but score could not be retrieved (Request timeout).
|l| ironwater
