|j|☆Excelceite
|j|☆Chikami
|t:|1658710763
|gametype|singles
|player|p1|Excelceite|acetrainercouple|1530
|player|p2|Chikami|nate|1590
|teamsize|p1|6
|teamsize|p2|6
|gen|8
|tier|[Gen 8] OU
|rated|
|rule|Sleep Clause Mod: Limit one foe put to sleep
|rule|Species Clause: Limit one of each Pokémon
|rule|OHKO Clause: OHKO moves are banned
|rule|Evasion Moves Clause: Evasion moves are banned
|rule|Endless Battle Clause: Forcing endless battles is banned
|rule|HP Percentage Mod: HP is shown in percentages
|rule|Dynamax Clause: You cannot dynamax
|clearpoke
|poke|p1|Porygon2|
|poke|p1|Slowbro, F|
|poke|p1|Nidoking, M|
|poke|p1|Dragapult, F|
|poke|p1|Rillaboom, F|
|poke|p1|Ditto|
|poke|p2|Scolipede, M|
|poke|p2|Regieleki|
|poke|p2|Heatran, M|
|poke|p2|Bisharp, M|
|poke|p2|Rillaboom, M|
|poke|p2|Dragapult, F|
|teampreview
|
|t:|1658710781
|start
|switch|p1a: Nidoking|Nidoking, M|100/100
|switch|p2a: Heatran|Heatran, M|100/100
|-item|p2a: Heatran|Air Balloon
|turn|1
|
|t:|1658710789
|switch|p1a: Porygon2|Porygon2|100/100
|-ability|p1a: Porygon2|Flame Body|[from] ability: Trace|[of] p2a: Heatran
|move|p2a: Heatran|Stealth Rock|p1a: Porygon2
|-sidestart|p1: Excelceite|move: Stealth Rock
|
|upkeep
|turn|2
|
|t:|1658710797
|move|p2a: Heatran|Taunt|p1a: Porygon2
|-start|p1a: Porygon2|move: Taunt
|move|p1a: Porygon2|Discharge|p2a: Heatran
|-damage|p2a: Heatran|85/100
|-enditem|p2a: Heatran|Air Balloon
|
|upkeep
|turn|3
|
|t:|1658710805
|move|p2a: Heatran|Magma Storm|p1a: Porygon2|[miss]
|-miss|p2a: Heatran|p1a: Porygon2
|move|p1a: Porygon2|Discharge|p2a: Heatran
|-damage|p2a: Heatran|68/100
|
|upkeep
|turn|4
|
|t:|1658710811
|move|p2a: Heatran|Magma Storm|p1a: Porygon2
|-damage|p1a: Porygon2|81/100
|-activate|p1a: Porygon2|move: Magma Storm|[of] p2a: Heatran
|move|p1a: Porygon2|Discharge|p2a: Heatran
|-damage|p2a: Heatran|52/100
|
|-damage|p1a: Porygon2|69/100|[from] move: Magma Storm|[partiallytrapped]
|-end|p1a: Porygon2|move: Taunt
|upkeep
|turn|5
|
|t:|1658710822
|move|p2a: Heatran|Taunt|p1a: Porygon2
|-start|p1a: Porygon2|move: Taunt
|move|p1a: Porygon2|Discharge|p2a: Heatran
|-damage|p2a: Heatran|34/100
|
|-damage|p1a: Porygon2|56/100|[from] move: Magma Storm|[partiallytrapped]
|upkeep
|turn|6
|
|t:|1658710830
|move|p2a: Heatran|Earth Power|p1a: Porygon2
|-damage|p1a: Porygon2|45/100
|move|p1a: Porygon2|Discharge|p2a: Heatran
|-damage|p2a: Heatran|18/100
|-status|p2a: Heatran|par
|
|-damage|p1a: Porygon2|32/100|[from] move: Magma Storm|[partiallytrapped]
|upkeep
|turn|7
|
|t:|1658710840
|move|p1a: Porygon2|Discharge|p2a: Heatran
|-damage|p2a: Heatran|3/100 par
|move|p2a: Heatran|Magma Storm|p1a: Porygon2|[miss]
|-miss|p2a: Heatran|p1a: Porygon2
|
|-damage|p1a: Porygon2|20/100|[from] move: Magma Storm|[partiallytrapped]
|-end|p1a: Porygon2|move: Taunt
|upkeep
|turn|8
|
|t:|1658710850
|move|p1a: Porygon2|Recover|p1a: Porygon2
|-heal|p1a: Porygon2|70/100
|move|p2a: Heatran|Taunt|p1a: Porygon2
|-start|p1a: Porygon2|move: Taunt
|
|-damage|p1a: Porygon2|58/100|[from] move: Magma Storm|[partiallytrapped]
|upkeep
|turn|9
|
|t:|1658710861
|move|p1a: Porygon2|Discharge|p2a: Heatran
|-damage|p2a: Heatran|0 fnt
|faint|p2a: Heatran
|
|-end|p1a: Porygon2|Magma Storm|[partiallytrapped]
|upkeep
|
|t:|1658710871
|switch|p2a: Rillaboom|Rillaboom, M|100/100
|-fieldstart|move: Grassy Terrain|[from] ability: Grassy Surge|[of] p2a: Rillaboom
|turn|10
|
|t:|1658710879
|move|p2a: Rillaboom|Knock Off|p1a: Porygon2
|-damage|p1a: Porygon2|29/100
|-enditem|p1a: Porygon2|Eviolite|[from] move: Knock Off|[of] p2a: Rillaboom
|-damage|p2a: Rillaboom|91/100|[from] item: Life Orb
|move|p1a: Porygon2|Ice Beam|p2a: Rillaboom
|-supereffective|p2a: Rillaboom
|-damage|p2a: Rillaboom|35/100
|
|-heal|p2a: Rillaboom|41/100|[from] Grassy Terrain
|-heal|p1a: Porygon2|35/100|[from] Grassy Terrain
|upkeep
|turn|11
|
|t:|1658710893
|switch|p1a: Dragapult|Dragapult, F|100/100
|-damage|p1a: Dragapult|88/100|[from] Stealth Rock
|move|p2a: Rillaboom|Grassy Glide|p1a: Dragapult
|-resisted|p1a: Dragapult
|-damage|p1a: Dragapult|42/100
|-damage|p2a: Rillaboom|31/100|[from] item: Life Orb
|
|-heal|p1a: Dragapult|48/100|[from] Grassy Terrain
|-heal|p2a: Rillaboom|37/100|[from] Grassy Terrain
|upkeep
|turn|12
|
|t:|1658710920
|switch|p2a: Dragapult|Dragapult, F|100/100
|move|p1a: Dragapult|Fire Blast|p2a: Dragapult
|-resisted|p2a: Dragapult
|-damage|p2a: Dragapult|64/100
|
|-heal|p2a: Dragapult|70/100|[from] Grassy Terrain
|-heal|p1a: Dragapult|54/100|[from] Grassy Terrain
|upkeep
|turn|13
|
|t:|1658710933
|switch|p1a: Porygon2|Porygon2|35/100
|-damage|p1a: Porygon2|22/100|[from] Stealth Rock
|-ability|p1a: Porygon2|Clear Body|[from] ability: Trace|[of] p2a: Dragapult
|move|p2a: Dragapult|Dragon Darts|p1a: Porygon2
|-damage|p1a: Porygon2|0 fnt
|faint|p1a: Porygon2
|-damage|p2a: Dragapult|60/100|[from] item: Life Orb
|
|-heal|p2a: Dragapult|66/100|[from] Grassy Terrain
|upkeep
|
|t:|1658710950
|switch|p1a: Ditto|Ditto|100/100
|-damage|p1a: Ditto|88/100|[from] Stealth Rock
|-transform|p1a: Ditto|p2a: Dragapult|[from] ability: Imposter
|turn|14
|
|t:|1658710957
|switch|p2a: Bisharp|Bisharp, M|100/100
|move|p1a: Ditto|Dragon Darts|p2a: Bisharp
|-resisted|p2a: Bisharp
|-damage|p2a: Bisharp|84/100
|-anim|p1a: Ditto|Dragon Darts|p2a: Bisharp
|-resisted|p2a: Bisharp
|-damage|p2a: Bisharp|69/100
|
|-heal|p1a: Ditto|94/100|[from] Grassy Terrain
|-heal|p2a: Bisharp|75/100|[from] Grassy Terrain
|-fieldend|move: Grassy Terrain
|upkeep
|turn|15
|
|t:|1658710975
|switch|p1a: Slowbro|Slowbro, F|100/100
|move|p2a: Bisharp|Knock Off|p1a: Slowbro
|-supereffective|p1a: Slowbro
|-damage|p1a: Slowbro|21/100
|-enditem|p1a: Slowbro|Heavy-Duty Boots|[from] move: Knock Off|[of] p2a: Bisharp
|-damage|p2a: Bisharp|65/100|[from] item: Life Orb
|
|upkeep
|turn|16
|
|t:|1658710983
|move|p2a: Bisharp|Knock Off|p1a: Slowbro
|-supereffective|p1a: Slowbro
|-damage|p1a: Slowbro|0 fnt
|faint|p1a: Slowbro
|-damage|p2a: Bisharp|55/100|[from] item: Life Orb
|
|upkeep
|
|t:|1658710996
|switch|p1a: Nidoking|Nidoking, M|100/100
|-damage|p1a: Nidoking|95/100|[from] Stealth Rock
|turn|17
|
|t:|1658711029
|switch|p2a: Dragapult|Dragapult, F|66/100
|move|p1a: Nidoking|Earth Power|p2a: Dragapult
|-damage|p2a: Dragapult|0 fnt
|faint|p2a: Dragapult
|
|upkeep
|
|t:|1658711036
|switch|p2a: Rillaboom|Rillaboom, M|37/100
|-fieldstart|move: Grassy Terrain|[from] ability: Grassy Surge|[of] p2a: Rillaboom
|turn|18
|
|t:|1658711066
|move|p2a: Rillaboom|Grassy Glide|p1a: Nidoking
|-damage|p1a: Nidoking|0 fnt
|faint|p1a: Nidoking
|-damage|p2a: Rillaboom|27/100|[from] item: Life Orb
|
|-heal|p2a: Rillaboom|33/100|[from] Grassy Terrain
|upkeep
|
|t:|1658711081
|switch|p1a: Rillaboom|Rillaboom, F, shiny|100/100
|-damage|p1a: Rillaboom|88/100|[from] Stealth Rock
|turn|19
|
|t:|1658711087
|move|p1a: Rillaboom|Knock Off|p2a: Rillaboom
|-damage|p2a: Rillaboom|0 fnt
|-enditem|p2a: Rillaboom|Life Orb|[from] move: Knock Off|[of] p1a: Rillaboom
|faint|p2a: Rillaboom
|-damage|p1a: Rillaboom|78/100|[from] item: Life Orb
|
|-heal|p1a: Rillaboom|84/100|[from] Grassy Terrain
|upkeep
|
|t:|1658711101
|switch|p2a: Scolipede|Scolipede, M|100/100
|turn|20
|
|t:|1658711106
|switch|p1a: Dragapult|Dragapult, F|54/100
|-damage|p1a: Dragapult|42/100|[from] Stealth Rock
|move|p2a: Scolipede|Poison Jab|p1a: Dragapult
|-resisted|p1a: Dragapult
|-damage|p1a: Dragapult|12/100
|-damage|p2a: Scolipede|91/100|[from] item: Life Orb
|
|-heal|p1a: Dragapult|18/100|[from] Grassy Terrain
|-heal|p2a: Scolipede|97/100|[from] Grassy Terrain
|-ability|p2a: Scolipede|Speed Boost|boost
|-boost|p2a: Scolipede|spe|1
|upkeep
|turn|21
|
|t:|1658711124
|move|p2a: Scolipede|Poison Jab|p1a: Dragapult
|-resisted|p1a: Dragapult
|-crit|p1a: Dragapult
|-damage|p1a: Dragapult|0 fnt
|faint|p1a: Dragapult
|-damage|p2a: Scolipede|87/100|[from] item: Life Orb
|
|-heal|p2a: Scolipede|93/100|[from] Grassy Terrain
|-ability|p2a: Scolipede|Speed Boost|boost
|-boost|p2a: Scolipede|spe|1
|upkeep
|
|t:|1658711135
|switch|p1a: Ditto|Ditto|94/100
|-damage|p1a: Ditto|82/100|[from] Stealth Rock
|-transform|p1a: Ditto|p2a: Scolipede|[from] ability: Imposter
|turn|22
|
|t:|1658711169
|move|p1a: Ditto|Earthquake|p2a: Scolipede
|-damage|p2a: Scolipede|71/100
|move|p2a: Scolipede|Swords Dance|p2a: Scolipede
|-boost|p2a: Scolipede|atk|2
|
|-heal|p1a: Ditto|88/100|[from] Grassy Terrain
|-heal|p2a: Scolipede|77/100|[from] Grassy Terrain
|-fieldend|move: Grassy Terrain
|-ability|p1a: Ditto|Speed Boost|boost
|-boost|p1a: Ditto|spe|1
|-ability|p2a: Scolipede|Speed Boost|boost
|-boost|p2a: Scolipede|spe|1
|upkeep
|turn|23
|
|t:|1658711182
|switch|p1a: Rillaboom|Rillaboom, F, shiny|84/100
|-damage|p1a: Rillaboom|72/100|[from] Stealth Rock
|-fieldstart|move: Grassy Terrain|[from] ability: Grassy Surge|[of] p1a: Rillaboom
|move|p2a: Scolipede|Earthquake|p1a: Rillaboom
|-resisted|p1a: Rillaboom
|-damage|p1a: Rillaboom|52/100
|-damage|p2a: Scolipede|67/100|[from] item: Life Orb
|
|-heal|p2a: Scolipede|73/100|[from] Grassy Terrain
|-heal|p1a: Rillaboom|58/100|[from] Grassy Terrain
|-ability|p2a: Scolipede|Speed Boost|boost
|-boost|p2a: Scolipede|spe|1
|upkeep
|turn|24
|
|t:|1658711230
|switch|p2a: Regieleki|Regieleki|100/100
|move|p1a: Rillaboom|Grassy Glide|p2a: Regieleki
|-damage|p2a: Regieleki|0 fnt
|faint|p2a: Regieleki
|-damage|p1a: Rillaboom|48/100|[from] item: Life Orb
|
|-heal|p1a: Rillaboom|54/100|[from] Grassy Terrain
|upkeep
|
|t:|1658711237
|switch|p2a: Scolipede|Scolipede, M|73/100
|turn|25
|
|t:|1658711246
|move|p1a: Rillaboom|Grassy Glide|p2a: Scolipede
|-resisted|p2a: Scolipede
|-crit|p2a: Scolipede
|-damage|p2a: Scolipede|40/100
|-damage|p1a: Rillaboom|44/100|[from] item: Life Orb
|move|p2a: Scolipede|Poison Jab|p1a: Rillaboom
|-supereffective|p1a: Rillaboom
|-damage|p1a: Rillaboom|0 fnt
|faint|p1a: Rillaboom
|-damage|p2a: Scolipede|30/100|[from] item: Life Orb
|
|-heal|p2a: Scolipede|36/100|[from] Grassy Terrain
|-ability|p2a: Scolipede|Speed Boost|boost
|-boost|p2a: Scolipede|spe|1
|upkeep
|
|t:|1658711261
|switch|p1a: Ditto|Ditto|88/100
|-damage|p1a: Ditto|75/100|[from] Stealth Rock
|-transform|p1a: Ditto|p2a: Scolipede|[from] ability: Imposter
|turn|26
|
|t:|1658711301
|move|p1a: Ditto|Megahorn|p2a: Scolipede
|-resisted|p2a: Scolipede
|-damage|p2a: Scolipede|0 fnt
|faint|p2a: Scolipede
|
|-heal|p1a: Ditto|81/100|[from] Grassy Terrain
|-ability|p1a: Ditto|Speed Boost|boost
|-boost|p1a: Ditto|spe|1
|upkeep
|
|t:|1658711307
|switch|p2a: Bisharp|Bisharp, M|55/100
|turn|27
|
|t:|1658711324
|move|p1a: Ditto|Megahorn|p2a: Bisharp
|-damage|p2a: Bisharp|0 fnt
|faint|p2a: Bisharp
|
|win|Excelceite
|raw|Excelceite's rating: 1530 &rarr; <strong>1553</strong><br />(+23 for winning)
|raw|Chikami's rating: 1590 &rarr; <strong>1567</strong><br />(-23 for losing)
|l|☆Chikami
||Ladder isn't responding, score probably updated but might not have (Request timeout).
