|html|<div class="broadcast-blue"><strong>[Gen 8] OU is currently suspecting Melmetal! For information on how to participate check out the <a href="https://www.smogon.com/forums/threads/np-ss-ou-suspect-process-round-12-monster-mash.3709234/">suspect thread</a>.</strong></div>
|j|‽Valentine
|j|☆piaoz2002
|t:|1666744010
|gametype|singles
|player|p1|Valentine|170|1609
|player|p2|piaoz2002|steven|1573
|teamsize|p1|6
|teamsize|p2|6
|gen|8
|tier|[Gen 8] OU
|rated|
|rule|Sleep Clause Mod: Limit one foe put to sleep
|rule|Species Clause: Limit one of each Pokémon
|rule|OHKO Clause: OHKO moves are banned
|rule|Evasion Items Clause: Evasion items are banned
|rule|Evasion Moves Clause: Evasion moves are banned
|rule|Endless Battle Clause: Forcing endless battles is banned
|rule|HP Percentage Mod: HP is shown in percentages
|rule|Dynamax Clause: You cannot dynamax
|clearpoke
|poke|p1|Garchomp, F|
|poke|p1|Dragapult, F|
|poke|p1|Dragonite, M|
|poke|p1|Landorus-Therian, M|
|poke|p1|Melmetal|
|poke|p1|Kartana|
|poke|p2|Blaziken, M|
|poke|p2|Garchomp, M|
|poke|p2|Heatran, F|
|poke|p2|Dragapult, M|
|poke|p2|Ninetales-Alola, F|
|poke|p2|Arctozolt|
|teampreview
|inactive|Battle timer is ON: inactive players will automatically lose when time's up. (requested by Valentine)
|inactive|piaoz2002 has 120 seconds left.
|
|t:|1666744065
|start
|switch|p1a: Melmetal|Melmetal|100/100
|switch|p2a: Ninetales|Ninetales-Alola, F, shiny|100/100
|-weather|Hail|[from] ability: Snow Warning|[of] p2a: Ninetales
|turn|1
|
|t:|1666744075
|switch|p2a: Heatran|Heatran, F, shiny|100/100
|-item|p2a: Heatran|Air Balloon
|move|p1a: Melmetal|Double Iron Bash|p2a: Heatran
|-resisted|p2a: Heatran
|-damage|p2a: Heatran|83/100
|-enditem|p2a: Heatran|Air Balloon
|-resisted|p2a: Heatran
|-damage|p2a: Heatran|68/100
|-hitcount|p2a: Heatran|2
|
|-weather|Hail|[upkeep]
|-damage|p2a: Heatran|61/100|[from] Hail
|-damage|p1a: Melmetal|94/100|[from] Hail
|upkeep
|turn|2
|
|t:|1666744087
|switch|p1a: Garchomp|Garchomp, F|100/100
|move|p2a: Heatran|Stealth Rock|p1a: Garchomp
|-sidestart|p1: Valentine|move: Stealth Rock
|
|-weather|Hail|[upkeep]
|-damage|p1a: Garchomp|94/100|[from] Hail
|-damage|p2a: Heatran|55/100|[from] Hail
|upkeep
|turn|3
|
|t:|1666744094
|switch|p1a: Melmetal|Melmetal|94/100
|-damage|p1a: Melmetal|88/100|[from] Stealth Rock
|switch|p2a: Ninetales|Ninetales-Alola, F, shiny|100/100
|
|-weather|Hail|[upkeep]
|-damage|p1a: Melmetal|82/100|[from] Hail
|upkeep
|turn|4
|
|t:|1666744104
|move|p2a: Ninetales|Aurora Veil|p2a: Ninetales
|-sidestart|p2: piaoz2002|move: Aurora Veil
|move|p1a: Melmetal|Double Iron Bash|p2a: Ninetales
|-supereffective|p2a: Ninetales
|-damage|p2a: Ninetales|0 fnt
|faint|p2a: Ninetales
|-hitcount|p2: Ninetales|1
|
|-weather|Hail|[upkeep]
|-damage|p1a: Melmetal|76/100|[from] Hail
|upkeep
|
|t:|1666744112
|switch|p2a: Garchomp|Garchomp, M, shiny|100/100
|turn|5
|
|t:|1666744119
|switch|p1a: Dragapult|Dragapult, F|100/100
|-damage|p1a: Dragapult|88/100|[from] Stealth Rock
|move|p2a: Garchomp|Swords Dance|p2a: Garchomp
|-boost|p2a: Garchomp|atk|2
|
|-weather|Hail|[upkeep]
|-damage|p1a: Dragapult|82/100|[from] Hail
|-damage|p2a: Garchomp|94/100|[from] Hail
|upkeep
|turn|6
|
|t:|1666744123
|move|p1a: Dragapult|Draco Meteor|p2a: Garchomp
|-supereffective|p2a: Garchomp
|-damage|p2a: Garchomp|0 fnt
|-unboost|p1a: Dragapult|spa|2
|faint|p2a: Garchomp
|
|-weather|Hail|[upkeep]
|-damage|p1a: Dragapult|76/100|[from] Hail
|upkeep
|
|t:|1666744127
|switch|p2a: Dragapult|Dragapult, M, shiny|100/100
|turn|7
|
|t:|1666744133
|move|p1a: Dragapult|Draco Meteor|p2a: Dragapult
|-supereffective|p2a: Dragapult
|-damage|p2a: Dragapult|19/100
|-unboost|p1a: Dragapult|spa|2
|move|p2a: Dragapult|Dragon Darts|p1a: Dragapult
|-supereffective|p1a: Dragapult
|-crit|p1a: Dragapult
|-damage|p1a: Dragapult|0 fnt
|faint|p1a: Dragapult
|
|-weather|Hail|[upkeep]
|-damage|p2a: Dragapult|13/100|[from] Hail
|upkeep
|
|t:|1666744154
|switch|p1a: Melmetal|Melmetal|76/100
|-damage|p1a: Melmetal|70/100|[from] Stealth Rock
|turn|8
|
|t:|1666744156
|move|p2a: Dragapult|Dragon Darts|p1a: Melmetal
|-resisted|p1a: Melmetal
|-crit|p1a: Melmetal
|-damage|p1a: Melmetal|52/100
|-anim|p2a: Dragapult|Dragon Darts|p1a: Melmetal
|-resisted|p1a: Melmetal
|-damage|p1a: Melmetal|41/100
|move|p1a: Melmetal|Earthquake|p2a: Dragapult
|-damage|p2a: Dragapult|0 fnt
|faint|p2a: Dragapult
|
|-weather|none
|-sideend|p2: piaoz2002|move: Aurora Veil
|upkeep
|
|t:|1666744164
|switch|p2a: Heatran|Heatran, F, shiny|55/100
|turn|9
|
|t:|1666744167
|move|p2a: Heatran|Magma Storm|p1a: Melmetal
|-supereffective|p1a: Melmetal
|-damage|p1a: Melmetal|0 fnt
|faint|p1a: Melmetal
|
|upkeep
|
|t:|1666744169
|switch|p1a: Garchomp|Garchomp, F|94/100
|-damage|p1a: Garchomp|88/100|[from] Stealth Rock
|turn|10
|
|t:|1666744171
|move|p1a: Garchomp|Earthquake|p2a: Heatran
|-supereffective|p2a: Heatran
|-damage|p2a: Heatran|0 fnt
|faint|p2a: Heatran
|
|upkeep
|
|t:|1666744172
|switch|p2a: Blaziken|Blaziken, M, shiny|100/100
|-item|p2a: Blaziken|Air Balloon
|turn|11
|
|t:|1666744176
|move|p1a: Garchomp|Scale Shot|p2a: Blaziken
|-damage|p2a: Blaziken|81/100
|-enditem|p2a: Blaziken|Air Balloon
|-damage|p2a: Blaziken|59/100
|-crit|p2a: Blaziken
|-damage|p2a: Blaziken|26/100
|-hitcount|p2a: Blaziken|3
|-unboost|p1a: Garchomp|def|1
|-boost|p1a: Garchomp|spe|1
|move|p2a: Blaziken|Swords Dance|p2a: Blaziken
|-boost|p2a: Blaziken|atk|2
|
|-ability|p2a: Blaziken|Speed Boost|boost
|-boost|p2a: Blaziken|spe|1
|upkeep
|turn|12
|-message|piaoz2002 forfeited.
|
|win|Valentine
|raw|Valentine's rating: 1609 &rarr; <strong>1627</strong><br />(+18 for winning)
|raw|piaoz2002's rating: 1573 &rarr; <strong>1555</strong><br />(-18 for losing)
|l|☆piaoz2002
