|raw|<div class="broadcast-blue"><strong>This battle is required to be public due to a player having a name starting with 'lt83aq'.</div>
|j|☆LT83AQ YAKO
|j|☆mickey m
|t:|1626594634
|gametype|singles
|player|p1|LT83AQ YAKO|jupiter|1661
|player|p2|mickey m|pilot|1651
|teamsize|p1|6
|teamsize|p2|6
|gen|8
|tier|[Gen 8] OU
|rated|
|rule|Sleep Clause Mod: Limit one foe put to sleep
|rule|Species Clause: Limit one of each Pokémon
|rule|OHKO Clause: OHKO moves are banned
|rule|Evasion Moves Clause: Evasion moves are banned
|rule|Endless Battle Clause: Forcing endless battles is banned
|rule|HP Percentage Mod: HP is shown in percentages
|rule|Dynamax Clause: You cannot dynamax
|clearpoke
|poke|p1|Dragapult, M|
|poke|p1|Blacephalon|
|poke|p1|Tapu Fini|
|poke|p1|Landorus-Therian, M|
|poke|p1|Melmetal|
|poke|p1|Weavile, F|
|poke|p2|Rillaboom, F|
|poke|p2|Blacephalon|
|poke|p2|Garchomp, F|
|poke|p2|Tapu Fini|
|poke|p2|Melmetal|
|poke|p2|Kartana|
|teampreview
|inactive|Battle timer is ON: inactive players will automatically lose when time's up. (requested by mickey m)
|
|t:|1626594653
|start
|switch|p1a: Blacephalon|Blacephalon|100/100
|switch|p2a: Melmetal|Melmetal|100/100
|turn|1
|
|t:|1626594668
|move|p1a: Blacephalon|Overheat|p2a: Melmetal
|-supereffective|p2a: Melmetal
|-damage|p2a: Melmetal|0 fnt
|-unboost|p1a: Blacephalon|spa|2
|faint|p2a: Melmetal
|-ability|p1a: Blacephalon|Beast Boost|boost
|-boost|p1a: Blacephalon|spa|1
|
|upkeep
|
|t:|1626594678
|switch|p2a: Kartana|Kartana|100/100
|turn|2
|
|t:|1626594693
|switch|p1a: Landorus|Landorus-Therian, M|100/100
|-ability|p1a: Landorus|Intimidate|boost
|-unboost|p2a: Kartana|atk|1
|move|p2a: Kartana|Swords Dance|p2a: Kartana
|-boost|p2a: Kartana|atk|2
|
|upkeep
|turn|3
|
|t:|1626594707
|move|p2a: Kartana|Leaf Blade|p1a: Landorus
|-crit|p1a: Landorus
|-damage|p1a: Landorus|0 fnt
|faint|p1a: Landorus
|-ability|p2a: Kartana|Beast Boost|boost
|-boost|p2a: Kartana|atk|1
|
|upkeep
|
|t:|1626594714
|switch|p1a: Dragapult|Dragapult, M|100/100
|turn|4
|
|t:|1626594725
|move|p1a: Dragapult|Fire Blast|p2a: Kartana
|-supereffective|p2a: Kartana
|-crit|p2a: Kartana
|-enditem|p2a: Kartana|Focus Sash
|-damage|p2a: Kartana|1/100
|-damage|p1a: Dragapult|91/100|[from] item: Life Orb
|move|p2a: Kartana|Knock Off|p1a: Dragapult
|-supereffective|p1a: Dragapult
|-damage|p1a: Dragapult|0 fnt
|-enditem|p1a: Dragapult|Life Orb|[from] move: Knock Off|[of] p2a: Kartana
|faint|p1a: Dragapult
|-ability|p2a: Kartana|Beast Boost|boost
|-boost|p2a: Kartana|atk|1
|
|upkeep
|
|t:|1626594734
|switch|p1a: Weavile|Weavile, F|100/100
|-ability|p1a: Weavile|Pressure
|turn|5
|
|t:|1626594741
|switch|p2a: Tapu Fini|Tapu Fini|100/100
|-fieldstart|move: Misty Terrain|[from] ability: Misty Surge|[of] p2a: Tapu Fini
|move|p1a: Weavile|Knock Off|p2a: Tapu Fini
|-resisted|p2a: Tapu Fini
|-damage|p2a: Tapu Fini|84/100
|-enditem|p2a: Tapu Fini|Leftovers|[from] move: Knock Off|[of] p1a: Weavile
|
|upkeep
|turn|6
|
|t:|1626594753
|switch|p1a: Melmetal|Melmetal|100/100
|move|p2a: Tapu Fini|Calm Mind|p2a: Tapu Fini
|-boost|p2a: Tapu Fini|spa|1
|-boost|p2a: Tapu Fini|spd|1
|
|upkeep
|turn|7
|j| a loser online
|c| a loser online|what is stronger rain or sun
|
|t:|1626594763
|move|p2a: Tapu Fini|Scald|p1a: Melmetal
|-damage|p1a: Melmetal|79/100
|move|p1a: Melmetal|Double Iron Bash|p2a: Tapu Fini
|-damage|p2a: Tapu Fini|52/100
|-damage|p2a: Tapu Fini|24/100
|-hitcount|p2a: Tapu Fini|2
|
|upkeep
|turn|8
|
|t:|1626594772
|move|p2a: Tapu Fini|Scald|p1a: Melmetal
|-damage|p1a: Melmetal|54/100
|move|p1a: Melmetal|Double Iron Bash|p2a: Tapu Fini
|-damage|p2a: Tapu Fini|0 fnt
|faint|p2a: Tapu Fini
|-hitcount|p2: Tapu Fini|1
|
|upkeep
|
|t:|1626594780
|switch|p2a: Blacephalon|Blacephalon|100/100
|turn|9
|
|t:|1626594795
|switch|p1a: Tapu Fini|Tapu Fini|100/100
|move|p2a: Blacephalon|Flamethrower|p1a: Tapu Fini
|-resisted|p1a: Tapu Fini
|-damage|p1a: Tapu Fini|70/100
|
|-heal|p1a: Tapu Fini|76/100|[from] item: Leftovers
|-fieldend|Misty Terrain
|upkeep
|turn|10
|
|t:|1626594805
|switch|p2a: Rillaboom|Rillaboom, F|100/100
|-fieldstart|move: Grassy Terrain|[from] ability: Grassy Surge|[of] p2a: Rillaboom
|-enditem|p2a: Rillaboom|Grassy Seed
|-boost|p2a: Rillaboom|def|1|[from] item: Grassy Seed
|switch|p1a: Blacephalon|Blacephalon|100/100
|
|upkeep
|turn|11
|j| Salmonelephant
|
|t:|1626594831
|switch|p2a: Garchomp|Garchomp, F|100/100
|move|p1a: Blacephalon|Flamethrower|p2a: Garchomp
|-resisted|p2a: Garchomp
|-damage|p2a: Garchomp|59/100
|
|-heal|p2a: Garchomp|65/100|[from] Grassy Terrain
|upkeep
|turn|12
|j| pokemonkorea co kr
|inactive|LT83AQ YAKO has 120 seconds left.
|
|t:|1626594850
|switch|p1a: Tapu Fini|Tapu Fini|76/100
|-fieldstart|move: Misty Terrain|[from] ability: Misty Surge|[of] p1a: Tapu Fini
|move|p2a: Garchomp|Swords Dance|p2a: Garchomp
|-boost|p2a: Garchomp|atk|2
|
|-heal|p1a: Tapu Fini|82/100|[from] item: Leftovers
|upkeep
|turn|13
|
|t:|1626594859
|move|p2a: Garchomp|Earthquake|p1a: Tapu Fini
|-damage|p1a: Tapu Fini|16/100
|move|p1a: Tapu Fini|Moonblast|p2a: Garchomp
|-supereffective|p2a: Garchomp
|-damage|p2a: Garchomp|1/100
|
|-heal|p1a: Tapu Fini|22/100|[from] item: Leftovers
|upkeep
|turn|14
|
|t:|1626594871
|move|p2a: Garchomp|Earthquake|p1a: Tapu Fini
|-damage|p1a: Tapu Fini|0 fnt
|faint|p1a: Tapu Fini
|
|upkeep
|
|t:|1626594878
|switch|p1a: Blacephalon|Blacephalon|100/100
|turn|15
|
|t:|1626594886
|move|p1a: Blacephalon|Shadow Ball|p2a: Garchomp
|-damage|p2a: Garchomp|0 fnt
|faint|p2a: Garchomp
|-ability|p1a: Blacephalon|Beast Boost|boost
|-boost|p1a: Blacephalon|spa|1
|
|upkeep
|
|t:|1626594892
|switch|p2a: Kartana|Kartana|1/100
|turn|16
|c|☆mickey m|specs
|inactive|LT83AQ YAKO has 120 seconds left.
|
|t:|1626594918
|switch|p1a: Weavile|Weavile, F|100/100
|-ability|p1a: Weavile|Pressure
|move|p2a: Kartana|Sacred Sword|p1a: Weavile
|-supereffective|p1a: Weavile
|-damage|p1a: Weavile|0 fnt
|faint|p1a: Weavile
|-ability|p2a: Kartana|Beast Boost|boost
|-boost|p2a: Kartana|atk|1
|
|-fieldend|Misty Terrain
|upkeep
|inactive|LT83AQ YAKO has 120 seconds left.
|
|t:|1626594927
|switch|p1a: Blacephalon|Blacephalon|100/100
|turn|17
|
|t:|1626594934
|switch|p2a: Rillaboom|Rillaboom, F|100/100
|-fieldstart|move: Grassy Terrain|[from] ability: Grassy Surge|[of] p2a: Rillaboom
|move|p1a: Blacephalon|Shadow Ball|p2a: Rillaboom
|-crit|p2a: Rillaboom
|-damage|p2a: Rillaboom|0 fnt
|faint|p2a: Rillaboom
|-ability|p1a: Blacephalon|Beast Boost|boost
|-boost|p1a: Blacephalon|spa|1
|
|upkeep
|
|t:|1626594943
|switch|p2a: Kartana|Kartana|1/100
|turn|18
|
|t:|1626594950
|move|p2a: Kartana|Knock Off|p1a: Blacephalon
|-supereffective|p1a: Blacephalon
|-damage|p1a: Blacephalon|0 fnt
|-enditem|p1a: Blacephalon|Choice Specs|[from] move: Knock Off|[of] p2a: Kartana
|faint|p1a: Blacephalon
|-ability|p2a: Kartana|Beast Boost|boost
|-boost|p2a: Kartana|atk|1
|
|-heal|p2a: Kartana|7/100|[from] Grassy Terrain
|upkeep
|
|t:|1626594953
|switch|p1a: Melmetal|Melmetal|54/100
|turn|19
|
|t:|1626594960
|move|p2a: Kartana|Knock Off|p1a: Melmetal
|-damage|p1a: Melmetal|16/100
|-enditem|p1a: Melmetal|Assault Vest|[from] move: Knock Off|[of] p2a: Kartana
|move|p1a: Melmetal|Earthquake|p2a: Kartana
|-damage|p2a: Kartana|0 fnt
|faint|p2a: Kartana
|
|-heal|p1a: Melmetal|22/100|[from] Grassy Terrain
|upkeep
|c|☆LT83AQ YAKO|the crit
|c|☆LT83AQ YAKO|fuck me
|c|☆LT83AQ YAKO|of leaf blade
|c|☆LT83AQ YAKO|wp
|l| Salmonelephant
|c|☆mickey m|showdown is unfair
|
|t:|1626594990
|switch|p2a: Blacephalon|Blacephalon|100/100
|turn|20
|c|☆LT83AQ YAKO|no you play well
|c|☆LT83AQ YAKO|and you read the 50
|
|t:|1626594999
|move|p2a: Blacephalon|Flamethrower|p1a: Melmetal
|-supereffective|p1a: Melmetal
|-damage|p1a: Melmetal|0 fnt
|faint|p1a: Melmetal
|
|win|mickey m
|raw|LT83AQ YAKO's rating: 1661 &rarr; <strong>1640</strong><br />(-21 for losing)
|raw|mickey m's rating: 1651 &rarr; <strong>1672</strong><br />(+21 for winning)
|c|☆mickey m|gg bro
|l| a loser online
|c|☆mickey m|what is lt
|c|☆mickey m|LT?
|l|☆mickey m
