|j|☆someidiot19
|j|☆minimax_ai
|t:|1665425206
|gametype|singles
|player|p1|someidiot19|teacher-gen2|1563
|player|p2|minimax_ai|lusamine-nihilego|1583
|teamsize|p1|6
|teamsize|p2|6
|gen|8
|tier|[Gen 8] OU
|rated|
|rule|Sleep Clause Mod: Limit one foe put to sleep
|rule|Species Clause: Limit one of each Pokémon
|rule|OHKO Clause: OHKO moves are banned
|rule|Evasion Items Clause: Evasion items are banned
|rule|Evasion Moves Clause: Evasion moves are banned
|rule|Endless Battle Clause: Forcing endless battles is banned
|rule|HP Percentage Mod: HP is shown in percentages
|rule|Dynamax Clause: You cannot dynamax
|clearpoke
|poke|p1|Xatu, M|
|poke|p1|Mew|
|poke|p1|Tapu Fini|
|poke|p1|Registeel|
|poke|p1|Sigilyph, F|
|poke|p1|Tapu Koko|
|poke|p2|Rotom-Wash|
|poke|p2|Weavile, M|
|poke|p2|Landorus-Therian, M|
|poke|p2|Heatran, M|
|poke|p2|Tangrowth, F|
|poke|p2|Melmetal|
|teampreview
|inactive|Battle timer is ON: inactive players will automatically lose when time's up. (requested by someidiot19)
|c|☆minimax_ai|hf
|inactive|minimax_ai also wants the timer to be on.
|
|t:|1665425212
|start
|switch|p1a: Tapu Koko|Tapu Koko|100/100
|switch|p2a: landorustherian|Landorus-Therian, M|100/100
|-fieldstart|move: Electric Terrain|[from] ability: Electric Surge|[of] p1a: Tapu Koko
|-ability|p2a: landorustherian|Intimidate|boost
|-unboost|p1a: Tapu Koko|atk|1
|turn|1
|c|☆someidiot19|u2
|
|t:|1665425216
|move|p1a: Tapu Koko|Reflect|p1a: Tapu Koko
|-sidestart|p1: someidiot19|Reflect
|move|p2a: landorustherian|Earthquake|p1a: Tapu Koko
|-supereffective|p1a: Tapu Koko
|-damage|p1a: Tapu Koko|49/100
|
|upkeep
|turn|2
|
|t:|1665425221
|move|p1a: Tapu Koko|Light Screen|p1a: Tapu Koko
|-sidestart|p1: someidiot19|move: Light Screen
|move|p2a: landorustherian|Earthquake|p1a: Tapu Koko
|-supereffective|p1a: Tapu Koko
|-damage|p1a: Tapu Koko|0 fnt
|faint|p1a: Tapu Koko
|
|upkeep
|
|t:|1665425232
|switch|p1a: Tapu Fini|Tapu Fini|100/100
|-fieldstart|move: Misty Terrain|[from] ability: Misty Surge|[of] p1a: Tapu Fini
|turn|3
|
|t:|1665425235
|move|p1a: Tapu Fini|Calm Mind|p1a: Tapu Fini
|-boost|p1a: Tapu Fini|spa|1
|-boost|p1a: Tapu Fini|spd|1
|move|p2a: landorustherian|Defog|p1a: Tapu Fini
|-unboost|p1a: Tapu Fini|evasion|1
|-sideend|p1: someidiot19|Reflect
|-sideend|p1: someidiot19|move: Light Screen
|-fieldend|Misty Terrain
|
|upkeep
|turn|4
|
|t:|1665425237
|switch|p2a: rotomwash|Rotom-Wash|100/100
|move|p1a: Tapu Fini|Iron Defense|p1a: Tapu Fini
|-boost|p1a: Tapu Fini|def|2
|
|upkeep
|turn|5
|
|t:|1665425240
|move|p1a: Tapu Fini|Calm Mind|p1a: Tapu Fini
|-boost|p1a: Tapu Fini|spa|1
|-boost|p1a: Tapu Fini|spd|1
|move|p2a: rotomwash|Nasty Plot|p2a: rotomwash
|-boost|p2a: rotomwash|spa|2
|
|upkeep
|turn|6
|
|t:|1665425243
|move|p1a: Tapu Fini|Stored Power|p2a: rotomwash
|-damage|p2a: rotomwash|36/100
|move|p2a: rotomwash|Thunderbolt|p1a: Tapu Fini
|-supereffective|p1a: Tapu Fini
|-damage|p1a: Tapu Fini|46/100
|-enditem|p1a: Tapu Fini|Weakness Policy
|-boost|p1a: Tapu Fini|atk|2|[from] item: Weakness Policy
|-boost|p1a: Tapu Fini|spa|2|[from] item: Weakness Policy
|
|-heal|p2a: rotomwash|42/100|[from] item: Leftovers
|upkeep
|turn|7
|
|t:|1665425247
|move|p1a: Tapu Fini|Draining Kiss|p2a: rotomwash
|-damage|p2a: rotomwash|0 fnt
|-heal|p1a: Tapu Fini|73/100|[from] drain|[of] p2a: rotomwash
|faint|p2a: rotomwash
|
|upkeep
|
|t:|1665425247
|switch|p2a: Melmetal|Melmetal|100/100
|turn|8
|
|t:|1665425252
|move|p1a: Tapu Fini|Iron Defense|p1a: Tapu Fini
|-boost|p1a: Tapu Fini|def|2
|move|p2a: Melmetal|Double Iron Bash|p1a: Tapu Fini
|-damage|p1a: Tapu Fini|60/100
|-damage|p1a: Tapu Fini|48/100
|-hitcount|p1a: Tapu Fini|2
|
|upkeep
|turn|9
|
|t:|1665425254
|move|p1a: Tapu Fini|Draining Kiss|p2a: Melmetal
|-resisted|p2a: Melmetal
|-damage|p2a: Melmetal|88/100
|-heal|p1a: Tapu Fini|60/100|[from] drain|[of] p2a: Melmetal
|move|p2a: Melmetal|Double Iron Bash|p1a: Tapu Fini
|-damage|p1a: Tapu Fini|48/100
|-damage|p1a: Tapu Fini|37/100
|-hitcount|p1a: Tapu Fini|2
|
|upkeep
|turn|10
|
|t:|1665425257
|move|p1a: Tapu Fini|Stored Power|p2a: Melmetal
|-resisted|p2a: Melmetal
|-damage|p2a: Melmetal|43/100
|move|p2a: Melmetal|Thunder Punch|p1a: Tapu Fini
|-supereffective|p1a: Tapu Fini
|-damage|p1a: Tapu Fini|16/100
|
|upkeep
|turn|11
|
|t:|1665425259
|move|p1a: Tapu Fini|Stored Power|p2a: Melmetal
|-resisted|p2a: Melmetal
|-damage|p2a: Melmetal|0 fnt
|faint|p2a: Melmetal
|
|upkeep
|
|t:|1665425259
|switch|p2a: Heatran|Heatran, M|100/100
|-item|p2a: Heatran|Air Balloon
|turn|12
|j| Ashfak
|
|t:|1665425263
|move|p1a: Tapu Fini|Stored Power|p2a: Heatran
|-resisted|p2a: Heatran
|-damage|p2a: Heatran|21/100
|-enditem|p2a: Heatran|Air Balloon
|move|p2a: Heatran|Eruption|p1a: Tapu Fini
|-resisted|p1a: Tapu Fini
|-damage|p1a: Tapu Fini|13/100
|
|upkeep
|turn|13
|
|t:|1665425267
|move|p1a: Tapu Fini|Stored Power|p2a: Heatran
|-resisted|p2a: Heatran
|-damage|p2a: Heatran|0 fnt
|faint|p2a: Heatran
|
|upkeep
|
|t:|1665425267
|switch|p2a: landorustherian|Landorus-Therian, M|100/100
|-ability|p2a: landorustherian|Intimidate|boost
|-unboost|p1a: Tapu Fini|atk|1
|turn|14
|
|t:|1665425269
|move|p1a: Tapu Fini|Draining Kiss|p2a: landorustherian
|-damage|p2a: landorustherian|66/100
|-heal|p1a: Tapu Fini|42/100|[from] drain|[of] p2a: landorustherian
|move|p2a: landorustherian|Toxic|p1a: Tapu Fini
|-status|p1a: Tapu Fini|tox
|
|-heal|p2a: landorustherian|72/100|[from] item: Leftovers
|-damage|p1a: Tapu Fini|36/100 tox|[from] psn
|upkeep
|turn|15
|
|t:|1665425273
|move|p1a: Tapu Fini|Stored Power|p2a: landorustherian
|-damage|p2a: landorustherian|0 fnt
|faint|p2a: landorustherian
|
|-damage|p1a: Tapu Fini|23/100 tox|[from] psn
|upkeep
|
|t:|1665425273
|switch|p2a: Weavile|Weavile, M|100/100
|-ability|p2a: Weavile|Pressure
|turn|16
|
|t:|1665425276
|switch|p2a: Tangrowth|Tangrowth, F|100/100
|move|p1a: Tapu Fini|Draining Kiss|p2a: Tangrowth
|-damage|p2a: Tangrowth|30/100
|-heal|p1a: Tapu Fini|86/100 tox|[from] drain|[of] p2a: Tangrowth
|-damage|p1a: Tapu Fini|69/100 tox|[from] item: Rocky Helmet|[of] p2a: Tangrowth
|
|-damage|p1a: Tapu Fini|51/100 tox|[from] psn
|upkeep
|turn|17
|
|t:|1665425278
|move|p1a: Tapu Fini|Draining Kiss|p2a: Tangrowth
|-damage|p2a: Tangrowth|0 fnt
|-heal|p1a: Tapu Fini|77/100 tox|[from] drain|[of] p2a: Tangrowth
|-damage|p1a: Tapu Fini|60/100 tox|[from] item: Rocky Helmet|[of] p2a: Tangrowth
|faint|p2a: Tangrowth
|
|-damage|p1a: Tapu Fini|36/100 tox|[from] psn
|upkeep
|
|t:|1665425278
|switch|p2a: Weavile|Weavile, M|100/100
|-ability|p2a: Weavile|Pressure
|turn|18
|j| Ran Kob
|
|t:|1665425280
|move|p2a: Weavile|Triple Axel|p1a: Tapu Fini
|-resisted|p1a: Tapu Fini
|-damage|p1a: Tapu Fini|34/100 tox
|-resisted|p1a: Tapu Fini
|-damage|p1a: Tapu Fini|29/100 tox
|-resisted|p1a: Tapu Fini
|-damage|p1a: Tapu Fini|21/100 tox
|-hitcount|p1a: Tapu Fini|3
|move|p1a: Tapu Fini|Draining Kiss|p2a: Weavile
|-supereffective|p2a: Weavile
|-damage|p2a: Weavile|0 fnt
|-heal|p1a: Tapu Fini|83/100 tox|[from] drain|[of] p2a: Weavile
|faint|p2a: Weavile
|
|win|someidiot19
|raw|someidiot19's rating: 1563 &rarr; <strong>1584</strong><br />(+21 for winning)
|raw|minimax_ai's rating: 1583 &rarr; <strong>1562</strong><br />(-21 for losing)
|c|☆minimax_ai|gg
|c|☆someidiot19|gg
|l|☆minimax_ai
