|j|☆ferromolybdenum
|j|☆d3ceased
|player|p1|ferromolybdenum|lucas|1561
|player|p2|d3ceased|dahlia|1581
|teamsize|p1|6
|teamsize|p2|6
|gametype|singles
|gen|8
|tier|[Gen 8] OU
|rated|
|html|<div class="broadcast-red"><strong>OU is currently suspecting Melmetal! For information on how to participate check out the <a href="https://www.smogon.com/forums/threads/3662190/">suspect thread</a>.</strong></div>
|clearpoke
|poke|p1|Melmetal|
|poke|p1|Dragapult, M|
|poke|p1|Clefable, F|
|poke|p1|Kyurem|
|poke|p1|Seismitoad, F|
|poke|p1|Corviknight, M|
|poke|p2|Necrozma|
|poke|p2|Cobalion|
|poke|p2|Mandibuzz, F|
|poke|p2|Seismitoad, F|
|poke|p2|Dragapult, M|
|poke|p2|Clefable, F|
|rule|Sleep Clause Mod: Limit one foe put to sleep
|rule|Species Clause: Limit one of each Pokémon
|rule|OHKO Clause: OHKO moves are banned
|rule|Evasion Moves Clause: Evasion moves are banned
|rule|Endless Battle Clause: Forcing endless battles is banned
|rule|HP Percentage Mod: HP is shown in percentages
|rule|Dynamax Clause: You cannot dynamax
|teampreview
|
|start
|switch|p1a: Melmetal|Melmetal|100/100
|switch|p2a: Necrozma|Necrozma|100/100
|turn|1
|
|move|p2a: Necrozma|Reflect|p2a: Necrozma
|-sidestart|p2: d3ceased|Reflect
|move|p1a: Melmetal|Double Iron Bash|p2a: Necrozma
|-damage|p2a: Necrozma|74/100
|-damage|p2a: Necrozma|46/100
|-hitcount|p2a: Necrozma|2
|
|upkeep
|turn|2
|
|move|p2a: Necrozma|Light Screen|p2a: Necrozma
|-sidestart|p2: d3ceased|move: Light Screen
|move|p1a: Melmetal|Double Iron Bash|p2a: Necrozma
|-damage|p2a: Necrozma|18/100
|-damage|p2a: Necrozma|0 fnt
|-hitcount|p2a: Necrozma|2
|faint|p2a: Necrozma
|
|upkeep
|
|switch|p2a: Cobalion|Cobalion|100/100
|turn|3
|
|switch|p1a: Corviknight|Corviknight, M|100/100
|-ability|p1a: Corviknight|Pressure
|move|p2a: Cobalion|Swords Dance|p2a: Cobalion
|-boost|p2a: Cobalion|atk|2
|
|upkeep
|turn|4
|
|move|p2a: Cobalion|Rock Polish|p2a: Cobalion
|-boost|p2a: Cobalion|spe|2
|move|p1a: Corviknight|Defog|p2a: Cobalion
|-unboost|p2a: Cobalion|evasion|1
|-sideend|p2: d3ceased|Reflect
|-sideend|p2: d3ceased|move: Light Screen
|
|upkeep
|turn|5
|
|move|p2a: Cobalion|Swords Dance|p2a: Cobalion
|-boost|p2a: Cobalion|atk|2
|move|p1a: Corviknight|Body Press|p2a: Cobalion
|-supereffective|p2a: Cobalion
|-damage|p2a: Cobalion|60/100
|-enditem|p2a: Cobalion|Weakness Policy
|-boost|p2a: Cobalion|atk|2|[from] item: Weakness Policy
|-boost|p2a: Cobalion|spa|2|[from] item: Weakness Policy
|
|upkeep
|turn|6
|
|move|p2a: Cobalion|Close Combat|p1a: Corviknight
|-damage|p1a: Corviknight|0 fnt
|-unboost|p2a: Cobalion|def|1
|-unboost|p2a: Cobalion|spd|1
|faint|p1a: Corviknight
|
|upkeep
|
|switch|p1a: Seismitoad|Seismitoad, F|100/100
|turn|7
|
|move|p2a: Cobalion|Close Combat|p1a: Seismitoad
|-damage|p1a: Seismitoad|0 fnt
|-unboost|p2a: Cobalion|def|1
|-unboost|p2a: Cobalion|spd|1
|faint|p1a: Seismitoad
|
|upkeep
|
|switch|p1a: Clefable|Clefable, F|100/100
|turn|8
|
|move|p2a: Cobalion|Iron Head|p1a: Clefable
|-supereffective|p1a: Clefable
|-damage|p1a: Clefable|0 fnt
|faint|p1a: Clefable
|
|upkeep
|
|switch|p1a: Dragapult|Dragapult, M|100/100
|turn|9
|
|move|p2a: Cobalion|Iron Head|p1a: Dragapult
|-damage|p1a: Dragapult|0 fnt
|faint|p1a: Dragapult
|
|upkeep
|-message|ferromolybdenum forfeited.
|
|win|d3ceased
|l|☆ferromolybdenum
|raw|ferromolybdenum's rating: 1561 &rarr; <strong>1542</strong><br />(-19 for losing)
|raw|d3ceased's rating: 1581 &rarr; <strong>1600</strong><br />(+19 for winning)
