|j|☆dddjfdw
|j|☆minimax_ai
|t:|1667463445
|gametype|singles
|player|p1|dddjfdw|101|1646
|player|p2|minimax_ai|lusamine-nihilego|1706
|teamsize|p1|6
|teamsize|p2|6
|gen|8
|tier|[Gen 8] OU
|rated|
|rule|Sleep Clause Mod: Limit one foe put to sleep
|rule|Species Clause: Limit one of each Pokémon
|rule|OHKO Clause: OHKO moves are banned
|rule|Evasion Items Clause: Evasion items are banned
|rule|Evasion Moves Clause: Evasion moves are banned
|rule|Endless Battle Clause: Forcing endless battles is banned
|rule|HP Percentage Mod: HP is shown in percentages
|rule|Dynamax Clause: You cannot dynamax
|clearpoke
|poke|p1|Porygon-Z|
|poke|p1|Pelipper, F|
|poke|p1|Barraskewda, F|
|poke|p1|Tapu Lele|
|poke|p1|Thundurus-Therian, M|
|poke|p1|Swampert, M|
|poke|p2|Rotom-Wash|
|poke|p2|Weavile, M|
|poke|p2|Landorus-Therian, M|
|poke|p2|Heatran, M|
|poke|p2|Tangrowth, M|
|poke|p2|Melmetal|
|teampreview
|inactive|Battle timer is ON: inactive players will automatically lose when time's up. (requested by dddjfdw)
|c|☆minimax_ai|hf
|inactive|minimax_ai also wants the timer to be on.
|
|t:|1667463451
|start
|switch|p1a: Swampert|Swampert, M|100/100
|switch|p2a: landorustherian|Landorus-Therian, M|100/100
|-ability|p2a: landorustherian|Intimidate|boost
|-unboost|p1a: Swampert|atk|1
|turn|1
|
|t:|1667463455
|move|p2a: landorustherian|Earthquake|p1a: Swampert
|-damage|p1a: Swampert|55/100
|move|p1a: Swampert|Stealth Rock|p2a: landorustherian
|-sidestart|p2: minimax_ai|move: Stealth Rock
|
|-heal|p1a: Swampert|61/100|[from] item: Leftovers
|upkeep
|turn|2
|
|t:|1667463459
|move|p2a: landorustherian|Defog|p1a: Swampert
|-unboost|p1a: Swampert|evasion|1
|-sideend|p2: minimax_ai|Stealth Rock|[from] move: Defog|[of] p2a: landorustherian
|move|p1a: Swampert|Toxic|p2a: landorustherian
|-status|p2a: landorustherian|tox
|
|-heal|p1a: Swampert|67/100|[from] item: Leftovers
|-damage|p2a: landorustherian|94/100 tox|[from] psn
|upkeep
|turn|3
|
|t:|1667463466
|move|p2a: landorustherian|Earthquake|p1a: Swampert
|-damage|p1a: Swampert|25/100
|move|p1a: Swampert|Stealth Rock|p2a: landorustherian
|-sidestart|p2: minimax_ai|move: Stealth Rock
|
|-heal|p2a: landorustherian|100/100 tox|[from] item: Leftovers
|-heal|p1a: Swampert|31/100|[from] item: Leftovers
|-damage|p2a: landorustherian|88/100 tox|[from] psn
|upkeep
|turn|4
|
|t:|1667463472
|switch|p2a: Melmetal|Melmetal|100/100
|-damage|p2a: Melmetal|94/100|[from] Stealth Rock
|move|p1a: Swampert|Flip Turn|p2a: Melmetal
|-damage|p2a: Melmetal|81/100
|j| Bunrphenix
|
|t:|1667463486
|switch|p1a: Thundurus|Thundurus-Therian, M|100/100|[from]move: Flip Turn
|
|upkeep
|turn|5
|
|t:|1667463488
|move|p1a: Thundurus|Volt Switch|p2a: Melmetal
|-damage|p2a: Melmetal|61/100
|
|t:|1667463503
|switch|p1a: Pelipper|Pelipper, F|100/100|[from]move: Volt Switch
|-weather|RainDance|[from] ability: Drizzle|[of] p1a: Pelipper
|move|p2a: Melmetal|Ice Punch|p1a: Pelipper
|-damage|p1a: Pelipper|65/100
|
|-weather|RainDance|[upkeep]
|upkeep
|turn|6
|
|t:|1667463516
|move|p1a: Pelipper|Scald|p2a: Melmetal
|-damage|p2a: Melmetal|40/100
|move|p2a: Melmetal|Thunder Punch|p1a: Pelipper
|-supereffective|p1a: Pelipper
|-damage|p1a: Pelipper|0 fnt
|faint|p1a: Pelipper
|
|-weather|RainDance|[upkeep]
|upkeep
|
|t:|1667463534
|switch|p1a: Thundurus|Thundurus-Therian, M|100/100
|turn|7
|
|t:|1667463536
|move|p1a: Thundurus|Focus Blast|p2a: Melmetal|[miss]
|-miss|p1a: Thundurus|p2a: Melmetal
|move|p2a: Melmetal|Ice Punch|p1a: Thundurus
|-supereffective|p1a: Thundurus
|-damage|p1a: Thundurus|3/100
|
|-weather|RainDance|[upkeep]
|upkeep
|turn|8
|
|t:|1667463541
|move|p1a: Thundurus|Focus Blast|p2a: Melmetal
|-supereffective|p2a: Melmetal
|-damage|p2a: Melmetal|0 fnt
|faint|p2a: Melmetal
|
|-weather|RainDance|[upkeep]
|upkeep
|
|t:|1667463542
|switch|p2a: Weavile|Weavile, M|100/100
|-damage|p2a: Weavile|76/100|[from] Stealth Rock
|-ability|p2a: Weavile|Pressure
|turn|9
|
|t:|1667463551
|switch|p1a: Swampert|Swampert, M|31/100
|move|p2a: Weavile|Knock Off|p1a: Swampert
|-damage|p1a: Swampert|0 fnt
|-enditem|p1a: Swampert|Leftovers|[from] move: Knock Off|[of] p2a: Weavile
|faint|p1a: Swampert
|
|-weather|RainDance|[upkeep]
|upkeep
|
|t:|1667463557
|switch|p1a: Barraskewda|Barraskewda, F|100/100
|turn|10
|
|t:|1667463558
|switch|p2a: Tangrowth|Tangrowth, M|100/100
|-damage|p2a: Tangrowth|88/100|[from] Stealth Rock
|move|p1a: Barraskewda|Flip Turn|p2a: Tangrowth
|-resisted|p2a: Tangrowth
|-damage|p2a: Tangrowth|69/100
|-damage|p1a: Barraskewda|84/100|[from] item: Rocky Helmet|[of] p2a: Tangrowth
|
|t:|1667463562
|switch|p1a: Porygon-Z|Porygon-Z|100/100|[from]move: Flip Turn
|-ability|p1a: Porygon-Z|Download|boost
|-boost|p1a: Porygon-Z|spa|1
|
|-weather|RainDance|[upkeep]
|upkeep
|turn|11
|
|t:|1667463568
|switch|p2a: landorustherian|Landorus-Therian, M|88/100 tox
|-damage|p2a: landorustherian|76/100 tox|[from] Stealth Rock
|-ability|p2a: landorustherian|Intimidate|boost
|-unboost|p1a: Porygon-Z|atk|1
|move|p1a: Porygon-Z|Tri Attack|p2a: landorustherian
|-damage|p2a: landorustherian|0 fnt
|faint|p2a: landorustherian
|
|-weather|RainDance|[upkeep]
|upkeep
|
|t:|1667463569
|switch|p2a: Weavile|Weavile, M|76/100
|-damage|p2a: Weavile|51/100|[from] Stealth Rock
|-ability|p2a: Weavile|Pressure
|turn|12
|
|t:|1667463582
|move|p2a: Weavile|Knock Off|p1a: Porygon-Z
|-damage|p1a: Porygon-Z|0 fnt
|-enditem|p1a: Porygon-Z|Choice Specs|[from] move: Knock Off|[of] p2a: Weavile
|faint|p1a: Porygon-Z
|
|-weather|none
|upkeep
|
|t:|1667463586
|switch|p1a: Tapu Lele|Tapu Lele|100/100
|-fieldstart|move: Psychic Terrain|[from] ability: Psychic Surge|[of] p1a: Tapu Lele
|turn|13
|
|t:|1667463590
|move|p1a: Tapu Lele|Focus Blast|p2a: Weavile
|-supereffective|p2a: Weavile
|-damage|p2a: Weavile|0 fnt
|faint|p2a: Weavile
|
|upkeep
|
|t:|1667463590
|switch|p2a: rotomwash|Rotom-Wash|100/100
|-damage|p2a: rotomwash|88/100|[from] Stealth Rock
|turn|14
|
|t:|1667463599
|switch|p1a: Thundurus|Thundurus-Therian, M|3/100
|move|p2a: rotomwash|Thunderbolt|p1a: Thundurus
|-heal|p1a: Thundurus|28/100|[from] ability: Volt Absorb|[of] p2a: rotomwash
|
|-heal|p2a: rotomwash|94/100|[from] item: Leftovers
|upkeep
|turn|15
|
|t:|1667463611
|move|p1a: Thundurus|Volt Switch|p2a: rotomwash
|-damage|p2a: rotomwash|52/100
|
|t:|1667463616
|switch|p1a: Tapu Lele|Tapu Lele|100/100|[from]move: Volt Switch
|move|p2a: rotomwash|Thunderbolt|p1a: Tapu Lele
|-crit|p1a: Tapu Lele
|-damage|p1a: Tapu Lele|47/100
|
|-heal|p2a: rotomwash|58/100|[from] item: Leftovers
|upkeep
|turn|16
|
|t:|1667463623
|move|p1a: Tapu Lele|Focus Blast|p2a: rotomwash
|-damage|p2a: rotomwash|12/100
|-unboost|p2a: rotomwash|spd|1
|move|p2a: rotomwash|Thunderbolt|p1a: Tapu Lele
|-damage|p1a: Tapu Lele|11/100
|
|-heal|p2a: rotomwash|19/100|[from] item: Leftovers
|upkeep
|turn|17
|j| Ctannn
|
|t:|1667463630
|move|p1a: Tapu Lele|Focus Blast|p2a: rotomwash|[miss]
|-miss|p1a: Tapu Lele|p2a: rotomwash
|move|p2a: rotomwash|Hydro Pump|p1a: Tapu Lele
|-damage|p1a: Tapu Lele|0 fnt
|faint|p1a: Tapu Lele
|
|-heal|p2a: rotomwash|25/100|[from] item: Leftovers
|-fieldend|move: Psychic Terrain
|upkeep
|
|t:|1667463635
|switch|p1a: Thundurus|Thundurus-Therian, M|28/100
|turn|18
|
|t:|1667463638
|move|p1a: Thundurus|Volt Switch|p2a: rotomwash
|-damage|p2a: rotomwash|0 fnt
|faint|p2a: rotomwash
|
|t:|1667463641
|switch|p1a: Barraskewda|Barraskewda, F|84/100|[from]move: Volt Switch
|
|upkeep
|
|t:|1667463641
|switch|p2a: Tangrowth|Tangrowth, M|100/100
|-damage|p2a: Tangrowth|88/100|[from] Stealth Rock
|turn|19
|
|t:|1667463664
|switch|p1a: Thundurus|Thundurus-Therian, M|28/100
|move|p2a: Tangrowth|Knock Off|p1a: Thundurus
|-damage|p1a: Thundurus|0 fnt
|-enditem|p1a: Thundurus|Heavy-Duty Boots|[from] move: Knock Off|[of] p2a: Tangrowth
|faint|p1a: Thundurus
|
|upkeep
|
|t:|1667463669
|switch|p1a: Barraskewda|Barraskewda, F|84/100
|turn|20
|
|t:|1667463670
|move|p1a: Barraskewda|Ice Fang|p2a: Tangrowth
|-supereffective|p2a: Tangrowth
|-damage|p2a: Tangrowth|51/100
|-damage|p1a: Barraskewda|68/100|[from] item: Rocky Helmet|[of] p2a: Tangrowth
|move|p2a: Tangrowth|Giga Drain|p1a: Barraskewda
|-supereffective|p1a: Barraskewda
|-damage|p1a: Barraskewda|0 fnt
|-heal|p2a: Tangrowth|73/100|[from] drain|[of] p1a: Barraskewda
|faint|p1a: Barraskewda
|
|win|minimax_ai
|raw|dddjfdw's rating: 1646 &rarr; <strong>1629</strong><br />(-17 for losing)
|raw|minimax_ai's rating: 1706 &rarr; <strong>1723</strong><br />(+17 for winning)
|c|☆minimax_ai|gg
