|raw|<div class="broadcast-blue"><strong>This battle is required to be public due to a player having a name starting with 'lt91bb'.</div>
|j|☆Banned by week 2
|j|☆LT91BB Chai
|t:|1659498797
|gametype|singles
|player|p1|Banned by week 2|picnicker|1920
|player|p2|LT91BB Chai|hiker-gen4|1993
|teamsize|p1|6
|teamsize|p2|6
|gen|8
|tier|[Gen 8] OU
|rated|
|rule|Sleep Clause Mod: Limit one foe put to sleep
|rule|Species Clause: Limit one of each Pokémon
|rule|OHKO Clause: OHKO moves are banned
|rule|Evasion Moves Clause: Evasion moves are banned
|rule|Endless Battle Clause: Forcing endless battles is banned
|rule|HP Percentage Mod: HP is shown in percentages
|rule|Dynamax Clause: You cannot dynamax
|clearpoke
|poke|p1|Garchomp, F|
|poke|p1|Tyranitar, M|
|poke|p1|Heatran, M|
|poke|p1|Tornadus-Therian, M|
|poke|p1|Tapu Fini|
|poke|p1|Kartana|
|poke|p2|Ferrothorn, M|
|poke|p2|Weavile, M|
|poke|p2|Dragonite, M|
|poke|p2|Tapu Koko|
|poke|p2|Suicune|
|poke|p2|Landorus-Therian, M|
|teampreview
|j| tapu moxo
|inactive|Battle timer is ON: inactive players will automatically lose when time's up. (requested by Banned by week 2)
|j| confusien
|j| lt91bb ez
|j| dmt dreams
|j| be quiet & drive
|l| be quiet & drive
|j| Tamagochi azulado
|j| stan yuna
|inactive|LT91BB Chai has 120 seconds left.
|j| lt91bb star
|j| Mendeez
|j| Gondra
|l| Mendeez
|j|+WSun1 ❤
|j| LT91BB Storm
|j| wish killer
|j| Masaki Suda
|
|t:|1659498888
|start
|switch|p1a: campfire|Heatran, M|100/100
|switch|p2a: Weavile|Weavile, M|100/100
|-ability|p2a: Weavile|Pressure
|-item|p1a: campfire|Air Balloon
|turn|1
|l| wish killer
|
|t:|1659498895
|move|p2a: Weavile|Low Kick|p1a: campfire
|-supereffective|p1a: campfire
|-damage|p1a: campfire|23/100
|-enditem|p1a: campfire|Air Balloon
|move|p1a: campfire|Magma Storm|p2a: Weavile|[miss]
|-miss|p1a: campfire|p2a: Weavile
|
|upkeep
|turn|2
|j| aquavanilla
|j| Guessst Acct
|
|t:|1659498911
|switch|p1a: deep|Tapu Fini|100/100
|-fieldstart|move: Misty Terrain|[from] ability: Misty Surge|[of] p1a: deep
|move|p2a: Weavile|Knock Off|p1a: deep
|-resisted|p1a: deep
|-damage|p1a: deep|79/100
|-enditem|p1a: deep|Leftovers|[from] move: Knock Off|[of] p2a: Weavile
|
|upkeep
|turn|3
|
|t:|1659498917
|move|p2a: Weavile|Knock Off|p1a: deep
|-resisted|p1a: deep
|-damage|p1a: deep|64/100
|move|p1a: deep|Surf|p2a: Weavile
|-damage|p2a: Weavile|57/100
|
|upkeep
|turn|4
|
|t:|1659498928
|switch|p2a: Suicune|Suicune|100/100
|-ability|p2a: Suicune|Pressure
|switch|p1a: campfire|Heatran, M|23/100
|
|upkeep
|turn|5
|
|t:|1659498932
|move|p2a: Suicune|Scald|p1a: campfire
|-supereffective|p1a: campfire
|-damage|p1a: campfire|0 fnt
|faint|p1a: campfire
|
|upkeep
|
|t:|1659498936
|switch|p1a: billy butcher|Garchomp, F|100/100
|turn|6
|j| AlIoutdragadarts
|j| white ceiling
|j| CB Bhris Breezy
|
|t:|1659498941
|switch|p2a: Landorus|Landorus-Therian, M|100/100
|-ability|p2a: Landorus|Intimidate|boost
|-unboost|p1a: billy butcher|atk|1
|move|p1a: billy butcher|Swords Dance|p1a: billy butcher
|-boost|p1a: billy butcher|atk|2
|
|-fieldend|Misty Terrain
|upkeep
|turn|7
|
|t:|1659498944
|move|p1a: billy butcher|Aqua Tail|p2a: Landorus
|-supereffective|p2a: Landorus
|-damage|p2a: Landorus|8/100
|move|p2a: Landorus|U-turn|p1a: billy butcher
|-damage|p1a: billy butcher|78/100
|-damage|p2a: Landorus|0 fnt|[from] ability: Rough Skin|[of] p1a: billy butcher
|faint|p2a: Landorus
|
|-heal|p1a: billy butcher|84/100|[from] item: Leftovers
|upkeep
|
|t:|1659498947
|switch|p2a: Weavile|Weavile, M|57/100
|-ability|p2a: Weavile|Pressure
|turn|8
|
|t:|1659498951
|switch|p1a: deep|Tapu Fini|64/100
|-fieldstart|move: Misty Terrain|[from] ability: Misty Surge|[of] p1a: deep
|move|p2a: Weavile|Knock Off|p1a: deep
|-resisted|p1a: deep
|-damage|p1a: deep|50/100
|
|upkeep
|turn|9
|j| LT91BB Originality
|
|t:|1659498957
|switch|p2a: Tapu Koko|Tapu Koko|100/100
|-fieldstart|move: Electric Terrain|[from] ability: Electric Surge|[of] p2a: Tapu Koko
|switch|p1a: starlight|Tornadus-Therian, M|100/100
|
|upkeep
|turn|10
|
|t:|1659498963
|move|p2a: Tapu Koko|Toxic|p1a: starlight
|-status|p1a: starlight|tox
|move|p1a: starlight|U-turn|p2a: Tapu Koko
|-resisted|p2a: Tapu Koko
|-damage|p2a: Tapu Koko|93/100
|-damage|p1a: starlight|84/100 tox|[from] item: Rocky Helmet|[of] p2a: Tapu Koko
|j| fatass cat
|j| Lunarr
|
|t:|1659498968
|switch|p1a: billy butcher|Garchomp, F|84/100|[from]move: U-turn
|
|-heal|p1a: billy butcher|90/100|[from] item: Leftovers
|upkeep
|turn|11
|
|t:|1659498973
|move|p2a: Tapu Koko|Toxic|p1a: billy butcher
|-status|p1a: billy butcher|tox
|move|p1a: billy butcher|Earthquake|p2a: Tapu Koko
|-supereffective|p2a: Tapu Koko
|-damage|p2a: Tapu Koko|0 fnt
|faint|p2a: Tapu Koko
|
|-heal|p1a: billy butcher|96/100 tox|[from] item: Leftovers
|-damage|p1a: billy butcher|90/100 tox|[from] psn
|upkeep
|
|t:|1659498978
|switch|p2a: Ferrothorn|Ferrothorn, M|100/100
|turn|12
|l| LT91BB Storm
|
|t:|1659498988
|switch|p1a: starlight|Tornadus-Therian, M|100/100 tox
|move|p2a: Ferrothorn|Stealth Rock|p1a: starlight
|-sidestart|p1: Banned by week 2|move: Stealth Rock
|
|-damage|p1a: starlight|94/100 tox|[from] psn
|upkeep
|turn|13
|
|t:|1659498992
|move|p1a: starlight|Heat Wave|p2a: Ferrothorn
|-supereffective|p2a: Ferrothorn
|-damage|p2a: Ferrothorn|25/100
|move|p2a: Ferrothorn|Iron Head|p1a: starlight
|-damage|p1a: starlight|67/100 tox
|
|-heal|p2a: Ferrothorn|32/100|[from] item: Leftovers
|-damage|p1a: starlight|55/100 tox|[from] psn
|-fieldend|move: Electric Terrain
|upkeep
|turn|14
|
|t:|1659499005
|move|p1a: starlight|Heat Wave|p2a: Ferrothorn|[miss]
|-miss|p1a: starlight|p2a: Ferrothorn
|move|p2a: Ferrothorn|Iron Head|p1a: starlight
|-damage|p1a: starlight|28/100 tox
|
|-heal|p2a: Ferrothorn|38/100|[from] item: Leftovers
|-damage|p1a: starlight|10/100 tox|[from] psn
|upkeep
|turn|15
|j| arnavgupta
|l|+WSun1 ❤
|
|t:|1659499026
|move|p1a: starlight|Knock Off|p2a: Ferrothorn
|-damage|p2a: Ferrothorn|24/100
|-damage|p1a: starlight|0 fnt|[from] ability: Iron Barbs|[of] p2a: Ferrothorn
|faint|p1a: starlight
|move|p2a: Ferrothorn|Thunder Wave|p1: starlight|[notarget]
|-fail|p2a: Ferrothorn
|
|-heal|p2a: Ferrothorn|30/100|[from] item: Leftovers
|upkeep
|j| zhanikov
|l| arnavgupta
|l| Gondra
|
|t:|1659499038
|switch|p1a: storm is comming|Tyranitar, M|100/100
|-damage|p1a: storm is comming|88/100|[from] Stealth Rock
|-weather|Sandstorm|[from] ability: Sand Stream|[of] p1a: storm is comming
|turn|16
|
|t:|1659499041
|move|p1a: storm is comming|Crunch|p2a: Ferrothorn
|-damage|p2a: Ferrothorn|0 fnt
|-damage|p1a: storm is comming|76/100|[from] ability: Iron Barbs|[of] p2a: Ferrothorn
|faint|p2a: Ferrothorn
|
|-weather|Sandstorm|[upkeep]
|upkeep
|c| zhanikov|hi blim <3
|
|t:|1659499044
|switch|p2a: Weavile|Weavile, M|57/100
|-ability|p2a: Weavile|Pressure
|turn|17
|j| d18l
|
|t:|1659499051
|switch|p1a: homelander|Kartana|100/100
|-damage|p1a: homelander|94/100|[from] Stealth Rock
|move|p2a: Weavile|Low Kick|p1a: homelander
|-supereffective|p1a: homelander
|-damage|p1a: homelander|78/100
|
|-weather|Sandstorm|[upkeep]
|-damage|p2a: Weavile|51/100|[from] Sandstorm
|upkeep
|turn|18
|
|t:|1659499066
|move|p1a: homelander|Smart Strike|p2a: Weavile
|-supereffective|p2a: Weavile
|-damage|p2a: Weavile|0 fnt
|faint|p2a: Weavile
|-ability|p1a: homelander|Beast Boost|boost
|-boost|p1a: homelander|atk|1
|
|-weather|Sandstorm|[upkeep]
|upkeep
|
|t:|1659499069
|switch|p2a: Suicune|Suicune|100/100
|-ability|p2a: Suicune|Pressure
|turn|19
|
|t:|1659499089
|switch|p1a: storm is comming|Tyranitar, M|76/100
|-damage|p1a: storm is comming|64/100|[from] Stealth Rock
|move|p2a: Suicune|Scald|p1a: storm is comming
|-supereffective|p1a: storm is comming
|-damage|p1a: storm is comming|28/100
|
|-weather|Sandstorm|[upkeep]
|-damage|p2a: Suicune|94/100|[from] Sandstorm
|-heal|p2a: Suicune|100/100|[from] item: Leftovers
|upkeep
|turn|20
|
|t:|1659499097
|move|p2a: Suicune|Scald|p1a: storm is comming
|-supereffective|p1a: storm is comming
|-damage|p1a: storm is comming|0 fnt
|faint|p1a: storm is comming
|
|-weather|none
|upkeep
|inactive|Banned by week 2 has 120 seconds left.
|
|t:|1659499132
|switch|p1a: billy butcher|Garchomp, F|90/100 tox
|-damage|p1a: billy butcher|84/100 tox|[from] Stealth Rock
|turn|21
|j| BatChesting
|
|t:|1659499139
|move|p1a: billy butcher|Swords Dance|p1a: billy butcher
|-boost|p1a: billy butcher|atk|2
|move|p2a: Suicune|Substitute|p2a: Suicune
|-start|p2a: Suicune|Substitute
|-damage|p2a: Suicune|75/100
|
|-heal|p1a: billy butcher|90/100 tox|[from] item: Leftovers
|-heal|p2a: Suicune|82/100|[from] item: Leftovers
|-damage|p1a: billy butcher|84/100 tox|[from] psn
|upkeep
|turn|22
|
|t:|1659499151
|move|p2a: Suicune|Protect|p2a: Suicune
|-singleturn|p2a: Suicune|Protect
|move|p1a: billy butcher|Scale Shot|p2a: Suicune
|-activate|p2a: Suicune|move: Protect
|
|-heal|p1a: billy butcher|90/100 tox|[from] item: Leftovers
|-heal|p2a: Suicune|88/100|[from] item: Leftovers
|-damage|p1a: billy butcher|78/100 tox|[from] psn
|upkeep
|turn|23
|
|t:|1659499162
|move|p1a: billy butcher|Scale Shot|p2a: Suicune
|-activate|p2a: Suicune|move: Substitute|[damage]
|-crit|p2a: Suicune
|-end|p2a: Suicune|Substitute
|-hitcount|p2a: Suicune|2
|-unboost|p1a: billy butcher|def|1
|-boost|p1a: billy butcher|spe|1
|move|p2a: Suicune|Scald|p1a: billy butcher
|-damage|p1a: billy butcher|52/100 tox
|
|-heal|p1a: billy butcher|58/100 tox|[from] item: Leftovers
|-heal|p2a: Suicune|94/100|[from] item: Leftovers
|-damage|p1a: billy butcher|40/100 tox|[from] psn
|upkeep
|turn|24
|inactive|Banned by week 2 has 120 seconds left.
|l| Guessst Acct
|
|t:|1659499206
|move|p2a: Suicune|Protect|p2a: Suicune
|-singleturn|p2a: Suicune|Protect
|move|p1a: billy butcher|Earthquake|p2a: Suicune
|-activate|p2a: Suicune|move: Protect
|
|-heal|p1a: billy butcher|46/100 tox|[from] item: Leftovers
|-heal|p2a: Suicune|99/100|[from] item: Leftovers
|-damage|p1a: billy butcher|22/100 tox|[from] psn
|upkeep
|turn|25
|j| Lt91bb la bomba
|
|t:|1659499225
|move|p1a: billy butcher|Earthquake|p2a: Suicune
|-damage|p2a: Suicune|18/100
|move|p2a: Suicune|Calm Mind|p2a: Suicune
|-boost|p2a: Suicune|spa|1
|-boost|p2a: Suicune|spd|1
|
|-heal|p1a: billy butcher|28/100 tox|[from] item: Leftovers
|-heal|p2a: Suicune|24/100|[from] item: Leftovers
|-damage|p1a: billy butcher|0 fnt|[from] psn
|faint|p1a: billy butcher
|upkeep
|inactive|Banned by week 2 has 90 seconds left.
|
|t:|1659499252
|switch|p1a: homelander|Kartana|78/100
|-damage|p1a: homelander|72/100|[from] Stealth Rock
|turn|26
|
|t:|1659499257
|move|p2a: Suicune|Protect|p2a: Suicune
|-singleturn|p2a: Suicune|Protect
|move|p1a: homelander|Knock Off|p2a: Suicune
|-activate|p2a: Suicune|move: Protect
|
|-heal|p2a: Suicune|30/100|[from] item: Leftovers
|upkeep
|turn|27
|
|t:|1659499260
|move|p1a: homelander|Knock Off|p2a: Suicune
|-damage|p2a: Suicune|0 fnt
|-enditem|p2a: Suicune|Leftovers|[from] move: Knock Off|[of] p1a: homelander
|faint|p2a: Suicune
|-ability|p1a: homelander|Beast Boost|boost
|-boost|p1a: homelander|atk|1
|
|upkeep
|j| Edward Moore
|
|t:|1659499262
|switch|p2a: Dragonite|Dragonite, M|100/100
|turn|28
|j| dfdfdffdfd75
|
|t:|1659499275
|switch|p1a: deep|Tapu Fini|50/100
|-damage|p1a: deep|37/100|[from] Stealth Rock
|-fieldstart|move: Misty Terrain|[from] ability: Misty Surge|[of] p1a: deep
|move|p2a: Dragonite|Roost||[still]
|-fail|p2a: Dragonite|heal
|
|upkeep
|turn|29
|l| dfdfdffdfd75
|
|t:|1659499285
|move|p2a: Dragonite|Dragon Dance|p2a: Dragonite
|-boost|p2a: Dragonite|atk|1
|-boost|p2a: Dragonite|spe|1
|move|p1a: deep|Draining Kiss|p2a: Dragonite
|-supereffective|p2a: Dragonite
|-damage|p2a: Dragonite|81/100
|-heal|p1a: deep|51/100|[from] drain|[of] p2a: Dragonite
|
|upkeep
|turn|30
|
|t:|1659499295
|move|p2a: Dragonite|Dragon Dance|p2a: Dragonite
|-boost|p2a: Dragonite|atk|1
|-boost|p2a: Dragonite|spe|1
|move|p1a: deep|Draining Kiss|p2a: Dragonite
|-supereffective|p2a: Dragonite
|-damage|p2a: Dragonite|46/100
|-heal|p1a: deep|76/100|[from] drain|[of] p2a: Dragonite
|
|upkeep
|turn|31
|
|t:|1659499300
|move|p2a: Dragonite|Roost|p2a: Dragonite
|-heal|p2a: Dragonite|96/100
|-singleturn|p2a: Dragonite|move: Roost
|move|p1a: deep|Draining Kiss|p2a: Dragonite
|-supereffective|p2a: Dragonite
|-damage|p2a: Dragonite|59/100
|-heal|p1a: deep|100/100|[from] drain|[of] p2a: Dragonite
|
|upkeep
|turn|32
|
|t:|1659499313
|move|p2a: Dragonite|Dual Wingbeat|p1a: deep|[miss]
|-miss|p2a: Dragonite|p1a: deep
|move|p1a: deep|Calm Mind|p1a: deep
|-boost|p1a: deep|spa|1
|-boost|p1a: deep|spd|1
|
|-fieldend|Misty Terrain
|upkeep
|turn|33
|
|t:|1659499320
|move|p2a: Dragonite|Roost|p2a: Dragonite
|-heal|p2a: Dragonite|100/100
|-singleturn|p2a: Dragonite|move: Roost
|move|p1a: deep|Draining Kiss|p2a: Dragonite
|-supereffective|p2a: Dragonite
|-damage|p2a: Dragonite|72/100
|
|upkeep
|turn|34
|inactive|LT91BB Chai has 120 seconds left.
|
|t:|1659499353
|move|p2a: Dragonite|Roost|p2a: Dragonite
|-heal|p2a: Dragonite|100/100
|-singleturn|p2a: Dragonite|move: Roost
|move|p1a: deep|Draining Kiss|p2a: Dragonite
|-supereffective|p2a: Dragonite
|-damage|p2a: Dragonite|76/100
|
|upkeep
|turn|35
|
|t:|1659499360
|move|p2a: Dragonite|Dual Wingbeat|p1a: deep
|-damage|p1a: deep|66/100
|-crit|p1a: deep
|-damage|p1a: deep|17/100
|-hitcount|p1a: deep|2
|move|p1a: deep|Draining Kiss|p2a: Dragonite
|-supereffective|p2a: Dragonite
|-damage|p2a: Dragonite|24/100
|-heal|p1a: deep|54/100|[from] drain|[of] p2a: Dragonite
|
|upkeep
|turn|36
|
|t:|1659499373
|move|p2a: Dragonite|Dual Wingbeat|p1a: deep
|-damage|p1a: deep|18/100
|-damage|p1a: deep|0 fnt
|faint|p1a: deep
|-hitcount|p1: deep|2
|
|upkeep
|
|t:|1659499375
|switch|p1a: homelander|Kartana|72/100
|-damage|p1a: homelander|66/100|[from] Stealth Rock
|turn|37
|c|☆Banned by week 2|gg
|j| be quiet & drive
|l| be quiet & drive
|l| Edward Moore
|inactive|LT91BB Chai has 120 seconds left.
|inactive|LT91BB Chai has 90 seconds left.
|
|t:|1659499433
|move|p2a: Dragonite|Earthquake|p1a: homelander
|-crit|p1a: homelander
|-damage|p1a: homelander|0 fnt
|faint|p1a: homelander
|
|win|LT91BB Chai
|raw|Banned by week 2's rating: 1920 &rarr; <strong>1904</strong><br />(-16 for losing)
|raw|LT91BB Chai's rating: 1993 &rarr; <strong>2009</strong><br />(+16 for winning)
|l|☆Banned by week 2
|c|☆LT91BB Chai|gg
|j|+WSun1 ❤
|l|☆LT91BB Chai
|l| d18l
|l| Tamagochi azulado
