|j|☆dmt dreams
|j|☆Billaboom
|inactive|Battle timer is ON: inactive players will automatically lose when time's up.
|t:|1664189851
|gametype|singles
|player|p1|dmt dreams|gambler-gen1|
|player|p2|Billaboom|blaine|
|teamsize|p1|6
|teamsize|p2|6
|gen|8
|tier|[Gen 8] OU
|rated|Tournament battle
|rule|Sleep Clause Mod: Limit one foe put to sleep
|rule|Species Clause: Limit one of each Pokémon
|rule|OHKO Clause: OHKO moves are banned
|rule|Evasion Items Clause: Evasion items are banned
|rule|Evasion Moves Clause: Evasion moves are banned
|rule|Endless Battle Clause: Forcing endless battles is banned
|rule|HP Percentage Mod: HP is shown in percentages
|rule|Dynamax Clause: You cannot dynamax
|clearpoke
|poke|p1|Galvantula, M|
|poke|p1|Kartana|
|poke|p1|Pelipper, M|
|poke|p1|Barraskewda, M|
|poke|p1|Crawdaunt, M|
|poke|p1|Landorus-Therian, M|
|poke|p2|Mew|
|poke|p2|Clefable, M|
|poke|p2|Corviknight, F|
|poke|p2|Toxapex, M|
|poke|p2|Weavile, F|
|poke|p2|Garchomp, M|
|teampreview
|inactive|dmt dreams also wants the timer to be on.
|
|t:|1664189872
|start
|switch|p1a: Pelipper|Pelipper, M|100/100
|switch|p2a: Weavile|Weavile, F, shiny|100/100
|-ability|p2a: Weavile|Pressure
|-weather|RainDance|[from] ability: Drizzle|[of] p1a: Pelipper
|turn|1
|
|t:|1664189882
|switch|p2a: Toxapex|Toxapex, M, shiny|100/100
|move|p1a: Pelipper|U-turn|p2a: Toxapex
|-resisted|p2a: Toxapex
|-damage|p2a: Toxapex|97/100
|
|t:|1664189887
|switch|p1a: Galvantula|Galvantula, M|100/100|[from]move: U-turn
|
|-weather|RainDance|[upkeep]
|upkeep
|turn|2
|
|t:|1664189892
|move|p1a: Galvantula|Thunder|p2a: Toxapex
|-supereffective|p2a: Toxapex
|-damage|p2a: Toxapex|34/100
|-status|p2a: Toxapex|par
|move|p2a: Toxapex|Toxic Spikes|p1a: Galvantula
|-sidestart|p1: dmt dreams|move: Toxic Spikes
|
|-weather|RainDance|[upkeep]
|upkeep
|turn|3
|
|t:|1664189901
|switch|p2a: Garchomp|Garchomp, M, shiny|100/100
|move|p1a: Galvantula|Toxic|p2a: Garchomp
|-status|p2a: Garchomp|tox
|
|-weather|RainDance|[upkeep]
|-damage|p2a: Garchomp|94/100 tox|[from] psn
|upkeep
|turn|4
|
|t:|1664189911
|switch|p1a: Pelipper|Pelipper, M|100/100
|move|p2a: Garchomp|Rock Slide|p1a: Pelipper
|-supereffective|p1a: Pelipper
|-damage|p1a: Pelipper|42/100
|
|-weather|RainDance|[upkeep]
|-damage|p2a: Garchomp|82/100 tox|[from] psn
|upkeep
|turn|5
|
|t:|1664189915
|switch|p2a: Weavile|Weavile, F, shiny|100/100
|-ability|p2a: Weavile|Pressure
|switch|p1a: Landorus|Landorus-Therian, M|100/100
|-ability|p1a: Landorus|Intimidate|boost
|-unboost|p2a: Weavile|atk|1
|
|-weather|RainDance|[upkeep]
|upkeep
|turn|6
|
|t:|1664189929
|switch|p2a: Clefable|Clefable, M, shiny|100/100
|switch|p1a: Galvantula|Galvantula, M|100/100
|-status|p1a: Galvantula|psn
|
|-weather|RainDance|[upkeep]
|-damage|p1a: Galvantula|88/100 psn|[from] psn
|upkeep
|turn|7
|
|t:|1664189933
|move|p1a: Galvantula|Sticky Web|p2a: Clefable
|-sidestart|p2: Billaboom|move: Sticky Web
|move|p2a: Clefable|Aromatherapy|p2a: Clefable
|-activate|p2a: Clefable|move: Aromatherapy
|-curestatus|p2: Garchomp|tox|[msg]
|-curestatus|p2: Toxapex|par|[msg]
|
|-weather|RainDance|[upkeep]
|-damage|p1a: Galvantula|76/100 psn|[from] psn
|upkeep
|turn|8
|
|t:|1664189942
|move|p1a: Galvantula|Thunder|p2a: Clefable
|-damage|p2a: Clefable|58/100
|move|p2a: Clefable|Moonblast|p1a: Galvantula
|-damage|p1a: Galvantula|22/100 psn
|
|-weather|none
|-heal|p2a: Clefable|64/100|[from] item: Leftovers
|-damage|p1a: Galvantula|9/100 psn|[from] psn
|upkeep
|turn|9
|j| InstantOofles
|
|t:|1664189950
|switch|p1a: Landorus|Landorus-Therian, M|100/100
|-ability|p1a: Landorus|Intimidate|boost
|-unboost|p2a: Clefable|atk|1
|move|p2a: Clefable|Soft-Boiled|p2a: Clefable
|-heal|p2a: Clefable|100/100
|
|upkeep
|turn|10
|
|t:|1664189955
|switch|p2a: Corviknight|Corviknight, F|100/100
|-ability|p2a: Corviknight|Pressure
|move|p1a: Landorus|Knock Off|p2a: Corviknight
|-damage|p2a: Corviknight|78/100
|-damage|p1a: Landorus|84/100|[from] item: Rocky Helmet|[of] p2a: Corviknight
|-enditem|p2a: Corviknight|Rocky Helmet|[from] move: Knock Off|[of] p1a: Landorus
|
|upkeep
|turn|11
|
|t:|1664189961
|move|p1a: Landorus|Stealth Rock|p2a: Corviknight
|-sidestart|p2: Billaboom|move: Stealth Rock
|move|p2a: Corviknight|Defog|p1a: Landorus
|-unboost|p1a: Landorus|evasion|1
|-sideend|p1: dmt dreams|Toxic Spikes|[from] move: Defog|[of] p2a: Corviknight
|-sideend|p2: Billaboom|Stealth Rock|[from] move: Defog|[of] p2a: Corviknight
|-sideend|p2: Billaboom|Sticky Web|[from] move: Defog|[of] p2a: Corviknight
|
|upkeep
|turn|12
|
|t:|1664189965
|move|p1a: Landorus|Stealth Rock|p2a: Corviknight
|-sidestart|p2: Billaboom|move: Stealth Rock
|move|p2a: Corviknight|Defog|p1a: Landorus
|-unboost|p1a: Landorus|evasion|1
|-sideend|p2: Billaboom|Stealth Rock|[from] move: Defog|[of] p2a: Corviknight
|
|upkeep
|turn|13
|
|t:|1664189968
|move|p1a: Landorus|Stealth Rock|p2a: Corviknight
|-sidestart|p2: Billaboom|move: Stealth Rock
|move|p2a: Corviknight|Defog|p1a: Landorus
|-unboost|p1a: Landorus|evasion|1
|-sideend|p2: Billaboom|Stealth Rock|[from] move: Defog|[of] p2a: Corviknight
|
|upkeep
|turn|14
|
|t:|1664189973
|move|p1a: Landorus|Stealth Rock|p2a: Corviknight
|-sidestart|p2: Billaboom|move: Stealth Rock
|move|p2a: Corviknight|Defog|p1a: Landorus
|-unboost|p1a: Landorus|evasion|1
|-sideend|p2: Billaboom|Stealth Rock|[from] move: Defog|[of] p2a: Corviknight
|
|upkeep
|turn|15
|
|t:|1664189975
|move|p1a: Landorus|Stealth Rock|p2a: Corviknight
|-sidestart|p2: Billaboom|move: Stealth Rock
|move|p2a: Corviknight|Defog|p1a: Landorus
|-unboost|p1a: Landorus|evasion|1
|-sideend|p2: Billaboom|Stealth Rock|[from] move: Defog|[of] p2a: Corviknight
|
|upkeep
|turn|16
|
|t:|1664189977
|move|p1a: Landorus|Stealth Rock|p2a: Corviknight
|-sidestart|p2: Billaboom|move: Stealth Rock
|move|p2a: Corviknight|Defog|p1a: Landorus
|-unboost|p1a: Landorus|evasion|1
|-sideend|p2: Billaboom|Stealth Rock|[from] move: Defog|[of] p2a: Corviknight
|
|upkeep
|turn|17
|
|t:|1664189980
|switch|p1a: Pelipper|Pelipper, M|42/100
|-weather|RainDance|[from] ability: Drizzle|[of] p1a: Pelipper
|move|p2a: Corviknight|Defog|p1a: Pelipper
|-unboost|p1a: Pelipper|evasion|1
|
|-weather|RainDance|[upkeep]
|upkeep
|turn|18
|
|t:|1664189987
|switch|p2a: Mew|Mew|100/100
|move|p1a: Pelipper|U-turn|p2a: Mew
|-supereffective|p2a: Mew
|-damage|p2a: Mew|86/100
|
|t:|1664189989
|switch|p1a: Landorus|Landorus-Therian, M|84/100|[from]move: U-turn
|-ability|p1a: Landorus|Intimidate|boost
|-unboost|p2a: Mew|atk|1
|
|-weather|RainDance|[upkeep]
|upkeep
|turn|19
|
|t:|1664189995
|move|p1a: Landorus|Stealth Rock|p2a: Mew
|-sidestart|p2: Billaboom|move: Stealth Rock
|move|p2a: Mew|Taunt|p1a: Landorus
|-start|p1a: Landorus|move: Taunt
|
|-weather|RainDance|[upkeep]
|upkeep
|turn|20
|
|t:|1664189998
|move|p1a: Landorus|Explosion|p2a: Mew
|-enditem|p1a: Landorus|Normal Gem|[from] gem
|-damage|p2a: Mew|0 fnt
|faint|p1a: Landorus
|faint|p2a: Mew
|
|-weather|RainDance|[upkeep]
|upkeep
|
|t:|1664190006
|switch|p1a: Barraskewda|Barraskewda, M|100/100
|switch|p2a: Toxapex|Toxapex, M, shiny|67/100
|-damage|p2a: Toxapex|54/100|[from] Stealth Rock
|turn|21
|
|t:|1664190009
|move|p1a: Barraskewda|Liquidation|p2a: Toxapex
|-resisted|p2a: Toxapex
|-damage|p2a: Toxapex|16/100
|move|p2a: Toxapex|Toxic Spikes|p1a: Barraskewda
|-sidestart|p1: dmt dreams|move: Toxic Spikes
|
|-weather|RainDance|[upkeep]
|upkeep
|turn|22
|
|t:|1664190017
|switch|p2a: Corviknight|Corviknight, F|78/100
|-damage|p2a: Corviknight|66/100|[from] Stealth Rock
|-ability|p2a: Corviknight|Pressure
|move|p1a: Barraskewda|Liquidation|p2a: Corviknight
|-damage|p2a: Corviknight|2/100
|
|-weather|RainDance|[upkeep]
|upkeep
|turn|23
|
|t:|1664190019
|move|p1a: Barraskewda|Liquidation|p2a: Corviknight
|-crit|p2a: Corviknight
|-damage|p2a: Corviknight|0 fnt
|faint|p2a: Corviknight
|
|-weather|RainDance|[upkeep]
|upkeep
|
|t:|1664190022
|switch|p2a: Toxapex|Toxapex, M, shiny|49/100
|-damage|p2a: Toxapex|37/100|[from] Stealth Rock
|turn|24
|
|t:|1664190024
|switch|p2a: Clefable|Clefable, M, shiny|100/100
|-damage|p2a: Clefable|88/100|[from] Stealth Rock
|move|p1a: Barraskewda|Liquidation|p2a: Clefable
|-damage|p2a: Clefable|9/100
|
|-weather|none
|-heal|p2a: Clefable|15/100|[from] item: Leftovers
|upkeep
|turn|25
|
|t:|1664190029
|move|p1a: Barraskewda|Liquidation|p2a: Clefable
|-damage|p2a: Clefable|0 fnt
|faint|p2a: Clefable
|
|upkeep
|
|t:|1664190034
|switch|p2a: Garchomp|Garchomp, M, shiny|82/100
|-damage|p2a: Garchomp|76/100|[from] Stealth Rock
|turn|26
|j| TheNewBrends11
|
|t:|1664190039
|switch|p1a: Pelipper|Pelipper, M|42/100
|-weather|RainDance|[from] ability: Drizzle|[of] p1a: Pelipper
|move|p2a: Garchomp|Outrage|p1a: Pelipper
|-damage|p1a: Pelipper|0 fnt
|faint|p1a: Pelipper
|
|-weather|RainDance|[upkeep]
|upkeep
|
|t:|1664190044
|switch|p1a: Barraskewda|Barraskewda, M|100/100
|-status|p1a: Barraskewda|psn
|turn|27
|
|t:|1664190046
|move|p1a: Barraskewda|Liquidation|p2a: Garchomp
|-damage|p2a: Garchomp|0 fnt
|-damage|p1a: Barraskewda|88/100 psn|[from] ability: Rough Skin|[of] p2a: Garchomp
|faint|p2a: Garchomp
|
|-weather|RainDance|[upkeep]
|-damage|p1a: Barraskewda|76/100 psn|[from] psn
|upkeep
|
|t:|1664190049
|switch|p2a: Toxapex|Toxapex, M, shiny|70/100
|-damage|p2a: Toxapex|57/100|[from] Stealth Rock
|turn|28
|
|t:|1664190051
|switch|p2a: Weavile|Weavile, F, shiny|100/100
|-ability|p2a: Weavile|Pressure
|move|p1a: Barraskewda|Liquidation|p2a: Weavile
|-damage|p2a: Weavile|0 fnt
|faint|p2a: Weavile
|
|-weather|RainDance|[upkeep]
|-damage|p1a: Barraskewda|64/100 psn|[from] psn
|upkeep
|
|t:|1664190055
|switch|p2a: Toxapex|Toxapex, M, shiny|91/100
|-damage|p2a: Toxapex|78/100|[from] Stealth Rock
|turn|29
|
|t:|1664190057
|move|p1a: Barraskewda|Liquidation|p2a: Toxapex
|-resisted|p2a: Toxapex
|-damage|p2a: Toxapex|34/100
|move|p2a: Toxapex|Toxic Spikes|p1a: Barraskewda
|-sidestart|p1: dmt dreams|move: Toxic Spikes
|
|-weather|RainDance|[upkeep]
|-damage|p1a: Barraskewda|52/100 psn|[from] psn
|upkeep
|turn|30
|
|t:|1664190060
|move|p1a: Barraskewda|Liquidation|p2a: Toxapex
|-resisted|p2a: Toxapex
|-damage|p2a: Toxapex|0 fnt
|faint|p2a: Toxapex
|
|win|dmt dreams
|n|☆dmt dreams|dmtdreams
|n|☆Billaboom|billaboom
|n| InstantOofles|instantoofles
|n| TheNewBrends11|thenewbrends11
