|raw|<div class="broadcast-blue"><strong>This battle is required to be public due to a player having a name starting with 'LT74PF'.</div>
|j|☆lt74pf gray
|j|☆ezwz
|t:|1599078254
|player|p1|lt74pf gray|youngster-gen1rb|1970
|player|p2|ezwz|youngster-gen4|1989
|teamsize|p1|6
|teamsize|p2|6
|gametype|singles
|gen|8
|tier|[Gen 8] OU
|rated|
|clearpoke
|poke|p1|Clefable, F|
|poke|p1|Rotom-Heat|
|poke|p1|Ferrothorn, M|
|poke|p1|Tyranitar, F|
|poke|p1|Zarude|
|poke|p1|Aegislash, M|
|poke|p2|Excadrill, M|
|poke|p2|Ferrothorn, F|
|poke|p2|Volcarona, M|
|poke|p2|Primarina, M|
|poke|p2|Clefable, M|
|poke|p2|Hydreigon, M|
|rule|Sleep Clause Mod: Limit one foe put to sleep
|rule|Species Clause: Limit one of each Pokémon
|rule|OHKO Clause: OHKO moves are banned
|rule|Evasion Moves Clause: Evasion moves are banned
|rule|Endless Battle Clause: Forcing endless battles is banned
|rule|HP Percentage Mod: HP is shown in percentages
|rule|Dynamax Clause: You cannot dynamax
|teampreview
|j| theo mani fan club
|j| SanJl
|j| reje
|c| theo mani fan club|go ezwz big fan
|j| LT73IU LE FLEXMAN
|l| SanJl
|j| kdhsfs
|j| outz u
|inactive|Battle timer is ON: inactive players will automatically lose when time's up. (requested by lt74pf gray)
|
|t:|1599078294
|start
|switch|p1a: Clefable|Clefable, F|100/100
|switch|p2a: Hydreigon|Hydreigon, M|100/100
|turn|1
|
|t:|1599078301
|switch|p2a: Excadrill|Excadrill, M|100/100
|-ability|p2a: Excadrill|Mold Breaker
|move|p1a: Clefable|Stealth Rock|p2a: Excadrill
|-sidestart|p2: ezwz|move: Stealth Rock
|
|upkeep
|turn|2
|
|t:|1599078304
|move|p2a: Excadrill|Stealth Rock|p1a: Clefable
|-sidestart|p1: lt74pf gray|move: Stealth Rock
|move|p1a: Clefable|Trick|p2a: Excadrill
|-activate|p1a: Clefable|move: Trick|[of] p2a: Excadrill
|-item|p2a: Excadrill|Sticky Barb|[from] move: Trick
|-item|p1a: Clefable|Leftovers|[from] move: Trick
|
|-damage|p2a: Excadrill|88/100|[from] item: Sticky Barb
|upkeep
|turn|3
|j| Venom94
|
|t:|1599078309
|move|p2a: Excadrill|Rapid Spin|p1a: Clefable
|-damage|p1a: Clefable|89/100
|-boost|p2a: Excadrill|spe|1
|-sideend|p2: ezwz|Stealth Rock|[from] move: Rapid Spin|[of] p2a: Excadrill
|move|p1a: Clefable|Stealth Rock|p2a: Excadrill
|-sidestart|p2: ezwz|move: Stealth Rock
|
|-heal|p1a: Clefable|95/100|[from] item: Leftovers
|-damage|p2a: Excadrill|75/100|[from] item: Sticky Barb
|upkeep
|turn|4
|
|t:|1599078317
|switch|p2a: Ferrothorn|Ferrothorn, F|100/100
|-damage|p2a: Ferrothorn|94/100|[from] Stealth Rock
|switch|p1a: Ferrothorn|Ferrothorn, M|100/100
|-damage|p1a: Ferrothorn|94/100|[from] Stealth Rock
|
|-heal|p2a: Ferrothorn|100/100|[from] item: Leftovers
|-heal|p1a: Ferrothorn|100/100|[from] item: Leftovers
|upkeep
|turn|5
|
|t:|1599078319
|move|p2a: Ferrothorn|Spikes|p1a: Ferrothorn
|-sidestart|p1: lt74pf gray|Spikes
|move|p1a: Ferrothorn|Spikes|p2a: Ferrothorn
|-sidestart|p2: ezwz|Spikes
|
|upkeep
|turn|6
|
|t:|1599078321
|move|p2a: Ferrothorn|Knock Off|p1a: Ferrothorn
|-damage|p1a: Ferrothorn|89/100
|-damage|p2a: Ferrothorn|88/100|[from] ability: Iron Barbs|[of] p1a: Ferrothorn
|-enditem|p1a: Ferrothorn|Leftovers|[from] move: Knock Off|[of] p2a: Ferrothorn
|move|p1a: Ferrothorn|Spikes|p2a: Ferrothorn
|-sidestart|p2: ezwz|Spikes
|
|-heal|p2a: Ferrothorn|94/100|[from] item: Leftovers
|upkeep
|turn|7
|
|t:|1599078324
|move|p2a: Ferrothorn|Spikes|p1a: Ferrothorn
|-sidestart|p1: lt74pf gray|Spikes
|move|p1a: Ferrothorn|Spikes|p2a: Ferrothorn
|-sidestart|p2: ezwz|Spikes
|
|-heal|p2a: Ferrothorn|100/100|[from] item: Leftovers
|upkeep
|turn|8
|
|t:|1599078332
|move|p2a: Ferrothorn|Spikes|p1a: Ferrothorn
|-sidestart|p1: lt74pf gray|Spikes
|move|p1a: Ferrothorn|Body Press|p2a: Ferrothorn
|-supereffective|p2a: Ferrothorn
|-damage|p2a: Ferrothorn|65/100
|-damage|p1a: Ferrothorn|76/100|[from] ability: Iron Barbs|[of] p2a: Ferrothorn
|
|-heal|p2a: Ferrothorn|71/100|[from] item: Leftovers
|upkeep
|turn|9
|j| storm zone
|
|t:|1599078339
|move|p2a: Ferrothorn|Body Press|p1a: Ferrothorn
|-supereffective|p1a: Ferrothorn
|-damage|p1a: Ferrothorn|39/100
|-damage|p2a: Ferrothorn|58/100|[from] ability: Iron Barbs|[of] p1a: Ferrothorn
|move|p1a: Ferrothorn|Leech Seed|p2a: Ferrothorn
|-immune|p2a: Ferrothorn
|
|-heal|p2a: Ferrothorn|65/100|[from] item: Leftovers
|upkeep
|turn|10
|
|t:|1599078343
|move|p2a: Ferrothorn|Body Press|p1a: Ferrothorn
|-supereffective|p1a: Ferrothorn
|-damage|p1a: Ferrothorn|2/100
|-damage|p2a: Ferrothorn|52/100|[from] ability: Iron Barbs|[of] p1a: Ferrothorn
|move|p1a: Ferrothorn|Body Press|p2a: Ferrothorn
|-supereffective|p2a: Ferrothorn
|-damage|p2a: Ferrothorn|16/100
|-damage|p1a: Ferrothorn|0 fnt|[from] ability: Iron Barbs|[of] p2a: Ferrothorn
|faint|p1a: Ferrothorn
|
|-heal|p2a: Ferrothorn|23/100|[from] item: Leftovers
|upkeep
|j| Pansears for Fears
|j| Corumba
|
|t:|1599078352
|switch|p1a: Rotom|Rotom-Heat|100/100
|turn|11
|j| egalvanc
|j| plasmagby
|j| OnePumpChump69
|inactive|ezwz has 120 seconds left.
|l| OnePumpChump69
|j| LT74PF Ash
|
|t:|1599078401
|move|p1a: Rotom|Overheat|p2a: Ferrothorn
|-supereffective|p2a: Ferrothorn
|-damage|p2a: Ferrothorn|0 fnt
|-unboost|p1a: Rotom|spa|2
|faint|p2a: Ferrothorn
|
|upkeep
|
|t:|1599078404
|switch|p2a: Hydreigon|Hydreigon, M|100/100
|-damage|p2a: Hydreigon|88/100|[from] Stealth Rock
|turn|12
|j| eisuehfksdbf
|
|t:|1599078417
|move|p2a: Hydreigon|Nasty Plot|p2a: Hydreigon
|-boost|p2a: Hydreigon|spa|2
|move|p1a: Rotom|Toxic|p2a: Hydreigon|[miss]
|-miss|p1a: Rotom|p2a: Hydreigon
|
|upkeep
|turn|13
|c|☆lt74pf gray|h
|
|t:|1599078427
|switch|p1a: Clefable|Clefable, F|95/100
|move|p2a: Hydreigon|Draco Meteor|p1a: Clefable
|-immune|p1a: Clefable
|
|-heal|p1a: Clefable|100/100|[from] item: Leftovers
|upkeep
|turn|14
|
|t:|1599078432
|switch|p1a: Rotom|Rotom-Heat|100/100
|move|p2a: Hydreigon|Flash Cannon|p1a: Rotom
|-resisted|p1a: Rotom
|-damage|p1a: Rotom|82/100
|-unboost|p1a: Rotom|spd|1
|-damage|p2a: Hydreigon|78/100|[from] item: Life Orb
|
|upkeep
|turn|15
|
|t:|1599078440
|switch|p1a: Aegislash|Aegislash, M|100/100
|-damage|p1a: Aegislash|76/100|[from] Spikes
|-damage|p1a: Aegislash|69/100|[from] Stealth Rock
|move|p2a: Hydreigon|Draco Meteor|p1a: Aegislash
|-resisted|p1a: Aegislash
|-damage|p1a: Aegislash|0 fnt
|-unboost|p2a: Hydreigon|spa|2
|-damage|p2a: Hydreigon|68/100|[from] item: Life Orb
|faint|p1a: Aegislash
|
|upkeep
|
|t:|1599078448
|switch|p1a: Clefable|Clefable, F|100/100
|turn|16
|j| OnePumpChump69
|l| OnePumpChump69
|j| Abomasnow Gang
|
|t:|1599078466
|move|p2a: Hydreigon|Flash Cannon|p1a: Clefable
|-supereffective|p1a: Clefable
|-damage|p1a: Clefable|32/100
|-damage|p2a: Hydreigon|59/100|[from] item: Life Orb
|move|p1a: Clefable|Moonblast|p2a: Hydreigon
|-supereffective|p2a: Hydreigon
|-damage|p2a: Hydreigon|0 fnt
|faint|p2a: Hydreigon
|
|-heal|p1a: Clefable|39/100|[from] item: Leftovers
|upkeep
|
|t:|1599078469
|switch|p2a: Excadrill|Excadrill, M|75/100
|-damage|p2a: Excadrill|72/100|[from] Stealth Rock
|-damage|p2a: Excadrill|47/100|[from] Spikes
|-ability|p2a: Excadrill|Mold Breaker
|turn|17
|
|t:|1599078474
|move|p2a: Excadrill|Rapid Spin|p1a: Clefable
|-damage|p1a: Clefable|28/100
|-boost|p2a: Excadrill|spe|1
|-sideend|p2: ezwz|Spikes|[from] move: Rapid Spin|[of] p2a: Excadrill
|-sideend|p2: ezwz|Stealth Rock|[from] move: Rapid Spin|[of] p2a: Excadrill
|move|p1a: Clefable|Soft-Boiled|p1a: Clefable
|-heal|p1a: Clefable|78/100
|
|-heal|p1a: Clefable|84/100|[from] item: Leftovers
|-damage|p2a: Excadrill|35/100|[from] item: Sticky Barb
|upkeep
|turn|18
|
|t:|1599078481
|move|p2a: Excadrill|Iron Head|p1a: Clefable
|-supereffective|p1a: Clefable
|-damage|p1a: Clefable|27/100
|move|p1a: Clefable|Soft-Boiled|p1a: Clefable
|-heal|p1a: Clefable|77/100
|
|-heal|p1a: Clefable|83/100|[from] item: Leftovers
|-damage|p2a: Excadrill|22/100|[from] item: Sticky Barb
|upkeep
|turn|19
|
|t:|1599078491
|move|p2a: Excadrill|Iron Head|p1a: Clefable
|-supereffective|p1a: Clefable
|-damage|p1a: Clefable|25/100
|move|p1a: Clefable|Soft-Boiled|p1a: Clefable
|-heal|p1a: Clefable|75/100
|
|-heal|p1a: Clefable|81/100|[from] item: Leftovers
|-damage|p2a: Excadrill|10/100|[from] item: Sticky Barb
|upkeep
|turn|20
|
|t:|1599078495
|switch|p2a: Primarina|Primarina, M|100/100
|move|p1a: Clefable|Soft-Boiled|p1a: Clefable
|-heal|p1a: Clefable|100/100
|
|upkeep
|turn|21
|
|t:|1599078504
|switch|p1a: Zarude|Zarude|100/100
|-damage|p1a: Zarude|76/100|[from] Spikes
|-damage|p1a: Zarude|63/100|[from] Stealth Rock
|move|p2a: Primarina|Substitute|p2a: Primarina
|-start|p2a: Primarina|Substitute
|-damage|p2a: Primarina|75/100
|
|-heal|p1a: Zarude|69/100|[from] item: Leftovers
|-heal|p2a: Primarina|82/100|[from] item: Leftovers
|upkeep
|turn|22
|
|t:|1599078508
|move|p1a: Zarude|Power Whip|p2a: Primarina
|-supereffective|p2a: Primarina
|-end|p2a: Primarina|Substitute
|move|p2a: Primarina|Draining Kiss|p1a: Zarude
|-supereffective|p1a: Zarude
|-damage|p1a: Zarude|21/100
|-heal|p2a: Primarina|100/100|[from] drain|[of] p1a: Zarude
|
|-heal|p1a: Zarude|27/100|[from] item: Leftovers
|upkeep
|turn|23
|
|t:|1599078513
|switch|p2a: Clefable|Clefable, M|100/100
|move|p1a: Zarude|Jungle Healing|p1a: Zarude
|-heal|p1a: Zarude|52/100
|
|-heal|p1a: Zarude|59/100|[from] item: Leftovers
|upkeep
|turn|24
|
|t:|1599078521
|switch|p1a: Tyranitar|Tyranitar, F|100/100
|-weather|Sandstorm|[from] ability: Sand Stream|[of] p1a: Tyranitar
|switch|p2a: Primarina|Primarina, M|100/100
|
|-weather|Sandstorm|[upkeep]
|-damage|p2a: Primarina|94/100|[from] Sandstorm
|-heal|p2a: Primarina|100/100|[from] item: Leftovers
|upkeep
|turn|25
|
|t:|1599078528
|move|p1a: Tyranitar|Thunder Wave|p2a: Primarina
|-status|p2a: Primarina|par
|cant|p2a: Primarina|par
|
|-weather|Sandstorm|[upkeep]
|-damage|p2a: Primarina|94/100 par|[from] Sandstorm
|-heal|p2a: Primarina|100/100 par|[from] item: Leftovers
|upkeep
|turn|26
|j| lt74pf blood
|
|t:|1599078539
|move|p1a: Tyranitar|Rock Blast|p2a: Primarina
|-damage|p2a: Primarina|89/100 par
|-damage|p2a: Primarina|76/100 par
|-damage|p2a: Primarina|65/100 par
|-damage|p2a: Primarina|53/100 par
|-damage|p2a: Primarina|41/100 par
|-hitcount|p2a: Primarina|5
|move|p2a: Primarina|Scald|p1a: Tyranitar
|-supereffective|p1a: Tyranitar
|-damage|p1a: Tyranitar|65/100
|
|-weather|Sandstorm|[upkeep]
|-damage|p2a: Primarina|35/100 par|[from] Sandstorm
|-heal|p2a: Primarina|41/100 par|[from] item: Leftovers
|upkeep
|turn|27
|
|t:|1599078546
|switch|p1a: Rotom|Rotom-Heat|82/100
|move|p2a: Primarina|Scald|p1a: Rotom
|-supereffective|p1a: Rotom
|-damage|p1a: Rotom|3/100
|
|-weather|Sandstorm|[upkeep]
|-damage|p1a: Rotom|0 fnt|[from] Sandstorm
|-damage|p2a: Primarina|35/100 par|[from] Sandstorm
|faint|p1a: Rotom
|-heal|p2a: Primarina|41/100 par|[from] item: Leftovers
|upkeep
|l| lt74pf blood
|
|t:|1599078553
|switch|p1a: Clefable|Clefable, F|100/100
|turn|28
|
|t:|1599078580
|switch|p2a: Volcarona|Volcarona, M|100/100
|move|p1a: Clefable|Moonblast|p2a: Volcarona
|-resisted|p2a: Volcarona
|-damage|p2a: Volcarona|83/100
|-unboost|p2a: Volcarona|spa|1
|
|-weather|none
|upkeep
|turn|29
|l| Venom94
|
|t:|1599078585
|switch|p1a: Tyranitar|Tyranitar, F|65/100
|-weather|Sandstorm|[from] ability: Sand Stream|[of] p1a: Tyranitar
|move|p2a: Volcarona|Fiery Dance|p1a: Tyranitar
|-resisted|p1a: Tyranitar
|-damage|p1a: Tyranitar|56/100
|-boost|p2a: Volcarona|spa|1
|
|-weather|Sandstorm|[upkeep]
|-damage|p2a: Volcarona|77/100|[from] Sandstorm
|upkeep
|turn|30
|j| garbos
|l| garbos
|j| Venom94
|l| Venom94
|
|t:|1599078604
|switch|p2a: Excadrill|Excadrill, M|10/100
|-ability|p2a: Excadrill|Mold Breaker
|move|p1a: Tyranitar|Rock Blast|p2a: Excadrill
|-resisted|p2a: Excadrill
|-damage|p2a: Excadrill|6/100
|-resisted|p2a: Excadrill
|-damage|p2a: Excadrill|2/100
|-resisted|p2a: Excadrill
|-damage|p2a: Excadrill|0 fnt
|-hitcount|p2a: Excadrill|3
|faint|p2a: Excadrill
|
|-weather|Sandstorm|[upkeep]
|upkeep
|
|t:|1599078611
|switch|p2a: Clefable|Clefable, M|100/100
|turn|31
|
|t:|1599078624
|switch|p1a: Clefable|Clefable, F|100/100
|move|p2a: Clefable|Moonblast|p1a: Clefable
|-damage|p1a: Clefable|73/100
|
|-weather|Sandstorm|[upkeep]
|-damage|p2a: Clefable|94/100|[from] Sandstorm
|-heal|p2a: Clefable|100/100|[from] item: Leftovers
|-heal|p1a: Clefable|79/100|[from] item: Leftovers
|upkeep
|turn|32
|
|t:|1599078631
|move|p2a: Clefable|Calm Mind|p2a: Clefable
|-boost|p2a: Clefable|spa|1
|-boost|p2a: Clefable|spd|1
|move|p1a: Clefable|Stealth Rock|p2a: Clefable
|-sidestart|p2: ezwz|move: Stealth Rock
|
|-weather|Sandstorm|[upkeep]
|-damage|p2a: Clefable|94/100|[from] Sandstorm
|-heal|p2a: Clefable|100/100|[from] item: Leftovers
|-heal|p1a: Clefable|85/100|[from] item: Leftovers
|upkeep
|turn|33
|
|t:|1599078638
|switch|p1a: Zarude|Zarude|59/100
|-damage|p1a: Zarude|34/100|[from] Spikes
|-damage|p1a: Zarude|21/100|[from] Stealth Rock
|move|p2a: Clefable|Moonblast|p1a: Zarude
|-supereffective|p1a: Zarude
|-damage|p1a: Zarude|0 fnt
|faint|p1a: Zarude
|
|-weather|none
|upkeep
|
|t:|1599078641
|switch|p1a: Tyranitar|Tyranitar, F|56/100
|-weather|Sandstorm|[from] ability: Sand Stream|[of] p1a: Tyranitar
|turn|34
|
|t:|1599078645
|move|p1a: Tyranitar|Thunder Wave|p2a: Clefable
|-status|p2a: Clefable|par
|cant|p2a: Clefable|par
|
|-weather|Sandstorm|[upkeep]
|-damage|p2a: Clefable|94/100 par|[from] Sandstorm
|-heal|p2a: Clefable|100/100 par|[from] item: Leftovers
|upkeep
|turn|35
|j| Old Mustang
|
|t:|1599078649
|move|p1a: Tyranitar|Heavy Slam|p2a: Clefable
|-supereffective|p2a: Clefable
|-damage|p2a: Clefable|36/100 par
|move|p2a: Clefable|Moonblast|p1a: Tyranitar
|-supereffective|p1a: Tyranitar
|-damage|p1a: Tyranitar|11/100
|
|-weather|Sandstorm|[upkeep]
|-damage|p2a: Clefable|29/100 par|[from] Sandstorm
|-heal|p2a: Clefable|36/100 par|[from] item: Leftovers
|upkeep
|turn|36
|
|t:|1599078652
|move|p1a: Tyranitar|Heavy Slam|p2a: Clefable
|-supereffective|p2a: Clefable
|-damage|p2a: Clefable|0 fnt
|faint|p2a: Clefable
|
|-weather|Sandstorm|[upkeep]
|upkeep
|
|t:|1599078657
|switch|p2a: Volcarona|Volcarona, M|77/100
|turn|37
|
|t:|1599078659
|move|p2a: Volcarona|Giga Drain|p1a: Tyranitar
|-supereffective|p1a: Tyranitar
|-damage|p1a: Tyranitar|0 fnt
|-heal|p2a: Volcarona|84/100|[from] drain|[of] p1a: Tyranitar
|faint|p1a: Tyranitar
|
|-weather|Sandstorm|[upkeep]
|-damage|p2a: Volcarona|78/100|[from] Sandstorm
|upkeep
|
|t:|1599078662
|switch|p1a: Clefable|Clefable, F|85/100
|turn|38
|
|t:|1599078666
|move|p2a: Volcarona|Quiver Dance|p2a: Volcarona
|-boost|p2a: Volcarona|spa|1
|-boost|p2a: Volcarona|spd|1
|-boost|p2a: Volcarona|spe|1
|move|p1a: Clefable|Moonblast|p2a: Volcarona
|-resisted|p2a: Volcarona
|-damage|p2a: Volcarona|67/100
|
|-weather|none
|-heal|p1a: Clefable|91/100|[from] item: Leftovers
|upkeep
|turn|39
|
|t:|1599078669
|move|p2a: Volcarona|Fiery Dance|p1a: Clefable
|-damage|p1a: Clefable|23/100
|move|p1a: Clefable|Moonblast|p2a: Volcarona
|-resisted|p2a: Volcarona
|-damage|p2a: Volcarona|56/100
|
|-heal|p1a: Clefable|29/100|[from] item: Leftovers
|upkeep
|turn|40
|
|t:|1599078671
|move|p2a: Volcarona|Fiery Dance|p1a: Clefable
|-damage|p1a: Clefable|0 fnt
|faint|p1a: Clefable
|
|win|ezwz
|l|☆lt74pf gray
|l|☆ezwz
|l| LT73IU LE FLEXMAN
|l| outz u
|l| Abomasnow Gang
|l| Corumba
||Ladder (probably) updated, but score could not be retrieved (Request timeout).
|l| plasmagby
|l| egalvanc
|l| kdhsfs
|l| Pansears for Fears
|l| reje
|l| Old Mustang
|l| LT74PF Ash
|l| eisuehfksdbf
|l| storm zone
|l| theo mani fan club
|j| Symmetric4l
