|raw|<div class="broadcast-blue"><strong>This battle is required to be public due to a player having a name starting with 'lt94je'.</div>
|j|☆wish kisser
|j|☆LT94JE Lio
|t:|1661473732
|gametype|singles
|player|p1|wish kisser|ethan|1785
|player|p2|LT94JE Lio|1|1854
|teamsize|p1|6
|teamsize|p2|6
|gen|8
|tier|[Gen 8] OU
|rated|
|rule|Sleep Clause Mod: Limit one foe put to sleep
|rule|Species Clause: Limit one of each Pokémon
|rule|OHKO Clause: OHKO moves are banned
|rule|Evasion Items Clause: Evasion items are banned
|rule|Evasion Moves Clause: Evasion moves are banned
|rule|Endless Battle Clause: Forcing endless battles is banned
|rule|HP Percentage Mod: HP is shown in percentages
|rule|Dynamax Clause: You cannot dynamax
|clearpoke
|poke|p1|Clefable, M|
|poke|p1|Gastrodon-East, M|
|poke|p1|Skarmory, M|
|poke|p1|Heatran, M|
|poke|p1|Zeraora|
|poke|p1|Rotom-Wash|
|poke|p2|Pelipper, F|
|poke|p2|Landorus-Therian, M|
|poke|p2|Ferrothorn, F|
|poke|p2|Barraskewda, F|
|poke|p2|Tapu Lele|
|poke|p2|Weavile, M|
|teampreview
|c|☆wish kisser|hf
|c|☆LT94JE Lio|hf
|
|t:|1661473741
|start
|switch|p1a: Rotom|Rotom-Wash|100/100
|switch|p2a: Tapu Lele|Tapu Lele|100/100
|-fieldstart|move: Psychic Terrain|[from] ability: Psychic Surge|[of] p2a: Tapu Lele
|turn|1
|
|t:|1661473746
|move|p2a: Tapu Lele|Future Sight|p1a: Rotom
|-start|p2a: Tapu Lele|move: Future Sight
|move|p1a: Rotom|Pain Split|p2a: Tapu Lele
|-sethp|p2a: Tapu Lele|100/100|[from] move: Pain Split|[silent]
|-sethp|p1a: Rotom|97/100|[from] move: Pain Split
|
|-heal|p1a: Rotom|100/100|[from] item: Leftovers
|upkeep
|turn|2
|j| LT92PF Raizen
|
|t:|1661473768
|switch|p2a: Ferrothorn|Ferrothorn, F|100/100
|switch|p1a: Heatran|Heatran, M|100/100
|
|upkeep
|turn|3
|
|t:|1661473772
|move|p1a: Heatran|Stealth Rock|p2a: Ferrothorn
|-sidestart|p2: LT94JE Lio|move: Stealth Rock
|move|p2a: Ferrothorn|Body Press|p1a: Heatran
|-supereffective|p1a: Heatran
|-damage|p1a: Heatran|55/100
|
|-end|p1a: Heatran|move: Future Sight
|-resisted|p1a: Heatran
|-damage|p1a: Heatran|30/100
|-heal|p1a: Heatran|36/100|[from] item: Leftovers
|upkeep
|turn|4
|c|☆wish kisser|he did a lot
|j| ultimateswordnd
|j| Z6MC
|j| LT94JE scorcha
|
|t:|1661473785
|switch|p2a: Landorus|Landorus-Therian, M|100/100
|-damage|p2a: Landorus|88/100|[from] Stealth Rock
|-ability|p2a: Landorus|Intimidate|boost
|-unboost|p1a: Heatran|atk|1
|move|p1a: Heatran|Toxic|p2a: Landorus
|-status|p2a: Landorus|tox
|
|-heal|p2a: Landorus|94/100 tox|[from] item: Leftovers
|-heal|p1a: Heatran|42/100|[from] item: Leftovers
|-damage|p2a: Landorus|88/100 tox|[from] psn
|upkeep
|turn|5
|
|t:|1661473788
|switch|p1a: Skarmory|Skarmory, M|100/100
|move|p2a: Landorus|Defog|p1a: Skarmory
|-unboost|p1a: Skarmory|evasion|1
|-sideend|p2: LT94JE Lio|Stealth Rock|[from] move: Defog|[of] p2a: Landorus
|-fieldend|move: Psychic Terrain
|
|-heal|p2a: Landorus|94/100 tox|[from] item: Leftovers
|-damage|p2a: Landorus|82/100 tox|[from] psn
|upkeep
|turn|6
|j| Venositile
|j| edrala
|
|t:|1661473792
|switch|p2a: Tapu Lele|Tapu Lele|100/100
|-fieldstart|move: Psychic Terrain|[from] ability: Psychic Surge|[of] p2a: Tapu Lele
|move|p1a: Skarmory|Spikes|p2a: Tapu Lele
|-sidestart|p2: LT94JE Lio|Spikes
|
|upkeep
|turn|7
|
|t:|1661473796
|switch|p1a: Gastrodon|Gastrodon-East, M|100/100
|move|p2a: Tapu Lele|Future Sight|p1a: Gastrodon
|-start|p2a: Tapu Lele|move: Future Sight
|
|upkeep
|turn|8
|l| Venositile
|
|t:|1661473816
|switch|p2a: Ferrothorn|Ferrothorn, F|100/100
|-damage|p2a: Ferrothorn|88/100|[from] Spikes
|move|p1a: Gastrodon|Curse|p1a: Gastrodon
|-unboost|p1a: Gastrodon|spe|1
|-boost|p1a: Gastrodon|atk|1
|-boost|p1a: Gastrodon|def|1
|
|upkeep
|turn|9
|
|t:|1661473819
|move|p2a: Ferrothorn|Stealth Rock|p1a: Gastrodon
|-sidestart|p1: wish kisser|move: Stealth Rock
|move|p1a: Gastrodon|Curse|p1a: Gastrodon
|-unboost|p1a: Gastrodon|spe|1
|-boost|p1a: Gastrodon|atk|1
|-boost|p1a: Gastrodon|def|1
|
|-end|p1a: Gastrodon|move: Future Sight
|-damage|p1a: Gastrodon|41/100
|-heal|p1a: Gastrodon|47/100|[from] item: Leftovers
|upkeep
|turn|10
|
|t:|1661473823
|move|p2a: Ferrothorn|Power Whip|p1a: Gastrodon
|-supereffective|p1a: Gastrodon
|-damage|p1a: Gastrodon|0 fnt
|faint|p1a: Gastrodon
|
|-fieldend|move: Psychic Terrain
|upkeep
|
|t:|1661473825
|switch|p1a: Heatran|Heatran, M|42/100
|-damage|p1a: Heatran|30/100|[from] Stealth Rock
|turn|11
|
|t:|1661473829
|switch|p2a: Pelipper|Pelipper, F|100/100
|-weather|RainDance|[from] ability: Drizzle|[of] p2a: Pelipper
|move|p1a: Heatran|Stealth Rock|p2a: Pelipper
|-sidestart|p2: LT94JE Lio|move: Stealth Rock
|
|-weather|RainDance|[upkeep]
|-heal|p1a: Heatran|36/100|[from] item: Leftovers
|upkeep
|turn|12
|
|t:|1661473832
|move|p2a: Pelipper|Weather Ball|p1a: Heatran
|-supereffective|p1a: Heatran
|-damage|p1a: Heatran|0 fnt
|faint|p1a: Heatran
|
|-weather|RainDance|[upkeep]
|upkeep
|
|t:|1661473835
|switch|p1a: Rotom|Rotom-Wash|100/100
|-damage|p1a: Rotom|88/100|[from] Stealth Rock
|turn|13
|inactive|Battle timer is ON: inactive players will automatically lose when time's up. (requested by wish kisser)
|
|t:|1661473866
|switch|p2a: Ferrothorn|Ferrothorn, F|88/100
|-damage|p2a: Ferrothorn|76/100|[from] Spikes
|-damage|p2a: Ferrothorn|70/100|[from] Stealth Rock
|move|p1a: Rotom|Nasty Plot|p1a: Rotom
|-boost|p1a: Rotom|spa|2
|
|-weather|RainDance|[upkeep]
|-heal|p1a: Rotom|94/100|[from] item: Leftovers
|upkeep
|turn|14
|
|t:|1661473870
|move|p1a: Rotom|Hydro Pump|p2a: Ferrothorn
|-resisted|p2a: Ferrothorn
|-damage|p2a: Ferrothorn|11/100
|-enditem|p2a: Ferrothorn|Eject Button
|
|t:|1661473875
|switch|p2a: Weavile|Weavile, M|100/100
|-damage|p2a: Weavile|88/100|[from] Spikes
|-damage|p2a: Weavile|63/100|[from] Stealth Rock
|-ability|p2a: Weavile|Pressure
|
|-weather|RainDance|[upkeep]
|-heal|p1a: Rotom|100/100|[from] item: Leftovers
|upkeep
|turn|15
|c|☆wish kisser|oof
|
|t:|1661473880
|switch|p1a: Clefable|Clefable, M|100/100
|move|p2a: Weavile|Knock Off|p1a: Clefable
|-resisted|p1a: Clefable
|-damage|p1a: Clefable|66/100
|-enditem|p1a: Clefable|Leftovers|[from] move: Knock Off|[of] p2a: Weavile
|
|-weather|none
|upkeep
|turn|16
|
|t:|1661473893
|switch|p2a: Landorus|Landorus-Therian, M|82/100 tox
|-damage|p2a: Landorus|70/100 tox|[from] Stealth Rock
|-ability|p2a: Landorus|Intimidate|boost
|-unboost|p1a: Clefable|atk|1
|switch|p1a: Rotom|Rotom-Wash|100/100
|-damage|p1a: Rotom|88/100|[from] Stealth Rock
|
|-heal|p1a: Rotom|94/100|[from] item: Leftovers
|-heal|p2a: Landorus|76/100 tox|[from] item: Leftovers
|-damage|p2a: Landorus|70/100 tox|[from] psn
|upkeep
|turn|17
|j| qanondpp
|
|t:|1661473901
|move|p1a: Rotom|Hydro Pump|p2a: Landorus|[miss]
|-miss|p1a: Rotom|p2a: Landorus
|move|p2a: Landorus|Defog|p1a: Rotom
|-unboost|p1a: Rotom|evasion|1
|-sideend|p1: wish kisser|Stealth Rock|[from] move: Defog|[of] p2a: Landorus
|-sideend|p2: LT94JE Lio|Spikes|[from] move: Defog|[of] p2a: Landorus
|-sideend|p2: LT94JE Lio|Stealth Rock|[from] move: Defog|[of] p2a: Landorus
|
|-heal|p1a: Rotom|100/100|[from] item: Leftovers
|-heal|p2a: Landorus|76/100 tox|[from] item: Leftovers
|-damage|p2a: Landorus|64/100 tox|[from] psn
|upkeep
|turn|18
|l| qanondpp
|
|t:|1661473910
|switch|p2a: Tapu Lele|Tapu Lele|100/100
|-fieldstart|move: Psychic Terrain|[from] ability: Psychic Surge|[of] p2a: Tapu Lele
|move|p1a: Rotom|Hydro Pump|p2a: Tapu Lele|[miss]
|-miss|p1a: Rotom|p2a: Tapu Lele
|
|upkeep
|turn|19
|
|t:|1661473914
|move|p2a: Tapu Lele|Psychic|p1a: Rotom
|-damage|p1a: Rotom|41/100
|-unboost|p1a: Rotom|spd|1
|move|p1a: Rotom|Discharge|p2a: Tapu Lele
|-damage|p2a: Tapu Lele|63/100
|-status|p2a: Tapu Lele|par
|
|-heal|p1a: Rotom|48/100|[from] item: Leftovers
|upkeep
|turn|20
|j| Jongruenwald
|
|t:|1661473921
|move|p1a: Rotom|Hydro Pump|p2a: Tapu Lele|[miss]
|-miss|p1a: Rotom|p2a: Tapu Lele
|cant|p2a: Tapu Lele|par
|
|-heal|p1a: Rotom|54/100|[from] item: Leftovers
|upkeep
|turn|21
|j| qanondpp
|
|t:|1661473924
|move|p1a: Rotom|Hydro Pump|p2a: Tapu Lele
|-damage|p2a: Tapu Lele|14/100 par
|cant|p2a: Tapu Lele|par
|
|-heal|p1a: Rotom|60/100|[from] item: Leftovers
|upkeep
|turn|22
|l| qanondpp
|
|t:|1661473929
|move|p1a: Rotom|Discharge|p2a: Tapu Lele
|-damage|p2a: Tapu Lele|0 fnt
|faint|p2a: Tapu Lele
|
|-heal|p1a: Rotom|66/100|[from] item: Leftovers
|-fieldend|move: Psychic Terrain
|upkeep
|
|t:|1661473930
|switch|p2a: Weavile|Weavile, M|63/100
|-ability|p2a: Weavile|Pressure
|turn|23
|
|t:|1661473934
|switch|p1a: Skarmory|Skarmory, M|100/100
|move|p2a: Weavile|Knock Off|p1a: Skarmory
|-damage|p1a: Skarmory|58/100
|-damage|p2a: Weavile|47/100|[from] item: Rocky Helmet|[of] p1a: Skarmory
|-enditem|p1a: Skarmory|Rocky Helmet|[from] move: Knock Off|[of] p2a: Weavile
|
|upkeep
|turn|24
|
|t:|1661473940
|switch|p2a: Pelipper|Pelipper, F|100/100
|-weather|RainDance|[from] ability: Drizzle|[of] p2a: Pelipper
|move|p1a: Skarmory|Roost|p1a: Skarmory
|-heal|p1a: Skarmory|100/100
|-singleturn|p1a: Skarmory|move: Roost
|
|-weather|RainDance|[upkeep]
|upkeep
|turn|25
|
|t:|1661473942
|switch|p1a: Rotom|Rotom-Wash|66/100
|move|p2a: Pelipper|Weather Ball|p1a: Rotom
|-resisted|p1a: Rotom
|-damage|p1a: Rotom|15/100
|
|-weather|RainDance|[upkeep]
|-heal|p1a: Rotom|21/100|[from] item: Leftovers
|upkeep
|turn|26
|
|t:|1661473948
|switch|p2a: Weavile|Weavile, M|47/100
|-ability|p2a: Weavile|Pressure
|move|p1a: Rotom|Discharge|p2a: Weavile
|-damage|p2a: Weavile|2/100
|
|-weather|RainDance|[upkeep]
|-heal|p1a: Rotom|27/100|[from] item: Leftovers
|upkeep
|turn|27
|
|t:|1661473959
|switch|p1a: Skarmory|Skarmory, M|100/100
|move|p2a: Weavile|Triple Axel|p1a: Skarmory
|-damage|p1a: Skarmory|91/100
|-crit|p1a: Skarmory
|-damage|p1a: Skarmory|64/100
|-damage|p1a: Skarmory|40/100
|-hitcount|p1a: Skarmory|3
|
|-weather|RainDance|[upkeep]
|upkeep
|turn|28
|
|t:|1661473965
|move|p2a: Weavile|Triple Axel|p1a: Skarmory
|-damage|p1a: Skarmory|30/100
|-damage|p1a: Skarmory|12/100
|-damage|p1a: Skarmory|0 fnt
|faint|p1a: Skarmory
|-hitcount|p1: Skarmory|3
|
|-weather|none
|upkeep
|
|t:|1661473968
|switch|p1a: Zeraora|Zeraora|100/100
|turn|29
|
|t:|1661473970
|switch|p2a: Landorus|Landorus-Therian, M|64/100 tox
|-ability|p2a: Landorus|Intimidate|boost
|-unboost|p1a: Zeraora|atk|1
|move|p1a: Zeraora|Knock Off|p2a: Landorus
|-damage|p2a: Landorus|48/100 tox
|-enditem|p2a: Landorus|Leftovers|[from] move: Knock Off|[of] p1a: Zeraora
|
|-damage|p2a: Landorus|42/100 tox|[from] psn
|upkeep
|turn|30
|
|t:|1661473973
|switch|p1a: Rotom|Rotom-Wash|27/100
|move|p2a: Landorus|U-turn|p1a: Rotom
|-damage|p1a: Rotom|4/100
|
|t:|1661473975
|switch|p2a: Weavile|Weavile, M|2/100|[from]move: U-turn
|-ability|p2a: Weavile|Pressure
|
|-heal|p1a: Rotom|10/100|[from] item: Leftovers
|upkeep
|turn|31
|
|t:|1661473978
|move|p2a: Weavile|Icicle Crash|p1a: Rotom
|-resisted|p1a: Rotom
|-damage|p1a: Rotom|0 fnt
|faint|p1a: Rotom
|
|upkeep
|
|t:|1661473980
|switch|p1a: Zeraora|Zeraora|100/100
|turn|32
|
|t:|1661473982
|switch|p2a: Landorus|Landorus-Therian, M|42/100 tox
|-ability|p2a: Landorus|Intimidate|boost
|-unboost|p1a: Zeraora|atk|1
|move|p1a: Zeraora|Knock Off|p2a: Landorus
|-damage|p2a: Landorus|32/100 tox
|
|-damage|p2a: Landorus|26/100 tox|[from] psn
|upkeep
|turn|33
|
|t:|1661473985
|switch|p1a: Clefable|Clefable, M|66/100
|move|p2a: Landorus|U-turn|p1a: Clefable
|-resisted|p1a: Clefable
|-damage|p1a: Clefable|56/100
|
|t:|1661473987
|switch|p2a: Pelipper|Pelipper, F|100/100|[from]move: U-turn
|-weather|RainDance|[from] ability: Drizzle|[of] p2a: Pelipper
|
|-weather|RainDance|[upkeep]
|upkeep
|turn|34
|
|t:|1661473990
|move|p2a: Pelipper|Weather Ball|p1a: Clefable
|-damage|p1a: Clefable|0 fnt
|faint|p1a: Clefable
|
|-weather|RainDance|[upkeep]
|upkeep
|
|t:|1661473993
|switch|p1a: Zeraora|Zeraora|100/100
|turn|35
|
|t:|1661473994
|move|p1a: Zeraora|Plasma Fists|p2a: Pelipper
|-supereffective|p2a: Pelipper
|-damage|p2a: Pelipper|0 fnt
|-fieldactivate|move: Ion Deluge
|-hint|Normal-type moves become Electric-type after using Plasma Fists.
|faint|p2a: Pelipper
|
|-weather|RainDance|[upkeep]
|upkeep
|
|t:|1661473996
|switch|p2a: Barraskewda|Barraskewda, F|100/100
|turn|36
|
|t:|1661473998
|move|p2a: Barraskewda|Liquidation|p1a: Zeraora
|-damage|p1a: Zeraora|0 fnt
|faint|p1a: Zeraora
|
|win|LT94JE Lio
|raw|wish kisser's rating: 1785 &rarr; <strong>1767</strong><br />(-18 for losing)
|raw|LT94JE Lio's rating: 1824 &rarr; <strong>1842</strong><br />(+18 for winning)
|c|☆wish kisser|gg
|c|☆LT94JE Lio|gg
|c|☆wish kisser|future sight should be banned
|l| LT92PF Raizen
|c|☆LT94JE Lio|TRU
|c|☆wish kisser|but tl are useless
|c|☆wish kisser|gl
|l|☆LT94JE Lio
|l|☆wish kisser
||Ladder isn't responding, score probably updated but might not have (Request timeout).
|l| Jongruenwald
|l| LT94JE scorcha
