|j|☆ZoukEtoile
|j|☆yung_iznamakin
|t:|1655297148
|gametype|singles
|player|p1|ZoukEtoile|byron|1643
|player|p2|yung_iznamakin|lady|1679
|teamsize|p1|6
|teamsize|p2|6
|gen|8
|tier|[Gen 8] OU
|rated|
|rule|Sleep Clause Mod: Limit one foe put to sleep
|rule|Species Clause: Limit one of each Pokémon
|rule|OHKO Clause: OHKO moves are banned
|rule|Evasion Moves Clause: Evasion moves are banned
|rule|Endless Battle Clause: Forcing endless battles is banned
|rule|HP Percentage Mod: HP is shown in percentages
|rule|Dynamax Clause: You cannot dynamax
|clearpoke
|poke|p1|Ninetales-Alola, M|
|poke|p1|Arctozolt|
|poke|p1|Magnezone|
|poke|p1|Landorus-Therian, M|
|poke|p1|Nihilego|
|poke|p1|Dragapult, M|
|poke|p2|Tapu Lele|
|poke|p2|Victini|
|poke|p2|Melmetal|
|poke|p2|Dragonite, M|
|poke|p2|Landorus-Therian, M|
|poke|p2|Urshifu-*, M|
|teampreview
|inactive|Battle timer is ON: inactive players will automatically lose when time's up. (requested by yung_iznamakin)
|
|t:|1655297165
|start
|switch|p1a: Landorus|Landorus-Therian, M|100/100
|switch|p2a: Urshifu|Urshifu-Rapid-Strike, M|100/100
|-ability|p1a: Landorus|Intimidate|boost
|-unboost|p2a: Urshifu|atk|1
|turn|1
|
|t:|1655297173
|switch|p1a: Dragapult|Dragapult, M|100/100
|move|p2a: Urshifu|Surging Strikes|p1a: Dragapult
|-resisted|p1a: Dragapult
|-crit|p1a: Dragapult
|-damage|p1a: Dragapult|80/100
|-resisted|p1a: Dragapult
|-crit|p1a: Dragapult
|-damage|p1a: Dragapult|62/100
|-resisted|p1a: Dragapult
|-crit|p1a: Dragapult
|-damage|p1a: Dragapult|42/100
|-hitcount|p1a: Dragapult|3
|
|upkeep
|turn|2
|
|t:|1655297182
|switch|p2a: Landorus|Landorus-Therian, M|100/100
|-ability|p2a: Landorus|Intimidate|boost
|-unboost|p1a: Dragapult|atk|1
|move|p1a: Dragapult|Phantom Force||[still]
|-prepare|p1a: Dragapult|Phantom Force
|
|upkeep
|turn|3
|
|t:|1655297188
|move|p1a: Dragapult|Phantom Force|p2a: Landorus|[from]lockedmove
|-damage|p2a: Landorus|60/100
|move|p2a: Landorus|Earthquake|p1a: Dragapult
|-damage|p1a: Dragapult|0 fnt
|faint|p1a: Dragapult
|
|-heal|p2a: Landorus|66/100|[from] item: Leftovers
|upkeep
|
|t:|1655297192
|switch|p1a: Ninetales|Ninetales-Alola, M|100/100
|-weather|Hail|[from] ability: Snow Warning|[of] p1a: Ninetales
|turn|4
|
|t:|1655297195
|switch|p1a: Arctozolt|Arctozolt|100/100
|move|p2a: Landorus|Stealth Rock|p1a: Arctozolt
|-sidestart|p1: ZoukEtoile|move: Stealth Rock
|
|-weather|Hail|[upkeep]
|-damage|p2a: Landorus|60/100|[from] Hail
|-heal|p2a: Landorus|66/100|[from] item: Leftovers
|upkeep
|turn|5
|
|t:|1655297202
|move|p1a: Arctozolt|Blizzard|p2a: Landorus
|-supereffective|p2a: Landorus
|-damage|p2a: Landorus|0 fnt
|faint|p2a: Landorus
|
|-weather|Hail|[upkeep]
|upkeep
|
|t:|1655297205
|switch|p2a: Melmetal|Melmetal|100/100
|turn|6
|
|t:|1655297209
|switch|p1a: Magnezone|Magnezone|100/100
|-damage|p1a: Magnezone|95/100|[from] Stealth Rock
|switch|p2a: Victini|Victini|100/100
|
|-weather|Hail|[upkeep]
|-damage|p2a: Victini|94/100|[from] Hail
|-damage|p1a: Magnezone|89/100|[from] Hail
|upkeep
|turn|7
|
|t:|1655297215
|switch|p1a: Landorus|Landorus-Therian, M|100/100
|-damage|p1a: Landorus|88/100|[from] Stealth Rock
|-ability|p1a: Landorus|Intimidate|boost
|-unboost|p2a: Victini|atk|1
|move|p2a: Victini|V-create|p1a: Landorus
|-damage|p1a: Landorus|25/100
|-unboost|p2a: Victini|spe|1
|-unboost|p2a: Victini|def|1
|-unboost|p2a: Victini|spd|1
|
|-weather|Hail|[upkeep]
|-damage|p1a: Landorus|19/100|[from] Hail
|-damage|p2a: Victini|88/100|[from] Hail
|-heal|p1a: Landorus|25/100|[from] item: Leftovers
|upkeep
|turn|8
|
|t:|1655297223
|switch|p2a: Dragonite|Dragonite, M|100/100
|move|p1a: Landorus|Knock Off|p2a: Dragonite
|-damage|p2a: Dragonite|87/100
|-enditem|p2a: Dragonite|Heavy-Duty Boots|[from] move: Knock Off|[of] p1a: Landorus
|
|-weather|none
|-heal|p1a: Landorus|31/100|[from] item: Leftovers
|upkeep
|turn|9
|
|t:|1655297228
|move|p1a: Landorus|U-turn|p2a: Dragonite
|-resisted|p2a: Dragonite
|-damage|p2a: Dragonite|77/100
|
|t:|1655297235
|switch|p1a: Ninetales|Ninetales-Alola, M|100/100|[from]move: U-turn
|-damage|p1a: Ninetales|76/100|[from] Stealth Rock
|-weather|Hail|[from] ability: Snow Warning|[of] p1a: Ninetales
|move|p2a: Dragonite|Roost|p2a: Dragonite
|-heal|p2a: Dragonite|100/100
|-singleturn|p2a: Dragonite|move: Roost
|
|-weather|Hail|[upkeep]
|-damage|p2a: Dragonite|94/100|[from] Hail
|upkeep
|turn|10
|
|t:|1655297243
|switch|p2a: Victini|Victini|88/100
|move|p1a: Ninetales|Blizzard|p2a: Victini
|-resisted|p2a: Victini
|-damage|p2a: Victini|68/100
|
|-weather|Hail|[upkeep]
|-damage|p2a: Victini|62/100|[from] Hail
|upkeep
|turn|11
|
|t:|1655297247
|switch|p1a: Nihilego|Nihilego|100/100
|-damage|p1a: Nihilego|88/100|[from] Stealth Rock
|move|p2a: Victini|V-create|p1a: Nihilego
|-resisted|p1a: Nihilego
|-damage|p1a: Nihilego|19/100
|-unboost|p2a: Victini|spe|1
|-unboost|p2a: Victini|def|1
|-unboost|p2a: Victini|spd|1
|
|-weather|Hail|[upkeep]
|-damage|p1a: Nihilego|13/100|[from] Hail
|-damage|p2a: Victini|56/100|[from] Hail
|upkeep
|turn|12
|
|t:|1655297252
|switch|p2a: Melmetal|Melmetal|100/100
|move|p1a: Nihilego|Meteor Beam||[still]
|-prepare|p1a: Nihilego|Meteor Beam
|-boost|p1a: Nihilego|spa|1
|-enditem|p1a: Nihilego|Power Herb
|-anim|p1a: Nihilego|Meteor Beam|p2a: Melmetal
|-resisted|p2a: Melmetal
|-damage|p2a: Melmetal|76/100
|
|-weather|Hail|[upkeep]
|-damage|p1a: Nihilego|7/100|[from] Hail
|-damage|p2a: Melmetal|70/100|[from] Hail
|upkeep
|turn|13
|
|t:|1655297257
|move|p1a: Nihilego|Stealth Rock|p2a: Melmetal
|-sidestart|p2: yung_iznamakin|move: Stealth Rock
|move|p2a: Melmetal|Thunder Punch|p1a: Nihilego
|-damage|p1a: Nihilego|0 fnt
|faint|p1a: Nihilego
|
|-weather|none
|upkeep
|
|t:|1655297263
|switch|p1a: Magnezone|Magnezone|89/100
|-damage|p1a: Magnezone|83/100|[from] Stealth Rock
|turn|14
|
|t:|1655297266
|move|p1a: Magnezone|Iron Defense|p1a: Magnezone
|-boost|p1a: Magnezone|def|2
|move|p2a: Melmetal|Earthquake|p1a: Magnezone
|-supereffective|p1a: Magnezone
|-damage|p1a: Magnezone|30/100
|
|upkeep
|turn|15
|
|t:|1655297269
|move|p1a: Magnezone|Body Press|p2a: Melmetal
|-supereffective|p2a: Melmetal
|-damage|p2a: Melmetal|7/100
|move|p2a: Melmetal|Earthquake|p1a: Magnezone
|-supereffective|p1a: Magnezone
|-damage|p1a: Magnezone|0 fnt
|faint|p1a: Magnezone
|
|upkeep
|
|t:|1655297282
|switch|p1a: Arctozolt|Arctozolt|100/100
|turn|16
|
|t:|1655297291
|switch|p2a: Dragonite|Dragonite, M|94/100
|-damage|p2a: Dragonite|69/100|[from] Stealth Rock
|move|p1a: Arctozolt|Bolt Beak|p2a: Dragonite
|-damage|p2a: Dragonite|15/100
|
|upkeep
|turn|17
|
|t:|1655297296
|switch|p1a: Landorus|Landorus-Therian, M|31/100
|-damage|p1a: Landorus|19/100|[from] Stealth Rock
|-ability|p1a: Landorus|Intimidate|boost
|-unboost|p2a: Dragonite|atk|1
|move|p2a: Dragonite|Roost|p2a: Dragonite
|-heal|p2a: Dragonite|65/100
|-singleturn|p2a: Dragonite|move: Roost
|
|-heal|p1a: Landorus|25/100|[from] item: Leftovers
|upkeep
|turn|18
|
|t:|1655297304
|move|p1a: Landorus|U-turn|p2a: Dragonite
|-resisted|p2a: Dragonite
|-damage|p2a: Dragonite|55/100
|
|t:|1655297306
|switch|p1a: Ninetales|Ninetales-Alola, M|76/100|[from]move: U-turn
|-damage|p1a: Ninetales|51/100|[from] Stealth Rock
|-weather|Hail|[from] ability: Snow Warning|[of] p1a: Ninetales
|move|p2a: Dragonite|Roost|p2a: Dragonite
|-heal|p2a: Dragonite|100/100
|-singleturn|p2a: Dragonite|move: Roost
|
|-weather|Hail|[upkeep]
|-damage|p2a: Dragonite|94/100|[from] Hail
|upkeep
|turn|19
|j| Alola Magikarp
|
|t:|1655297325
|switch|p2a: Melmetal|Melmetal|7/100
|-damage|p2a: Melmetal|0 fnt|[from] Stealth Rock
|faint|p2a: Melmetal
|move|p1a: Ninetales|Moonblast|p2: Melmetal|[notarget]
|-fail|p1a: Ninetales
|
|-weather|Hail|[upkeep]
|upkeep
|
|t:|1655297330
|switch|p2a: Tapu Lele|Tapu Lele|100/100
|-damage|p2a: Tapu Lele|88/100|[from] Stealth Rock
|-fieldstart|move: Psychic Terrain|[from] ability: Psychic Surge|[of] p2a: Tapu Lele
|turn|20
|
|t:|1655297340
|switch|p1a: Landorus|Landorus-Therian, M|25/100
|-damage|p1a: Landorus|12/100|[from] Stealth Rock
|-ability|p1a: Landorus|Intimidate|boost
|-unboost|p2a: Tapu Lele|atk|1
|move|p2a: Tapu Lele|Psyshock|p1a: Landorus
|-damage|p1a: Landorus|0 fnt
|faint|p1a: Landorus
|
|-weather|Hail|[upkeep]
|-damage|p2a: Tapu Lele|82/100|[from] Hail
|upkeep
|
|t:|1655297344
|switch|p1a: Arctozolt|Arctozolt|100/100
|turn|21
|
|t:|1655297347
|switch|p2a: Dragonite|Dragonite, M|94/100
|-damage|p2a: Dragonite|69/100|[from] Stealth Rock
|move|p1a: Arctozolt|Bolt Beak|p2a: Dragonite
|-damage|p2a: Dragonite|18/100
|
|-weather|Hail|[upkeep]
|-damage|p2a: Dragonite|12/100|[from] Hail
|upkeep
|turn|22
|
|t:|1655297351
|move|p1a: Arctozolt|Bolt Beak|p2a: Dragonite
|-damage|p2a: Dragonite|0 fnt
|faint|p2a: Dragonite
|
|-weather|none
|upkeep
|
|t:|1655297376
|switch|p2a: Urshifu|Urshifu-Rapid-Strike, M|100/100
|-damage|p2a: Urshifu|94/100|[from] Stealth Rock
|turn|23
|
|t:|1655297385
|switch|p1a: Ninetales|Ninetales-Alola, M|51/100
|-damage|p1a: Ninetales|26/100|[from] Stealth Rock
|-weather|Hail|[from] ability: Snow Warning|[of] p1a: Ninetales
|move|p2a: Urshifu|Surging Strikes|p1a: Ninetales
|-crit|p1a: Ninetales
|-damage|p1a: Ninetales|0 fnt
|faint|p1a: Ninetales
|-hitcount|p1: Ninetales|1
|
|-weather|Hail|[upkeep]
|-damage|p2a: Urshifu|88/100|[from] Hail
|upkeep
|
|t:|1655297387
|switch|p1a: Arctozolt|Arctozolt|100/100
|turn|24
|
|t:|1655297390
|move|p1a: Arctozolt|Bolt Beak|p2a: Urshifu
|-supereffective|p2a: Urshifu
|-damage|p2a: Urshifu|0 fnt
|faint|p2a: Urshifu
|
|-weather|Hail|[upkeep]
|-fieldend|move: Psychic Terrain
|upkeep
|
|t:|1655297393
|switch|p2a: Victini|Victini|56/100
|turn|25
|
|t:|1655297411
|move|p1a: Arctozolt|Bolt Beak|p2a: Victini
|-damage|p2a: Victini|0 fnt
|faint|p2a: Victini
|
|-weather|Hail|[upkeep]
|upkeep
|
|t:|1655297414
|switch|p2a: Tapu Lele|Tapu Lele|82/100
|-damage|p2a: Tapu Lele|70/100|[from] Stealth Rock
|-fieldstart|move: Psychic Terrain|[from] ability: Psychic Surge|[of] p2a: Tapu Lele
|turn|26
|
|t:|1655297417
|move|p1a: Arctozolt|Bolt Beak|p2a: Tapu Lele
|-damage|p2a: Tapu Lele|0 fnt
|faint|p2a: Tapu Lele
|
|win|ZoukEtoile
|raw|ZoukEtoile's rating: 1643 &rarr; <strong>1665</strong><br />(+22 for winning)
|raw|yung_iznamakin's rating: 1679 &rarr; <strong>1657</strong><br />(-22 for losing)
|l|☆yung_iznamakin
||Ladder isn't responding, score probably updated but might not have (Request timeout).
