|j|‽brettfavreguilty
|j|☆Raimei Hakkei 2
|t:|1667414485
|gametype|singles
|player|p1|brettfavreguilty|harlequin|1809
|player|p2|Raimei Hakkei 2|170|1732
|teamsize|p1|6
|teamsize|p2|6
|gen|8
|tier|[Gen 8] OU
|rated|
|rule|Sleep Clause Mod: Limit one foe put to sleep
|rule|Species Clause: Limit one of each Pokémon
|rule|OHKO Clause: OHKO moves are banned
|rule|Evasion Items Clause: Evasion items are banned
|rule|Evasion Moves Clause: Evasion moves are banned
|rule|Endless Battle Clause: Forcing endless battles is banned
|rule|HP Percentage Mod: HP is shown in percentages
|rule|Dynamax Clause: You cannot dynamax
|clearpoke
|poke|p1|Pelipper, M|
|poke|p1|Melmetal|
|poke|p1|Inteleon, F|
|poke|p1|Ferrothorn, F|
|poke|p1|Barraskewda, M|
|poke|p1|Seismitoad, F|
|poke|p2|Landorus-Therian, M|
|poke|p2|Magnezone|
|poke|p2|Dragapult, F|
|poke|p2|Garchomp, F|
|poke|p2|Tapu Lele|
|poke|p2|Kartana|
|teampreview
|inactive|Battle timer is ON: inactive players will automatically lose when time's up. (requested by Raimei Hakkei 2)
|inactive|brettfavreguilty also wants the timer to be on.
|j| oRinNeGa7V1
|
|t:|1667414500
|start
|switch|p1a: Pelipper|Pelipper, M|100/100
|switch|p2a: Dragapult|Dragapult, F|100/100
|-weather|RainDance|[from] ability: Drizzle|[of] p1a: Pelipper
|turn|1
|
|t:|1667414504
|switch|p1a: Ferrothorn|Ferrothorn, F|100/100
|move|p2a: Dragapult|Flamethrower|p1a: Ferrothorn
|-supereffective|p1a: Ferrothorn
|-damage|p1a: Ferrothorn|54/100
|
|-weather|RainDance|[upkeep]
|-heal|p1a: Ferrothorn|60/100|[from] item: Leftovers
|upkeep
|turn|2
|
|t:|1667414509
|switch|p2a: Garchomp|Garchomp, F|100/100
|move|p1a: Ferrothorn|Stealth Rock|p2a: Garchomp
|-sidestart|p2: Raimei Hakkei 2|move: Stealth Rock
|
|-weather|RainDance|[upkeep]
|-heal|p1a: Ferrothorn|66/100|[from] item: Leftovers
|upkeep
|turn|3
|
|t:|1667414513
|switch|p1a: Inteleon|Inteleon, F|100/100
|move|p2a: Garchomp|Stealth Rock|p1a: Inteleon
|-sidestart|p1: brettfavreguilty|move: Stealth Rock
|
|-weather|RainDance|[upkeep]
|upkeep
|turn|4
|
|t:|1667414519
|move|p1a: Inteleon|Snipe Shot|p2a: Garchomp
|-crit|p2a: Garchomp
|-damage|p2a: Garchomp|0 fnt
|faint|p2a: Garchomp
|
|-weather|RainDance|[upkeep]
|upkeep
|
|t:|1667414525
|switch|p2a: Dragapult|Dragapult, F|100/100
|-damage|p2a: Dragapult|88/100|[from] Stealth Rock
|turn|5
|
|t:|1667414528
|move|p2a: Dragapult|Shadow Ball|p1a: Inteleon
|-damage|p1a: Inteleon|11/100
|move|p1a: Inteleon|Snipe Shot|p2a: Dragapult
|-resisted|p2a: Dragapult
|-crit|p2a: Dragapult
|-damage|p2a: Dragapult|0 fnt
|faint|p2a: Dragapult
|
|-weather|RainDance|[upkeep]
|upkeep
|
|t:|1667414535
|switch|p2a: Kartana|Kartana|100/100
|-damage|p2a: Kartana|94/100|[from] Stealth Rock
|turn|6
|
|t:|1667414544
|switch|p1a: Melmetal|Melmetal|100/100
|-damage|p1a: Melmetal|94/100|[from] Stealth Rock
|move|p2a: Kartana|Leaf Blade|p1a: Melmetal
|-resisted|p1a: Melmetal
|-damage|p1a: Melmetal|74/100
|-damage|p2a: Kartana|85/100|[from] item: Life Orb
|
|-weather|RainDance|[upkeep]
|upkeep
|turn|7
|
|t:|1667414549
|switch|p2a: Magnezone|Magnezone|100/100
|-damage|p2a: Magnezone|94/100|[from] Stealth Rock
|move|p1a: Melmetal|Earthquake|p2a: Magnezone
|-supereffective|p2a: Magnezone
|-damage|p2a: Magnezone|0 fnt
|faint|p2a: Magnezone
|
|-weather|RainDance|[upkeep]
|upkeep
|
|t:|1667414552
|switch|p2a: Landorus|Landorus-Therian, M|100/100
|-damage|p2a: Landorus|88/100|[from] Stealth Rock
|-ability|p2a: Landorus|Intimidate|boost
|-unboost|p1a: Melmetal|atk|1
|turn|8
|
|t:|1667414558
|switch|p1a: Inteleon|Inteleon, F|11/100
|-damage|p1a: Inteleon|0 fnt|[from] Stealth Rock
|faint|p1a: Inteleon
|move|p2a: Landorus|Substitute|p2a: Landorus
|-start|p2a: Landorus|Substitute
|-damage|p2a: Landorus|64/100
|
|-weather|none
|upkeep
|
|t:|1667414575
|switch|p1a: Barraskewda|Barraskewda, M|100/100
|-damage|p1a: Barraskewda|88/100|[from] Stealth Rock
|turn|9
|
|t:|1667414578
|move|p1a: Barraskewda|Flip Turn|p2a: Landorus
|-supereffective|p2a: Landorus
|-end|p2a: Landorus|Substitute
|
|t:|1667414580
|switch|p1a: Pelipper|Pelipper, M|100/100|[from]move: Flip Turn
|-damage|p1a: Pelipper|76/100|[from] Stealth Rock
|-weather|RainDance|[from] ability: Drizzle|[of] p1a: Pelipper
|move|p2a: Landorus|Substitute|p2a: Landorus
|-start|p2a: Landorus|Substitute
|-damage|p2a: Landorus|39/100
|
|-weather|RainDance|[upkeep]
|upkeep
|turn|10
|
|t:|1667414587
|move|p2a: Landorus|Rock Polish|p2a: Landorus
|-boost|p2a: Landorus|spe|2
|move|p1a: Pelipper|Scald|p2a: Landorus
|-supereffective|p2a: Landorus
|-end|p2a: Landorus|Substitute
|
|-weather|RainDance|[upkeep]
|upkeep
|turn|11
|
|t:|1667414593
|move|p2a: Landorus|Fly||[still]
|-prepare|p2a: Landorus|Fly
|-enditem|p2a: Landorus|Power Herb
|-anim|p2a: Landorus|Fly|p1a: Pelipper
|-damage|p1a: Pelipper|35/100
|move|p1a: Pelipper|Scald|p2a: Landorus
|-supereffective|p2a: Landorus
|-damage|p2a: Landorus|0 fnt
|faint|p2a: Landorus
|
|-weather|RainDance|[upkeep]
|upkeep
|
|t:|1667414597
|switch|p2a: Kartana|Kartana|85/100
|-damage|p2a: Kartana|78/100|[from] Stealth Rock
|turn|12
|
|t:|1667414604
|switch|p1a: Ferrothorn|Ferrothorn, F|66/100
|-damage|p1a: Ferrothorn|60/100|[from] Stealth Rock
|move|p2a: Kartana|Knock Off|p1a: Ferrothorn
|-damage|p1a: Ferrothorn|14/100
|-damage|p2a: Kartana|66/100|[from] ability: Iron Barbs|[of] p1a: Ferrothorn
|-enditem|p1a: Ferrothorn|Leftovers|[from] move: Knock Off|[of] p2a: Kartana
|-damage|p2a: Kartana|56/100|[from] item: Life Orb
|
|-weather|RainDance|[upkeep]
|upkeep
|turn|13
|
|t:|1667414608
|move|p2a: Kartana|Knock Off|p1a: Ferrothorn
|-damage|p1a: Ferrothorn|0 fnt
|-damage|p2a: Kartana|44/100|[from] ability: Iron Barbs|[of] p1a: Ferrothorn
|faint|p1a: Ferrothorn
|-ability|p2a: Kartana|Beast Boost|boost
|-boost|p2a: Kartana|atk|1
|-damage|p2a: Kartana|34/100|[from] item: Life Orb
|
|-weather|RainDance|[upkeep]
|upkeep
|
|t:|1667414610
|switch|p1a: Seismitoad|Seismitoad, F|100/100
|-damage|p1a: Seismitoad|95/100|[from] Stealth Rock
|turn|14
|
|t:|1667414614
|move|p1a: Seismitoad|Weather Ball|p2a: Kartana
|-resisted|p2a: Kartana
|-damage|p2a: Kartana|0 fnt
|faint|p2a: Kartana
|-damage|p1a: Seismitoad|85/100|[from] item: Life Orb
|
|-weather|RainDance|[upkeep]
|upkeep
|
|t:|1667414616
|switch|p2a: Tapu Lele|Tapu Lele|100/100
|-damage|p2a: Tapu Lele|88/100|[from] Stealth Rock
|-fieldstart|move: Psychic Terrain|[from] ability: Psychic Surge|[of] p2a: Tapu Lele
|turn|15
|
|t:|1667414618
|move|p1a: Seismitoad|Weather Ball|p2a: Tapu Lele
|-damage|p2a: Tapu Lele|0 fnt
|faint|p2a: Tapu Lele
|-damage|p1a: Seismitoad|75/100|[from] item: Life Orb
|
|win|brettfavreguilty
|raw|brettfavreguilty's rating: 1809 &rarr; <strong>1825</strong><br />(+16 for winning)
|raw|Raimei Hakkei 2's rating: 1732 &rarr; <strong>1716</strong><br />(-16 for losing)
|l|☆Raimei Hakkei 2
||Ladder isn't responding, score probably updated but might not have (Request timeout).
|l| oRinNeGa7V1
|l|‽brettfavreguilty
|j|‽brettfavreguilty
|player|p1|brettfavreguilty|harlequin
|n|‽brettfavreguilty|brettfavreguilty
