|raw|<div class="broadcast-blue"><strong>This battle is required to be public due to a player having a name starting with 'lt82zw'.</div>
|j|☆LT82ZW Vaw
|j|☆ChiefGreenLeaf3
|t:|1626286304
|gametype|singles
|player|p1|LT82ZW Vaw|falkner|1693
|player|p2|ChiefGreenLeaf3|giovanni-gen1|1718
|teamsize|p1|6
|teamsize|p2|6
|gen|8
|tier|[Gen 8] OU
|rated|
|rule|Sleep Clause Mod: Limit one foe put to sleep
|rule|Species Clause: Limit one of each Pokémon
|rule|OHKO Clause: OHKO moves are banned
|rule|Evasion Moves Clause: Evasion moves are banned
|rule|Endless Battle Clause: Forcing endless battles is banned
|rule|HP Percentage Mod: HP is shown in percentages
|rule|Dynamax Clause: You cannot dynamax
|clearpoke
|poke|p1|Bisharp, F|
|poke|p1|Cloyster, M|
|poke|p1|Garchomp, F|
|poke|p1|Hawlucha, M|
|poke|p1|Skarmory, F|
|poke|p1|Volcarona, M|
|poke|p2|Toxtricity, M|
|poke|p2|Celesteela|
|poke|p2|Conkeldurr, M|
|poke|p2|Mamoswine, F|
|poke|p2|Victini|
|poke|p2|Azumarill, M|
|teampreview
|inactive|Battle timer is ON: inactive players will automatically lose when time's up. (requested by LT82ZW Vaw)
|
|t:|1626286328
|start
|switch|p1a: Garchomp|Garchomp, F|100/100
|switch|p2a: Mamoswine|Mamoswine, F, shiny|100/100
|turn|1
|
|t:|1626286333
|switch|p1a: Skarmory|Skarmory, F|100/100
|move|p2a: Mamoswine|Icicle Crash|p1a: Skarmory
|-damage|p1a: Skarmory|54/100
|
|upkeep
|turn|2
|
|t:|1626286343
|move|p1a: Skarmory|Stealth Rock|p2a: Mamoswine
|-sidestart|p2: ChiefGreenLeaf3|move: Stealth Rock
|move|p2a: Mamoswine|Icicle Crash|p1a: Skarmory
|-damage|p1a: Skarmory|5/100
|
|upkeep
|turn|3
|-enditem|p1a: Skarmory|Custap Berry|[eat]
|-activate|p1a: Skarmory|item: Custap Berry|[consumed]
|
|t:|1626286352
|move|p2a: Mamoswine|Ice Shard|p1a: Skarmory
|-damage|p1a: Skarmory|0 fnt
|faint|p1a: Skarmory
|
|upkeep
|
|t:|1626286379
|switch|p1a: Volcarona|Volcarona, M|100/100
|turn|4
|
|t:|1626286386
|move|p1a: Volcarona|Fire Blast|p2a: Mamoswine
|-supereffective|p2a: Mamoswine
|-crit|p2a: Mamoswine
|-damage|p2a: Mamoswine|0 fnt
|faint|p2a: Mamoswine
|
|upkeep
|
|t:|1626286402
|switch|p2a: Azumarill|Azumarill, M|100/100
|-damage|p2a: Azumarill|88/100|[from] Stealth Rock
|turn|5
|
|t:|1626286405
|move|p1a: Volcarona|Psychic|p2a: Azumarill
|-damage|p2a: Azumarill|56/100
|move|p2a: Azumarill|Belly Drum|p2a: Azumarill
|-damage|p2a: Azumarill|6/100
|-setboost|p2a: Azumarill|atk|6|[from] move: Belly Drum
|-enditem|p2a: Azumarill|Sitrus Berry|[eat]
|-heal|p2a: Azumarill|31/100|[from] item: Sitrus Berry
|
|upkeep
|turn|6
|
|t:|1626286410
|switch|p1a: Garchomp|Garchomp, F|100/100
|move|p2a: Azumarill|Aqua Jet|p1a: Garchomp
|-damage|p1a: Garchomp|0 fnt
|-damage|p2a: Azumarill|19/100|[from] ability: Rough Skin|[of] p1a: Garchomp
|faint|p1a: Garchomp
|
|upkeep
|
|t:|1626286418
|switch|p1a: Bisharp|Bisharp, F|100/100
|turn|7
|
|t:|1626286421
|move|p1a: Bisharp|Sucker Punch||[still]
|-fail|p1a: Bisharp
|move|p2a: Azumarill|Belly Drum||[still]
|-fail|p2a: Azumarill
|
|upkeep
|turn|8
|
|t:|1626286423
|move|p1a: Bisharp|Sucker Punch||[still]
|-fail|p1a: Bisharp
|move|p2a: Azumarill|Belly Drum||[still]
|-fail|p2a: Azumarill
|
|upkeep
|turn|9
|
|t:|1626286426
|move|p1a: Bisharp|Sucker Punch||[still]
|-fail|p1a: Bisharp
|move|p2a: Azumarill|Belly Drum||[still]
|-fail|p2a: Azumarill
|
|upkeep
|turn|10
|
|t:|1626286428
|move|p1a: Bisharp|Sucker Punch||[still]
|-fail|p1a: Bisharp
|move|p2a: Azumarill|Belly Drum||[still]
|-fail|p2a: Azumarill
|
|upkeep
|turn|11
|
|t:|1626286430
|move|p1a: Bisharp|Sucker Punch|p2a: Azumarill
|-resisted|p2a: Azumarill
|-damage|p2a: Azumarill|0 fnt
|faint|p2a: Azumarill
|-damage|p1a: Bisharp|91/100|[from] item: Life Orb
|
|upkeep
|
|t:|1626286440
|switch|p2a: Conkeldurr|Conkeldurr, M|100/100
|-damage|p2a: Conkeldurr|94/100|[from] Stealth Rock
|turn|12
|inactive|LT82ZW Vaw has 120 seconds left.
|c|☆ChiefGreenLeaf3|Didn't we just play lol?
|c|☆ChiefGreenLeaf3|Or is this just the7th time ive seen this team
|inactive|LT82ZW Vaw has 90 seconds left.
|
|t:|1626286504
|switch|p1a: Volcarona|Volcarona, M|100/100
|move|p2a: Conkeldurr|Mach Punch|p1a: Volcarona
|-resisted|p1a: Volcarona
|-damage|p1a: Volcarona|82/100
|
|-status|p2a: Conkeldurr|brn|[from] item: Flame Orb
|upkeep
|turn|13
|c|☆ChiefGreenLeaf3|In the last 2 hours
|
|t:|1626286510
|move|p1a: Volcarona|Psychic|p2a: Conkeldurr
|-supereffective|p2a: Conkeldurr
|-damage|p2a: Conkeldurr|17/100 brn
|move|p2a: Conkeldurr|Facade|p1a: Volcarona
|-crit|p1a: Volcarona
|-damage|p1a: Volcarona|0 fnt
|faint|p1a: Volcarona
|
|-damage|p2a: Conkeldurr|11/100 brn|[from] brn
|upkeep
|
|t:|1626286524
|switch|p1a: Hawlucha|Hawlucha, M|100/100
|turn|14
|
|t:|1626286530
|move|p1a: Hawlucha|Sky Attack||[still]
|-prepare|p1a: Hawlucha|Sky Attack
|-enditem|p1a: Hawlucha|Power Herb
|-anim|p1a: Hawlucha|Sky Attack|p2a: Conkeldurr
|-supereffective|p2a: Conkeldurr
|-damage|p2a: Conkeldurr|0 fnt
|faint|p2a: Conkeldurr
|
|upkeep
|
|t:|1626286545
|switch|p2a: Victini|Victini|100/100
|turn|15
|
|t:|1626286554
|move|p1a: Hawlucha|Acrobatics|p2a: Victini
|-crit|p2a: Victini
|-damage|p2a: Victini|38/100
|move|p2a: Victini|Trick Room|p2a: Victini
|-fieldstart|move: Trick Room|[of] p2a: Victini
|
|upkeep
|turn|16
|
|t:|1626286563
|move|p2a: Victini|V-create|p1a: Hawlucha
|-damage|p1a: Hawlucha|0 fnt
|-unboost|p2a: Victini|spe|1
|-unboost|p2a: Victini|def|1
|-unboost|p2a: Victini|spd|1
|faint|p1a: Hawlucha
|
|upkeep
|
|t:|1626286564
|switch|p1a: Bisharp|Bisharp, F|91/100
|turn|17
|
|t:|1626286572
|move|p1a: Bisharp|Sucker Punch|p2a: Victini
|-supereffective|p2a: Victini
|-damage|p2a: Victini|0 fnt
|faint|p2a: Victini
|-damage|p1a: Bisharp|81/100|[from] item: Life Orb
|
|upkeep
|j| Coronavirus EUW
|
|t:|1626286587
|switch|p2a: Toxtricity|Toxtricity, M|100/100
|-damage|p2a: Toxtricity|88/100|[from] Stealth Rock
|turn|18
|
|t:|1626286593
|move|p2a: Toxtricity|Drain Punch|p1a: Bisharp
|-supereffective|p1a: Bisharp
|-crit|p1a: Bisharp
|-damage|p1a: Bisharp|0 fnt
|-heal|p2a: Toxtricity|100/100|[from] drain|[of] p1a: Bisharp
|faint|p1a: Bisharp
|-damage|p2a: Toxtricity|91/100|[from] item: Life Orb
|
|upkeep
|c|☆LT82ZW Vaw|yooooo
|
|t:|1626286598
|switch|p1a: Cloyster|Cloyster, M|100/100
|turn|19
|
|t:|1626286601
|move|p2a: Toxtricity|Overdrive|p1a: Cloyster
|-supereffective|p1a: Cloyster
|-damage|p1a: Cloyster|0 fnt
|faint|p1a: Cloyster
|-damage|p2a: Toxtricity|81/100|[from] item: Life Orb
|
|win|ChiefGreenLeaf3
|raw|LT82ZW Vaw's rating: 1693 &rarr; <strong>1674</strong><br />(-19 for losing)
|raw|ChiefGreenLeaf3's rating: 1718 &rarr; <strong>1737</strong><br />(+19 for winning)
|c|☆LT82ZW Vaw|u choked
|c|☆LT82ZW Vaw|wtf
|c|☆ChiefGreenLeaf3|Lmaoo
|c|☆ChiefGreenLeaf3|Bruh
|c|☆ChiefGreenLeaf3|Im using UU and beating olt players
|c|☆ChiefGreenLeaf3|U think i lost the plot bro
|c|☆ChiefGreenLeaf3|I was in control the entire game
|c|☆LT82ZW Vaw|you clearly choked man
|c|☆LT82ZW Vaw|but if you say so
|c|☆ChiefGreenLeaf3|Lmao bruh
|l|☆LT82ZW Vaw
|c|☆ChiefGreenLeaf3|U mad i didnt sg?
||Ladder isn't responding, score probably updated but might not have (Request timeout).
|l| Coronavirus EUW
