|html|<div class="broadcast-blue"><strong>[Gen 8] OU is currently suspecting Melmetal! For information on how to participate check out the <a href="https://www.smogon.com/forums/threads/np-ss-ou-suspect-process-round-12-monster-mash.3709234/">suspect thread</a>.</strong></div>
|j|‽Valentine
|j|‽minimax_ai
|t:|1666744641
|gametype|singles
|player|p1|Valentine|170|1667
|player|p2|minimax_ai|266|1642
|teamsize|p1|6
|teamsize|p2|6
|gen|8
|tier|[Gen 8] OU
|rated|
|rule|Sleep Clause Mod: Limit one foe put to sleep
|rule|Species Clause: Limit one of each Pokémon
|rule|OHKO Clause: OHKO moves are banned
|rule|Evasion Items Clause: Evasion items are banned
|rule|Evasion Moves Clause: Evasion moves are banned
|rule|Endless Battle Clause: Forcing endless battles is banned
|rule|HP Percentage Mod: HP is shown in percentages
|rule|Dynamax Clause: You cannot dynamax
|clearpoke
|poke|p1|Garchomp, M|
|poke|p1|Dragapult, M|
|poke|p1|Dragonite, M|
|poke|p1|Landorus-Therian, M|
|poke|p1|Melmetal|
|poke|p1|Kartana|
|poke|p2|Rotom-Wash|
|poke|p2|Weavile, M|
|poke|p2|Landorus-Therian, M|
|poke|p2|Heatran, M|
|poke|p2|Tangrowth, M|
|poke|p2|Melmetal|
|teampreview
|inactive|Battle timer is ON: inactive players will automatically lose when time's up. (requested by minimax_ai)
|
|t:|1666744659
|start
|switch|p1a: Kartana|Kartana|100/100
|switch|p2a: Melmetal|Melmetal|100/100
|turn|1
|
|t:|1666744661
|switch|p2a: Tangrowth|Tangrowth, M|100/100
|move|p1a: Kartana|Sacred Sword|p2a: Tangrowth
|-damage|p2a: Tangrowth|68/100
|-damage|p1a: Kartana|84/100|[from] item: Rocky Helmet|[of] p2a: Tangrowth
|
|upkeep
|turn|2
|
|t:|1666744666
|switch|p1a: Landorus|Landorus-Therian, M|100/100
|-ability|p1a: Landorus|Intimidate|boost
|-unboost|p2a: Tangrowth|atk|1
|switch|p2a: Landorus|Landorus-Therian, M|100/100
|-ability|p2a: Landorus|Intimidate|boost
|-unboost|p1a: Landorus|atk|1
|
|upkeep
|turn|3
|
|t:|1666744668
|move|p1a: Landorus|Stealth Rock|p2a: Landorus
|-sidestart|p2: minimax_ai|move: Stealth Rock
|move|p2a: Landorus|Toxic|p1a: Landorus
|-status|p1a: Landorus|tox
|
|-damage|p1a: Landorus|95/100 tox|[from] psn
|upkeep
|turn|4
|
|t:|1666744671
|switch|p1a: Kartana|Kartana|84/100
|move|p2a: Landorus|Defog|p1a: Kartana
|-unboost|p1a: Kartana|evasion|1
|-sideend|p2: minimax_ai|Stealth Rock|[from] move: Defog|[of] p2a: Landorus
|
|upkeep
|turn|5
|
|t:|1666744673
|switch|p2a: Tangrowth|Tangrowth, M|100/100
|move|p1a: Kartana|Knock Off|p2a: Tangrowth
|-damage|p2a: Tangrowth|66/100
|-damage|p1a: Kartana|67/100|[from] item: Rocky Helmet|[of] p2a: Tangrowth
|-enditem|p2a: Tangrowth|Rocky Helmet|[from] move: Knock Off|[of] p1a: Kartana
|
|upkeep
|turn|6
|
|t:|1666744675
|switch|p1a: Landorus|Landorus-Therian, M|95/100 tox
|-ability|p1a: Landorus|Intimidate|boost
|-unboost|p2a: Tangrowth|atk|1
|switch|p2a: Melmetal|Melmetal|100/100
|
|-damage|p1a: Landorus|89/100 tox|[from] psn
|upkeep
|turn|7
|
|t:|1666744677
|move|p1a: Landorus|Stealth Rock|p2a: Melmetal
|-sidestart|p2: minimax_ai|move: Stealth Rock
|move|p2a: Melmetal|Ice Punch|p1a: Landorus
|-supereffective|p1a: Landorus
|-damage|p1a: Landorus|0 fnt
|faint|p1a: Landorus
|
|upkeep
|
|t:|1666744684
|switch|p1a: Kartana|Kartana|67/100
|turn|8
|
|t:|1666744688
|switch|p1a: Garchomp|Garchomp, M|100/100
|move|p2a: Melmetal|Ice Punch|p1a: Garchomp
|-supereffective|p1a: Garchomp
|-damage|p1a: Garchomp|0 fnt
|-damage|p2a: Melmetal|88/100|[from] ability: Rough Skin|[of] p1a: Garchomp
|faint|p1a: Garchomp
|
|upkeep
|
|t:|1666744693
|switch|p1a: Melmetal|Melmetal|100/100
|turn|9
|j| Jongruenwald
|
|t:|1666744696
|move|p1a: Melmetal|Ice Punch|p2a: Melmetal
|-resisted|p2a: Melmetal
|-damage|p2a: Melmetal|72/100
|move|p2a: Melmetal|Earthquake|p1a: Melmetal
|-supereffective|p1a: Melmetal
|-damage|p1a: Melmetal|56/100
|
|upkeep
|turn|10
|
|t:|1666744700
|switch|p1a: Kartana|Kartana|67/100
|move|p2a: Melmetal|Earthquake|p1a: Kartana
|-damage|p1a: Kartana|25/100
|
|upkeep
|turn|11
|
|t:|1666744704
|switch|p1a: Melmetal|Melmetal|56/100
|move|p2a: Melmetal|Double Iron Bash|p1a: Melmetal
|-resisted|p1a: Melmetal
|-damage|p1a: Melmetal|43/100
|-resisted|p1a: Melmetal
|-damage|p1a: Melmetal|30/100
|-hitcount|p1a: Melmetal|2
|
|upkeep
|turn|12
|
|t:|1666744705
|move|p1a: Melmetal|Earthquake|p2a: Melmetal
|-supereffective|p2a: Melmetal
|-damage|p2a: Melmetal|0 fnt
|faint|p2a: Melmetal
|
|upkeep
|
|t:|1666744706
|switch|p2a: Weavile|Weavile, M|100/100
|-damage|p2a: Weavile|76/100|[from] Stealth Rock
|-ability|p2a: Weavile|Pressure
|turn|13
|
|t:|1666744708
|move|p2a: Weavile|Knock Off|p1a: Melmetal
|-damage|p1a: Melmetal|0 fnt
|-enditem|p1a: Melmetal|Choice Band|[from] move: Knock Off|[of] p2a: Weavile
|faint|p1a: Melmetal
|
|upkeep
|
|t:|1666744711
|switch|p1a: Dragapult|Dragapult, M|100/100
|turn|14
|
|t:|1666744715
|switch|p2a: Landorus|Landorus-Therian, M|100/100
|-damage|p2a: Landorus|88/100|[from] Stealth Rock
|-ability|p2a: Landorus|Intimidate|boost
|-unboost|p1a: Dragapult|atk|1
|move|p1a: Dragapult|Draco Meteor|p2a: Landorus
|-damage|p2a: Landorus|43/100
|-unboost|p1a: Dragapult|spa|2
|
|-heal|p2a: Landorus|49/100|[from] item: Leftovers
|upkeep
|turn|15
|
|t:|1666744717
|move|p1a: Dragapult|Draco Meteor|p2a: Landorus|[miss]
|-miss|p1a: Dragapult|p2a: Landorus
|move|p2a: Landorus|Defog|p1a: Dragapult
|-unboost|p1a: Dragapult|evasion|1
|-sideend|p2: minimax_ai|Stealth Rock|[from] move: Defog|[of] p2a: Landorus
|
|-heal|p2a: Landorus|55/100|[from] item: Leftovers
|upkeep
|turn|16
|
|t:|1666744721
|switch|p1a: Kartana|Kartana|25/100
|move|p2a: Landorus|U-turn|p1a: Kartana
|-damage|p1a: Kartana|0 fnt
|faint|p1a: Kartana
|
|t:|1666744721
|switch|p2a: Rotom|Rotom-Wash|100/100|[from]move: U-turn
|
|upkeep
|
|t:|1666744726
|switch|p1a: Dragapult|Dragapult, M|100/100
|turn|17
|
|t:|1666744727
|move|p1a: Dragapult|Draco Meteor|p2a: Rotom
|-crit|p2a: Rotom
|-damage|p2a: Rotom|0 fnt
|-unboost|p1a: Dragapult|spa|2
|faint|p2a: Rotom
|
|upkeep
|
|t:|1666744727
|switch|p2a: Weavile|Weavile, M|76/100
|-ability|p2a: Weavile|Pressure
|turn|18
|
|t:|1666744730
|move|p1a: Dragapult|Draco Meteor|p2a: Weavile
|-damage|p2a: Weavile|29/100
|-unboost|p1a: Dragapult|spa|2
|move|p2a: Weavile|Triple Axel|p1a: Dragapult
|-supereffective|p1a: Dragapult
|-damage|p1a: Dragapult|58/100
|-supereffective|p1a: Dragapult
|-damage|p1a: Dragapult|0 fnt
|faint|p1a: Dragapult
|-hitcount|p1: Dragapult|2
|
|upkeep
|
|t:|1666744733
|switch|p1a: Dragonite|Dragonite, M|100/100
|turn|19
|
|t:|1666744734
|switch|p2a: Heatran|Heatran, M|100/100
|-item|p2a: Heatran|Air Balloon
|move|p1a: Dragonite|Dragon Dance|p1a: Dragonite
|-boost|p1a: Dragonite|atk|1
|-boost|p1a: Dragonite|spe|1
|
|upkeep
|turn|20
|
|t:|1666744737
|move|p1a: Dragonite|Ice Punch|p2a: Heatran
|-resisted|p2a: Heatran
|-damage|p2a: Heatran|90/100
|-enditem|p2a: Heatran|Air Balloon
|move|p2a: Heatran|Magma Storm|p1a: Dragonite
|-resisted|p1a: Dragonite
|-damage|p1a: Dragonite|88/100
|-activate|p1a: Dragonite|move: Magma Storm|[of] p2a: Heatran
|
|-damage|p1a: Dragonite|76/100|[from] move: Magma Storm|[partiallytrapped]
|upkeep
|turn|21
|
|t:|1666744738
|switch|p2a: Tangrowth|Tangrowth, M|99/100
|move|p1a: Dragonite|Earthquake|p2a: Tangrowth
|-resisted|p2a: Tangrowth
|-damage|p2a: Tangrowth|85/100
|
|-end|p1a: Dragonite|Magma Storm|[partiallytrapped]|[silent]
|upkeep
|turn|22
|
|t:|1666744740
|move|p1a: Dragonite|Fire Punch|p2a: Tangrowth
|-supereffective|p2a: Tangrowth
|-damage|p2a: Tangrowth|46/100
|move|p2a: Tangrowth|Sleep Powder|p1a: Dragonite
|-status|p1a: Dragonite|slp|[from] move: Sleep Powder
|
|upkeep
|turn|23
|
|t:|1666744742
|switch|p2a: Weavile|Weavile, M|29/100
|-ability|p2a: Weavile|Pressure
|cant|p1a: Dragonite|slp
|
|upkeep
|turn|24
|
|t:|1666744743
|move|p2a: Weavile|Ice Shard|p1a: Dragonite
|-supereffective|p1a: Dragonite
|-damage|p1a: Dragonite|0 fnt
|faint|p1a: Dragonite
|
|win|minimax_ai
|raw|Valentine's rating: 1667 &rarr; <strong>1646</strong><br />(-21 for losing)
|raw|minimax_ai's rating: 1642 &rarr; <strong>1663</strong><br />(+21 for winning)
