|j|☆shucklepilled
|j|☆Wheezer
|t:|1636410530
|gametype|singles
|player|p1|shucklepilled|byron|1800
|player|p2|Wheezer|petrel|1805
|teamsize|p1|6
|teamsize|p2|6
|gen|8
|tier|[Gen 8] OU
|rated|
|rule|Sleep Clause Mod: Limit one foe put to sleep
|rule|Species Clause: Limit one of each Pokémon
|rule|OHKO Clause: OHKO moves are banned
|rule|Evasion Moves Clause: Evasion moves are banned
|rule|Endless Battle Clause: Forcing endless battles is banned
|rule|HP Percentage Mod: HP is shown in percentages
|rule|Dynamax Clause: You cannot dynamax
|clearpoke
|poke|p1|Excadrill, M|
|poke|p1|Dracozolt|
|poke|p1|Gigalith, F|
|poke|p1|Landorus-Therian, M|
|poke|p1|Buzzwole|
|poke|p1|Slowbro, F|
|poke|p2|Toxapex, F|
|poke|p2|Hippowdon, F|
|poke|p2|Suicune|
|poke|p2|Celesteela|
|poke|p2|Jirachi|
|poke|p2|Xatu, F|
|teampreview
|j| Digidigitaldasher
|
|t:|1636410549
|start
|switch|p1a: Slowbro|Slowbro, F|100/100
|switch|p2a: Xatu|Xatu, F|100/100
|turn|1
|
|t:|1636410554
|move|p2a: Xatu|Trick|p1a: Slowbro
|-activate|p2a: Xatu|move: Trick|[of] p1a: Slowbro
|-item|p1a: Slowbro|Choice Scarf|[from] move: Trick
|-item|p2a: Xatu|Eject Button|[from] move: Trick
|move|p1a: Slowbro|Future Sight|p2a: Xatu
|-start|p1a: Slowbro|move: Future Sight
|
|upkeep
|turn|2
|inactive|Battle timer is ON: inactive players will automatically lose when time's up. (requested by shucklepilled)
|inactive|Wheezer has 120 seconds left.
|j| MiniLarry
|
|t:|1636410663
|switch|p1a: Gigalith|Gigalith, F|100/100
|-weather|Sandstorm|[from] ability: Sand Stream|[of] p1a: Gigalith
|move|p2a: Xatu|Psychic|p1a: Gigalith
|-damage|p1a: Gigalith|84/100
|
|-weather|Sandstorm|[upkeep]
|-damage|p2a: Xatu|95/100|[from] Sandstorm
|upkeep
|turn|3
|
|t:|1636410669
|move|p2a: Xatu|Protect|p2a: Xatu
|-singleturn|p2a: Xatu|Protect
|move|p1a: Gigalith|Rock Blast|p2a: Xatu
|-activate|p2a: Xatu|move: Protect
|
|-weather|Sandstorm|[upkeep]
|-damage|p2a: Xatu|89/100|[from] Sandstorm
|-end|p2a: Xatu|move: Future Sight
|-resisted|p2a: Xatu
|-damage|p2a: Xatu|67/100
|upkeep
|turn|4
|
|t:|1636410677
|switch|p2a: Hippowdon|Hippowdon, F|100/100
|move|p1a: Gigalith|Stealth Rock|p2a: Hippowdon
|-sidestart|p2: Wheezer|move: Stealth Rock
|
|-weather|Sandstorm|[upkeep]
|upkeep
|turn|5
|
|t:|1636410681
|switch|p1a: Landorus|Landorus-Therian, M|100/100
|-ability|p1a: Landorus|Intimidate|boost
|-unboost|p2a: Hippowdon|atk|1
|move|p2a: Hippowdon|Stealth Rock|p1a: Landorus
|-sidestart|p1: shucklepilled|move: Stealth Rock
|
|-weather|Sandstorm|[upkeep]
|upkeep
|turn|6
|j| Blue.Moon.Cheese
|
|t:|1636410686
|switch|p2a: Celesteela|Celesteela|100/100
|-damage|p2a: Celesteela|88/100|[from] Stealth Rock
|move|p1a: Landorus|Toxic|p2a: Celesteela
|-immune|p2a: Celesteela
|
|-weather|Sandstorm|[upkeep]
|-heal|p2a: Celesteela|94/100|[from] item: Leftovers
|upkeep
|turn|7
|
|t:|1636410690
|move|p2a: Celesteela|Protect|p2a: Celesteela
|-singleturn|p2a: Celesteela|Protect
|move|p1a: Landorus|Gravity|p1a: Landorus
|-fieldstart|move: Gravity
|
|-weather|Sandstorm|[upkeep]
|-heal|p2a: Celesteela|99/100|[from] item: Leftovers
|upkeep
|turn|8
|
|t:|1636410697
|move|p1a: Landorus|U-turn|p2a: Celesteela
|-resisted|p2a: Celesteela
|-damage|p2a: Celesteela|95/100
|
|t:|1636410700
|switch|p1a: Excadrill|Excadrill, M|100/100|[from]move: U-turn
|-damage|p1a: Excadrill|97/100|[from] Stealth Rock
|move|p2a: Celesteela|Toxic|p1a: Excadrill
|-immune|p1a: Excadrill
|
|-weather|Sandstorm|[upkeep]
|-heal|p2a: Celesteela|100/100|[from] item: Leftovers
|upkeep
|turn|9
|
|t:|1636410705
|switch|p2a: Hippowdon|Hippowdon, F|100/100
|-damage|p2a: Hippowdon|94/100|[from] Stealth Rock
|move|p1a: Excadrill|Earthquake|p2a: Hippowdon
|-damage|p2a: Hippowdon|44/100
|
|-weather|none
|-heal|p2a: Hippowdon|50/100|[from] item: Leftovers
|upkeep
|turn|10
|inactive|shucklepilled has 120 seconds left.
|
|t:|1636410740
|switch|p1a: Landorus|Landorus-Therian, M|100/100
|-damage|p1a: Landorus|88/100|[from] Stealth Rock
|-ability|p1a: Landorus|Intimidate|boost
|-unboost|p2a: Hippowdon|atk|1
|move|p2a: Hippowdon|Slack Off|p2a: Hippowdon
|-heal|p2a: Hippowdon|100/100
|
|-heal|p1a: Landorus|94/100|[from] item: Leftovers
|upkeep
|turn|11
|j| No 1 Hane Fan
|
|t:|1636410751
|switch|p2a: Celesteela|Celesteela|100/100
|-damage|p2a: Celesteela|88/100|[from] Stealth Rock
|move|p1a: Landorus|Earthquake|p2a: Celesteela
|-supereffective|p2a: Celesteela
|-damage|p2a: Celesteela|14/100
|
|-heal|p1a: Landorus|99/100|[from] item: Leftovers
|-heal|p2a: Celesteela|20/100|[from] item: Leftovers
|-fieldend|move: Gravity
|upkeep
|turn|12
|
|t:|1636410754
|move|p1a: Landorus|Gravity|p1a: Landorus
|-fieldstart|move: Gravity
|move|p2a: Celesteela|Leech Seed|p1a: Landorus
|-start|p1a: Landorus|move: Leech Seed
|
|-heal|p1a: Landorus|100/100|[from] item: Leftovers
|-heal|p2a: Celesteela|26/100|[from] item: Leftovers
|-damage|p1a: Landorus|88/100|[from] Leech Seed|[of] p2a: Celesteela
|-heal|p2a: Celesteela|38/100|[silent]
|upkeep
|turn|13
|
|t:|1636410759
|switch|p1a: Gigalith|Gigalith, F|84/100
|-damage|p1a: Gigalith|72/100|[from] Stealth Rock
|-weather|Sandstorm|[from] ability: Sand Stream|[of] p1a: Gigalith
|move|p2a: Celesteela|Protect||[still]
|-fail|p2a: Celesteela
|
|-weather|Sandstorm|[upkeep]
|-heal|p2a: Celesteela|44/100|[from] item: Leftovers
|upkeep
|turn|14
|
|t:|1636410763
|switch|p1a: Excadrill|Excadrill, M|97/100
|-damage|p1a: Excadrill|94/100|[from] Stealth Rock
|move|p2a: Celesteela|Protect||[still]
|-fail|p2a: Celesteela
|
|-weather|Sandstorm|[upkeep]
|-heal|p2a: Celesteela|50/100|[from] item: Leftovers
|upkeep
|turn|15
|
|t:|1636410766
|move|p2a: Celesteela|Protect|p2a: Celesteela
|-singleturn|p2a: Celesteela|Protect
|move|p1a: Excadrill|Earthquake|p2a: Celesteela
|-activate|p2a: Celesteela|move: Protect
|
|-weather|Sandstorm|[upkeep]
|-heal|p2a: Celesteela|56/100|[from] item: Leftovers
|upkeep
|turn|16
|
|t:|1636410770
|switch|p2a: Hippowdon|Hippowdon, F|100/100
|-damage|p2a: Hippowdon|94/100|[from] Stealth Rock
|move|p1a: Excadrill|Earthquake|p2a: Hippowdon
|-damage|p2a: Hippowdon|44/100
|
|-weather|Sandstorm|[upkeep]
|-heal|p2a: Hippowdon|50/100|[from] item: Leftovers
|-fieldend|move: Gravity
|upkeep
|turn|17
|
|t:|1636410777
|switch|p1a: Slowbro|Slowbro, F|100/100
|-damage|p1a: Slowbro|88/100|[from] Stealth Rock
|move|p2a: Hippowdon|Slack Off|p2a: Hippowdon
|-heal|p2a: Hippowdon|100/100
|
|-weather|Sandstorm|[upkeep]
|-damage|p1a: Slowbro|82/100|[from] Sandstorm
|upkeep
|turn|18
|
|t:|1636410784
|switch|p2a: Suicune|Suicune|100/100
|-damage|p2a: Suicune|88/100|[from] Stealth Rock
|-ability|p2a: Suicune|Pressure
|move|p1a: Slowbro|Scald|p2a: Suicune
|-resisted|p2a: Suicune
|-damage|p2a: Suicune|77/100
|
|-weather|Sandstorm|[upkeep]
|-damage|p2a: Suicune|71/100|[from] Sandstorm
|-damage|p1a: Slowbro|76/100|[from] Sandstorm
|-heal|p2a: Suicune|77/100|[from] item: Leftovers
|upkeep
|turn|19
|
|t:|1636410790
|switch|p1a: Dracozolt|Dracozolt|100/100
|-damage|p1a: Dracozolt|88/100|[from] Stealth Rock
|move|p2a: Suicune|Substitute|p2a: Suicune
|-start|p2a: Suicune|Substitute
|-damage|p2a: Suicune|52/100
|
|-weather|Sandstorm|[upkeep]
|-damage|p2a: Suicune|46/100|[from] Sandstorm
|-heal|p2a: Suicune|52/100|[from] item: Leftovers
|upkeep
|turn|20
|
|t:|1636410792
|move|p2a: Suicune|Protect|p2a: Suicune
|-singleturn|p2a: Suicune|Protect
|move|p1a: Dracozolt|Bolt Beak|p2a: Suicune
|-activate|p2a: Suicune|move: Protect
|
|-weather|none
|-heal|p2a: Suicune|58/100|[from] item: Leftovers
|upkeep
|turn|21
|
|t:|1636410798
|move|p2a: Suicune|Scald|p1a: Dracozolt
|-resisted|p1a: Dracozolt
|-damage|p1a: Dracozolt|67/100
|move|p1a: Dracozolt|Bolt Beak|p2a: Suicune
|-supereffective|p2a: Suicune
|-end|p2a: Suicune|Substitute
|-damage|p1a: Dracozolt|58/100|[from] item: Life Orb
|
|-heal|p2a: Suicune|65/100|[from] item: Leftovers
|upkeep
|turn|22
|
|t:|1636410803
|move|p2a: Suicune|Protect|p2a: Suicune
|-singleturn|p2a: Suicune|Protect
|move|p1a: Dracozolt|Bolt Beak|p2a: Suicune
|-activate|p2a: Suicune|move: Protect
|
|-heal|p2a: Suicune|71/100|[from] item: Leftovers
|upkeep
|turn|23
|
|t:|1636410806
|move|p2a: Suicune|Substitute|p2a: Suicune
|-start|p2a: Suicune|Substitute
|-damage|p2a: Suicune|46/100
|move|p1a: Dracozolt|Draco Meteor|p2a: Suicune
|-end|p2a: Suicune|Substitute
|-unboost|p1a: Dracozolt|spa|2
|-damage|p1a: Dracozolt|48/100|[from] item: Life Orb
|
|-heal|p2a: Suicune|52/100|[from] item: Leftovers
|upkeep
|turn|24
|
|t:|1636410809
|move|p2a: Suicune|Protect|p2a: Suicune
|-singleturn|p2a: Suicune|Protect
|move|p1a: Dracozolt|Bolt Beak|p2a: Suicune
|-activate|p2a: Suicune|move: Protect
|
|-heal|p2a: Suicune|58/100|[from] item: Leftovers
|upkeep
|turn|25
|
|t:|1636410811
|move|p2a: Suicune|Substitute|p2a: Suicune
|-start|p2a: Suicune|Substitute
|-damage|p2a: Suicune|33/100
|move|p1a: Dracozolt|Bolt Beak|p2a: Suicune
|-supereffective|p2a: Suicune
|-end|p2a: Suicune|Substitute
|-damage|p1a: Dracozolt|38/100|[from] item: Life Orb
|
|-heal|p2a: Suicune|39/100|[from] item: Leftovers
|upkeep
|turn|26
|
|t:|1636410814
|switch|p1a: Gigalith|Gigalith, F|72/100
|-damage|p1a: Gigalith|59/100|[from] Stealth Rock
|-weather|Sandstorm|[from] ability: Sand Stream|[of] p1a: Gigalith
|move|p2a: Suicune|Substitute|p2a: Suicune
|-start|p2a: Suicune|Substitute
|-damage|p2a: Suicune|14/100
|
|-weather|Sandstorm|[upkeep]
|-damage|p2a: Suicune|8/100|[from] Sandstorm
|-heal|p2a: Suicune|14/100|[from] item: Leftovers
|upkeep
|turn|27
|
|t:|1636410816
|move|p2a: Suicune|Protect|p2a: Suicune
|-singleturn|p2a: Suicune|Protect
|move|p1a: Gigalith|Rock Blast|p2a: Suicune
|-activate|p2a: Suicune|move: Protect
|
|-weather|Sandstorm|[upkeep]
|-damage|p2a: Suicune|8/100|[from] Sandstorm
|-heal|p2a: Suicune|14/100|[from] item: Leftovers
|upkeep
|turn|28
|
|t:|1636410818
|move|p2a: Suicune|Scald|p1a: Gigalith
|-supereffective|p1a: Gigalith
|-damage|p1a: Gigalith|34/100
|move|p1a: Gigalith|Rock Blast|p2a: Suicune
|-activate|p2a: Suicune|move: Substitute|[damage]
|-activate|p2a: Suicune|move: Substitute|[damage]
|-hitcount|p2a: Suicune|2
|
|-weather|Sandstorm|[upkeep]
|-damage|p2a: Suicune|8/100|[from] Sandstorm
|-heal|p2a: Suicune|14/100|[from] item: Leftovers
|upkeep
|turn|29
|
|t:|1636410826
|switch|p1a: Slowbro|Slowbro, F|100/100
|-damage|p1a: Slowbro|88/100|[from] Stealth Rock
|move|p2a: Suicune|Protect||[still]
|-fail|p2a: Suicune
|
|-weather|Sandstorm|[upkeep]
|-damage|p2a: Suicune|8/100|[from] Sandstorm
|-damage|p1a: Slowbro|82/100|[from] Sandstorm
|-heal|p2a: Suicune|14/100|[from] item: Leftovers
|upkeep
|turn|30
|
|t:|1636410829
|move|p2a: Suicune|Calm Mind|p2a: Suicune
|-boost|p2a: Suicune|spa|1
|-boost|p2a: Suicune|spd|1
|move|p1a: Slowbro|Scald|p2a: Suicune
|-resisted|p2a: Suicune
|-activate|p2a: Suicune|move: Substitute|[damage]
|
|-weather|Sandstorm|[upkeep]
|-damage|p2a: Suicune|8/100|[from] Sandstorm
|-damage|p1a: Slowbro|76/100|[from] Sandstorm
|-heal|p2a: Suicune|14/100|[from] item: Leftovers
|upkeep
|turn|31
|
|t:|1636410837
|move|p2a: Suicune|Protect|p2a: Suicune
|-singleturn|p2a: Suicune|Protect
|move|p1a: Slowbro|Scald|p2a: Suicune
|-activate|p2a: Suicune|move: Protect
|
|-weather|Sandstorm|[upkeep]
|-damage|p2a: Suicune|8/100|[from] Sandstorm
|-damage|p1a: Slowbro|70/100|[from] Sandstorm
|-heal|p2a: Suicune|14/100|[from] item: Leftovers
|upkeep
|turn|32
|
|t:|1636410839
|move|p2a: Suicune|Calm Mind|p2a: Suicune
|-boost|p2a: Suicune|spa|1
|-boost|p2a: Suicune|spd|1
|move|p1a: Slowbro|Scald|p2a: Suicune
|-resisted|p2a: Suicune
|-end|p2a: Suicune|Substitute
|
|-weather|Sandstorm|[upkeep]
|-damage|p2a: Suicune|8/100|[from] Sandstorm
|-damage|p1a: Slowbro|64/100|[from] Sandstorm
|-heal|p2a: Suicune|14/100|[from] item: Leftovers
|upkeep
|turn|33
|
|t:|1636410851
|move|p2a: Suicune|Protect|p2a: Suicune
|-singleturn|p2a: Suicune|Protect
|move|p1a: Slowbro|Scald|p2a: Suicune
|-activate|p2a: Suicune|move: Protect
|
|-weather|none
|-heal|p2a: Suicune|21/100|[from] item: Leftovers
|upkeep
|turn|34
|
|t:|1636410856
|move|p2a: Suicune|Calm Mind|p2a: Suicune
|-boost|p2a: Suicune|spa|1
|-boost|p2a: Suicune|spd|1
|move|p1a: Slowbro|Scald|p2a: Suicune
|-resisted|p2a: Suicune
|-damage|p2a: Suicune|17/100
|-status|p2a: Suicune|brn
|
|-heal|p2a: Suicune|23/100 brn|[from] item: Leftovers
|-damage|p2a: Suicune|17/100 brn|[from] brn
|upkeep
|turn|35
|j| testing im gay
|c|☆Wheezer|of
|c|☆Wheezer|c
|
|t:|1636410862
|switch|p1a: Gigalith|Gigalith, F|34/100
|-damage|p1a: Gigalith|21/100|[from] Stealth Rock
|-weather|Sandstorm|[from] ability: Sand Stream|[of] p1a: Gigalith
|move|p2a: Suicune|Scald|p1a: Gigalith
|-supereffective|p1a: Gigalith
|-damage|p1a: Gigalith|0 fnt
|faint|p1a: Gigalith
|
|-weather|Sandstorm|[upkeep]
|-damage|p2a: Suicune|11/100 brn|[from] Sandstorm
|-heal|p2a: Suicune|17/100 brn|[from] item: Leftovers
|-damage|p2a: Suicune|11/100 brn|[from] brn
|upkeep
|
|t:|1636410883
|switch|p1a: Excadrill|Excadrill, M|94/100
|-damage|p1a: Excadrill|91/100|[from] Stealth Rock
|turn|36
|c|☆Wheezer|so annoying man i would've won
|
|t:|1636410894
|switch|p2a: Celesteela|Celesteela|56/100
|-damage|p2a: Celesteela|44/100|[from] Stealth Rock
|move|p1a: Excadrill|Iron Head|p2a: Celesteela
|-resisted|p2a: Celesteela
|-damage|p2a: Celesteela|16/100
|
|-weather|Sandstorm|[upkeep]
|-heal|p2a: Celesteela|22/100|[from] item: Leftovers
|upkeep
|turn|37
|
|t:|1636410897
|move|p2a: Celesteela|Protect|p2a: Celesteela
|-singleturn|p2a: Celesteela|Protect
|move|p1a: Excadrill|Iron Head|p2a: Celesteela
|-activate|p2a: Celesteela|move: Protect
|
|-weather|Sandstorm|[upkeep]
|-heal|p2a: Celesteela|28/100|[from] item: Leftovers
|upkeep
|turn|38
|
|t:|1636410904
|switch|p2a: Toxapex|Toxapex, F|100/100
|-damage|p2a: Toxapex|88/100|[from] Stealth Rock
|move|p1a: Excadrill|Iron Head|p2a: Toxapex
|-resisted|p2a: Toxapex
|-damage|p2a: Toxapex|66/100
|
|-weather|Sandstorm|[upkeep]
|-damage|p2a: Toxapex|60/100|[from] Sandstorm
|-heal|p2a: Toxapex|66/100|[from] item: Black Sludge
|upkeep
|turn|39
|
|t:|1636410910
|switch|p1a: Landorus|Landorus-Therian, M|88/100
|-damage|p1a: Landorus|76/100|[from] Stealth Rock
|-ability|p1a: Landorus|Intimidate|boost
|-unboost|p2a: Toxapex|atk|1
|move|p2a: Toxapex|Toxic Spikes|p1a: Landorus
|-sidestart|p1: shucklepilled|move: Toxic Spikes
|
|-weather|Sandstorm|[upkeep]
|-damage|p2a: Toxapex|60/100|[from] Sandstorm
|-heal|p1a: Landorus|82/100|[from] item: Leftovers
|-heal|p2a: Toxapex|66/100|[from] item: Black Sludge
|upkeep
|turn|40
|
|t:|1636410917
|switch|p2a: Hippowdon|Hippowdon, F|100/100
|-damage|p2a: Hippowdon|94/100|[from] Stealth Rock
|move|p1a: Landorus|Gravity|p1a: Landorus
|-fieldstart|move: Gravity
|
|-weather|Sandstorm|[upkeep]
|-heal|p1a: Landorus|88/100|[from] item: Leftovers
|-heal|p2a: Hippowdon|100/100|[from] item: Leftovers
|upkeep
|turn|41
|
|t:|1636410922
|switch|p2a: Xatu|Xatu, F|67/100
|-damage|p2a: Xatu|42/100|[from] Stealth Rock
|move|p1a: Landorus|Toxic|p2a: Xatu
|move|p2a: Xatu|Toxic|p1a: Landorus|[from]ability: Magic Bounce
|-status|p1a: Landorus|tox
|
|-weather|Sandstorm|[upkeep]
|-damage|p2a: Xatu|36/100|[from] Sandstorm
|-heal|p1a: Landorus|94/100 tox|[from] item: Leftovers
|-damage|p1a: Landorus|88/100 tox|[from] psn
|upkeep
|turn|42
|
|t:|1636410926
|move|p2a: Xatu|Protect|p2a: Xatu
|-singleturn|p2a: Xatu|Protect
|move|p1a: Landorus|U-turn|p2a: Xatu
|-activate|p2a: Xatu|move: Protect
|
|-weather|none
|-heal|p1a: Landorus|94/100 tox|[from] item: Leftovers
|-damage|p1a: Landorus|82/100 tox|[from] psn
|upkeep
|turn|43
|
|t:|1636410931
|move|p2a: Xatu|Roost|p2a: Xatu
|-heal|p2a: Xatu|86/100
|-singleturn|p2a: Xatu|move: Roost
|move|p1a: Landorus|U-turn|p2a: Xatu
|-supereffective|p2a: Xatu
|-damage|p2a: Xatu|24/100
|-enditem|p2a: Xatu|Eject Button
|inactive|Wheezer has 120 seconds left.
|j| Terry B bestdlc
|inactive|Wheezer has 90 seconds left.
|l| Terry B bestdlc
|inactive|Wheezer has 60 seconds left.
|j| Jekt Tohru
|c|☆Wheezer|oh
|c|☆Wheezer|lol my b
|
|t:|1636411033
|switch|p2a: Hippowdon|Hippowdon, F|100/100
|-damage|p2a: Hippowdon|94/100|[from] Stealth Rock
|-weather|Sandstorm|[from] ability: Sand Stream|[of] p2a: Hippowdon
|
|-weather|Sandstorm|[upkeep]
|-heal|p1a: Landorus|88/100 tox|[from] item: Leftovers
|-heal|p2a: Hippowdon|100/100|[from] item: Leftovers
|-damage|p1a: Landorus|70/100 tox|[from] psn
|upkeep
|turn|44
|
|t:|1636411052
|switch|p2a: Toxapex|Toxapex, F|99/100
|-damage|p2a: Toxapex|87/100|[from] Stealth Rock
|move|p1a: Landorus|U-turn|p2a: Toxapex
|-resisted|p2a: Toxapex
|-damage|p2a: Toxapex|81/100
|
|t:|1636411057
|switch|p1a: Excadrill|Excadrill, M|91/100|[from]move: U-turn
|-damage|p1a: Excadrill|88/100|[from] Stealth Rock
|
|-weather|Sandstorm|[upkeep]
|-damage|p2a: Toxapex|75/100|[from] Sandstorm
|-heal|p2a: Toxapex|81/100|[from] item: Black Sludge
|-fieldend|move: Gravity
|upkeep
|turn|45
|
|t:|1636411064
|move|p2a: Toxapex|Baneful Bunker|p2a: Toxapex
|-singleturn|p2a: Toxapex|move: Protect
|move|p1a: Excadrill|Rapid Spin|p2a: Toxapex
|-activate|p2a: Toxapex|move: Protect
|
|-weather|Sandstorm|[upkeep]
|-damage|p2a: Toxapex|75/100|[from] Sandstorm
|-heal|p2a: Toxapex|81/100|[from] item: Black Sludge
|upkeep
|turn|46
|inactive|Wheezer has 60 seconds left.
|
|t:|1636411074
|switch|p2a: Xatu|Xatu, F|24/100
|-damage|p2a: Xatu|0 fnt|[from] Stealth Rock
|faint|p2a: Xatu
|move|p1a: Excadrill|Rapid Spin|p2: Xatu|[notarget]
|-fail|p1a: Excadrill
|
|-weather|Sandstorm|[upkeep]
|upkeep
|
|t:|1636411077
|switch|p2a: Hippowdon|Hippowdon, F|100/100
|-damage|p2a: Hippowdon|94/100|[from] Stealth Rock
|turn|47
|
|t:|1636411082
|switch|p1a: Slowbro|Slowbro, F|97/100
|-status|p1a: Slowbro|psn
|-damage|p1a: Slowbro|84/100 psn|[from] Stealth Rock
|move|p2a: Hippowdon|Earthquake|p1a: Slowbro
|-damage|p1a: Slowbro|62/100 psn
|
|-weather|none
|-heal|p2a: Hippowdon|100/100|[from] item: Leftovers
|-damage|p1a: Slowbro|49/100 psn|[from] psn
|upkeep
|turn|48
|j| Orion island
|
|t:|1636411090
|switch|p2a: Jirachi|Jirachi|100/100
|-damage|p2a: Jirachi|94/100|[from] Stealth Rock
|move|p1a: Slowbro|Teleport|p1a: Slowbro
|
|t:|1636411096
|switch|p1a: Landorus|Landorus-Therian, M|70/100 tox|[from]move: Teleport
|-damage|p1a: Landorus|58/100 tox|[from] Stealth Rock
|-ability|p1a: Landorus|Intimidate|boost
|-unboost|p2a: Jirachi|atk|1
|
|-heal|p1a: Landorus|64/100 tox|[from] item: Leftovers
|-damage|p1a: Landorus|58/100 tox|[from] psn
|upkeep
|turn|49
|
|t:|1636411116
|move|p2a: Jirachi|Iron Head|p1a: Landorus
|-damage|p1a: Landorus|35/100 tox
|move|p1a: Landorus|Earthquake|p2a: Jirachi
|-supereffective|p2a: Jirachi
|-damage|p2a: Jirachi|0 fnt
|faint|p2a: Jirachi
|
|-heal|p1a: Landorus|41/100 tox|[from] item: Leftovers
|-damage|p1a: Landorus|29/100 tox|[from] psn
|upkeep
|j| LT81YL Down$hift
|c|☆Wheezer|rip
|c|☆Wheezer|i rly needed that flinch
|inactive|Wheezer has 60 seconds left.
|c| LT81YL Down$hift|yh
|j| Demon Damo
|c|☆Wheezer|unlucky game gg
|-message|Wheezer forfeited.
|
|win|shucklepilled
|raw|shucklepilled's rating: 1800 &rarr; <strong>1820</strong><br />(+20 for winning)
|raw|Wheezer's rating: 1805 &rarr; <strong>1785</strong><br />(-20 for losing)
|l|☆Wheezer
|c|☆shucklepilled|gg
|l| No 1 Hane Fan
|c| LT81YL Down$hift|smashed
|c| testing im gay|relies on hacks
|c| testing im gay|"unlucky game"
|c| testing im gay|oof
|l| testing im gay
|c| Digidigitaldasher|dude cries about getting scald burnt after 3 attempts
|c| Digidigitaldasher|lmfao
|c|☆shucklepilled|based mindset ngl
||Ladder isn't responding, score probably updated but might not have (Request timeout).
|c|☆shucklepilled|honestly dont think the game was unwinnable for them
|l| Digidigitaldasher
|l| Jekt Tohru
|n|☆shucklepilled|shucklepilled
|l| MiniLarry
|l| Orion island
|j| LT84JM Reptar
|l| LT84JM Reptar
|j| Jekt Tohru
|l| Jekt Tohru
