|html|<div class="broadcast-blue"><strong>[Gen 8] OU is currently suspecting Melmetal! For information on how to participate check out the <a href="https://www.smogon.com/forums/threads/np-ss-ou-suspect-process-round-12-monster-mash.3709234/">suspect thread</a>.</strong></div>
|j|☆v for vintage
|j|☆Kikoobuster
|t:|1666812561
|gametype|singles
|player|p1|v for vintage|266|1512
|player|p2|Kikoobuster|169|1548
|teamsize|p1|6
|teamsize|p2|6
|gen|8
|tier|[Gen 8] OU
|rated|
|rule|Sleep Clause Mod: Limit one foe put to sleep
|rule|Species Clause: Limit one of each Pokémon
|rule|OHKO Clause: OHKO moves are banned
|rule|Evasion Items Clause: Evasion items are banned
|rule|Evasion Moves Clause: Evasion moves are banned
|rule|Endless Battle Clause: Forcing endless battles is banned
|rule|HP Percentage Mod: HP is shown in percentages
|rule|Dynamax Clause: You cannot dynamax
|clearpoke
|poke|p1|Weavile, F|
|poke|p1|Urshifu-*, F|
|poke|p1|Heatran, M|
|poke|p1|Buzzwole|
|poke|p1|Dragapult, F|
|poke|p1|Zapdos|
|poke|p2|Lycanroc-Dusk, M|
|poke|p2|Excadrill, M|
|poke|p2|Hawlucha, F|
|poke|p2|Azumarill, M|
|poke|p2|Zeraora|
|poke|p2|Rillaboom, F|
|teampreview
|inactive|Battle timer is ON: inactive players will automatically lose when time's up. (requested by v for vintage)
|
|t:|1666812572
|start
|switch|p1a: Heatran|Heatran, M|100/100
|switch|p2a: Lycanroc|Lycanroc-Dusk, M|100/100
|turn|1
|
|t:|1666812578
|move|p2a: Lycanroc|Stealth Rock|p1a: Heatran
|-sidestart|p1: v for vintage|move: Stealth Rock
|move|p1a: Heatran|Magma Storm|p2a: Lycanroc
|-resisted|p2a: Lycanroc
|-damage|p2a: Lycanroc|71/100
|-activate|p2a: Lycanroc|move: Magma Storm|[of] p1a: Heatran
|
|-damage|p2a: Lycanroc|58/100|[from] move: Magma Storm|[partiallytrapped]
|upkeep
|turn|2
|
|t:|1666812587
|move|p2a: Lycanroc|Endeavor|p1a: Heatran
|-damage|p1a: Heatran|53/100
|move|p1a: Heatran|Flash Cannon|p2a: Lycanroc
|-supereffective|p2a: Lycanroc
|-damage|p2a: Lycanroc|0 fnt
|faint|p2a: Lycanroc
|
|-heal|p1a: Heatran|60/100|[from] item: Leftovers
|upkeep
|
|t:|1666812600
|switch|p2a: Excadrill|Excadrill, M|100/100
|-ability|p2a: Excadrill|Mold Breaker
|turn|3
|
|t:|1666812606
|switch|p1a: Zapdos|Zapdos|100/100
|-damage|p1a: Zapdos|75/100|[from] Stealth Rock
|move|p2a: Excadrill|Earthquake|p1a: Zapdos
|-immune|p1a: Zapdos
|
|upkeep
|turn|4
|
|t:|1666812609
|move|p2a: Excadrill|Rock Slide|p1a: Zapdos
|-supereffective|p1a: Zapdos
|-crit|p1a: Zapdos
|-damage|p1a: Zapdos|18/100
|move|p1a: Zapdos|Defog|p2a: Excadrill
|-unboost|p2a: Excadrill|evasion|1
|-sideend|p1: v for vintage|Stealth Rock|[from] move: Defog|[of] p1a: Zapdos
|
|upkeep
|turn|5
|
|t:|1666812620
|switch|p1a: Buzzwole|Buzzwole|100/100
|move|p2a: Excadrill|Rock Slide|p1a: Buzzwole
|-damage|p1a: Buzzwole|84/100
|
|upkeep
|turn|6
|
|t:|1666812629
|switch|p2a: Azumarill|Azumarill, M, shiny|100/100
|move|p1a: Buzzwole|Close Combat|p2a: Azumarill
|-resisted|p2a: Azumarill
|-damage|p2a: Azumarill|51/100
|-unboost|p1a: Buzzwole|def|1
|-unboost|p1a: Buzzwole|spd|1
|-damage|p1a: Buzzwole|74/100|[from] item: Life Orb
|
|upkeep
|turn|7
|
|t:|1666812653
|switch|p1a: Zapdos|Zapdos|18/100
|move|p2a: Azumarill|Play Rough|p1a: Zapdos
|-damage|p1a: Zapdos|0 fnt
|-damage|p2a: Azumarill|34/100|[from] item: Rocky Helmet|[of] p1a: Zapdos
|-enditem|p2a: Azumarill|Sitrus Berry|[eat]
|-heal|p2a: Azumarill|59/100|[from] item: Sitrus Berry
|faint|p1a: Zapdos
|
|upkeep
|inactive|v for vintage has 120 seconds left.
|
|t:|1666812679
|switch|p1a: Dragapult|Dragapult, F|100/100
|turn|8
|
|t:|1666812683
|move|p1a: Dragapult|Shadow Ball|p2a: Azumarill
|-damage|p2a: Azumarill|0 fnt
|faint|p2a: Azumarill
|
|upkeep
|
|t:|1666812687
|switch|p2a: Rillaboom|Rillaboom, F|100/100
|-fieldstart|move: Grassy Terrain|[from] ability: Grassy Surge|[of] p2a: Rillaboom
|turn|9
|
|t:|1666812701
|switch|p1a: Heatran|Heatran, M|60/100
|move|p2a: Rillaboom|Knock Off|p1a: Heatran
|-damage|p1a: Heatran|16/100
|-enditem|p1a: Heatran|Leftovers|[from] move: Knock Off|[of] p2a: Rillaboom
|
|-heal|p1a: Heatran|22/100|[from] Grassy Terrain
|upkeep
|turn|10
|
|t:|1666812708
|move|p2a: Rillaboom|Knock Off|p1a: Heatran
|-damage|p1a: Heatran|0 fnt
|faint|p1a: Heatran
|
|upkeep
|
|t:|1666812717
|switch|p1a: Buzzwole|Buzzwole|74/100
|turn|11
|
|t:|1666812722
|switch|p2a: Hawlucha|Hawlucha, F|100/100
|-enditem|p2a: Hawlucha|Grassy Seed
|-boost|p2a: Hawlucha|def|1|[from] item: Grassy Seed
|move|p1a: Buzzwole|Ice Punch|p2a: Hawlucha
|-supereffective|p2a: Hawlucha
|-damage|p2a: Hawlucha|23/100
|-damage|p1a: Buzzwole|64/100|[from] item: Life Orb
|
|-heal|p1a: Buzzwole|70/100|[from] Grassy Terrain
|upkeep
|turn|12
|
|t:|1666812738
|switch|p1a: Weavile|Weavile, F|100/100
|-ability|p1a: Weavile|Pressure
|move|p2a: Hawlucha|Acrobatics|p1a: Weavile
|-damage|p1a: Weavile|9/100
|
|-heal|p1a: Weavile|15/100|[from] Grassy Terrain
|upkeep
|turn|13
|
|t:|1666812749
|move|p1a: Weavile|Ice Shard|p2a: Hawlucha
|-supereffective|p2a: Hawlucha
|-damage|p2a: Hawlucha|0 fnt
|faint|p2a: Hawlucha
|
|-heal|p1a: Weavile|21/100|[from] Grassy Terrain
|-fieldend|move: Grassy Terrain
|upkeep
|
|t:|1666812755
|switch|p2a: Zeraora|Zeraora|100/100
|turn|14
|
|t:|1666812761
|move|p1a: Weavile|Ice Shard|p2a: Zeraora
|-damage|p2a: Zeraora|73/100
|move|p2a: Zeraora|Plasma Fists|p1a: Weavile
|-damage|p1a: Weavile|0 fnt
|-fieldactivate|move: Ion Deluge
|-hint|Normal-type moves become Electric-type after using Plasma Fists.
|faint|p1a: Weavile
|
|-heal|p2a: Zeraora|79/100|[from] item: Leftovers
|upkeep
|
|t:|1666812768
|switch|p1a: Buzzwole|Buzzwole|70/100
|turn|15
|
|t:|1666812785
|move|p2a: Zeraora|Plasma Fists|p1a: Buzzwole
|-damage|p1a: Buzzwole|41/100
|-fieldactivate|move: Ion Deluge
|-hint|Normal-type moves become Electric-type after using Plasma Fists.
|move|p1a: Buzzwole|Close Combat|p2a: Zeraora
|-damage|p2a: Zeraora|0 fnt
|-unboost|p1a: Buzzwole|def|1
|-unboost|p1a: Buzzwole|spd|1
|faint|p2a: Zeraora
|-ability|p1a: Buzzwole|Beast Boost|boost
|-boost|p1a: Buzzwole|atk|1
|-damage|p1a: Buzzwole|31/100|[from] item: Life Orb
|
|upkeep
|
|t:|1666812790
|switch|p2a: Excadrill|Excadrill, M|100/100
|-ability|p2a: Excadrill|Mold Breaker
|turn|16
|
|t:|1666812800
|switch|p1a: Urshifu|Urshifu-Rapid-Strike, F|100/100
|move|p2a: Excadrill|Iron Head|p1a: Urshifu
|-resisted|p1a: Urshifu
|-damage|p1a: Urshifu|77/100
|
|upkeep
|turn|17
|
|t:|1666812805
|move|p2a: Excadrill|Earthquake|p1a: Urshifu
|-damage|p1a: Urshifu|22/100
|move|p1a: Urshifu|U-turn|p2a: Excadrill
|-resisted|p2a: Excadrill
|-damage|p2a: Excadrill|74/100
|inactive|v for vintage has 120 seconds left.
|
|t:|1666812862
|switch|p1a: Buzzwole|Buzzwole|31/100|[from]move: U-turn
|
|upkeep
|turn|18
|
|t:|1666812867
|move|p2a: Excadrill|Iron Head|p1a: Buzzwole
|-damage|p1a: Buzzwole|5/100
|move|p1a: Buzzwole|Close Combat|p2a: Excadrill
|-supereffective|p2a: Excadrill
|-damage|p2a: Excadrill|0 fnt
|-unboost|p1a: Buzzwole|def|1
|-unboost|p1a: Buzzwole|spd|1
|faint|p2a: Excadrill
|-ability|p1a: Buzzwole|Beast Boost|boost
|-boost|p1a: Buzzwole|atk|1
|-damage|p1a: Buzzwole|0 fnt|[from] item: Life Orb
|faint|p1a: Buzzwole
|
|upkeep
|
|t:|1666812879
|switch|p2a: Rillaboom|Rillaboom, F|100/100
|switch|p1a: Urshifu|Urshifu-Rapid-Strike, F|22/100
|-fieldstart|move: Grassy Terrain|[from] ability: Grassy Surge|[of] p2a: Rillaboom
|turn|19
|
|t:|1666812883
|move|p2a: Rillaboom|Grassy Glide|p1a: Urshifu
|-supereffective|p1a: Urshifu
|-damage|p1a: Urshifu|0 fnt
|faint|p1a: Urshifu
|
|upkeep
|
|t:|1666812886
|switch|p1a: Dragapult|Dragapult, F|100/100
|turn|20
|
|t:|1666812890
|move|p2a: Rillaboom|Grassy Glide|p1a: Dragapult
|-resisted|p1a: Dragapult
|-crit|p1a: Dragapult
|-damage|p1a: Dragapult|23/100
|move|p1a: Dragapult|Fire Blast|p2a: Rillaboom
|-supereffective|p2a: Rillaboom
|-damage|p2a: Rillaboom|0 fnt
|faint|p2a: Rillaboom
|
|win|v for vintage
|raw|v for vintage's rating: 1512 &rarr; <strong>1535</strong><br />(+23 for winning)
|raw|Kikoobuster's rating: 1567 &rarr; <strong>1544</strong><br />(-23 for losing)
|c|☆Kikoobuster|gg
|c|☆v for vintage|gg
|l|☆Kikoobuster
