|j|☆A3720
|j|☆Sun teams 4 ever
|t:|1650821868
|gametype|singles
|player|p1|A3720|265|1544
|player|p2|Sun teams 4 ever|scientistf|1510
|teamsize|p1|6
|teamsize|p2|6
|gen|8
|tier|[Gen 8] OU
|rated|
|rule|Sleep Clause Mod: Limit one foe put to sleep
|rule|Species Clause: Limit one of each Pokémon
|rule|OHKO Clause: OHKO moves are banned
|rule|Evasion Moves Clause: Evasion moves are banned
|rule|Endless Battle Clause: Forcing endless battles is banned
|rule|HP Percentage Mod: HP is shown in percentages
|rule|Dynamax Clause: You cannot dynamax
|clearpoke
|poke|p1|Inteleon, M|
|poke|p1|Ferrothorn, M|
|poke|p1|Zapdos|
|poke|p1|Garchomp, F|
|poke|p1|Weavile, F|
|poke|p1|Tapu Lele|
|poke|p2|Landorus-Therian, M|
|poke|p2|Torkoal, F|
|poke|p2|Venusaur, F|
|poke|p2|Charizard, M|
|poke|p2|Primarina, F|
|poke|p2|Mandibuzz, F|
|teampreview
|c|☆Sun teams 4 ever|glhf
|inactive|Battle timer is ON: inactive players will automatically lose when time's up. (requested by Sun teams 4 ever)
|
|t:|1650821891
|start
|switch|p1a: Inteleon|Inteleon, M, shiny|100/100
|switch|p2a: Torkoal|Torkoal, F|100/100
|-weather|SunnyDay|[from] ability: Drought|[of] p2a: Torkoal
|turn|1
|
|t:|1650821897
|switch|p2a: Primarina|Primarina, F|100/100
|move|p1a: Inteleon|Focus Energy|p1a: Inteleon
|-start|p1a: Inteleon|move: Focus Energy
|
|-weather|SunnyDay|[upkeep]
|upkeep
|turn|2
|inactive|Sun teams 4 ever has 120 seconds left.
|inactive|Sun teams 4 ever has 90 seconds left.
|inactive|Sun teams 4 ever has 60 seconds left.
|
|t:|1650821997
|move|p1a: Inteleon|Shadow Ball|p2a: Primarina
|-crit|p2a: Primarina
|-damage|p2a: Primarina|63/100
|-unboost|p2a: Primarina|spd|1
|move|p2a: Primarina|Flip Turn|p1a: Inteleon
|-resisted|p1a: Inteleon
|-damage|p1a: Inteleon|95/100
|
|t:|1650822007
|switch|p2a: Venusaur|Venusaur, F|100/100|[from]move: Flip Turn
|
|-weather|SunnyDay|[upkeep]
|upkeep
|turn|3
|
|t:|1650822031
|move|p2a: Venusaur|Giga Drain|p1a: Inteleon
|-supereffective|p1a: Inteleon
|-damage|p1a: Inteleon|0 fnt
|faint|p1a: Inteleon
|-damage|p2a: Venusaur|91/100|[from] item: Life Orb
|
|-weather|SunnyDay|[upkeep]
|upkeep
|inactive|A3720 has 120 seconds left.
|
|t:|1650822058
|switch|p1a: Tapu Lele|Tapu Lele|100/100
|-fieldstart|move: Psychic Terrain|[from] ability: Psychic Surge|[of] p1a: Tapu Lele
|turn|4
|
|t:|1650822064
|switch|p2a: Mandibuzz|Mandibuzz, F|100/100
|move|p1a: Tapu Lele|Psyshock|p2a: Mandibuzz
|-immune|p2a: Mandibuzz
|
|-weather|SunnyDay|[upkeep]
|upkeep
|turn|5
|
|t:|1650822071
|switch|p1a: Ferrothorn|Ferrothorn, M|100/100
|move|p2a: Mandibuzz|U-turn|p1a: Ferrothorn
|-damage|p1a: Ferrothorn|93/100
|-damage|p2a: Mandibuzz|88/100|[from] ability: Iron Barbs|[of] p1a: Ferrothorn
|-damage|p2a: Mandibuzz|72/100|[from] item: Rocky Helmet|[of] p1a: Ferrothorn
|
|t:|1650822078
|switch|p2a: specsavers|Charizard, M|100/100|[from]move: U-turn
|
|-weather|SunnyDay|[upkeep]
|-damage|p2a: specsavers|88/100|[from] ability: Solar Power|[of] p2a: specsavers
|upkeep
|turn|6
|
|t:|1650822091
|move|p2a: specsavers|Weather Ball|p1a: Ferrothorn
|-supereffective|p1a: Ferrothorn
|-damage|p1a: Ferrothorn|0 fnt
|faint|p1a: Ferrothorn
|
|-weather|SunnyDay|[upkeep]
|-damage|p2a: specsavers|76/100|[from] ability: Solar Power|[of] p2a: specsavers
|upkeep
|inactive|A3720 has 120 seconds left.
|
|t:|1650822120
|switch|p1a: Weavile|Weavile, F|100/100
|-ability|p1a: Weavile|Pressure
|turn|7
|
|t:|1650822125
|switch|p2a: Primarina|Primarina, F|63/100
|move|p1a: Weavile|Knock Off|p2a: Primarina
|-resisted|p2a: Primarina
|-damage|p2a: Primarina|32/100
|-enditem|p2a: Primarina|Assault Vest|[from] move: Knock Off|[of] p1a: Weavile
|
|-weather|SunnyDay|[upkeep]
|upkeep
|turn|8
|
|t:|1650822132
|move|p1a: Weavile|Triple Axel|p2a: Primarina
|-resisted|p2a: Primarina
|-damage|p2a: Primarina|25/100
|-resisted|p2a: Primarina
|-damage|p2a: Primarina|13/100
|-resisted|p2a: Primarina
|-damage|p2a: Primarina|0 fnt
|faint|p2a: Primarina
|-hitcount|p2: Primarina|3
|
|-weather|none
|-fieldend|move: Psychic Terrain
|upkeep
|
|t:|1650822142
|switch|p2a: Torkoal|Torkoal, F|100/100
|-weather|SunnyDay|[from] ability: Drought|[of] p2a: Torkoal
|turn|9
|
|t:|1650822154
|switch|p1a: Zapdos|Zapdos|100/100
|move|p2a: Torkoal|Flamethrower|p1a: Zapdos
|-damage|p1a: Zapdos|58/100
|
|-weather|SunnyDay|[upkeep]
|upkeep
|turn|10
|inactive|Sun teams 4 ever has 120 seconds left.
|
|t:|1650822161
|move|p1a: Zapdos|Volt Switch|p2a: Torkoal
|-damage|p2a: Torkoal|59/100
|
|t:|1650822172
|switch|p1a: Garchomp|Garchomp, F|100/100|[from]move: Volt Switch
|move|p2a: Torkoal|Flamethrower|p1a: Garchomp
|-resisted|p1a: Garchomp
|-damage|p1a: Garchomp|79/100
|
|-weather|SunnyDay|[upkeep]
|-heal|p1a: Garchomp|85/100|[from] item: Leftovers
|upkeep
|turn|11
|
|t:|1650822180
|switch|p2a: Venusaur|Venusaur, F|91/100
|move|p1a: Garchomp|Stealth Rock|p2a: Venusaur
|-sidestart|p2: Sun teams 4 ever|move: Stealth Rock
|
|-weather|SunnyDay|[upkeep]
|-heal|p1a: Garchomp|91/100|[from] item: Leftovers
|upkeep
|turn|12
|
|t:|1650822186
|move|p2a: Venusaur|Growth|p2a: Venusaur
|-boost|p2a: Venusaur|atk|2
|-boost|p2a: Venusaur|spa|2
|move|p1a: Garchomp|Earthquake|p2a: Venusaur
|-damage|p2a: Venusaur|19/100
|
|-weather|SunnyDay|[upkeep]
|-heal|p1a: Garchomp|97/100|[from] item: Leftovers
|upkeep
|turn|13
|
|t:|1650822199
|switch|p1a: Zapdos|Zapdos|58/100
|move|p2a: Venusaur|Giga Drain|p1a: Zapdos
|-resisted|p1a: Zapdos
|-damage|p1a: Zapdos|13/100
|-heal|p2a: Venusaur|48/100|[from] drain|[of] p1a: Zapdos
|-damage|p2a: Venusaur|38/100|[from] item: Life Orb
|
|-weather|SunnyDay|[upkeep]
|upkeep
|turn|14
|
|t:|1650822207
|move|p2a: Venusaur|Giga Drain|p1a: Zapdos
|-resisted|p1a: Zapdos
|-damage|p1a: Zapdos|0 fnt
|-heal|p2a: Venusaur|46/100|[from] drain|[of] p1a: Zapdos
|faint|p1a: Zapdos
|-damage|p2a: Venusaur|36/100|[from] item: Life Orb
|
|-weather|SunnyDay|[upkeep]
|upkeep
|
|t:|1650822210
|switch|p1a: Weavile|Weavile, F|100/100
|-ability|p1a: Weavile|Pressure
|turn|15
|
|t:|1650822233
|move|p1a: Weavile|Ice Shard|p2a: Venusaur
|-supereffective|p2a: Venusaur
|-damage|p2a: Venusaur|0 fnt
|faint|p2a: Venusaur
|
|-weather|SunnyDay|[upkeep]
|upkeep
|inactive|Sun teams 4 ever has 120 seconds left.
|
|t:|1650822254
|switch|p2a: Torkoal|Torkoal, F|59/100
|-damage|p2a: Torkoal|35/100|[from] Stealth Rock
|turn|16
|
|t:|1650822268
|switch|p1a: Garchomp|Garchomp, F|97/100
|move|p2a: Torkoal|Flamethrower|p1a: Garchomp
|-resisted|p1a: Garchomp
|-damage|p1a: Garchomp|76/100
|
|-weather|none
|-heal|p1a: Garchomp|82/100|[from] item: Leftovers
|upkeep
|turn|17
|
|t:|1650822281
|switch|p1a: Weavile|Weavile, F|100/100
|-ability|p1a: Weavile|Pressure
|switch|p2a: Mandibuzz|Mandibuzz, F|72/100
|
|upkeep
|turn|18
|
|t:|1650822305
|move|p1a: Weavile|Triple Axel|p2a: Mandibuzz
|-supereffective|p2a: Mandibuzz
|-damage|p2a: Mandibuzz|55/100
|-supereffective|p2a: Mandibuzz
|-damage|p2a: Mandibuzz|26/100
|-supereffective|p2a: Mandibuzz
|-damage|p2a: Mandibuzz|0 fnt
|faint|p2a: Mandibuzz
|-hitcount|p2: Mandibuzz|3
|
|upkeep
|inactive|Sun teams 4 ever has 120 seconds left.
|
|t:|1650822335
|switch|p2a: Landorus|Landorus-Therian, M|100/100
|-damage|p2a: Landorus|88/100|[from] Stealth Rock
|-ability|p2a: Landorus|Intimidate|boost
|-unboost|p1a: Weavile|atk|1
|turn|19
|
|t:|1650822343
|move|p2a: Landorus|Stone Edge|p1a: Weavile
|-supereffective|p1a: Weavile
|-damage|p1a: Weavile|0 fnt
|faint|p1a: Weavile
|
|upkeep
|
|t:|1650822347
|switch|p1a: Garchomp|Garchomp, F|82/100
|turn|20
|
|t:|1650822353
|switch|p2a: Torkoal|Torkoal, F|35/100
|-damage|p2a: Torkoal|10/100|[from] Stealth Rock
|-weather|SunnyDay|[from] ability: Drought|[of] p2a: Torkoal
|move|p1a: Garchomp|Swords Dance|p1a: Garchomp
|-boost|p1a: Garchomp|atk|2
|
|-weather|SunnyDay|[upkeep]
|-heal|p1a: Garchomp|88/100|[from] item: Leftovers
|upkeep
|turn|21
|inactive|Sun teams 4 ever has 120 seconds left.
|
|t:|1650822370
|move|p1a: Garchomp|Swords Dance|p1a: Garchomp
|-boost|p1a: Garchomp|atk|2
|move|p2a: Torkoal|Toxic|p1a: Garchomp
|-status|p1a: Garchomp|tox
|
|-weather|SunnyDay|[upkeep]
|-heal|p1a: Garchomp|95/100 tox|[from] item: Leftovers
|-damage|p1a: Garchomp|88/100 tox|[from] psn
|upkeep
|turn|22
|inactive|Sun teams 4 ever has 120 seconds left.
|
|t:|1650822383
|move|p1a: Garchomp|Earthquake|p2a: Torkoal
|-supereffective|p2a: Torkoal
|-damage|p2a: Torkoal|0 fnt
|faint|p2a: Torkoal
|
|-weather|SunnyDay|[upkeep]
|-heal|p1a: Garchomp|95/100 tox|[from] item: Leftovers
|-damage|p1a: Garchomp|82/100 tox|[from] psn
|upkeep
|inactive|Sun teams 4 ever has 120 seconds left.
|
|t:|1650822394
|switch|p2a: specsavers|Charizard, M|76/100
|-damage|p2a: specsavers|26/100|[from] Stealth Rock
|turn|23
|
|t:|1650822398
|move|p1a: Garchomp|Stone Edge|p2a: specsavers
|-supereffective|p2a: specsavers
|-damage|p2a: specsavers|0 fnt
|faint|p2a: specsavers
|
|-weather|SunnyDay|[upkeep]
|-heal|p1a: Garchomp|88/100 tox|[from] item: Leftovers
|-damage|p1a: Garchomp|70/100 tox|[from] psn
|upkeep
|c|☆Sun teams 4 ever|gg
|c|☆Sun teams 4 ever|wp
|inactive|Sun teams 4 ever has 120 seconds left.
|
|t:|1650822409
|switch|p2a: Landorus|Landorus-Therian, M|88/100
|-damage|p2a: Landorus|76/100|[from] Stealth Rock
|-ability|p2a: Landorus|Intimidate|boost
|-unboost|p1a: Garchomp|atk|1
|turn|24
|
|t:|1650822415
|move|p2a: Landorus|Earthquake|p1a: Garchomp
|-damage|p1a: Garchomp|17/100 tox
|move|p1a: Garchomp|Stone Edge|p2a: Landorus
|-damage|p2a: Landorus|0 fnt
|faint|p2a: Landorus
|
|win|A3720
|raw|A3720's rating: 1521 &rarr; <strong>1540</strong><br />(+19 for winning)
|raw|Sun teams 4 ever's rating: 1510 &rarr; <strong>1491</strong><br />(-19 for losing)
|c|☆A3720|gg
|l|☆Sun teams 4 ever
||Ladder isn't responding, score probably updated but might not have (Request timeout).
