|html|<div class="broadcast-blue"><strong>[Gen 8] OU is currently suspecting Urshifu-S! For information on how to participate check out the <a href="https://www.smogon.com/forums/threads/np-ss-ou-suspect-process-round-8-aint-no-rest-for-the-wicked.3675310/">suspect thread</a>.</strong></div>
|j|☆Rheinmetal
|j|☆Carlos_Gamer_04
|t:|1609214806
|player|p1|Rheinmetal|cynthia|1622
|player|p2|Carlos_Gamer_04|hilbert-dueldisk|1567
|teamsize|p1|6
|teamsize|p2|6
|gametype|singles
|gen|8
|tier|[Gen 8] OU
|rated|
|clearpoke
|poke|p1|Pelipper, M|
|poke|p1|Barraskewda, F|
|poke|p1|Zapdos|
|poke|p1|Ferrothorn, F|
|poke|p1|Kingdra, M|
|poke|p1|Excadrill, M|
|poke|p2|Shuckle, F|
|poke|p2|Rillaboom, M|
|poke|p2|Bisharp, M|
|poke|p2|Blaziken, M|
|poke|p2|Toxtricity, M|
|poke|p2|Tapu Fini|
|rule|Sleep Clause Mod: Limit one foe put to sleep
|rule|Species Clause: Limit one of each Pokémon
|rule|OHKO Clause: OHKO moves are banned
|rule|Evasion Moves Clause: Evasion moves are banned
|rule|Endless Battle Clause: Forcing endless battles is banned
|rule|HP Percentage Mod: HP is shown in percentages
|rule|Dynamax Clause: You cannot dynamax
|teampreview
|inactive|Battle timer is ON: inactive players will automatically lose when time's up. (requested by Rheinmetal)
|
|t:|1609214810
|start
|switch|p1a: Pelipper|Pelipper, M|100/100
|switch|p2a: Al-lahu-ákbar|Shuckle, F|100/100
|-weather|RainDance|[from] ability: Drizzle|[of] p1a: Pelipper
|turn|1
|
|t:|1609214817
|move|p1a: Pelipper|U-turn|p2a: Al-lahu-ákbar
|-damage|p2a: Al-lahu-ákbar|96/100
|
|t:|1609214819
|switch|p1a: Barraskewda|Barraskewda, F|100/100|[from]move: U-turn
|move|p2a: Al-lahu-ákbar|Sticky Web|p1a: Barraskewda
|-sidestart|p1: Rheinmetal|move: Sticky Web
|
|-weather|RainDance|[upkeep]
|upkeep
|turn|2
|j| XDNO
|
|t:|1609214825
|move|p1a: Barraskewda|Liquidation|p2a: Al-lahu-ákbar
|-supereffective|p2a: Al-lahu-ákbar
|-damage|p2a: Al-lahu-ákbar|0 fnt
|faint|p2a: Al-lahu-ákbar
|
|-weather|RainDance|[upkeep]
|upkeep
|
|t:|1609214830
|switch|p2a: RillaBoomer|Rillaboom, M|100/100
|-fieldstart|move: Grassy Terrain|[from] ability: Grassy Surge|[of] p2a: RillaBoomer
|turn|3
|j| Vessev
|
|t:|1609214834
|switch|p1a: Zapdos|Zapdos|100/100
|move|p2a: RillaBoomer|U-turn|p1a: Zapdos
|-resisted|p1a: Zapdos
|-damage|p1a: Zapdos|82/100
|l| Vessev
|
|t:|1609214843
|switch|p2a: Kurt|Toxtricity, M|100/100|[from]move: U-turn
|
|-weather|RainDance|[upkeep]
|upkeep
|turn|4
|j| Vessev
|
|t:|1609214848
|switch|p1a: Excadrill|Excadrill, M|100/100
|-activate|p1a: Excadrill|move: Sticky Web
|-unboost|p1a: Excadrill|spe|1
|-ability|p1a: Excadrill|Mold Breaker
|move|p2a: Kurt|Shift Gear|p2a: Kurt
|-boost|p2a: Kurt|spe|2
|-boost|p2a: Kurt|atk|1
|
|-weather|RainDance|[upkeep]
|upkeep
|turn|5
|j| Teufel.L
|l| Vessev
|
|t:|1609214857
|move|p2a: Kurt|Drain Punch|p1a: Excadrill
|-supereffective|p1a: Excadrill
|-damage|p1a: Excadrill|7/100
|-damage|p2a: Kurt|91/100|[from] item: Life Orb
|move|p1a: Excadrill|Rapid Spin|p2a: Kurt
|-damage|p2a: Kurt|68/100
|-boost|p1a: Excadrill|spe|1
|-sideend|p1: Rheinmetal|Sticky Web|[from] move: Rapid Spin|[of] p1a: Excadrill
|
|-weather|RainDance|[upkeep]
|-heal|p2a: Kurt|74/100|[from] Grassy Terrain
|-heal|p1a: Excadrill|13/100|[from] item: Leftovers
|-heal|p1a: Excadrill|19/100|[from] Grassy Terrain
|upkeep
|turn|6
|
|t:|1609214871
|move|p2a: Kurt|Boomburst|p1a: Excadrill
|-resisted|p1a: Excadrill
|-damage|p1a: Excadrill|0 fnt
|-damage|p2a: Kurt|64/100|[from] item: Life Orb
|faint|p1a: Excadrill
|
|-weather|RainDance|[upkeep]
|-heal|p2a: Kurt|71/100|[from] Grassy Terrain
|upkeep
|
|t:|1609214873
|switch|p1a: Kingdra|Kingdra, M|100/100
|turn|7
|
|t:|1609214883
|move|p1a: Kingdra|Hydro Pump|p2a: Kurt
|-damage|p2a: Kurt|0 fnt
|faint|p2a: Kurt
|
|-weather|RainDance|[upkeep]
|-fieldend|move: Grassy Terrain
|upkeep
|
|t:|1609214889
|switch|p2a: RillaBoomer|Rillaboom, M|100/100
|-fieldstart|move: Grassy Terrain|[from] ability: Grassy Surge|[of] p2a: RillaBoomer
|turn|8
|
|t:|1609214896
|move|p2a: RillaBoomer|Grassy Glide|p1a: Kingdra
|-damage|p1a: Kingdra|11/100
|move|p1a: Kingdra|Hydro Pump|p2a: RillaBoomer|[miss]
|-miss|p1a: Kingdra|p2a: RillaBoomer
|
|-weather|none
|-heal|p1a: Kingdra|17/100|[from] Grassy Terrain
|upkeep
|turn|9
|
|t:|1609214907
|switch|p2a: Pollo Frito|Blaziken, M, shiny|100/100
|switch|p1a: Ferrothorn|Ferrothorn, F|100/100
|
|upkeep
|turn|10
|
|t:|1609214915
|move|p2a: Pollo Frito|Swords Dance|p2a: Pollo Frito
|-boost|p2a: Pollo Frito|atk|2
|move|p1a: Ferrothorn|Spikes|p2a: Pollo Frito
|-sidestart|p2: Carlos_Gamer_04|Spikes
|
|-ability|p2a: Pollo Frito|Speed Boost|boost
|-boost|p2a: Pollo Frito|spe|1
|upkeep
|turn|11
|
|t:|1609214923
|move|p2a: Pollo Frito|Flare Blitz|p1a: Ferrothorn
|-supereffective|p1a: Ferrothorn
|-damage|p1a: Ferrothorn|0 fnt
|-damage|p2a: Pollo Frito|88/100|[from] ability: Iron Barbs|[of] p1a: Ferrothorn
|-damage|p2a: Pollo Frito|50/100|[from] Recoil
|-damage|p2a: Pollo Frito|40/100|[from] item: Life Orb
|faint|p1a: Ferrothorn
|
|-heal|p2a: Pollo Frito|46/100|[from] Grassy Terrain
|-ability|p2a: Pollo Frito|Speed Boost|boost
|-boost|p2a: Pollo Frito|spe|1
|upkeep
|
|t:|1609214925
|switch|p1a: Pelipper|Pelipper, M|100/100
|-weather|RainDance|[from] ability: Drizzle|[of] p1a: Pelipper
|turn|12
|
|t:|1609214937
|move|p2a: Pollo Frito|Stone Edge|p1a: Pelipper
|-supereffective|p1a: Pelipper
|-damage|p1a: Pelipper|0 fnt
|-damage|p2a: Pollo Frito|36/100|[from] item: Life Orb
|faint|p1a: Pelipper
|
|-weather|RainDance|[upkeep]
|-heal|p2a: Pollo Frito|42/100|[from] Grassy Terrain
|-fieldend|move: Grassy Terrain
|-ability|p2a: Pollo Frito|Speed Boost|boost
|-boost|p2a: Pollo Frito|spe|1
|upkeep
|
|t:|1609214945
|switch|p1a: Barraskewda|Barraskewda, F|100/100
|turn|13
|
|t:|1609214962
|move|p1a: Barraskewda|Aqua Jet|p2a: Pollo Frito
|-supereffective|p2a: Pollo Frito
|-damage|p2a: Pollo Frito|0 fnt
|faint|p2a: Pollo Frito
|
|-weather|RainDance|[upkeep]
|upkeep
|
|t:|1609214968
|switch|p2a: RillaBoomer|Rillaboom, M|100/100
|-damage|p2a: RillaBoomer|88/100|[from] Spikes
|-fieldstart|move: Grassy Terrain|[from] ability: Grassy Surge|[of] p2a: RillaBoomer
|turn|14
|
|t:|1609214974
|switch|p1a: Zapdos|Zapdos|82/100
|move|p2a: RillaBoomer|U-turn|p1a: Zapdos
|-resisted|p1a: Zapdos
|-damage|p1a: Zapdos|64/100
|
|t:|1609214990
|switch|p2a: Chocho|Tapu Fini, shiny|100/100|[from]move: U-turn
|-damage|p2a: Chocho|88/100|[from] Spikes
|-fieldstart|move: Misty Terrain|[from] ability: Misty Surge|[of] p2a: Chocho
|
|-weather|RainDance|[upkeep]
|upkeep
|turn|15
|
|t:|1609214997
|move|p1a: Zapdos|Discharge|p2a: Chocho
|-supereffective|p2a: Chocho
|-damage|p2a: Chocho|39/100
|move|p2a: Chocho|Hydro Pump|p1a: Zapdos
|-damage|p1a: Zapdos|0 fnt
|faint|p1a: Zapdos
|
|-weather|RainDance|[upkeep]
|upkeep
|
|t:|1609215001
|switch|p1a: Barraskewda|Barraskewda, F|100/100
|turn|16
|
|t:|1609215007
|move|p1a: Barraskewda|Liquidation|p2a: Chocho
|-resisted|p2a: Chocho
|-damage|p2a: Chocho|0 fnt
|faint|p2a: Chocho
|
|-weather|RainDance|[upkeep]
|upkeep
|
|t:|1609215012
|switch|p2a: RillaBoomer|Rillaboom, M|88/100
|-damage|p2a: RillaBoomer|76/100|[from] Spikes
|-fieldstart|move: Grassy Terrain|[from] ability: Grassy Surge|[of] p2a: RillaBoomer
|turn|17
|
|t:|1609215018
|switch|p1a: Kingdra|Kingdra, M|17/100
|move|p2a: RillaBoomer|Grassy Glide|p1a: Kingdra
|-damage|p1a: Kingdra|0 fnt
|faint|p1a: Kingdra
|
|-weather|RainDance|[upkeep]
|-heal|p2a: RillaBoomer|82/100|[from] Grassy Terrain
|upkeep
|-message|Rheinmetal forfeited.
|
|win|Carlos_Gamer_04
|l|☆Rheinmetal
|raw|Rheinmetal's rating: 1622 &rarr; <strong>1599</strong><br />(-23 for losing)
|raw|Carlos_Gamer_04's rating: 1567 &rarr; <strong>1590</strong><br />(+23 for winning)
|l| Teufel.L
|j| Vessev
|l| Vessev
|l| XDNO
