|j|☆Elite4Donovan
|j|☆alvar03
|t:|1664635927
|gametype|singles
|player|p1|Elite4Donovan|lucas|1657
|player|p2|alvar03|alder|1731
|teamsize|p1|6
|teamsize|p2|6
|gen|8
|tier|[Gen 8] OU
|rated|
|rule|Sleep Clause Mod: Limit one foe put to sleep
|rule|Species Clause: Limit one of each Pokémon
|rule|OHKO Clause: OHKO moves are banned
|rule|Evasion Items Clause: Evasion items are banned
|rule|Evasion Moves Clause: Evasion moves are banned
|rule|Endless Battle Clause: Forcing endless battles is banned
|rule|HP Percentage Mod: HP is shown in percentages
|rule|Dynamax Clause: You cannot dynamax
|clearpoke
|poke|p1|Frosmoth, F|
|poke|p1|Hatterene, F|
|poke|p1|Corviknight, M|
|poke|p1|Garchomp, M|
|poke|p1|Urshifu-*, F|
|poke|p1|Volcarona, M|
|poke|p2|Volcanion|
|poke|p2|Weavile, M|
|poke|p2|Clefable, F|
|poke|p2|Ferrothorn, M|
|poke|p2|Landorus-Therian, M|
|poke|p2|Volcarona, M|
|teampreview
|
|t:|1664635935
|start
|switch|p1a: Frosmoth|Frosmoth, F|100/100
|switch|p2a: Volcanion|Volcanion|100/100
|turn|1
|
|t:|1664635939
|move|p2a: Volcanion|Flamethrower|p1a: Frosmoth
|-supereffective|p1a: Frosmoth
|-damage|p1a: Frosmoth|4/100
|move|p1a: Frosmoth|Mirror Coat|p2a: Volcanion
|-damage|p2a: Volcanion|0 fnt
|faint|p2a: Volcanion
|
|upkeep
|
|t:|1664635945
|switch|p2a: Weavile|Weavile, M|100/100
|-ability|p2a: Weavile|Pressure
|turn|2
|
|t:|1664635949
|switch|p1a: Corviknight|Corviknight, M|100/100
|-ability|p1a: Corviknight|Pressure
|move|p2a: Weavile|Knock Off|p1a: Corviknight
|-damage|p1a: Corviknight|81/100
|
|upkeep
|turn|3
|
|t:|1664635958
|switch|p2a: Clefable|Clefable, F|100/100
|move|p1a: Corviknight|Thief|p2a: Clefable
|-resisted|p2a: Clefable
|-damage|p2a: Clefable|94/100
|-enditem|p2a: Clefable|Leftovers|[silent]|[from] move: Thief|[of] p1a: Corviknight
|-item|p1a: Corviknight|Leftovers|[from] move: Thief|[of] p2a: Clefable
|
|-heal|p1a: Corviknight|87/100|[from] item: Leftovers
|upkeep
|turn|4
|
|t:|1664635962
|switch|p1a: Hatterene|Hatterene, F|100/100
|move|p2a: Clefable|Stealth Rock|p1a: Hatterene
|move|p1a: Hatterene|Stealth Rock|p2a: Clefable|[from]ability: Magic Bounce
|-sidestart|p2: alvar03|move: Stealth Rock
|
|upkeep
|turn|5
|
|t:|1664635966
|move|p2a: Clefable|Moonblast|p1a: Hatterene
|-damage|p1a: Hatterene|65/100
|move|p1a: Hatterene|Calm Mind|p1a: Hatterene
|-boost|p1a: Hatterene|spa|1
|-boost|p1a: Hatterene|spd|1
|
|-heal|p1a: Hatterene|71/100|[from] item: Leftovers
|upkeep
|turn|6
|
|t:|1664635972
|switch|p2a: Landorus|Landorus-Therian, M|100/100
|-damage|p2a: Landorus|88/100|[from] Stealth Rock
|-ability|p2a: Landorus|Intimidate|boost
|-unboost|p1a: Hatterene|atk|1
|move|p1a: Hatterene|Draining Kiss|p2a: Landorus
|-damage|p2a: Landorus|43/100
|-heal|p1a: Hatterene|100/100|[from] drain|[of] p2a: Landorus
|
|-heal|p2a: Landorus|49/100|[from] item: Leftovers
|upkeep
|turn|7
|inactive|Battle timer is ON: inactive players will automatically lose when time's up. (requested by alvar03)
|
|t:|1664635983
|move|p2a: Landorus|Earthquake|p1a: Hatterene
|-damage|p1a: Hatterene|54/100
|move|p1a: Hatterene|Psyshock|p2a: Landorus
|-damage|p2a: Landorus|0 fnt
|faint|p2a: Landorus
|
|-heal|p1a: Hatterene|60/100|[from] item: Leftovers
|upkeep
|-message|alvar03 forfeited.
|
|win|Elite4Donovan
|raw|Elite4Donovan's rating: 1657 &rarr; <strong>1681</strong><br />(+24 for winning)
|raw|alvar03's rating: 1731 &rarr; <strong>1707</strong><br />(-24 for losing)
|l|☆alvar03
||Ladder isn't responding, score probably updated but might not have (Request timeout).
