|j|☆shas2349
|j|☆Down$hift
|t:|1664402156
|gametype|singles
|player|p1|shas2349|1|1563
|player|p2|Down$hift|teamrocket|1583
|teamsize|p1|6
|teamsize|p2|6
|gen|8
|tier|[Gen 8] OU
|rated|
|rule|Sleep Clause Mod: Limit one foe put to sleep
|rule|Species Clause: Limit one of each Pokémon
|rule|OHKO Clause: OHKO moves are banned
|rule|Evasion Items Clause: Evasion items are banned
|rule|Evasion Moves Clause: Evasion moves are banned
|rule|Endless Battle Clause: Forcing endless battles is banned
|rule|HP Percentage Mod: HP is shown in percentages
|rule|Dynamax Clause: You cannot dynamax
|clearpoke
|poke|p1|Rillaboom, M|
|poke|p1|Tapu Lele|
|poke|p1|Tyranitar, F|
|poke|p1|Volcanion|
|poke|p1|Zapdos|
|poke|p1|Garchomp, F|
|poke|p2|Regigigas|
|poke|p2|Weezing-Galar, F|
|poke|p2|Landorus-Therian, M|
|poke|p2|Dragapult, F|
|poke|p2|Slowbro, F|
|poke|p2|Toxapex, F|
|teampreview
|c|☆Down$hift|hf
|inactive|Battle timer is ON: inactive players will automatically lose when time's up. (requested by shas2349)
|c|☆shas2349|hf
|
|t:|1664402214
|start
|switch|p1a: Zapdos|Zapdos|100/100
|switch|p2a: Dimmadome|Weezing-Galar, F|100/100
|turn|1
|
|t:|1664402220
|switch|p2a: BIacephaIon|Regigigas|100/100
|-start|p2a: BIacephaIon|ability: Slow Start
|move|p1a: Zapdos|Thunderbolt|p2a: BIacephaIon
|-damage|p2a: BIacephaIon|58/100
|
|-heal|p2a: BIacephaIon|64/100|[from] item: Leftovers
|upkeep
|turn|2
|
|t:|1664402230
|switch|p1a: Tyranitar|Tyranitar, F|100/100
|-weather|Sandstorm|[from] ability: Sand Stream|[of] p1a: Tyranitar
|-end|p2a: BIacephaIon|Slow Start|[silent]
|switch|p2a: LandOUrus-T|Landorus-Therian, M|100/100
|-ability|p2a: LandOUrus-T|Intimidate|boost
|-unboost|p1a: Tyranitar|atk|1
|
|-weather|Sandstorm|[upkeep]
|upkeep
|turn|3
|
|t:|1664402235
|switch|p1a: Zapdos|Zapdos|100/100
|move|p2a: LandOUrus-T|Stealth Rock|p1a: Zapdos
|-sidestart|p1: shas2349|move: Stealth Rock
|
|-weather|Sandstorm|[upkeep]
|-damage|p1a: Zapdos|94/100|[from] Sandstorm
|upkeep
|turn|4
|
|t:|1664402247
|switch|p2a: BIacephaIon|Regigigas|64/100
|-start|p2a: BIacephaIon|ability: Slow Start
|move|p1a: Zapdos|Hurricane|p2a: BIacephaIon|[miss]
|-miss|p1a: Zapdos|p2a: BIacephaIon
|
|-weather|Sandstorm|[upkeep]
|-damage|p1a: Zapdos|88/100|[from] Sandstorm
|-damage|p2a: BIacephaIon|58/100|[from] Sandstorm
|-heal|p2a: BIacephaIon|64/100|[from] item: Leftovers
|upkeep
|turn|5
|
|t:|1664402256
|switch|p1a: Tyranitar|Tyranitar, F|100/100
|-damage|p1a: Tyranitar|88/100|[from] Stealth Rock
|move|p2a: BIacephaIon|Knock Off|p1a: Tyranitar
|-resisted|p1a: Tyranitar
|-damage|p1a: Tyranitar|82/100
|-enditem|p1a: Tyranitar|Choice Band|[from] move: Knock Off|[of] p2a: BIacephaIon
|
|-weather|Sandstorm|[upkeep]
|-damage|p2a: BIacephaIon|58/100|[from] Sandstorm
|-heal|p2a: BIacephaIon|64/100|[from] item: Leftovers
|upkeep
|turn|6
|
|t:|1664402264
|-end|p2a: BIacephaIon|Slow Start|[silent]
|switch|p2a: LandOUrus-T|Landorus-Therian, M|100/100
|-ability|p2a: LandOUrus-T|Intimidate|boost
|-unboost|p1a: Tyranitar|atk|1
|-singleturn|p1a: Tyranitar|move: Focus Punch
|move|p1a: Tyranitar|Focus Punch|p2a: LandOUrus-T
|-resisted|p2a: LandOUrus-T
|-damage|p2a: LandOUrus-T|87/100
|
|-weather|none
|-heal|p2a: LandOUrus-T|93/100|[from] item: Leftovers
|upkeep
|turn|7
|
|t:|1664402270
|switch|p1a: Zapdos|Zapdos|88/100
|-damage|p1a: Zapdos|63/100|[from] Stealth Rock
|move|p2a: LandOUrus-T|Toxic|p1a: Zapdos
|-status|p1a: Zapdos|tox
|
|-heal|p2a: LandOUrus-T|99/100|[from] item: Leftovers
|-damage|p1a: Zapdos|57/100 tox|[from] psn
|upkeep
|turn|8
|
|t:|1664402290
|switch|p2a: BIacephaIon|Regigigas|64/100
|-start|p2a: BIacephaIon|ability: Slow Start
|move|p1a: Zapdos|Hurricane|p2a: BIacephaIon
|-crit|p2a: BIacephaIon
|-damage|p2a: BIacephaIon|0 fnt
|faint|p2a: BIacephaIon
|-end|p2a: BIacephaIon|Slow Start|[silent]
|
|-damage|p1a: Zapdos|44/100 tox|[from] psn
|upkeep
|
|t:|1664402296
|switch|p2a: Dreepy Airlines|Dragapult, F|100/100
|turn|9
|inactive|shas2349 has 120 seconds left.
|
|t:|1664402333
|move|p2a: Dreepy Airlines|Hex|p1a: Zapdos
|-damage|p1a: Zapdos|0 fnt
|faint|p1a: Zapdos
|
|upkeep
|
|t:|1664402346
|switch|p1a: Rillaboom|Rillaboom, M|100/100
|-damage|p1a: Rillaboom|88/100|[from] Stealth Rock
|-fieldstart|move: Grassy Terrain|[from] ability: Grassy Surge|[of] p1a: Rillaboom
|turn|10
|
|t:|1664402352
|move|p2a: Dreepy Airlines|U-turn|p1a: Rillaboom
|-supereffective|p1a: Rillaboom
|-damage|p1a: Rillaboom|50/100
|
|t:|1664402354
|switch|p2a: Dimmadome|Weezing-Galar, F|100/100|[from]move: U-turn
|move|p1a: Rillaboom|Knock Off|p2a: Dimmadome
|-resisted|p2a: Dimmadome
|-damage|p2a: Dimmadome|85/100
|-damage|p1a: Rillaboom|33/100|[from] item: Rocky Helmet|[of] p2a: Dimmadome
|-enditem|p2a: Dimmadome|Rocky Helmet|[from] move: Knock Off|[of] p1a: Rillaboom
|
|-heal|p1a: Rillaboom|39/100|[from] Grassy Terrain
|upkeep
|turn|11
|inactive|shas2349 has 120 seconds left.
|
|t:|1664402383
|switch|p1a: Tyranitar|Tyranitar, F|82/100
|-damage|p1a: Tyranitar|70/100|[from] Stealth Rock
|-weather|Sandstorm|[from] ability: Sand Stream|[of] p1a: Tyranitar
|move|p2a: Dimmadome|Will-O-Wisp|p1a: Tyranitar|[miss]
|-miss|p2a: Dimmadome|p1a: Tyranitar
|
|-weather|Sandstorm|[upkeep]
|-damage|p2a: Dimmadome|79/100|[from] Sandstorm
|-heal|p1a: Tyranitar|76/100|[from] Grassy Terrain
|upkeep
|turn|12
|
|t:|1664402388
|switch|p2a: LandOUrus-T|Landorus-Therian, M|99/100
|-ability|p2a: LandOUrus-T|Intimidate|boost
|-unboost|p1a: Tyranitar|atk|1
|move|p1a: Tyranitar|Stone Edge|p2a: LandOUrus-T
|-crit|p2a: LandOUrus-T
|-damage|p2a: LandOUrus-T|36/100
|
|-weather|Sandstorm|[upkeep]
|-heal|p2a: LandOUrus-T|42/100|[from] item: Leftovers
|-heal|p1a: Tyranitar|82/100|[from] Grassy Terrain
|upkeep
|turn|13
|
|t:|1664402395
|move|p2a: LandOUrus-T|U-turn|p1a: Tyranitar
|-supereffective|p1a: Tyranitar
|-damage|p1a: Tyranitar|51/100
|
|t:|1664402398
|switch|p2a: Dimmadome|Weezing-Galar, F|79/100|[from]move: U-turn
|move|p1a: Tyranitar|Stone Edge|p2a: Dimmadome
|-crit|p2a: Dimmadome
|-damage|p2a: Dimmadome|29/100
|
|-weather|Sandstorm|[upkeep]
|-damage|p2a: Dimmadome|23/100|[from] Sandstorm
|-heal|p1a: Tyranitar|57/100|[from] Grassy Terrain
|upkeep
|turn|14
|
|t:|1664402402
|move|p2a: Dimmadome|Pain Split|p1a: Tyranitar
|-sethp|p1a: Tyranitar|38/100|[from] move: Pain Split|[silent]
|-sethp|p2a: Dimmadome|46/100|[from] move: Pain Split
|move|p1a: Tyranitar|Stone Edge|p2a: Dimmadome
|-damage|p2a: Dimmadome|24/100
|
|-weather|Sandstorm|[upkeep]
|-damage|p2a: Dimmadome|18/100|[from] Sandstorm
|-heal|p1a: Tyranitar|44/100|[from] Grassy Terrain
|-fieldend|move: Grassy Terrain
|upkeep
|turn|15
|
|t:|1664402406
|switch|p2a: LandOUrus-T|Landorus-Therian, M|42/100
|-ability|p2a: LandOUrus-T|Intimidate|boost
|-unboost|p1a: Tyranitar|atk|1
|move|p1a: Tyranitar|Stone Edge|p2a: LandOUrus-T
|-damage|p2a: LandOUrus-T|22/100
|
|-weather|none
|-heal|p2a: LandOUrus-T|28/100|[from] item: Leftovers
|upkeep
|turn|16
|
|t:|1664402411
|move|p2a: LandOUrus-T|U-turn|p1a: Tyranitar
|-supereffective|p1a: Tyranitar
|-damage|p1a: Tyranitar|12/100
|
|t:|1664402418
|switch|p2a: Prédastérie|Toxapex, F|100/100|[from]move: U-turn
|move|p1a: Tyranitar|Crunch|p2a: Prédastérie
|-damage|p2a: Prédastérie|83/100
|
|upkeep
|turn|17
|
|t:|1664402428
|move|p1a: Tyranitar|Stone Edge|p2a: Prédastérie
|-crit|p2a: Prédastérie
|-damage|p2a: Prédastérie|17/100
|move|p2a: Prédastérie|Liquidation|p1a: Tyranitar
|-supereffective|p1a: Tyranitar
|-damage|p1a: Tyranitar|0 fnt
|faint|p1a: Tyranitar
|
|upkeep
|
|t:|1664402432
|switch|p1a: Rillaboom|Rillaboom, M|39/100
|-damage|p1a: Rillaboom|27/100|[from] Stealth Rock
|-fieldstart|move: Grassy Terrain|[from] ability: Grassy Surge|[of] p1a: Rillaboom
|turn|18
|
|t:|1664402439
|switch|p2a: LandOUrus-T|Landorus-Therian, M|28/100
|-ability|p2a: LandOUrus-T|Intimidate|boost
|-unboost|p1a: Rillaboom|atk|1
|move|p1a: Rillaboom|U-turn|p2a: LandOUrus-T
|-resisted|p2a: LandOUrus-T
|-damage|p2a: LandOUrus-T|19/100
|
|t:|1664402443
|switch|p1a: Tapu Lele|Tapu Lele, shiny|100/100|[from]move: U-turn
|-damage|p1a: Tapu Lele|88/100|[from] Stealth Rock
|-fieldstart|move: Psychic Terrain|[from] ability: Psychic Surge|[of] p1a: Tapu Lele
|
|-heal|p2a: LandOUrus-T|25/100|[from] item: Leftovers
|upkeep
|turn|19
|
|t:|1664402446
|switch|p2a: ur slow|Slowbro, F|100/100
|move|p1a: Tapu Lele|Psychic|p2a: ur slow
|-resisted|p2a: ur slow
|-damage|p2a: ur slow|80/100
|
|upkeep
|turn|20
|
|t:|1664402450
|switch|p1a: Volcanion|Volcanion|100/100
|-damage|p1a: Volcanion|76/100|[from] Stealth Rock
|move|p2a: ur slow|Teleport|p2a: ur slow
|
|t:|1664402470
|switch|p2a: LandOUrus-T|Landorus-Therian, M|25/100|[from]move: Teleport
|-ability|p2a: LandOUrus-T|Intimidate|boost
|-unboost|p1a: Volcanion|atk|1
|
|-heal|p2a: LandOUrus-T|31/100|[from] item: Leftovers
|upkeep
|turn|21
|
|t:|1664402475
|move|p1a: Volcanion|Steam Eruption|p2a: LandOUrus-T
|-supereffective|p2a: LandOUrus-T
|-damage|p2a: LandOUrus-T|0 fnt
|faint|p2a: LandOUrus-T
|
|upkeep
|
|t:|1664402481
|switch|p2a: ur slow|Slowbro, F|100/100
|turn|22
|
|t:|1664402509
|move|p1a: Volcanion|Steam Eruption|p2a: ur slow
|-resisted|p2a: ur slow
|-damage|p2a: ur slow|72/100
|move|p2a: ur slow|Future Sight|p1a: Volcanion
|-start|p2a: ur slow|move: Future Sight
|
|-fieldend|move: Psychic Terrain
|upkeep
|turn|23
|
|t:|1664402513
|move|p1a: Volcanion|Steam Eruption|p2a: ur slow
|-resisted|p2a: ur slow
|-damage|p2a: ur slow|39/100
|-status|p2a: ur slow|brn
|move|p2a: ur slow|Teleport|p2a: ur slow
|
|t:|1664402516
|switch|p2a: Dreepy Airlines|Dragapult, F|100/100|[from]move: Teleport
|
|upkeep
|turn|24
|
|t:|1664402519
|move|p2a: Dreepy Airlines|U-turn|p1a: Volcanion
|-resisted|p1a: Volcanion
|-damage|p1a: Volcanion|67/100
|
|t:|1664402521
|switch|p2a: ur slow|Slowbro, F|72/100 brn|[from]move: U-turn
|move|p1a: Volcanion|Steam Eruption|p2a: ur slow
|-resisted|p2a: ur slow
|-damage|p2a: ur slow|44/100 brn
|
|-end|p1a: Volcanion|move: Future Sight
|-damage|p1a: Volcanion|15/100
|-damage|p2a: ur slow|38/100 brn|[from] brn
|upkeep
|turn|25
|
|t:|1664402523
|move|p1a: Volcanion|Steam Eruption|p2a: ur slow
|-resisted|p2a: ur slow
|-damage|p2a: ur slow|9/100 brn
|move|p2a: ur slow|Slack Off|p2a: ur slow
|-heal|p2a: ur slow|59/100 brn
|
|-damage|p2a: ur slow|53/100 brn|[from] brn
|upkeep
|turn|26
|
|t:|1664402526
|move|p1a: Volcanion|Steam Eruption|p2a: ur slow
|-resisted|p2a: ur slow
|-damage|p2a: ur slow|24/100 brn
|move|p2a: ur slow|Slack Off|p2a: ur slow
|-heal|p2a: ur slow|74/100 brn
|
|-damage|p2a: ur slow|68/100 brn|[from] brn
|upkeep
|turn|27
|
|t:|1664402531
|move|p1a: Volcanion|Steam Eruption|p2a: ur slow
|-resisted|p2a: ur slow
|-damage|p2a: ur slow|35/100 brn
|move|p2a: ur slow|Slack Off|p2a: ur slow
|-heal|p2a: ur slow|85/100 brn
|
|-damage|p2a: ur slow|79/100 brn|[from] brn
|upkeep
|turn|28
|
|t:|1664402534
|move|p1a: Volcanion|Steam Eruption|p2a: ur slow
|-resisted|p2a: ur slow
|-damage|p2a: ur slow|47/100 brn
|move|p2a: ur slow|Slack Off|p2a: ur slow
|-heal|p2a: ur slow|97/100 brn
|
|-damage|p2a: ur slow|91/100 brn|[from] brn
|upkeep
|turn|29
|
|t:|1664402536
|-activate|p1a: Volcanion|move: Struggle
|move|p1a: Volcanion|Struggle|p2a: ur slow
|-crit|p2a: ur slow
|-damage|p2a: ur slow|79/100 brn
|-damage|p1a: Volcanion|0 fnt|[from] recoil
|faint|p1a: Volcanion
|move|p2a: ur slow|Teleport|p2a: ur slow
|
|t:|1664402540
|switch|p2a: Dreepy Airlines|Dragapult, F|100/100|[from]move: Teleport
|
|upkeep
|
|t:|1664402543
|switch|p1a: Tapu Lele|Tapu Lele, shiny|88/100
|-damage|p1a: Tapu Lele|76/100|[from] Stealth Rock
|-fieldstart|move: Psychic Terrain|[from] ability: Psychic Surge|[of] p1a: Tapu Lele
|turn|30
|
|t:|1664402546
|switch|p2a: ur slow|Slowbro, F|100/100 brn
|move|p1a: Tapu Lele|Moonblast|p2a: ur slow
|-damage|p2a: ur slow|66/100 brn
|
|-damage|p2a: ur slow|60/100 brn|[from] brn
|upkeep
|turn|31
|
|t:|1664402550
|switch|p2a: Prédastérie|Toxapex, F|51/100
|move|p1a: Tapu Lele|Moonblast|p2a: Prédastérie
|-resisted|p2a: Prédastérie
|-damage|p2a: Prédastérie|28/100
|-unboost|p2a: Prédastérie|spa|1
|
|upkeep
|turn|32
|
|t:|1664402556
|switch|p1a: Rillaboom|Rillaboom, M|27/100
|-damage|p1a: Rillaboom|15/100|[from] Stealth Rock
|-fieldstart|move: Grassy Terrain|[from] ability: Grassy Surge|[of] p1a: Rillaboom
|move|p2a: Prédastérie|Knock Off|p1a: Rillaboom
|-damage|p1a: Rillaboom|0 fnt
|-enditem|p1a: Rillaboom|Choice Band|[from] move: Knock Off|[of] p2a: Prédastérie
|faint|p1a: Rillaboom
|
|-heal|p2a: Prédastérie|34/100|[from] Grassy Terrain
|upkeep
|
|t:|1664402562
|switch|p1a: Tapu Lele|Tapu Lele, shiny|76/100
|-damage|p1a: Tapu Lele|63/100|[from] Stealth Rock
|-fieldstart|move: Psychic Terrain|[from] ability: Psychic Surge|[of] p1a: Tapu Lele
|turn|33
|
|t:|1664402566
|move|p1a: Tapu Lele|Moonblast|p2a: Prédastérie
|-resisted|p2a: Prédastérie
|-damage|p2a: Prédastérie|12/100
|-unboost|p2a: Prédastérie|spa|1
|move|p2a: Prédastérie|Knock Off|p1a: Tapu Lele
|-damage|p1a: Tapu Lele|9/100
|-enditem|p1a: Tapu Lele|Choice Scarf|[from] move: Knock Off|[of] p2a: Prédastérie
|
|upkeep
|turn|34
|
|t:|1664402570
|move|p1a: Tapu Lele|Moonblast|p2a: Prédastérie
|-resisted|p2a: Prédastérie
|-damage|p2a: Prédastérie|0 fnt
|faint|p2a: Prédastérie
|
|upkeep
|
|t:|1664402581
|switch|p2a: ur slow|Slowbro, F|93/100 brn
|turn|35
|
|t:|1664402585
|move|p1a: Tapu Lele|Moonblast|p2a: ur slow
|-damage|p2a: ur slow|54/100 brn
|move|p2a: ur slow|Future Sight|p1a: Tapu Lele
|-start|p2a: ur slow|move: Future Sight
|
|-damage|p2a: ur slow|48/100 brn|[from] brn
|upkeep
|turn|36
|
|t:|1664402591
|move|p1a: Tapu Lele|Moonblast|p2a: ur slow
|-damage|p2a: ur slow|13/100 brn
|move|p2a: ur slow|Scald|p1a: Tapu Lele
|-damage|p1a: Tapu Lele|0 fnt
|faint|p1a: Tapu Lele
|
|-damage|p2a: ur slow|7/100 brn|[from] brn
|upkeep
|
|t:|1664402594
|switch|p1a: Garchomp|Garchomp, F|100/100
|-damage|p1a: Garchomp|94/100|[from] Stealth Rock
|turn|37
|
|t:|1664402599
|switch|p2a: Dimmadome|Weezing-Galar, F|18/100
|move|p1a: Garchomp|Stone Edge|p2a: Dimmadome|[miss]
|-miss|p1a: Garchomp|p2a: Dimmadome
|
|-end|p1a: Garchomp|move: Future Sight
|-damage|p1a: Garchomp|32/100
|-fieldend|move: Psychic Terrain
|upkeep
|turn|38
|
|t:|1664402602
|move|p1a: Garchomp|Stone Edge|p2a: Dimmadome
|-damage|p2a: Dimmadome|0 fnt
|faint|p2a: Dimmadome
|
|upkeep
|
|t:|1664402629
|switch|p2a: Dreepy Airlines|Dragapult, F|100/100
|turn|39
|
|t:|1664402637
|move|p1a: Garchomp|Stone Edge|p2a: Dreepy Airlines
|-damage|p2a: Dreepy Airlines|52/100
|move|p2a: Dreepy Airlines|Hex|p1a: Garchomp
|-damage|p1a: Garchomp|0 fnt
|faint|p1a: Garchomp
|
|win|Down$hift
|raw|shas2349's rating: 1563 &rarr; <strong>1544</strong><br />(-19 for losing)
|raw|Down$hift's rating: 1583 &rarr; <strong>1602</strong><br />(+19 for winning)
|l|☆shas2349
|c|☆Down$hift|gg
||Ladder isn't responding, score probably updated but might not have (Request timeout).
