|j|☆thejohnking
|j|☆cump2
|t:|1657471177
|gametype|singles
|player|p1|thejohnking|170|1640
|player|p2|cump2|doctor|1590
|teamsize|p1|6
|teamsize|p2|6
|gen|8
|tier|[Gen 8] OU
|rated|
|rule|Sleep Clause Mod: Limit one foe put to sleep
|rule|Species Clause: Limit one of each Pokémon
|rule|OHKO Clause: OHKO moves are banned
|rule|Evasion Moves Clause: Evasion moves are banned
|rule|Endless Battle Clause: Forcing endless battles is banned
|rule|HP Percentage Mod: HP is shown in percentages
|rule|Dynamax Clause: You cannot dynamax
|clearpoke
|poke|p1|Obstagoon, F|
|poke|p1|Buzzwole|
|poke|p1|Blissey, F|
|poke|p1|Tapu Lele|
|poke|p1|Zapdos|
|poke|p1|Rillaboom, M|
|poke|p2|Hippowdon, F|
|poke|p2|Slowking, M|
|poke|p2|Mandibuzz, F|
|poke|p2|Magnezone|
|poke|p2|Comfey, F|
|poke|p2|Kartana|
|teampreview
|
|t:|1657471189
|start
|switch|p1a: Blissey|Blissey, F|100/100
|switch|p2a: Hippowdon|Hippowdon, F|100/100
|-weather|Sandstorm|[from] ability: Sand Stream|[of] p2a: Hippowdon
|turn|1
|
|t:|1657471192
|move|p1a: Blissey|Toxic|p2a: Hippowdon
|-status|p2a: Hippowdon|tox
|move|p2a: Hippowdon|Stealth Rock|p1a: Blissey
|-sidestart|p1: thejohnking|move: Stealth Rock
|
|-weather|Sandstorm|[upkeep]
|-damage|p1a: Blissey|94/100|[from] Sandstorm
|-heal|p1a: Blissey|100/100|[from] item: Leftovers
|-damage|p2a: Hippowdon|94/100 tox|[from] psn
|upkeep
|turn|2
|
|t:|1657471197
|switch|p2a: Magnezone|Magnezone, shiny|100/100
|move|p1a: Blissey|Stealth Rock|p2a: Magnezone
|-sidestart|p2: cump2|move: Stealth Rock
|
|-weather|Sandstorm|[upkeep]
|-damage|p1a: Blissey|94/100|[from] Sandstorm
|-heal|p1a: Blissey|100/100|[from] item: Leftovers
|upkeep
|turn|3
|
|t:|1657471204
|move|p2a: Magnezone|Discharge|p1a: Blissey
|-damage|p1a: Blissey|87/100
|move|p1a: Blissey|Seismic Toss|p2a: Magnezone
|-damage|p2a: Magnezone|70/100
|
|-weather|Sandstorm|[upkeep]
|-damage|p1a: Blissey|81/100|[from] Sandstorm
|-heal|p2a: Magnezone|76/100|[from] item: Leftovers
|-heal|p1a: Blissey|87/100|[from] item: Leftovers
|upkeep
|turn|4
|
|t:|1657471209
|move|p2a: Magnezone|Body Press|p1a: Blissey
|-supereffective|p1a: Blissey
|-damage|p1a: Blissey|35/100
|move|p1a: Blissey|Seismic Toss|p2a: Magnezone
|-damage|p2a: Magnezone|45/100
|
|-weather|Sandstorm|[upkeep]
|-damage|p1a: Blissey|29/100|[from] Sandstorm
|-heal|p2a: Magnezone|51/100|[from] item: Leftovers
|-heal|p1a: Blissey|35/100|[from] item: Leftovers
|upkeep
|turn|5
|
|t:|1657471226
|switch|p1a: Zapdos|Zapdos|100/100
|move|p2a: Magnezone|Discharge|p1a: Zapdos
|-damage|p1a: Zapdos|65/100
|
|-weather|none
|-heal|p2a: Magnezone|57/100|[from] item: Leftovers
|upkeep
|turn|6
|
|t:|1657471231
|switch|p2a: Slowking|Slowking, M, shiny|100/100
|move|p1a: Zapdos|Volt Switch|p2a: Slowking
|-supereffective|p2a: Slowking
|-damage|p2a: Slowking|67/100
|
|t:|1657471235
|switch|p1a: Obstagoon|Obstagoon, F|100/100|[from]move: Volt Switch
|-damage|p1a: Obstagoon|88/100|[from] Stealth Rock
|
|-status|p1a: Obstagoon|brn|[from] item: Flame Orb
|upkeep
|turn|7
|
|t:|1657471238
|switch|p2a: Mandibuzz|Mandibuzz, F|100/100
|move|p1a: Obstagoon|Facade|p2a: Mandibuzz
|-damage|p2a: Mandibuzz|50/100
|
|-damage|p1a: Obstagoon|82/100 brn|[from] brn
|upkeep
|turn|8
|
|t:|1657471243
|move|p1a: Obstagoon|Facade|p2a: Mandibuzz
|-damage|p2a: Mandibuzz|0 fnt
|faint|p2a: Mandibuzz
|
|-damage|p1a: Obstagoon|76/100 brn|[from] brn
|upkeep
|
|t:|1657471246
|switch|p2a: Kartana|Kartana, shiny|100/100
|-damage|p2a: Kartana|94/100|[from] Stealth Rock
|turn|9
|
|t:|1657471250
|switch|p2a: Comfey|Comfey, F|100/100
|-damage|p2a: Comfey|88/100|[from] Stealth Rock
|switch|p1a: Zapdos|Zapdos|65/100
|
|-heal|p2a: Comfey|94/100|[from] item: Leftovers
|upkeep
|turn|10
|
|t:|1657471253
|move|p1a: Zapdos|Roost|p1a: Zapdos
|-heal|p1a: Zapdos|100/100
|-singleturn|p1a: Zapdos|move: Roost
|move|p2a: Comfey|Substitute|p2a: Comfey
|-start|p2a: Comfey|Substitute
|-damage|p2a: Comfey|69/100
|
|-heal|p2a: Comfey|76/100|[from] item: Leftovers
|upkeep
|turn|11
|
|t:|1657471256
|move|p1a: Zapdos|Volt Switch|p2a: Comfey
|-end|p2a: Comfey|Substitute
|
|t:|1657471265
|switch|p1a: Blissey|Blissey, F|35/100|[from]move: Volt Switch
|-damage|p1a: Blissey|22/100|[from] Stealth Rock
|move|p2a: Comfey|Leech Seed|p1a: Blissey
|-start|p1a: Blissey|move: Leech Seed
|
|-heal|p2a: Comfey|82/100|[from] item: Leftovers
|-heal|p1a: Blissey|29/100|[from] item: Leftovers
|-damage|p1a: Blissey|16/100|[from] Leech Seed|[of] p2a: Comfey
|-heal|p2a: Comfey|100/100|[silent]
|upkeep
|turn|12
|
|t:|1657471268
|move|p2a: Comfey|Substitute|p2a: Comfey
|-start|p2a: Comfey|Substitute
|-damage|p2a: Comfey|76/100
|move|p1a: Blissey|Soft-Boiled|p1a: Blissey
|-heal|p1a: Blissey|66/100
|
|-heal|p2a: Comfey|82/100|[from] item: Leftovers
|-heal|p1a: Blissey|72/100|[from] item: Leftovers
|-damage|p1a: Blissey|60/100|[from] Leech Seed|[of] p2a: Comfey
|-heal|p2a: Comfey|100/100|[silent]
|upkeep
|turn|13
|
|t:|1657471270
|move|p2a: Comfey|Calm Mind|p2a: Comfey
|-boost|p2a: Comfey|spa|1
|-boost|p2a: Comfey|spd|1
|move|p1a: Blissey|Soft-Boiled|p1a: Blissey
|-heal|p1a: Blissey|100/100
|
|-damage|p1a: Blissey|88/100|[from] Leech Seed|[of] p2a: Comfey
|upkeep
|turn|14
|
|t:|1657471279
|switch|p1a: Rillaboom|Rillaboom, M|100/100
|-damage|p1a: Rillaboom|88/100|[from] Stealth Rock
|-fieldstart|move: Grassy Terrain|[from] ability: Grassy Surge|[of] p1a: Rillaboom
|move|p2a: Comfey|Calm Mind|p2a: Comfey
|-boost|p2a: Comfey|spa|1
|-boost|p2a: Comfey|spd|1
|
|-heal|p1a: Rillaboom|94/100|[from] Grassy Terrain
|upkeep
|turn|15
|inactive|Battle timer is ON: inactive players will automatically lose when time's up. (requested by thejohnking)
|
|t:|1657471284
|move|p2a: Comfey|Draining Kiss|p1a: Rillaboom
|-damage|p1a: Rillaboom|56/100
|move|p1a: Rillaboom|Grassy Glide|p2a: Comfey
|-end|p2a: Comfey|Substitute
|
|-heal|p1a: Rillaboom|62/100|[from] Grassy Terrain
|upkeep
|turn|16
|
|t:|1657471289
|move|p2a: Comfey|Draining Kiss|p1a: Rillaboom
|-damage|p1a: Rillaboom|21/100
|move|p1a: Rillaboom|Grassy Glide|p2a: Comfey
|-damage|p2a: Comfey|38/100
|
|-heal|p1a: Rillaboom|27/100|[from] Grassy Terrain
|-heal|p2a: Comfey|44/100|[from] Grassy Terrain
|-heal|p2a: Comfey|50/100|[from] item: Leftovers
|upkeep
|turn|17
|
|t:|1657471298
|move|p2a: Comfey|Draining Kiss|p1a: Rillaboom
|-damage|p1a: Rillaboom|0 fnt
|-heal|p2a: Comfey|73/100|[from] drain|[of] p1a: Rillaboom
|faint|p1a: Rillaboom
|
|-heal|p2a: Comfey|79/100|[from] Grassy Terrain
|-heal|p2a: Comfey|85/100|[from] item: Leftovers
|upkeep
|j| xuwuhanjun
|
|t:|1657471318
|switch|p1a: Blissey|Blissey, F|88/100
|-damage|p1a: Blissey|76/100|[from] Stealth Rock
|turn|18
|
|t:|1657471321
|move|p2a: Comfey|Substitute|p2a: Comfey
|-start|p2a: Comfey|Substitute
|-damage|p2a: Comfey|60/100
|move|p1a: Blissey|Seismic Toss|p2a: Comfey
|-end|p2a: Comfey|Substitute
|
|-heal|p2a: Comfey|66/100|[from] Grassy Terrain
|-heal|p2a: Comfey|73/100|[from] item: Leftovers
|-heal|p1a: Blissey|82/100|[from] Grassy Terrain
|-heal|p1a: Blissey|88/100|[from] item: Leftovers
|-fieldend|move: Grassy Terrain
|upkeep
|turn|19
|
|t:|1657471326
|move|p2a: Comfey|Substitute|p2a: Comfey
|-start|p2a: Comfey|Substitute
|-damage|p2a: Comfey|48/100
|move|p1a: Blissey|Toxic||[still]
|-fail|p1a: Blissey
|
|-heal|p2a: Comfey|54/100|[from] item: Leftovers
|-heal|p1a: Blissey|94/100|[from] item: Leftovers
|upkeep
|turn|20
|
|t:|1657471327
|move|p2a: Comfey|Leech Seed|p1a: Blissey
|-start|p1a: Blissey|move: Leech Seed
|move|p1a: Blissey|Seismic Toss|p2a: Comfey
|-end|p2a: Comfey|Substitute
|
|-heal|p2a: Comfey|60/100|[from] item: Leftovers
|-heal|p1a: Blissey|99/100|[from] item: Leftovers
|-damage|p1a: Blissey|88/100|[from] Leech Seed|[of] p2a: Comfey
|-heal|p2a: Comfey|89/100|[silent]
|upkeep
|turn|21
|
|t:|1657471329
|move|p2a: Comfey|Substitute|p2a: Comfey
|-start|p2a: Comfey|Substitute
|-damage|p2a: Comfey|64/100
|move|p1a: Blissey|Seismic Toss|p2a: Comfey
|-end|p2a: Comfey|Substitute
|
|-heal|p2a: Comfey|71/100|[from] item: Leftovers
|-heal|p1a: Blissey|94/100|[from] item: Leftovers
|-damage|p1a: Blissey|81/100|[from] Leech Seed|[of] p2a: Comfey
|-heal|p2a: Comfey|99/100|[silent]
|upkeep
|turn|22
|
|t:|1657471335
|move|p2a: Comfey|Substitute|p2a: Comfey
|-start|p2a: Comfey|Substitute
|-damage|p2a: Comfey|75/100
|move|p1a: Blissey|Seismic Toss|p2a: Comfey
|-end|p2a: Comfey|Substitute
|
|-heal|p2a: Comfey|81/100|[from] item: Leftovers
|-heal|p1a: Blissey|88/100|[from] item: Leftovers
|-damage|p1a: Blissey|75/100|[from] Leech Seed|[of] p2a: Comfey
|-heal|p2a: Comfey|100/100|[silent]
|upkeep
|turn|23
|l| xuwuhanjun
|
|t:|1657471338
|move|p2a: Comfey|Substitute|p2a: Comfey
|-start|p2a: Comfey|Substitute
|-damage|p2a: Comfey|76/100
|move|p1a: Blissey|Seismic Toss|p2a: Comfey
|-end|p2a: Comfey|Substitute
|
|-heal|p2a: Comfey|82/100|[from] item: Leftovers
|-heal|p1a: Blissey|81/100|[from] item: Leftovers
|-damage|p1a: Blissey|69/100|[from] Leech Seed|[of] p2a: Comfey
|-heal|p2a: Comfey|100/100|[silent]
|upkeep
|turn|24
|
|t:|1657471340
|move|p2a: Comfey|Substitute|p2a: Comfey
|-start|p2a: Comfey|Substitute
|-damage|p2a: Comfey|76/100
|move|p1a: Blissey|Seismic Toss|p2a: Comfey
|-end|p2a: Comfey|Substitute
|
|-heal|p2a: Comfey|82/100|[from] item: Leftovers
|-heal|p1a: Blissey|75/100|[from] item: Leftovers
|-damage|p1a: Blissey|63/100|[from] Leech Seed|[of] p2a: Comfey
|-heal|p2a: Comfey|100/100|[silent]
|upkeep
|turn|25
|
|t:|1657471344
|move|p2a: Comfey|Calm Mind|p2a: Comfey
|-boost|p2a: Comfey|spa|1
|-boost|p2a: Comfey|spd|1
|move|p1a: Blissey|Soft-Boiled|p1a: Blissey
|-heal|p1a: Blissey|100/100
|
|-damage|p1a: Blissey|88/100|[from] Leech Seed|[of] p2a: Comfey
|upkeep
|turn|26
|
|t:|1657471347
|move|p2a: Comfey|Substitute|p2a: Comfey
|-start|p2a: Comfey|Substitute
|-damage|p2a: Comfey|76/100
|move|p1a: Blissey|Seismic Toss|p2a: Comfey
|-end|p2a: Comfey|Substitute
|
|-heal|p2a: Comfey|82/100|[from] item: Leftovers
|-heal|p1a: Blissey|94/100|[from] item: Leftovers
|-damage|p1a: Blissey|82/100|[from] Leech Seed|[of] p2a: Comfey
|-heal|p2a: Comfey|100/100|[silent]
|upkeep
|turn|27
|
|t:|1657471356
|move|p2a: Comfey|Substitute|p2a: Comfey
|-start|p2a: Comfey|Substitute
|-damage|p2a: Comfey|76/100
|move|p1a: Blissey|Seismic Toss|p2a: Comfey
|-end|p2a: Comfey|Substitute
|
|-heal|p2a: Comfey|82/100|[from] item: Leftovers
|-heal|p1a: Blissey|88/100|[from] item: Leftovers
|-damage|p1a: Blissey|75/100|[from] Leech Seed|[of] p2a: Comfey
|-heal|p2a: Comfey|100/100|[silent]
|upkeep
|turn|28
|
|t:|1657471372
|move|p2a: Comfey|Substitute|p2a: Comfey
|-start|p2a: Comfey|Substitute
|-damage|p2a: Comfey|76/100
|move|p1a: Blissey|Soft-Boiled|p1a: Blissey
|-heal|p1a: Blissey|100/100
|
|-heal|p2a: Comfey|82/100|[from] item: Leftovers
|-damage|p1a: Blissey|88/100|[from] Leech Seed|[of] p2a: Comfey
|-heal|p2a: Comfey|100/100|[silent]
|upkeep
|turn|29
|
|t:|1657471376
|move|p2a: Comfey|Draining Kiss|p1a: Blissey
|-crit|p1a: Blissey
|-damage|p1a: Blissey|66/100
|move|p1a: Blissey|Seismic Toss|p2a: Comfey
|-end|p2a: Comfey|Substitute
|
|-heal|p1a: Blissey|73/100|[from] item: Leftovers
|-damage|p1a: Blissey|60/100|[from] Leech Seed|[of] p2a: Comfey
|upkeep
|turn|30
|
|t:|1657471387
|switch|p2a: Kartana|Kartana, shiny|94/100
|-damage|p2a: Kartana|88/100|[from] Stealth Rock
|move|p1a: Blissey|Soft-Boiled|p1a: Blissey
|-heal|p1a: Blissey|100/100
|
|-damage|p1a: Blissey|88/100|[from] Leech Seed|[of] p2a: Kartana
|-heal|p2a: Kartana|100/100|[silent]
|upkeep
|turn|31
|
|t:|1657471391
|switch|p2a: Comfey|Comfey, F|100/100
|-damage|p2a: Comfey|88/100|[from] Stealth Rock
|switch|p1a: Zapdos|Zapdos|100/100
|
|-heal|p2a: Comfey|94/100|[from] item: Leftovers
|upkeep
|turn|32
|
|t:|1657471394
|move|p1a: Zapdos|Volt Switch|p2a: Comfey
|-damage|p2a: Comfey|66/100
|
|t:|1657471398
|switch|p1a: Blissey|Blissey, F|88/100|[from]move: Volt Switch
|-damage|p1a: Blissey|76/100|[from] Stealth Rock
|move|p2a: Comfey|Substitute|p2a: Comfey
|-start|p2a: Comfey|Substitute
|-damage|p2a: Comfey|41/100
|
|-heal|p2a: Comfey|47/100|[from] item: Leftovers
|-heal|p1a: Blissey|82/100|[from] item: Leftovers
|upkeep
|turn|33
|
|t:|1657471400
|move|p2a: Comfey|Leech Seed|p1a: Blissey
|-start|p1a: Blissey|move: Leech Seed
|move|p1a: Blissey|Seismic Toss|p2a: Comfey
|-end|p2a: Comfey|Substitute
|
|-heal|p2a: Comfey|53/100|[from] item: Leftovers
|-heal|p1a: Blissey|88/100|[from] item: Leftovers
|-damage|p1a: Blissey|75/100|[from] Leech Seed|[of] p2a: Comfey
|-heal|p2a: Comfey|82/100|[silent]
|upkeep
|turn|34
|
|t:|1657471404
|switch|p2a: Magnezone|Magnezone, shiny|57/100
|-damage|p2a: Magnezone|51/100|[from] Stealth Rock
|move|p1a: Blissey|Seismic Toss|p2a: Magnezone
|-damage|p2a: Magnezone|20/100
|
|-heal|p2a: Magnezone|26/100|[from] item: Leftovers
|-heal|p1a: Blissey|82/100|[from] item: Leftovers
|-damage|p1a: Blissey|69/100|[from] Leech Seed|[of] p2a: Magnezone
|-heal|p2a: Magnezone|54/100|[silent]
|upkeep
|turn|35
|
|t:|1657471409
|switch|p1a: Tapu Lele|Tapu Lele|100/100
|-damage|p1a: Tapu Lele|88/100|[from] Stealth Rock
|-fieldstart|move: Psychic Terrain|[from] ability: Psychic Surge|[of] p1a: Tapu Lele
|move|p2a: Magnezone|Body Press|p1a: Tapu Lele
|-resisted|p1a: Tapu Lele
|-damage|p1a: Tapu Lele|77/100
|
|-heal|p2a: Magnezone|60/100|[from] item: Leftovers
|upkeep
|turn|36
|
|t:|1657471412
|switch|p2a: Slowking|Slowking, M, shiny|99/100
|move|p1a: Tapu Lele|Calm Mind|p1a: Tapu Lele
|-boost|p1a: Tapu Lele|spa|1
|-boost|p1a: Tapu Lele|spd|1
|
|upkeep
|turn|37
|
|t:|1657471418
|switch|p1a: Blissey|Blissey, F|69/100
|-damage|p1a: Blissey|57/100|[from] Stealth Rock
|move|p2a: Slowking|Toxic|p1a: Blissey
|-status|p1a: Blissey|tox
|
|-heal|p1a: Blissey|63/100 tox|[from] item: Leftovers
|-damage|p1a: Blissey|57/100 tox|[from] psn
|upkeep
|turn|38
|
|t:|1657471423
|switch|p2a: Magnezone|Magnezone, shiny|60/100
|-damage|p2a: Magnezone|54/100|[from] Stealth Rock
|move|p1a: Blissey|Soft-Boiled|p1a: Blissey
|-heal|p1a: Blissey|100/100 tox
|
|-heal|p2a: Magnezone|60/100|[from] item: Leftovers
|-damage|p1a: Blissey|88/100 tox|[from] psn
|upkeep
|turn|39
|
|t:|1657471432
|-curestatus|p1a: Blissey|tox|[from] ability: Natural Cure
|switch|p1a: Tapu Lele|Tapu Lele|77/100
|-damage|p1a: Tapu Lele|64/100|[from] Stealth Rock
|move|p2a: Magnezone|Discharge|p1a: Tapu Lele
|-damage|p1a: Tapu Lele|30/100
|
|-heal|p2a: Magnezone|66/100|[from] item: Leftovers
|-fieldend|move: Psychic Terrain
|upkeep
|turn|40
|
|t:|1657471437
|switch|p2a: Slowking|Slowking, M, shiny|100/100
|move|p1a: Tapu Lele|Moonblast|p2a: Slowking
|-damage|p2a: Slowking|73/100
|
|upkeep
|turn|41
|
|t:|1657471444
|switch|p1a: Buzzwole|Buzzwole|100/100
|-damage|p1a: Buzzwole|88/100|[from] Stealth Rock
|move|p2a: Slowking|Teleport|p2a: Slowking
|
|t:|1657471450
|switch|p2a: Comfey|Comfey, F|82/100|[from]move: Teleport
|-damage|p2a: Comfey|70/100|[from] Stealth Rock
|
|-heal|p2a: Comfey|76/100|[from] item: Leftovers
|upkeep
|turn|42
|
|t:|1657471457
|switch|p1a: Blissey|Blissey, F|88/100
|-damage|p1a: Blissey|76/100|[from] Stealth Rock
|move|p2a: Comfey|Leech Seed|p1a: Blissey
|-start|p1a: Blissey|move: Leech Seed
|
|-heal|p2a: Comfey|82/100|[from] item: Leftovers
|-heal|p1a: Blissey|82/100|[from] item: Leftovers
|-damage|p1a: Blissey|69/100|[from] Leech Seed|[of] p2a: Comfey
|-heal|p2a: Comfey|100/100|[silent]
|upkeep
|turn|43
|
|t:|1657471463
|switch|p2a: Magnezone|Magnezone, shiny|66/100
|-damage|p2a: Magnezone|60/100|[from] Stealth Rock
|move|p1a: Blissey|Soft-Boiled|p1a: Blissey
|-heal|p1a: Blissey|100/100
|
|-heal|p2a: Magnezone|66/100|[from] item: Leftovers
|-damage|p1a: Blissey|88/100|[from] Leech Seed|[of] p2a: Magnezone
|-heal|p2a: Magnezone|94/100|[silent]
|upkeep
|turn|44
|
|t:|1657471467
|switch|p1a: Zapdos|Zapdos|100/100
|move|p2a: Magnezone|Iron Defense|p2a: Magnezone
|-boost|p2a: Magnezone|def|2
|
|-heal|p2a: Magnezone|99/100|[from] item: Leftovers
|upkeep
|turn|45
|
|t:|1657471470
|move|p1a: Zapdos|Hurricane|p2a: Magnezone
|-resisted|p2a: Magnezone
|-damage|p2a: Magnezone|87/100
|move|p2a: Magnezone|Discharge|p1a: Zapdos
|-damage|p1a: Zapdos|65/100
|
|-heal|p2a: Magnezone|93/100|[from] item: Leftovers
|upkeep
|turn|46
|
|t:|1657471476
|move|p1a: Zapdos|Hurricane|p2a: Magnezone
|-resisted|p2a: Magnezone
|-damage|p2a: Magnezone|81/100
|move|p2a: Magnezone|Discharge|p1a: Zapdos
|-damage|p1a: Zapdos|30/100
|
|-heal|p2a: Magnezone|87/100|[from] item: Leftovers
|upkeep
|turn|47
|
|t:|1657471480
|move|p1a: Zapdos|Roost|p1a: Zapdos
|-heal|p1a: Zapdos|80/100
|-singleturn|p1a: Zapdos|move: Roost
|move|p2a: Magnezone|Body Press|p1a: Zapdos
|-damage|p1a: Zapdos|34/100
|
|-heal|p2a: Magnezone|93/100|[from] item: Leftovers
|upkeep
|turn|48
|
|t:|1657471483
|move|p1a: Zapdos|Roost|p1a: Zapdos
|-heal|p1a: Zapdos|84/100
|-singleturn|p1a: Zapdos|move: Roost
|move|p2a: Magnezone|Iron Defense|p2a: Magnezone
|-boost|p2a: Magnezone|def|2
|
|-heal|p2a: Magnezone|99/100|[from] item: Leftovers
|upkeep
|turn|49
|
|t:|1657471491
|move|p1a: Zapdos|Hurricane|p2a: Magnezone|[miss]
|-miss|p1a: Zapdos|p2a: Magnezone
|move|p2a: Magnezone|Discharge|p1a: Zapdos
|-damage|p1a: Zapdos|48/100
|
|-heal|p2a: Magnezone|100/100|[from] item: Leftovers
|upkeep
|turn|50
|
|t:|1657471496
|switch|p1a: Buzzwole|Buzzwole|88/100
|-damage|p1a: Buzzwole|76/100|[from] Stealth Rock
|move|p2a: Magnezone|Body Press|p1a: Buzzwole
|-resisted|p1a: Buzzwole
|-damage|p1a: Buzzwole|51/100
|-damage|p2a: Magnezone|84/100|[from] item: Rocky Helmet|[of] p1a: Buzzwole
|
|-heal|p2a: Magnezone|90/100|[from] item: Leftovers
|upkeep
|turn|51
|
|t:|1657471508
|move|p1a: Buzzwole|Close Combat|p2a: Magnezone
|-supereffective|p2a: Magnezone
|-damage|p2a: Magnezone|62/100
|-unboost|p1a: Buzzwole|def|1
|-unboost|p1a: Buzzwole|spd|1
|move|p2a: Magnezone|Discharge|p1a: Buzzwole
|-damage|p1a: Buzzwole|0 fnt
|faint|p1a: Buzzwole
|
|-heal|p2a: Magnezone|68/100|[from] item: Leftovers
|upkeep
|
|t:|1657471513
|switch|p1a: Tapu Lele|Tapu Lele|30/100
|-damage|p1a: Tapu Lele|18/100|[from] Stealth Rock
|-fieldstart|move: Psychic Terrain|[from] ability: Psychic Surge|[of] p1a: Tapu Lele
|turn|52
|
|t:|1657471515
|switch|p2a: Slowking|Slowking, M, shiny|100/100
|move|p1a: Tapu Lele|Focus Blast|p2a: Slowking
|-resisted|p2a: Slowking
|-damage|p2a: Slowking|88/100
|
|upkeep
|turn|53
|
|t:|1657471521
|move|p1a: Tapu Lele|Calm Mind|p1a: Tapu Lele
|-boost|p1a: Tapu Lele|spa|1
|-boost|p1a: Tapu Lele|spd|1
|move|p2a: Slowking|Scald|p1a: Tapu Lele
|-damage|p1a: Tapu Lele|0 fnt
|faint|p1a: Tapu Lele
|
|upkeep
|
|t:|1657471522
|switch|p1a: Obstagoon|Obstagoon, F|76/100 brn
|-damage|p1a: Obstagoon|64/100 brn|[from] Stealth Rock
|turn|54
|
|t:|1657471536
|switch|p2a: Hippowdon|Hippowdon, F|94/100 tox
|-damage|p2a: Hippowdon|88/100 tox|[from] Stealth Rock
|-weather|Sandstorm|[from] ability: Sand Stream|[of] p2a: Hippowdon
|move|p1a: Obstagoon|Knock Off|p2a: Hippowdon
|-damage|p2a: Hippowdon|41/100 tox
|-enditem|p2a: Hippowdon|Leftovers|[from] move: Knock Off|[of] p1a: Obstagoon
|
|-weather|Sandstorm|[upkeep]
|-damage|p1a: Obstagoon|58/100 brn|[from] Sandstorm
|-damage|p2a: Hippowdon|35/100 tox|[from] psn
|-damage|p1a: Obstagoon|52/100 brn|[from] brn
|upkeep
|turn|55
|
|t:|1657471538
|move|p1a: Obstagoon|Facade|p2a: Hippowdon
|-damage|p2a: Hippowdon|0 fnt
|faint|p2a: Hippowdon
|
|-weather|Sandstorm|[upkeep]
|-damage|p1a: Obstagoon|45/100 brn|[from] Sandstorm
|-damage|p1a: Obstagoon|39/100 brn|[from] brn
|upkeep
|
|t:|1657471543
|switch|p2a: Kartana|Kartana, shiny|100/100
|-damage|p2a: Kartana|94/100|[from] Stealth Rock
|turn|56
|
|t:|1657471550
|switch|p1a: Zapdos|Zapdos|48/100
|move|p2a: Kartana|Knock Off|p1a: Zapdos
|-crit|p1a: Zapdos
|-damage|p1a: Zapdos|0 fnt
|-enditem|p1a: Zapdos|Heavy-Duty Boots|[from] move: Knock Off|[of] p2a: Kartana
|faint|p1a: Zapdos
|-ability|p2a: Kartana|Beast Boost|boost
|-boost|p2a: Kartana|atk|1
|
|-weather|Sandstorm|[upkeep]
|-fieldend|move: Psychic Terrain
|upkeep
|-message|thejohnking forfeited.
|
|win|cump2
|raw|thejohnking's rating: 1640 &rarr; <strong>1617</strong><br />(-23 for losing)
|raw|cump2's rating: 1590 &rarr; <strong>1613</strong><br />(+23 for winning)
|l|☆thejohnking
||Ladder isn't responding, score probably updated but might not have (Request timeout).
