|j|☆tanishq1
|j|☆paflechien93
|t:|1652625526
|gametype|singles
|player|p1|tanishq1|265|1781
|player|p2|paflechien93|harlequin|1741
|teamsize|p1|6
|teamsize|p2|6
|gen|8
|tier|[Gen 8] OU
|rated|
|rule|Sleep Clause Mod: Limit one foe put to sleep
|rule|Species Clause: Limit one of each Pokémon
|rule|OHKO Clause: OHKO moves are banned
|rule|Evasion Moves Clause: Evasion moves are banned
|rule|Endless Battle Clause: Forcing endless battles is banned
|rule|HP Percentage Mod: HP is shown in percentages
|rule|Dynamax Clause: You cannot dynamax
|clearpoke
|poke|p1|Garchomp, F|
|poke|p1|Ferrothorn, F|
|poke|p1|Heatran, M|
|poke|p1|Zapdos|
|poke|p1|Tapu Fini|
|poke|p1|Weavile, M|
|poke|p2|Kartana|
|poke|p2|Corviknight, F|
|poke|p2|Heatran, F|
|poke|p2|Clefable, M|
|poke|p2|Gengar, F|
|poke|p2|Seismitoad, F|
|teampreview
|inactive|Battle timer is ON: inactive players will automatically lose when time's up. (requested by paflechien93)
|
|t:|1652625536
|start
|switch|p1a: Weavile|Weavile, M|100/100
|switch|p2a: Couteau suisse|Seismitoad, F|100/100
|-ability|p1a: Weavile|Pressure
|turn|1
|
|t:|1652625544
|move|p1a: Weavile|Knock Off|p2a: Couteau suisse
|-damage|p2a: Couteau suisse|53/100
|-enditem|p2a: Couteau suisse|Leftovers|[from] move: Knock Off|[of] p1a: Weavile
|move|p2a: Couteau suisse|Toxic|p1a: Weavile
|-status|p1a: Weavile|tox
|
|-damage|p1a: Weavile|94/100 tox|[from] psn
|upkeep
|turn|2
|
|t:|1652625553
|switch|p1a: Ferrothorn|Ferrothorn, F|100/100
|move|p2a: Couteau suisse|Stealth Rock|p1a: Ferrothorn
|-sidestart|p1: tanishq1|move: Stealth Rock
|
|upkeep
|turn|3
|
|t:|1652625561
|move|p2a: Couteau suisse|Scald|p1a: Ferrothorn
|-resisted|p1a: Ferrothorn
|-damage|p1a: Ferrothorn|91/100
|move|p1a: Ferrothorn|Spikes|p2a: Couteau suisse
|-sidestart|p2: paflechien93|Spikes
|
|upkeep
|turn|4
|j| CoronavirusEUW
|
|t:|1652625568
|switch|p2a: Ambi valant|Kartana|100/100
|-damage|p2a: Ambi valant|88/100|[from] Spikes
|switch|p1a: Tapu Fini|Tapu Fini|100/100
|-damage|p1a: Tapu Fini|88/100|[from] Stealth Rock
|-fieldstart|move: Misty Terrain|[from] ability: Misty Surge|[of] p1a: Tapu Fini
|
|-heal|p1a: Tapu Fini|94/100|[from] item: Leftovers
|upkeep
|turn|5
|l| CoronavirusEUW
|j| Noob 0_o
|
|t:|1652625580
|switch|p1a: Ferrothorn|Ferrothorn, F|91/100
|-damage|p1a: Ferrothorn|85/100|[from] Stealth Rock
|move|p2a: Ambi valant|Knock Off|p1a: Ferrothorn
|-damage|p1a: Ferrothorn|54/100
|-damage|p2a: Ambi valant|76/100|[from] ability: Iron Barbs|[of] p1a: Ferrothorn
|-damage|p2a: Ambi valant|59/100|[from] item: Rocky Helmet|[of] p1a: Ferrothorn
|-enditem|p1a: Ferrothorn|Rocky Helmet|[from] move: Knock Off|[of] p2a: Ambi valant
|-damage|p2a: Ambi valant|49/100|[from] item: Life Orb
|
|upkeep
|turn|6
|
|t:|1652625593
|switch|p1a: Zapdos|Zapdos|100/100
|move|p2a: Ambi valant|Sacred Sword|p1a: Zapdos
|-resisted|p1a: Zapdos
|-damage|p1a: Zapdos|68/100
|-damage|p2a: Ambi valant|39/100|[from] item: Life Orb
|
|upkeep
|turn|7
|
|t:|1652625601
|move|p2a: Ambi valant|Knock Off|p1a: Zapdos
|-damage|p1a: Zapdos|3/100
|-enditem|p1a: Zapdos|Heavy-Duty Boots|[from] move: Knock Off|[of] p2a: Ambi valant
|-damage|p2a: Ambi valant|29/100|[from] item: Life Orb
|move|p1a: Zapdos|Roost|p1a: Zapdos
|-heal|p1a: Zapdos|53/100
|-singleturn|p1a: Zapdos|move: Roost
|
|upkeep
|turn|8
|j| Lsldkkrnr
|
|t:|1652625610
|move|p2a: Ambi valant|Leaf Blade|p1a: Zapdos
|-resisted|p1a: Zapdos
|-damage|p1a: Zapdos|12/100
|-damage|p2a: Ambi valant|19/100|[from] item: Life Orb
|move|p1a: Zapdos|Roost|p1a: Zapdos
|-heal|p1a: Zapdos|62/100
|-singleturn|p1a: Zapdos|move: Roost
|
|-fieldend|Misty Terrain
|upkeep
|turn|9
|
|t:|1652625621
|move|p2a: Ambi valant|Leaf Blade|p1a: Zapdos
|-resisted|p1a: Zapdos
|-crit|p1a: Zapdos
|-damage|p1a: Zapdos|0 fnt
|-status|p2a: Ambi valant|par|[from] ability: Static|[of] p1a: Zapdos
|faint|p1a: Zapdos
|-ability|p2a: Ambi valant|Beast Boost|boost
|-boost|p2a: Ambi valant|atk|1
|-damage|p2a: Ambi valant|9/100 par|[from] item: Life Orb
|
|upkeep
|
|t:|1652625629
|switch|p1a: Garchomp|Garchomp, F|100/100
|-damage|p1a: Garchomp|94/100|[from] Stealth Rock
|turn|10
|
|t:|1652625638
|move|p1a: Garchomp|Earthquake|p2a: Ambi valant
|-damage|p2a: Ambi valant|0 fnt
|faint|p2a: Ambi valant
|
|-heal|p1a: Garchomp|100/100|[from] item: Leftovers
|upkeep
|j| sh0shin3
|
|t:|1652625649
|switch|p2a: Surprise|Clefable, M|100/100
|-damage|p2a: Surprise|88/100|[from] Spikes
|turn|11
|
|t:|1652625654
|switch|p1a: Ferrothorn|Ferrothorn, F|54/100
|-damage|p1a: Ferrothorn|48/100|[from] Stealth Rock
|move|p2a: Surprise|Wish|p2a: Surprise
|
|-heal|p2a: Surprise|94/100|[from] item: Leftovers
|upkeep
|turn|12
|j| 8th Hokage Killua
|
|t:|1652625665
|switch|p2a: Coup au coeur|Gengar, F|100/100
|-damage|p2a: Coup au coeur|88/100|[from] Spikes
|move|p1a: Ferrothorn|Leech Seed|p2a: Coup au coeur
|-start|p2a: Coup au coeur|move: Leech Seed
|
|-heal|p2a: Coup au coeur|100/100|[from] move: Wish|[wisher] Surprise
|-damage|p2a: Coup au coeur|88/100|[from] Leech Seed|[of] p1a: Ferrothorn
|-heal|p1a: Ferrothorn|57/100|[silent]
|upkeep
|turn|13
|
|t:|1652625675
|move|p2a: Coup au coeur|Trick|p1a: Ferrothorn
|-activate|p2a: Coup au coeur|move: Trick|[of] p1a: Ferrothorn
|-item|p1a: Ferrothorn|Choice Scarf|[from] move: Trick
|-enditem|p2a: Coup au coeur|Choice Scarf|[silent]|[from] move: Trick
|move|p1a: Ferrothorn|Knock Off|p2a: Coup au coeur
|-supereffective|p2a: Coup au coeur
|-damage|p2a: Coup au coeur|34/100
|
|-damage|p2a: Coup au coeur|22/100|[from] Leech Seed|[of] p1a: Ferrothorn
|-heal|p1a: Ferrothorn|66/100|[silent]
|upkeep
|turn|14
|j| Shadestep
|
|t:|1652625686
|switch|p1a: Garchomp|Garchomp, F|100/100
|-damage|p1a: Garchomp|94/100|[from] Stealth Rock
|move|p2a: Coup au coeur|Destiny Bond|p2a: Coup au coeur
|-singlemove|p2a: Coup au coeur|Destiny Bond
|
|-heal|p1a: Garchomp|100/100|[from] item: Leftovers
|-damage|p2a: Coup au coeur|10/100|[from] Leech Seed|[of] p1a: Garchomp
|upkeep
|turn|15
|j| god multiface
|
|t:|1652625697
|move|p2a: Coup au coeur|Trick|p1a: Garchomp
|-activate|p2a: Coup au coeur|move: Trick|[of] p1a: Garchomp
|-enditem|p1a: Garchomp|Leftovers|[silent]|[from] move: Trick
|-item|p2a: Coup au coeur|Leftovers|[from] move: Trick
|move|p1a: Garchomp|Earthquake|p2a: Coup au coeur
|-supereffective|p2a: Coup au coeur
|-damage|p2a: Coup au coeur|0 fnt
|faint|p2a: Coup au coeur
|
|upkeep
|
|t:|1652625712
|switch|p2a: Surprise|Clefable, M|94/100
|-damage|p2a: Surprise|82/100|[from] Spikes
|turn|16
|
|t:|1652625717
|move|p1a: Garchomp|Earthquake|p2a: Surprise
|-damage|p2a: Surprise|24/100
|move|p2a: Surprise|Moonblast|p1a: Garchomp
|-supereffective|p1a: Garchomp
|-damage|p1a: Garchomp|28/100
|-unboost|p1a: Garchomp|spa|1
|
|-heal|p2a: Surprise|30/100|[from] item: Leftovers
|upkeep
|turn|17
|
|t:|1652625726
|move|p2a: Surprise|Protect|p2a: Surprise
|-singleturn|p2a: Surprise|Protect
|move|p1a: Garchomp|Earthquake|p2a: Surprise
|-activate|p2a: Surprise|move: Protect
|
|-heal|p2a: Surprise|36/100|[from] item: Leftovers
|upkeep
|turn|18
|
|t:|1652625735
|switch|p2a: Increvable|Corviknight, F|100/100
|-ability|p2a: Increvable|Pressure
|move|p1a: Garchomp|Earthquake|p2a: Increvable
|-immune|p2a: Increvable
|
|upkeep
|turn|19
|
|t:|1652625744
|switch|p1a: Ferrothorn|Ferrothorn, F|66/100
|-damage|p1a: Ferrothorn|60/100|[from] Stealth Rock
|move|p2a: Increvable|Iron Defense|p2a: Increvable
|-boost|p2a: Increvable|def|2
|
|upkeep
|turn|20
|l| Noob 0_o
|
|t:|1652625752
|move|p2a: Increvable|Body Press|p1a: Ferrothorn
|-supereffective|p1a: Ferrothorn
|-damage|p1a: Ferrothorn|0 fnt
|-damage|p2a: Increvable|88/100|[from] ability: Iron Barbs|[of] p1a: Ferrothorn
|faint|p1a: Ferrothorn
|
|-heal|p2a: Increvable|94/100|[from] item: Leftovers
|upkeep
|
|t:|1652625756
|switch|p1a: Heatran|Heatran, M|100/100
|-damage|p1a: Heatran|88/100|[from] Stealth Rock
|-item|p1a: Heatran|Air Balloon
|turn|21
|
|t:|1652625769
|switch|p2a: Evidence|Heatran, F|100/100
|-damage|p2a: Evidence|88/100|[from] Spikes
|move|p1a: Heatran|Magma Storm|p2a: Evidence
|-start|p2a: Evidence|ability: Flash Fire
|
|-heal|p2a: Evidence|94/100|[from] item: Leftovers
|upkeep
|turn|22
|
|t:|1652625779
|move|p2a: Evidence|Protect|p2a: Evidence
|-singleturn|p2a: Evidence|Protect
|move|p1a: Heatran|Stealth Rock|p2a: Evidence
|-sidestart|p2: paflechien93|move: Stealth Rock
|
|-heal|p2a: Evidence|100/100|[from] item: Leftovers
|upkeep
|turn|23
|
|t:|1652625788
|-end|p2a: Evidence|ability: Flash Fire|[silent]
|switch|p2a: Couteau suisse|Seismitoad, F|53/100
|-damage|p2a: Couteau suisse|41/100|[from] Spikes
|-damage|p2a: Couteau suisse|35/100|[from] Stealth Rock
|move|p1a: Heatran|Magma Storm|p2a: Couteau suisse|[miss]
|-miss|p1a: Heatran|p2a: Couteau suisse
|
|upkeep
|turn|24
|
|t:|1652625799
|move|p1a: Heatran|Earth Power|p2a: Couteau suisse
|-damage|p2a: Couteau suisse|0 fnt
|faint|p2a: Couteau suisse
|
|upkeep
|
|t:|1652625805
|switch|p2a: Surprise|Clefable, M|36/100
|-damage|p2a: Surprise|24/100|[from] Spikes
|-damage|p2a: Surprise|11/100|[from] Stealth Rock
|turn|25
|
|t:|1652625811
|move|p1a: Heatran|Earth Power|p2a: Surprise
|-damage|p2a: Surprise|0 fnt
|faint|p2a: Surprise
|
|upkeep
|
|t:|1652625816
|switch|p2a: Increvable|Corviknight, F|94/100
|-damage|p2a: Increvable|82/100|[from] Stealth Rock
|-ability|p2a: Increvable|Pressure
|turn|26
|
|t:|1652625821
|move|p1a: Heatran|Magma Storm|p2a: Increvable
|-supereffective|p2a: Increvable
|-damage|p2a: Increvable|0 fnt
|faint|p2a: Increvable
|
|upkeep
|-message|paflechien93 forfeited.
|
|win|tanishq1
|raw|tanishq1's rating: 1781 &rarr; <strong>1799</strong><br />(+18 for winning)
|raw|paflechien93's rating: 1741 &rarr; <strong>1723</strong><br />(-18 for losing)
|l|☆paflechien93
|l|☆tanishq1
|l| Lsldkkrnr
||Ladder isn't responding, score probably updated but might not have (Request timeout).
|l| sh0shin3
|l| Shadestep
