|j|☆Leopouda
|j|☆Gurtrant
|t:|1629418957
|gametype|singles
|player|p1|Leopouda|janitor|1597
|player|p2|Gurtrant|238|1681
|teamsize|p1|6
|teamsize|p2|6
|gen|8
|tier|[Gen 8] OU
|rated|
|rule|Sleep Clause Mod: Limit one foe put to sleep
|rule|Species Clause: Limit one of each Pokémon
|rule|OHKO Clause: OHKO moves are banned
|rule|Evasion Moves Clause: Evasion moves are banned
|rule|Endless Battle Clause: Forcing endless battles is banned
|rule|HP Percentage Mod: HP is shown in percentages
|rule|Dynamax Clause: You cannot dynamax
|clearpoke
|poke|p1|Ditto|
|poke|p1|Slowbro, M|
|poke|p1|Scizor, M|
|poke|p1|Blacephalon|
|poke|p1|Tornadus-Therian, M|
|poke|p1|Landorus-Therian, M|
|poke|p2|Pelipper, F|
|poke|p2|Heliolisk, F|
|poke|p2|Seismitoad, F|
|poke|p2|Barraskewda, M|
|poke|p2|Ferrothorn, M|
|poke|p2|Zapdos|
|teampreview
|inactive|Battle timer is ON: inactive players will automatically lose when time's up. (requested by Gurtrant)
|j| MegaBlonkus
|inactive|Gurtrant has 120 seconds left.
|
|t:|1629419004
|start
|switch|p1a: Tornadus|Tornadus-Therian, M|100/100
|switch|p2a: Pelipper|Pelipper, F|100/100
|-weather|RainDance|[from] ability: Drizzle|[of] p2a: Pelipper
|turn|1
|j| RWaver
|
|t:|1629419018
|switch|p2a: Heliolisk|Heliolisk, F, shiny|100/100
|move|p1a: Tornadus|Toxic|p2a: Heliolisk
|-status|p2a: Heliolisk|tox
|
|-weather|RainDance|[upkeep]
|-damage|p2a: Heliolisk|94/100 tox|[from] psn
|upkeep
|turn|2
|j| cityfolk
|
|t:|1629419028
|move|p1a: Tornadus|U-turn|p2a: Heliolisk
|-damage|p2a: Heliolisk|61/100 tox
|
|t:|1629419035
|switch|p1a: Slowbro|Slowbro, M|100/100|[from]move: U-turn
|move|p2a: Heliolisk|Volt Switch|p1a: Slowbro
|-supereffective|p1a: Slowbro
|-damage|p1a: Slowbro|7/100
|-damage|p2a: Heliolisk|51/100 tox|[from] item: Life Orb
|
|t:|1629419043
|switch|p2a: Barraskewda|Barraskewda, M|100/100|[from]move: Volt Switch
|
|-weather|RainDance|[upkeep]
|upkeep
|turn|3
|
|t:|1629419047
|switch|p1a: Landorus|Landorus-Therian, M|100/100
|-ability|p1a: Landorus|Intimidate|boost
|-unboost|p2a: Barraskewda|atk|1
|move|p2a: Barraskewda|Flip Turn|p1a: Landorus
|-supereffective|p1a: Landorus
|-damage|p1a: Landorus|0 fnt
|faint|p1a: Landorus
|
|t:|1629419056
|switch|p2a: Seismitoad|Seismitoad, F|100/100|[from]move: Flip Turn
|
|-weather|RainDance|[upkeep]
|upkeep
|
|t:|1629419062
|switch|p1a: Ditto|Ditto|100/100
|-transform|p1a: Ditto|p2a: Seismitoad|[from] ability: Imposter
|turn|4
|
|t:|1629419073
|switch|p2a: Ferrothorn|Ferrothorn, M|100/100
|move|p1a: Ditto|Weather Ball|p2a: Ferrothorn
|-resisted|p2a: Ferrothorn
|-damage|p2a: Ferrothorn|80/100
|
|-weather|RainDance|[upkeep]
|-heal|p2a: Ferrothorn|86/100|[from] item: Leftovers
|upkeep
|turn|5
|
|t:|1629419085
|switch|p1a: Slowbro|Slowbro, M|40/100
|move|p2a: Ferrothorn|Knock Off|p1a: Slowbro
|-supereffective|p1a: Slowbro
|-damage|p1a: Slowbro|15/100
|-damage|p2a: Ferrothorn|70/100|[from] item: Rocky Helmet|[of] p1a: Slowbro
|-enditem|p1a: Slowbro|Rocky Helmet|[from] move: Knock Off|[of] p2a: Ferrothorn
|
|-weather|RainDance|[upkeep]
|-heal|p2a: Ferrothorn|76/100|[from] item: Leftovers
|upkeep
|turn|6
|
|t:|1629419097
|switch|p1a: Tornadus|Tornadus-Therian, M|100/100
|move|p2a: Ferrothorn|Spikes|p1a: Tornadus
|-sidestart|p1: Leopouda|Spikes
|
|-weather|RainDance|[upkeep]
|-heal|p2a: Ferrothorn|82/100|[from] item: Leftovers
|upkeep
|turn|7
|
|t:|1629419110
|move|p1a: Tornadus|U-turn|p2a: Ferrothorn
|-damage|p2a: Ferrothorn|69/100
|-damage|p1a: Tornadus|88/100|[from] ability: Iron Barbs|[of] p2a: Ferrothorn
|
|t:|1629419114
|switch|p1a: Slowbro|Slowbro, M|48/100|[from]move: U-turn
|-damage|p1a: Slowbro|36/100|[from] Spikes
|move|p2a: Ferrothorn|Knock Off|p1a: Slowbro
|-supereffective|p1a: Slowbro
|-damage|p1a: Slowbro|20/100
|
|-weather|RainDance|[upkeep]
|-heal|p2a: Ferrothorn|75/100|[from] item: Leftovers
|upkeep
|turn|8
|j| Licor43
|l| Licor43
|
|t:|1629419127
|move|p2a: Ferrothorn|Spikes|p1a: Slowbro
|-sidestart|p1: Leopouda|Spikes
|move|p1a: Slowbro|Teleport|p1a: Slowbro
|
|t:|1629419129
|switch|p1a: Tornadus|Tornadus-Therian, M|100/100|[from]move: Teleport
|
|-weather|none
|-heal|p2a: Ferrothorn|82/100|[from] item: Leftovers
|upkeep
|turn|9
|
|t:|1629419134
|move|p1a: Tornadus|Defog|p2a: Ferrothorn
|-unboost|p2a: Ferrothorn|evasion|1
|-sideend|p1: Leopouda|Spikes|[from] move: Defog|[of] p1a: Tornadus
|move|p2a: Ferrothorn|Knock Off|p1a: Tornadus
|-damage|p1a: Tornadus|71/100
|-enditem|p1a: Tornadus|Heavy-Duty Boots|[from] move: Knock Off|[of] p2a: Ferrothorn
|
|-heal|p2a: Ferrothorn|88/100|[from] item: Leftovers
|upkeep
|turn|10
|
|t:|1629419146
|move|p1a: Tornadus|U-turn|p2a: Ferrothorn
|-damage|p2a: Ferrothorn|75/100
|-damage|p1a: Tornadus|59/100|[from] ability: Iron Barbs|[of] p2a: Ferrothorn
|
|t:|1629419149
|switch|p1a: Slowbro|Slowbro, M|54/100|[from]move: U-turn
|move|p2a: Ferrothorn|Leech Seed|p1a: Slowbro
|-start|p1a: Slowbro|move: Leech Seed
|
|-heal|p2a: Ferrothorn|81/100|[from] item: Leftovers
|-damage|p1a: Slowbro|41/100|[from] Leech Seed|[of] p2a: Ferrothorn
|-heal|p2a: Ferrothorn|95/100|[silent]
|upkeep
|turn|11
|
|t:|1629419155
|switch|p1a: Blacephalon|Blacephalon|100/100
|move|p2a: Ferrothorn|Spikes|p1a: Blacephalon
|-sidestart|p1: Leopouda|Spikes
|
|-heal|p2a: Ferrothorn|100/100|[from] item: Leftovers
|upkeep
|turn|12
|
|t:|1629419166
|switch|p2a: Pelipper|Pelipper, F|100/100
|-weather|RainDance|[from] ability: Drizzle|[of] p2a: Pelipper
|move|p1a: Blacephalon|Shadow Ball|p2a: Pelipper
|-damage|p2a: Pelipper|6/100
|
|-weather|RainDance|[upkeep]
|upkeep
|turn|13
|
|t:|1629419172
|switch|p2a: Heliolisk|Heliolisk, F, shiny|51/100 tox
|move|p1a: Blacephalon|Shadow Ball|p2a: Heliolisk
|-immune|p2a: Heliolisk
|
|-weather|RainDance|[upkeep]
|-heal|p2a: Heliolisk|64/100 tox|[from] ability: Dry Skin
|-damage|p2a: Heliolisk|58/100 tox|[from] psn
|upkeep
|turn|14
|
|t:|1629419176
|switch|p1a: Ditto|Ditto|100/100
|-damage|p1a: Ditto|88/100|[from] Spikes
|-transform|p1a: Ditto|p2a: Heliolisk|[from] ability: Imposter
|move|p2a: Heliolisk|Thunder|p1a: Ditto
|-resisted|p1a: Ditto
|-damage|p1a: Ditto|46/100
|-damage|p2a: Heliolisk|48/100 tox|[from] item: Life Orb
|
|-weather|RainDance|[upkeep]
|-heal|p1a: Ditto|59/100|[from] ability: Dry Skin
|-heal|p2a: Heliolisk|60/100 tox|[from] ability: Dry Skin
|-damage|p2a: Heliolisk|48/100 tox|[from] psn
|upkeep
|turn|15
|
|t:|1629419194
|switch|p2a: Ferrothorn|Ferrothorn, M|100/100
|move|p1a: Ditto|Focus Blast|p2a: Ferrothorn|[miss]
|-miss|p1a: Ditto|p2a: Ferrothorn
|
|-weather|RainDance|[upkeep]
|-heal|p1a: Ditto|71/100|[from] ability: Dry Skin
|upkeep
|turn|16
|
|t:|1629419200
|switch|p2a: Zapdos|Zapdos|100/100
|move|p1a: Ditto|Focus Blast|p2a: Zapdos|[miss]
|-miss|p1a: Ditto|p2a: Zapdos
|
|-weather|RainDance|[upkeep]
|-heal|p1a: Ditto|83/100|[from] ability: Dry Skin
|upkeep
|turn|17
|
|t:|1629419207
|switch|p1a: Scizor|Scizor, M|100/100
|-damage|p1a: Scizor|88/100|[from] Spikes
|move|p2a: Zapdos|Thunder|p1a: Scizor
|-damage|p1a: Scizor|26/100
|
|-weather|RainDance|[upkeep]
|upkeep
|turn|18
|l| cityfolk
|
|t:|1629419217
|move|p2a: Zapdos|Thunder|p1a: Scizor
|-damage|p1a: Scizor|0 fnt
|faint|p1a: Scizor
|
|-weather|RainDance|[upkeep]
|upkeep
|
|t:|1629419225
|switch|p1a: Ditto|Ditto|83/100
|-damage|p1a: Ditto|71/100|[from] Spikes
|-transform|p1a: Ditto|p2a: Zapdos|[from] ability: Imposter
|turn|19
|
|t:|1629419235
|move|p1a: Ditto|Roost|p1a: Ditto
|-heal|p1a: Ditto|100/100
|-singleturn|p1a: Ditto|move: Roost
|move|p2a: Zapdos|U-turn|p1a: Ditto
|-damage|p1a: Ditto|88/100
|
|t:|1629419251
|switch|p2a: Barraskewda|Barraskewda, M|100/100|[from]move: U-turn
|
|-weather|none
|upkeep
|turn|20
|
|t:|1629419261
|move|p2a: Barraskewda|Flip Turn|p1a: Ditto
|-damage|p1a: Ditto|39/100
|
|t:|1629419270
|switch|p2a: Pelipper|Pelipper, F|6/100|[from]move: Flip Turn
|-weather|RainDance|[from] ability: Drizzle|[of] p2a: Pelipper
|move|p1a: Ditto|Roost|p1a: Ditto
|-heal|p1a: Ditto|89/100
|-singleturn|p1a: Ditto|move: Roost
|
|-weather|RainDance|[upkeep]
|upkeep
|turn|21
|
|t:|1629419282
|switch|p1a: Tornadus|Tornadus-Therian, M|92/100
|move|p2a: Pelipper|Roost|p2a: Pelipper
|-heal|p2a: Pelipper|56/100
|-singleturn|p2a: Pelipper|move: Roost
|
|-weather|RainDance|[upkeep]
|upkeep
|turn|22
|
|t:|1629419292
|switch|p2a: Heliolisk|Heliolisk, F, shiny|48/100 tox
|move|p1a: Tornadus|Hurricane|p2a: Heliolisk
|-resisted|p2a: Heliolisk
|-crit|p2a: Heliolisk
|-damage|p2a: Heliolisk|5/100 tox
|
|-weather|RainDance|[upkeep]
|-heal|p2a: Heliolisk|18/100 tox|[from] ability: Dry Skin
|-damage|p2a: Heliolisk|12/100 tox|[from] psn
|upkeep
|turn|23
|
|t:|1629419296
|move|p1a: Tornadus|Hurricane|p2a: Heliolisk
|-resisted|p2a: Heliolisk
|-damage|p2a: Heliolisk|0 fnt
|faint|p2a: Heliolisk
|
|-weather|RainDance|[upkeep]
|upkeep
|
|t:|1629419299
|switch|p2a: Barraskewda|Barraskewda, M|100/100
|turn|24
|
|t:|1629419310
|switch|p1a: Slowbro|Slowbro, M|74/100
|-damage|p1a: Slowbro|62/100|[from] Spikes
|move|p2a: Barraskewda|Liquidation|p1a: Slowbro
|-resisted|p1a: Slowbro
|-damage|p1a: Slowbro|30/100
|-unboost|p1a: Slowbro|def|1
|
|-weather|RainDance|[upkeep]
|upkeep
|turn|25
|
|t:|1629419322
|switch|p1a: Ditto|Ditto|89/100
|-damage|p1a: Ditto|76/100|[from] Spikes
|-transform|p1a: Ditto|p2a: Barraskewda|[from] ability: Imposter
|move|p2a: Barraskewda|Liquidation|p1a: Ditto
|-resisted|p1a: Ditto
|-crit|p1a: Ditto
|-damage|p1a: Ditto|0 fnt
|faint|p1a: Ditto
|
|-weather|RainDance|[upkeep]
|upkeep
|
|t:|1629419327
|switch|p1a: Slowbro|Slowbro, M|63/100
|-damage|p1a: Slowbro|51/100|[from] Spikes
|turn|26
|
|t:|1629419334
|switch|p2a: Ferrothorn|Ferrothorn, M|100/100
|move|p1a: Slowbro|Scald|p2a: Ferrothorn
|-resisted|p2a: Ferrothorn
|-damage|p2a: Ferrothorn|87/100
|
|-weather|RainDance|[upkeep]
|-heal|p2a: Ferrothorn|93/100|[from] item: Leftovers
|upkeep
|turn|27
|
|t:|1629419347
|switch|p1a: Tornadus|Tornadus-Therian, M|100/100
|move|p2a: Ferrothorn|Spikes|p1a: Tornadus
|-sidestart|p1: Leopouda|Spikes
|
|-weather|none
|-heal|p2a: Ferrothorn|99/100|[from] item: Leftovers
|upkeep
|turn|28
|
|t:|1629419358
|move|p1a: Tornadus|Hurricane|p2a: Ferrothorn|[miss]
|-miss|p1a: Tornadus|p2a: Ferrothorn
|move|p2a: Ferrothorn|Leech Seed|p1a: Tornadus
|-start|p1a: Tornadus|move: Leech Seed
|
|-heal|p2a: Ferrothorn|100/100|[from] item: Leftovers
|-damage|p1a: Tornadus|88/100|[from] Leech Seed|[of] p2a: Ferrothorn
|upkeep
|turn|29
|
|t:|1629419361
|move|p1a: Tornadus|Defog|p2a: Ferrothorn
|-unboost|p2a: Ferrothorn|evasion|1
|-sideend|p1: Leopouda|Spikes|[from] move: Defog|[of] p1a: Tornadus
|move|p2a: Ferrothorn|Spikes|p1a: Tornadus
|-sidestart|p1: Leopouda|Spikes
|
|-damage|p1a: Tornadus|76/100|[from] Leech Seed|[of] p2a: Ferrothorn
|upkeep
|turn|30
|
|t:|1629419371
|move|p1a: Tornadus|U-turn|p2a: Ferrothorn
|-damage|p2a: Ferrothorn|88/100
|-damage|p1a: Tornadus|63/100|[from] ability: Iron Barbs|[of] p2a: Ferrothorn
|
|t:|1629419373
|switch|p1a: Blacephalon|Blacephalon|100/100|[from]move: U-turn
|-damage|p1a: Blacephalon|88/100|[from] Spikes
|move|p2a: Ferrothorn|Knock Off|p1a: Blacephalon
|-supereffective|p1a: Blacephalon
|-damage|p1a: Blacephalon|0 fnt
|-enditem|p1a: Blacephalon|Choice Specs|[from] move: Knock Off|[of] p2a: Ferrothorn
|faint|p1a: Blacephalon
|
|-heal|p2a: Ferrothorn|94/100|[from] item: Leftovers
|upkeep
|-message|Leopouda forfeited.
|
|win|Gurtrant
|l|☆Leopouda
|l|☆Gurtrant
|raw|Leopouda's rating: 1597 &rarr; <strong>1582</strong><br />(-15 for losing)
|raw|Gurtrant's rating: 1681 &rarr; <strong>1696</strong><br />(+15 for winning)
