|j|☆Sp0oNl0rD
|j|☆Fusien
|inactive|Battle timer is ON: inactive players will automatically lose when time's up.
|t:|1646291256
|gametype|singles
|player|p1|Sp0oNl0rD|102|
|player|p2|Fusien|yellow|
|teamsize|p1|6
|teamsize|p2|6
|gen|8
|tier|[Gen 8] OU
|rated|Tournament battle
|rule|Sleep Clause Mod: Limit one foe put to sleep
|rule|Species Clause: Limit one of each Pokémon
|rule|OHKO Clause: OHKO moves are banned
|rule|Evasion Moves Clause: Evasion moves are banned
|rule|Endless Battle Clause: Forcing endless battles is banned
|rule|HP Percentage Mod: HP is shown in percentages
|rule|Dynamax Clause: You cannot dynamax
|rule|Inverse Mod: Weaknesses become resistances, while resistances and immunities become weaknesses.
|clearpoke
|poke|p1|Roserade, M|
|poke|p1|Nidoqueen, F|
|poke|p1|Galvantula, F|
|poke|p1|Cloyster, M|
|poke|p1|Polteageist|
|poke|p1|Stakataka|
|poke|p2|Zapdos-Galar|
|poke|p2|Tapu Koko|
|poke|p2|Landorus-Therian, M|
|poke|p2|Ferrothorn, F|
|poke|p2|Dragapult, M|
|poke|p2|Heatran, F|
|teampreview
|inactive|Fusien also wants the timer to be on.
|inactive|Sp0oNl0rD also wants the timer to be on.
|c|☆Fusien|Hf
|c|☆Sp0oNl0rD|Hf
|j| Ferenc Liszt
|j| Book of Nemesis
|
|t:|1646291271
|start
|switch|p1a: Roserade|Roserade, M|100/100
|switch|p2a: Dragapult|Dragapult, M|100/100
|turn|1
|
|t:|1646291275
|move|p2a: Dragapult|Hydro Pump|p1a: Roserade
|-supereffective|p1a: Roserade
|-damage|p1a: Roserade|4/100
|move|p1a: Roserade|Sleep Powder|p2a: Dragapult
|-status|p2a: Dragapult|slp|[from] move: Sleep Powder
|
|upkeep
|turn|2
|
|t:|1646291279
|cant|p2a: Dragapult|slp
|move|p1a: Roserade|Toxic Spikes|p2a: Dragapult
|-sidestart|p2: Fusien|move: Toxic Spikes
|
|upkeep
|turn|3
|
|t:|1646291285
|switch|p2a: Landorus|Landorus-Therian, M|100/100
|-ability|p2a: Landorus|Intimidate|boost
|-unboost|p1a: Roserade|atk|1
|move|p1a: Roserade|Spikes|p2a: Landorus
|-sidestart|p2: Fusien|Spikes
|
|upkeep
|turn|4
|
|t:|1646291291
|switch|p1a: Cloyster|Cloyster, M|100/100
|move|p2a: Landorus|Defog|p1a: Cloyster
|-unboost|p1a: Cloyster|evasion|1
|-sideend|p2: Fusien|Spikes|[from] move: Defog|[of] p2a: Landorus
|-sideend|p2: Fusien|Toxic Spikes|[from] move: Defog|[of] p2a: Landorus
|-enditem|p1a: Cloyster|White Herb
|-clearnegativeboost|p1a: Cloyster|[silent]
|
|upkeep
|turn|5
|
|t:|1646291296
|move|p1a: Cloyster|Shell Smash|p1a: Cloyster
|-unboost|p1a: Cloyster|def|1
|-unboost|p1a: Cloyster|spd|1
|-boost|p1a: Cloyster|atk|2
|-boost|p1a: Cloyster|spa|2
|-boost|p1a: Cloyster|spe|2
|move|p2a: Landorus|Earthquake|p1a: Cloyster
|-damage|p1a: Cloyster|44/100
|
|upkeep
|turn|6
|
|t:|1646291303
|move|p1a: Cloyster|Rock Blast|p2a: Landorus
|-damage|p2a: Landorus|86/100
|-damage|p2a: Landorus|69/100
|-damage|p2a: Landorus|53/100
|-damage|p2a: Landorus|38/100
|-damage|p2a: Landorus|24/100
|-hitcount|p2a: Landorus|5
|move|p2a: Landorus|Earthquake|p1a: Cloyster
|-damage|p1a: Cloyster|0 fnt
|faint|p1a: Cloyster
|
|-heal|p2a: Landorus|30/100|[from] item: Leftovers
|upkeep
|
|t:|1646291308
|switch|p1a: Nidoqueen|Nidoqueen, F|100/100
|turn|7
|
|t:|1646291311
|move|p1a: Nidoqueen|Sludge Wave|p2a: Landorus
|-supereffective|p2a: Landorus
|-damage|p2a: Landorus|0 fnt
|faint|p2a: Landorus
|
|upkeep
|j| Mogus Mogul
|
|t:|1646291322
|switch|p2a: Tapu Koko|Tapu Koko|100/100
|-fieldstart|move: Electric Terrain|[from] ability: Electric Surge|[of] p2a: Tapu Koko
|turn|8
|
|t:|1646291327
|switch|p1a: Roserade|Roserade, M|4/100
|move|p2a: Tapu Koko|Calm Mind|p2a: Tapu Koko
|-boost|p2a: Tapu Koko|spa|1
|-boost|p2a: Tapu Koko|spd|1
|
|upkeep
|turn|9
|
|t:|1646291332
|move|p2a: Tapu Koko|Dazzling Gleam|p1a: Roserade
|-supereffective|p1a: Roserade
|-damage|p1a: Roserade|0 fnt
|faint|p1a: Roserade
|
|upkeep
|
|t:|1646291336
|switch|p1a: Polteageist|Polteageist|100/100
|turn|10
|
|t:|1646291339
|move|p2a: Tapu Koko|Dazzling Gleam|p1a: Polteageist
|-damage|p1a: Polteageist|46/100
|move|p1a: Polteageist|Shell Smash|p1a: Polteageist
|-unboost|p1a: Polteageist|def|1
|-unboost|p1a: Polteageist|spd|1
|-boost|p1a: Polteageist|atk|2
|-boost|p1a: Polteageist|spa|2
|-boost|p1a: Polteageist|spe|2
|
|upkeep
|turn|11
|
|t:|1646291346
|move|p1a: Polteageist|Stored Power|p2a: Tapu Koko
|-damage|p2a: Tapu Koko|0 fnt
|faint|p2a: Tapu Koko
|
|upkeep
|c|☆Fusien|Gg
|
|t:|1646291356
|switch|p2a: Heatran|Heatran, F|100/100
|turn|12
|
|t:|1646291359
|move|p1a: Polteageist|Stored Power|p2a: Heatran
|-supereffective|p2a: Heatran
|-damage|p2a: Heatran|0 fnt
|faint|p2a: Heatran
|
|-fieldend|move: Electric Terrain
|upkeep
|
|t:|1646291361
|switch|p2a: Zapdos|Zapdos-Galar|100/100
|turn|13
|
|t:|1646291365
|move|p1a: Polteageist|Shadow Ball|p2a: Zapdos
|-damage|p2a: Zapdos|1/100
|move|p2a: Zapdos|Drill Peck|p1a: Polteageist
|-damage|p1a: Polteageist|0 fnt
|faint|p1a: Polteageist
|
|upkeep
|c|☆Fusien|Yo
|l| Mogus Mogul
|
|t:|1646291371
|switch|p1a: Galvantula|Galvantula, F|100/100
|turn|14
|
|t:|1646291377
|switch|p2a: Dragapult|Dragapult, M|100/100 slp
|move|p1a: Galvantula|Bug Buzz|p2a: Dragapult
|-supereffective|p2a: Dragapult
|-damage|p2a: Dragapult|0 fnt
|faint|p2a: Dragapult
|
|upkeep
|
|t:|1646291379
|switch|p2a: Ferrothorn|Ferrothorn, F|100/100
|turn|15
|
|t:|1646291382
|move|p1a: Galvantula|Thunder|p2a: Ferrothorn|[miss]
|-miss|p1a: Galvantula|p2a: Ferrothorn
|move|p2a: Ferrothorn|Leech Seed|p1a: Galvantula
|-start|p1a: Galvantula|move: Leech Seed
|
|-damage|p1a: Galvantula|88/100|[from] Leech Seed|[of] p2a: Ferrothorn
|upkeep
|turn|16
|
|t:|1646291386
|move|p1a: Galvantula|Thunder|p2a: Ferrothorn
|-supereffective|p2a: Ferrothorn
|-damage|p2a: Ferrothorn|13/100
|move|p2a: Ferrothorn|Gyro Ball|p1a: Galvantula
|-supereffective|p1a: Galvantula
|-damage|p1a: Galvantula|0 fnt
|faint|p1a: Galvantula
|
|-heal|p2a: Ferrothorn|19/100|[from] item: Leftovers
|upkeep
|
|t:|1646291390
|switch|p1a: Nidoqueen|Nidoqueen, F|100/100
|turn|17
|
|t:|1646291392
|move|p1a: Nidoqueen|Sludge Wave|p2a: Ferrothorn
|-damage|p2a: Ferrothorn|0 fnt
|faint|p2a: Ferrothorn
|
|upkeep
|
|t:|1646291394
|switch|p2a: Zapdos|Zapdos-Galar|1/100
|turn|18
|
|t:|1646291396
|move|p2a: Zapdos|Close Combat|p1a: Nidoqueen
|-supereffective|p1a: Nidoqueen
|-damage|p1a: Nidoqueen|0 fnt
|-unboost|p2a: Zapdos|def|1
|-unboost|p2a: Zapdos|spd|1
|faint|p1a: Nidoqueen
|
|upkeep
|
|t:|1646291398
|switch|p1a: Stakataka|Stakataka|100/100
|turn|19
|c|☆Sp0oNl0rD|Gg
|c|☆Fusien|Darn inverse
|c|☆Fusien|gg
|
|t:|1646291414
|move|p2a: Zapdos|Close Combat|p1a: Stakataka
|-resisted|p1a: Stakataka
|-damage|p1a: Stakataka|87/100
|-unboost|p2a: Zapdos|def|1
|-unboost|p2a: Zapdos|spd|1
|move|p1a: Stakataka|Trick Room|p1a: Stakataka
|-fieldstart|move: Trick Room|[of] p1a: Stakataka
|
|upkeep
|turn|20
|c|☆Fusien|13
|c|☆Fusien|lol
|
|t:|1646291422
|move|p1a: Stakataka|Gyro Ball|p2a: Zapdos
|-damage|p2a: Zapdos|0 fnt
|faint|p2a: Zapdos
|-damage|p1a: Stakataka|77/100|[from] item: Life Orb
|
|win|Sp0oNl0rD
|n|☆Sp0oNl0rD|sp0onl0rd
|n|☆Fusien|fusien
|n| Ferenc Liszt|ferencliszt
|n| Book of Nemesis|bookofnemesis
|l|☆Sp0oNl0rD
|l| Book of Nemesis
|l| Ferenc Liszt
|j| d18l
|l| d18l
|l|☆Fusien
|j|☆Fusien
|player|p2|Fusien|yellow
