|j|☆ruulli (lol)
|j|☆Antonazz
|t:|1640035512
|gametype|singles
|player|p1|ruulli (lol)|dawn|1446
|player|p2|Antonazz|palmer|1503
|teamsize|p1|6
|teamsize|p2|6
|gen|8
|tier|[Gen 8] OU
|rated|
|rule|Sleep Clause Mod: Limit one foe put to sleep
|rule|Species Clause: Limit one of each Pokémon
|rule|OHKO Clause: OHKO moves are banned
|rule|Evasion Moves Clause: Evasion moves are banned
|rule|Endless Battle Clause: Forcing endless battles is banned
|rule|HP Percentage Mod: HP is shown in percentages
|rule|Dynamax Clause: You cannot dynamax
|clearpoke
|poke|p1|Urshifu-*, F|
|poke|p1|Victini|
|poke|p1|Ferrothorn, F|
|poke|p1|Slowking-Galar, F|
|poke|p1|Landorus-Therian, M|
|poke|p1|Corviknight, M|
|poke|p2|Torkoal, F|
|poke|p2|Charizard, M|
|poke|p2|Latias, F|
|poke|p2|Buzzwole|
|poke|p2|Blaziken, M|
|poke|p2|Scizor, F|
|teampreview
|
|t:|1640035517
|start
|switch|p1a: Landorus|Landorus-Therian, M|100/100
|switch|p2a: Torkoal|Torkoal, F|100/100
|-ability|p1a: Landorus|Intimidate|boost
|-unboost|p2a: Torkoal|atk|1
|-weather|SunnyDay|[from] ability: Drought|[of] p2a: Torkoal
|turn|1
|
|t:|1640035524
|switch|p2a: Charizard|Charizard, M|100/100
|move|p1a: Landorus|Stealth Rock|p2a: Charizard
|-sidestart|p2: Antonazz|move: Stealth Rock
|
|-weather|SunnyDay|[upkeep]
|-damage|p2a: Charizard|88/100|[from] ability: Solar Power|[of] p2a: Charizard
|upkeep
|turn|2
|
|t:|1640035528
|switch|p1a: Slowking|Slowking-Galar, F|100/100
|move|p2a: Charizard|Weather Ball|p1a: Slowking
|-damage|p1a: Slowking|30/100
|
|-weather|SunnyDay|[upkeep]
|-damage|p2a: Charizard|76/100|[from] ability: Solar Power|[of] p2a: Charizard
|upkeep
|turn|3
|
|t:|1640035536
|switch|p1a: Victini|Victini|100/100
|move|p2a: Charizard|Weather Ball|p1a: Victini
|-resisted|p1a: Victini
|-damage|p1a: Victini|23/100
|
|-weather|SunnyDay|[upkeep]
|-damage|p2a: Charizard|63/100|[from] ability: Solar Power|[of] p2a: Charizard
|upkeep
|turn|4
|
|t:|1640035545
|move|p2a: Charizard|Weather Ball|p1a: Victini
|-resisted|p1a: Victini
|-damage|p1a: Victini|0 fnt
|faint|p1a: Victini
|
|-weather|SunnyDay|[upkeep]
|-damage|p2a: Charizard|51/100|[from] ability: Solar Power|[of] p2a: Charizard
|upkeep
|
|t:|1640035551
|switch|p1a: Urshifu|Urshifu-Rapid-Strike, F|100/100
|turn|5
|
|t:|1640035555
|move|p2a: Charizard|Weather Ball|p1a: Urshifu
|-resisted|p1a: Urshifu
|-crit|p1a: Urshifu
|-damage|p1a: Urshifu|0 fnt
|faint|p1a: Urshifu
|
|-weather|SunnyDay|[upkeep]
|-damage|p2a: Charizard|38/100|[from] ability: Solar Power|[of] p2a: Charizard
|upkeep
|-message|ruulli (lol) forfeited.
|
|win|Antonazz
|raw|ruulli (lol)'s rating: 1446 &rarr; <strong>1429</strong><br />(-17 for losing)
|raw|Antonazz's rating: 1503 &rarr; <strong>1520</strong><br />(+17 for winning)
|l|☆ruulli (lol)
