|j|☆SkipTheDripBayless
|j|☆agentkeval
|t:|1662238314
|gametype|singles
|player|p1|SkipTheDripBayless|#roaladder|
|player|p2|agentkeval|170|
|teamsize|p1|6
|teamsize|p2|6
|gen|8
|tier|[Gen 8] OU
|rule|Sleep Clause Mod: Limit one foe put to sleep
|rule|Species Clause: Limit one of each Pokémon
|rule|OHKO Clause: OHKO moves are banned
|rule|Evasion Items Clause: Evasion items are banned
|rule|Evasion Moves Clause: Evasion moves are banned
|rule|Endless Battle Clause: Forcing endless battles is banned
|rule|HP Percentage Mod: HP is shown in percentages
|rule|Dynamax Clause: You cannot dynamax
|clearpoke
|poke|p1|Tapu Koko|
|poke|p1|Dragapult, F|
|poke|p1|Suicune|
|poke|p1|Cresselia, F|
|poke|p1|Volcarona, F|
|poke|p1|Heatran, M|
|poke|p2|Dragapult, M|
|poke|p2|Obstagoon, M|
|poke|p2|Melmetal|
|poke|p2|Volcanion|
|poke|p2|Mamoswine, M|
|poke|p2|Buzzwole|
|teampreview
|inactive|Battle timer is ON: inactive players will automatically lose when time's up. (requested by agentkeval)
|c|☆SkipTheDripBayless|instant timer
|c|☆agentkeval|dont waste my time.
|j| georgiethefirst
|j| oraacle
|j| Sww-Suwa
|c|☆SkipTheDripBayless|i gotta piss
|c|☆SkipTheDripBayless|bruh
|c|☆agentkeval|piss fast
|j| Rubiaa
|c|☆SkipTheDripBayless|i wont wash my hands
|c|☆agentkeval|times tickin down
|c|☆SkipTheDripBayless|how bout that
|c| Rubiaa|LOL
|inactive|SkipTheDripBayless has 270 seconds left.
|c| georgiethefirst|I'm gonna log off tell me when my game starts
|c| Sww-Suwa|cool avatar though
|l| georgiethefirst
|c|☆SkipTheDripBayless|aight bet
|j| FocalNote
|c|☆SkipTheDripBayless|we goin dirty
|c|☆SkipTheDripBayless|for this game
|inactive|SkipTheDripBayless has 240 seconds left.
|
|t:|1662238379
|start
|switch|p1a: Heatran|Heatran, M, shiny|100/100
|switch|p2a: Behemoth|Mamoswine, M, shiny|100/100
|-item|p1a: Heatran|Air Balloon
|turn|1
|c| Rubiaa|mamoswinee
|
|t:|1662238386
|move|p2a: Behemoth|Stealth Rock|p1a: Heatran
|-sidestart|p1: SkipTheDripBayless|move: Stealth Rock
|move|p1a: Heatran|Will-O-Wisp|p2a: Behemoth|[miss]
|-miss|p1a: Heatran|p2a: Behemoth
|
|upkeep
|turn|2
|c| Rubiaa|LOL
|
|t:|1662238392
|switch|p2a: Magatama|Volcanion|100/100
|move|p1a: Heatran|Will-O-Wisp|p2a: Magatama
|-immune|p2a: Magatama
|
|upkeep
|turn|3
|
|t:|1662238397
|switch|p1a: Suicune|Suicune|100/100
|-damage|p1a: Suicune|88/100|[from] Stealth Rock
|-ability|p1a: Suicune|Pressure
|move|p2a: Magatama|Steam Eruption|p1a: Suicune
|-resisted|p1a: Suicune
|-damage|p1a: Suicune|67/100
|-status|p1a: Suicune|brn
|
|-heal|p1a: Suicune|73/100 brn|[from] item: Leftovers
|-damage|p1a: Suicune|67/100 brn|[from] brn
|upkeep
|turn|4
|
|t:|1662238404
|switch|p2a: Missingno|Obstagoon, M, shiny|100/100
|move|p1a: Suicune|Protect||[still]
|-fail|p1a: Suicune
|
|-heal|p1a: Suicune|73/100 brn|[from] item: Leftovers
|-damage|p1a: Suicune|67/100 brn|[from] brn
|-status|p2a: Missingno|brn|[from] item: Flame Orb
|upkeep
|turn|5
|
|t:|1662238410
|move|p1a: Suicune|Protect|p1a: Suicune
|-singleturn|p1a: Suicune|Protect
|move|p2a: Missingno|Bulk Up|p2a: Missingno
|-boost|p2a: Missingno|atk|1
|-boost|p2a: Missingno|def|1
|
|-heal|p1a: Suicune|73/100 brn|[from] item: Leftovers
|-damage|p2a: Missingno|94/100 brn|[from] brn
|-damage|p1a: Suicune|67/100 brn|[from] brn
|upkeep
|turn|6
|
|t:|1662238416
|move|p2a: Missingno|Facade|p1a: Suicune
|-damage|p1a: Suicune|0 fnt
|faint|p1a: Suicune
|
|-damage|p2a: Missingno|88/100 brn|[from] brn
|upkeep
|
|t:|1662238418
|switch|p1a: Tapu Koko|Tapu Koko|100/100
|-damage|p1a: Tapu Koko|88/100|[from] Stealth Rock
|-fieldstart|move: Electric Terrain|[from] ability: Electric Surge|[of] p1a: Tapu Koko
|turn|7
|c|☆agentkeval|dont talk shit to my mate
|c|☆agentkeval|goofball
|
|t:|1662238427
|move|p2a: Missingno|Obstruct|p2a: Missingno
|-singleturn|p2a: Missingno|Protect
|move|p1a: Tapu Koko|Dazzling Gleam|p2a: Missingno
|-activate|p2a: Missingno|move: Protect
|
|-damage|p2a: Missingno|82/100 brn|[from] brn
|upkeep
|turn|8
|c| Rubiaa|x.x
|
|t:|1662238430
|switch|p2a: Fate|Melmetal, shiny|100/100
|move|p1a: Tapu Koko|Dazzling Gleam|p2a: Fate
|-resisted|p2a: Fate
|-damage|p2a: Fate|89/100
|
|-heal|p2a: Fate|95/100|[from] item: Leftovers
|upkeep
|turn|9
|
|t:|1662238436
|switch|p1a: Heatran|Heatran, M, shiny|100/100
|-damage|p1a: Heatran|88/100|[from] Stealth Rock
|-item|p1a: Heatran|Air Balloon
|switch|p2a: Magatama|Volcanion|100/100
|
|upkeep
|turn|10
|
|t:|1662238442
|switch|p1a: Cresselia|Cresselia, F, shiny|100/100
|-damage|p1a: Cresselia|88/100|[from] Stealth Rock
|move|p2a: Magatama|Steam Eruption|p1a: Cresselia
|-damage|p1a: Cresselia|49/100
|
|upkeep
|turn|11
|j| Pinkacross
|
|t:|1662238447
|switch|p2a: Missingno|Obstagoon, M, shiny|82/100 brn
|move|p1a: Cresselia|Trick|p2a: Missingno
|-activate|p1a: Cresselia|move: Trick|[of] p2a: Missingno
|-item|p2a: Missingno|Choice Scarf|[from] move: Trick
|-item|p1a: Cresselia|Flame Orb|[from] move: Trick
|
|-damage|p2a: Missingno|76/100 brn|[from] brn
|-fieldend|move: Electric Terrain
|-status|p1a: Cresselia|brn|[from] item: Flame Orb
|upkeep
|turn|12
|l| Pinkacross
|c|☆agentkeval|gg
|c| Rubiaa|yea LOL
|
|t:|1662238454
|move|p2a: Missingno|Knock Off|p1a: Cresselia
|-supereffective|p1a: Cresselia
|-damage|p1a: Cresselia|0 fnt
|-enditem|p1a: Cresselia|Flame Orb|[from] move: Knock Off|[of] p2a: Missingno
|faint|p1a: Cresselia
|
|-damage|p2a: Missingno|70/100 brn|[from] brn
|upkeep
|
|t:|1662238456
|switch|p1a: Tapu Koko|Tapu Koko|88/100
|-damage|p1a: Tapu Koko|76/100|[from] Stealth Rock
|-fieldstart|move: Electric Terrain|[from] ability: Electric Surge|[of] p1a: Tapu Koko
|turn|13
|c| Rubiaa|scarf goon just wins
|
|t:|1662238464
|switch|p2a: Behemoth|Mamoswine, M, shiny|100/100
|move|p1a: Tapu Koko|Dazzling Gleam|p2a: Behemoth
|-damage|p2a: Behemoth|56/100
|
|upkeep
|turn|14
|
|t:|1662238468
|switch|p1a: Heatran|Heatran, M, shiny|88/100
|-damage|p1a: Heatran|76/100|[from] Stealth Rock
|-item|p1a: Heatran|Air Balloon
|move|p2a: Behemoth|Ice Shard|p1a: Heatran
|-resisted|p1a: Heatran
|-damage|p1a: Heatran|71/100
|-enditem|p1a: Heatran|Air Balloon
|
|upkeep
|turn|15
|
|t:|1662238474
|move|p2a: Behemoth|Earthquake|p1a: Heatran
|-supereffective|p1a: Heatran
|-damage|p1a: Heatran|0 fnt
|faint|p1a: Heatran
|
|upkeep
|
|t:|1662238475
|switch|p1a: Dragapult|Dragapult, F, shiny|100/100
|-damage|p1a: Dragapult|88/100|[from] Stealth Rock
|turn|16
|inactive|agentkeval has 270 seconds left.
|j| Fusien
|
|t:|1662238520
|switch|p2a: Fate|Melmetal, shiny|95/100
|move|p1a: Dragapult|Reflect|p1a: Dragapult
|-sidestart|p1: SkipTheDripBayless|Reflect
|
|-heal|p2a: Fate|100/100|[from] item: Leftovers
|upkeep
|turn|17
|
|t:|1662238522
|move|p1a: Dragapult|Thunder Wave|p2a: Fate|[miss]
|-miss|p1a: Dragapult|p2a: Fate
|move|p2a: Fate|Double Iron Bash|p1a: Dragapult
|-damage|p1a: Dragapult|68/100
|-damage|p1a: Dragapult|50/100
|-hitcount|p1a: Dragapult|2
|
|-fieldend|move: Electric Terrain
|upkeep
|turn|18
|
|t:|1662238526
|move|p1a: Dragapult|Thunder Wave|p2a: Fate
|-status|p2a: Fate|par
|move|p2a: Fate|Double Iron Bash|p1a: Dragapult
|-damage|p1a: Dragapult|32/100
|-damage|p1a: Dragapult|14/100
|-hitcount|p1a: Dragapult|2
|
|upkeep
|turn|19
|
|t:|1662238528
|move|p1a: Dragapult|Light Screen|p1a: Dragapult
|-sidestart|p1: SkipTheDripBayless|move: Light Screen
|cant|p2a: Fate|par
|
|upkeep
|turn|20
|
|t:|1662238532
|move|p1a: Dragapult|Reflect||[still]
|-fail|p1a: Dragapult
|move|p2a: Fate|Earthquake|p1a: Dragapult
|-damage|p1a: Dragapult|0 fnt
|faint|p1a: Dragapult
|
|upkeep
|
|t:|1662238534
|switch|p1a: Volcarona|Volcarona, F, shiny|100/100
|turn|21
|
|t:|1662238538
|move|p1a: Volcarona|Substitute|p1a: Volcarona
|-start|p1a: Volcarona|Substitute
|-damage|p1a: Volcarona|76/100
|cant|p2a: Fate|par
|
|upkeep
|turn|22
|
|t:|1662238540
|switch|p2a: Magatama|Volcanion|100/100
|move|p1a: Volcarona|Quiver Dance|p1a: Volcarona
|-boost|p1a: Volcarona|spa|1
|-boost|p1a: Volcarona|spd|1
|-boost|p1a: Volcarona|spe|1
|
|upkeep
|turn|23
|
|t:|1662238543
|move|p1a: Volcarona|Quiver Dance|p1a: Volcarona
|-boost|p1a: Volcarona|spa|1
|-boost|p1a: Volcarona|spd|1
|-boost|p1a: Volcarona|spe|1
|move|p2a: Magatama|Steam Eruption|p1a: Volcarona
|-supereffective|p1a: Volcarona
|-end|p1a: Volcarona|Substitute
|
|-sideend|p1: SkipTheDripBayless|Reflect
|upkeep
|turn|24
|
|t:|1662238547
|move|p1a: Volcarona|Substitute|p1a: Volcarona
|-start|p1a: Volcarona|Substitute
|-damage|p1a: Volcarona|51/100
|move|p2a: Magatama|Steam Eruption|p1a: Volcarona
|-supereffective|p1a: Volcarona
|-end|p1a: Volcarona|Substitute
|
|upkeep
|turn|25
|
|t:|1662238551
|move|p1a: Volcarona|Substitute|p1a: Volcarona
|-start|p1a: Volcarona|Substitute
|-damage|p1a: Volcarona|26/100
|move|p2a: Magatama|Steam Eruption|p1a: Volcarona|[miss]
|-miss|p2a: Magatama|p1a: Volcarona
|
|upkeep
|turn|26
|
|t:|1662238557
|move|p1a: Volcarona|Quiver Dance|p1a: Volcarona
|-boost|p1a: Volcarona|spa|1
|-boost|p1a: Volcarona|spd|1
|-boost|p1a: Volcarona|spe|1
|move|p2a: Magatama|Steam Eruption|p1a: Volcarona
|-supereffective|p1a: Volcarona
|-activate|p1a: Volcarona|move: Substitute|[damage]
|
|-sideend|p1: SkipTheDripBayless|move: Light Screen
|upkeep
|turn|27
|
|t:|1662238560
|move|p1a: Volcarona|Bug Buzz|p2a: Magatama
|-resisted|p2a: Magatama
|-damage|p2a: Magatama|15/100
|move|p2a: Magatama|Steam Eruption|p1a: Volcarona
|-supereffective|p1a: Volcarona
|-end|p1a: Volcarona|Substitute
|
|upkeep
|turn|28
|
|t:|1662238565
|move|p1a: Volcarona|Substitute|p1a: Volcarona
|-start|p1a: Volcarona|Substitute
|-damage|p1a: Volcarona|1/100
|move|p2a: Magatama|Earth Power|p1a: Volcarona
|-activate|p1a: Volcarona|move: Substitute|[damage]
|
|upkeep
|turn|29
|
|t:|1662238567
|move|p1a: Volcarona|Bug Buzz|p2a: Magatama
|-resisted|p2a: Magatama
|-damage|p2a: Magatama|0 fnt
|faint|p2a: Magatama
|
|upkeep
|c|☆SkipTheDripBayless|gg
|c|☆agentkeval|insane hax dude
|c| Rubiaa|LOL
|-message|agentkeval forfeited.
|
|win|SkipTheDripBayless
|l|☆agentkeval
|l| Sww-Suwa
