|j|☆minimax_ai
|j|☆outd blundar
|t:|1667817431
|gametype|singles
|player|p1|minimax_ai|169|1580
|player|p2|outd blundar|101|1672
|teamsize|p1|6
|teamsize|p2|6
|gen|8
|tier|[Gen 8] OU
|rated|
|rule|Sleep Clause Mod: Limit one foe put to sleep
|rule|Species Clause: Limit one of each Pokémon
|rule|OHKO Clause: OHKO moves are banned
|rule|Evasion Items Clause: Evasion items are banned
|rule|Evasion Moves Clause: Evasion moves are banned
|rule|Endless Battle Clause: Forcing endless battles is banned
|rule|HP Percentage Mod: HP is shown in percentages
|rule|Dynamax Clause: You cannot dynamax
|clearpoke
|poke|p1|Rotom-Wash|
|poke|p1|Weavile, F|
|poke|p1|Landorus-Therian, M|
|poke|p1|Heatran, M|
|poke|p1|Tangrowth, F|
|poke|p1|Melmetal|
|poke|p2|Whimsicott, F|
|poke|p2|Torkoal, M|
|poke|p2|Shiftry, F|
|poke|p2|Heatran, M|
|poke|p2|Klefki, F|
|poke|p2|Hydreigon, F|
|teampreview
|c|☆minimax_ai|hf
|inactive|Battle timer is ON: inactive players will automatically lose when time's up. (requested by minimax_ai)
|
|t:|1667817447
|start
|switch|p1a: landorustherian|Landorus-Therian, M|100/100
|switch|p2a: Torkoal|Torkoal, M|100/100
|-ability|p1a: landorustherian|Intimidate|boost
|-unboost|p2a: Torkoal|atk|1
|-weather|SunnyDay|[from] ability: Drought|[of] p2a: Torkoal
|turn|1
|
|t:|1667817448
|move|p1a: landorustherian|Earthquake|p2a: Torkoal
|-supereffective|p2a: Torkoal
|-damage|p2a: Torkoal|43/100
|move|p2a: Torkoal|Lava Plume|p1a: landorustherian
|-damage|p1a: landorustherian|72/100
|
|-weather|SunnyDay|[upkeep]
|-heal|p1a: landorustherian|78/100|[from] item: Leftovers
|upkeep
|turn|2
|
|t:|1667817454
|move|p1a: landorustherian|Earthquake|p2a: Torkoal
|-supereffective|p2a: Torkoal
|-damage|p2a: Torkoal|0 fnt
|faint|p2a: Torkoal
|
|-weather|SunnyDay|[upkeep]
|-heal|p1a: landorustherian|84/100|[from] item: Leftovers
|upkeep
|
|t:|1667817458
|switch|p2a: Heatran|Heatran, M|100/100
|turn|3
|
|t:|1667817460
|switch|p1a: Heatran|Heatran, M|100/100
|-item|p1a: Heatran|Air Balloon
|move|p2a: Heatran|Eruption|p1a: Heatran
|-start|p1a: Heatran|ability: Flash Fire
|
|-weather|SunnyDay|[upkeep]
|upkeep
|turn|4
|
|t:|1667817464
|switch|p2a: Whimsicott|Whimsicott, F|100/100
|move|p1a: Heatran|Stealth Rock|p2a: Whimsicott
|-sidestart|p2: outd blundar|move: Stealth Rock
|
|-weather|SunnyDay|[upkeep]
|upkeep
|turn|5
|
|t:|1667817466
|move|p2a: Whimsicott|U-turn|p1a: Heatran
|-resisted|p1a: Heatran
|-damage|p1a: Heatran|98/100
|-enditem|p1a: Heatran|Air Balloon
|
|t:|1667817468
|switch|p2a: Heatran|Heatran, M|100/100|[from]move: U-turn
|-damage|p2a: Heatran|88/100|[from] Stealth Rock
|move|p1a: Heatran|Eruption|p2a: Heatran
|-start|p2a: Heatran|ability: Flash Fire
|
|-weather|SunnyDay|[upkeep]
|-heal|p2a: Heatran|94/100|[from] item: Leftovers
|upkeep
|turn|6
|
|t:|1667817470
|-end|p1a: Heatran|ability: Flash Fire|[silent]
|switch|p1a: landorustherian|Landorus-Therian, M|84/100
|-ability|p1a: landorustherian|Intimidate|boost
|-unboost|p2a: Heatran|atk|1
|-end|p2a: Heatran|ability: Flash Fire|[silent]
|switch|p2a: Hydreigon|Hydreigon, F|100/100
|-damage|p2a: Hydreigon|88/100|[from] Stealth Rock
|
|-weather|SunnyDay|[upkeep]
|-heal|p1a: landorustherian|90/100|[from] item: Leftovers
|upkeep
|turn|7
|
|t:|1667817474
|move|p2a: Hydreigon|Draco Meteor|p1a: landorustherian
|-damage|p1a: landorustherian|23/100
|-unboost|p2a: Hydreigon|spa|2
|-damage|p2a: Hydreigon|78/100|[from] item: Life Orb
|move|p1a: landorustherian|U-turn|p2a: Hydreigon
|-supereffective|p2a: Hydreigon
|-damage|p2a: Hydreigon|29/100
|
|t:|1667817475
|switch|p1a: Weavile|Weavile, F|100/100|[from]move: U-turn
|-ability|p1a: Weavile|Pressure
|
|-weather|SunnyDay|[upkeep]
|upkeep
|turn|8
|
|t:|1667817481
|switch|p2a: Heatran|Heatran, M|94/100
|-damage|p2a: Heatran|82/100|[from] Stealth Rock
|move|p1a: Weavile|Knock Off|p2a: Heatran
|-damage|p2a: Heatran|23/100
|-enditem|p2a: Heatran|Leftovers|[from] move: Knock Off|[of] p1a: Weavile
|
|-weather|none
|upkeep
|turn|9
|
|t:|1667817483
|move|p1a: Weavile|Knock Off|p2a: Heatran
|-damage|p2a: Heatran|0 fnt
|faint|p2a: Heatran
|
|upkeep
|
|t:|1667817484
|switch|p2a: Klefki|Klefki, F|100/100
|-damage|p2a: Klefki|95/100|[from] Stealth Rock
|turn|10
|
|t:|1667817486
|switch|p1a: Melmetal|Melmetal|100/100
|move|p2a: Klefki|Steel Beam|p1a: Melmetal
|-resisted|p1a: Melmetal
|-damage|p1a: Melmetal|85/100
|-damage|p2a: Klefki|44/100|[from] mindblown
|
|upkeep
|turn|11
|
|t:|1667817501
|move|p2a: Klefki|Sunny Day|p2a: Klefki
|-weather|SunnyDay
|move|p1a: Melmetal|Double Iron Bash|p2a: Klefki
|-damage|p2a: Klefki|0 fnt
|faint|p2a: Klefki
|-hitcount|p2: Klefki|1
|
|-weather|SunnyDay|[upkeep]
|upkeep
|
|t:|1667817503
|switch|p2a: Hydreigon|Hydreigon, F|29/100
|-damage|p2a: Hydreigon|16/100|[from] Stealth Rock
|turn|12
|
|t:|1667817507
|move|p2a: Hydreigon|Fire Blast|p1a: Melmetal
|-supereffective|p1a: Melmetal
|-damage|p1a: Melmetal|11/100
|-damage|p2a: Hydreigon|6/100|[from] item: Life Orb
|move|p1a: Melmetal|Double Iron Bash|p2a: Hydreigon
|-damage|p2a: Hydreigon|0 fnt
|faint|p2a: Hydreigon
|-hitcount|p2: Hydreigon|1
|
|-weather|SunnyDay|[upkeep]
|upkeep
|
|t:|1667817510
|switch|p2a: Shiftry|Shiftry, F|100/100
|-damage|p2a: Shiftry|88/100|[from] Stealth Rock
|turn|13
|
|t:|1667817514
|switch|p1a: Heatran|Heatran, M|98/100
|move|p2a: Shiftry|Growth|p2a: Shiftry
|-boost|p2a: Shiftry|atk|2
|-boost|p2a: Shiftry|spa|2
|
|-weather|SunnyDay|[upkeep]
|upkeep
|turn|14
|
|t:|1667817518
|switch|p1a: landorustherian|Landorus-Therian, M|23/100
|-ability|p1a: landorustherian|Intimidate|boost
|-unboost|p2a: Shiftry|atk|1
|move|p2a: Shiftry|Knock Off|p1a: landorustherian
|-damage|p1a: landorustherian|0 fnt
|-enditem|p1a: landorustherian|Leftovers|[from] move: Knock Off|[of] p2a: Shiftry
|faint|p1a: landorustherian
|-damage|p2a: Shiftry|78/100|[from] item: Life Orb
|
|-weather|SunnyDay|[upkeep]
|upkeep
|
|t:|1667817518
|switch|p1a: Weavile|Weavile, F|100/100
|-ability|p1a: Weavile|Pressure
|turn|15
|
|t:|1667817522
|move|p1a: Weavile|Ice Shard|p2a: Shiftry
|-supereffective|p2a: Shiftry
|-damage|p2a: Shiftry|0 fnt
|faint|p2a: Shiftry
|
|-weather|SunnyDay|[upkeep]
|upkeep
|-message|outd blundar forfeited.
|
|win|minimax_ai
|raw|minimax_ai's rating: 1580 &rarr; <strong>1605</strong><br />(+25 for winning)
|raw|outd blundar's rating: 1672 &rarr; <strong>1647</strong><br />(-25 for losing)
|c|☆minimax_ai|gg
|l|☆outd blundar
