|j|☆IIIodyne
|j|☆Copland
|t:|1667572485
|gametype|singles
|player|p1|IIIodyne|1|1743
|player|p2|Copland|guitarist|1680
|teamsize|p1|6
|teamsize|p2|6
|gen|8
|tier|[Gen 8] OU
|rated|
|rule|Sleep Clause Mod: Limit one foe put to sleep
|rule|Species Clause: Limit one of each Pokémon
|rule|OHKO Clause: OHKO moves are banned
|rule|Evasion Items Clause: Evasion items are banned
|rule|Evasion Moves Clause: Evasion moves are banned
|rule|Endless Battle Clause: Forcing endless battles is banned
|rule|HP Percentage Mod: HP is shown in percentages
|rule|Dynamax Clause: You cannot dynamax
|clearpoke
|poke|p1|Snorlax, F|
|poke|p1|Suicune|
|poke|p1|Melmetal|
|poke|p1|Victini|
|poke|p1|Landorus-Therian, M|
|poke|p1|Zapdos|
|poke|p2|Torkoal, F|
|poke|p2|Heatran, M|
|poke|p2|Landorus-Therian, M|
|poke|p2|Venusaur, M|
|poke|p2|Mandibuzz, F|
|poke|p2|Tapu Koko|
|teampreview
|inactive|Battle timer is ON: inactive players will automatically lose when time's up. (requested by IIIodyne)
|
|t:|1667572510
|start
|switch|p1a: Zapdos|Zapdos|100/100
|switch|p2a: Torkoal|Torkoal, F|100/100
|-weather|SunnyDay|[from] ability: Drought|[of] p2a: Torkoal
|turn|1
|
|t:|1667572532
|switch|p2a: Landorus|Landorus-Therian, M|100/100
|-ability|p2a: Landorus|Intimidate|boost
|-unboost|p1a: Zapdos|atk|1
|move|p1a: Zapdos|Heat Wave|p2a: Landorus
|-damage|p2a: Landorus|63/100
|
|-weather|SunnyDay|[upkeep]
|-heal|p2a: Landorus|69/100|[from] item: Leftovers
|upkeep
|turn|2
|
|t:|1667572541
|move|p1a: Zapdos|Heat Wave|p2a: Landorus
|-damage|p2a: Landorus|32/100
|move|p2a: Landorus|U-turn|p1a: Zapdos
|-resisted|p1a: Zapdos
|-damage|p1a: Zapdos|88/100
|-status|p2a: Landorus|par|[from] ability: Static|[of] p1a: Zapdos
|
|t:|1667572545
|switch|p2a: Heatran|Heatran, M|100/100|[from]move: U-turn
|-item|p2a: Heatran|Air Balloon
|
|-weather|SunnyDay|[upkeep]
|upkeep
|turn|3
|
|t:|1667572549
|switch|p1a: Snorlax|Snorlax, F|100/100
|move|p2a: Heatran|Eruption|p1a: Snorlax
|-damage|p1a: Snorlax|74/100
|
|-weather|SunnyDay|[upkeep]
|-heal|p1a: Snorlax|80/100|[from] item: Leftovers
|upkeep
|turn|4
|j| sle7in
|
|t:|1667572554
|move|p2a: Heatran|Taunt|p1a: Snorlax
|-start|p1a: Snorlax|move: Taunt
|move|p1a: Snorlax|Body Slam|p2a: Heatran
|-resisted|p2a: Heatran
|-damage|p2a: Heatran|85/100
|-enditem|p2a: Heatran|Air Balloon
|
|-weather|SunnyDay|[upkeep]
|-heal|p1a: Snorlax|86/100|[from] item: Leftovers
|upkeep
|turn|5
|
|t:|1667572562
|switch|p2a: Tapu Koko|Tapu Koko|100/100
|-fieldstart|move: Electric Terrain|[from] ability: Electric Surge|[of] p2a: Tapu Koko
|move|p1a: Snorlax|Body Slam|p2a: Tapu Koko
|-damage|p2a: Tapu Koko|60/100
|
|-weather|SunnyDay|[upkeep]
|-heal|p1a: Snorlax|92/100|[from] item: Leftovers
|upkeep
|turn|6
|
|t:|1667572567
|switch|p2a: Venusaur|Venusaur, M|100/100
|move|p1a: Snorlax|Body Slam|p2a: Venusaur
|-damage|p2a: Venusaur|58/100
|
|-weather|SunnyDay|[upkeep]
|-heal|p1a: Snorlax|98/100|[from] item: Leftovers
|-end|p1a: Snorlax|move: Taunt
|upkeep
|turn|7
|
|t:|1667572570
|move|p2a: Venusaur|Growth|p2a: Venusaur
|-boost|p2a: Venusaur|atk|2
|-boost|p2a: Venusaur|spa|2
|move|p1a: Snorlax|Heat Crash|p2a: Venusaur
|-supereffective|p2a: Venusaur
|-damage|p2a: Venusaur|0 fnt
|faint|p2a: Venusaur
|
|-weather|SunnyDay|[upkeep]
|-heal|p1a: Snorlax|100/100|[from] item: Leftovers
|upkeep
|-message|Copland forfeited.
|
|win|IIIodyne
|raw|IIIodyne's rating: 1743 &rarr; <strong>1759</strong><br />(+16 for winning)
|raw|Copland's rating: 1680 &rarr; <strong>1664</strong><br />(-16 for losing)
|l|☆Copland
