|j|☆thejiggler1313
|j|☆A3720
|t:|1660494187
|gametype|singles
|player|p1|thejiggler1313|2|1520
|player|p2|A3720|101|1523
|teamsize|p1|6
|teamsize|p2|6
|gen|8
|tier|[Gen 8] OU
|rated|
|rule|Sleep Clause Mod: Limit one foe put to sleep
|rule|Species Clause: Limit one of each Pokémon
|rule|OHKO Clause: OHKO moves are banned
|rule|Evasion Items Clause: Evasion items are banned
|rule|Evasion Moves Clause: Evasion moves are banned
|rule|Endless Battle Clause: Forcing endless battles is banned
|rule|HP Percentage Mod: HP is shown in percentages
|rule|Dynamax Clause: You cannot dynamax
|clearpoke
|poke|p1|Tyrantrum, F|
|poke|p1|Dragapult, M|
|poke|p1|Blissey, F|
|poke|p1|Landorus-Therian, M|
|poke|p1|Volcanion|
|poke|p1|Buzzwole|
|poke|p2|Talonflame, F|
|poke|p2|Pelipper, M|
|poke|p2|Xatu, M|
|poke|p2|Seismitoad, M|
|poke|p2|Ferrothorn, F|
|poke|p2|Urshifu-*, F|
|teampreview
|
|t:|1660494200
|start
|switch|p1a: Volcanion|Volcanion|100/100
|switch|p2a: Pelipper|Pelipper, M|100/100
|-weather|RainDance|[from] ability: Drizzle|[of] p2a: Pelipper
|turn|1
|
|t:|1660494214
|move|p1a: Volcanion|Steam Eruption|p2a: Pelipper
|-resisted|p2a: Pelipper
|-damage|p2a: Pelipper|31/100
|move|p2a: Pelipper|U-turn|p1a: Volcanion
|-resisted|p1a: Volcanion
|-damage|p1a: Volcanion|97/100
|
|t:|1660494244
|switch|p2a: Seismitoad|Seismitoad, M|100/100|[from]move: U-turn
|
|-weather|RainDance|[upkeep]
|upkeep
|turn|2
|
|t:|1660494248
|switch|p2a: Xatu|Xatu, M|100/100
|switch|p1a: Landorus|Landorus-Therian, M|100/100
|-ability|p1a: Landorus|Intimidate|boost
|-unboost|p2a: Xatu|atk|1
|
|-weather|RainDance|[upkeep]
|upkeep
|turn|3
|
|t:|1660494253
|switch|p1a: Blissey|Blissey, F|100/100
|move|p2a: Xatu|Future Sight|p1a: Blissey
|-start|p2a: Xatu|move: Future Sight
|
|-weather|RainDance|[upkeep]
|upkeep
|turn|4
|
|t:|1660494262
|move|p1a: Blissey|Seismic Toss|p2a: Xatu
|-damage|p2a: Xatu|70/100
|move|p2a: Xatu|Teleport|p2a: Xatu
|
|t:|1660494266
|switch|p2a: Urshifu|Urshifu-Rapid-Strike, F|100/100|[from]move: Teleport
|
|-weather|RainDance|[upkeep]
|upkeep
|turn|5
|
|t:|1660494271
|move|p2a: Urshifu|Surging Strikes|p1a: Blissey
|-crit|p1a: Blissey
|-damage|p1a: Blissey|64/100
|-crit|p1a: Blissey
|-damage|p1a: Blissey|23/100
|-crit|p1a: Blissey
|-damage|p1a: Blissey|0 fnt
|faint|p1a: Blissey
|-hitcount|p1: Blissey|3
|
|-weather|RainDance|[upkeep]
|-hint|Future Sight did not hit because the target is fainted.
|upkeep
|
|t:|1660494278
|switch|p1a: Volcanion|Volcanion|97/100
|turn|6
|inactive|Battle timer is ON: inactive players will automatically lose when time's up. (requested by thejiggler1313)
|inactive|A3720 has 120 seconds left.
|
|t:|1660494341
|switch|p2a: Seismitoad|Seismitoad, M|100/100
|move|p1a: Volcanion|Steam Eruption|p2a: Seismitoad
|-crit|p2a: Seismitoad
|-damage|p2a: Seismitoad|0 fnt
|faint|p2a: Seismitoad
|
|-weather|RainDance|[upkeep]
|upkeep
|
|t:|1660494345
|switch|p2a: Ferrothorn|Ferrothorn, F|100/100
|turn|7
|
|t:|1660494348
|move|p1a: Volcanion|Steam Eruption|p2a: Ferrothorn
|-resisted|p2a: Ferrothorn
|-damage|p2a: Ferrothorn|39/100
|move|p2a: Ferrothorn|Stealth Rock|p1a: Volcanion
|-sidestart|p1: thejiggler1313|move: Stealth Rock
|
|-weather|RainDance|[upkeep]
|upkeep
|turn|8
|
|t:|1660494354
|move|p1a: Volcanion|Steam Eruption|p2a: Ferrothorn
|-resisted|p2a: Ferrothorn
|-damage|p2a: Ferrothorn|0 fnt
|faint|p2a: Ferrothorn
|
|-weather|none
|upkeep
|
|t:|1660494370
|switch|p2a: Urshifu|Urshifu-Rapid-Strike, F|100/100
|turn|9
|
|t:|1660494377
|move|p2a: Urshifu|Close Combat|p1a: Volcanion
|-damage|p1a: Volcanion|2/100
|-unboost|p2a: Urshifu|def|1
|-unboost|p2a: Urshifu|spd|1
|move|p1a: Volcanion|Steam Eruption|p2a: Urshifu
|-resisted|p2a: Urshifu
|-crit|p2a: Urshifu
|-damage|p2a: Urshifu|0 fnt
|faint|p2a: Urshifu
|
|upkeep
|inactive|A3720 has 120 seconds left.
|
|t:|1660494431
|switch|p2a: Talonflame|Talonflame, F|100/100
|turn|10
|
|t:|1660494439
|switch|p1a: Landorus|Landorus-Therian, M|100/100
|-damage|p1a: Landorus|88/100|[from] Stealth Rock
|-ability|p1a: Landorus|Intimidate|boost
|-unboost|p2a: Talonflame|atk|1
|move|p2a: Talonflame|Hurricane|p1a: Landorus|[miss]
|-miss|p2a: Talonflame|p1a: Landorus
|
|-heal|p1a: Landorus|94/100|[from] item: Leftovers
|upkeep
|turn|11
|
|t:|1660494446
|switch|p2a: Xatu|Xatu, M|70/100
|move|p1a: Landorus|Stealth Rock|p2a: Xatu
|move|p2a: Xatu|Stealth Rock||[from]ability: Magic Bounce|[still]
|-fail|p2a: Xatu
|
|-heal|p1a: Landorus|99/100|[from] item: Leftovers
|upkeep
|turn|12
|
|t:|1660494451
|move|p1a: Landorus|Defog|p2a: Xatu
|move|p2a: Xatu|Defog|p1a: Landorus|[from]ability: Magic Bounce
|-unboost|p1a: Landorus|evasion|1
|-sideend|p1: thejiggler1313|Stealth Rock|[from] move: Defog|[of] p2a: Xatu
|move|p2a: Xatu|Teleport|p2a: Xatu
|
|t:|1660494454
|switch|p2a: Pelipper|Pelipper, M|31/100|[from]move: Teleport
|-weather|RainDance|[from] ability: Drizzle|[of] p2a: Pelipper
|
|-weather|RainDance|[upkeep]
|-heal|p1a: Landorus|100/100|[from] item: Leftovers
|upkeep
|turn|13
|
|t:|1660494458
|switch|p2a: Xatu|Xatu, M|70/100
|move|p1a: Landorus|Stealth Rock|p2a: Xatu
|move|p2a: Xatu|Stealth Rock|p1a: Landorus|[from]ability: Magic Bounce
|-sidestart|p1: thejiggler1313|move: Stealth Rock
|
|-weather|RainDance|[upkeep]
|upkeep
|turn|14
|
|t:|1660494470
|move|p1a: Landorus|Defog|p2a: Xatu
|move|p2a: Xatu|Defog|p1a: Landorus|[from]ability: Magic Bounce
|-unboost|p1a: Landorus|evasion|1
|-sideend|p1: thejiggler1313|Stealth Rock|[from] move: Defog|[of] p2a: Xatu
|move|p2a: Xatu|Future Sight|p1a: Landorus
|-start|p2a: Xatu|move: Future Sight
|
|-weather|RainDance|[upkeep]
|upkeep
|turn|15
|
|t:|1660494476
|move|p1a: Landorus|U-turn|p2a: Xatu
|-damage|p2a: Xatu|49/100
|
|t:|1660494484
|switch|p1a: Tyrantrum|Tyrantrum, F, shiny|100/100|[from]move: U-turn
|move|p2a: Xatu|Teleport|p2a: Xatu
|
|t:|1660494512
|switch|p2a: Talonflame|Talonflame, F|100/100|[from]move: Teleport
|
|-weather|RainDance|[upkeep]
|upkeep
|turn|16
|
|t:|1660494518
|switch|p2a: Xatu|Xatu, M|49/100
|move|p1a: Tyrantrum|Head Smash|p2a: Xatu|[miss]
|-miss|p1a: Tyrantrum|p2a: Xatu
|
|-weather|RainDance|[upkeep]
|-end|p1a: Tyrantrum|move: Future Sight
|-damage|p1a: Tyrantrum|35/100
|upkeep
|turn|17
|
|t:|1660494528
|move|p1a: Tyrantrum|Head Smash|p2a: Xatu
|-supereffective|p2a: Xatu
|-damage|p2a: Xatu|0 fnt
|faint|p2a: Xatu
|
|-weather|RainDance|[upkeep]
|upkeep
|
|t:|1660494531
|switch|p2a: Talonflame|Talonflame, F|100/100
|turn|18
|
|t:|1660494533
|move|p2a: Talonflame|Hurricane|p1a: Tyrantrum
|-resisted|p1a: Tyrantrum
|-damage|p1a: Tyrantrum|0 fnt
|faint|p1a: Tyrantrum
|
|-weather|RainDance|[upkeep]
|upkeep
|
|t:|1660494538
|switch|p1a: Dragapult|Dragapult, M|100/100
|turn|19
|
|t:|1660494541
|move|p2a: Talonflame|Hurricane|p1a: Dragapult
|-damage|p1a: Dragapult|8/100
|move|p1a: Dragapult|Dragon Dance|p1a: Dragapult
|-boost|p1a: Dragapult|atk|1
|-boost|p1a: Dragapult|spe|1
|
|-weather|none
|-heal|p1a: Dragapult|14/100|[from] item: Leftovers
|upkeep
|turn|20
|j| Capri 光 Light
|
|t:|1660494557
|switch|p1a: Buzzwole|Buzzwole|100/100
|switch|p2a: Pelipper|Pelipper, M|31/100
|-weather|RainDance|[from] ability: Drizzle|[of] p2a: Pelipper
|
|-weather|RainDance|[upkeep]
|upkeep
|turn|21
|
|t:|1660494563
|move|p1a: Buzzwole|Ice Punch|p2a: Pelipper
|-damage|p2a: Pelipper|8/100
|move|p2a: Pelipper|U-turn|p1a: Buzzwole
|-resisted|p1a: Buzzwole
|-crit|p1a: Buzzwole
|-damage|p1a: Buzzwole|98/100
|-damage|p2a: Pelipper|0 fnt|[from] item: Rocky Helmet|[of] p1a: Buzzwole
|faint|p2a: Pelipper
|
|-weather|RainDance|[upkeep]
|upkeep
|
|t:|1660494565
|switch|p2a: Talonflame|Talonflame, F|100/100
|turn|22
|c| Capri 光 Light|hurricane tflame would still clap that buzzwole
|
|t:|1660494570
|move|p2a: Talonflame|Hurricane|p1a: Buzzwole
|-supereffective|p1a: Buzzwole
|-damage|p1a: Buzzwole|0 fnt
|faint|p1a: Buzzwole
|
|-weather|RainDance|[upkeep]
|upkeep
|
|t:|1660494578
|switch|p1a: Landorus|Landorus-Therian, M|100/100
|-ability|p1a: Landorus|Intimidate|boost
|-unboost|p2a: Talonflame|atk|1
|turn|23
|
|t:|1660494583
|move|p2a: Talonflame|Hurricane|p1a: Landorus
|-damage|p1a: Landorus|36/100
|move|p1a: Landorus|U-turn|p2a: Talonflame
|-resisted|p2a: Talonflame
|-damage|p2a: Talonflame|92/100
|
|t:|1660494588
|switch|p1a: Dragapult|Dragapult, M|14/100|[from]move: U-turn
|
|-weather|RainDance|[upkeep]
|-heal|p1a: Dragapult|20/100|[from] item: Leftovers
|upkeep
|turn|24
|
|t:|1660494594
|move|p1a: Dragapult|Dragon Darts|p2a: Talonflame
|-damage|p2a: Talonflame|48/100
|-anim|p1a: Dragapult|Dragon Darts|p2a: Talonflame
|-damage|p2a: Talonflame|8/100
|move|p2a: Talonflame|Hurricane|p1a: Dragapult
|-damage|p1a: Dragapult|0 fnt
|faint|p1a: Dragapult
|
|-weather|RainDance|[upkeep]
|upkeep
|
|t:|1660494601
|switch|p1a: Landorus|Landorus-Therian, M|36/100
|-ability|p1a: Landorus|Intimidate|boost
|-unboost|p2a: Talonflame|atk|1
|turn|25
|c|☆A3720|gg
|
|t:|1660494604
|switch|p1a: Volcanion|Volcanion|2/100
|move|p2a: Talonflame|Hurricane|p1a: Volcanion
|-damage|p1a: Volcanion|0 fnt
|faint|p1a: Volcanion
|
|-weather|RainDance|[upkeep]
|upkeep
|c|☆thejiggler1313|i forgor about talponflame avbility
|c| Capri 光 Light|oh wow
|c|☆thejiggler1313|because i havent seen it in so long lol
|
|t:|1660494622
|switch|p1a: Landorus|Landorus-Therian, M|36/100
|-ability|p1a: Landorus|Intimidate|boost
|-unboost|p2a: Talonflame|atk|1
|turn|26
|c|☆A3720|talonflame is the goat
|
|t:|1660494627
|move|p2a: Talonflame|Hurricane|p1a: Landorus
|-damage|p1a: Landorus|0 fnt
|faint|p1a: Landorus
|
|win|A3720
|raw|thejiggler1313's rating: 1520 &rarr; <strong>1500</strong><br />(-20 for losing)
|raw|A3720's rating: 1523 &rarr; <strong>1543</strong><br />(+20 for winning)
|l|☆thejiggler1313
|c| Capri 光 Light|1500?
|c| Capri 光 Light|with hurricane tflame?
|c| Capri 光 Light|okay i have no excuse
|c| Capri 光 Light|gg bud
|c|☆A3720|i got this team to 1700 on my alt lol
|c|☆A3720|its fairly consistent
|c| Capri 光 Light|what's the deal
|c| Capri 光 Light|specs?
|c|☆A3720|yes
|c| Capri 光 Light|sounds goated
|c| Capri 光 Light|ngl
|c| Capri 光 Light|and xatu
|c| Capri 光 Light|how do people think of this stuff
|c| Capri 光 Light|good luck!
|c|☆A3720|its from lord emvee
||Ladder isn't responding, score probably updated but might not have (Request timeout).
