|j|☆minimax_ai
|j|☆El Stefano
|t:|1662499742
|gametype|singles
|player|p1|minimax_ai|lusamine-nihilego|1579
|player|p2|El Stefano|265|1698
|teamsize|p1|6
|teamsize|p2|6
|gen|8
|tier|[Gen 8] OU
|rated|
|rule|Sleep Clause Mod: Limit one foe put to sleep
|rule|Species Clause: Limit one of each Pokémon
|rule|OHKO Clause: OHKO moves are banned
|rule|Evasion Items Clause: Evasion items are banned
|rule|Evasion Moves Clause: Evasion moves are banned
|rule|Endless Battle Clause: Forcing endless battles is banned
|rule|HP Percentage Mod: HP is shown in percentages
|rule|Dynamax Clause: You cannot dynamax
|clearpoke
|poke|p1|Rotom-Wash|
|poke|p1|Weavile, F|
|poke|p1|Landorus-Therian, M|
|poke|p1|Heatran, M|
|poke|p1|Tangrowth, M|
|poke|p1|Melmetal|
|poke|p2|Zeraora|
|poke|p2|Toxapex, F|
|poke|p2|Terrakion|
|poke|p2|Garchomp, F|
|poke|p2|Corviknight, F|
|poke|p2|Dragapult, F|
|teampreview
|c|☆minimax_ai|hf
|inactive|Battle timer is ON: inactive players will automatically lose when time's up. (requested by minimax_ai)
|
|t:|1662499750
|start
|switch|p1a: landorustherian|Landorus-Therian, M|100/100
|switch|p2a: Garchomp|Garchomp, F|100/100
|-ability|p1a: landorustherian|Intimidate|boost
|-unboost|p2a: Garchomp|atk|1
|turn|1
|
|t:|1662499756
|move|p2a: Garchomp|Swords Dance|p2a: Garchomp
|-boost|p2a: Garchomp|atk|2
|move|p1a: landorustherian|Earthquake|p2a: Garchomp
|-crit|p2a: Garchomp
|-damage|p2a: Garchomp|33/100
|
|upkeep
|turn|2
|
|t:|1662499763
|move|p2a: Garchomp|Stealth Rock|p1a: landorustherian
|-sidestart|p1: minimax_ai|move: Stealth Rock
|move|p1a: landorustherian|Earthquake|p2a: Garchomp
|-damage|p2a: Garchomp|0 fnt
|faint|p2a: Garchomp
|
|upkeep
|
|t:|1662499781
|switch|p2a: Dragapult|Dragapult, F|100/100
|turn|3
|
|t:|1662499787
|move|p2a: Dragapult|Dragon Darts|p1a: landorustherian
|-crit|p1a: landorustherian
|-damage|p1a: landorustherian|62/100
|-anim|p2a: Dragapult|Dragon Darts|p1a: landorustherian
|-damage|p1a: landorustherian|34/100
|move|p1a: landorustherian|Earthquake|p2a: Dragapult
|-damage|p2a: Dragapult|34/100
|
|-heal|p1a: landorustherian|40/100|[from] item: Leftovers
|upkeep
|turn|4
|
|t:|1662499799
|switch|p1a: Tangrowth|Tangrowth, M|100/100
|-damage|p1a: Tangrowth|88/100|[from] Stealth Rock
|move|p2a: Dragapult|Phantom Force||[still]
|-prepare|p2a: Dragapult|Phantom Force
|-enditem|p2a: Dragapult|Power Herb
|-anim|p2a: Dragapult|Phantom Force|p1a: Tangrowth
|-damage|p1a: Tangrowth|64/100
|-damage|p2a: Dragapult|18/100|[from] item: Rocky Helmet|[of] p1a: Tangrowth
|
|upkeep
|turn|5
|
|t:|1662499808
|switch|p2a: Toxapex|Toxapex, F|100/100
|move|p1a: Tangrowth|Giga Drain|p2a: Toxapex
|-damage|p2a: Toxapex|75/100
|-heal|p1a: Tangrowth|73/100|[from] drain|[of] p2a: Toxapex
|
|upkeep
|turn|6
|
|t:|1662499812
|move|p1a: Tangrowth|Sleep Powder|p2a: Toxapex|[miss]
|-miss|p1a: Tangrowth|p2a: Toxapex
|move|p2a: Toxapex|Toxic|p1a: Tangrowth
|-status|p1a: Tangrowth|tox
|
|-damage|p1a: Tangrowth|67/100 tox|[from] psn
|upkeep
|turn|7
|
|t:|1662499817
|switch|p2a: Dragapult|Dragapult, F|18/100
|move|p1a: Tangrowth|Giga Drain|p2a: Dragapult
|-resisted|p2a: Dragapult
|-damage|p2a: Dragapult|0 fnt
|-heal|p1a: Tangrowth|74/100 tox|[from] drain|[of] p2a: Dragapult
|faint|p2a: Dragapult
|
|-damage|p1a: Tangrowth|61/100 tox|[from] psn
|upkeep
|
|t:|1662499832
|switch|p2a: Corviknight|Corviknight, F|100/100
|-ability|p2a: Corviknight|Pressure
|turn|8
|
|t:|1662499840
|move|p2a: Corviknight|Bulk Up|p2a: Corviknight
|-boost|p2a: Corviknight|atk|1
|-boost|p2a: Corviknight|def|1
|move|p1a: Tangrowth|Sleep Powder|p2a: Corviknight
|-status|p2a: Corviknight|slp|[from] move: Sleep Powder
|
|-damage|p1a: Tangrowth|43/100 tox|[from] psn
|upkeep
|turn|9
|
|t:|1662499851
|switch|p2a: Terrakion|Terrakion|100/100
|switch|p1a: landorustherian|Landorus-Therian, M|40/100
|-damage|p1a: landorustherian|28/100|[from] Stealth Rock
|-ability|p1a: landorustherian|Intimidate|boost
|-unboost|p2a: Terrakion|atk|1
|
|-heal|p1a: landorustherian|34/100|[from] item: Leftovers
|upkeep
|turn|10
|
|t:|1662499855
|move|p2a: Terrakion|Stone Edge|p1a: landorustherian
|-damage|p1a: landorustherian|0 fnt
|faint|p1a: landorustherian
|-damage|p2a: Terrakion|91/100|[from] item: Life Orb
|
|upkeep
|
|t:|1662499855
|switch|p1a: Melmetal|Melmetal|100/100
|-damage|p1a: Melmetal|94/100|[from] Stealth Rock
|turn|11
|
|t:|1662499863
|switch|p2a: Toxapex|Toxapex, F|100/100
|move|p1a: Melmetal|Double Iron Bash|p2a: Toxapex
|-resisted|p2a: Toxapex
|-damage|p2a: Toxapex|88/100
|-damage|p1a: Melmetal|78/100|[from] item: Rocky Helmet|[of] p2a: Toxapex
|-resisted|p2a: Toxapex
|-damage|p2a: Toxapex|76/100
|-damage|p1a: Melmetal|61/100|[from] item: Rocky Helmet|[of] p2a: Toxapex
|-hitcount|p2a: Toxapex|2
|
|upkeep
|turn|12
|
|t:|1662499866
|switch|p2a: Corviknight|Corviknight, F|100/100 slp
|-ability|p2a: Corviknight|Pressure
|move|p1a: Melmetal|Earthquake|p2a: Corviknight
|-immune|p2a: Corviknight
|
|upkeep
|turn|13
|
|t:|1662499875
|switch|p2a: Toxapex|Toxapex, F|100/100
|move|p1a: Melmetal|Thunder Punch|p2a: Toxapex
|-supereffective|p2a: Toxapex
|-crit|p2a: Toxapex
|-damage|p2a: Toxapex|37/100
|-damage|p1a: Melmetal|45/100|[from] item: Rocky Helmet|[of] p2a: Toxapex
|
|upkeep
|turn|14
|
|t:|1662499887
|switch|p2a: Corviknight|Corviknight, F|100/100 slp
|-ability|p2a: Corviknight|Pressure
|move|p1a: Melmetal|Earthquake|p2a: Corviknight
|-immune|p2a: Corviknight
|
|upkeep
|turn|15
|
|t:|1662499896
|cant|p2a: Corviknight|slp
|move|p1a: Melmetal|Double Iron Bash|p2a: Corviknight
|-resisted|p2a: Corviknight
|-damage|p2a: Corviknight|85/100 slp
|-resisted|p2a: Corviknight
|-damage|p2a: Corviknight|67/100 slp
|-hitcount|p2a: Corviknight|2
|
|-heal|p2a: Corviknight|74/100 slp|[from] item: Leftovers
|upkeep
|turn|16
|
|t:|1662499903
|switch|p2a: Toxapex|Toxapex, F|70/100
|move|p1a: Melmetal|Double Iron Bash|p2a: Toxapex
|-resisted|p2a: Toxapex
|-damage|p2a: Toxapex|59/100
|-damage|p1a: Melmetal|28/100|[from] item: Rocky Helmet|[of] p2a: Toxapex
|-resisted|p2a: Toxapex
|-damage|p2a: Toxapex|47/100
|-damage|p1a: Melmetal|12/100|[from] item: Rocky Helmet|[of] p2a: Toxapex
|-hitcount|p2a: Toxapex|2
|
|upkeep
|turn|17
|
|t:|1662499922
|move|p1a: Melmetal|Earthquake|p2a: Toxapex
|-supereffective|p2a: Toxapex
|-damage|p2a: Toxapex|4/100
|move|p2a: Toxapex|Recover|p2a: Toxapex
|-heal|p2a: Toxapex|55/100
|
|upkeep
|turn|18
|
|t:|1662499927
|switch|p2a: Corviknight|Corviknight, F|74/100 slp
|-ability|p2a: Corviknight|Pressure
|move|p1a: Melmetal|Earthquake|p2a: Corviknight
|-immune|p2a: Corviknight
|
|-heal|p2a: Corviknight|80/100 slp|[from] item: Leftovers
|upkeep
|turn|19
|
|t:|1662499936
|switch|p2a: Toxapex|Toxapex, F|88/100
|switch|p1a: rotomwash|Rotom-Wash|100/100
|-damage|p1a: rotomwash|88/100|[from] Stealth Rock
|
|-heal|p1a: rotomwash|94/100|[from] item: Leftovers
|upkeep
|turn|20
|
|t:|1662499945
|move|p1a: rotomwash|Nasty Plot|p1a: rotomwash
|-boost|p1a: rotomwash|spa|2
|move|p2a: Toxapex|Toxic|p1a: rotomwash
|-status|p1a: rotomwash|tox
|
|-heal|p1a: rotomwash|100/100 tox|[from] item: Leftovers
|-damage|p1a: rotomwash|94/100 tox|[from] psn
|upkeep
|turn|21
|
|t:|1662499952
|switch|p2a: Zeraora|Zeraora|100/100
|move|p1a: rotomwash|Thunderbolt|p2a: Zeraora
|-immune|p2a: Zeraora|[from] ability: Volt Absorb
|
|-heal|p1a: rotomwash|100/100 tox|[from] item: Leftovers
|-damage|p1a: rotomwash|88/100 tox|[from] psn
|upkeep
|turn|22
|
|t:|1662499963
|move|p2a: Zeraora|Plasma Fists|p1a: rotomwash
|-damage|p1a: rotomwash|37/100 tox
|-fieldactivate|move: Ion Deluge
|-hint|Normal-type moves become Electric-type after using Plasma Fists.
|move|p1a: rotomwash|Hydro Pump|p2a: Zeraora
|-damage|p2a: Zeraora|0 fnt
|faint|p2a: Zeraora
|
|-heal|p1a: rotomwash|44/100 tox|[from] item: Leftovers
|-damage|p1a: rotomwash|25/100 tox|[from] psn
|upkeep
|
|t:|1662499972
|switch|p2a: Terrakion|Terrakion|91/100
|turn|23
|
|t:|1662499979
|move|p2a: Terrakion|Close Combat|p1a: rotomwash
|-damage|p1a: rotomwash|0 fnt
|-unboost|p2a: Terrakion|def|1
|-unboost|p2a: Terrakion|spd|1
|faint|p1a: rotomwash
|-damage|p2a: Terrakion|81/100|[from] item: Life Orb
|
|upkeep
|
|t:|1662499980
|switch|p1a: Tangrowth|Tangrowth, M|76/100 tox
|-damage|p1a: Tangrowth|64/100 tox|[from] Stealth Rock
|turn|24
|j| Peter97
|
|t:|1662499990
|switch|p2a: Corviknight|Corviknight, F|80/100 slp
|-ability|p2a: Corviknight|Pressure
|move|p1a: Tangrowth|Giga Drain|p2a: Corviknight
|-resisted|p2a: Corviknight
|-damage|p2a: Corviknight|76/100 slp
|-heal|p1a: Tangrowth|66/100 tox|[from] drain|[of] p2a: Corviknight
|
|-heal|p2a: Corviknight|82/100 slp|[from] item: Leftovers
|-damage|p1a: Tangrowth|60/100 tox|[from] psn
|upkeep
|turn|25
|
|t:|1662499994
|switch|p2a: Terrakion|Terrakion|81/100
|switch|p1a: Melmetal|Melmetal|12/100
|-damage|p1a: Melmetal|5/100|[from] Stealth Rock
|
|upkeep
|turn|26
|j| Jongruenwald
|
|t:|1662500000
|move|p2a: Terrakion|Close Combat|p1a: Melmetal
|-supereffective|p1a: Melmetal
|-damage|p1a: Melmetal|0 fnt
|-unboost|p2a: Terrakion|def|1
|-unboost|p2a: Terrakion|spd|1
|faint|p1a: Melmetal
|-damage|p2a: Terrakion|71/100|[from] item: Life Orb
|
|upkeep
|
|t:|1662500000
|switch|p1a: Tangrowth|Tangrowth, M|93/100 tox
|-damage|p1a: Tangrowth|80/100 tox|[from] Stealth Rock
|turn|27
|
|t:|1662500007
|switch|p2a: Toxapex|Toxapex, F|100/100
|move|p1a: Tangrowth|Giga Drain|p2a: Toxapex
|-damage|p2a: Toxapex|77/100
|-heal|p1a: Tangrowth|89/100 tox|[from] drain|[of] p2a: Toxapex
|
|-damage|p1a: Tangrowth|83/100 tox|[from] psn
|upkeep
|turn|28
|
|t:|1662500012
|move|p1a: Tangrowth|Focus Blast|p2a: Toxapex
|-resisted|p2a: Toxapex
|-damage|p2a: Toxapex|65/100
|move|p2a: Toxapex|Scald|p1a: Tangrowth
|-resisted|p1a: Tangrowth
|-damage|p1a: Tangrowth|70/100 tox
|
|-damage|p1a: Tangrowth|58/100 tox|[from] psn
|upkeep
|turn|29
|
|t:|1662500023
|move|p1a: Tangrowth|Giga Drain|p2a: Toxapex
|-damage|p2a: Toxapex|39/100
|-heal|p1a: Tangrowth|68/100 tox|[from] drain|[of] p2a: Toxapex
|move|p2a: Toxapex|Scald|p1a: Tangrowth
|-resisted|p1a: Tangrowth
|-damage|p1a: Tangrowth|56/100 tox
|
|-damage|p1a: Tangrowth|37/100 tox|[from] psn
|upkeep
|turn|30
|
|t:|1662500029
|switch|p1a: Heatran|Heatran, M|100/100
|-damage|p1a: Heatran|88/100|[from] Stealth Rock
|-item|p1a: Heatran|Air Balloon
|move|p2a: Toxapex|Recover|p2a: Toxapex
|-heal|p2a: Toxapex|89/100
|
|upkeep
|turn|31
|
|t:|1662500037
|switch|p2a: Corviknight|Corviknight, F|82/100 slp
|-ability|p2a: Corviknight|Pressure
|move|p1a: Heatran|Earth Power|p2a: Corviknight
|-immune|p2a: Corviknight
|
|-heal|p2a: Corviknight|88/100 slp|[from] item: Leftovers
|upkeep
|turn|32
|
|t:|1662500044
|move|p1a: Heatran|Earth Power|p2a: Corviknight
|-immune|p2a: Corviknight
|cant|p2a: Corviknight|slp
|
|-heal|p2a: Corviknight|94/100 slp|[from] item: Leftovers
|upkeep
|turn|33
|
|t:|1662500048
|move|p1a: Heatran|Earth Power|p2a: Corviknight
|-immune|p2a: Corviknight
|-curestatus|p2a: Corviknight|slp|[msg]
|move|p2a: Corviknight|Brave Bird|p1a: Heatran
|-resisted|p1a: Heatran
|-damage|p1a: Heatran|70/100
|-enditem|p1a: Heatran|Air Balloon
|-damage|p2a: Corviknight|90/100|[from] Recoil
|
|-heal|p2a: Corviknight|96/100|[from] item: Leftovers
|upkeep
|turn|34
|
|t:|1662500052
|switch|p2a: Toxapex|Toxapex, F|100/100
|move|p1a: Heatran|Magma Storm|p2a: Toxapex
|-resisted|p2a: Toxapex
|-damage|p2a: Toxapex|80/100
|-activate|p2a: Toxapex|move: Magma Storm|[of] p1a: Heatran
|
|-damage|p2a: Toxapex|67/100|[from] move: Magma Storm|[partiallytrapped]
|upkeep
|turn|35
|
|t:|1662500060
|move|p1a: Heatran|Earth Power|p2a: Toxapex
|-supereffective|p2a: Toxapex
|-crit|p2a: Toxapex
|-damage|p2a: Toxapex|0 fnt
|faint|p2a: Toxapex
|
|upkeep
|
|t:|1662500064
|switch|p2a: Terrakion|Terrakion|71/100
|turn|36
|
|t:|1662500068
|switch|p1a: Tangrowth|Tangrowth, M|71/100 tox
|-damage|p1a: Tangrowth|58/100 tox|[from] Stealth Rock
|move|p2a: Terrakion|Close Combat|p1a: Tangrowth
|-damage|p1a: Tangrowth|14/100 tox
|-unboost|p2a: Terrakion|def|1
|-unboost|p2a: Terrakion|spd|1
|-damage|p2a: Terrakion|54/100|[from] item: Rocky Helmet|[of] p1a: Tangrowth
|-damage|p2a: Terrakion|44/100|[from] item: Life Orb
|
|-damage|p1a: Tangrowth|8/100 tox|[from] psn
|upkeep
|turn|37
|
|t:|1662500081
|move|p2a: Terrakion|Close Combat|p1a: Tangrowth
|-damage|p1a: Tangrowth|0 fnt
|-unboost|p2a: Terrakion|def|1
|-unboost|p2a: Terrakion|spd|1
|-damage|p2a: Terrakion|28/100|[from] item: Rocky Helmet|[of] p1a: Tangrowth
|faint|p1a: Tangrowth
|-damage|p2a: Terrakion|18/100|[from] item: Life Orb
|
|upkeep
|
|t:|1662500081
|switch|p1a: Weavile|Weavile, F|100/100
|-damage|p1a: Weavile|76/100|[from] Stealth Rock
|-ability|p1a: Weavile|Pressure
|turn|38
|
|t:|1662500086
|move|p1a: Weavile|Knock Off|p2a: Terrakion
|-resisted|p2a: Terrakion
|-damage|p2a: Terrakion|0 fnt
|-enditem|p2a: Terrakion|Life Orb|[from] move: Knock Off|[of] p1a: Weavile
|faint|p2a: Terrakion
|
|upkeep
|
|t:|1662500090
|switch|p2a: Corviknight|Corviknight, F|96/100
|-ability|p2a: Corviknight|Pressure
|turn|39
|
|t:|1662500092
|move|p1a: Weavile|Knock Off|p2a: Corviknight
|-damage|p2a: Corviknight|36/100
|-enditem|p2a: Corviknight|Leftovers|[from] move: Knock Off|[of] p1a: Weavile
|move|p2a: Corviknight|Bulk Up|p2a: Corviknight
|-boost|p2a: Corviknight|atk|1
|-boost|p2a: Corviknight|def|1
|
|upkeep
|turn|40
|
|t:|1662500098
|switch|p1a: Heatran|Heatran, M|70/100
|-damage|p1a: Heatran|57/100|[from] Stealth Rock
|move|p2a: Corviknight|Roost|p2a: Corviknight
|-heal|p2a: Corviknight|86/100
|-singleturn|p2a: Corviknight|move: Roost
|
|upkeep
|turn|41
|
|t:|1662500103
|move|p1a: Heatran|Magma Storm|p2a: Corviknight
|-supereffective|p2a: Corviknight
|-damage|p2a: Corviknight|11/100
|-activate|p2a: Corviknight|move: Magma Storm|[of] p1a: Heatran
|move|p2a: Corviknight|Brave Bird|p1a: Heatran
|-resisted|p1a: Heatran
|-damage|p1a: Heatran|32/100
|-damage|p2a: Corviknight|4/100|[from] Recoil
|
|-damage|p2a: Corviknight|0 fnt|[from] move: Magma Storm|[partiallytrapped]
|faint|p2a: Corviknight
|
|win|minimax_ai
|upkeep
|raw|minimax_ai's rating: 1579 &rarr; <strong>1606</strong><br />(+27 for winning)
|raw|El Stefano's rating: 1698 &rarr; <strong>1671</strong><br />(-27 for losing)
|c|☆minimax_ai|gg
