|j|☆Lezizieny2
|j|‽Cowsrule247
|t:|1660418997
|gametype|singles
|player|p1|Lezizieny2|266|1382
|player|p2|Cowsrule247|skyla|1359
|teamsize|p1|6
|teamsize|p2|6
|gen|8
|tier|[Gen 8] OU
|rated|
|rule|Sleep Clause Mod: Limit one foe put to sleep
|rule|Species Clause: Limit one of each Pokémon
|rule|OHKO Clause: OHKO moves are banned
|rule|Evasion Items Clause: Evasion items are banned
|rule|Evasion Moves Clause: Evasion moves are banned
|rule|Endless Battle Clause: Forcing endless battles is banned
|rule|HP Percentage Mod: HP is shown in percentages
|rule|Dynamax Clause: You cannot dynamax
|clearpoke
|poke|p1|Corviknight, F|
|poke|p1|Blissey, F|
|poke|p1|Gardevoir, M|
|poke|p1|Lurantis, F|
|poke|p1|Swampert, M|
|poke|p1|Blacephalon|
|poke|p2|Corviknight, F|
|poke|p2|Gastrodon-East, M|
|poke|p2|Toxapex, M|
|poke|p2|Buzzwole|
|poke|p2|Clefable, M|
|poke|p2|Blissey, F|
|teampreview
|inactive|Battle timer is ON: inactive players will automatically lose when time's up. (requested by Cowsrule247)
|c|☆Lezizieny2|Stall again
|c|☆Lezizieny2|And again
|c|☆Lezizieny2|And again
|c|☆Lezizieny2|And again
|inactive|Lezizieny2 has 120 seconds left.
|c|☆Lezizieny2|Its the 3rd Time in a row
|c|☆Lezizieny2|3rd Time
|c|☆Lezizieny2|Im facing stall
|inactive|Lezizieny2 has 90 seconds left.
|
|t:|1660419065
|start
|switch|p1a: Blissey|Blissey, F|100/100
|switch|p2a: Gastrodon|Gastrodon-East, M|100/100
|turn|1
|
|t:|1660419074
|switch|p2a: Corviknight|Corviknight, F|100/100
|-ability|p2a: Corviknight|Pressure
|move|p1a: Blissey|Toxic|p2a: Corviknight
|-immune|p2a: Corviknight
|
|upkeep
|turn|2
|
|t:|1660419082
|move|p2a: Corviknight|Body Press|p1a: Blissey
|-supereffective|p1a: Blissey
|-damage|p1a: Blissey|60/100
|move|p1a: Blissey|Teleport|p1a: Blissey
|
|t:|1660419088
|switch|p1a: Blacephalon|Blacephalon|100/100|[from]move: Teleport
|
|upkeep
|turn|3
|
|t:|1660419093
|switch|p2a: Blissey|Blissey, F|100/100
|move|p1a: Blacephalon|Psyshock|p2a: Blissey
|-damage|p2a: Blissey|61/100
|
|upkeep
|turn|4
|
|t:|1660419103
|switch|p1a: Blissey|Blissey, F|60/100
|move|p2a: Blissey|Soft-Boiled|p2a: Blissey
|-heal|p2a: Blissey|100/100
|
|-heal|p1a: Blissey|66/100|[from] item: Leftovers
|upkeep
|turn|5
|
|t:|1660419110
|move|p1a: Blissey|Soft-Boiled|p1a: Blissey
|-heal|p1a: Blissey|100/100
|move|p2a: Blissey|Toxic|p1a: Blissey
|-status|p1a: Blissey|tox
|
|-damage|p1a: Blissey|94/100 tox|[from] psn
|upkeep
|turn|6
|
|t:|1660419113
|move|p2a: Blissey|Stealth Rock|p1a: Blissey
|-sidestart|p1: Lezizieny2|move: Stealth Rock
|move|p1a: Blissey|Teleport|p1a: Blissey
|
|t:|1660419116
|-curestatus|p1a: Blissey|tox|[from] ability: Natural Cure
|switch|p1a: Corviknight|Corviknight, F|100/100|[from]move: Teleport
|-damage|p1a: Corviknight|88/100|[from] Stealth Rock
|-ability|p1a: Corviknight|Pressure
|
|upkeep
|turn|7
|
|t:|1660419132
|switch|p2a: Toxapex|Toxapex, M|100/100
|move|p1a: Corviknight|Defog|p2a: Toxapex
|-unboost|p2a: Toxapex|evasion|1
|-sideend|p1: Lezizieny2|Stealth Rock|[from] move: Defog|[of] p1a: Corviknight
|
|upkeep
|turn|8
|
|t:|1660419137
|switch|p1a: Blissey|Blissey, F|94/100
|move|p2a: Toxapex|Scald|p1a: Blissey
|-damage|p1a: Blissey|88/100
|-status|p1a: Blissey|brn
|
|-heal|p1a: Blissey|94/100 brn|[from] item: Leftovers
|-damage|p1a: Blissey|88/100 brn|[from] brn
|upkeep
|turn|9
|
|t:|1660419140
|move|p2a: Toxapex|Knock Off|p1a: Blissey
|-damage|p1a: Blissey|75/100 brn
|-enditem|p1a: Blissey|Leftovers|[from] move: Knock Off|[of] p2a: Toxapex
|move|p1a: Blissey|Teleport|p1a: Blissey
|
|t:|1660419150
|-curestatus|p1a: Blissey|brn|[from] ability: Natural Cure
|switch|p1a: Gardevoir|Gardevoir, M|100/100|[from]move: Teleport
|-ability|p1a: Gardevoir|Regenerator|[from] ability: Trace|[of] p2a: Toxapex
|
|upkeep
|turn|10
|
|t:|1660419161
|switch|p2a: Corviknight|Corviknight, F|100/100
|-ability|p2a: Corviknight|Pressure
|move|p1a: Gardevoir|Psychic|p2a: Corviknight
|-resisted|p2a: Corviknight
|-damage|p2a: Corviknight|79/100
|
|-heal|p2a: Corviknight|86/100|[from] item: Leftovers
|upkeep
|turn|11
|
|t:|1660419172
|switch|p1a: Corviknight|Corviknight, F|88/100
|-ability|p1a: Corviknight|Pressure
|switch|p2a: Blissey|Blissey, F|100/100
|
|upkeep
|turn|12
|
|t:|1660419179
|switch|p2a: Corviknight|Corviknight, F|86/100
|-ability|p2a: Corviknight|Pressure
|move|p1a: Corviknight|Brave Bird|p2a: Corviknight
|-resisted|p2a: Corviknight
|-damage|p2a: Corviknight|73/100
|-damage|p1a: Corviknight|84/100|[from] Recoil
|
|-heal|p2a: Corviknight|79/100|[from] item: Leftovers
|upkeep
|turn|13
|
|t:|1660419189
|move|p2a: Corviknight|Iron Defense|p2a: Corviknight
|-boost|p2a: Corviknight|def|2
|move|p1a: Corviknight|U-turn|p2a: Corviknight
|-resisted|p2a: Corviknight
|-damage|p2a: Corviknight|78/100
|
|t:|1660419192
|switch|p1a: Blacephalon|Blacephalon|100/100|[from]move: U-turn
|
|-heal|p2a: Corviknight|85/100|[from] item: Leftovers
|upkeep
|turn|14
|
|t:|1660419198
|switch|p2a: Blissey|Blissey, F|100/100
|move|p1a: Blacephalon|Flamethrower|p2a: Blissey
|-damage|p2a: Blissey|71/100
|
|upkeep
|turn|15
|
|t:|1660419206
|switch|p1a: Blissey|Blissey, F|75/100
|move|p2a: Blissey|Stealth Rock|p1a: Blissey
|-sidestart|p1: Lezizieny2|move: Stealth Rock
|
|upkeep
|turn|16
|
|t:|1660419209
|move|p2a: Blissey|Toxic|p1a: Blissey
|-status|p1a: Blissey|tox
|move|p1a: Blissey|Teleport|p1a: Blissey
|
|t:|1660419213
|-curestatus|p1a: Blissey|tox|[from] ability: Natural Cure
|switch|p1a: Corviknight|Corviknight, F|84/100|[from]move: Teleport
|-damage|p1a: Corviknight|72/100|[from] Stealth Rock
|-ability|p1a: Corviknight|Pressure
|
|upkeep
|turn|17
|
|t:|1660419218
|switch|p2a: Corviknight|Corviknight, F|85/100
|-ability|p2a: Corviknight|Pressure
|move|p1a: Corviknight|Defog|p2a: Corviknight
|-unboost|p2a: Corviknight|evasion|1
|-sideend|p1: Lezizieny2|Stealth Rock|[from] move: Defog|[of] p1a: Corviknight
|
|-heal|p2a: Corviknight|91/100|[from] item: Leftovers
|upkeep
|turn|18
|
|t:|1660419228
|switch|p2a: Blissey|Blissey, F|71/100
|move|p1a: Corviknight|U-turn|p2a: Blissey
|-damage|p2a: Blissey|58/100
|
|t:|1660419237
|switch|p1a: Lurantis|Lurantis, F|100/100|[from]move: U-turn
|
|upkeep
|turn|19
|
|t:|1660419242
|switch|p2a: Buzzwole|Buzzwole|100/100
|move|p1a: Lurantis|Superpower|p2a: Buzzwole
|-resisted|p2a: Buzzwole
|-damage|p2a: Buzzwole|94/100
|-boost|p1a: Lurantis|atk|1
|-boost|p1a: Lurantis|def|1
|
|upkeep
|turn|20
|
|t:|1660419256
|switch|p1a: Corviknight|Corviknight, F|72/100
|-ability|p1a: Corviknight|Pressure
|move|p2a: Buzzwole|Leech Life|p1a: Corviknight
|-resisted|p1a: Corviknight
|-damage|p1a: Corviknight|66/100
|-heal|p2a: Buzzwole|96/100|[from] drain|[of] p1a: Corviknight
|-damage|p2a: Buzzwole|80/100|[from] item: Rocky Helmet|[of] p1a: Corviknight
|
|upkeep
|turn|21
|
|t:|1660419262
|switch|p2a: Toxapex|Toxapex, M|100/100
|move|p1a: Corviknight|U-turn|p2a: Toxapex
|-resisted|p2a: Toxapex
|-damage|p2a: Toxapex|96/100
|
|t:|1660419271
|switch|p1a: Gardevoir|Gardevoir, M|100/100|[from]move: U-turn
|-ability|p1a: Gardevoir|Regenerator|[from] ability: Trace|[of] p2a: Toxapex
|
|upkeep
|turn|22
|
|t:|1660419293
|switch|p2a: Corviknight|Corviknight, F|91/100
|-ability|p2a: Corviknight|Pressure
|move|p1a: Gardevoir|Psychic|p2a: Corviknight
|-resisted|p2a: Corviknight
|-damage|p2a: Corviknight|70/100
|
|-heal|p2a: Corviknight|76/100|[from] item: Leftovers
|upkeep
|turn|23
|
|t:|1660419302
|switch|p1a: Corviknight|Corviknight, F|66/100
|-ability|p1a: Corviknight|Pressure
|switch|p2a: Blissey|Blissey, F|58/100
|
|upkeep
|turn|24
|
|t:|1660419306
|move|p1a: Corviknight|Roost|p1a: Corviknight
|-heal|p1a: Corviknight|100/100
|-singleturn|p1a: Corviknight|move: Roost
|move|p2a: Blissey|Soft-Boiled|p2a: Blissey
|-heal|p2a: Blissey|100/100
|
|upkeep
|turn|25
|
|t:|1660419313
|move|p1a: Corviknight|U-turn|p2a: Blissey
|-damage|p2a: Blissey|88/100
|
|t:|1660419317
|switch|p1a: Gardevoir|Gardevoir, M|100/100|[from]move: U-turn
|-ability|p1a: Gardevoir|Natural Cure|[from] ability: Trace|[of] p2a: Blissey
|move|p2a: Blissey|Stealth Rock|p1a: Gardevoir
|-sidestart|p1: Lezizieny2|move: Stealth Rock
|
|upkeep
|turn|26
|
|t:|1660419323
|move|p1a: Gardevoir|Focus Blast|p2a: Blissey
|-supereffective|p2a: Blissey
|-damage|p2a: Blissey|59/100
|move|p2a: Blissey|Toxic|p1a: Gardevoir
|-status|p1a: Gardevoir|tox
|
|-damage|p1a: Gardevoir|94/100 tox|[from] psn
|upkeep
|turn|27
|
|t:|1660419329
|-curestatus|p1a: Gardevoir|tox|[from] ability: Natural Cure
|switch|p1a: Corviknight|Corviknight, F|100/100
|-damage|p1a: Corviknight|88/100|[from] Stealth Rock
|-ability|p1a: Corviknight|Pressure
|move|p2a: Blissey|Soft-Boiled|p2a: Blissey
|-heal|p2a: Blissey|100/100
|
|upkeep
|turn|28
|
|t:|1660419335
|switch|p2a: Corviknight|Corviknight, F|76/100
|-ability|p2a: Corviknight|Pressure
|move|p1a: Corviknight|Defog|p2a: Corviknight
|-unboost|p2a: Corviknight|evasion|1
|-sideend|p1: Lezizieny2|Stealth Rock|[from] move: Defog|[of] p1a: Corviknight
|
|-heal|p2a: Corviknight|82/100|[from] item: Leftovers
|upkeep
|turn|29
|
|t:|1660419344
|switch|p2a: Toxapex|Toxapex, M|100/100
|move|p1a: Corviknight|Brave Bird|p2a: Toxapex
|-damage|p2a: Toxapex|79/100
|-damage|p1a: Corviknight|83/100|[from] Recoil
|
|upkeep
|turn|30
|
|t:|1660419351
|switch|p1a: Blissey|Blissey, F|75/100
|move|p2a: Toxapex|Knock Off|p1a: Blissey
|-damage|p1a: Blissey|66/100
|
|upkeep
|turn|31
|
|t:|1660419356
|switch|p2a: Corviknight|Corviknight, F|82/100
|-ability|p2a: Corviknight|Pressure
|move|p1a: Blissey|Teleport|p1a: Blissey
|
|t:|1660419363
|switch|p1a: Corviknight|Corviknight, F|83/100|[from]move: Teleport
|-ability|p1a: Corviknight|Pressure
|
|-heal|p2a: Corviknight|89/100|[from] item: Leftovers
|upkeep
|turn|32
|
|t:|1660419367
|switch|p2a: Toxapex|Toxapex, M|100/100
|move|p1a: Corviknight|U-turn|p2a: Toxapex
|-resisted|p2a: Toxapex
|-crit|p2a: Toxapex
|-damage|p2a: Toxapex|93/100
|
|t:|1660419372
|switch|p1a: Swampert|Swampert, M|100/100|[from]move: U-turn
|
|upkeep
|turn|33
|
|t:|1660419378
|move|p1a: Swampert|Flip Turn|p2a: Toxapex
|-resisted|p2a: Toxapex
|-damage|p2a: Toxapex|86/100
|
|t:|1660419389
|switch|p1a: Gardevoir|Gardevoir, M|94/100|[from]move: Flip Turn
|-ability|p1a: Gardevoir|Regenerator|[from] ability: Trace|[of] p2a: Toxapex
|move|p2a: Toxapex|Scald|p1a: Gardevoir
|-damage|p1a: Gardevoir|77/100
|-status|p1a: Gardevoir|brn
|
|-damage|p1a: Gardevoir|71/100 brn|[from] brn
|upkeep
|turn|34
|
|t:|1660419398
|switch|p2a: Corviknight|Corviknight, F|89/100
|-ability|p2a: Corviknight|Pressure
|move|p1a: Gardevoir|Psychic|p2a: Corviknight
|-resisted|p2a: Corviknight
|-damage|p2a: Corviknight|67/100
|
|-heal|p2a: Corviknight|74/100|[from] item: Leftovers
|-damage|p1a: Gardevoir|65/100 brn|[from] brn
|upkeep
|turn|35
|
|t:|1660419406
|switch|p1a: Blacephalon|Blacephalon|100/100
|move|p2a: Corviknight|Roost|p2a: Corviknight
|-heal|p2a: Corviknight|100/100
|-singleturn|p2a: Corviknight|move: Roost
|
|upkeep
|turn|36
|
|t:|1660419411
|switch|p1a: Lurantis|Lurantis, F|100/100
|switch|p2a: Blissey|Blissey, F|100/100
|
|upkeep
|turn|37
|
|t:|1660419414
|switch|p2a: Toxapex|Toxapex, M|100/100
|move|p1a: Lurantis|Knock Off|p2a: Toxapex
|-damage|p2a: Toxapex|85/100
|-enditem|p2a: Toxapex|Shed Shell|[from] move: Knock Off|[of] p1a: Lurantis
|
|upkeep
|turn|38
|
|t:|1660419436
|move|p1a: Lurantis|Leaf Storm|p2a: Toxapex|[miss]
|-miss|p1a: Lurantis|p2a: Toxapex
|move|p2a: Toxapex|Knock Off|p1a: Lurantis
|-damage|p1a: Lurantis|82/100
|-enditem|p1a: Lurantis|Assault Vest|[from] move: Knock Off|[of] p2a: Toxapex
|
|upkeep
|turn|39
|
|t:|1660419448
|switch|p2a: Clefable|Clefable, M|100/100
|move|p1a: Lurantis|Leaf Storm|p2a: Clefable
|-damage|p2a: Clefable|70/100
|-boost|p1a: Lurantis|spa|2
|
|-heal|p2a: Clefable|76/100|[from] item: Leftovers
|upkeep
|turn|40
|
|t:|1660419458
|switch|p1a: Blissey|Blissey, F|66/100
|move|p2a: Clefable|Wish|p2a: Clefable
|
|-heal|p2a: Clefable|82/100|[from] item: Leftovers
|upkeep
|turn|41
|
|t:|1660419464
|switch|p2a: Buzzwole|Buzzwole|80/100
|move|p1a: Blissey|Toxic|p2a: Buzzwole
|-status|p2a: Buzzwole|tox
|
|-heal|p2a: Buzzwole|100/100 tox|[from] move: Wish|[wisher] Clefable
|-damage|p2a: Buzzwole|94/100 tox|[from] psn
|upkeep
|turn|42
|
|t:|1660419471
|switch|p1a: Corviknight|Corviknight, F|83/100
|-ability|p1a: Corviknight|Pressure
|move|p2a: Buzzwole|Close Combat|p1a: Corviknight
|-damage|p1a: Corviknight|46/100
|-unboost|p2a: Buzzwole|def|1
|-unboost|p2a: Buzzwole|spd|1
|-damage|p2a: Buzzwole|78/100 tox|[from] item: Rocky Helmet|[of] p1a: Corviknight
|
|-damage|p2a: Buzzwole|65/100 tox|[from] psn
|upkeep
|turn|43
|
|t:|1660419482
|move|p2a: Buzzwole|Close Combat|p1a: Corviknight
|-damage|p1a: Corviknight|7/100
|-unboost|p2a: Buzzwole|def|1
|-unboost|p2a: Buzzwole|spd|1
|-damage|p2a: Buzzwole|49/100 tox|[from] item: Rocky Helmet|[of] p1a: Corviknight
|move|p1a: Corviknight|Roost|p1a: Corviknight
|-heal|p1a: Corviknight|57/100
|-singleturn|p1a: Corviknight|move: Roost
|
|-damage|p2a: Buzzwole|30/100 tox|[from] psn
|upkeep
|turn|44
|
|t:|1660419498
|switch|p2a: Corviknight|Corviknight, F|100/100
|-ability|p2a: Corviknight|Pressure
|switch|p1a: Blacephalon|Blacephalon|100/100
|
|upkeep
|turn|45
|
|t:|1660419506
|switch|p2a: Blissey|Blissey, F|100/100
|move|p1a: Blacephalon|Flamethrower|p2a: Blissey
|-damage|p2a: Blissey|73/100
|
|upkeep
|turn|46
|
|t:|1660419514
|switch|p1a: Lurantis|Lurantis, F|82/100
|move|p2a: Blissey|Stealth Rock|p1a: Lurantis
|-sidestart|p1: Lezizieny2|move: Stealth Rock
|
|upkeep
|turn|47
|
|t:|1660419520
|switch|p2a: Clefable|Clefable, M|82/100
|move|p1a: Lurantis|Superpower|p2a: Clefable
|-resisted|p2a: Clefable
|-damage|p2a: Clefable|70/100
|-boost|p1a: Lurantis|atk|1
|-boost|p1a: Lurantis|def|1
|
|-heal|p2a: Clefable|76/100|[from] item: Leftovers
|upkeep
|turn|48
|
|t:|1660419525
|move|p1a: Lurantis|Leaf Storm|p2a: Clefable
|-damage|p2a: Clefable|47/100
|-boost|p1a: Lurantis|spa|2
|move|p2a: Clefable|Heal Bell|p2a: Clefable
|-activate|p2a: Clefable|move: Heal Bell
|-curestatus|p2: Buzzwole|tox|[msg]
|
|-heal|p2a: Clefable|53/100|[from] item: Leftovers
|upkeep
|turn|49
|
|t:|1660419531
|move|p1a: Lurantis|Leaf Storm|p2a: Clefable
|-damage|p2a: Clefable|20/100
|-boost|p1a: Lurantis|spa|2
|move|p2a: Clefable|Wish|p2a: Clefable
|
|-heal|p2a: Clefable|26/100|[from] item: Leftovers
|upkeep
|turn|50
|
|t:|1660419537
|move|p2a: Clefable|Protect|p2a: Clefable
|-singleturn|p2a: Clefable|Protect
|move|p1a: Lurantis|Leaf Storm|p2a: Clefable
|-activate|p2a: Clefable|move: Protect
|
|-heal|p2a: Clefable|76/100|[from] move: Wish|[wisher] Clefable
|-heal|p2a: Clefable|82/100|[from] item: Leftovers
|upkeep
|turn|51
|
|t:|1660419543
|move|p1a: Lurantis|Knock Off|p2a: Clefable
|-resisted|p2a: Clefable
|-damage|p2a: Clefable|71/100
|-enditem|p2a: Clefable|Leftovers|[from] move: Knock Off|[of] p1a: Lurantis
|move|p2a: Clefable|Moonblast|p1a: Lurantis
|-damage|p1a: Lurantis|44/100
|-boost|p1a: Lurantis|spa|1
|
|upkeep
|turn|52
|
|t:|1660419552
|switch|p1a: Blissey|Blissey, F|66/100
|-damage|p1a: Blissey|53/100|[from] Stealth Rock
|move|p2a: Clefable|Wish|p2a: Clefable
|
|upkeep
|turn|53
|
|t:|1660419557
|switch|p2a: Buzzwole|Buzzwole|30/100
|move|p1a: Blissey|Soft-Boiled|p1a: Blissey
|-heal|p1a: Blissey|100/100
|
|-heal|p2a: Buzzwole|77/100|[from] move: Wish|[wisher] Clefable
|upkeep
|turn|54
|
|t:|1660419562
|move|p2a: Buzzwole|Close Combat|p1a: Blissey
|-supereffective|p1a: Blissey
|-damage|p1a: Blissey|0 fnt
|-unboost|p2a: Buzzwole|def|1
|-unboost|p2a: Buzzwole|spd|1
|faint|p1a: Blissey
|-ability|p2a: Buzzwole|Beast Boost|boost
|-boost|p2a: Buzzwole|atk|1
|
|upkeep
|
|t:|1660419567
|switch|p1a: Blacephalon|Blacephalon|100/100
|-damage|p1a: Blacephalon|76/100|[from] Stealth Rock
|turn|55
|
|t:|1660419573
|switch|p2a: Blissey|Blissey, F|73/100
|move|p1a: Blacephalon|Psyshock|p2a: Blissey
|-damage|p2a: Blissey|31/100
|
|upkeep
|turn|56
|
|t:|1660419580
|switch|p2a: Corviknight|Corviknight, F|100/100
|-ability|p2a: Corviknight|Pressure
|move|p1a: Blacephalon|Psyshock|p2a: Corviknight
|-resisted|p2a: Corviknight
|-damage|p2a: Corviknight|85/100
|
|-heal|p2a: Corviknight|91/100|[from] item: Leftovers
|upkeep
|turn|57
|
|t:|1660419587
|switch|p1a: Corviknight|Corviknight, F|57/100
|-damage|p1a: Corviknight|44/100|[from] Stealth Rock
|-ability|p1a: Corviknight|Pressure
|switch|p2a: Blissey|Blissey, F|31/100
|
|upkeep
|turn|58
|
|t:|1660419593
|switch|p2a: Corviknight|Corviknight, F|91/100
|-ability|p2a: Corviknight|Pressure
|move|p1a: Corviknight|Brave Bird|p2a: Corviknight
|-resisted|p2a: Corviknight
|-damage|p2a: Corviknight|79/100
|-damage|p1a: Corviknight|40/100|[from] Recoil
|
|-heal|p2a: Corviknight|85/100|[from] item: Leftovers
|upkeep
|turn|59
|
|t:|1660419600
|move|p2a: Corviknight|Body Press|p1a: Corviknight
|-damage|p1a: Corviknight|25/100
|-damage|p2a: Corviknight|68/100|[from] item: Rocky Helmet|[of] p1a: Corviknight
|move|p1a: Corviknight|Roost|p1a: Corviknight
|-heal|p1a: Corviknight|75/100
|-singleturn|p1a: Corviknight|move: Roost
|
|-heal|p2a: Corviknight|75/100|[from] item: Leftovers
|upkeep
|turn|60
|
|t:|1660419608
|move|p2a: Corviknight|Iron Defense|p2a: Corviknight
|-boost|p2a: Corviknight|def|2
|move|p1a: Corviknight|Defog|p2a: Corviknight
|-unboost|p2a: Corviknight|evasion|1
|-sideend|p1: Lezizieny2|Stealth Rock|[from] move: Defog|[of] p1a: Corviknight
|
|-heal|p2a: Corviknight|81/100|[from] item: Leftovers
|upkeep
|turn|61
|
|t:|1660419624
|move|p1a: Corviknight|U-turn|p2a: Corviknight
|-resisted|p2a: Corviknight
|-damage|p2a: Corviknight|80/100
|
|t:|1660419626
|switch|p1a: Blacephalon|Blacephalon|76/100|[from]move: U-turn
|move|p2a: Corviknight|Body Press|p1a: Blacephalon
|-immune|p1a: Blacephalon
|
|-heal|p2a: Corviknight|86/100|[from] item: Leftovers
|upkeep
|turn|62
|
|t:|1660419632
|switch|p2a: Gastrodon|Gastrodon-East, M|100/100
|move|p1a: Blacephalon|Psyshock|p2a: Gastrodon
|-crit|p2a: Gastrodon
|-damage|p2a: Gastrodon|22/100
|
|-heal|p2a: Gastrodon|28/100|[from] item: Leftovers
|upkeep
|turn|63
|
|t:|1660419643
|switch|p1a: Swampert|Swampert, M|100/100
|switch|p2a: Corviknight|Corviknight, F|86/100
|-ability|p2a: Corviknight|Pressure
|
|-heal|p2a: Corviknight|92/100|[from] item: Leftovers
|upkeep
|turn|64
|
|t:|1660419648
|move|p2a: Corviknight|Iron Defense|p2a: Corviknight
|-boost|p2a: Corviknight|def|2
|move|p1a: Swampert|Flip Turn|p2a: Corviknight
|-damage|p2a: Corviknight|85/100
|
|t:|1660419654
|switch|p1a: Blacephalon|Blacephalon|76/100|[from]move: Flip Turn
|
|-heal|p2a: Corviknight|91/100|[from] item: Leftovers
|upkeep
|turn|65
|
|t:|1660419668
|switch|p2a: Gastrodon|Gastrodon-East, M|28/100
|move|p1a: Blacephalon|Overheat|p2a: Gastrodon
|-resisted|p2a: Gastrodon
|-damage|p2a: Gastrodon|0 fnt
|-unboost|p1a: Blacephalon|spa|2
|faint|p2a: Gastrodon
|-ability|p1a: Blacephalon|Beast Boost|boost
|-boost|p1a: Blacephalon|spa|1
|
|upkeep
|
|t:|1660419676
|switch|p2a: Blissey|Blissey, F|31/100
|turn|66
|
|t:|1660419681
|switch|p1a: Gardevoir|Gardevoir, M|98/100 brn
|-ability|p1a: Gardevoir|Natural Cure|[from] ability: Trace|[of] p2a: Blissey
|move|p2a: Blissey|Soft-Boiled|p2a: Blissey
|-heal|p2a: Blissey|81/100
|
|-damage|p1a: Gardevoir|92/100 brn|[from] brn
|upkeep
|turn|67
|
|t:|1660419691
|-curestatus|p1a: Gardevoir|brn|[from] ability: Natural Cure
|switch|p1a: Corviknight|Corviknight, F|75/100
|-ability|p1a: Corviknight|Pressure
|move|p2a: Blissey|Stealth Rock|p1a: Corviknight
|-sidestart|p1: Lezizieny2|move: Stealth Rock
|
|upkeep
|turn|68
|
|t:|1660419697
|switch|p2a: Corviknight|Corviknight, F|91/100
|-ability|p2a: Corviknight|Pressure
|move|p1a: Corviknight|Defog|p2a: Corviknight
|-unboost|p2a: Corviknight|evasion|1
|-sideend|p1: Lezizieny2|Stealth Rock|[from] move: Defog|[of] p1a: Corviknight
|
|-heal|p2a: Corviknight|97/100|[from] item: Leftovers
|upkeep
|turn|69
|
|t:|1660419703
|switch|p2a: Blissey|Blissey, F|81/100
|move|p1a: Corviknight|U-turn|p2a: Blissey
|-damage|p2a: Blissey|68/100
|
|t:|1660419713
|switch|p1a: Lurantis|Lurantis, F|44/100|[from]move: U-turn
|
|upkeep
|turn|70
|
|t:|1660419718
|switch|p2a: Clefable|Clefable, M|71/100
|move|p1a: Lurantis|Knock Off|p2a: Clefable
|-resisted|p2a: Clefable
|-damage|p2a: Clefable|65/100
|
|upkeep
|turn|71
|
|t:|1660419726
|switch|p1a: Corviknight|Corviknight, F|75/100
|-ability|p1a: Corviknight|Pressure
|move|p2a: Clefable|Wish|p2a: Clefable
|
|upkeep
|turn|72
|
|t:|1660419732
|move|p2a: Clefable|Protect|p2a: Clefable
|-singleturn|p2a: Clefable|Protect
|move|p1a: Corviknight|Brave Bird|p2a: Clefable
|-activate|p2a: Clefable|move: Protect
|
|-heal|p2a: Clefable|100/100|[from] move: Wish|[wisher] Clefable
|upkeep
|turn|73
|
|t:|1660419741
|switch|p2a: Toxapex|Toxapex, M|100/100
|move|p1a: Corviknight|U-turn|p2a: Toxapex
|-resisted|p2a: Toxapex
|-damage|p2a: Toxapex|96/100
|
|t:|1660419749
|switch|p1a: Swampert|Swampert, M|100/100|[from]move: U-turn
|
|upkeep
|turn|74
|
|t:|1660419753
|move|p1a: Swampert|Earthquake|p2a: Toxapex
|-supereffective|p2a: Toxapex
|-damage|p2a: Toxapex|48/100
|move|p2a: Toxapex|Knock Off|p1a: Swampert
|-damage|p1a: Swampert|91/100
|-enditem|p1a: Swampert|Assault Vest|[from] move: Knock Off|[of] p2a: Toxapex
|
|upkeep
|turn|75
|
|t:|1660419765
|switch|p2a: Corviknight|Corviknight, F|97/100
|-ability|p2a: Corviknight|Pressure
|move|p1a: Swampert|Flip Turn|p2a: Corviknight
|-damage|p2a: Corviknight|83/100
|
|t:|1660419772
|switch|p1a: Blacephalon|Blacephalon|76/100|[from]move: Flip Turn
|
|-heal|p2a: Corviknight|89/100|[from] item: Leftovers
|upkeep
|turn|76
|
|t:|1660419780
|switch|p2a: Blissey|Blissey, F|68/100
|move|p1a: Blacephalon|Psyshock|p2a: Blissey
|-damage|p2a: Blissey|27/100
|
|upkeep
|turn|77
|
|t:|1660419788
|switch|p1a: Swampert|Swampert, M|91/100
|switch|p2a: Corviknight|Corviknight, F|89/100
|-ability|p2a: Corviknight|Pressure
|
|-heal|p2a: Corviknight|95/100|[from] item: Leftovers
|upkeep
|turn|78
|
|t:|1660419792
|move|p2a: Corviknight|Iron Defense|p2a: Corviknight
|-boost|p2a: Corviknight|def|2
|move|p1a: Swampert|Flip Turn|p2a: Corviknight
|-damage|p2a: Corviknight|87/100
|
|t:|1660419795
|switch|p1a: Blacephalon|Blacephalon|76/100|[from]move: Flip Turn
|
|-heal|p2a: Corviknight|94/100|[from] item: Leftovers
|upkeep
|turn|79
|
|t:|1660419811
|switch|p2a: Clefable|Clefable, M|100/100
|move|p1a: Blacephalon|Shadow Ball|p2a: Clefable
|-damage|p2a: Clefable|44/100
|
|upkeep
|turn|80
|
|t:|1660419818
|switch|p1a: Swampert|Swampert, M|91/100
|switch|p2a: Blissey|Blissey, F|27/100
|
|upkeep
|turn|81
|
|t:|1660419824
|switch|p2a: Corviknight|Corviknight, F|94/100
|-ability|p2a: Corviknight|Pressure
|move|p1a: Swampert|Earthquake|p2a: Corviknight
|-immune|p2a: Corviknight
|
|-heal|p2a: Corviknight|99/100|[from] item: Leftovers
|upkeep
|turn|82
|
|t:|1660419834
|switch|p2a: Toxapex|Toxapex, M|81/100
|move|p1a: Swampert|Flip Turn|p2a: Toxapex
|-resisted|p2a: Toxapex
|-crit|p2a: Toxapex
|-damage|p2a: Toxapex|71/100
|
|t:|1660419840
|switch|p1a: Blacephalon|Blacephalon|76/100|[from]move: Flip Turn
|
|upkeep
|turn|83
|
|t:|1660419851
|switch|p1a: Gardevoir|Gardevoir, M|92/100
|-ability|p1a: Gardevoir|Regenerator|[from] ability: Trace|[of] p2a: Toxapex
|move|p2a: Toxapex|Recover|p2a: Toxapex
|-heal|p2a: Toxapex|100/100
|
|upkeep
|turn|84
|
|t:|1660419858
|switch|p2a: Clefable|Clefable, M|44/100
|move|p1a: Gardevoir|Psychic|p2a: Clefable
|-damage|p2a: Clefable|7/100
|
|upkeep
|turn|85
|
|t:|1660419864
|move|p1a: Gardevoir|Psychic|p2a: Clefable
|-damage|p2a: Clefable|0 fnt
|faint|p2a: Clefable
|
|upkeep
|
|t:|1660419869
|switch|p2a: Blissey|Blissey, F|27/100
|turn|86
|
|t:|1660419878
|switch|p1a: Swampert|Swampert, M|91/100
|move|p2a: Blissey|Soft-Boiled|p2a: Blissey
|-heal|p2a: Blissey|77/100
|
|upkeep
|turn|87
|
|t:|1660419885
|move|p1a: Swampert|Flip Turn|p2a: Blissey
|-damage|p2a: Blissey|59/100
|
|t:|1660419888
|switch|p1a: Corviknight|Corviknight, F|75/100|[from]move: Flip Turn
|-ability|p1a: Corviknight|Pressure
|move|p2a: Blissey|Stealth Rock|p1a: Corviknight
|-sidestart|p1: Lezizieny2|move: Stealth Rock
|
|upkeep
|turn|88
|
|t:|1660419893
|move|p1a: Corviknight|Defog|p2a: Blissey
|-unboost|p2a: Blissey|evasion|1
|-sideend|p1: Lezizieny2|Stealth Rock|[from] move: Defog|[of] p1a: Corviknight
|move|p2a: Blissey|Soft-Boiled|p2a: Blissey
|-heal|p2a: Blissey|100/100
|
|upkeep
|turn|89
|
|t:|1660419896
|switch|p2a: Corviknight|Corviknight, F|99/100
|-ability|p2a: Corviknight|Pressure
|move|p1a: Corviknight|Brave Bird|p2a: Corviknight
|-resisted|p2a: Corviknight
|-damage|p2a: Corviknight|88/100
|-damage|p1a: Corviknight|71/100|[from] Recoil
|
|-heal|p2a: Corviknight|95/100|[from] item: Leftovers
|upkeep
|turn|90
|
|t:|1660419904
|switch|p2a: Toxapex|Toxapex, M|100/100
|move|p1a: Corviknight|U-turn|p2a: Toxapex
|-resisted|p2a: Toxapex
|-damage|p2a: Toxapex|96/100
|
|t:|1660419914
|switch|p1a: Lurantis|Lurantis, F|44/100|[from]move: U-turn
|
|upkeep
|turn|91
|inactive|Cowsrule247 has 120 seconds left.
|
|t:|1660419962
|move|p1a: Lurantis|Leaf Storm|p2a: Toxapex
|-crit|p2a: Toxapex
|-damage|p2a: Toxapex|50/100
|-boost|p1a: Lurantis|spa|2
|move|p2a: Toxapex|Haze|p2a: Toxapex
|-clearallboost
|
|upkeep
|turn|92
|
|t:|1660419975
|switch|p2a: Buzzwole|Buzzwole|77/100
|move|p1a: Lurantis|Leaf Storm|p2a: Buzzwole
|-resisted|p2a: Buzzwole
|-damage|p2a: Buzzwole|53/100
|-boost|p1a: Lurantis|spa|2
|
|upkeep
|turn|93
|
|t:|1660419989
|move|p1a: Lurantis|Leaf Storm|p2a: Buzzwole
|-resisted|p2a: Buzzwole
|-damage|p2a: Buzzwole|7/100
|-boost|p1a: Lurantis|spa|2
|move|p2a: Buzzwole|Leech Life|p1a: Lurantis
|-supereffective|p1a: Lurantis
|-damage|p1a: Lurantis|0 fnt
|-heal|p2a: Buzzwole|25/100|[from] drain|[of] p1a: Lurantis
|faint|p1a: Lurantis
|-ability|p2a: Buzzwole|Beast Boost|boost
|-boost|p2a: Buzzwole|atk|1
|
|upkeep
|
|t:|1660419994
|switch|p1a: Corviknight|Corviknight, F|71/100
|-ability|p1a: Corviknight|Pressure
|turn|94
|
|t:|1660420000
|switch|p2a: Corviknight|Corviknight, F|95/100
|-ability|p2a: Corviknight|Pressure
|move|p1a: Corviknight|U-turn|p2a: Corviknight
|-resisted|p2a: Corviknight
|-damage|p2a: Corviknight|92/100
|
|t:|1660420003
|switch|p1a: Blacephalon|Blacephalon|76/100|[from]move: U-turn
|
|-heal|p2a: Corviknight|99/100|[from] item: Leftovers
|upkeep
|turn|95
|inactive|Cowsrule247 has 120 seconds left.
|
|t:|1660420009
|switch|p2a: Toxapex|Toxapex, M|83/100
|move|p1a: Blacephalon|Flamethrower|p2a: Toxapex
|-resisted|p2a: Toxapex
|-damage|p2a: Toxapex|50/100
|
|upkeep
|turn|96
|inactive|Cowsrule247 has 120 seconds left.
|
|t:|1660420020
|switch|p1a: Gardevoir|Gardevoir, M|100/100
|-ability|p1a: Gardevoir|Regenerator|[from] ability: Trace|[of] p2a: Toxapex
|switch|p2a: Blissey|Blissey, F|100/100
|
|upkeep
|turn|97
|
|t:|1660420029
|switch|p1a: Corviknight|Corviknight, F|71/100
|-ability|p1a: Corviknight|Pressure
|move|p2a: Blissey|Stealth Rock|p1a: Corviknight
|-sidestart|p1: Lezizieny2|move: Stealth Rock
|
|upkeep
|turn|98
|
|t:|1660420033
|switch|p2a: Corviknight|Corviknight, F|99/100
|-ability|p2a: Corviknight|Pressure
|move|p1a: Corviknight|Defog|p2a: Corviknight
|-unboost|p2a: Corviknight|evasion|1
|-sideend|p1: Lezizieny2|Stealth Rock|[from] move: Defog|[of] p1a: Corviknight
|
|-heal|p2a: Corviknight|100/100|[from] item: Leftovers
|upkeep
|turn|99
|
|t:|1660420040
|switch|p2a: Toxapex|Toxapex, M|83/100
|move|p1a: Corviknight|U-turn|p2a: Toxapex
|-resisted|p2a: Toxapex
|-damage|p2a: Toxapex|78/100
|
|t:|1660420048
|switch|p1a: Swampert|Swampert, M|91/100|[from]move: U-turn
|
|upkeep
|turn|100
|
|t:|1660420054
|switch|p2a: Corviknight|Corviknight, F|100/100
|-ability|p2a: Corviknight|Pressure
|move|p1a: Swampert|Earthquake|p2a: Corviknight
|-immune|p2a: Corviknight
|
|upkeep
|turn|101
|
|t:|1660420061
|switch|p2a: Toxapex|Toxapex, M|100/100
|move|p1a: Swampert|Flip Turn|p2a: Toxapex
|-resisted|p2a: Toxapex
|-damage|p2a: Toxapex|94/100
|
|t:|1660420065
|switch|p1a: Blacephalon|Blacephalon|76/100|[from]move: Flip Turn
|
|upkeep
|turn|102
|
|t:|1660420076
|switch|p1a: Gardevoir|Gardevoir, M|100/100
|-ability|p1a: Gardevoir|Regenerator|[from] ability: Trace|[of] p2a: Toxapex
|move|p2a: Toxapex|Scald|p1a: Gardevoir
|-damage|p1a: Gardevoir|83/100
|
|upkeep
|turn|103
|
|t:|1660420086
|switch|p2a: Blissey|Blissey, F|100/100
|move|p1a: Gardevoir|Focus Blast|p2a: Blissey
|-supereffective|p2a: Blissey
|-damage|p2a: Blissey|72/100
|
|upkeep
|turn|104
|
|t:|1660420092
|move|p1a: Gardevoir|Focus Blast|p2a: Blissey|[miss]
|-miss|p1a: Gardevoir|p2a: Blissey
|move|p2a: Blissey|Stealth Rock|p1a: Gardevoir
|-sidestart|p1: Lezizieny2|move: Stealth Rock
|
|upkeep
|turn|105
|
|t:|1660420100
|move|p1a: Gardevoir|Focus Blast|p2a: Blissey|[miss]
|-miss|p1a: Gardevoir|p2a: Blissey
|move|p2a: Blissey|Soft-Boiled|p2a: Blissey
|-heal|p2a: Blissey|100/100
|
|upkeep
|turn|106
|
|t:|1660420105
|switch|p1a: Corviknight|Corviknight, F|71/100
|-damage|p1a: Corviknight|59/100|[from] Stealth Rock
|-ability|p1a: Corviknight|Pressure
|move|p2a: Blissey|Seismic Toss|p1a: Corviknight
|-damage|p1a: Corviknight|34/100
|-damage|p2a: Blissey|84/100|[from] item: Rocky Helmet|[of] p1a: Corviknight
|
|upkeep
|turn|107
|
|t:|1660420118
|move|p1a: Corviknight|Roost|p1a: Corviknight
|-heal|p1a: Corviknight|84/100
|-singleturn|p1a: Corviknight|move: Roost
|move|p2a: Blissey|Seismic Toss|p1a: Corviknight
|-damage|p1a: Corviknight|59/100
|-damage|p2a: Blissey|67/100|[from] item: Rocky Helmet|[of] p1a: Corviknight
|
|upkeep
|turn|108
|
|t:|1660420126
|move|p1a: Corviknight|Brave Bird|p2a: Blissey
|-damage|p2a: Blissey|36/100
|-damage|p1a: Corviknight|40/100|[from] Recoil
|move|p2a: Blissey|Soft-Boiled|p2a: Blissey
|-heal|p2a: Blissey|86/100
|
|upkeep
|turn|109
|
|t:|1660420134
|switch|p2a: Toxapex|Toxapex, M|100/100
|move|p1a: Corviknight|Roost|p1a: Corviknight
|-heal|p1a: Corviknight|90/100
|-singleturn|p1a: Corviknight|move: Roost
|
|upkeep
|turn|110
|
|t:|1660420140
|switch|p1a: Gardevoir|Gardevoir, M|100/100
|-damage|p1a: Gardevoir|88/100|[from] Stealth Rock
|-ability|p1a: Gardevoir|Regenerator|[from] ability: Trace|[of] p2a: Toxapex
|move|p2a: Toxapex|Knock Off|p1a: Gardevoir
|-damage|p1a: Gardevoir|64/100
|-enditem|p1a: Gardevoir|Choice Scarf|[from] move: Knock Off|[of] p2a: Toxapex
|
|upkeep
|turn|111
|
|t:|1660420155
|switch|p1a: Corviknight|Corviknight, F|90/100
|-damage|p1a: Corviknight|78/100|[from] Stealth Rock
|-ability|p1a: Corviknight|Pressure
|switch|p2a: Blissey|Blissey, F|86/100
|
|upkeep
|turn|112
|
|t:|1660420166
|switch|p2a: Corviknight|Corviknight, F|100/100
|-ability|p2a: Corviknight|Pressure
|move|p1a: Corviknight|Defog|p2a: Corviknight
|-unboost|p2a: Corviknight|evasion|1
|-sideend|p1: Lezizieny2|Stealth Rock|[from] move: Defog|[of] p1a: Corviknight
|
|upkeep
|turn|113
|c|☆Lezizieny2|Play faster
|inactive|Cowsrule247 has 120 seconds left.
|
|t:|1660420190
|switch|p2a: Toxapex|Toxapex, M|100/100
|move|p1a: Corviknight|U-turn|p2a: Toxapex
|-resisted|p2a: Toxapex
|-damage|p2a: Toxapex|96/100
|c|☆Lezizieny2|Its boring
|
|t:|1660420196
|switch|p1a: Swampert|Swampert, M|91/100|[from]move: U-turn
|
|upkeep
|turn|114
|inactive|Cowsrule247 has 120 seconds left.
|
|t:|1660420207
|switch|p2a: Corviknight|Corviknight, F|100/100
|-ability|p2a: Corviknight|Pressure
|move|p1a: Swampert|Flip Turn|p2a: Corviknight
|-damage|p2a: Corviknight|86/100
|
|t:|1660420211
|switch|p1a: Blacephalon|Blacephalon|76/100|[from]move: Flip Turn
|
|-heal|p2a: Corviknight|92/100|[from] item: Leftovers
|upkeep
|turn|115
|inactive|Cowsrule247 has 120 seconds left.
|
|t:|1660420227
|switch|p2a: Toxapex|Toxapex, M|100/100
|move|p1a: Blacephalon|Shadow Ball|p2a: Toxapex
|-damage|p2a: Toxapex|40/100
|
|upkeep
|turn|116
|
|t:|1660420234
|switch|p1a: Swampert|Swampert, M|91/100
|switch|p2a: Blissey|Blissey, F|86/100
|
|upkeep
|turn|117
|
|t:|1660420247
|switch|p2a: Toxapex|Toxapex, M|73/100
|move|p1a: Swampert|Flip Turn|p2a: Toxapex
|-resisted|p2a: Toxapex
|-damage|p2a: Toxapex|66/100
|
|t:|1660420254
|switch|p1a: Gardevoir|Gardevoir, M|97/100|[from]move: Flip Turn
|-ability|p1a: Gardevoir|Regenerator|[from] ability: Trace|[of] p2a: Toxapex
|
|upkeep
|turn|118
|
|t:|1660420271
|switch|p1a: Blacephalon|Blacephalon|76/100
|switch|p2a: Blissey|Blissey, F|86/100
|
|upkeep
|turn|119
|
|t:|1660420277
|switch|p1a: Corviknight|Corviknight, F|78/100
|-ability|p1a: Corviknight|Pressure
|switch|p2a: Toxapex|Toxapex, M|99/100
|
|upkeep
|turn|120
|
|t:|1660420288
|switch|p1a: Gardevoir|Gardevoir, M|100/100
|-ability|p1a: Gardevoir|Regenerator|[from] ability: Trace|[of] p2a: Toxapex
|switch|p2a: Corviknight|Corviknight, F|92/100
|-ability|p2a: Corviknight|Pressure
|
|-heal|p2a: Corviknight|98/100|[from] item: Leftovers
|upkeep
|turn|121
|
|t:|1660420295
|switch|p1a: Corviknight|Corviknight, F|78/100
|-ability|p1a: Corviknight|Pressure
|switch|p2a: Blissey|Blissey, F|86/100
|
|upkeep
|turn|122
|
|t:|1660420307
|switch|p1a: Gardevoir|Gardevoir, M|100/100
|-ability|p1a: Gardevoir|Natural Cure|[from] ability: Trace|[of] p2a: Blissey
|switch|p2a: Corviknight|Corviknight, F|98/100
|-ability|p2a: Corviknight|Pressure
|
|-heal|p2a: Corviknight|100/100|[from] item: Leftovers
|upkeep
|turn|123
|
|t:|1660420316
|switch|p2a: Blissey|Blissey, F|86/100
|move|p1a: Gardevoir|Energy Ball|p2a: Blissey
|-damage|p2a: Blissey|75/100
|
|upkeep
|turn|124
|
|t:|1660420320
|move|p1a: Gardevoir|Energy Ball|p2a: Blissey
|-damage|p2a: Blissey|63/100
|move|p2a: Blissey|Stealth Rock|p1a: Gardevoir
|-sidestart|p1: Lezizieny2|move: Stealth Rock
|
|upkeep
|turn|125
|
|t:|1660420324
|move|p1a: Gardevoir|Energy Ball|p2a: Blissey
|-damage|p2a: Blissey|52/100
|move|p2a: Blissey|Soft-Boiled|p2a: Blissey
|-heal|p2a: Blissey|100/100
|
|upkeep
|turn|126
|
|t:|1660420329
|move|p1a: Gardevoir|Energy Ball|p2a: Blissey
|-damage|p2a: Blissey|89/100
|move|p2a: Blissey|Toxic|p1a: Gardevoir
|-status|p1a: Gardevoir|tox
|
|-damage|p1a: Gardevoir|94/100 tox|[from] psn
|upkeep
|turn|127
|inactive|Cowsrule247 has 120 seconds left.
|
|t:|1660420339
|-curestatus|p1a: Gardevoir|tox|[from] ability: Natural Cure
|switch|p1a: Corviknight|Corviknight, F|78/100
|-damage|p1a: Corviknight|66/100|[from] Stealth Rock
|-ability|p1a: Corviknight|Pressure
|move|p2a: Blissey|Seismic Toss|p1a: Corviknight
|-damage|p1a: Corviknight|41/100
|-damage|p2a: Blissey|72/100|[from] item: Rocky Helmet|[of] p1a: Corviknight
|
|upkeep
|turn|128
|inactive|Cowsrule247 has 120 seconds left.
|
|t:|1660420345
|move|p1a: Corviknight|Roost|p1a: Corviknight
|-heal|p1a: Corviknight|91/100
|-singleturn|p1a: Corviknight|move: Roost
|move|p2a: Blissey|Seismic Toss|p1a: Corviknight
|-damage|p1a: Corviknight|66/100
|-damage|p2a: Blissey|55/100|[from] item: Rocky Helmet|[of] p1a: Corviknight
|
|upkeep
|turn|129
|
|t:|1660420348
|move|p1a: Corviknight|Brave Bird|p2a: Blissey
|-damage|p2a: Blissey|22/100
|-damage|p1a: Corviknight|46/100|[from] Recoil
|move|p2a: Blissey|Soft-Boiled|p2a: Blissey
|-heal|p2a: Blissey|72/100
|
|upkeep
|turn|130
|
|t:|1660420359
|switch|p2a: Corviknight|Corviknight, F|100/100
|-ability|p2a: Corviknight|Pressure
|move|p1a: Corviknight|Roost|p1a: Corviknight
|-heal|p1a: Corviknight|96/100
|-singleturn|p1a: Corviknight|move: Roost
|
|upkeep
|turn|131
|inactive|Cowsrule247 has 120 seconds left.
|
|t:|1660420377
|move|p2a: Corviknight|Iron Defense|p2a: Corviknight
|-boost|p2a: Corviknight|def|2
|move|p1a: Corviknight|Defog|p2a: Corviknight
|-unboost|p2a: Corviknight|evasion|1
|-sideend|p1: Lezizieny2|Stealth Rock|[from] move: Defog|[of] p1a: Corviknight
|
|upkeep
|turn|132
|
|t:|1660420383
|switch|p2a: Toxapex|Toxapex, M|100/100
|move|p1a: Corviknight|U-turn|p2a: Toxapex
|-resisted|p2a: Toxapex
|-damage|p2a: Toxapex|97/100
|
|t:|1660420389
|switch|p1a: Swampert|Swampert, M|91/100|[from]move: U-turn
|
|upkeep
|turn|133
|
|t:|1660420397
|switch|p2a: Corviknight|Corviknight, F|100/100
|-ability|p2a: Corviknight|Pressure
|move|p1a: Swampert|Earthquake|p2a: Corviknight
|-immune|p2a: Corviknight
|
|upkeep
|turn|134
|inactive|Cowsrule247 has 120 seconds left.
|
|t:|1660420424
|switch|p2a: Toxapex|Toxapex, M|100/100
|move|p1a: Swampert|Flip Turn|p2a: Toxapex
|-resisted|p2a: Toxapex
|-damage|p2a: Toxapex|94/100
|
|t:|1660420434
|switch|p1a: Blacephalon|Blacephalon|76/100|[from]move: Flip Turn
|
|upkeep
|turn|135
|
|t:|1660420442
|switch|p1a: Gardevoir|Gardevoir, M|94/100
|-ability|p1a: Gardevoir|Regenerator|[from] ability: Trace|[of] p2a: Toxapex
|move|p2a: Toxapex|Scald|p1a: Gardevoir
|-damage|p1a: Gardevoir|76/100
|
|upkeep
|turn|136
|
|t:|1660420454
|switch|p2a: Blissey|Blissey, F|72/100
|move|p1a: Gardevoir|Focus Blast|p2a: Blissey
|-supereffective|p2a: Blissey
|-damage|p2a: Blissey|44/100
|
|upkeep
|turn|137
|
|t:|1660420464
|switch|p1a: Corviknight|Corviknight, F|96/100
|-ability|p1a: Corviknight|Pressure
|move|p2a: Blissey|Soft-Boiled|p2a: Blissey
|-heal|p2a: Blissey|94/100
|
|upkeep
|turn|138
|
|t:|1660420483
|switch|p2a: Corviknight|Corviknight, F|100/100
|-ability|p2a: Corviknight|Pressure
|move|p1a: Corviknight|U-turn|p2a: Corviknight
|-resisted|p2a: Corviknight
|-damage|p2a: Corviknight|98/100
|
|t:|1660420486
|switch|p1a: Blacephalon|Blacephalon|76/100|[from]move: U-turn
|
|-heal|p2a: Corviknight|100/100|[from] item: Leftovers
|upkeep
|turn|139
|
|t:|1660420496
|switch|p2a: Toxapex|Toxapex, M|100/100
|move|p1a: Blacephalon|Psyshock|p2a: Toxapex
|-supereffective|p2a: Toxapex
|-damage|p2a: Toxapex|46/100
|
|upkeep
|turn|140
|
|t:|1660420506
|switch|p1a: Gardevoir|Gardevoir, M|100/100
|-ability|p1a: Gardevoir|Regenerator|[from] ability: Trace|[of] p2a: Toxapex
|switch|p2a: Corviknight|Corviknight, F|100/100
|-ability|p2a: Corviknight|Pressure
|
|upkeep
|turn|141
|
|t:|1660420514
|switch|p2a: Blissey|Blissey, F|94/100
|move|p1a: Gardevoir|Moonblast|p2a: Blissey
|-damage|p2a: Blissey|76/100
|
|upkeep
|turn|142
|
|t:|1660420521
|move|p1a: Gardevoir|Moonblast|p2a: Blissey
|-damage|p2a: Blissey|57/100
|move|p2a: Blissey|Stealth Rock|p1a: Gardevoir
|-sidestart|p1: Lezizieny2|move: Stealth Rock
|
|upkeep
|turn|143
|
|t:|1660420526
|move|p1a: Gardevoir|Moonblast|p2a: Blissey
|-damage|p2a: Blissey|40/100
|move|p2a: Blissey|Soft-Boiled|p2a: Blissey
|-heal|p2a: Blissey|90/100
|
|upkeep
|turn|144
|inactive|Cowsrule247 has 120 seconds left.
|c|☆Lezizieny2|Play faster
|c|☆Lezizieny2|FASTER
|
|t:|1660420562
|switch|p2a: Toxapex|Toxapex, M|79/100
|move|p1a: Gardevoir|Moonblast|p2a: Toxapex
|-resisted|p2a: Toxapex
|-damage|p2a: Toxapex|60/100
|
|upkeep
|turn|145
|
|t:|1660420572
|switch|p1a: Corviknight|Corviknight, F|96/100
|-damage|p1a: Corviknight|84/100|[from] Stealth Rock
|-ability|p1a: Corviknight|Pressure
|switch|p2a: Corviknight|Corviknight, F|100/100
|-ability|p2a: Corviknight|Pressure
|
|upkeep
|turn|146
|
|t:|1660420575
|move|p1a: Corviknight|Defog|p2a: Corviknight
|-unboost|p2a: Corviknight|evasion|1
|-sideend|p1: Lezizieny2|Stealth Rock|[from] move: Defog|[of] p1a: Corviknight
|move|p2a: Corviknight|Iron Defense|p2a: Corviknight
|-boost|p2a: Corviknight|def|2
|
|upkeep
|turn|147
|
|t:|1660420582
|switch|p2a: Blissey|Blissey, F|90/100
|move|p1a: Corviknight|U-turn|p2a: Blissey
|-damage|p2a: Blissey|78/100
|
|t:|1660420591
|switch|p1a: Swampert|Swampert, M|91/100|[from]move: U-turn
|
|upkeep
|turn|148
|
|t:|1660420594
|switch|p2a: Corviknight|Corviknight, F|100/100
|-ability|p2a: Corviknight|Pressure
|move|p1a: Swampert|Flip Turn|p2a: Corviknight
|-damage|p2a: Corviknight|87/100
|
|t:|1660420597
|switch|p1a: Blacephalon|Blacephalon|76/100|[from]move: Flip Turn
|
|-heal|p2a: Corviknight|94/100|[from] item: Leftovers
|upkeep
|turn|149
|
|t:|1660420607
|switch|p2a: Toxapex|Toxapex, M|94/100
|move|p1a: Blacephalon|Flamethrower|p2a: Toxapex
|-resisted|p2a: Toxapex
|-damage|p2a: Toxapex|62/100
|
|upkeep
|turn|150
|
|t:|1660420616
|switch|p1a: Gardevoir|Gardevoir, M|100/100
|-ability|p1a: Gardevoir|Regenerator|[from] ability: Trace|[of] p2a: Toxapex
|move|p2a: Toxapex|Scald|p1a: Gardevoir
|-damage|p1a: Gardevoir|83/100
|-status|p1a: Gardevoir|brn
|
|-damage|p1a: Gardevoir|77/100 brn|[from] brn
|upkeep
|turn|151
|
|t:|1660420630
|switch|p2a: Blissey|Blissey, F|78/100
|move|p1a: Gardevoir|Psychic|p2a: Blissey
|-damage|p2a: Blissey|62/100
|
|-damage|p1a: Gardevoir|71/100 brn|[from] brn
|upkeep
|turn|152
|
|t:|1660420634
|switch|p1a: Corviknight|Corviknight, F|84/100
|-ability|p1a: Corviknight|Pressure
|move|p2a: Blissey|Stealth Rock|p1a: Corviknight
|-sidestart|p1: Lezizieny2|move: Stealth Rock
|
|upkeep
|turn|153
|
|t:|1660420644
|switch|p2a: Corviknight|Corviknight, F|94/100
|-ability|p2a: Corviknight|Pressure
|move|p1a: Corviknight|Defog|p2a: Corviknight
|-unboost|p2a: Corviknight|evasion|1
|-sideend|p1: Lezizieny2|Stealth Rock|[from] move: Defog|[of] p1a: Corviknight
|
|-heal|p2a: Corviknight|99/100|[from] item: Leftovers
|upkeep
|turn|154
|
|t:|1660420654
|switch|p2a: Toxapex|Toxapex, M|95/100
|move|p1a: Corviknight|U-turn|p2a: Toxapex
|-resisted|p2a: Toxapex
|-damage|p2a: Toxapex|91/100
|
|t:|1660420658
|switch|p1a: Swampert|Swampert, M|91/100|[from]move: U-turn
|
|upkeep
|turn|155
|
|t:|1660420661
|switch|p2a: Corviknight|Corviknight, F|99/100
|-ability|p2a: Corviknight|Pressure
|move|p1a: Swampert|Flip Turn|p2a: Corviknight
|-damage|p2a: Corviknight|86/100
|
|t:|1660420664
|switch|p1a: Blacephalon|Blacephalon|76/100|[from]move: Flip Turn
|
|-heal|p2a: Corviknight|93/100|[from] item: Leftovers
|upkeep
|turn|156
|
|t:|1660420668
|switch|p2a: Toxapex|Toxapex, M|100/100
|move|p1a: Blacephalon|Psyshock|p2a: Toxapex
|-supereffective|p2a: Toxapex
|-damage|p2a: Toxapex|39/100
|
|upkeep
|turn|157
|
|t:|1660420678
|switch|p1a: Swampert|Swampert, M|91/100
|switch|p2a: Corviknight|Corviknight, F|93/100
|-ability|p2a: Corviknight|Pressure
|
|-heal|p2a: Corviknight|99/100|[from] item: Leftovers
|upkeep
|turn|158
|
|t:|1660420689
|move|p2a: Corviknight|Iron Defense|p2a: Corviknight
|-boost|p2a: Corviknight|def|2
|move|p1a: Swampert|Ice Punch|p2a: Corviknight
|-damage|p2a: Corviknight|93/100
|
|-heal|p2a: Corviknight|99/100|[from] item: Leftovers
|upkeep
|turn|159
|
|t:|1660420697
|switch|p2a: Toxapex|Toxapex, M|73/100
|move|p1a: Swampert|Flip Turn|p2a: Toxapex
|-resisted|p2a: Toxapex
|-damage|p2a: Toxapex|65/100
|
|t:|1660420706
|switch|p1a: Blacephalon|Blacephalon|76/100|[from]move: Flip Turn
|
|upkeep
|turn|160
|
|t:|1660420708
|switch|p2a: Corviknight|Corviknight, F|99/100
|-ability|p2a: Corviknight|Pressure
|move|p1a: Blacephalon|Shadow Ball|p2a: Corviknight
|-damage|p2a: Corviknight|35/100
|
|-heal|p2a: Corviknight|41/100|[from] item: Leftovers
|upkeep
|turn|161
|
|t:|1660420715
|switch|p1a: Swampert|Swampert, M|91/100
|switch|p2a: Blissey|Blissey, F|62/100
|
|upkeep
|turn|162
|
|t:|1660420719
|switch|p2a: Corviknight|Corviknight, F|41/100
|-ability|p2a: Corviknight|Pressure
|move|p1a: Swampert|Flip Turn|p2a: Corviknight
|-damage|p2a: Corviknight|27/100
|
|t:|1660420722
|switch|p1a: Blacephalon|Blacephalon|76/100|[from]move: Flip Turn
|
|-heal|p2a: Corviknight|33/100|[from] item: Leftovers
|upkeep
|turn|163
|
|t:|1660420728
|switch|p1a: Swampert|Swampert, M|91/100
|switch|p2a: Toxapex|Toxapex, M|98/100
|
|upkeep
|turn|164
|
|t:|1660420733
|switch|p2a: Corviknight|Corviknight, F|33/100
|-ability|p2a: Corviknight|Pressure
|move|p1a: Swampert|Flip Turn|p2a: Corviknight
|-damage|p2a: Corviknight|18/100
|
|t:|1660420743
|switch|p1a: Blacephalon|Blacephalon|76/100|[from]move: Flip Turn
|
|-heal|p2a: Corviknight|24/100|[from] item: Leftovers
|upkeep
|turn|165
|
|t:|1660420752
|switch|p2a: Toxapex|Toxapex, M|100/100
|move|p1a: Blacephalon|Shadow Ball|p2a: Toxapex
|-damage|p2a: Toxapex|39/100
|
|upkeep
|turn|166
|
|t:|1660420760
|switch|p1a: Swampert|Swampert, M|91/100
|switch|p2a: Corviknight|Corviknight, F|24/100
|-ability|p2a: Corviknight|Pressure
|
|-heal|p2a: Corviknight|31/100|[from] item: Leftovers
|upkeep
|turn|167
|
|t:|1660420767
|move|p2a: Corviknight|Roost|p2a: Corviknight
|-heal|p2a: Corviknight|81/100
|-singleturn|p2a: Corviknight|move: Roost
|move|p1a: Swampert|Flip Turn|p2a: Corviknight
|-damage|p2a: Corviknight|65/100
|
|t:|1660420769
|switch|p1a: Blacephalon|Blacephalon|76/100|[from]move: Flip Turn
|
|-heal|p2a: Corviknight|72/100|[from] item: Leftovers
|upkeep
|turn|168
|
|t:|1660420773
|switch|p2a: Toxapex|Toxapex, M|72/100
|move|p1a: Blacephalon|Psyshock|p2a: Toxapex
|-supereffective|p2a: Toxapex
|-damage|p2a: Toxapex|19/100
|
|upkeep
|turn|169
|
|t:|1660420778
|switch|p1a: Swampert|Swampert, M|91/100
|switch|p2a: Corviknight|Corviknight, F|72/100
|-ability|p2a: Corviknight|Pressure
|
|-heal|p2a: Corviknight|78/100|[from] item: Leftovers
|upkeep
|turn|170
|
|t:|1660420783
|move|p2a: Corviknight|Iron Defense|p2a: Corviknight
|-boost|p2a: Corviknight|def|2
|move|p1a: Swampert|Flip Turn|p2a: Corviknight
|-damage|p2a: Corviknight|70/100
|
|t:|1660420785
|switch|p1a: Blacephalon|Blacephalon|76/100|[from]move: Flip Turn
|
|-heal|p2a: Corviknight|77/100|[from] item: Leftovers
|upkeep
|turn|171
|
|t:|1660420798
|switch|p2a: Buzzwole|Buzzwole|25/100
|move|p1a: Blacephalon|Overheat|p2a: Buzzwole
|-supereffective|p2a: Buzzwole
|-damage|p2a: Buzzwole|0 fnt
|-unboost|p1a: Blacephalon|spa|2
|faint|p2a: Buzzwole
|-ability|p1a: Blacephalon|Beast Boost|boost
|-boost|p1a: Blacephalon|spa|1
|
|upkeep
|
|t:|1660420802
|switch|p2a: Toxapex|Toxapex, M|52/100
|turn|172
|
|t:|1660420811
|switch|p1a: Gardevoir|Gardevoir, M|100/100 brn
|-ability|p1a: Gardevoir|Regenerator|[from] ability: Trace|[of] p2a: Toxapex
|switch|p2a: Corviknight|Corviknight, F|77/100
|-ability|p2a: Corviknight|Pressure
|
|-heal|p2a: Corviknight|83/100|[from] item: Leftovers
|-damage|p1a: Gardevoir|94/100 brn|[from] brn
|upkeep
|turn|173
|
|t:|1660420824
|switch|p1a: Swampert|Swampert, M|91/100
|switch|p2a: Blissey|Blissey, F|62/100
|
|upkeep
|turn|174
|
|t:|1660420829
|switch|p2a: Corviknight|Corviknight, F|83/100
|-ability|p2a: Corviknight|Pressure
|move|p1a: Swampert|Flip Turn|p2a: Corviknight
|-damage|p2a: Corviknight|68/100
|
|t:|1660420835
|switch|p1a: Blacephalon|Blacephalon|76/100|[from]move: Flip Turn
|
|-heal|p2a: Corviknight|75/100|[from] item: Leftovers
|upkeep
|turn|175
|
|t:|1660420841
|switch|p2a: Toxapex|Toxapex, M|85/100
|move|p1a: Blacephalon|Flamethrower|p2a: Toxapex
|-resisted|p2a: Toxapex
|-damage|p2a: Toxapex|53/100
|
|upkeep
|turn|176
|
|t:|1660420848
|switch|p1a: Gardevoir|Gardevoir, M|100/100 brn
|-ability|p1a: Gardevoir|Regenerator|[from] ability: Trace|[of] p2a: Toxapex
|switch|p2a: Blissey|Blissey, F|62/100
|
|-damage|p1a: Gardevoir|94/100 brn|[from] brn
|upkeep
|turn|177
|
|t:|1660420856
|move|p1a: Gardevoir|Moonblast|p2a: Blissey
|-damage|p2a: Blissey|45/100
|move|p2a: Blissey|Stealth Rock|p1a: Gardevoir
|-sidestart|p1: Lezizieny2|move: Stealth Rock
|
|-damage|p1a: Gardevoir|88/100 brn|[from] brn
|upkeep
|turn|178
|
|t:|1660420865
|move|p1a: Gardevoir|Psychic|p2a: Blissey
|-damage|p2a: Blissey|27/100
|-unboost|p2a: Blissey|spd|1
|move|p2a: Blissey|Soft-Boiled|p2a: Blissey
|-heal|p2a: Blissey|77/100
|
|-damage|p1a: Gardevoir|82/100 brn|[from] brn
|upkeep
|turn|179
|inactive|Cowsrule247 has 120 seconds left.
|
|t:|1660420900
|switch|p1a: Corviknight|Corviknight, F|84/100
|-damage|p1a: Corviknight|72/100|[from] Stealth Rock
|-ability|p1a: Corviknight|Pressure
|move|p2a: Blissey|Seismic Toss|p1a: Corviknight
|-damage|p1a: Corviknight|47/100
|-damage|p2a: Blissey|60/100|[from] item: Rocky Helmet|[of] p1a: Corviknight
|
|upkeep
|turn|180
|
|t:|1660420910
|move|p1a: Corviknight|Defog|p2a: Blissey
|-unboost|p2a: Blissey|evasion|1
|-sideend|p1: Lezizieny2|Stealth Rock|[from] move: Defog|[of] p1a: Corviknight
|move|p2a: Blissey|Soft-Boiled|p2a: Blissey
|-heal|p2a: Blissey|100/100
|
|upkeep
|turn|181
|
|t:|1660420915
|switch|p2a: Corviknight|Corviknight, F|75/100
|-ability|p2a: Corviknight|Pressure
|move|p1a: Corviknight|Roost|p1a: Corviknight
|-heal|p1a: Corviknight|97/100
|-singleturn|p1a: Corviknight|move: Roost
|
|-heal|p2a: Corviknight|81/100|[from] item: Leftovers
|upkeep
|turn|182
|
|t:|1660420923
|switch|p2a: Toxapex|Toxapex, M|87/100
|move|p1a: Corviknight|U-turn|p2a: Toxapex
|-resisted|p2a: Toxapex
|-damage|p2a: Toxapex|82/100
|
|t:|1660420927
|switch|p1a: Gardevoir|Gardevoir, M|100/100 brn|[from]move: U-turn
|-ability|p1a: Gardevoir|Regenerator|[from] ability: Trace|[of] p2a: Toxapex
|
|-damage|p1a: Gardevoir|94/100 brn|[from] brn
|upkeep
|turn|183
|
|t:|1660420930
|switch|p1a: Swampert|Swampert, M|91/100
|switch|p2a: Blissey|Blissey, F|100/100
|
|upkeep
|turn|184
|
|t:|1660420933
|switch|p2a: Corviknight|Corviknight, F|81/100
|-ability|p2a: Corviknight|Pressure
|move|p1a: Swampert|Ice Punch|p2a: Corviknight
|-damage|p2a: Corviknight|70/100
|
|-heal|p2a: Corviknight|76/100|[from] item: Leftovers
|upkeep
|turn|185
|
|t:|1660420940
|move|p2a: Corviknight|Iron Defense|p2a: Corviknight
|-boost|p2a: Corviknight|def|2
|move|p1a: Swampert|Ice Punch|p2a: Corviknight
|-damage|p2a: Corviknight|69/100
|
|-heal|p2a: Corviknight|75/100|[from] item: Leftovers
|upkeep
|turn|186
|
|t:|1660420946
|move|p2a: Corviknight|Roost|p2a: Corviknight
|-heal|p2a: Corviknight|100/100
|-singleturn|p2a: Corviknight|move: Roost
|move|p1a: Swampert|Flip Turn|p2a: Corviknight
|-damage|p2a: Corviknight|93/100
|
|t:|1660420952
|switch|p1a: Blacephalon|Blacephalon|76/100|[from]move: Flip Turn
|
|-heal|p2a: Corviknight|99/100|[from] item: Leftovers
|upkeep
|turn|187
|
|t:|1660420955
|switch|p2a: Toxapex|Toxapex, M|100/100
|move|p1a: Blacephalon|Shadow Ball|p2a: Toxapex
|-damage|p2a: Toxapex|42/100
|
|upkeep
|turn|188
|
|t:|1660420960
|switch|p1a: Swampert|Swampert, M|91/100
|switch|p2a: Blissey|Blissey, F|100/100
|
|upkeep
|turn|189
|
|t:|1660420964
|switch|p2a: Corviknight|Corviknight, F|99/100
|-ability|p2a: Corviknight|Pressure
|move|p1a: Swampert|Ice Punch|p2a: Corviknight
|-crit|p2a: Corviknight
|-damage|p2a: Corviknight|81/100
|
|-heal|p2a: Corviknight|87/100|[from] item: Leftovers
|upkeep
|turn|190
|
|t:|1660420968
|switch|p2a: Toxapex|Toxapex, M|75/100
|move|p1a: Swampert|Ice Punch|p2a: Toxapex
|-resisted|p2a: Toxapex
|-damage|p2a: Toxapex|70/100
|
|upkeep
|turn|191
|
|t:|1660420973
|switch|p1a: Corviknight|Corviknight, F|97/100
|-ability|p1a: Corviknight|Pressure
|switch|p2a: Corviknight|Corviknight, F|87/100
|-ability|p2a: Corviknight|Pressure
|
|-heal|p2a: Corviknight|93/100|[from] item: Leftovers
|upkeep
|turn|192
|inactive|Cowsrule247 has 120 seconds left.
|
|t:|1660420982
|switch|p2a: Toxapex|Toxapex, M|100/100
|move|p1a: Corviknight|U-turn|p2a: Toxapex
|-resisted|p2a: Toxapex
|-damage|p2a: Toxapex|97/100
|
|t:|1660420989
|switch|p1a: Swampert|Swampert, M|91/100|[from]move: U-turn
|
|upkeep
|turn|193
|
|t:|1660420992
|switch|p2a: Corviknight|Corviknight, F|93/100
|-ability|p2a: Corviknight|Pressure
|move|p1a: Swampert|Flip Turn|p2a: Corviknight
|-damage|p2a: Corviknight|79/100
|
|t:|1660420994
|switch|p1a: Blacephalon|Blacephalon|76/100|[from]move: Flip Turn
|
|-heal|p2a: Corviknight|85/100|[from] item: Leftovers
|upkeep
|turn|194
|inactive|Cowsrule247 has 120 seconds left.
|
|t:|1660421005
|switch|p2a: Toxapex|Toxapex, M|100/100
|move|p1a: Blacephalon|Shadow Ball|p2a: Toxapex
|-damage|p2a: Toxapex|46/100
|
|upkeep
|turn|195
|inactive|Cowsrule247 has 120 seconds left.
|
|t:|1660421013
|switch|p2a: Blissey|Blissey, F|100/100
|move|p1a: Blacephalon|Shadow Ball|p2a: Blissey
|-immune|p2a: Blissey
|
|upkeep
|turn|196
|
|t:|1660421018
|switch|p1a: Gardevoir|Gardevoir, M|100/100 brn
|-ability|p1a: Gardevoir|Natural Cure|[from] ability: Trace|[of] p2a: Blissey
|move|p2a: Blissey|Stealth Rock|p1a: Gardevoir
|-sidestart|p1: Lezizieny2|move: Stealth Rock
|
|-damage|p1a: Gardevoir|94/100 brn|[from] brn
|upkeep
|turn|197
|inactive|Cowsrule247 has 120 seconds left.
|
|t:|1660421027
|move|p1a: Gardevoir|Moonblast|p2a: Blissey
|-damage|p2a: Blissey|83/100
|move|p2a: Blissey|Seismic Toss|p1a: Gardevoir
|-damage|p1a: Gardevoir|58/100 brn
|
|-damage|p1a: Gardevoir|52/100 brn|[from] brn
|upkeep
|turn|198
|
|t:|1660421032
|-curestatus|p1a: Gardevoir|brn|[from] ability: Natural Cure
|switch|p1a: Corviknight|Corviknight, F|97/100
|-damage|p1a: Corviknight|85/100|[from] Stealth Rock
|-ability|p1a: Corviknight|Pressure
|move|p2a: Blissey|Seismic Toss|p1a: Corviknight
|-damage|p1a: Corviknight|60/100
|-damage|p2a: Blissey|66/100|[from] item: Rocky Helmet|[of] p1a: Corviknight
|
|upkeep
|turn|199
|
|t:|1660421036
|switch|p2a: Corviknight|Corviknight, F|85/100
|-ability|p2a: Corviknight|Pressure
|move|p1a: Corviknight|Roost|p1a: Corviknight
|-heal|p1a: Corviknight|100/100
|-singleturn|p1a: Corviknight|move: Roost
|
|-heal|p2a: Corviknight|91/100|[from] item: Leftovers
|upkeep
|turn|200
|inactive|Cowsrule247 has 120 seconds left.
|
|t:|1660421045
|move|p1a: Corviknight|Defog|p2a: Corviknight
|-unboost|p2a: Corviknight|evasion|1
|-sideend|p1: Lezizieny2|Stealth Rock|[from] move: Defog|[of] p1a: Corviknight
|move|p2a: Corviknight|Iron Defense|p2a: Corviknight
|-boost|p2a: Corviknight|def|2
|
|-heal|p2a: Corviknight|97/100|[from] item: Leftovers
|upkeep
|turn|201
|
|t:|1660421050
|switch|p2a: Toxapex|Toxapex, M|79/100
|move|p1a: Corviknight|U-turn|p2a: Toxapex
|-resisted|p2a: Toxapex
|-damage|p2a: Toxapex|75/100
|
|t:|1660421055
|switch|p1a: Gardevoir|Gardevoir, M|52/100|[from]move: U-turn
|-ability|p1a: Gardevoir|Regenerator|[from] ability: Trace|[of] p2a: Toxapex
|
|upkeep
|turn|202
|
|t:|1660421064
|switch|p2a: Blissey|Blissey, F|66/100
|move|p1a: Gardevoir|Psychic|p2a: Blissey
|-damage|p2a: Blissey|50/100
|
|upkeep
|turn|203
|
|t:|1660421068
|move|p1a: Gardevoir|Moonblast|p2a: Blissey
|-damage|p2a: Blissey|30/100
|move|p2a: Blissey|Soft-Boiled|p2a: Blissey
|-heal|p2a: Blissey|80/100
|
|upkeep
|turn|204
|
|t:|1660421076
|move|p1a: Gardevoir|Moonblast|p2a: Blissey
|-damage|p2a: Blissey|63/100
|move|p2a: Blissey|Stealth Rock|p1a: Gardevoir
|-sidestart|p1: Lezizieny2|move: Stealth Rock
|
|upkeep
|turn|205
|
|t:|1660421083
|move|p1a: Gardevoir|Focus Blast|p2a: Blissey
|-supereffective|p2a: Blissey
|-damage|p2a: Blissey|34/100
|move|p2a: Blissey|Soft-Boiled|p2a: Blissey
|-heal|p2a: Blissey|84/100
|
|upkeep
|turn|206
|
|t:|1660421098
|switch|p2a: Toxapex|Toxapex, M|100/100
|move|p1a: Gardevoir|Moonblast|p2a: Toxapex
|-resisted|p2a: Toxapex
|-damage|p2a: Toxapex|80/100
|
|upkeep
|turn|207
|inactive|Cowsrule247 has 120 seconds left.
|
|t:|1660421104
|switch|p2a: Corviknight|Corviknight, F|97/100
|-ability|p2a: Corviknight|Pressure
|move|p1a: Gardevoir|Psychic|p2a: Corviknight
|-resisted|p2a: Corviknight
|-damage|p2a: Corviknight|79/100
|
|-heal|p2a: Corviknight|85/100|[from] item: Leftovers
|upkeep
|turn|208
|inactive|Cowsrule247 has 120 seconds left.
|
|t:|1660421118
|switch|p1a: Corviknight|Corviknight, F|100/100
|-damage|p1a: Corviknight|88/100|[from] Stealth Rock
|-ability|p1a: Corviknight|Pressure
|switch|p2a: Toxapex|Toxapex, M|100/100
|
|upkeep
|turn|209
|
|t:|1660421127
|move|p1a: Corviknight|Defog|p2a: Toxapex
|-unboost|p2a: Toxapex|evasion|1
|-sideend|p1: Lezizieny2|Stealth Rock|[from] move: Defog|[of] p1a: Corviknight
|move|p2a: Toxapex|Scald|p1a: Corviknight
|-damage|p1a: Corviknight|72/100
|
|upkeep
|turn|210
|
|t:|1660421136
|switch|p1a: Gardevoir|Gardevoir, M|85/100
|-ability|p1a: Gardevoir|Regenerator|[from] ability: Trace|[of] p2a: Toxapex
|move|p2a: Toxapex|Scald|p1a: Gardevoir
|-damage|p1a: Gardevoir|68/100
|-status|p1a: Gardevoir|brn
|
|-damage|p1a: Gardevoir|62/100 brn|[from] brn
|upkeep
|turn|211
|
|t:|1660421140
|switch|p1a: Swampert|Swampert, M|91/100
|switch|p2a: Blissey|Blissey, F|84/100
|
|upkeep
|turn|212
|
|t:|1660421145
|switch|p2a: Corviknight|Corviknight, F|85/100
|-ability|p2a: Corviknight|Pressure
|move|p1a: Swampert|Earthquake|p2a: Corviknight
|-immune|p2a: Corviknight
|
|-heal|p2a: Corviknight|91/100|[from] item: Leftovers
|upkeep
|turn|213
|
|t:|1660421152
|switch|p2a: Blissey|Blissey, F|84/100
|move|p1a: Swampert|Ice Punch|p2a: Blissey
|-damage|p2a: Blissey|67/100
|
|upkeep
|turn|214
|
|t:|1660421171
|switch|p2a: Corviknight|Corviknight, F|91/100
|-ability|p2a: Corviknight|Pressure
|move|p1a: Swampert|Earthquake|p2a: Corviknight
|-immune|p2a: Corviknight
|
|-heal|p2a: Corviknight|97/100|[from] item: Leftovers
|upkeep
|turn|215
|
|t:|1660421181
|switch|p2a: Blissey|Blissey, F|67/100
|move|p1a: Swampert|Ice Punch|p2a: Blissey
|-damage|p2a: Blissey|51/100
|-status|p2a: Blissey|frz
|
|upkeep
|turn|216
|
|t:|1660421187
|switch|p1a: Blacephalon|Blacephalon|76/100
|-curestatus|p2a: Blissey|frz|[from] ability: Natural Cure
|switch|p2a: Corviknight|Corviknight, F|97/100
|-ability|p2a: Corviknight|Pressure
|
|-heal|p2a: Corviknight|100/100|[from] item: Leftovers
|upkeep
|turn|217
|
|t:|1660421192
|switch|p2a: Toxapex|Toxapex, M|100/100
|move|p1a: Blacephalon|Flamethrower|p2a: Toxapex
|-resisted|p2a: Toxapex
|-damage|p2a: Toxapex|67/100
|
|upkeep
|turn|218
|
|t:|1660421196
|switch|p1a: Swampert|Swampert, M|91/100
|move|p2a: Toxapex|Scald|p1a: Swampert
|-damage|p1a: Swampert|75/100
|
|upkeep
|turn|219
|
|t:|1660421202
|switch|p2a: Corviknight|Corviknight, F|100/100
|-ability|p2a: Corviknight|Pressure
|move|p1a: Swampert|Ice Punch|p2a: Corviknight
|-damage|p2a: Corviknight|89/100
|
|-heal|p2a: Corviknight|95/100|[from] item: Leftovers
|upkeep
|turn|220
|
|t:|1660421211
|switch|p2a: Toxapex|Toxapex, M|100/100
|move|p1a: Swampert|Earthquake|p2a: Toxapex
|-supereffective|p2a: Toxapex
|-damage|p2a: Toxapex|54/100
|
|upkeep
|turn|221
|
|t:|1660421216
|switch|p2a: Corviknight|Corviknight, F|95/100
|-ability|p2a: Corviknight|Pressure
|move|p1a: Swampert|Ice Punch|p2a: Corviknight
|-damage|p2a: Corviknight|83/100
|-status|p2a: Corviknight|frz
|
|-heal|p2a: Corviknight|89/100 frz|[from] item: Leftovers
|upkeep
|turn|222
|
|t:|1660421224
|switch|p1a: Blacephalon|Blacephalon|76/100
|-curestatus|p2a: Corviknight|frz|[msg]
|move|p2a: Corviknight|Iron Defense|p2a: Corviknight
|-boost|p2a: Corviknight|def|2
|
|-heal|p2a: Corviknight|95/100|[from] item: Leftovers
|upkeep
|turn|223
|
|t:|1660421234
|switch|p2a: Toxapex|Toxapex, M|88/100
|move|p1a: Blacephalon|Shadow Ball|p2a: Toxapex
|-damage|p2a: Toxapex|28/100
|
|upkeep
|turn|224
|
|t:|1660421240
|switch|p1a: Swampert|Swampert, M|75/100
|switch|p2a: Blissey|Blissey, F|51/100
|
|upkeep
|turn|225
|
|t:|1660421246
|switch|p2a: Corviknight|Corviknight, F|95/100
|-ability|p2a: Corviknight|Pressure
|move|p1a: Swampert|Ice Punch|p2a: Corviknight
|-damage|p2a: Corviknight|83/100
|
|-heal|p2a: Corviknight|89/100|[from] item: Leftovers
|upkeep
|turn|226
|
|t:|1660421252
|switch|p2a: Toxapex|Toxapex, M|62/100
|move|p1a: Swampert|Ice Punch|p2a: Toxapex
|-resisted|p2a: Toxapex
|-damage|p2a: Toxapex|56/100
|
|upkeep
|turn|227
|
|t:|1660421257
|switch|p1a: Gardevoir|Gardevoir, M|95/100 brn
|-ability|p1a: Gardevoir|Regenerator|[from] ability: Trace|[of] p2a: Toxapex
|switch|p2a: Corviknight|Corviknight, F|89/100
|-ability|p2a: Corviknight|Pressure
|
|-heal|p2a: Corviknight|96/100|[from] item: Leftovers
|-damage|p1a: Gardevoir|89/100 brn|[from] brn
|upkeep
|turn|228
|
|t:|1660421263
|switch|p2a: Blissey|Blissey, F|51/100
|move|p1a: Gardevoir|Focus Blast|p2a: Blissey
|-supereffective|p2a: Blissey
|-damage|p2a: Blissey|23/100
|
|-damage|p1a: Gardevoir|83/100 brn|[from] brn
|upkeep
|turn|229
|
|t:|1660421271
|move|p1a: Gardevoir|Focus Blast|p2a: Blissey
|-supereffective|p2a: Blissey
|-damage|p2a: Blissey|0 fnt
|faint|p2a: Blissey
|
|-damage|p1a: Gardevoir|77/100 brn|[from] brn
|upkeep
|
|t:|1660421278
|switch|p2a: Toxapex|Toxapex, M|89/100
|turn|230
|c|☆Lezizieny2|Lets go
|
|t:|1660421292
|switch|p1a: Swampert|Swampert, M|75/100
|switch|p2a: Corviknight|Corviknight, F|96/100
|-ability|p2a: Corviknight|Pressure
|
|-heal|p2a: Corviknight|100/100|[from] item: Leftovers
|upkeep
|turn|231
|
|t:|1660421295
|move|p2a: Corviknight|Iron Defense|p2a: Corviknight
|-boost|p2a: Corviknight|def|2
|move|p1a: Swampert|Ice Punch|p2a: Corviknight
|-damage|p2a: Corviknight|94/100
|
|-heal|p2a: Corviknight|100/100|[from] item: Leftovers
|upkeep
|turn|232
|
|t:|1660421301
|switch|p2a: Toxapex|Toxapex, M|100/100
|move|p1a: Swampert|Ice Punch|p2a: Toxapex
|-resisted|p2a: Toxapex
|-damage|p2a: Toxapex|95/100
|-status|p2a: Toxapex|frz
|
|upkeep
|turn|233
|
|t:|1660421304
|move|p1a: Swampert|Ice Punch|p2a: Toxapex
|-resisted|p2a: Toxapex
|-damage|p2a: Toxapex|90/100 frz
|-curestatus|p2a: Toxapex|frz|[from] move: Scald
|move|p2a: Toxapex|Scald|p1a: Swampert
|-damage|p1a: Swampert|58/100
|
|upkeep
|turn|234
|
|t:|1660421308
|switch|p2a: Corviknight|Corviknight, F|100/100
|-ability|p2a: Corviknight|Pressure
|move|p1a: Swampert|Mirror Coat||[still]
|-fail|p1a: Swampert
|
|upkeep
|turn|235
|
|t:|1660421316
|switch|p2a: Toxapex|Toxapex, M|100/100
|move|p1a: Swampert|Mirror Coat||[still]
|-fail|p1a: Swampert
|
|upkeep
|turn|236
|
|t:|1660421320
|switch|p2a: Corviknight|Corviknight, F|100/100
|-ability|p2a: Corviknight|Pressure
|move|p1a: Swampert|Mirror Coat||[still]
|-fail|p1a: Swampert
|
|upkeep
|turn|237
|
|t:|1660421327
|switch|p1a: Blacephalon|Blacephalon|76/100
|move|p2a: Corviknight|Body Press|p1a: Blacephalon
|-immune|p1a: Blacephalon
|
|upkeep
|turn|238
|
|t:|1660421332
|switch|p2a: Toxapex|Toxapex, M|100/100
|move|p1a: Blacephalon|Shadow Ball|p2a: Toxapex
|-damage|p2a: Toxapex|45/100
|
|upkeep
|turn|239
|
|t:|1660421339
|switch|p2a: Corviknight|Corviknight, F|100/100
|-ability|p2a: Corviknight|Pressure
|move|p1a: Blacephalon|Shadow Ball|p2a: Corviknight
|-damage|p2a: Corviknight|36/100
|
|-heal|p2a: Corviknight|43/100|[from] item: Leftovers
|upkeep
|turn|240
|c|☆Lezizieny2|Im gonna beat your stupid
|c|☆Lezizieny2|Team
|
|t:|1660421362
|move|p1a: Blacephalon|Shadow Ball|p2a: Corviknight
|-damage|p2a: Corviknight|0 fnt
|faint|p2a: Corviknight
|-ability|p1a: Blacephalon|Beast Boost|boost
|-boost|p1a: Blacephalon|spa|1
|
|upkeep
|
|t:|1660421364
|switch|p2a: Toxapex|Toxapex, M|78/100
|turn|241
|
|t:|1660421371
|move|p1a: Blacephalon|Shadow Ball|p2a: Toxapex
|-damage|p2a: Toxapex|0 fnt
|faint|p2a: Toxapex
|
|win|Lezizieny2
|raw|Lezizieny2's rating: 1382 &rarr; <strong>1401</strong><br />(+19 for winning)
|raw|Cowsrule247's rating: 1359 &rarr; <strong>1340</strong><br />(-19 for losing)
|l|‽Cowsrule247
|l|☆Lezizieny2
|j|☆Lezizieny2
|player|p1|Lezizieny2|266
||Ladder isn't responding, score probably updated but might not have (Request timeout).
