|html|<div class="broadcast-blue"><strong>[Gen 8] OU is currently suspecting Melmetal! For information on how to participate check out the <a href="https://www.smogon.com/forums/threads/np-ss-ou-suspect-process-round-12-monster-mash.3709234/">suspect thread</a>.</strong></div>
|j|☆toon arctozolt
|j|☆minimax_ai
|t:|1666675060
|gametype|singles
|player|p1|toon arctozolt|harlequin|1742
|player|p2|minimax_ai|lusamine-nihilego|1628
|teamsize|p1|6
|teamsize|p2|6
|gen|8
|tier|[Gen 8] OU
|rated|
|rule|Sleep Clause Mod: Limit one foe put to sleep
|rule|Species Clause: Limit one of each Pokémon
|rule|OHKO Clause: OHKO moves are banned
|rule|Evasion Items Clause: Evasion items are banned
|rule|Evasion Moves Clause: Evasion moves are banned
|rule|Endless Battle Clause: Forcing endless battles is banned
|rule|HP Percentage Mod: HP is shown in percentages
|rule|Dynamax Clause: You cannot dynamax
|clearpoke
|poke|p1|Pelipper, F|
|poke|p1|Corviknight, M|
|poke|p1|Inteleon, F|
|poke|p1|Ferrothorn, M|
|poke|p1|Barraskewda, M|
|poke|p1|Seismitoad, M|
|poke|p2|Rotom-Wash|
|poke|p2|Weavile, M|
|poke|p2|Landorus-Therian, M|
|poke|p2|Heatran, M|
|poke|p2|Tangrowth, M|
|poke|p2|Melmetal|
|teampreview
|inactive|Battle timer is ON: inactive players will automatically lose when time's up. (requested by toon arctozolt)
|c|☆minimax_ai|hf
|inactive|minimax_ai also wants the timer to be on.
|j| Skinnybiscuit
|
|t:|1666675066
|start
|switch|p1a: Ferrothorn|Ferrothorn, M|100/100
|switch|p2a: Tangrowth|Tangrowth, M|100/100
|turn|1
|
|t:|1666675068
|move|p2a: Tangrowth|Focus Blast|p1a: Ferrothorn
|-supereffective|p1a: Ferrothorn
|-damage|p1a: Ferrothorn|59/100
|move|p1a: Ferrothorn|Knock Off|p2a: Tangrowth
|-damage|p2a: Tangrowth|90/100
|-damage|p1a: Ferrothorn|43/100|[from] item: Rocky Helmet|[of] p2a: Tangrowth
|-enditem|p2a: Tangrowth|Rocky Helmet|[from] move: Knock Off|[of] p1a: Ferrothorn
|
|-heal|p1a: Ferrothorn|49/100|[from] item: Leftovers
|upkeep
|turn|2
|
|t:|1666675071
|move|p2a: Tangrowth|Focus Blast|p1a: Ferrothorn
|-supereffective|p1a: Ferrothorn
|-damage|p1a: Ferrothorn|10/100
|move|p1a: Ferrothorn|Stealth Rock|p2a: Tangrowth
|-sidestart|p2: minimax_ai|move: Stealth Rock
|
|-heal|p1a: Ferrothorn|16/100|[from] item: Leftovers
|upkeep
|turn|3
|
|t:|1666675075
|switch|p1a: Pelipper|Pelipper, F|100/100
|-weather|RainDance|[from] ability: Drizzle|[of] p1a: Pelipper
|move|p2a: Tangrowth|Giga Drain|p1a: Pelipper
|-damage|p1a: Pelipper|58/100
|-heal|p2a: Tangrowth|100/100|[from] drain|[of] p1a: Pelipper
|
|-weather|RainDance|[upkeep]
|upkeep
|turn|4
|
|t:|1666675078
|switch|p2a: Melmetal|Melmetal|100/100
|-damage|p2a: Melmetal|94/100|[from] Stealth Rock
|move|p1a: Pelipper|Scald|p2a: Melmetal
|-damage|p2a: Melmetal|71/100
|-status|p2a: Melmetal|brn
|
|-weather|RainDance|[upkeep]
|-damage|p2a: Melmetal|65/100 brn|[from] brn
|upkeep
|turn|5
|
|t:|1666675080
|move|p1a: Pelipper|U-turn|p2a: Melmetal
|-resisted|p2a: Melmetal
|-damage|p2a: Melmetal|63/100 brn
|
|t:|1666675081
|switch|p1a: Corviknight|Corviknight, M|100/100|[from]move: U-turn
|-ability|p1a: Corviknight|Pressure
|move|p2a: Melmetal|Thunder Punch|p1a: Corviknight
|-supereffective|p1a: Corviknight
|-damage|p1a: Corviknight|81/100
|-damage|p2a: Melmetal|46/100 brn|[from] item: Rocky Helmet|[of] p1a: Corviknight
|
|-weather|RainDance|[upkeep]
|-damage|p2a: Melmetal|40/100 brn|[from] brn
|upkeep
|turn|6
|
|t:|1666675083
|switch|p2a: rotomwash|Rotom-Wash|100/100
|-damage|p2a: rotomwash|88/100|[from] Stealth Rock
|move|p1a: Corviknight|U-turn|p2a: rotomwash
|-damage|p2a: rotomwash|74/100
|
|t:|1666675088
|switch|p1a: Barraskewda|Barraskewda, M|100/100|[from]move: U-turn
|
|-weather|RainDance|[upkeep]
|-heal|p2a: rotomwash|80/100|[from] item: Leftovers
|upkeep
|turn|7
|
|t:|1666675089
|move|p1a: Barraskewda|Flip Turn|p2a: rotomwash
|-resisted|p2a: rotomwash
|-damage|p2a: rotomwash|44/100
|
|t:|1666675093
|switch|p1a: Ferrothorn|Ferrothorn, M|16/100|[from]move: Flip Turn
|move|p2a: rotomwash|Thunderbolt|p1a: Ferrothorn
|-resisted|p1a: Ferrothorn
|-damage|p1a: Ferrothorn|4/100
|
|-weather|RainDance|[upkeep]
|-heal|p2a: rotomwash|50/100|[from] item: Leftovers
|-heal|p1a: Ferrothorn|10/100|[from] item: Leftovers
|upkeep
|turn|8
|
|t:|1666675098
|switch|p1a: Barraskewda|Barraskewda, M|100/100
|move|p2a: rotomwash|Hydro Pump|p1a: Barraskewda
|-resisted|p1a: Barraskewda
|-damage|p1a: Barraskewda|31/100
|
|-weather|RainDance|[upkeep]
|-heal|p2a: rotomwash|56/100|[from] item: Leftovers
|upkeep
|turn|9
|
|t:|1666675101
|switch|p2a: Tangrowth|Tangrowth, M|100/100
|-damage|p2a: Tangrowth|88/100|[from] Stealth Rock
|move|p1a: Barraskewda|Flip Turn|p2a: Tangrowth
|-resisted|p2a: Tangrowth
|-damage|p2a: Tangrowth|70/100
|
|t:|1666675104
|switch|p1a: Inteleon|Inteleon, F|100/100|[from]move: Flip Turn
|
|-weather|RainDance|[upkeep]
|upkeep
|turn|10
|
|t:|1666675108
|switch|p2a: Melmetal|Melmetal|40/100 brn
|-damage|p2a: Melmetal|34/100 brn|[from] Stealth Rock
|move|p1a: Inteleon|Snipe Shot|p2a: Melmetal
|-crit|p2a: Melmetal
|-damage|p2a: Melmetal|0 fnt
|faint|p2a: Melmetal
|
|-weather|none
|upkeep
|
|t:|1666675109
|switch|p2a: Weavile|Weavile, M|100/100
|-damage|p2a: Weavile|76/100|[from] Stealth Rock
|-ability|p2a: Weavile|Pressure
|turn|11
|
|t:|1666675111
|switch|p1a: Corviknight|Corviknight, M|81/100
|-ability|p1a: Corviknight|Pressure
|move|p2a: Weavile|Triple Axel|p1a: Corviknight
|-damage|p1a: Corviknight|71/100
|-damage|p2a: Weavile|59/100|[from] item: Rocky Helmet|[of] p1a: Corviknight
|-damage|p1a: Corviknight|54/100
|-damage|p2a: Weavile|43/100|[from] item: Rocky Helmet|[of] p1a: Corviknight
|-damage|p1a: Corviknight|26/100
|-damage|p2a: Weavile|26/100|[from] item: Rocky Helmet|[of] p1a: Corviknight
|-hitcount|p1a: Corviknight|3
|
|upkeep
|turn|12
|
|t:|1666675114
|move|p2a: Weavile|Triple Axel|p1a: Corviknight
|-damage|p1a: Corviknight|17/100
|-damage|p2a: Weavile|10/100|[from] item: Rocky Helmet|[of] p1a: Corviknight
|-damage|p1a: Corviknight|0 fnt
|-damage|p2a: Weavile|0 fnt|[from] item: Rocky Helmet|[of] p1a: Corviknight
|faint|p1a: Corviknight
|faint|p2a: Weavile
|-hitcount|p1: Corviknight|2
|
|upkeep
|
|t:|1666675117
|switch|p2a: rotomwash|Rotom-Wash|56/100
|switch|p1a: Pelipper|Pelipper, F|58/100
|-damage|p2a: rotomwash|44/100|[from] Stealth Rock
|-weather|RainDance|[from] ability: Drizzle|[of] p1a: Pelipper
|turn|13
|
|t:|1666675119
|switch|p1a: Ferrothorn|Ferrothorn, M|10/100
|move|p2a: rotomwash|Thunderbolt|p1a: Ferrothorn
|-resisted|p1a: Ferrothorn
|-damage|p1a: Ferrothorn|0 fnt
|faint|p1a: Ferrothorn
|
|-weather|RainDance|[upkeep]
|-heal|p2a: rotomwash|50/100|[from] item: Leftovers
|upkeep
|
|t:|1666675124
|switch|p1a: Seismitoad|Seismitoad, M|100/100
|turn|14
|
|t:|1666675126
|move|p1a: Seismitoad|Power Whip|p2a: rotomwash|[miss]
|-miss|p1a: Seismitoad|p2a: rotomwash
|move|p2a: rotomwash|Hydro Pump|p1a: Seismitoad
|-damage|p1a: Seismitoad|26/100
|
|-weather|RainDance|[upkeep]
|-heal|p2a: rotomwash|56/100|[from] item: Leftovers
|upkeep
|turn|15
|
|t:|1666675127
|switch|p2a: Tangrowth|Tangrowth, M|100/100
|-damage|p2a: Tangrowth|88/100|[from] Stealth Rock
|move|p1a: Seismitoad|Power Whip|p2a: Tangrowth
|-resisted|p2a: Tangrowth
|-damage|p2a: Tangrowth|78/100
|-damage|p1a: Seismitoad|16/100|[from] item: Life Orb
|
|-weather|RainDance|[upkeep]
|upkeep
|turn|16
|
|t:|1666675129
|move|p1a: Seismitoad|Weather Ball|p2a: Tangrowth
|-resisted|p2a: Tangrowth
|-damage|p2a: Tangrowth|18/100
|-damage|p1a: Seismitoad|6/100|[from] item: Life Orb
|move|p2a: Tangrowth|Giga Drain|p1a: Seismitoad
|-supereffective|p1a: Seismitoad
|-damage|p1a: Seismitoad|0 fnt
|-heal|p2a: Tangrowth|20/100|[from] drain|[of] p1a: Seismitoad
|faint|p1a: Seismitoad
|
|-weather|RainDance|[upkeep]
|upkeep
|
|t:|1666675132
|switch|p1a: Inteleon|Inteleon, F|100/100
|turn|17
|
|t:|1666675133
|move|p1a: Inteleon|Snipe Shot|p2a: Tangrowth
|-resisted|p2a: Tangrowth
|-crit|p2a: Tangrowth
|-damage|p2a: Tangrowth|0 fnt
|faint|p2a: Tangrowth
|
|-weather|RainDance|[upkeep]
|upkeep
|
|t:|1666675133
|switch|p2a: rotomwash|Rotom-Wash|56/100
|-damage|p2a: rotomwash|44/100|[from] Stealth Rock
|turn|18
|
|t:|1666675136
|move|p1a: Inteleon|Snipe Shot|p2a: rotomwash
|-resisted|p2a: rotomwash
|-damage|p2a: rotomwash|9/100
|move|p2a: rotomwash|Thunderbolt|p1a: Inteleon
|-supereffective|p1a: Inteleon
|-damage|p1a: Inteleon|0 fnt
|faint|p1a: Inteleon
|
|-weather|RainDance|[upkeep]
|-heal|p2a: rotomwash|16/100|[from] item: Leftovers
|upkeep
|
|t:|1666675139
|switch|p1a: Barraskewda|Barraskewda, M|31/100
|turn|19
|
|t:|1666675141
|move|p1a: Barraskewda|Liquidation|p2a: rotomwash
|-resisted|p2a: rotomwash
|-damage|p2a: rotomwash|0 fnt
|faint|p2a: rotomwash
|
|-weather|RainDance|[upkeep]
|upkeep
|
|t:|1666675141
|switch|p2a: landorustherian|Landorus-Therian, M|100/100
|-damage|p2a: landorustherian|88/100|[from] Stealth Rock
|-ability|p2a: landorustherian|Intimidate|boost
|-unboost|p1a: Barraskewda|atk|1
|turn|20
|
|t:|1666675143
|switch|p2a: Heatran|Heatran, M|100/100
|-damage|p2a: Heatran|88/100|[from] Stealth Rock
|-item|p2a: Heatran|Air Balloon
|move|p1a: Barraskewda|Liquidation|p2a: Heatran
|-supereffective|p2a: Heatran
|-damage|p2a: Heatran|0 fnt
|-enditem|p2a: Heatran|Air Balloon
|faint|p2a: Heatran
|
|-weather|none
|upkeep
|
|t:|1666675143
|switch|p2a: landorustherian|Landorus-Therian, M|88/100
|-damage|p2a: landorustherian|76/100|[from] Stealth Rock
|-ability|p2a: landorustherian|Intimidate|boost
|-unboost|p1a: Barraskewda|atk|1
|turn|21
|
|t:|1666675145
|switch|p1a: Pelipper|Pelipper, F|58/100
|-weather|RainDance|[from] ability: Drizzle|[of] p1a: Pelipper
|move|p2a: landorustherian|U-turn|p1a: Pelipper
|-resisted|p1a: Pelipper
|-damage|p1a: Pelipper|50/100
|
|-weather|RainDance|[upkeep]
|-heal|p2a: landorustherian|82/100|[from] item: Leftovers
|upkeep
|turn|22
|
|t:|1666675146
|move|p2a: landorustherian|Toxic|p1a: Pelipper
|-status|p1a: Pelipper|tox
|move|p1a: Pelipper|Scald|p2a: landorustherian
|-supereffective|p2a: landorustherian
|-damage|p2a: landorustherian|25/100
|
|-weather|RainDance|[upkeep]
|-heal|p2a: landorustherian|31/100|[from] item: Leftovers
|-damage|p1a: Pelipper|44/100 tox|[from] psn
|upkeep
|turn|23
|
|t:|1666675148
|move|p2a: landorustherian|U-turn|p1a: Pelipper
|-resisted|p1a: Pelipper
|-damage|p1a: Pelipper|35/100 tox
|move|p1a: Pelipper|Scald|p2a: landorustherian
|-supereffective|p2a: landorustherian
|-damage|p2a: landorustherian|0 fnt
|faint|p2a: landorustherian
|
|win|toon arctozolt
|raw|toon arctozolt's rating: 1742 &rarr; <strong>1756</strong><br />(+14 for winning)
|raw|minimax_ai's rating: 1628 &rarr; <strong>1614</strong><br />(-14 for losing)
|c|☆minimax_ai|gg
|l|☆minimax_ai
