|j|☆kyysg
|j|☆vagmak
|t:|1644584318
|gametype|singles
|player|p1|kyysg|169|1646
|player|p2|vagmak|brawly|1776
|teamsize|p1|6
|teamsize|p2|6
|gen|8
|tier|[Gen 8] OU
|rated|
|rule|Sleep Clause Mod: Limit one foe put to sleep
|rule|Species Clause: Limit one of each Pokémon
|rule|OHKO Clause: OHKO moves are banned
|rule|Evasion Moves Clause: Evasion moves are banned
|rule|Endless Battle Clause: Forcing endless battles is banned
|rule|HP Percentage Mod: HP is shown in percentages
|rule|Dynamax Clause: You cannot dynamax
|clearpoke
|poke|p1|Mew|
|poke|p1|Kartana|
|poke|p1|Tapu Koko|
|poke|p1|Garchomp, F|
|poke|p1|Hawlucha, F|
|poke|p1|Kommo-o, M|
|poke|p2|Garchomp, M|
|poke|p2|Melmetal|
|poke|p2|Zapdos|
|poke|p2|Kartana|
|poke|p2|Mamoswine, M|
|poke|p2|Urshifu-*, F|
|teampreview
|j| Sixty6sixshit
|inactive|Battle timer is ON: inactive players will automatically lose when time's up. (requested by vagmak)
|
|t:|1644584336
|start
|switch|p1a: Tapu Koko|Tapu Koko, shiny|100/100
|switch|p2a: Kartana|Kartana|100/100
|-fieldstart|move: Electric Terrain|[from] ability: Electric Surge|[of] p1a: Tapu Koko
|turn|1
|
|t:|1644584351
|switch|p2a: Melmetal|Melmetal|100/100
|move|p1a: Tapu Koko|Reflect|p1a: Tapu Koko
|-sidestart|p1: kyysg|Reflect
|
|upkeep
|turn|2
|
|t:|1644584358
|move|p1a: Tapu Koko|Volt Switch|p2a: Melmetal
|-damage|p2a: Melmetal|82/100
|
|t:|1644584367
|switch|p1a: Kartana|Kartana|100/100|[from]move: Volt Switch
|move|p2a: Melmetal|Double Iron Bash|p1a: Kartana
|-resisted|p1a: Kartana
|-damage|p1a: Kartana|91/100
|-resisted|p1a: Kartana
|-damage|p1a: Kartana|83/100
|-hitcount|p1a: Kartana|2
|
|upkeep
|turn|3
|
|t:|1644584375
|switch|p2a: Zapdos|Zapdos|100/100
|move|p1a: Kartana|Swords Dance|p1a: Kartana
|-boost|p1a: Kartana|atk|2
|
|upkeep
|turn|4
|
|t:|1644584381
|move|p1a: Kartana|Knock Off|p2a: Zapdos
|-damage|p2a: Zapdos|21/100
|-status|p1a: Kartana|par|[from] ability: Static|[of] p2a: Zapdos
|-enditem|p2a: Zapdos|Heavy-Duty Boots|[from] move: Knock Off|[of] p1a: Kartana
|move|p2a: Zapdos|Heat Wave|p1a: Kartana
|-supereffective|p1a: Kartana
|-damage|p1a: Kartana|0 fnt
|faint|p1a: Kartana
|
|upkeep
|
|t:|1644584386
|switch|p1a: Garchomp|Garchomp, F|100/100
|turn|5
|
|t:|1644584394
|move|p1a: Garchomp|Scale Shot|p2a: Zapdos
|-damage|p2a: Zapdos|6/100
|-damage|p2a: Zapdos|0 fnt
|faint|p2a: Zapdos
|-hitcount|p2: Zapdos|2
|-unboost|p1a: Garchomp|def|1
|-boost|p1a: Garchomp|spe|1
|
|-fieldend|move: Electric Terrain
|upkeep
|
|t:|1644584404
|switch|p2a: Mamoswine|Mamoswine, M|100/100
|turn|6
|
|t:|1644584407
|switch|p1a: Tapu Koko|Tapu Koko, shiny|100/100
|-fieldstart|move: Electric Terrain|[from] ability: Electric Surge|[of] p1a: Tapu Koko
|move|p2a: Mamoswine|Ice Shard|p1a: Tapu Koko
|-damage|p1a: Tapu Koko|88/100
|
|upkeep
|turn|7
|
|t:|1644584414
|switch|p1a: Hawlucha|Hawlucha, F|100/100
|-enditem|p1a: Hawlucha|Electric Seed
|-boost|p1a: Hawlucha|def|1|[from] item: Electric Seed
|move|p2a: Mamoswine|Earthquake|p1a: Hawlucha
|-immune|p1a: Hawlucha
|
|upkeep
|turn|8
|
|t:|1644584422
|move|p1a: Hawlucha|Swords Dance|p1a: Hawlucha
|-boost|p1a: Hawlucha|atk|2
|move|p2a: Mamoswine|Icicle Crash|p1a: Hawlucha
|-supereffective|p1a: Hawlucha
|-damage|p1a: Hawlucha|59/100
|
|-sideend|p1: kyysg|Reflect
|upkeep
|turn|9
|
|t:|1644584430
|move|p1a: Hawlucha|Close Combat|p2a: Mamoswine
|-supereffective|p2a: Mamoswine
|-enditem|p2a: Mamoswine|Focus Sash
|-damage|p2a: Mamoswine|1/100
|-unboost|p1a: Hawlucha|def|1
|-unboost|p1a: Hawlucha|spd|1
|move|p2a: Mamoswine|Icicle Crash|p1a: Hawlucha|[miss]
|-miss|p2a: Mamoswine|p1a: Hawlucha
|
|upkeep
|turn|10
|
|t:|1644584440
|move|p2a: Mamoswine|Ice Shard|p1a: Hawlucha
|-supereffective|p1a: Hawlucha
|-damage|p1a: Hawlucha|1/100
|move|p1a: Hawlucha|Acrobatics|p2a: Mamoswine
|-damage|p2a: Mamoswine|0 fnt
|faint|p2a: Mamoswine
|
|-fieldend|move: Electric Terrain
|upkeep
|
|t:|1644584451
|switch|p2a: Urshifu|Urshifu-Rapid-Strike, F|100/100
|turn|11
|
|t:|1644584465
|move|p2a: Urshifu|Aqua Jet|p1a: Hawlucha
|-damage|p1a: Hawlucha|0 fnt
|faint|p1a: Hawlucha
|-damage|p2a: Urshifu|91/100|[from] item: Life Orb
|
|upkeep
|
|t:|1644584467
|switch|p1a: Tapu Koko|Tapu Koko, shiny|88/100
|-fieldstart|move: Electric Terrain|[from] ability: Electric Surge|[of] p1a: Tapu Koko
|turn|12
|
|t:|1644584474
|move|p1a: Tapu Koko|Reflect|p1a: Tapu Koko
|-sidestart|p1: kyysg|Reflect
|move|p2a: Urshifu|Surging Strikes|p1a: Tapu Koko
|-crit|p1a: Tapu Koko
|-damage|p1a: Tapu Koko|55/100
|-crit|p1a: Tapu Koko
|-damage|p1a: Tapu Koko|23/100
|-crit|p1a: Tapu Koko
|-damage|p1a: Tapu Koko|0 fnt
|faint|p1a: Tapu Koko
|-hitcount|p1: Tapu Koko|3
|-damage|p2a: Urshifu|81/100|[from] item: Life Orb
|
|upkeep
|
|t:|1644584483
|switch|p1a: Kommo-o|Kommo-o, M|100/100
|turn|13
|
|t:|1644584494
|move|p1a: Kommo-o|Drain Punch|p2a: Urshifu
|-crit|p2a: Urshifu
|-damage|p2a: Urshifu|25/100
|move|p2a: Urshifu|Close Combat|p1a: Kommo-o
|-damage|p1a: Kommo-o|60/100
|-unboost|p2a: Urshifu|def|1
|-unboost|p2a: Urshifu|spd|1
|-damage|p2a: Urshifu|15/100|[from] item: Life Orb
|
|upkeep
|turn|14
|
|t:|1644584511
|move|p1a: Kommo-o|Drain Punch|p2a: Urshifu
|-damage|p2a: Urshifu|0 fnt
|-heal|p1a: Kommo-o|69/100|[from] drain|[of] p2a: Urshifu
|faint|p2a: Urshifu
|
|upkeep
|
|t:|1644584517
|switch|p2a: Garchomp|Garchomp, M|100/100
|turn|15
|
|t:|1644584522
|move|p2a: Garchomp|Dragon Claw|p1a: Kommo-o
|-supereffective|p1a: Kommo-o
|-damage|p1a: Kommo-o|19/100
|-enditem|p1a: Kommo-o|Salac Berry|[eat]
|-boost|p1a: Kommo-o|spe|1|[from] item: Salac Berry
|-damage|p2a: Garchomp|91/100|[from] item: Life Orb
|move|p1a: Kommo-o|Belly Drum||[still]
|-fail|p1a: Kommo-o
|
|upkeep
|turn|16
|
|t:|1644584531
|move|p1a: Kommo-o|Drain Punch|p2a: Garchomp
|-damage|p2a: Garchomp|59/100
|-heal|p1a: Kommo-o|38/100|[from] drain|[of] p2a: Garchomp
|-damage|p1a: Kommo-o|25/100|[from] ability: Rough Skin|[of] p2a: Garchomp
|move|p2a: Garchomp|Dragon Claw|p1a: Kommo-o
|-supereffective|p1a: Kommo-o
|-damage|p1a: Kommo-o|0 fnt
|faint|p1a: Kommo-o
|-damage|p2a: Garchomp|50/100|[from] item: Life Orb
|
|-fieldend|move: Electric Terrain
|upkeep
|l| Sixty6sixshit
|
|t:|1644584542
|switch|p1a: Garchomp|Garchomp, F|100/100
|turn|17
|j| Sixty6sixshit
|j| Jenx95
|l| Sixty6sixshit
|
|t:|1644584547
|move|p1a: Garchomp|Swords Dance|p1a: Garchomp
|-boost|p1a: Garchomp|atk|2
|move|p2a: Garchomp|Dragon Claw|p1a: Garchomp
|-supereffective|p1a: Garchomp
|-damage|p1a: Garchomp|49/100
|-damage|p2a: Garchomp|37/100|[from] ability: Rough Skin|[of] p1a: Garchomp
|-damage|p2a: Garchomp|28/100|[from] item: Life Orb
|
|-heal|p1a: Garchomp|55/100|[from] item: Leftovers
|upkeep
|turn|18
|
|t:|1644584558
|move|p2a: Garchomp|Dragon Claw|p1a: Garchomp
|-supereffective|p1a: Garchomp
|-damage|p1a: Garchomp|5/100
|-damage|p2a: Garchomp|15/100|[from] ability: Rough Skin|[of] p1a: Garchomp
|-damage|p2a: Garchomp|6/100|[from] item: Life Orb
|move|p1a: Garchomp|Scale Shot|p2a: Garchomp
|-supereffective|p2a: Garchomp
|-damage|p2a: Garchomp|0 fnt
|faint|p2a: Garchomp
|-hitcount|p2: Garchomp|1
|-unboost|p1a: Garchomp|def|1
|-boost|p1a: Garchomp|spe|1
|
|-heal|p1a: Garchomp|11/100|[from] item: Leftovers
|upkeep
|
|t:|1644584572
|switch|p2a: Kartana|Kartana|100/100
|turn|19
|
|t:|1644584575
|move|p1a: Garchomp|Earthquake|p2a: Kartana
|-damage|p2a: Kartana|0 fnt
|faint|p2a: Kartana
|
|-heal|p1a: Garchomp|17/100|[from] item: Leftovers
|-sideend|p1: kyysg|Reflect
|upkeep
|-message|vagmak forfeited.
|
|win|kyysg
|raw|kyysg's rating: 1625 &rarr; <strong>1653</strong><br />(+28 for winning)
|raw|vagmak's rating: 1776 &rarr; <strong>1748</strong><br />(-28 for losing)
|l|☆vagmak
