|j|☆Sp0oNl0rD
|j|☆RedDiamond1024
|t:|1647194916
|gametype|singles
|player|p1|Sp0oNl0rD|blackbelt-gen4dp|
|player|p2|RedDiamond1024|red|
|teamsize|p1|6
|teamsize|p2|6
|gen|8
|tier|[Gen 8] OU
|rule|Sleep Clause Mod: Limit one foe put to sleep
|rule|Species Clause: Limit one of each Pokémon
|rule|OHKO Clause: OHKO moves are banned
|rule|Evasion Moves Clause: Evasion moves are banned
|rule|Endless Battle Clause: Forcing endless battles is banned
|rule|HP Percentage Mod: HP is shown in percentages
|rule|Dynamax Clause: You cannot dynamax
|clearpoke
|poke|p1|Thundurus, M|
|poke|p1|Garchomp, F|
|poke|p1|Melmetal|
|poke|p1|Mew|
|poke|p1|Dragapult, M|
|poke|p1|Kartana|
|poke|p2|Keldeo-Resolute|
|poke|p2|Victini|
|poke|p2|Landorus-Therian, M|
|poke|p2|Corviknight, M|
|poke|p2|Kartana|
|poke|p2|Toxapex, M|
|teampreview
|inactive|Battle timer is ON: inactive players will automatically lose when time's up. (requested by Sp0oNl0rD)
|c|☆Sp0oNl0rD|hf
|c|☆RedDiamond1024|u2
|j| EGmiau
|j| SetsuStsna
|l| EGmiau
|
|t:|1647194937
|start
|switch|p1a: Mew|Mew|100/100
|switch|p2a: Clout lion|Landorus-Therian, M|100/100
|-ability|p2a: Clout lion|Intimidate|boost
|-unboost|p1a: Mew|atk|1
|turn|1
|j| BlueFins
|
|t:|1647194943
|move|p1a: Mew|Taunt|p2a: Clout lion
|-start|p2a: Clout lion|move: Taunt
|move|p2a: Clout lion|U-turn|p1a: Mew
|-supereffective|p1a: Mew
|-damage|p1a: Mew|63/100
|
|t:|1647194951
|switch|p2a: Shinigami|Kartana|100/100|[from]move: U-turn
|
|upkeep
|turn|2
|j| randomboy1108
|
|t:|1647194956
|move|p2a: Shinigami|Knock Off|p1a: Mew
|-supereffective|p1a: Mew
|-damage|p1a: Mew|0 fnt
|-enditem|p1a: Mew|Custap Berry|[from] move: Knock Off|[of] p2a: Shinigami
|faint|p1a: Mew
|-ability|p2a: Shinigami|Beast Boost|boost
|-boost|p2a: Shinigami|atk|1
|
|upkeep
|
|t:|1647194962
|switch|p1a: Thundurus|Thundurus, M|100/100
|turn|3
|c|☆Sp0oNl0rD|thinking about colbur mew
|c|☆Sp0oNl0rD|tbh
|
|t:|1647194972
|move|p1a: Thundurus|Thunder Wave|p2a: Shinigami
|-status|p2a: Shinigami|par
|move|p2a: Shinigami|Knock Off|p1a: Thundurus
|-damage|p1a: Thundurus|0 fnt
|-enditem|p1a: Thundurus|Life Orb|[from] move: Knock Off|[of] p2a: Shinigami
|faint|p1a: Thundurus
|-ability|p2a: Shinigami|Beast Boost|boost
|-boost|p2a: Shinigami|atk|1
|
|upkeep
|c|☆Sp0oNl0rD|too much knock off
|c| SetsuStsna|ive been using it
|
|t:|1647194977
|switch|p1a: Dragapult|Dragapult, M|100/100
|turn|4
|c| SetsuStsna|but then i fight beat up
|
|t:|1647194982
|move|p1a: Dragapult|Fire Blast|p2a: Shinigami
|-supereffective|p2a: Shinigami
|-damage|p2a: Shinigami|0 fnt
|faint|p2a: Shinigami
|-damage|p1a: Dragapult|91/100|[from] item: Life Orb
|
|upkeep
|c|☆Sp0oNl0rD|ye that's my problem
|c|☆Sp0oNl0rD|still loses to beat up
|
|t:|1647194991
|switch|p2a: Devastation|Keldeo-Resolute|100/100
|turn|5
|
|t:|1647195013
|move|p1a: Dragapult|Dragon Darts|p2a: Devastation
|-damage|p2a: Devastation|59/100
|-anim|p1a: Dragapult|Dragon Darts|p2a: Devastation
|-damage|p2a: Devastation|17/100
|-damage|p1a: Dragapult|81/100|[from] item: Life Orb
|move|p2a: Devastation|Icy Wind|p1a: Dragapult
|-supereffective|p1a: Dragapult
|-damage|p1a: Dragapult|0 fnt
|faint|p1a: Dragapult
|
|upkeep
|j| supersw0g
|
|t:|1647195023
|switch|p1a: Kartana|Kartana, shiny|100/100
|turn|6
|
|t:|1647195028
|switch|p2a: Gibraltar|Toxapex, M|100/100
|move|p1a: Kartana|Knock Off|p2a: Gibraltar
|-damage|p2a: Gibraltar|82/100
|-enditem|p2a: Gibraltar|Eject Button|[from] move: Knock Off|[of] p1a: Kartana
|
|upkeep
|turn|7
|l| supersw0g
|c|☆Sp0oNl0rD|should have just rocked t1
|
|t:|1647195045
|switch|p2a: Ceasar|Corviknight, M|100/100
|-ability|p2a: Ceasar|Pressure
|move|p1a: Kartana|Swords Dance|p1a: Kartana
|-boost|p1a: Kartana|atk|2
|
|upkeep
|turn|8
|c|☆Sp0oNl0rD|no hazards is really bad
|
|t:|1647195054
|move|p1a: Kartana|Swords Dance|p1a: Kartana
|-boost|p1a: Kartana|atk|2
|move|p2a: Ceasar|Body Press|p1a: Kartana
|-supereffective|p1a: Kartana
|-damage|p1a: Kartana|46/100
|
|upkeep
|turn|9
|
|t:|1647195061
|move|p1a: Kartana|Knock Off|p2a: Ceasar
|-damage|p2a: Ceasar|40/100
|-enditem|p2a: Ceasar|Leftovers|[from] move: Knock Off|[of] p1a: Kartana
|move|p2a: Ceasar|Body Press|p1a: Kartana
|-supereffective|p1a: Kartana
|-damage|p1a: Kartana|0 fnt
|faint|p1a: Kartana
|
|upkeep
|
|t:|1647195063
|switch|p1a: Garchomp|Garchomp, F|100/100
|turn|10
|
|t:|1647195071
|switch|p2a: Clout lion|Landorus-Therian, M|100/100
|-ability|p2a: Clout lion|Intimidate|boost
|-unboost|p1a: Garchomp|atk|1
|move|p1a: Garchomp|Scale Shot|p2a: Clout lion
|-damage|p2a: Clout lion|92/100
|-damage|p2a: Clout lion|84/100
|-damage|p2a: Clout lion|74/100
|-hitcount|p2a: Clout lion|3
|-unboost|p1a: Garchomp|def|1
|-boost|p1a: Garchomp|spe|1
|
|-heal|p2a: Clout lion|80/100|[from] item: Leftovers
|upkeep
|turn|11
|
|t:|1647195084
|move|p1a: Garchomp|Swords Dance|p1a: Garchomp
|-boost|p1a: Garchomp|atk|2
|move|p2a: Clout lion|Earthquake|p1a: Garchomp
|-damage|p1a: Garchomp|36/100
|
|-heal|p2a: Clout lion|86/100|[from] item: Leftovers
|upkeep
|turn|12
|j| knoert
|
|t:|1647195091
|move|p1a: Garchomp|Scale Shot|p2a: Clout lion
|-damage|p2a: Clout lion|67/100
|-damage|p2a: Clout lion|49/100
|-hitcount|p2a: Clout lion|2
|-unboost|p1a: Garchomp|def|1
|-boost|p1a: Garchomp|spe|1
|move|p2a: Clout lion|Earthquake|p1a: Garchomp
|-damage|p1a: Garchomp|0 fnt
|faint|p1a: Garchomp
|
|-heal|p2a: Clout lion|55/100|[from] item: Leftovers
|upkeep
|
|t:|1647195095
|switch|p1a: Melmetal|Melmetal|100/100
|turn|13
|c|☆Sp0oNl0rD|gg
|l| BlueFins
|l| knoert
|c|☆RedDiamond1024|gg
|
|t:|1647195104
|move|p2a: Clout lion|Earthquake|p1a: Melmetal
|-supereffective|p1a: Melmetal
|-damage|p1a: Melmetal|53/100
|move|p1a: Melmetal|Ice Punch|p2a: Clout lion
|-supereffective|p2a: Clout lion
|-damage|p2a: Clout lion|0 fnt
|faint|p2a: Clout lion
|
|upkeep
|
|t:|1647195112
|switch|p2a: Devastation|Keldeo-Resolute|17/100
|turn|14
|l| SetsuStsna
|c|☆Sp0oNl0rD|I ordered this horribly
|
|t:|1647195118
|move|p2a: Devastation|Hydro Pump|p1a: Melmetal
|-damage|p1a: Melmetal|0 fnt
|faint|p1a: Melmetal
|
|win|RedDiamond1024
|l|☆Sp0oNl0rD
|c|☆RedDiamond1024|gg
|l| randomboy1108
