|html|<div class="broadcast-blue"><strong>[Gen 8] OU is currently suspecting Kyurem! For information on how to participate check out the <a href="https://www.smogon.com/forums/threads/np-ss-ou-suspect-process-round-11-break-the-ice.3694129/">suspect thread</a>.</strong></div>
|j|☆Prisoner952
|j|☆LudwigFrog
|t:|1638413583
|gametype|singles
|player|p1|Prisoner952|blue-gen7|1727
|player|p2|LudwigFrog|hilbert-wonderlauncher|1778
|teamsize|p1|6
|teamsize|p2|6
|gen|8
|tier|[Gen 8] OU
|rated|
|rule|Sleep Clause Mod: Limit one foe put to sleep
|rule|Species Clause: Limit one of each Pokémon
|rule|OHKO Clause: OHKO moves are banned
|rule|Evasion Moves Clause: Evasion moves are banned
|rule|Endless Battle Clause: Forcing endless battles is banned
|rule|HP Percentage Mod: HP is shown in percentages
|rule|Dynamax Clause: You cannot dynamax
|clearpoke
|poke|p1|Tapu Lele|
|poke|p1|Polteageist-Antique|
|poke|p1|Excadrill, M|
|poke|p1|Landorus-Therian, M|
|poke|p1|Kyurem|
|poke|p1|Melmetal|
|poke|p2|Dragonite, F|
|poke|p2|Magnezone|
|poke|p2|Corviknight, M|
|poke|p2|Tapu Fini|
|poke|p2|Kartana|
|poke|p2|Garchomp, F|
|teampreview
|inactive|Battle timer is ON: inactive players will automatically lose when time's up. (requested by LudwigFrog)
|j| I am but a Clown
|inactive|LudwigFrog has 120 seconds left.
|
|t:|1638413635
|start
|switch|p1a: Landorus|Landorus-Therian, M|100/100
|switch|p2a: Corviknight|Corviknight, M|100/100
|-ability|p1a: Landorus|Intimidate|boost
|-unboost|p2a: Corviknight|atk|1
|-ability|p2a: Corviknight|Pressure
|turn|1
|
|t:|1638413647
|move|p1a: Landorus|Stealth Rock|p2a: Corviknight
|-sidestart|p2: LudwigFrog|move: Stealth Rock
|move|p2a: Corviknight|U-turn|p1a: Landorus
|-resisted|p1a: Landorus
|-damage|p1a: Landorus|95/100
|
|t:|1638413674
|switch|p2a: Tapu Fini|Tapu Fini|100/100|[from]move: U-turn
|-damage|p2a: Tapu Fini|88/100|[from] Stealth Rock
|-fieldstart|move: Misty Terrain|[from] ability: Misty Surge|[of] p2a: Tapu Fini
|
|-heal|p2a: Tapu Fini|94/100|[from] item: Leftovers
|upkeep
|turn|2
|
|t:|1638413697
|move|p1a: Landorus|Earthquake|p2a: Tapu Fini
|-damage|p2a: Tapu Fini|50/100
|move|p2a: Tapu Fini|Scald|p1a: Landorus
|-supereffective|p1a: Landorus
|-damage|p1a: Landorus|26/100
|
|-heal|p2a: Tapu Fini|56/100|[from] item: Leftovers
|upkeep
|turn|3
|j| firm believer
|
|t:|1638413705
|move|p1a: Landorus|Explosion|p2a: Tapu Fini
|-crit|p2a: Tapu Fini
|-damage|p2a: Tapu Fini|0 fnt
|faint|p1a: Landorus
|faint|p2a: Tapu Fini
|
|upkeep
|j| thebestcall
|c| thebestcall|lol
|
|t:|1638413717
|switch|p1a: Kyurem|Kyurem|100/100
|switch|p2a: Corviknight|Corviknight, M|100/100
|-ability|p1a: Kyurem|Pressure
|-damage|p2a: Corviknight|88/100|[from] Stealth Rock
|-ability|p2a: Corviknight|Pressure
|turn|4
|
|t:|1638413721
|move|p1a: Kyurem|Substitute|p1a: Kyurem
|-start|p1a: Kyurem|Substitute
|-damage|p1a: Kyurem|76/100
|move|p2a: Corviknight|Defog|p1a: Kyurem
|-sideend|p2: LudwigFrog|Stealth Rock|[from] move: Defog|[of] p2a: Corviknight
|-fieldend|Misty Terrain
|
|-heal|p1a: Kyurem|82/100|[from] item: Leftovers
|-heal|p2a: Corviknight|94/100|[from] item: Leftovers
|upkeep
|turn|5
|
|t:|1638413725
|move|p1a: Kyurem|Dragon Dance|p1a: Kyurem
|-boost|p1a: Kyurem|atk|1
|-boost|p1a: Kyurem|spe|1
|move|p2a: Corviknight|Brave Bird|p1a: Kyurem
|-end|p1a: Kyurem|Substitute
|-damage|p2a: Corviknight|85/100|[from] Recoil|[of] p1a: Kyurem
|
|-heal|p1a: Kyurem|88/100|[from] item: Leftovers
|-heal|p2a: Corviknight|91/100|[from] item: Leftovers
|upkeep
|turn|6
|
|t:|1638413728
|move|p1a: Kyurem|Dragon Dance|p1a: Kyurem
|-boost|p1a: Kyurem|atk|1
|-boost|p1a: Kyurem|spe|1
|move|p2a: Corviknight|U-turn|p1a: Kyurem
|-damage|p1a: Kyurem|78/100
|
|t:|1638413730
|switch|p2a: Magnezone|Magnezone|100/100|[from]move: U-turn
|
|-heal|p1a: Kyurem|84/100|[from] item: Leftovers
|upkeep
|turn|7
|
|t:|1638413736
|move|p1a: Kyurem|Substitute|p1a: Kyurem
|-start|p1a: Kyurem|Substitute
|-damage|p1a: Kyurem|59/100
|move|p2a: Magnezone|Flash Cannon|p1a: Kyurem
|-supereffective|p1a: Kyurem
|-crit|p1a: Kyurem
|-end|p1a: Kyurem|Substitute
|
|-heal|p1a: Kyurem|65/100|[from] item: Leftovers
|upkeep
|turn|8
|
|t:|1638413739
|move|p1a: Kyurem|Substitute|p1a: Kyurem
|-start|p1a: Kyurem|Substitute
|-damage|p1a: Kyurem|40/100
|move|p2a: Magnezone|Iron Defense|p2a: Magnezone
|-boost|p2a: Magnezone|def|2
|
|-heal|p1a: Kyurem|46/100|[from] item: Leftovers
|upkeep
|turn|9
|
|t:|1638413746
|move|p1a: Kyurem|Roost|p1a: Kyurem
|-heal|p1a: Kyurem|96/100
|-singleturn|p1a: Kyurem|move: Roost
|move|p2a: Magnezone|Flash Cannon|p1a: Kyurem
|-supereffective|p1a: Kyurem
|-end|p1a: Kyurem|Substitute
|
|-heal|p1a: Kyurem|100/100|[from] item: Leftovers
|upkeep
|turn|10
|
|t:|1638413751
|move|p1a: Kyurem|Substitute|p1a: Kyurem
|-start|p1a: Kyurem|Substitute
|-damage|p1a: Kyurem|76/100
|move|p2a: Magnezone|Body Press|p1a: Kyurem
|-supereffective|p1a: Kyurem
|-end|p1a: Kyurem|Substitute
|
|-heal|p1a: Kyurem|82/100|[from] item: Leftovers
|upkeep
|turn|11
|
|t:|1638413757
|move|p1a: Kyurem|Substitute|p1a: Kyurem
|-start|p1a: Kyurem|Substitute
|-damage|p1a: Kyurem|57/100
|move|p2a: Magnezone|Iron Defense|p2a: Magnezone
|-boost|p2a: Magnezone|def|2
|
|-heal|p1a: Kyurem|63/100|[from] item: Leftovers
|upkeep
|turn|12
|
|t:|1638413763
|move|p1a: Kyurem|Roost|p1a: Kyurem
|-heal|p1a: Kyurem|100/100
|-singleturn|p1a: Kyurem|move: Roost
|move|p2a: Magnezone|Flash Cannon|p1a: Kyurem
|-supereffective|p1a: Kyurem
|-end|p1a: Kyurem|Substitute
|
|upkeep
|turn|13
|
|t:|1638413782
|move|p1a: Kyurem|Substitute|p1a: Kyurem
|-start|p1a: Kyurem|Substitute
|-damage|p1a: Kyurem|76/100
|move|p2a: Magnezone|Body Press|p1a: Kyurem
|-supereffective|p1a: Kyurem
|-end|p1a: Kyurem|Substitute
|
|-heal|p1a: Kyurem|82/100|[from] item: Leftovers
|upkeep
|turn|14
|
|t:|1638413788
|move|p1a: Kyurem|Substitute|p1a: Kyurem
|-start|p1a: Kyurem|Substitute
|-damage|p1a: Kyurem|57/100
|move|p2a: Magnezone|Body Press|p1a: Kyurem
|-supereffective|p1a: Kyurem
|-end|p1a: Kyurem|Substitute
|
|-heal|p1a: Kyurem|63/100|[from] item: Leftovers
|upkeep
|turn|15
|
|t:|1638413799
|move|p1a: Kyurem|Roost|p1a: Kyurem
|-heal|p1a: Kyurem|100/100
|-singleturn|p1a: Kyurem|move: Roost
|move|p2a: Magnezone|Body Press|p1a: Kyurem
|-supereffective|p1a: Kyurem
|-damage|p1a: Kyurem|0 fnt
|faint|p1a: Kyurem
|
|upkeep
|
|t:|1638413804
|switch|p1a: Tapu Lele|Tapu Lele|100/100
|-fieldstart|move: Psychic Terrain|[from] ability: Psychic Surge|[of] p1a: Tapu Lele
|turn|16
|
|t:|1638413810
|switch|p2a: Corviknight|Corviknight, M|91/100
|-ability|p2a: Corviknight|Pressure
|move|p1a: Tapu Lele|Focus Blast|p2a: Corviknight|[miss]
|-miss|p1a: Tapu Lele|p2a: Corviknight
|
|-heal|p2a: Corviknight|97/100|[from] item: Leftovers
|upkeep
|turn|17
|
|t:|1638413819
|switch|p1a: Melmetal|Melmetal|100/100
|move|p2a: Corviknight|U-turn|p1a: Melmetal
|-resisted|p1a: Melmetal
|-damage|p1a: Melmetal|96/100
|
|t:|1638413821
|switch|p2a: Magnezone|Magnezone|100/100|[from]move: U-turn
|
|upkeep
|turn|18
|
|t:|1638413825
|move|p2a: Magnezone|Iron Defense|p2a: Magnezone
|-boost|p2a: Magnezone|def|2
|move|p1a: Melmetal|Superpower|p2a: Magnezone
|-supereffective|p2a: Magnezone
|-damage|p2a: Magnezone|62/100
|-unboost|p1a: Melmetal|atk|1
|-unboost|p1a: Melmetal|def|1
|
|upkeep
|turn|19
|j| MiniLarry
|
|t:|1638413829
|move|p2a: Magnezone|Body Press|p1a: Melmetal
|-supereffective|p1a: Melmetal
|-damage|p1a: Melmetal|0 fnt
|faint|p1a: Melmetal
|
|upkeep
|
|t:|1638413832
|switch|p1a: Excadrill|Excadrill, M|100/100
|-ability|p1a: Excadrill|Mold Breaker
|turn|20
|
|t:|1638413837
|move|p1a: Excadrill|Earthquake|p2a: Magnezone
|-supereffective|p2a: Magnezone
|-damage|p2a: Magnezone|0 fnt
|faint|p2a: Magnezone
|
|upkeep
|
|t:|1638413841
|switch|p2a: Dragonite|Dragonite, F|100/100
|turn|21
|
|t:|1638413843
|move|p1a: Excadrill|Rapid Spin|p2a: Dragonite
|-damage|p2a: Dragonite|81/100
|-boost|p1a: Excadrill|spe|1
|move|p2a: Dragonite|Earthquake|p1a: Excadrill
|-supereffective|p1a: Excadrill
|-damage|p1a: Excadrill|0 fnt
|faint|p1a: Excadrill
|
|upkeep
|j| egweohiwohg
|
|t:|1638413857
|switch|p1a: Tapu Lele|Tapu Lele|100/100
|turn|22
|
|t:|1638413860
|move|p1a: Tapu Lele|Moonblast|p2a: Dragonite
|-supereffective|p2a: Dragonite
|-damage|p2a: Dragonite|0 fnt
|faint|p2a: Dragonite
|
|upkeep
|
|t:|1638413863
|switch|p2a: Corviknight|Corviknight, M|97/100
|-ability|p2a: Corviknight|Pressure
|turn|23
|
|t:|1638413866
|move|p1a: Tapu Lele|Moonblast|p2a: Corviknight
|-resisted|p2a: Corviknight
|-damage|p2a: Corviknight|79/100
|move|p2a: Corviknight|Brave Bird|p1a: Tapu Lele
|-damage|p1a: Tapu Lele|40/100
|-damage|p2a: Corviknight|65/100|[from] Recoil
|
|-heal|p2a: Corviknight|72/100|[from] item: Leftovers
|-fieldend|move: Psychic Terrain
|upkeep
|turn|24
|
|t:|1638413869
|move|p1a: Tapu Lele|Psychic Terrain|p1a: Tapu Lele
|-fieldstart|move: Psychic Terrain
|move|p2a: Corviknight|Roost|p2a: Corviknight
|-heal|p2a: Corviknight|100/100
|-singleturn|p2a: Corviknight|move: Roost
|
|upkeep
|turn|25
|
|t:|1638413873
|move|p1a: Tapu Lele|Moonblast|p2a: Corviknight
|-resisted|p2a: Corviknight
|-damage|p2a: Corviknight|84/100
|move|p2a: Corviknight|Brave Bird|p1a: Tapu Lele
|-damage|p1a: Tapu Lele|0 fnt
|faint|p1a: Tapu Lele
|-damage|p2a: Corviknight|75/100|[from] Recoil
|
|-heal|p2a: Corviknight|81/100|[from] item: Leftovers
|upkeep
|
|t:|1638413875
|switch|p1a: Polteageist|Polteageist-Antique|100/100
|turn|26
|
|t:|1638413878
|move|p1a: Polteageist|Shell Smash|p1a: Polteageist
|-unboost|p1a: Polteageist|def|1
|-unboost|p1a: Polteageist|spd|1
|-boost|p1a: Polteageist|atk|2
|-boost|p1a: Polteageist|spa|2
|-boost|p1a: Polteageist|spe|2
|move|p2a: Corviknight|Brave Bird|p1a: Polteageist
|-enditem|p1a: Polteageist|Focus Sash
|-damage|p1a: Polteageist|1/100
|-ability|p1a: Polteageist|Weak Armor|boost
|-unboost|p1a: Polteageist|def|1
|-boost|p1a: Polteageist|spe|2
|-damage|p2a: Corviknight|60/100|[from] Recoil
|
|-heal|p2a: Corviknight|66/100|[from] item: Leftovers
|upkeep
|turn|27
|
|t:|1638413881
|move|p1a: Polteageist|Shadow Ball|p2a: Corviknight
|-damage|p2a: Corviknight|4/100
|move|p2a: Corviknight|Roost|p2a: Corviknight
|-heal|p2a: Corviknight|54/100
|-singleturn|p2a: Corviknight|move: Roost
|
|-heal|p2a: Corviknight|60/100|[from] item: Leftovers
|upkeep
|turn|28
|j| randomdbzguy
|
|t:|1638413905
|move|p1a: Polteageist|Shadow Ball|p2a: Corviknight
|-damage|p2a: Corviknight|0 fnt
|faint|p2a: Corviknight
|
|upkeep
|
|t:|1638413907
|switch|p2a: Kartana|Kartana|100/100
|turn|29
|c|☆LudwigFrog|if I birded that turn
|
|t:|1638413917
|move|p1a: Polteageist|Shadow Ball|p2a: Kartana
|-damage|p2a: Kartana|0 fnt
|faint|p2a: Kartana
|
|upkeep
|
|t:|1638413919
|switch|p2a: Garchomp|Garchomp, F|100/100
|turn|30
|
|t:|1638413921
|move|p1a: Polteageist|Stored Power|p2a: Garchomp
|-damage|p2a: Garchomp|0 fnt
|faint|p2a: Garchomp
|
|win|Prisoner952
|raw|Prisoner952's rating: 1727 &rarr; <strong>1750</strong><br />(+23 for winning)
|raw|LudwigFrog's rating: 1778 &rarr; <strong>1755</strong><br />(-23 for losing)
|l| randomdbzguy
|l|☆Prisoner952
|l| firm believer
|l|☆LudwigFrog
|c| thebestcall|choke of the year
