|j|☆wsdfg
|j|☆Corumba
|t:|1608146198
|player|p1|wsdfg|burglar|1781
|player|p2|Corumba|schoolkid-gen4|1820
|teamsize|p1|6
|teamsize|p2|6
|gametype|singles
|gen|8
|tier|[Gen 8] OU
|rated|
|clearpoke
|poke|p1|Cinderace, M|
|poke|p1|Spectrier|
|poke|p1|Urshifu-*, F|
|poke|p1|Ferrothorn, M|
|poke|p1|Toxapex, M|
|poke|p1|Magearna|
|poke|p2|Hydreigon, F|
|poke|p2|Landorus-Therian, M|
|poke|p2|Tapu Fini|
|poke|p2|Tornadus-Therian, M|
|poke|p2|Thundurus, M|
|poke|p2|Magearna|
|rule|Sleep Clause Mod: Limit one foe put to sleep
|rule|Species Clause: Limit one of each Pokémon
|rule|OHKO Clause: OHKO moves are banned
|rule|Evasion Moves Clause: Evasion moves are banned
|rule|Endless Battle Clause: Forcing endless battles is banned
|rule|HP Percentage Mod: HP is shown in percentages
|rule|Dynamax Clause: You cannot dynamax
|teampreview
|j| Whammy696969
|
|t:|1608146227
|start
|switch|p1a: Ferrothorn|Ferrothorn, M|100/100
|switch|p2a: Tapu Fini|Tapu Fini|100/100
|-fieldstart|move: Misty Terrain|[from] ability: Misty Surge|[of] p2a: Tapu Fini
|turn|1
|j| robloxiannooby1101
|
|t:|1608146234
|switch|p1a: Spectrier|Spectrier|100/100
|move|p2a: Tapu Fini|Trick|p1a: Spectrier
|-activate|p2a: Tapu Fini|move: Trick|[of] p1a: Spectrier
|-item|p1a: Spectrier|Choice Scarf|[from] move: Trick
|-item|p2a: Tapu Fini|Choice Specs|[from] move: Trick
|
|upkeep
|turn|2
|c| robloxiannooby1101|CORUMBA
|c| robloxiannooby1101|i saw you yestefay
|j| my emoji is goat
|j| Parrot67
|
|t:|1608146250
|move|p1a: Spectrier|Shadow Ball|p2a: Tapu Fini
|-damage|p2a: Tapu Fini|54/100
|move|p2a: Tapu Fini|Surf|p1a: Spectrier
|-damage|p1a: Spectrier|30/100
|
|upkeep
|turn|3
|c| robloxiannooby1101|i changed my name tho
|
|t:|1608146260
|switch|p2a: Hydreigon|Hydreigon, F|100/100
|move|p1a: Spectrier|Shadow Ball|p2a: Hydreigon
|-resisted|p2a: Hydreigon
|-damage|p2a: Hydreigon|72/100
|
|upkeep
|turn|4
|c|☆Corumba|ok
|
|t:|1608146274
|switch|p1a: Toxapex|Toxapex, M|100/100
|move|p2a: Hydreigon|Dark Pulse|p1a: Toxapex
|-damage|p1a: Toxapex|77/100
|
|-heal|p1a: Toxapex|83/100|[from] item: Black Sludge
|upkeep
|turn|5
|j| Mario Carti
|
|t:|1608146285
|switch|p2a: Tapu Fini|Tapu Fini|54/100
|move|p1a: Toxapex|Toxic Spikes|p2a: Tapu Fini
|-sidestart|p2: Corumba|move: Toxic Spikes
|
|-heal|p1a: Toxapex|89/100|[from] item: Black Sludge
|-fieldend|Misty Terrain
|upkeep
|turn|6
|
|t:|1608146291
|switch|p1a: Spectrier|Spectrier|30/100
|move|p2a: Tapu Fini|Trick|p1a: Spectrier
|-activate|p2a: Tapu Fini|move: Trick|[of] p1a: Spectrier
|-item|p1a: Spectrier|Choice Specs|[from] move: Trick
|-item|p2a: Tapu Fini|Choice Scarf|[from] move: Trick
|
|upkeep
|turn|7
|
|t:|1608146298
|switch|p1a: Ferrothorn|Ferrothorn, M|100/100
|move|p2a: Tapu Fini|Trick|p1a: Ferrothorn
|-activate|p2a: Tapu Fini|move: Trick|[of] p1a: Ferrothorn
|-item|p1a: Ferrothorn|Choice Scarf|[from] move: Trick
|-item|p2a: Tapu Fini|Leftovers|[from] move: Trick
|
|-heal|p2a: Tapu Fini|60/100|[from] item: Leftovers
|upkeep
|turn|8
|j| AnimaticLunatic
|c| robloxiannooby1101|you both look like your dropping something... THESE WINS
|j| Zack Tigerfist
|l| AnimaticLunatic
|
|t:|1608146314
|move|p2a: Tapu Fini|Defog|p1a: Ferrothorn
|-unboost|p1a: Ferrothorn|evasion|1
|-sideend|p2: Corumba|Toxic Spikes|[from] move: Defog|[of] p2a: Tapu Fini
|move|p1a: Ferrothorn|Stealth Rock|p2a: Tapu Fini
|-sidestart|p2: Corumba|move: Stealth Rock
|
|-heal|p2a: Tapu Fini|66/100|[from] item: Leftovers
|upkeep
|turn|9
|
|t:|1608146321
|switch|p1a: Magearna|Magearna|100/100
|move|p2a: Tapu Fini|Defog|p1a: Magearna
|-unboost|p1a: Magearna|evasion|1
|-sideend|p2: Corumba|Stealth Rock|[from] move: Defog|[of] p2a: Tapu Fini
|
|-heal|p2a: Tapu Fini|72/100|[from] item: Leftovers
|upkeep
|turn|10
|
|t:|1608146326
|switch|p2a: Magearna|Magearna|100/100
|move|p1a: Magearna|Iron Defense|p1a: Magearna
|-boost|p1a: Magearna|def|2
|
|upkeep
|turn|11
|j| 0zorcNecropHADES
|
|t:|1608146331
|move|p2a: Magearna|Trick|p1a: Magearna
|-activate|p2a: Magearna|move: Trick|[of] p1a: Magearna
|-item|p1a: Magearna|Choice Scarf|[from] move: Trick
|-item|p2a: Magearna|Leftovers|[from] move: Trick
|move|p1a: Magearna|Calm Mind|p1a: Magearna
|-boost|p1a: Magearna|spa|1
|-boost|p1a: Magearna|spd|1
|
|upkeep
|turn|12
|
|t:|1608146338
|switch|p1a: Cinderace|Cinderace, M|100/100
|move|p2a: Magearna|Volt Switch|p1a: Cinderace
|-damage|p1a: Cinderace|63/100
|l| Whammy696969
|j| Sunday Craing
|
|t:|1608146352
|switch|p2a: Landorus|Landorus-Therian, M|100/100|[from]move: Volt Switch
|-ability|p2a: Landorus|Intimidate|boost
|-unboost|p1a: Cinderace|atk|1
|
|upkeep
|turn|13
|
|t:|1608146357
|switch|p1a: Ferrothorn|Ferrothorn, M|100/100
|move|p2a: Landorus|Earthquake|p1a: Ferrothorn
|-damage|p1a: Ferrothorn|75/100
|
|upkeep
|turn|14
|
|t:|1608146364
|move|p2a: Landorus|Stealth Rock|p1a: Ferrothorn
|-sidestart|p1: wsdfg|move: Stealth Rock
|move|p1a: Ferrothorn|Leech Seed|p2a: Landorus
|-start|p2a: Landorus|move: Leech Seed
|
|-damage|p2a: Landorus|88/100|[from] Leech Seed|[of] p1a: Ferrothorn
|-heal|p1a: Ferrothorn|88/100|[silent]
|upkeep
|turn|15
|
|t:|1608146370
|move|p2a: Landorus|Swords Dance|p2a: Landorus
|-boost|p2a: Landorus|atk|2
|move|p1a: Ferrothorn|Leech Seed||[still]
|-fail|p1a: Ferrothorn
|
|-heal|p2a: Landorus|94/100|[from] item: Leftovers
|-damage|p2a: Landorus|82/100|[from] Leech Seed|[of] p1a: Ferrothorn
|-heal|p1a: Ferrothorn|100/100|[silent]
|upkeep
|turn|16
|
|t:|1608146376
|move|p2a: Landorus|Earthquake|p1a: Ferrothorn
|-damage|p1a: Ferrothorn|47/100
|move|p1a: Ferrothorn|Leech Seed||[still]
|-fail|p1a: Ferrothorn
|
|-heal|p2a: Landorus|88/100|[from] item: Leftovers
|-damage|p2a: Landorus|76/100|[from] Leech Seed|[of] p1a: Ferrothorn
|-heal|p1a: Ferrothorn|60/100|[silent]
|upkeep
|turn|17
|
|t:|1608146381
|switch|p1a: Urshifu|Urshifu, F|100/100
|-damage|p1a: Urshifu|94/100|[from] Stealth Rock
|move|p2a: Landorus|Earthquake|p1a: Urshifu
|-damage|p1a: Urshifu|3/100
|
|-heal|p2a: Landorus|82/100|[from] item: Leftovers
|-damage|p2a: Landorus|69/100|[from] Leech Seed|[of] p1a: Urshifu
|-heal|p1a: Urshifu|17/100|[silent]
|upkeep
|turn|18
|
|t:|1608146391
|move|p1a: Urshifu|Wicked Blow|p2a: Landorus
|-crit|p2a: Landorus
|-damage|p2a: Landorus|0 fnt
|faint|p2a: Landorus
|
|upkeep
|
|t:|1608146397
|switch|p2a: Tornadus|Tornadus-Therian, M|100/100
|turn|19
|
|t:|1608146402
|switch|p1a: Toxapex|Toxapex, M|100/100
|-damage|p1a: Toxapex|88/100|[from] Stealth Rock
|move|p2a: Tornadus|Heat Wave|p1a: Toxapex
|-resisted|p1a: Toxapex
|-damage|p1a: Toxapex|75/100
|
|-heal|p1a: Toxapex|81/100|[from] item: Black Sludge
|upkeep
|turn|20
|
|t:|1608146407
|switch|p2a: Thundurus|Thundurus, M|100/100
|move|p1a: Toxapex|Toxic Spikes|p2a: Thundurus
|-sidestart|p2: Corumba|move: Toxic Spikes
|
|-heal|p1a: Toxapex|87/100|[from] item: Black Sludge
|upkeep
|turn|21
|
|t:|1608146415
|switch|p1a: Cinderace|Cinderace, M|63/100
|move|p2a: Thundurus|Nasty Plot|p2a: Thundurus
|-boost|p2a: Thundurus|spa|2
|
|upkeep
|turn|22
|
|t:|1608146419
|move|p2a: Thundurus|Thunder Wave|p1a: Cinderace
|-status|p1a: Cinderace|par
|move|p1a: Cinderace|Pyro Ball|p2a: Thundurus
|-damage|p2a: Thundurus|8/100
|
|upkeep
|turn|23
|
|t:|1608146426
|move|p2a: Thundurus|Thunderbolt|p1a: Cinderace
|-damage|p1a: Cinderace|0 fnt
|faint|p1a: Cinderace
|
|upkeep
|l| robloxiannooby1101
|
|t:|1608146442
|switch|p1a: Urshifu|Urshifu, F|17/100
|-damage|p1a: Urshifu|10/100|[from] Stealth Rock
|turn|24
|
|t:|1608146448
|switch|p2a: Tapu Fini|Tapu Fini|72/100
|-status|p2a: Tapu Fini|psn
|-fieldstart|move: Misty Terrain|[from] ability: Misty Surge|[of] p2a: Tapu Fini
|move|p1a: Urshifu|Wicked Blow|p2a: Tapu Fini
|-resisted|p2a: Tapu Fini
|-crit|p2a: Tapu Fini
|-damage|p2a: Tapu Fini|24/100 psn
|
|-heal|p2a: Tapu Fini|30/100 psn|[from] item: Leftovers
|-damage|p2a: Tapu Fini|18/100 psn|[from] psn
|upkeep
|turn|25
|
|t:|1608146459
|move|p1a: Urshifu|Wicked Blow|p2a: Tapu Fini
|-resisted|p2a: Tapu Fini
|-crit|p2a: Tapu Fini
|-damage|p2a: Tapu Fini|0 fnt
|faint|p2a: Tapu Fini
|
|upkeep
|
|t:|1608146464
|switch|p2a: Tornadus|Tornadus-Therian, M|100/100
|turn|26
|
|t:|1608146469
|switch|p1a: Toxapex|Toxapex, M|100/100
|-damage|p1a: Toxapex|88/100|[from] Stealth Rock
|move|p2a: Tornadus|Air Slash|p1a: Toxapex
|-damage|p1a: Toxapex|55/100
|
|-heal|p1a: Toxapex|61/100|[from] item: Black Sludge
|upkeep
|turn|27
|
|t:|1608146477
|move|p2a: Tornadus|Air Slash|p1a: Toxapex
|-damage|p1a: Toxapex|28/100
|move|p1a: Toxapex|Knock Off|p2a: Tornadus
|-damage|p2a: Tornadus|78/100
|-enditem|p2a: Tornadus|Choice Specs|[from] move: Knock Off|[of] p1a: Toxapex
|
|-heal|p1a: Toxapex|35/100|[from] item: Black Sludge
|upkeep
|turn|28
|l| Sunday Craing
|
|t:|1608146483
|move|p2a: Tornadus|Air Slash|p1a: Toxapex
|-damage|p1a: Toxapex|13/100
|move|p1a: Toxapex|Recover|p1a: Toxapex
|-heal|p1a: Toxapex|63/100
|
|-heal|p1a: Toxapex|69/100|[from] item: Black Sludge
|-fieldend|Misty Terrain
|upkeep
|turn|29
|
|t:|1608146488
|move|p2a: Tornadus|Hurricane|p1a: Toxapex|[miss]
|-miss|p2a: Tornadus|p1a: Toxapex
|move|p1a: Toxapex|Recover|p1a: Toxapex
|-heal|p1a: Toxapex|100/100
|
|upkeep
|turn|30
|
|t:|1608146491
|move|p2a: Tornadus|Hurricane|p1a: Toxapex
|-damage|p1a: Toxapex|67/100
|move|p1a: Toxapex|Knock Off|p2a: Tornadus
|-damage|p2a: Tornadus|64/100
|
|-heal|p1a: Toxapex|73/100|[from] item: Black Sludge
|upkeep
|turn|31
|
|t:|1608146496
|move|p2a: Tornadus|Air Slash|p1a: Toxapex
|-crit|p1a: Toxapex
|-damage|p1a: Toxapex|39/100
|move|p1a: Toxapex|Knock Off|p2a: Tornadus
|-damage|p2a: Tornadus|50/100
|
|-heal|p1a: Toxapex|46/100|[from] item: Black Sludge
|upkeep
|turn|32
|l| Parrot67
|
|t:|1608146501
|move|p2a: Tornadus|Air Slash|p1a: Toxapex
|-damage|p1a: Toxapex|23/100
|move|p1a: Toxapex|Recover|p1a: Toxapex
|-heal|p1a: Toxapex|73/100
|
|-heal|p1a: Toxapex|79/100|[from] item: Black Sludge
|upkeep
|turn|33
|j| epsilon_xd
|
|t:|1608146521
|switch|p1a: Ferrothorn|Ferrothorn, M|60/100
|-damage|p1a: Ferrothorn|54/100|[from] Stealth Rock
|move|p2a: Tornadus|Hurricane|p1a: Ferrothorn
|-damage|p1a: Ferrothorn|8/100
|
|upkeep
|turn|34
|
|t:|1608146529
|move|p2a: Tornadus|Heat Wave|p1a: Ferrothorn
|-supereffective|p1a: Ferrothorn
|-damage|p1a: Ferrothorn|0 fnt
|faint|p1a: Ferrothorn
|
|upkeep
|
|t:|1608146531
|switch|p1a: Spectrier|Spectrier|30/100
|-damage|p1a: Spectrier|18/100|[from] Stealth Rock
|turn|35
|
|t:|1608146538
|switch|p2a: Hydreigon|Hydreigon, F|72/100
|move|p1a: Spectrier|Shadow Ball|p2a: Hydreigon
|-resisted|p2a: Hydreigon
|-damage|p2a: Hydreigon|35/100
|
|upkeep
|turn|36
|
|t:|1608146551
|move|p1a: Spectrier|Shadow Ball|p2a: Hydreigon
|-resisted|p2a: Hydreigon
|-damage|p2a: Hydreigon|0 fnt
|faint|p2a: Hydreigon
|-ability|p1a: Spectrier|Grim Neigh|boost
|-boost|p1a: Spectrier|spa|1
|
|upkeep
|
|t:|1608146554
|switch|p2a: Thundurus|Thundurus, M|8/100
|turn|37
|
|t:|1608146564
|move|p2a: Thundurus|Thunder Wave|p1a: Spectrier
|-status|p1a: Spectrier|par
|move|p1a: Spectrier|Shadow Ball|p2a: Thundurus
|-damage|p2a: Thundurus|0 fnt
|faint|p2a: Thundurus
|-ability|p1a: Spectrier|Grim Neigh|boost
|-boost|p1a: Spectrier|spa|1
|
|upkeep
|
|t:|1608146580
|switch|p2a: Magearna|Magearna|100/100
|turn|38
|
|t:|1608146590
|move|p2a: Magearna|Volt Switch|p1a: Spectrier
|-damage|p1a: Spectrier|0 fnt
|faint|p1a: Spectrier
|-ability|p2a: Magearna|Soul-Heart|boost
|-boost|p2a: Magearna|spa|1
|
|t:|1608146595
|switch|p2a: Tornadus|Tornadus-Therian, M|83/100|[from]move: Volt Switch
|
|upkeep
|
|t:|1608146602
|switch|p1a: Toxapex|Toxapex, M|100/100
|-damage|p1a: Toxapex|88/100|[from] Stealth Rock
|turn|39
|
|t:|1608146642
|move|p2a: Tornadus|Air Slash|p1a: Toxapex
|-crit|p1a: Toxapex
|-damage|p1a: Toxapex|55/100
|move|p1a: Toxapex|Knock Off|p2a: Tornadus
|-damage|p2a: Tornadus|70/100
|
|-heal|p1a: Toxapex|62/100|[from] item: Black Sludge
|upkeep
|turn|40
|
|t:|1608146649
|move|p2a: Tornadus|Hurricane|p1a: Toxapex
|-damage|p1a: Toxapex|28/100
|move|p1a: Toxapex|Recover|p1a: Toxapex
|-heal|p1a: Toxapex|78/100
|
|-heal|p1a: Toxapex|84/100|[from] item: Black Sludge
|upkeep
|turn|41
|
|t:|1608146654
|move|p2a: Tornadus|Hurricane|p1a: Toxapex
|-damage|p1a: Toxapex|52/100
|-start|p1a: Toxapex|confusion
|-activate|p1a: Toxapex|confusion
|move|p1a: Toxapex|Knock Off|p2a: Tornadus
|-damage|p2a: Tornadus|55/100
|
|-heal|p1a: Toxapex|59/100|[from] item: Black Sludge
|upkeep
|turn|42
|
|t:|1608146656
|move|p2a: Tornadus|Air Slash|p1a: Toxapex
|-damage|p1a: Toxapex|38/100
|-activate|p1a: Toxapex|confusion
|move|p1a: Toxapex|Recover|p1a: Toxapex
|-heal|p1a: Toxapex|88/100
|
|-heal|p1a: Toxapex|94/100|[from] item: Black Sludge
|upkeep
|turn|43
|
|t:|1608146661
|move|p2a: Tornadus|Air Slash|p1a: Toxapex
|-damage|p1a: Toxapex|72/100
|-activate|p1a: Toxapex|confusion
|move|p1a: Toxapex|Knock Off|p2a: Tornadus
|-damage|p2a: Tornadus|40/100
|
|-heal|p1a: Toxapex|78/100|[from] item: Black Sludge
|upkeep
|turn|44
|
|t:|1608146665
|switch|p2a: Magearna|Magearna|100/100
|-end|p1a: Toxapex|confusion
|move|p1a: Toxapex|Knock Off|p2a: Magearna
|-resisted|p2a: Magearna
|-damage|p2a: Magearna|93/100
|-enditem|p2a: Magearna|Leftovers|[from] move: Knock Off|[of] p1a: Toxapex
|
|-heal|p1a: Toxapex|84/100|[from] item: Black Sludge
|upkeep
|turn|45
|
|t:|1608146671
|move|p2a: Magearna|Volt Switch|p1a: Toxapex
|-supereffective|p1a: Toxapex
|-damage|p1a: Toxapex|51/100
|
|t:|1608146675
|switch|p2a: Tornadus|Tornadus-Therian, M|73/100|[from]move: Volt Switch
|move|p1a: Toxapex|Knock Off|p2a: Tornadus
|-damage|p2a: Tornadus|59/100
|
|-heal|p1a: Toxapex|57/100|[from] item: Black Sludge
|upkeep
|turn|46
|
|t:|1608146681
|move|p2a: Tornadus|Air Slash|p1a: Toxapex
|-damage|p1a: Toxapex|33/100
|cant|p1a: Toxapex|flinch
|
|-heal|p1a: Toxapex|40/100|[from] item: Black Sludge
|upkeep
|turn|47
|
|t:|1608146688
|move|p2a: Tornadus|Hurricane|p1a: Toxapex
|-damage|p1a: Toxapex|10/100
|move|p1a: Toxapex|Recover|p1a: Toxapex
|-heal|p1a: Toxapex|60/100
|
|-heal|p1a: Toxapex|66/100|[from] item: Black Sludge
|upkeep
|turn|48
|
|t:|1608146695
|move|p2a: Tornadus|Hurricane|p1a: Toxapex
|-damage|p1a: Toxapex|35/100
|move|p1a: Toxapex|Knock Off|p2a: Tornadus
|-damage|p2a: Tornadus|44/100
|
|-heal|p1a: Toxapex|41/100|[from] item: Black Sludge
|upkeep
|turn|49
|
|t:|1608146703
|switch|p1a: Urshifu|Urshifu, F|10/100
|-damage|p1a: Urshifu|4/100|[from] Stealth Rock
|move|p2a: Tornadus|Hurricane|p1a: Urshifu|[miss]
|-miss|p2a: Tornadus|p1a: Urshifu
|
|upkeep
|turn|50
|
|t:|1608146712
|move|p2a: Tornadus|Air Slash|p1a: Urshifu
|-supereffective|p1a: Urshifu
|-damage|p1a: Urshifu|0 fnt
|faint|p1a: Urshifu
|
|upkeep
|
|t:|1608146714
|switch|p1a: Magearna|Magearna|100/100
|-damage|p1a: Magearna|94/100|[from] Stealth Rock
|turn|51
|c|☆Corumba|in
|c|☆Corumba|your
|c|☆Corumba|face
|
|t:|1608146723
|move|p2a: Tornadus|Heat Wave|p1a: Magearna
|-supereffective|p1a: Magearna
|-damage|p1a: Magearna|44/100
|move|p1a: Magearna|Draining Kiss|p2a: Tornadus
|-damage|p2a: Tornadus|17/100
|-heal|p1a: Magearna|61/100|[from] drain|[of] p2a: Tornadus
|
|upkeep
|turn|52
|
|t:|1608146730
|switch|p2a: Magearna|Magearna|93/100
|move|p1a: Magearna|Draining Kiss|p2a: Magearna
|-resisted|p2a: Magearna
|-damage|p2a: Magearna|82/100
|-heal|p1a: Magearna|68/100|[from] drain|[of] p2a: Magearna
|
|upkeep
|turn|53
|
|t:|1608146737
|move|p2a: Magearna|Flash Cannon|p1a: Magearna
|-damage|p1a: Magearna|33/100
|move|p1a: Magearna|Draining Kiss|p2a: Magearna
|-resisted|p2a: Magearna
|-damage|p2a: Magearna|71/100
|-heal|p1a: Magearna|40/100|[from] drain|[of] p2a: Magearna
|
|upkeep
|turn|54
|
|t:|1608146747
|move|p2a: Magearna|Flash Cannon|p1a: Magearna
|-damage|p1a: Magearna|4/100
|move|p1a: Magearna|Draining Kiss|p2a: Magearna
|-resisted|p2a: Magearna
|-damage|p2a: Magearna|61/100
|-heal|p1a: Magearna|10/100|[from] drain|[of] p2a: Magearna
|
|upkeep
|turn|55
|
|t:|1608146754
|switch|p1a: Toxapex|Toxapex, M|75/100
|-damage|p1a: Toxapex|62/100|[from] Stealth Rock
|move|p2a: Magearna|Flash Cannon|p1a: Toxapex
|-resisted|p1a: Toxapex
|-damage|p1a: Toxapex|48/100
|
|-heal|p1a: Toxapex|54/100|[from] item: Black Sludge
|upkeep
|turn|56
|
|t:|1608146762
|move|p2a: Magearna|Volt Switch|p1a: Toxapex
|-supereffective|p1a: Toxapex
|-damage|p1a: Toxapex|23/100
|
|t:|1608146765
|switch|p2a: Tornadus|Tornadus-Therian, M|50/100|[from]move: Volt Switch
|move|p1a: Toxapex|Recover|p1a: Toxapex
|-heal|p1a: Toxapex|73/100
|
|-heal|p1a: Toxapex|79/100|[from] item: Black Sludge
|upkeep
|turn|57
|
|t:|1608146773
|switch|p2a: Magearna|Magearna|61/100
|move|p1a: Toxapex|Knock Off|p2a: Magearna
|-resisted|p2a: Magearna
|-damage|p2a: Magearna|55/100
|
|-heal|p1a: Toxapex|85/100|[from] item: Black Sludge
|upkeep
|turn|58
|
|t:|1608146780
|switch|p1a: Magearna|Magearna|10/100
|-damage|p1a: Magearna|4/100|[from] Stealth Rock
|move|p2a: Magearna|Volt Switch|p1a: Magearna
|-damage|p1a: Magearna|0 fnt
|faint|p1a: Magearna
|-ability|p2a: Magearna|Soul-Heart|boost
|-boost|p2a: Magearna|spa|1
|
|t:|1608146789
|switch|p2a: Tornadus|Tornadus-Therian, M|83/100|[from]move: Volt Switch
|
|upkeep
|
|t:|1608146791
|switch|p1a: Toxapex|Toxapex, M|100/100
|-damage|p1a: Toxapex|88/100|[from] Stealth Rock
|turn|59
|
|t:|1608146795
|move|p2a: Tornadus|Hurricane|p1a: Toxapex
|-damage|p1a: Toxapex|58/100
|move|p1a: Toxapex|Knock Off|p2a: Tornadus
|-damage|p2a: Tornadus|70/100
|
|-heal|p1a: Toxapex|64/100|[from] item: Black Sludge
|upkeep
|turn|60
|
|t:|1608146801
|move|p2a: Tornadus|Hurricane|p1a: Toxapex
|-damage|p1a: Toxapex|32/100
|-start|p1a: Toxapex|confusion
|-activate|p1a: Toxapex|confusion
|move|p1a: Toxapex|Knock Off|p2a: Tornadus
|-damage|p2a: Tornadus|57/100
|
|-heal|p1a: Toxapex|38/100|[from] item: Black Sludge
|upkeep
|turn|61
|
|t:|1608146807
|move|p2a: Tornadus|Hurricane|p1a: Toxapex
|-crit|p1a: Toxapex
|-damage|p1a: Toxapex|0 fnt
|faint|p1a: Toxapex
|
|win|Corumba
|c|☆wsdfg|gg
|c|☆Corumba|gg
|l|☆wsdfg
|l|☆Corumba
