|j|☆kazt 5
|j|☆Thats quite unfor
|inactive|Battle timer is ON: inactive players will automatically lose when time's up.
|t:|1619689290
|gametype|singles
|player|p1|kazt 5|dawn|
|player|p2|Thats quite unfor|hilda-dueldisk|
|teamsize|p1|6
|teamsize|p2|6
|gen|8
|tier|[Gen 8] OU
|rated|Tournament battle
|clearpoke
|poke|p1|Cinderace, F|
|poke|p1|Dragapult, M|
|poke|p1|Tapu Lele|
|poke|p1|Gliscor, M|
|poke|p1|Mandibuzz, F|
|poke|p1|Melmetal|
|poke|p2|Tapu Koko|
|poke|p2|Cinderace, M|
|poke|p2|Toxapex, M|
|poke|p2|Tangrowth, M|
|poke|p2|Mandibuzz, F|
|poke|p2|Excadrill, M|
|rule|Sleep Clause Mod: Limit one foe put to sleep
|rule|Species Clause: Limit one of each Pokémon
|rule|OHKO Clause: OHKO moves are banned
|rule|Evasion Moves Clause: Evasion moves are banned
|rule|Endless Battle Clause: Forcing endless battles is banned
|rule|HP Percentage Mod: HP is shown in percentages
|rule|Dynamax Clause: You cannot dynamax
|teampreview
|c|☆Thats quite unfor|hf
|j| Mimikyu VG7
|j| Mr_PichuPikaRai
|c|☆kazt 5|hf
|c| Mimikyu VG7|finals I think
|c| Mr_PichuPikaRai|gl both of u
|c| Mimikyu VG7|hf
|
|t:|1619689309
|start
|switch|p1a: Gliscor|Gliscor, M|100/100
|switch|p2a: Tapu Koko|Tapu Koko|100/100
|-fieldstart|move: Electric Terrain|[from] ability: Electric Surge|[of] p2a: Tapu Koko
|turn|1
|j| Piyush21
|j| Ian_Yo
|j|%georgiethefirst
|
|t:|1619689315
|switch|p2a: Toxapex|Toxapex, M|100/100
|move|p1a: Gliscor|Stealth Rock|p2a: Toxapex
|-sidestart|p2: Thats quite unfor|move: Stealth Rock
|
|-status|p1a: Gliscor|tox|[from] item: Toxic Orb
|upkeep
|turn|2
|
|t:|1619689319
|move|p1a: Gliscor|U-turn|p2a: Toxapex
|-resisted|p2a: Toxapex
|-damage|p2a: Toxapex|96/100
|l|%georgiethefirst
|c| Piyush21|lol thats quite unfor in finals
|c| Piyush21|never thought would see this
|c| Mr_PichuPikaRai|why not? lol
|
|t:|1619689335
|switch|p1a: Mandibuzz|Mandibuzz, F|100/100|[from]move: U-turn
|move|p2a: Toxapex|Scald|p1a: Mandibuzz
|-damage|p1a: Mandibuzz|86/100
|-status|p1a: Mandibuzz|brn
|
|-damage|p1a: Mandibuzz|80/100 brn|[from] brn
|upkeep
|turn|3
|c| Mimikyu VG7|Gliscor just erased Lando out of existance lmao
|c|☆Thats quite unfor|Im always in finals
|
|t:|1619689339
|move|p1a: Mandibuzz|U-turn|p2a: Toxapex
|-resisted|p2a: Toxapex
|-damage|p2a: Toxapex|94/100
|
|t:|1619689342
|switch|p1a: Gliscor|Gliscor, M|100/100 tox|[from]move: U-turn
|move|p2a: Toxapex|Knock Off|p1a: Gliscor
|-damage|p1a: Gliscor|89/100 tox
|-enditem|p1a: Gliscor|Toxic Orb|[from] move: Knock Off|[of] p2a: Toxapex
|
|-heal|p1a: Gliscor|100/100 tox|[from] ability: Poison Heal
|upkeep
|turn|4
|c| Mr_PichuPikaRai|he 6-0d stall in the semi
|
|t:|1619689347
|switch|p2a: Tangrowth|Tangrowth, M|100/100
|-damage|p2a: Tangrowth|88/100|[from] Stealth Rock
|move|p1a: Gliscor|Earthquake|p2a: Tangrowth
|-resisted|p2a: Tangrowth
|-damage|p2a: Tangrowth|80/100
|
|upkeep
|turn|5
|c| Mr_PichuPikaRai|Mimikyu VG7 true lmao
|
|t:|1619689349
|move|p1a: Gliscor|Toxic|p2a: Tangrowth
|-status|p2a: Tangrowth|tox
|move|p2a: Tangrowth|Knock Off|p1a: Gliscor
|-damage|p1a: Gliscor|88/100 tox
|
|-heal|p1a: Gliscor|99/100 tox|[from] ability: Poison Heal
|-damage|p2a: Tangrowth|74/100 tox|[from] psn
|-fieldend|move: Electric Terrain
|upkeep
|turn|6
|
|t:|1619689354
|move|p1a: Gliscor|U-turn|p2a: Tangrowth
|-supereffective|p2a: Tangrowth
|-damage|p2a: Tangrowth|58/100 tox
|-damage|p1a: Gliscor|84/100 tox|[from] item: Rocky Helmet|[of] p2a: Tangrowth
|
|t:|1619689362
|switch|p1a: Melmetal|Melmetal|100/100|[from]move: U-turn
|move|p2a: Tangrowth|Stun Spore|p1a: Melmetal
|-status|p1a: Melmetal|par
|
|-damage|p2a: Tangrowth|46/100 tox|[from] psn
|upkeep
|turn|7
|c| Piyush21|also how do u guys beat glis
|
|t:|1619689367
|switch|p2a: Toxapex|Toxapex, M|100/100
|-damage|p2a: Toxapex|88/100|[from] Stealth Rock
|move|p1a: Melmetal|Earthquake|p2a: Toxapex
|-supereffective|p2a: Toxapex
|-damage|p2a: Toxapex|16/100
|
|upkeep
|turn|8
|c|☆Thats quite unfor|Play good
|c| Mimikyu VG7|nothng
|c| Mimikyu VG7|just play really good
|
|t:|1619689378
|switch|p2a: Mandibuzz|Mandibuzz, F|100/100
|switch|p1a: Tapu Lele|Tapu Lele|100/100
|-fieldstart|move: Psychic Terrain|[from] ability: Psychic Surge|[of] p1a: Tapu Lele
|
|upkeep
|turn|9
|
|t:|1619689382
|switch|p2a: Excadrill|Excadrill, M|100/100
|-damage|p2a: Excadrill|97/100|[from] Stealth Rock
|-ability|p2a: Excadrill|Mold Breaker
|move|p1a: Tapu Lele|Moonblast|p2a: Excadrill
|-resisted|p2a: Excadrill
|-damage|p2a: Excadrill|58/100
|-unboost|p2a: Excadrill|spa|1
|
|-heal|p2a: Excadrill|64/100|[from] item: Leftovers
|upkeep
|turn|10
|
|t:|1619689386
|switch|p1a: Gliscor|Gliscor, M|84/100 tox
|move|p2a: Excadrill|Stealth Rock|p1a: Gliscor
|-sidestart|p1: kazt 5|move: Stealth Rock
|
|-heal|p2a: Excadrill|71/100|[from] item: Leftovers
|-heal|p1a: Gliscor|96/100 tox|[from] ability: Poison Heal
|upkeep
|turn|11
|
|t:|1619689389
|switch|p2a: Tangrowth|Tangrowth, M|79/100 tox
|-damage|p2a: Tangrowth|67/100 tox|[from] Stealth Rock
|move|p1a: Gliscor|U-turn|p2a: Tangrowth
|-supereffective|p2a: Tangrowth
|-crit|p2a: Tangrowth
|-damage|p2a: Tangrowth|40/100 tox
|-damage|p1a: Gliscor|80/100 tox|[from] item: Rocky Helmet|[of] p2a: Tangrowth
|
|t:|1619689392
|switch|p1a: Cinderace|Cinderace, F|100/100|[from]move: U-turn
|
|-damage|p2a: Tangrowth|34/100 tox|[from] psn
|upkeep
|turn|12
|
|t:|1619689394
|switch|p2a: Toxapex|Toxapex, M|49/100
|-damage|p2a: Toxapex|36/100|[from] Stealth Rock
|move|p1a: Cinderace|U-turn|p2a: Toxapex
|-start|p1a: Cinderace|typechange|Bug|[from] ability: Libero
|-resisted|p2a: Toxapex
|-damage|p2a: Toxapex|25/100
|
|t:|1619689398
|switch|p1a: Gliscor|Gliscor, M|80/100 tox|[from]move: U-turn
|-damage|p1a: Gliscor|67/100 tox|[from] Stealth Rock
|
|-heal|p1a: Gliscor|80/100 tox|[from] ability: Poison Heal
|-fieldend|move: Psychic Terrain
|upkeep
|turn|13
|
|t:|1619689403
|switch|p2a: Mandibuzz|Mandibuzz, F|100/100
|move|p1a: Gliscor|U-turn|p2a: Mandibuzz
|-damage|p2a: Mandibuzz|89/100
|
|t:|1619689405
|switch|p1a: Tapu Lele|Tapu Lele|100/100|[from]move: U-turn
|-damage|p1a: Tapu Lele|88/100|[from] Stealth Rock
|-fieldstart|move: Psychic Terrain|[from] ability: Psychic Surge|[of] p1a: Tapu Lele
|
|upkeep
|turn|14
|
|t:|1619689409
|switch|p2a: Toxapex|Toxapex, M|59/100
|-damage|p2a: Toxapex|46/100|[from] Stealth Rock
|move|p1a: Tapu Lele|Moonblast|p2a: Toxapex
|-resisted|p2a: Toxapex
|-damage|p2a: Toxapex|17/100
|
|upkeep
|turn|15
|
|t:|1619689412
|switch|p2a: Cinderace|Cinderace, M|100/100
|move|p1a: Tapu Lele|Moonblast|p2a: Cinderace
|-resisted|p2a: Cinderace
|-damage|p2a: Cinderace|46/100
|
|upkeep
|turn|16
|
|t:|1619689416
|switch|p1a: Mandibuzz|Mandibuzz, F|80/100 brn
|move|p2a: Cinderace|Pyro Ball|p1a: Mandibuzz
|-damage|p1a: Mandibuzz|47/100 brn
|
|-damage|p1a: Mandibuzz|41/100 brn|[from] brn
|upkeep
|turn|17
|
|t:|1619689423
|switch|p2a: Tapu Koko|Tapu Koko|100/100
|-damage|p2a: Tapu Koko|88/100|[from] Stealth Rock
|-fieldstart|move: Electric Terrain|[from] ability: Electric Surge|[of] p2a: Tapu Koko
|move|p1a: Mandibuzz|Roost|p1a: Mandibuzz
|-heal|p1a: Mandibuzz|91/100 brn
|-singleturn|p1a: Mandibuzz|move: Roost
|
|-damage|p1a: Mandibuzz|85/100 brn|[from] brn
|upkeep
|turn|18
|
|t:|1619689427
|switch|p1a: Gliscor|Gliscor, M|80/100 tox
|-damage|p1a: Gliscor|67/100 tox|[from] Stealth Rock
|move|p2a: Tapu Koko|Dazzling Gleam|p1a: Gliscor
|-damage|p1a: Gliscor|27/100 tox
|
|-heal|p1a: Gliscor|40/100 tox|[from] ability: Poison Heal
|upkeep
|turn|19
|
|t:|1619689432
|switch|p2a: Cinderace|Cinderace, M|46/100
|switch|p1a: Melmetal|Melmetal|100/100 par
|-damage|p1a: Melmetal|94/100 par|[from] Stealth Rock
|
|upkeep
|turn|20
|
|t:|1619689436
|move|p2a: Cinderace|Pyro Ball|p1a: Melmetal
|-supereffective|p1a: Melmetal
|-damage|p1a: Melmetal|24/100 par
|cant|p1a: Melmetal|par
|
|upkeep
|turn|21
|c|☆Thats quite unfor|mb
|c| Mimikyu VG7|oof
|c|☆kazt 5|:(
|
|t:|1619689448
|switch|p2a: Tapu Koko|Tapu Koko|88/100
|-damage|p2a: Tapu Koko|76/100|[from] Stealth Rock
|cant|p1a: Melmetal|par
|
|-fieldend|move: Electric Terrain
|upkeep
|turn|22
|c| Piyush21|"play good"
|c|☆Thats quite unfor|oh lol
|c|☆kazt 5|:(((((((
|c| Mimikyu VG7|lmao
|c| Mimikyu VG7|play good he said
|c| Mr_PichuPikaRai|sad kazt 5
|c|☆Thats quite unfor|I was expecting the mandi
|
|t:|1619689465
|move|p2a: Tapu Koko|Dazzling Gleam|p1a: Melmetal
|-resisted|p1a: Melmetal
|-damage|p1a: Melmetal|3/100 par
|move|p1a: Melmetal|Double Iron Bash|p2a: Tapu Koko
|-damage|p2a: Tapu Koko|0 fnt
|-hitcount|p2a: Tapu Koko|1
|faint|p2a: Tapu Koko
|
|upkeep
|c| Mimikyu VG7|ohh wait I said it lmao
|c|☆Thats quite unfor|Oh
|c| Mr_PichuPikaRai|oof
|
|t:|1619689476
|switch|p2a: Cinderace|Cinderace, M|46/100
|turn|23
|c| Mimikyu VG7|melm be out here taking that
|
|t:|1619689479
|move|p2a: Cinderace|Pyro Ball|p1a: Melmetal
|-supereffective|p1a: Melmetal
|-damage|p1a: Melmetal|0 fnt
|faint|p1a: Melmetal
|
|upkeep
|
|t:|1619689484
|switch|p1a: Cinderace|Cinderace, F|100/100
|turn|24
|
|t:|1619689495
|move|p1a: Cinderace|High Jump Kick|p2a: Cinderace
|-start|p1a: Cinderace|typechange|Fighting|[from] ability: Libero
|-damage|p2a: Cinderace|0 fnt
|faint|p2a: Cinderace
|
|upkeep
|c| Mr_PichuPikaRai|boy vs girl cinderace pog lol
|
|t:|1619689498
|switch|p2a: Toxapex|Toxapex, M|50/100
|-damage|p2a: Toxapex|37/100|[from] Stealth Rock
|turn|25
|c|☆Thats quite unfor|Gril power
|c| Mimikyu VG7|Girl Cinderace wins
|
|t:|1619689506
|move|p1a: Cinderace|U-turn|p2a: Toxapex
|-start|p1a: Cinderace|typechange|Bug|[from] ability: Libero
|-resisted|p2a: Toxapex
|-damage|p2a: Toxapex|27/100
|
|t:|1619689510
|switch|p1a: Gliscor|Gliscor, M|40/100 tox|[from]move: U-turn
|-damage|p1a: Gliscor|27/100 tox|[from] Stealth Rock
|move|p2a: Toxapex|Knock Off|p1a: Gliscor
|-damage|p1a: Gliscor|20/100 tox
|
|-heal|p1a: Gliscor|32/100 tox|[from] ability: Poison Heal
|upkeep
|turn|26
|
|t:|1619689513
|switch|p2a: Mandibuzz|Mandibuzz, F|89/100
|move|p1a: Gliscor|Earthquake|p2a: Mandibuzz
|-immune|p2a: Mandibuzz
|
|-heal|p1a: Gliscor|45/100 tox|[from] ability: Poison Heal
|upkeep
|turn|27
|j| Technobladethepog
|
|t:|1619689515
|move|p1a: Gliscor|Toxic|p2a: Mandibuzz
|-status|p2a: Mandibuzz|tox
|move|p2a: Mandibuzz|Foul Play|p1a: Gliscor
|-damage|p1a: Gliscor|20/100 tox
|
|-heal|p1a: Gliscor|32/100 tox|[from] ability: Poison Heal
|-damage|p2a: Mandibuzz|83/100 tox|[from] psn
|upkeep
|turn|28
|c| Piyush21|gril power
|c| Mr_PichuPikaRai|what is gril power lmao
|
|t:|1619689520
|switch|p2a: Tangrowth|Tangrowth, M|67/100 tox
|-damage|p2a: Tangrowth|55/100 tox|[from] Stealth Rock
|move|p1a: Gliscor|U-turn|p2a: Tangrowth
|-supereffective|p2a: Tangrowth
|-damage|p2a: Tangrowth|39/100 tox
|-damage|p1a: Gliscor|16/100 tox|[from] item: Rocky Helmet|[of] p2a: Tangrowth
|c| Technobladethepog|lmao
|
|t:|1619689524
|switch|p1a: Cinderace|Cinderace, F|100/100|[from]move: U-turn
|
|-damage|p2a: Tangrowth|33/100 tox|[from] psn
|upkeep
|turn|29
|
|t:|1619689527
|switch|p2a: Toxapex|Toxapex, M|60/100
|-damage|p2a: Toxapex|48/100|[from] Stealth Rock
|move|p1a: Cinderace|U-turn|p2a: Toxapex
|-start|p1a: Cinderace|typechange|Bug|[from] ability: Libero
|-resisted|p2a: Toxapex
|-damage|p2a: Toxapex|37/100
|
|t:|1619689529
|switch|p1a: Tapu Lele|Tapu Lele|88/100|[from]move: U-turn
|-damage|p1a: Tapu Lele|76/100|[from] Stealth Rock
|-fieldstart|move: Psychic Terrain|[from] ability: Psychic Surge|[of] p1a: Tapu Lele
|
|upkeep
|turn|30
|c| Technobladethepog|gril power is gril pwer
|c|☆Thats quite unfor|Grill power
|c| Mr_PichuPikaRai|xD
|
|t:|1619689533
|switch|p2a: Excadrill|Excadrill, M|71/100
|-damage|p2a: Excadrill|68/100|[from] Stealth Rock
|-ability|p2a: Excadrill|Mold Breaker
|move|p1a: Tapu Lele|Psyshock|p2a: Excadrill
|-resisted|p2a: Excadrill
|-damage|p2a: Excadrill|8/100
|
|-heal|p2a: Excadrill|14/100|[from] item: Leftovers
|upkeep
|turn|31
|c| Mr_PichuPikaRai|xD
|c| Mimikyu VG7|gril power is when u try hard after eating barbeque
|
|t:|1619689537
|switch|p1a: Mandibuzz|Mandibuzz, F|85/100 brn
|switch|p2a: Mandibuzz|Mandibuzz, F|83/100 tox
|
|-damage|p2a: Mandibuzz|77/100 tox|[from] psn
|-damage|p1a: Mandibuzz|79/100 brn|[from] brn
|upkeep
|turn|32
|c| Mr_PichuPikaRai|LMAO
|
|t:|1619689542
|move|p2a: Mandibuzz|Foul Play|p1a: Mandibuzz
|-resisted|p1a: Mandibuzz
|-damage|p1a: Mandibuzz|72/100 brn
|move|p1a: Mandibuzz|U-turn|p2a: Mandibuzz
|-damage|p2a: Mandibuzz|74/100 tox
|c| Technobladethepog|lmfaoooo
|
|t:|1619689545
|switch|p1a: Tapu Lele|Tapu Lele|76/100|[from]move: U-turn
|-damage|p1a: Tapu Lele|63/100|[from] Stealth Rock
|
|-damage|p2a: Mandibuzz|61/100 tox|[from] psn
|upkeep
|turn|33
|
|t:|1619689548
|move|p1a: Tapu Lele|Moonblast|p2a: Mandibuzz
|-supereffective|p2a: Mandibuzz
|-damage|p2a: Mandibuzz|0 fnt
|faint|p2a: Mandibuzz
|
|-fieldend|move: Psychic Terrain
|upkeep
|
|t:|1619689551
|switch|p2a: Toxapex|Toxapex, M|71/100
|-damage|p2a: Toxapex|58/100|[from] Stealth Rock
|turn|34
|c| Mr_PichuPikaRai|ooh
|
|t:|1619689557
|switch|p1a: Dragapult|Dragapult, M|100/100
|-damage|p1a: Dragapult|88/100|[from] Stealth Rock
|move|p2a: Toxapex|Scald|p1a: Dragapult
|-resisted|p1a: Dragapult
|-damage|p1a: Dragapult|75/100
|-status|p1a: Dragapult|brn
|
|-heal|p1a: Dragapult|81/100 brn|[from] item: Leftovers
|-damage|p1a: Dragapult|75/100 brn|[from] brn
|upkeep
|turn|35
|c| Mr_PichuPikaRai|damn
|
|t:|1619689560
|switch|p2a: Excadrill|Excadrill, M|14/100
|-damage|p2a: Excadrill|11/100|[from] Stealth Rock
|-ability|p2a: Excadrill|Mold Breaker
|move|p1a: Dragapult|Thunder Wave|p2a: Excadrill
|-immune|p2a: Excadrill
|
|-heal|p1a: Dragapult|81/100 brn|[from] item: Leftovers
|-heal|p2a: Excadrill|17/100|[from] item: Leftovers
|-damage|p1a: Dragapult|75/100 brn|[from] brn
|upkeep
|turn|36
|c| Technobladethepog|lele power
|c| Technobladethepog|kek
|
|t:|1619689565
|switch|p2a: Toxapex|Toxapex, M|91/100
|-damage|p2a: Toxapex|79/100|[from] Stealth Rock
|move|p1a: Dragapult|Hex|p2a: Toxapex
|-damage|p2a: Toxapex|62/100
|
|-heal|p1a: Dragapult|81/100 brn|[from] item: Leftovers
|-damage|p1a: Dragapult|75/100 brn|[from] brn
|upkeep
|turn|37
|c| Mr_PichuPikaRai|u should've moonblasted my guy
|
|t:|1619689567
|move|p1a: Dragapult|U-turn|p2a: Toxapex
|-resisted|p2a: Toxapex
|-damage|p2a: Toxapex|58/100
|
|t:|1619689570
|switch|p1a: Gliscor|Gliscor, M|16/100 tox|[from]move: U-turn
|-damage|p1a: Gliscor|3/100 tox|[from] Stealth Rock
|move|p2a: Toxapex|Knock Off|p1a: Gliscor
|-damage|p1a: Gliscor|0 fnt
|faint|p1a: Gliscor
|
|upkeep
|
|t:|1619689572
|switch|p1a: Tapu Lele|Tapu Lele|63/100
|-damage|p1a: Tapu Lele|51/100|[from] Stealth Rock
|-fieldstart|move: Psychic Terrain|[from] ability: Psychic Surge|[of] p1a: Tapu Lele
|turn|38
|c|☆Thats quite unfor|gg
|j| zekromboltage
|c| Mr_PichuPikaRai|nice
|-message|Thats quite unfor forfeited.
|
|win|kazt 5
|n|☆kazt 5|kazt5
|n|☆Thats quite unfor|thatsquiteunfor
|n| Mimikyu VG7|mimikyuvg7
|n| Mr_PichuPikaRai|mrpichupikarai
|n| Piyush21|piyush21
|n| Ian_Yo|ianyo
|n| Technobladethepog|technobladethepog
|n| zekromboltage|zekromboltage
