|j|☆yuiofflineanytime
|j|☆Shotintheheart
|t:|1662173124
|gametype|singles
|player|p1|yuiofflineanytime|2|1592
|player|p2|Shotintheheart|2|1658
|teamsize|p1|6
|teamsize|p2|6
|gen|8
|tier|[Gen 8] OU
|rated|
|rule|Sleep Clause Mod: Limit one foe put to sleep
|rule|Species Clause: Limit one of each Pokémon
|rule|OHKO Clause: OHKO moves are banned
|rule|Evasion Items Clause: Evasion items are banned
|rule|Evasion Moves Clause: Evasion moves are banned
|rule|Endless Battle Clause: Forcing endless battles is banned
|rule|HP Percentage Mod: HP is shown in percentages
|rule|Dynamax Clause: You cannot dynamax
|clearpoke
|poke|p1|Dragapult, F|
|poke|p1|Mew|
|poke|p1|Bisharp, F|
|poke|p1|Garchomp, F|
|poke|p1|Tapu Fini|
|poke|p1|Celesteela|
|poke|p2|Rillaboom, F|
|poke|p2|Zapdos|
|poke|p2|Obstagoon, M|
|poke|p2|Heatran, M|
|poke|p2|Tapu Fini|
|poke|p2|Swampert, F|
|teampreview
|inactive|Battle timer is ON: inactive players will automatically lose when time's up. (requested by Shotintheheart)
|c|☆yuiofflineanytime|hf hf
|c|☆Shotintheheart|u2
|inactive|yuiofflineanytime has 120 seconds left.
|
|t:|1662173231
|start
|switch|p1a: Mew|Mew|100/100
|switch|p2a: Rillaboom|Rillaboom, F|100/100
|-fieldstart|move: Grassy Terrain|[from] ability: Grassy Surge|[of] p2a: Rillaboom
|turn|1
|
|t:|1662173239
|move|p1a: Mew|Thunder Wave|p2a: Rillaboom
|-status|p2a: Rillaboom|par
|move|p2a: Rillaboom|U-turn|p1a: Mew
|-supereffective|p1a: Mew
|-damage|p1a: Mew|36/100
|
|t:|1662173244
|switch|p2a: Heatran|Heatran, M|100/100|[from]move: U-turn
|
|-heal|p1a: Mew|42/100|[from] Grassy Terrain
|upkeep
|turn|2
|
|t:|1662173250
|move|p2a: Heatran|Eruption|p1a: Mew
|-damage|p1a: Mew|0 fnt
|faint|p1a: Mew
|
|upkeep
|
|t:|1662173267
|switch|p1a: Garchomp|Garchomp, F|100/100
|turn|3
|
|t:|1662173280
|switch|p2a: Obstagoon|Obstagoon, M|100/100
|move|p1a: Garchomp|Swords Dance|p1a: Garchomp
|-boost|p1a: Garchomp|atk|2
|
|-status|p2a: Obstagoon|brn|[from] item: Flame Orb
|upkeep
|turn|4
|
|t:|1662173292
|move|p2a: Obstagoon|Obstruct|p2a: Obstagoon
|-singleturn|p2a: Obstagoon|Protect
|move|p1a: Garchomp|Scale Shot|p2a: Obstagoon
|-activate|p2a: Obstagoon|move: Protect
|
|-damage|p2a: Obstagoon|95/100 brn|[from] brn
|upkeep
|turn|5
|
|t:|1662173297
|move|p1a: Garchomp|Scale Shot|p2a: Obstagoon
|-damage|p2a: Obstagoon|69/100 brn
|-damage|p2a: Obstagoon|44/100 brn
|-damage|p2a: Obstagoon|17/100 brn
|-damage|p2a: Obstagoon|0 fnt
|faint|p2a: Obstagoon
|-hitcount|p2: Obstagoon|4
|-unboost|p1a: Garchomp|def|1
|-boost|p1a: Garchomp|spe|1
|
|-fieldend|move: Grassy Terrain
|upkeep
|
|t:|1662173308
|switch|p2a: Rillaboom|Rillaboom, F|100/100 par
|-fieldstart|move: Grassy Terrain|[from] ability: Grassy Surge|[of] p2a: Rillaboom
|turn|6
|
|t:|1662173311
|switch|p1a: Celesteela|Celesteela|100/100
|move|p2a: Rillaboom|Grassy Glide|p1a: Celesteela
|-resisted|p1a: Celesteela
|-damage|p1a: Celesteela|81/100
|
|upkeep
|turn|7
|
|t:|1662173315
|switch|p1a: Garchomp|Garchomp, F|100/100
|switch|p2a: Swampert|Swampert, F|100/100
|
|upkeep
|turn|8
|
|t:|1662173320
|move|p1a: Garchomp|Swords Dance|p1a: Garchomp
|-boost|p1a: Garchomp|atk|2
|move|p2a: Swampert|Yawn|p1a: Garchomp
|-start|p1a: Garchomp|move: Yawn|[of] p2a: Swampert
|
|upkeep
|turn|9
|
|t:|1662173328
|move|p1a: Garchomp|Scale Shot|p2a: Swampert
|-crit|p2a: Swampert
|-damage|p2a: Swampert|64/100
|-damage|p2a: Swampert|38/100
|-damage|p2a: Swampert|15/100
|-damage|p2a: Swampert|0 fnt
|faint|p2a: Swampert
|-hitcount|p2: Swampert|4
|-unboost|p1a: Garchomp|def|1
|-boost|p1a: Garchomp|spe|1
|
|-end|p1a: Garchomp|move: Yawn|[silent]
|-status|p1a: Garchomp|slp
|upkeep
|
|t:|1662173343
|switch|p2a: Tapu Fini|Tapu Fini|100/100
|-fieldstart|move: Misty Terrain|[from] ability: Misty Surge|[of] p2a: Tapu Fini
|turn|10
|
|t:|1662173348
|switch|p1a: Tapu Fini|Tapu Fini|100/100
|move|p2a: Tapu Fini|Calm Mind|p2a: Tapu Fini
|-boost|p2a: Tapu Fini|spa|1
|-boost|p2a: Tapu Fini|spd|1
|
|upkeep
|turn|11
|
|t:|1662173379
|move|p1a: Tapu Fini|Taunt|p2a: Tapu Fini
|-start|p2a: Tapu Fini|move: Taunt
|cant|p2a: Tapu Fini|move: Taunt|Taunt
|
|upkeep
|turn|12
|
|t:|1662173391
|switch|p1a: Garchomp|Garchomp, F|100/100 slp
|switch|p2a: Rillaboom|Rillaboom, F|100/100 par
|-fieldstart|move: Grassy Terrain|[from] ability: Grassy Surge|[of] p2a: Rillaboom
|
|upkeep
|turn|13
|
|t:|1662173399
|move|p2a: Rillaboom|Grassy Glide|p1a: Garchomp
|-damage|p1a: Garchomp|22/100 slp
|-damage|p2a: Rillaboom|88/100 par|[from] ability: Rough Skin|[of] p1a: Garchomp
|cant|p1a: Garchomp|slp
|
|-heal|p1a: Garchomp|29/100 slp|[from] Grassy Terrain
|-heal|p1a: Garchomp|35/100 slp|[from] item: Leftovers
|-heal|p2a: Rillaboom|94/100 par|[from] Grassy Terrain
|upkeep
|turn|14
|inactive|yuiofflineanytime has 120 seconds left.
|
|t:|1662173434
|switch|p1a: Celesteela|Celesteela|81/100
|switch|p2a: Heatran|Heatran, M|100/100
|
|upkeep
|turn|15
|
|t:|1662173442
|switch|p1a: Garchomp|Garchomp, F|35/100 slp
|move|p2a: Heatran|Eruption|p1a: Garchomp
|-resisted|p1a: Garchomp
|-damage|p1a: Garchomp|0 fnt
|faint|p1a: Garchomp
|
|upkeep
|
|t:|1662173461
|switch|p1a: Tapu Fini|Tapu Fini|100/100
|-fieldstart|move: Misty Terrain|[from] ability: Misty Surge|[of] p1a: Tapu Fini
|turn|16
|
|t:|1662173475
|switch|p2a: Zapdos|Zapdos, shiny|100/100
|move|p1a: Tapu Fini|Moonblast|p2a: Zapdos
|-damage|p2a: Zapdos|68/100
|
|upkeep
|turn|17
|
|t:|1662173491
|move|p1a: Tapu Fini|Moonblast|p2a: Zapdos
|-damage|p2a: Zapdos|35/100
|move|p2a: Zapdos|Volt Switch|p1a: Tapu Fini
|-supereffective|p1a: Tapu Fini
|-damage|p1a: Tapu Fini|58/100
|
|t:|1662173501
|switch|p2a: Rillaboom|Rillaboom, F|94/100 par|[from]move: Volt Switch
|-fieldstart|move: Grassy Terrain|[from] ability: Grassy Surge|[of] p2a: Rillaboom
|
|-heal|p1a: Tapu Fini|64/100|[from] Grassy Terrain
|-heal|p2a: Rillaboom|100/100 par|[from] Grassy Terrain
|upkeep
|turn|18
|
|t:|1662173512
|move|p2a: Rillaboom|Grassy Glide|p1a: Tapu Fini
|-supereffective|p1a: Tapu Fini
|-damage|p1a: Tapu Fini|0 fnt
|faint|p1a: Tapu Fini
|
|upkeep
|
|t:|1662173516
|switch|p1a: Celesteela|Celesteela|81/100
|turn|19
|
|t:|1662173528
|switch|p2a: Tapu Fini|Tapu Fini|100/100
|-fieldstart|move: Misty Terrain|[from] ability: Misty Surge|[of] p2a: Tapu Fini
|move|p1a: Celesteela|Autotomize|p1a: Celesteela
|-boost|p1a: Celesteela|spe|2
|-start|p1a: Celesteela|Autotomize
|
|upkeep
|turn|20
|
|t:|1662173532
|move|p1a: Celesteela|Meteor Beam||[still]
|-prepare|p1a: Celesteela|Meteor Beam
|-boost|p1a: Celesteela|spa|1
|-enditem|p1a: Celesteela|Power Herb
|-anim|p1a: Celesteela|Meteor Beam|p2a: Tapu Fini
|-damage|p2a: Tapu Fini|49/100
|move|p2a: Tapu Fini|Calm Mind|p2a: Tapu Fini
|-boost|p2a: Tapu Fini|spa|1
|-boost|p2a: Tapu Fini|spd|1
|
|-heal|p2a: Tapu Fini|55/100|[from] item: Leftovers
|upkeep
|turn|21
|
|t:|1662173553
|move|p1a: Celesteela|Air Slash|p2a: Tapu Fini
|-damage|p2a: Tapu Fini|24/100
|cant|p2a: Tapu Fini|flinch
|
|-heal|p2a: Tapu Fini|30/100|[from] item: Leftovers
|upkeep
|turn|22
|
|t:|1662173560
|move|p1a: Celesteela|Air Slash|p2a: Tapu Fini
|-damage|p2a: Tapu Fini|2/100
|move|p2a: Tapu Fini|Scald|p1a: Celesteela
|-damage|p1a: Celesteela|41/100
|-status|p1a: Celesteela|brn
|
|-heal|p2a: Tapu Fini|8/100|[from] item: Leftovers
|-damage|p1a: Celesteela|35/100 brn|[from] brn
|upkeep
|turn|23
|
|t:|1662173566
|move|p1a: Celesteela|Air Slash|p2a: Tapu Fini
|-crit|p2a: Tapu Fini
|-damage|p2a: Tapu Fini|0 fnt
|faint|p2a: Tapu Fini
|-ability|p1a: Celesteela|Beast Boost|boost
|-boost|p1a: Celesteela|spa|1
|
|-damage|p1a: Celesteela|29/100 brn|[from] brn
|-fieldend|Misty Terrain
|upkeep
|
|t:|1662173569
|switch|p2a: Zapdos|Zapdos, shiny|35/100
|turn|24
|
|t:|1662173584
|move|p1a: Celesteela|Meteor Beam||[still]
|-prepare|p1a: Celesteela|Meteor Beam
|-boost|p1a: Celesteela|spa|1
|move|p2a: Zapdos|Volt Switch|p1a: Celesteela
|-supereffective|p1a: Celesteela
|-damage|p1a: Celesteela|0 fnt
|faint|p1a: Celesteela
|
|t:|1662173594
|switch|p2a: Heatran|Heatran, M|100/100|[from]move: Volt Switch
|
|upkeep
|
|t:|1662173598
|switch|p1a: Bisharp|Bisharp, F|100/100
|turn|25
|
|t:|1662173602
|move|p1a: Bisharp|Sucker Punch|p2a: Heatran
|-damage|p2a: Heatran|56/100
|-damage|p1a: Bisharp|91/100|[from] item: Life Orb
|move|p2a: Heatran|Eruption|p1a: Bisharp
|-supereffective|p1a: Bisharp
|-damage|p1a: Bisharp|0 fnt
|faint|p1a: Bisharp
|
|upkeep
|
|t:|1662173607
|switch|p1a: Dragapult|Dragapult, F|100/100
|turn|26
|c|☆yuiofflineanytime|gg
|
|t:|1662173621
|move|p2a: Heatran|Eruption|p1a: Dragapult
|-resisted|p1a: Dragapult
|-damage|p1a: Dragapult|70/100
|move|p1a: Dragapult|Dragon Dance|p1a: Dragapult
|-boost|p1a: Dragapult|atk|1
|-boost|p1a: Dragapult|spe|1
|
|upkeep
|turn|27
|
|t:|1662173627
|move|p1a: Dragapult|Phantom Force||[still]
|-prepare|p1a: Dragapult|Phantom Force
|move|p2a: Heatran|Eruption|p1a: Dragapult|[miss]
|-miss|p2a: Heatran|p1a: Dragapult
|
|upkeep
|turn|28
|
|t:|1662173630
|switch|p2a: Zapdos|Zapdos, shiny|35/100
|move|p1a: Dragapult|Phantom Force|p2a: Zapdos|[from]lockedmove
|-damage|p2a: Zapdos|0 fnt
|faint|p2a: Zapdos
|
|upkeep
|
|t:|1662173635
|switch|p2a: Rillaboom|Rillaboom, F|100/100 par
|-fieldstart|move: Grassy Terrain|[from] ability: Grassy Surge|[of] p2a: Rillaboom
|turn|29
|
|t:|1662173642
|move|p2a: Rillaboom|Grassy Glide|p1a: Dragapult
|-resisted|p1a: Dragapult
|-damage|p1a: Dragapult|16/100
|move|p1a: Dragapult|Dragon Darts|p2a: Rillaboom
|-damage|p2a: Rillaboom|43/100 par
|-anim|p1a: Dragapult|Dragon Darts|p2a: Rillaboom
|-damage|p2a: Rillaboom|0 fnt
|faint|p2a: Rillaboom
|
|-heal|p1a: Dragapult|22/100|[from] Grassy Terrain
|upkeep
|
|t:|1662173648
|switch|p2a: Heatran|Heatran, M|56/100
|turn|30
|
|t:|1662173653
|move|p1a: Dragapult|Phantom Force||[still]
|-prepare|p1a: Dragapult|Phantom Force
|move|p2a: Heatran|Earth Power|p1a: Dragapult|[miss]
|-miss|p2a: Heatran|p1a: Dragapult
|
|-heal|p2a: Heatran|62/100|[from] Grassy Terrain
|upkeep
|turn|31
|
|t:|1662173655
|move|p1a: Dragapult|Phantom Force|p2a: Heatran|[from]lockedmove
|-damage|p2a: Heatran|0 fnt
|faint|p2a: Heatran
|
|win|yuiofflineanytime
|raw|yuiofflineanytime's rating: 1592 &rarr; <strong>1616</strong><br />(+24 for winning)
|raw|Shotintheheart's rating: 1658 &rarr; <strong>1634</strong><br />(-24 for losing)
|c|☆Shotintheheart|gg
|l|☆Shotintheheart
||Ladder isn't responding, score probably updated but might not have (Request timeout).
