|raw|<div class="broadcast-blue"><strong>This battle is required to be public due to a player having a name starting with 'lt92pf'.</div>
|j|☆LT92PF Zokuru
|j|☆Maitredouard2
|t:|1660215816
|gametype|singles
|player|p1|LT92PF Zokuru|cress|1749
|player|p2|Maitredouard2|lance|1684
|teamsize|p1|6
|teamsize|p2|6
|gen|8
|tier|[Gen 8] OU
|rated|
|rule|Sleep Clause Mod: Limit one foe put to sleep
|rule|Species Clause: Limit one of each Pokémon
|rule|OHKO Clause: OHKO moves are banned
|rule|Evasion Items Clause: Evasion items are banned
|rule|Evasion Moves Clause: Evasion moves are banned
|rule|Endless Battle Clause: Forcing endless battles is banned
|rule|HP Percentage Mod: HP is shown in percentages
|rule|Dynamax Clause: You cannot dynamax
|clearpoke
|poke|p1|Urshifu-*, M|
|poke|p1|Tyranitar, F|
|poke|p1|Excadrill, M|
|poke|p1|Zapdos|
|poke|p1|Ferrothorn, M|
|poke|p1|Tapu Lele|
|poke|p2|Mandibuzz, F|
|poke|p2|Landorus-Therian, M|
|poke|p2|Blissey, F|
|poke|p2|Heatran, F|
|poke|p2|Toxapex, F|
|poke|p2|Tapu Lele|
|teampreview
|
|t:|1660215858
|start
|switch|p1a: Tyranitar|Tyranitar, F|100/100
|switch|p2a: Landorus|Landorus-Therian, M|100/100
|-ability|p2a: Landorus|Intimidate|boost
|-unboost|p1a: Tyranitar|atk|1
|-weather|Sandstorm|[from] ability: Sand Stream|[of] p1a: Tyranitar
|turn|1
|
|t:|1660215867
|move|p2a: Landorus|Earthquake|p1a: Tyranitar
|-supereffective|p1a: Tyranitar
|-damage|p1a: Tyranitar|0 fnt
|faint|p1a: Tyranitar
|
|-weather|Sandstorm|[upkeep]
|upkeep
|c|☆LT92PF Zokuru|Wtf is that cb
|
|t:|1660215883
|switch|p1a: Zapdos|Zapdos|100/100
|turn|2
|inactive|Battle timer is ON: inactive players will automatically lose when time's up. (requested by Maitredouard2)
|
|t:|1660215887
|switch|p2a: Blissey|Blissey, F|100/100
|move|p1a: Zapdos|Volt Switch|p2a: Blissey
|-damage|p2a: Blissey|89/100
|
|t:|1660215891
|switch|p1a: Excadrill|Excadrill, M|100/100|[from]move: Volt Switch
|
|-weather|Sandstorm|[upkeep]
|-damage|p2a: Blissey|83/100|[from] Sandstorm
|upkeep
|turn|3
|c|☆Maitredouard2|What does CB means?
|
|t:|1660215908
|switch|p2a: Mandibuzz|Mandibuzz, F|100/100
|move|p1a: Excadrill|Iron Head|p2a: Mandibuzz
|-damage|p2a: Mandibuzz|57/100
|
|-weather|Sandstorm|[upkeep]
|upkeep
|turn|4
|
|t:|1660215917
|move|p1a: Excadrill|Iron Head|p2a: Mandibuzz
|-damage|p2a: Mandibuzz|14/100
|move|p2a: Mandibuzz|Roost|p2a: Mandibuzz
|-heal|p2a: Mandibuzz|64/100
|-singleturn|p2a: Mandibuzz|move: Roost
|
|-weather|Sandstorm|[upkeep]
|upkeep
|turn|5
|c|☆LT92PF Zokuru|Choice band
|c|☆Maitredouard2|Ni
|c|☆Maitredouard2|Ni
|c|☆Maitredouard2|No
|
|t:|1660215930
|move|p1a: Excadrill|Iron Head|p2a: Mandibuzz
|-damage|p2a: Mandibuzz|18/100
|move|p2a: Mandibuzz|Foul Play|p1a: Excadrill
|-damage|p1a: Excadrill|22/100
|
|-weather|none
|upkeep
|turn|6
|
|t:|1660215937
|switch|p2a: Toxapex|Toxapex, F|100/100
|move|p1a: Excadrill|Iron Head|p2a: Toxapex
|-resisted|p2a: Toxapex
|-damage|p2a: Toxapex|79/100
|-damage|p1a: Excadrill|6/100|[from] item: Rocky Helmet|[of] p2a: Toxapex
|
|upkeep
|turn|7
|
|t:|1660215946
|move|p1a: Excadrill|Iron Head|p2a: Toxapex
|-resisted|p2a: Toxapex
|-damage|p2a: Toxapex|60/100
|-damage|p1a: Excadrill|0 fnt|[from] item: Rocky Helmet|[of] p2a: Toxapex
|faint|p1a: Excadrill
|move|p2a: Toxapex|Scald|p1: Excadrill|[notarget]
|-fail|p2a: Toxapex
|
|upkeep
|
|t:|1660215950
|switch|p1a: Tapu Lele|Tapu Lele, shiny|100/100
|-fieldstart|move: Psychic Terrain|[from] ability: Psychic Surge|[of] p1a: Tapu Lele
|turn|8
|
|t:|1660215959
|switch|p2a: Mandibuzz|Mandibuzz, F|18/100
|move|p1a: Tapu Lele|Future Sight|p2a: Mandibuzz
|-start|p1a: Tapu Lele|move: Future Sight
|
|upkeep
|turn|9
|
|t:|1660215964
|switch|p1a: Urshifu|Urshifu-Rapid-Strike, M|100/100
|move|p2a: Mandibuzz|Roost|p2a: Mandibuzz
|-heal|p2a: Mandibuzz|68/100
|-singleturn|p2a: Mandibuzz|move: Roost
|
|upkeep
|turn|10
|
|t:|1660215971
|move|p1a: Urshifu|Taunt|p2a: Mandibuzz
|-start|p2a: Mandibuzz|move: Taunt
|cant|p2a: Mandibuzz|move: Taunt|Roost
|
|-end|p2a: Mandibuzz|move: Future Sight
|-immune|p2a: Mandibuzz
|upkeep
|turn|11
|
|t:|1660215980
|switch|p2a: Toxapex|Toxapex, F|93/100
|move|p1a: Urshifu|U-turn|p2a: Toxapex
|-resisted|p2a: Toxapex
|-damage|p2a: Toxapex|86/100
|-message|LT92PF Zokuru forfeited.
|
|win|Maitredouard2
|raw|LT92PF Zokuru's rating: 1749 &rarr; <strong>1725</strong><br />(-24 for losing)
|raw|Maitredouard2's rating: 1684 &rarr; <strong>1708</strong><br />(+24 for winning)
|l|☆LT92PF Zokuru
||Ladder isn't responding, score probably updated but might not have (Request timeout).
