|raw|<div class="broadcast-blue"><strong>This battle is required to be public due to a player having a name starting with 'lt81yl'.</div>
|j|☆LT81YL Piggg
|j|☆Bannedbyweek2
|t:|1625446789
|gametype|singles
|player|p1|LT81YL Piggg|cyclist-gen4|1753
|player|p2|Bannedbyweek2|pilot|1946
|teamsize|p1|6
|teamsize|p2|6
|gen|8
|tier|[Gen 8] OU
|rated|
|rule|Sleep Clause Mod: Limit one foe put to sleep
|rule|Species Clause: Limit one of each Pokémon
|rule|OHKO Clause: OHKO moves are banned
|rule|Evasion Moves Clause: Evasion moves are banned
|rule|Endless Battle Clause: Forcing endless battles is banned
|rule|HP Percentage Mod: HP is shown in percentages
|rule|Dynamax Clause: You cannot dynamax
|clearpoke
|poke|p1|Cloyster, F|
|poke|p1|Volcarona, F|
|poke|p1|Dragapult, F|
|poke|p1|Mew|
|poke|p1|Gengar, F|
|poke|p1|Latios, M|
|poke|p2|Clefable, F|
|poke|p2|Corviknight, M|
|poke|p2|Garchomp, F|
|poke|p2|Toxapex, F|
|poke|p2|Slowking, M|
|poke|p2|Buzzwole|
|teampreview
|j| LT81YL BT
|inactive|Battle timer is ON: inactive players will automatically lose when time's up. (requested by Bannedbyweek2)
|j| LT81YL Sharifa
|j|+ez
|j| fgjkldajskrla
|j| LT81YL dali
|raw|<div class="broadcast-red"><strong>Moderated chat was set to +!</strong><br />Only users of rank + and higher can talk.</div>
|
|t:|1625446814
|start
|switch|p1a: Mew|Mew|100/100
|switch|p2a: Buzzwole|Buzzwole|100/100
|turn|1
|
|t:|1625446820
|move|p1a: Mew|Thunder Wave|p2a: Buzzwole
|-status|p2a: Buzzwole|par
|move|p2a: Buzzwole|Leech Life|p1a: Mew
|-supereffective|p1a: Mew
|-damage|p1a: Mew|22/100
|
|upkeep
|turn|2
|
|t:|1625446827
|move|p1a: Mew|Stealth Rock|p2a: Buzzwole
|-sidestart|p2: Bannedbyweek2|move: Stealth Rock
|move|p2a: Buzzwole|Leech Life|p1a: Mew
|-supereffective|p1a: Mew
|-damage|p1a: Mew|0 fnt
|faint|p1a: Mew
|-ability|p2a: Buzzwole|Beast Boost|boost
|-boost|p2a: Buzzwole|def|1
|
|upkeep
|
|t:|1625446837
|switch|p1a: Latios|Latios, M|100/100
|turn|3
|
|t:|1625446840
|switch|p2a: Corviknight|Corviknight, M|100/100
|-damage|p2a: Corviknight|88/100|[from] Stealth Rock
|-ability|p2a: Corviknight|Pressure
|move|p1a: Latios|Psychic|p2a: Corviknight
|-resisted|p2a: Corviknight
|-damage|p2a: Corviknight|71/100
|
|-heal|p2a: Corviknight|78/100|[from] item: Leftovers
|upkeep
|turn|4
|
|t:|1625446852
|switch|p1a: Cloyster|Cloyster, F|100/100
|move|p2a: Corviknight|Defog|p1a: Cloyster
|-unboost|p1a: Cloyster|evasion|1
|-sideend|p2: Bannedbyweek2|Stealth Rock|[from] move: Defog|[of] p2a: Corviknight
|
|-heal|p2a: Corviknight|84/100|[from] item: Leftovers
|upkeep
|turn|5
|
|t:|1625446874
|switch|p2a: Tricking|Slowking, M, shiny|100/100
|move|p1a: Cloyster|Shell Smash|p1a: Cloyster
|-unboost|p1a: Cloyster|def|1
|-unboost|p1a: Cloyster|spd|1
|-boost|p1a: Cloyster|atk|2
|-boost|p1a: Cloyster|spa|2
|-boost|p1a: Cloyster|spe|2
|
|upkeep
|turn|6
|
|t:|1625446881
|move|p1a: Cloyster|Icicle Spear|p2a: Tricking
|-resisted|p2a: Tricking
|-damage|p2a: Tricking|88/100
|-resisted|p2a: Tricking
|-damage|p2a: Tricking|76/100
|-resisted|p2a: Tricking
|-damage|p2a: Tricking|63/100
|-resisted|p2a: Tricking
|-damage|p2a: Tricking|52/100
|-resisted|p2a: Tricking
|-damage|p2a: Tricking|39/100
|-hitcount|p2a: Tricking|5
|move|p2a: Tricking|Flamethrower|p1a: Cloyster
|-damage|p1a: Cloyster|18/100
|
|upkeep
|turn|7
|
|t:|1625446910
|switch|p2a: Buzzwole|Buzzwole|100/100 par
|move|p1a: Cloyster|Icicle Spear|p2a: Buzzwole
|-damage|p2a: Buzzwole|89/100 par
|-damage|p2a: Buzzwole|77/100 par
|-damage|p2a: Buzzwole|65/100 par
|-damage|p2a: Buzzwole|54/100 par
|-damage|p2a: Buzzwole|42/100 par
|-hitcount|p2a: Buzzwole|5
|
|upkeep
|turn|8
|
|t:|1625446920
|move|p1a: Cloyster|Icicle Spear|p2a: Buzzwole
|-damage|p2a: Buzzwole|31/100 par
|-damage|p2a: Buzzwole|20/100 par
|-damage|p2a: Buzzwole|7/100 par
|-damage|p2a: Buzzwole|0 fnt
|faint|p2a: Buzzwole
|-hitcount|p2: Buzzwole|4
|
|upkeep
|
|t:|1625446924
|switch|p2a: Toxapex|Toxapex, F|100/100
|turn|9
|
|t:|1625446930
|move|p1a: Cloyster|Icicle Spear|p2a: Toxapex
|-resisted|p2a: Toxapex
|-damage|p2a: Toxapex|91/100
|-resisted|p2a: Toxapex
|-damage|p2a: Toxapex|83/100
|-resisted|p2a: Toxapex
|-damage|p2a: Toxapex|74/100
|-resisted|p2a: Toxapex
|-damage|p2a: Toxapex|65/100
|-resisted|p2a: Toxapex
|-damage|p2a: Toxapex|56/100
|-hitcount|p2a: Toxapex|5
|move|p2a: Toxapex|Knock Off|p1a: Cloyster
|-damage|p1a: Cloyster|0 fnt
|-enditem|p1a: Cloyster|King's Rock|[from] move: Knock Off|[of] p2a: Toxapex
|faint|p1a: Cloyster
|
|upkeep
|
|t:|1625446944
|switch|p1a: Latios|Latios, M|100/100
|turn|10
|
|t:|1625446947
|switch|p2a: Tricking|Slowking, M, shiny|72/100
|move|p1a: Latios|Trick|p2a: Tricking
|-activate|p1a: Latios|move: Trick|[of] p2a: Tricking
|-item|p2a: Tricking|Choice Scarf|[from] move: Trick
|-item|p1a: Latios|Assault Vest|[from] move: Trick
|
|upkeep
|turn|11
|
|t:|1625446956
|switch|p2a: Corviknight|Corviknight, M|84/100
|-ability|p2a: Corviknight|Pressure
|move|p1a: Latios|Draco Meteor|p2a: Corviknight
|-resisted|p2a: Corviknight
|-damage|p2a: Corviknight|61/100
|-unboost|p1a: Latios|spa|2
|
|-heal|p2a: Corviknight|67/100|[from] item: Leftovers
|upkeep
|turn|12
|
|t:|1625446966
|switch|p1a: Dragapult|Dragapult, F|100/100
|move|p2a: Corviknight|Roost|p2a: Corviknight
|-heal|p2a: Corviknight|100/100
|-singleturn|p2a: Corviknight|move: Roost
|
|upkeep
|turn|13
|
|t:|1625446973
|move|p1a: Dragapult|Substitute|p1a: Dragapult
|-start|p1a: Dragapult|Substitute
|-damage|p1a: Dragapult|76/100
|move|p2a: Corviknight|Brave Bird|p1a: Dragapult
|-end|p1a: Dragapult|Substitute
|-damage|p2a: Corviknight|93/100|[from] Recoil|[of] p1a: Dragapult
|
|-heal|p1a: Dragapult|82/100|[from] item: Leftovers
|-heal|p2a: Corviknight|99/100|[from] item: Leftovers
|upkeep
|turn|14
|
|t:|1625446982
|switch|p2a: Garchomp|Garchomp, F|100/100
|move|p1a: Dragapult|Thunder Wave|p2a: Garchomp
|-immune|p2a: Garchomp
|
|-heal|p1a: Dragapult|88/100|[from] item: Leftovers
|upkeep
|turn|15
|
|t:|1625446990
|move|p1a: Dragapult|Dragon Darts|p2a: Garchomp
|-supereffective|p2a: Garchomp
|-damage|p2a: Garchomp|68/100
|-anim|p1a: Dragapult|Dragon Darts|p2a: Garchomp
|-supereffective|p2a: Garchomp
|-damage|p2a: Garchomp|33/100
|move|p2a: Garchomp|Toxic|p1a: Dragapult
|-status|p1a: Dragapult|tox
|
|-heal|p1a: Dragapult|94/100 tox|[from] item: Leftovers
|-heal|p2a: Garchomp|40/100|[from] item: Leftovers
|-damage|p1a: Dragapult|88/100 tox|[from] psn
|upkeep
|turn|16
|
|t:|1625447002
|switch|p2a: Toxapex|Toxapex, F|89/100
|move|p1a: Dragapult|Dragon Darts|p2a: Toxapex
|-damage|p2a: Toxapex|71/100
|-anim|p1a: Dragapult|Dragon Darts|p2a: Toxapex
|-damage|p2a: Toxapex|55/100
|
|-heal|p1a: Dragapult|94/100 tox|[from] item: Leftovers
|-damage|p1a: Dragapult|82/100 tox|[from] psn
|upkeep
|turn|17
|
|t:|1625447012
|switch|p1a: Latios|Latios, M|100/100
|switch|p2a: Garchomp|Garchomp, F|40/100
|
|-heal|p2a: Garchomp|46/100|[from] item: Leftovers
|upkeep
|turn|18
|
|t:|1625447022
|switch|p2a: Tricking|Slowking, M, shiny|100/100
|move|p1a: Latios|Draco Meteor|p2a: Tricking
|-damage|p2a: Tricking|58/100
|-unboost|p1a: Latios|spa|2
|
|upkeep
|turn|19
|
|t:|1625447031
|switch|p1a: Gengar|Gengar, F|100/100
|switch|p2a: Toxapex|Toxapex, F|88/100
|
|upkeep
|turn|20
|
|t:|1625447037
|switch|p1a: Latios|Latios, M|100/100
|move|p2a: Toxapex|Knock Off|p1a: Latios
|-supereffective|p1a: Latios
|-damage|p1a: Latios|53/100
|-enditem|p1a: Latios|Assault Vest|[from] move: Knock Off|[of] p2a: Toxapex
|
|upkeep
|turn|21
|
|t:|1625447049
|switch|p1a: Gengar|Gengar, F|100/100
|switch|p2a: Tricking|Slowking, M, shiny|92/100
|
|upkeep
|turn|22
|
|t:|1625447056
|move|p1a: Gengar|Nasty Plot|p1a: Gengar
|-boost|p1a: Gengar|spa|2
|move|p2a: Tricking|Dragon Tail|p1a: Gengar|[miss]
|-miss|p2a: Tricking|p1a: Gengar
|
|upkeep
|turn|23
|
|t:|1625447063
|move|p1a: Gengar|Shadow Ball|p2a: Tricking
|-supereffective|p2a: Tricking
|-damage|p2a: Tricking|1/100
|move|p2a: Tricking|Dragon Tail|p1a: Gengar
|-damage|p1a: Gengar|81/100
|drag|p1a: Dragapult|Dragapult, F|82/100 tox
|
|-heal|p1a: Dragapult|88/100 tox|[from] item: Leftovers
|-damage|p1a: Dragapult|82/100 tox|[from] psn
|upkeep
|turn|24
|c|☆Bannedbyweek2|just
|c|☆Bannedbyweek2|when you need the most
|c|☆Bannedbyweek2|it da,n misses
|
|t:|1625447091
|switch|p2a: Toxapex|Toxapex, F|100/100
|move|p1a: Dragapult|Dragon Darts|p2a: Toxapex
|-damage|p2a: Toxapex|84/100
|-anim|p1a: Dragapult|Dragon Darts|p2a: Toxapex
|-damage|p2a: Toxapex|68/100
|
|-heal|p1a: Dragapult|88/100 tox|[from] item: Leftovers
|-damage|p1a: Dragapult|76/100 tox|[from] psn
|upkeep
|turn|25
|
|t:|1625447102
|switch|p1a: Latios|Latios, M|53/100
|move|p2a: Toxapex|Recover|p2a: Toxapex
|-heal|p2a: Toxapex|100/100
|
|upkeep
|turn|26
|
|t:|1625447109
|switch|p2a: Corviknight|Corviknight, M|99/100
|-ability|p2a: Corviknight|Pressure
|move|p1a: Latios|Psychic|p2a: Corviknight
|-resisted|p2a: Corviknight
|-damage|p2a: Corviknight|83/100
|
|-heal|p2a: Corviknight|89/100|[from] item: Leftovers
|upkeep
|turn|27
|
|t:|1625447117
|switch|p1a: Volcarona|Volcarona, F|100/100
|switch|p2a: Tricking|Slowking, M, shiny|35/100
|
|upkeep
|turn|28
|
|t:|1625447125
|switch|p2a: Garchomp|Garchomp, F|46/100
|move|p1a: Volcarona|Quiver Dance|p1a: Volcarona
|-boost|p1a: Volcarona|spa|1
|-boost|p1a: Volcarona|spd|1
|-boost|p1a: Volcarona|spe|1
|
|-heal|p2a: Garchomp|52/100|[from] item: Leftovers
|upkeep
|turn|29
|
|t:|1625447134
|switch|p1a: Dragapult|Dragapult, F|76/100 tox
|move|p2a: Garchomp|Toxic|p1a: Dragapult|[miss]
|-miss|p2a: Garchomp|p1a: Dragapult
|
|-heal|p1a: Dragapult|82/100 tox|[from] item: Leftovers
|-heal|p2a: Garchomp|58/100|[from] item: Leftovers
|-damage|p1a: Dragapult|76/100 tox|[from] psn
|upkeep
|turn|30
|
|t:|1625447143
|switch|p1a: Gengar|Gengar, F|81/100
|switch|p2a: Toxapex|Toxapex, F|100/100
|
|upkeep
|turn|31
|
|t:|1625447149
|move|p1a: Gengar|Nasty Plot|p1a: Gengar
|-boost|p1a: Gengar|spa|2
|move|p2a: Toxapex|Knock Off|p1a: Gengar
|-supereffective|p1a: Gengar
|-damage|p1a: Gengar|19/100
|-start|p2a: Toxapex|Disable|Knock Off|[from] ability: Cursed Body|[of] p1a: Gengar
|-enditem|p1a: Gengar|Focus Sash|[from] move: Knock Off|[of] p2a: Toxapex
|
|upkeep
|turn|32
|
|t:|1625447158
|move|p1a: Gengar|Shadow Ball|p2a: Toxapex
|-damage|p2a: Toxapex|48/100
|-unboost|p2a: Toxapex|spd|1
|move|p2a: Toxapex|Poison Jab|p1a: Gengar
|-resisted|p1a: Gengar
|-damage|p1a: Gengar|11/100
|
|upkeep
|turn|33
|l|+ez
|inactive|Bannedbyweek2 has 120 seconds left.
|
|t:|1625447189
|switch|p2a: Corviknight|Corviknight, M|89/100
|-ability|p2a: Corviknight|Pressure
|move|p1a: Gengar|Nasty Plot|p1a: Gengar
|-boost|p1a: Gengar|spa|2
|
|-heal|p2a: Corviknight|96/100|[from] item: Leftovers
|upkeep
|turn|34
|
|t:|1625447197
|move|p1a: Gengar|Shadow Ball|p2a: Corviknight
|-damage|p2a: Corviknight|12/100
|move|p2a: Corviknight|Brave Bird|p1a: Gengar
|-damage|p1a: Gengar|0 fnt
|faint|p1a: Gengar
|-damage|p2a: Corviknight|9/100|[from] Recoil
|
|-heal|p2a: Corviknight|16/100|[from] item: Leftovers
|upkeep
|
|t:|1625447218
|switch|p1a: Volcarona|Volcarona, F|100/100
|turn|35
|
|t:|1625447222
|switch|p2a: Garchomp|Garchomp, F|58/100
|move|p1a: Volcarona|Quiver Dance|p1a: Volcarona
|-boost|p1a: Volcarona|spa|1
|-boost|p1a: Volcarona|spd|1
|-boost|p1a: Volcarona|spe|1
|
|-heal|p2a: Garchomp|64/100|[from] item: Leftovers
|upkeep
|turn|36
|
|t:|1625447230
|move|p1a: Volcarona|Giga Drain|p2a: Garchomp
|-damage|p2a: Garchomp|43/100
|move|p2a: Garchomp|Toxic|p1a: Volcarona
|-status|p1a: Volcarona|tox
|
|-heal|p2a: Garchomp|49/100|[from] item: Leftovers
|-damage|p1a: Volcarona|94/100 tox|[from] psn
|upkeep
|turn|37
|-message|LT81YL Piggg forfeited.
|
|win|Bannedbyweek2
|raw|LT81YL Piggg's rating: 1753 &rarr; <strong>1743</strong><br />(-10 for losing)
|raw|Bannedbyweek2's rating: 1946 &rarr; <strong>1956</strong><br />(+10 for winning)
|l|☆LT81YL Piggg
|c|☆Bannedbyweek2|oof
