|j|☆LT94JEwhyaddicted
|j|☆bramitoboy
|t:|1661111785
|gametype|singles
|player|p1|LT94JEwhyaddicted|1|1809
|player|p2|bramitoboy|1|1857
|teamsize|p1|6
|teamsize|p2|6
|gen|8
|tier|[Gen 8] OU
|rated|
|rule|Sleep Clause Mod: Limit one foe put to sleep
|rule|Species Clause: Limit one of each Pokémon
|rule|OHKO Clause: OHKO moves are banned
|rule|Evasion Items Clause: Evasion items are banned
|rule|Evasion Moves Clause: Evasion moves are banned
|rule|Endless Battle Clause: Forcing endless battles is banned
|rule|HP Percentage Mod: HP is shown in percentages
|rule|Dynamax Clause: You cannot dynamax
|clearpoke
|poke|p1|Landorus-Therian, M|
|poke|p1|Ferrothorn, M|
|poke|p1|Tapu Lele|
|poke|p1|Alakazam, M|
|poke|p1|Moltres-Galar|
|poke|p1|Rotom-Wash|
|poke|p2|Zarude-Dada|
|poke|p2|Keldeo-Resolute|
|poke|p2|Tapu Lele|
|poke|p2|Tapu Koko|
|poke|p2|Heatran, F|
|poke|p2|Landorus-Therian, M|
|teampreview
|j| Sugoikemono
|
|t:|1661111804
|start
|switch|p1a: Raven|Tapu Lele, shiny|100/100
|switch|p2a: Tapu Lele|Tapu Lele|100/100
|-fieldstart|move: Psychic Terrain|[from] ability: Psychic Surge|[of] p1a: Raven
|turn|1
|inactive|Battle timer is ON: inactive players will automatically lose when time's up. (requested by bramitoboy)
|
|t:|1661111815
|switch|p1a: Temple|Ferrothorn, M, shiny|100/100
|move|p2a: Tapu Lele|Moonblast|p1a: Temple
|-resisted|p1a: Temple
|-damage|p1a: Temple|77/100
|
|upkeep
|turn|2
|
|t:|1661111823
|switch|p2a: Landorus|Landorus-Therian, M|100/100
|-ability|p2a: Landorus|Intimidate|boost
|-unboost|p1a: Temple|atk|1
|move|p1a: Temple|Stealth Rock|p2a: Landorus
|-sidestart|p2: bramitoboy|move: Stealth Rock
|
|upkeep
|turn|3
|j| cypherstest
|j| reymaki
|
|t:|1661111830
|move|p2a: Landorus|Defog|p1a: Temple
|-unboost|p1a: Temple|evasion|1
|-sideend|p2: bramitoboy|Stealth Rock|[from] move: Defog|[of] p2a: Landorus
|-fieldend|move: Psychic Terrain
|move|p1a: Temple|Leech Seed|p2a: Landorus|[miss]
|-miss|p1a: Temple|p2a: Landorus
|
|upkeep
|turn|4
|j| egal★vanc
|
|t:|1661111835
|move|p2a: Landorus|Earthquake|p1a: Temple
|-crit|p1a: Temple
|-damage|p1a: Temple|32/100
|move|p1a: Temple|Leech Seed|p2a: Landorus
|-start|p2a: Landorus|move: Leech Seed
|
|-damage|p2a: Landorus|88/100|[from] Leech Seed|[of] p1a: Temple
|-heal|p1a: Temple|45/100|[silent]
|upkeep
|turn|5
|j| neutrogena user
|
|t:|1661111844
|move|p2a: Landorus|Earthquake|p1a: Temple
|-damage|p1a: Temple|15/100
|move|p1a: Temple|Stealth Rock|p2a: Landorus
|-sidestart|p2: bramitoboy|move: Stealth Rock
|
|-damage|p2a: Landorus|76/100|[from] Leech Seed|[of] p1a: Temple
|-heal|p1a: Temple|28/100|[silent]
|upkeep
|turn|6
|
|t:|1661111850
|switch|p2a: Zarude|Zarude-Dada|100/100
|-damage|p2a: Zarude|88/100|[from] Stealth Rock
|move|p1a: Temple|Power Whip|p2a: Zarude
|-resisted|p2a: Zarude
|-damage|p2a: Zarude|76/100
|
|upkeep
|turn|7
|j| LT94JE 444 nuits
|
|t:|1661111856
|switch|p1a: Darkness|Moltres-Galar|100/100
|move|p2a: Zarude|Darkest Lariat|p1a: Darkness
|-resisted|p1a: Darkness
|-damage|p1a: Darkness|68/100
|-damage|p2a: Zarude|66/100|[from] item: Life Orb
|
|upkeep
|turn|8
|l| LT94JE 444 nuits
|
|t:|1661111865
|switch|p2a: Tapu Koko|Tapu Koko|100/100
|-damage|p2a: Tapu Koko|88/100|[from] Stealth Rock
|-fieldstart|move: Electric Terrain|[from] ability: Electric Surge|[of] p2a: Tapu Koko
|move|p1a: Darkness|U-turn|p2a: Tapu Koko
|-resisted|p2a: Tapu Koko
|-damage|p2a: Tapu Koko|80/100
|
|t:|1661111871
|switch|p1a: Enten|Landorus-Therian, M, shiny|100/100|[from]move: U-turn
|-ability|p1a: Enten|Intimidate|boost
|-unboost|p2a: Tapu Koko|atk|1
|
|upkeep
|turn|9
|
|t:|1661111875
|move|p2a: Tapu Koko|Dazzling Gleam|p1a: Enten
|-damage|p1a: Enten|69/100
|move|p1a: Enten|Earthquake|p2a: Tapu Koko
|-supereffective|p2a: Tapu Koko
|-damage|p2a: Tapu Koko|0 fnt
|faint|p2a: Tapu Koko
|
|-heal|p1a: Enten|75/100|[from] item: Leftovers
|upkeep
|
|t:|1661111881
|switch|p2a: Keldeo|Keldeo-Resolute|100/100
|-damage|p2a: Keldeo|94/100|[from] Stealth Rock
|turn|10
|
|t:|1661111886
|switch|p1a: Phantom|Rotom-Wash, shiny|100/100
|move|p2a: Keldeo|Calm Mind|p2a: Keldeo
|-boost|p2a: Keldeo|spa|1
|-boost|p2a: Keldeo|spd|1
|
|-heal|p2a: Keldeo|100/100|[from] item: Leftovers
|upkeep
|turn|11
|
|t:|1661111889
|move|p2a: Keldeo|Secret Sword|p1a: Phantom
|-damage|p1a: Phantom|30/100
|move|p1a: Phantom|Volt Switch|p2a: Keldeo
|-supereffective|p2a: Keldeo
|-damage|p2a: Keldeo|61/100
|
|t:|1661111893
|switch|p1a: Raven|Tapu Lele, shiny|100/100|[from]move: Volt Switch
|-fieldstart|move: Psychic Terrain|[from] ability: Psychic Surge|[of] p1a: Raven
|
|-heal|p2a: Keldeo|67/100|[from] item: Leftovers
|upkeep
|turn|12
|
|t:|1661111904
|switch|p2a: Heatran|Heatran, F|100/100
|-damage|p2a: Heatran|88/100|[from] Stealth Rock
|-item|p2a: Heatran|Air Balloon
|move|p1a: Raven|Moonblast|p2a: Heatran
|-resisted|p2a: Heatran
|-damage|p2a: Heatran|76/100
|-enditem|p2a: Heatran|Air Balloon
|
|upkeep
|turn|13
|
|t:|1661111910
|switch|p1a: Phantom|Rotom-Wash, shiny|30/100
|move|p2a: Heatran|Magma Storm|p1a: Phantom
|-resisted|p1a: Phantom
|-damage|p1a: Phantom|9/100
|-activate|p1a: Phantom|move: Magma Storm|[of] p2a: Heatran
|
|-heal|p1a: Phantom|15/100|[from] item: Leftovers
|-damage|p1a: Phantom|3/100|[from] move: Magma Storm|[partiallytrapped]
|upkeep
|turn|14
|
|t:|1661111920
|switch|p2a: Zarude|Zarude-Dada|66/100
|-damage|p2a: Zarude|53/100|[from] Stealth Rock
|move|p1a: Phantom|Pain Split|p2a: Zarude
|-sethp|p2a: Zarude|28/100|[from] move: Pain Split|[silent]
|-sethp|p1a: Phantom|33/100|[from] move: Pain Split
|
|-heal|p1a: Phantom|38/100|[from] item: Leftovers
|-end|p1a: Phantom|Magma Storm|[partiallytrapped]|[silent]
|upkeep
|turn|15
|
|t:|1661111926
|switch|p1a: Darkness|Moltres-Galar|68/100
|move|p2a: Zarude|Synthesis|p2a: Zarude
|-heal|p2a: Zarude|78/100
|
|-fieldend|move: Psychic Terrain
|upkeep
|turn|16
|j| CutePokesOnly
|j| packgod
|
|t:|1661111933
|move|p2a: Zarude|Power Whip|p1a: Darkness
|-resisted|p1a: Darkness
|-damage|p1a: Darkness|22/100
|-ability|p1a: Darkness|Berserk|boost
|-boost|p1a: Darkness|spa|1
|-damage|p2a: Zarude|68/100|[from] item: Life Orb
|move|p1a: Darkness|Hurricane|p2a: Zarude|[miss]
|-miss|p1a: Darkness|p2a: Zarude
|
|upkeep
|turn|17
|
|t:|1661111942
|move|p2a: Zarude|Darkest Lariat|p1a: Darkness
|-resisted|p1a: Darkness
|-crit|p1a: Darkness
|-damage|p1a: Darkness|0 fnt
|faint|p1a: Darkness
|-damage|p2a: Zarude|58/100|[from] item: Life Orb
|
|upkeep
|
|t:|1661111948
|switch|p1a: Raven|Tapu Lele, shiny|100/100
|-fieldstart|move: Psychic Terrain|[from] ability: Psychic Surge|[of] p1a: Raven
|turn|18
|
|t:|1661111955
|switch|p2a: Heatran|Heatran, F|76/100
|-damage|p2a: Heatran|63/100|[from] Stealth Rock
|move|p1a: Raven|Moonblast|p2a: Heatran
|-resisted|p2a: Heatran
|-damage|p2a: Heatran|52/100
|
|upkeep
|turn|19
|l| packgod
|
|t:|1661111967
|switch|p1a: Enten|Landorus-Therian, M, shiny|75/100
|-ability|p1a: Enten|Intimidate|boost
|-unboost|p2a: Heatran|atk|1
|move|p2a: Heatran|Stealth Rock|p1a: Enten
|-sidestart|p1: LT94JEwhyaddicted|move: Stealth Rock
|
|-heal|p1a: Enten|81/100|[from] item: Leftovers
|upkeep
|turn|20
|
|t:|1661111982
|switch|p2a: Landorus|Landorus-Therian, M|76/100
|-damage|p2a: Landorus|64/100|[from] Stealth Rock
|-ability|p2a: Landorus|Intimidate|boost
|-unboost|p1a: Enten|atk|1
|move|p1a: Enten|U-turn|p2a: Landorus
|-resisted|p2a: Landorus
|-damage|p2a: Landorus|58/100
|-damage|p1a: Enten|65/100|[from] item: Rocky Helmet|[of] p2a: Landorus
|
|t:|1661111988
|switch|p1a: Prophet|Alakazam, M, shiny|100/100|[from]move: U-turn
|
|upkeep
|turn|21
|
|t:|1661111994
|switch|p2a: Zarude|Zarude-Dada|58/100
|-damage|p2a: Zarude|46/100|[from] Stealth Rock
|move|p1a: Prophet|Expanding Force|p2a: Zarude
|-immune|p2a: Zarude
|
|upkeep
|turn|22
|
|t:|1661112001
|switch|p2a: Tapu Lele|Tapu Lele|100/100
|-damage|p2a: Tapu Lele|88/100|[from] Stealth Rock
|move|p1a: Prophet|Focus Blast|p2a: Tapu Lele|[miss]
|-miss|p1a: Prophet|p2a: Tapu Lele
|
|-fieldend|move: Psychic Terrain
|upkeep
|turn|23
|
|t:|1661112013
|move|p1a: Prophet|Shadow Ball|p2a: Tapu Lele
|-supereffective|p2a: Tapu Lele
|-damage|p2a: Tapu Lele|43/100
|move|p2a: Tapu Lele|Moonblast|p1a: Prophet
|-damage|p1a: Prophet|25/100
|
|upkeep
|turn|24
|
|t:|1661112023
|move|p1a: Prophet|Shadow Ball|p2a: Tapu Lele
|-supereffective|p2a: Tapu Lele
|-damage|p2a: Tapu Lele|0 fnt
|faint|p2a: Tapu Lele
|
|upkeep
|
|t:|1661112031
|switch|p2a: Zarude|Zarude-Dada|46/100
|-damage|p2a: Zarude|33/100|[from] Stealth Rock
|turn|25
|j| Ashkabash
|
|t:|1661112036
|switch|p1a: Temple|Ferrothorn, M, shiny|28/100
|-damage|p1a: Temple|22/100|[from] Stealth Rock
|move|p2a: Zarude|Synthesis|p2a: Zarude
|-heal|p2a: Zarude|83/100
|
|upkeep
|turn|26
|
|t:|1661112046
|move|p2a: Zarude|Darkest Lariat|p1a: Temple
|-damage|p1a: Temple|0 fnt
|-damage|p2a: Zarude|71/100|[from] ability: Iron Barbs|[of] p1a: Temple
|-damage|p2a: Zarude|54/100|[from] item: Rocky Helmet|[of] p1a: Temple
|faint|p1a: Temple
|-damage|p2a: Zarude|44/100|[from] item: Life Orb
|
|upkeep
|
|t:|1661112054
|switch|p1a: Raven|Tapu Lele, shiny|100/100
|-damage|p1a: Raven|88/100|[from] Stealth Rock
|-fieldstart|move: Psychic Terrain|[from] ability: Psychic Surge|[of] p1a: Raven
|turn|27
|
|t:|1661112061
|switch|p2a: Landorus|Landorus-Therian, M|58/100
|-damage|p2a: Landorus|46/100|[from] Stealth Rock
|-ability|p2a: Landorus|Intimidate|boost
|-unboost|p1a: Raven|atk|1
|move|p1a: Raven|Moonblast|p2a: Landorus
|-damage|p2a: Landorus|0 fnt
|faint|p2a: Landorus
|
|upkeep
|
|t:|1661112064
|switch|p2a: Heatran|Heatran, F|52/100
|-damage|p2a: Heatran|40/100|[from] Stealth Rock
|turn|28
|
|t:|1661112078
|switch|p1a: Phantom|Rotom-Wash, shiny|38/100
|-damage|p1a: Phantom|26/100|[from] Stealth Rock
|switch|p2a: Zarude|Zarude-Dada|44/100
|-damage|p2a: Zarude|32/100|[from] Stealth Rock
|
|-heal|p1a: Phantom|32/100|[from] item: Leftovers
|upkeep
|turn|29
|
|t:|1661112082
|move|p2a: Zarude|Synthesis|p2a: Zarude
|-heal|p2a: Zarude|82/100
|move|p1a: Phantom|Volt Switch|p2a: Zarude
|-resisted|p2a: Zarude
|-damage|p2a: Zarude|69/100
|
|t:|1661112085
|switch|p1a: Raven|Tapu Lele, shiny|88/100|[from]move: Volt Switch
|-damage|p1a: Raven|76/100|[from] Stealth Rock
|
|upkeep
|turn|30
|
|t:|1661112093
|switch|p2a: Heatran|Heatran, F|40/100
|-damage|p2a: Heatran|27/100|[from] Stealth Rock
|move|p1a: Raven|Moonblast|p2a: Heatran
|-resisted|p2a: Heatran
|-damage|p2a: Heatran|16/100
|
|upkeep
|turn|31
|
|t:|1661112100
|switch|p1a: Phantom|Rotom-Wash, shiny|32/100
|-damage|p1a: Phantom|20/100|[from] Stealth Rock
|switch|p2a: Zarude|Zarude-Dada|69/100
|-damage|p2a: Zarude|56/100|[from] Stealth Rock
|
|-heal|p1a: Phantom|26/100|[from] item: Leftovers
|-fieldend|move: Psychic Terrain
|upkeep
|turn|32
|
|t:|1661112111
|move|p2a: Zarude|Darkest Lariat|p1a: Phantom
|-damage|p1a: Phantom|0 fnt
|faint|p1a: Phantom
|-damage|p2a: Zarude|46/100|[from] item: Life Orb
|
|upkeep
|
|t:|1661112113
|switch|p1a: Raven|Tapu Lele, shiny|76/100
|-damage|p1a: Raven|63/100|[from] Stealth Rock
|-fieldstart|move: Psychic Terrain|[from] ability: Psychic Surge|[of] p1a: Raven
|turn|33
|
|t:|1661112117
|switch|p2a: Keldeo|Keldeo-Resolute|67/100
|-damage|p2a: Keldeo|61/100|[from] Stealth Rock
|move|p1a: Raven|Moonblast|p2a: Keldeo
|-supereffective|p2a: Keldeo
|-damage|p2a: Keldeo|0 fnt
|faint|p2a: Keldeo
|
|upkeep
|c|☆LT94JEwhyaddicted|gg
|c|☆bramitoboy|gg, impossible mu
|c|☆LT94JEwhyaddicted|yeah
|
|t:|1661112129
|switch|p2a: Heatran|Heatran, F|16/100
|-damage|p2a: Heatran|4/100|[from] Stealth Rock
|turn|34
|c|☆bramitoboy|since i lost koko i lost the game
|
|t:|1661112142
|move|p1a: Raven|Moonblast|p2a: Heatran
|-resisted|p2a: Heatran
|-damage|p2a: Heatran|0 fnt
|faint|p2a: Heatran
|
|upkeep
|
|t:|1661112145
|switch|p2a: Zarude|Zarude-Dada|46/100
|-damage|p2a: Zarude|34/100|[from] Stealth Rock
|turn|35
|
|t:|1661112148
|move|p1a: Raven|Moonblast|p2a: Zarude
|-supereffective|p2a: Zarude
|-damage|p2a: Zarude|0 fnt
|faint|p2a: Zarude
|
|win|LT94JEwhyaddicted
|raw|LT94JEwhyaddicted's rating: 1809 &rarr; <strong>1832</strong><br />(+23 for winning)
|raw|bramitoboy's rating: 1857 &rarr; <strong>1834</strong><br />(-23 for losing)
|l| cypherstest
|l| Sugoikemono
|l| CutePokesOnly
||Ladder isn't responding, score probably updated but might not have (Request timeout).
