|j|☆xyz anxiety
|j|☆Jugloo
|inactive|Battle timer is ON: inactive players will automatically lose when time's up.
|t:|1655311614
|gametype|singles
|player|p1|xyz anxiety|gambler-gen1|
|player|p2|Jugloo|iris-gen5bw2|
|teamsize|p1|6
|teamsize|p2|6
|gen|8
|tier|[Gen 8] OU
|rated|Tournament battle
|rule|Sleep Clause Mod: Limit one foe put to sleep
|rule|Species Clause: Limit one of each Pokémon
|rule|OHKO Clause: OHKO moves are banned
|rule|Evasion Moves Clause: Evasion moves are banned
|rule|Endless Battle Clause: Forcing endless battles is banned
|rule|HP Percentage Mod: HP is shown in percentages
|rule|Dynamax Clause: You cannot dynamax
|clearpoke
|poke|p1|Zeraora|
|poke|p1|Ursaluna, F|
|poke|p1|Jirachi|
|poke|p1|Toxapex, F|
|poke|p1|Landorus-Therian, M|
|poke|p1|Tornadus-Therian, M|
|poke|p2|Clefable, M|
|poke|p2|Rotom-Wash|
|poke|p2|Ferrothorn, F|
|poke|p2|Victini|
|poke|p2|Tornadus-Therian, M|
|poke|p2|Ursaluna, F|
|teampreview
|j| velutinien
|j| Stunfisk2140
|j| LiIIy
|j| Trailblazer324
|j| Floofurious
|j| SceptiledUP
|j| fgomes
|c| Stunfisk2140|lez go
|c|☆xyz anxiety|hf
|j| SavageSwordX
|j| osswert
|j|%htcl (>◡<)
|
|t:|1655311639
|start
|switch|p1a: Tornadus|Tornadus-Therian, M|100/100
|switch|p2a: Rotom|Rotom-Wash|100/100
|turn|1
|l| osswert
|
|t:|1655311651
|move|p1a: Tornadus|U-turn|p2a: Rotom
|-damage|p2a: Rotom|87/100
|
|t:|1655311653
|switch|p1a: Jirachi|Jirachi|100/100|[from]move: U-turn
|move|p2a: Rotom|Hydro Pump|p1a: Jirachi
|-damage|p1a: Jirachi|69/100
|
|-heal|p1a: Jirachi|75/100|[from] item: Leftovers
|-heal|p2a: Rotom|93/100|[from] item: Leftovers
|upkeep
|turn|2
|
|t:|1655311661
|move|p1a: Jirachi|Stealth Rock|p2a: Rotom
|-sidestart|p2: Jugloo|move: Stealth Rock
|move|p2a: Rotom|Will-O-Wisp|p1a: Jirachi
|-status|p1a: Jirachi|brn
|
|-heal|p1a: Jirachi|82/100 brn|[from] item: Leftovers
|-heal|p2a: Rotom|99/100|[from] item: Leftovers
|-damage|p1a: Jirachi|75/100 brn|[from] brn
|upkeep
|turn|3
|c| LiIIy|This semis?
|
|t:|1655311671
|move|p1a: Jirachi|U-turn|p2a: Rotom
|-damage|p2a: Rotom|93/100
|c| Stunfisk2140|final
|
|t:|1655311674
|switch|p1a: Toxapex|Toxapex, F|100/100|[from]move: U-turn
|move|p2a: Rotom|Volt Switch|p1a: Toxapex
|-supereffective|p1a: Toxapex
|-damage|p1a: Toxapex|66/100
|
|t:|1655311682
|switch|p2a: Ursaluna|Ursaluna, F|100/100|[from]move: Volt Switch
|-damage|p2a: Ursaluna|94/100|[from] Stealth Rock
|
|-status|p2a: Ursaluna|brn|[from] item: Flame Orb
|upkeep
|turn|4
|
|t:|1655311692
|switch|p1a: Landorus|Landorus-Therian, M|100/100
|-ability|p1a: Landorus|Intimidate|boost
|-unboost|p2a: Ursaluna|atk|1
|move|p2a: Ursaluna|Facade|p1a: Landorus
|-damage|p1a: Landorus|31/100
|
|-heal|p1a: Landorus|37/100|[from] item: Leftovers
|-damage|p2a: Ursaluna|88/100 brn|[from] brn
|upkeep
|turn|5
|c| Floofurious|suprised, either way an ursa team will win
|j| yaboiAshK.
|j| JiminyRickets
|j| Traffalgar D Law
|j| osswert
|
|t:|1655311696
|move|p1a: Landorus|U-turn|p2a: Ursaluna
|-damage|p2a: Ursaluna|69/100 brn
|
|t:|1655311698
|switch|p1a: Ursaluna|Ursaluna, F|100/100|[from]move: U-turn
|move|p2a: Ursaluna|Facade|p1a: Ursaluna
|-damage|p1a: Ursaluna|29/100
|
|-damage|p2a: Ursaluna|63/100 brn|[from] brn
|-status|p1a: Ursaluna|brn|[from] item: Flame Orb
|upkeep
|turn|6
|
|t:|1655311704
|move|p2a: Ursaluna|Facade|p1a: Ursaluna
|-damage|p1a: Ursaluna|0 fnt
|faint|p1a: Ursaluna
|
|-damage|p2a: Ursaluna|56/100 brn|[from] brn
|upkeep
|c| velutinien|glad to see ursa in the finals tbh
|
|t:|1655311713
|switch|p1a: Zeraora|Zeraora|100/100
|turn|7
|
|t:|1655311722
|switch|p2a: Rotom|Rotom-Wash|93/100
|-damage|p2a: Rotom|81/100|[from] Stealth Rock
|move|p1a: Zeraora|Close Combat|p2a: Rotom
|-damage|p2a: Rotom|51/100
|-unboost|p1a: Zeraora|def|1
|-unboost|p1a: Zeraora|spd|1
|
|-heal|p2a: Rotom|58/100|[from] item: Leftovers
|upkeep
|turn|8
|l| osswert
|
|t:|1655311737
|switch|p1a: Tornadus|Tornadus-Therian, M|100/100
|move|p2a: Rotom|Will-O-Wisp|p1a: Tornadus
|-status|p1a: Tornadus|brn
|
|-heal|p2a: Rotom|64/100|[from] item: Leftovers
|-damage|p1a: Tornadus|94/100 brn|[from] brn
|upkeep
|turn|9
|
|t:|1655311739
|move|p1a: Tornadus|Toxic|p2a: Rotom
|-status|p2a: Rotom|tox
|move|p2a: Rotom|Pain Split|p1a: Tornadus
|-sethp|p1a: Tornadus|74/100 brn|[from] move: Pain Split|[silent]
|-sethp|p2a: Rotom|88/100 tox|[from] move: Pain Split
|
|-heal|p2a: Rotom|94/100 tox|[from] item: Leftovers
|-damage|p2a: Rotom|88/100 tox|[from] psn
|-damage|p1a: Tornadus|68/100 brn|[from] brn
|upkeep
|turn|10
|
|t:|1655311744
|move|p1a: Tornadus|U-turn|p2a: Rotom
|-damage|p2a: Rotom|81/100 tox
|
|t:|1655311748
|switch|p1a: Landorus|Landorus-Therian, M|37/100|[from]move: U-turn
|-ability|p1a: Landorus|Intimidate|boost
|-unboost|p2a: Rotom|atk|1
|move|p2a: Rotom|Hydro Pump|p1a: Landorus|[miss]
|-miss|p2a: Rotom|p1a: Landorus
|
|-heal|p2a: Rotom|88/100 tox|[from] item: Leftovers
|-heal|p1a: Landorus|43/100|[from] item: Leftovers
|-damage|p2a: Rotom|75/100 tox|[from] psn
|upkeep
|turn|11
|j| coral fan
|
|t:|1655311758
|switch|p2a: Ferrothorn|Ferrothorn, F|100/100
|-damage|p2a: Ferrothorn|94/100|[from] Stealth Rock
|switch|p1a: Tornadus|Tornadus-Therian, M|100/100 brn
|
|-heal|p2a: Ferrothorn|100/100|[from] item: Leftovers
|-damage|p1a: Tornadus|94/100 brn|[from] brn
|upkeep
|turn|12
|
|t:|1655311764
|switch|p2a: Tornadus|Tornadus-Therian, M|100/100
|move|p1a: Tornadus|U-turn|p2a: Tornadus
|-resisted|p2a: Tornadus
|-damage|p2a: Tornadus|96/100
|
|t:|1655311766
|switch|p1a: Zeraora|Zeraora|100/100|[from]move: U-turn
|
|upkeep
|turn|13
|
|t:|1655311775
|switch|p2a: Ferrothorn|Ferrothorn, F|100/100
|-damage|p2a: Ferrothorn|94/100|[from] Stealth Rock
|move|p1a: Zeraora|Bulk Up|p1a: Zeraora
|-boost|p1a: Zeraora|atk|1
|-boost|p1a: Zeraora|def|1
|
|-heal|p2a: Ferrothorn|100/100|[from] item: Leftovers
|upkeep
|turn|14
|
|t:|1655311783
|move|p1a: Zeraora|Bulk Up|p1a: Zeraora
|-boost|p1a: Zeraora|atk|1
|-boost|p1a: Zeraora|def|1
|move|p2a: Ferrothorn|Leech Seed|p1a: Zeraora
|-start|p1a: Zeraora|move: Leech Seed
|
|-damage|p1a: Zeraora|88/100|[from] Leech Seed|[of] p2a: Ferrothorn
|upkeep
|turn|15
|
|t:|1655311792
|move|p1a: Zeraora|Bulk Up|p1a: Zeraora
|-boost|p1a: Zeraora|atk|1
|-boost|p1a: Zeraora|def|1
|move|p2a: Ferrothorn|Gyro Ball|p1a: Zeraora
|-resisted|p1a: Zeraora
|-damage|p1a: Zeraora|75/100
|
|-damage|p1a: Zeraora|63/100|[from] Leech Seed|[of] p2a: Ferrothorn
|upkeep
|turn|16
|
|t:|1655311799
|move|p1a: Zeraora|Plasma Fists|p2a: Ferrothorn
|-resisted|p2a: Ferrothorn
|-damage|p2a: Ferrothorn|66/100
|-fieldactivate|move: Ion Deluge
|-hint|Normal-type moves become Electric-type after using Plasma Fists.
|-damage|p1a: Zeraora|50/100|[from] ability: Iron Barbs|[of] p2a: Ferrothorn
|move|p2a: Ferrothorn|Gyro Ball|p1a: Zeraora
|-resisted|p1a: Zeraora
|-damage|p1a: Zeraora|38/100
|
|-heal|p2a: Ferrothorn|73/100|[from] item: Leftovers
|-damage|p1a: Zeraora|26/100|[from] Leech Seed|[of] p2a: Ferrothorn
|-heal|p2a: Ferrothorn|84/100|[silent]
|upkeep
|turn|17
|
|t:|1655311803
|switch|p2a: Ursaluna|Ursaluna, F|56/100 brn
|-damage|p2a: Ursaluna|50/100 brn|[from] Stealth Rock
|move|p1a: Zeraora|Close Combat|p2a: Ursaluna
|-supereffective|p2a: Ursaluna
|-damage|p2a: Ursaluna|0 fnt
|-unboost|p1a: Zeraora|def|1
|-unboost|p1a: Zeraora|spd|1
|faint|p2a: Ursaluna
|
|upkeep
|l| Trailblazer324
|c|☆Jugloo|I inverted the moves effectiveness in ym mind
|j| pichu 3212
|c|☆Jugloo|sorry ursa
|
|t:|1655311827
|switch|p2a: Victini|Victini|100/100
|-damage|p2a: Victini|76/100|[from] Stealth Rock
|turn|18
|
|t:|1655311830
|switch|p1a: Toxapex|Toxapex, F|99/100
|move|p2a: Victini|V-create|p1a: Toxapex
|-resisted|p1a: Toxapex
|-damage|p1a: Toxapex|73/100
|-unboost|p2a: Victini|spe|1
|-unboost|p2a: Victini|def|1
|-unboost|p2a: Victini|spd|1
|
|upkeep
|turn|19
|
|t:|1655311847
|switch|p2a: Clefable|Clefable, M|100/100
|move|p1a: Toxapex|Scald|p2a: Clefable
|-damage|p2a: Clefable|90/100
|
|-heal|p2a: Clefable|96/100|[from] item: Leftovers
|upkeep
|turn|20
|
|t:|1655311853
|switch|p1a: Tornadus|Tornadus-Therian, M|100/100 brn
|move|p2a: Clefable|Teleport|p2a: Clefable
|j| osswert
|l| osswert
|
|t:|1655311870
|switch|p2a: Tornadus|Tornadus-Therian, M|100/100|[from]move: Teleport
|
|-damage|p1a: Tornadus|94/100 brn|[from] brn
|upkeep
|turn|21
|
|t:|1655311875
|move|p2a: Tornadus|Defog|p1a: Tornadus
|-unboost|p1a: Tornadus|evasion|1
|-sideend|p2: Jugloo|Stealth Rock|[from] move: Defog|[of] p2a: Tornadus
|move|p1a: Tornadus|Toxic|p2a: Tornadus
|-status|p2a: Tornadus|tox
|
|-damage|p2a: Tornadus|94/100 tox|[from] psn
|-damage|p1a: Tornadus|88/100 brn|[from] brn
|upkeep
|turn|22
|
|t:|1655311883
|move|p2a: Tornadus|Hurricane|p1a: Tornadus
|-damage|p1a: Tornadus|46/100 brn
|move|p1a: Tornadus|Knock Off|p2a: Tornadus
|-damage|p2a: Tornadus|81/100 tox
|-enditem|p2a: Tornadus|Heavy-Duty Boots|[from] move: Knock Off|[of] p1a: Tornadus
|
|-damage|p2a: Tornadus|69/100 tox|[from] psn
|-damage|p1a: Tornadus|40/100 brn|[from] brn
|upkeep
|turn|23
|
|t:|1655311888
|switch|p1a: Toxapex|Toxapex, F|100/100
|move|p2a: Tornadus|U-turn|p1a: Toxapex
|-resisted|p1a: Toxapex
|-damage|p1a: Toxapex|96/100
|
|t:|1655311897
|switch|p2a: Ferrothorn|Ferrothorn, F|84/100|[from]move: U-turn
|
|-heal|p2a: Ferrothorn|90/100|[from] item: Leftovers
|upkeep
|turn|24
|
|t:|1655311900
|move|p1a: Toxapex|Scald|p2a: Ferrothorn
|-resisted|p2a: Ferrothorn
|-damage|p2a: Ferrothorn|83/100
|move|p2a: Ferrothorn|Stealth Rock|p1a: Toxapex
|-sidestart|p1: xyz anxiety|move: Stealth Rock
|
|-heal|p2a: Ferrothorn|90/100|[from] item: Leftovers
|upkeep
|turn|25
|
|t:|1655311903
|move|p1a: Toxapex|Scald|p2a: Ferrothorn
|-resisted|p2a: Ferrothorn
|-damage|p2a: Ferrothorn|82/100
|move|p2a: Ferrothorn|Gyro Ball|p1a: Toxapex
|-resisted|p1a: Toxapex
|-damage|p1a: Toxapex|89/100
|
|-heal|p2a: Ferrothorn|89/100|[from] item: Leftovers
|upkeep
|turn|26
|
|t:|1655311910
|switch|p1a: Jirachi|Jirachi|75/100 brn
|-damage|p1a: Jirachi|69/100 brn|[from] Stealth Rock
|move|p2a: Ferrothorn|Leech Seed|p1a: Jirachi
|-start|p1a: Jirachi|move: Leech Seed
|
|-heal|p1a: Jirachi|75/100 brn|[from] item: Leftovers
|-heal|p2a: Ferrothorn|95/100|[from] item: Leftovers
|-damage|p1a: Jirachi|63/100 brn|[from] Leech Seed|[of] p2a: Ferrothorn
|-heal|p2a: Ferrothorn|100/100|[silent]
|-damage|p1a: Jirachi|57/100 brn|[from] brn
|upkeep
|turn|27
|
|t:|1655311915
|switch|p2a: Tornadus|Tornadus-Therian, M|100/100 tox
|move|p1a: Jirachi|Stealth Rock|p2a: Tornadus
|-sidestart|p2: Jugloo|move: Stealth Rock
|
|-heal|p1a: Jirachi|63/100 brn|[from] item: Leftovers
|-damage|p1a: Jirachi|51/100 brn|[from] Leech Seed|[of] p2a: Tornadus
|-damage|p2a: Tornadus|94/100 tox|[from] psn
|-damage|p1a: Jirachi|45/100 brn|[from] brn
|upkeep
|turn|28
|
|t:|1655311927
|switch|p1a: Toxapex|Toxapex, F|100/100
|-damage|p1a: Toxapex|88/100|[from] Stealth Rock
|move|p2a: Tornadus|Defog|p1a: Toxapex
|-unboost|p1a: Toxapex|evasion|1
|-sideend|p1: xyz anxiety|Stealth Rock|[from] move: Defog|[of] p2a: Tornadus
|-sideend|p2: Jugloo|Stealth Rock|[from] move: Defog|[of] p2a: Tornadus
|
|-damage|p2a: Tornadus|82/100 tox|[from] psn
|upkeep
|turn|29
|
|t:|1655311934
|move|p2a: Tornadus|Taunt|p1a: Toxapex
|-start|p1a: Toxapex|move: Taunt
|move|p1a: Toxapex|Scald|p2a: Tornadus
|-damage|p2a: Tornadus|65/100 tox
|
|-damage|p2a: Tornadus|47/100 tox|[from] psn
|upkeep
|turn|30
|
|t:|1655311935
|move|p2a: Tornadus|U-turn|p1a: Toxapex
|-resisted|p1a: Toxapex
|-damage|p1a: Toxapex|84/100
|
|t:|1655311938
|switch|p2a: Ferrothorn|Ferrothorn, F|100/100|[from]move: U-turn
|move|p1a: Toxapex|Scald|p2a: Ferrothorn
|-resisted|p2a: Ferrothorn
|-damage|p2a: Ferrothorn|94/100
|
|-heal|p2a: Ferrothorn|99/100|[from] item: Leftovers
|upkeep
|turn|31
|
|t:|1655311942
|switch|p1a: Jirachi|Jirachi|45/100 brn
|move|p2a: Ferrothorn|Leech Seed|p1a: Jirachi
|-start|p1a: Jirachi|move: Leech Seed
|
|-heal|p1a: Jirachi|51/100 brn|[from] item: Leftovers
|-heal|p2a: Ferrothorn|100/100|[from] item: Leftovers
|-damage|p1a: Jirachi|38/100 brn|[from] Leech Seed|[of] p2a: Ferrothorn
|-damage|p1a: Jirachi|32/100 brn|[from] brn
|upkeep
|turn|32
|c| LiIIy|Ursa tourn and the first mons sacked on both teams are ursas
|
|t:|1655311951
|switch|p2a: Tornadus|Tornadus-Therian, M|80/100 tox
|move|p1a: Jirachi|Stealth Rock|p2a: Tornadus
|-sidestart|p2: Jugloo|move: Stealth Rock
|
|-heal|p1a: Jirachi|38/100 brn|[from] item: Leftovers
|-damage|p1a: Jirachi|26/100 brn|[from] Leech Seed|[of] p2a: Tornadus
|-heal|p2a: Tornadus|94/100 tox|[silent]
|-damage|p2a: Tornadus|88/100 tox|[from] psn
|-damage|p1a: Jirachi|20/100 brn|[from] brn
|upkeep
|turn|33
|j| splash2020
|c|☆Jugloo|i didn't mean to do that
|l|pichu3212
|
|t:|1655311964
|switch|p1a: Zeraora|Zeraora|26/100
|move|p2a: Tornadus|Defog|p1a: Zeraora
|-unboost|p1a: Zeraora|evasion|1
|-sideend|p2: Jugloo|Stealth Rock|[from] move: Defog|[of] p2a: Tornadus
|
|-damage|p2a: Tornadus|76/100 tox|[from] psn
|upkeep
|turn|34
|
|t:|1655311989
|switch|p2a: Ferrothorn|Ferrothorn, F|100/100
|move|p1a: Zeraora|Knock Off|p2a: Ferrothorn
|-damage|p2a: Ferrothorn|81/100
|-damage|p1a: Zeraora|13/100|[from] ability: Iron Barbs|[of] p2a: Ferrothorn
|-enditem|p2a: Ferrothorn|Leftovers|[from] move: Knock Off|[of] p1a: Zeraora
|
|upkeep
|turn|35
|
|t:|1655312001
|switch|p1a: Tornadus|Tornadus-Therian, M|73/100 brn
|move|p2a: Ferrothorn|Gyro Ball|p1a: Tornadus
|-damage|p1a: Tornadus|25/100 brn
|
|-damage|p1a: Tornadus|19/100 brn|[from] brn
|upkeep
|turn|36
|
|t:|1655312015
|switch|p2a: Tornadus|Tornadus-Therian, M|100/100 tox
|move|p1a: Tornadus|Heat Wave|p2a: Tornadus
|-damage|p2a: Tornadus|79/100 tox
|
|-damage|p2a: Tornadus|73/100 tox|[from] psn
|-damage|p1a: Tornadus|13/100 brn|[from] brn
|upkeep
|turn|37
|
|t:|1655312019
|switch|p1a: Toxapex|Toxapex, F|100/100
|move|p2a: Tornadus|U-turn|p1a: Toxapex
|-resisted|p1a: Toxapex
|-damage|p1a: Toxapex|95/100
|
|t:|1655312021
|switch|p2a: Ferrothorn|Ferrothorn, F|81/100|[from]move: U-turn
|
|upkeep
|turn|38
|j| osswert
|
|t:|1655312026
|move|p1a: Toxapex|Scald|p2a: Ferrothorn
|-resisted|p2a: Ferrothorn
|-damage|p2a: Ferrothorn|74/100
|move|p2a: Ferrothorn|Leech Seed|p1a: Toxapex
|-start|p1a: Toxapex|move: Leech Seed
|
|-damage|p1a: Toxapex|83/100|[from] Leech Seed|[of] p2a: Ferrothorn
|-heal|p2a: Ferrothorn|85/100|[silent]
|upkeep
|turn|39
|l| osswert
|j| tdanger44
|
|t:|1655312033
|move|p1a: Toxapex|Scald|p2a: Ferrothorn
|-resisted|p2a: Ferrothorn
|-damage|p2a: Ferrothorn|77/100
|-status|p2a: Ferrothorn|brn
|move|p2a: Ferrothorn|Gyro Ball|p1a: Toxapex
|-resisted|p1a: Toxapex
|-damage|p1a: Toxapex|80/100
|
|-damage|p1a: Toxapex|68/100|[from] Leech Seed|[of] p2a: Ferrothorn
|-heal|p2a: Ferrothorn|88/100 brn|[silent]
|-damage|p2a: Ferrothorn|82/100 brn|[from] brn
|upkeep
|turn|40
|
|t:|1655312038
|switch|p1a: Tornadus|Tornadus-Therian, M|46/100 brn
|move|p2a: Ferrothorn|Stealth Rock|p1a: Tornadus
|-sidestart|p1: xyz anxiety|move: Stealth Rock
|
|-damage|p1a: Tornadus|40/100 brn|[from] brn
|-damage|p2a: Ferrothorn|75/100 brn|[from] brn
|upkeep
|turn|41
|
|t:|1655312046
|switch|p2a: Tornadus|Tornadus-Therian, M|100/100 tox
|move|p1a: Tornadus|U-turn|p2a: Tornadus
|-resisted|p2a: Tornadus
|-damage|p2a: Tornadus|96/100 tox
|
|t:|1655312048
|switch|p1a: Toxapex|Toxapex, F|100/100|[from]move: U-turn
|-damage|p1a: Toxapex|88/100|[from] Stealth Rock
|
|-damage|p2a: Tornadus|90/100 tox|[from] psn
|upkeep
|turn|42
|
|t:|1655312055
|move|p2a: Tornadus|Hurricane|p1a: Toxapex
|-damage|p1a: Toxapex|56/100
|move|p1a: Toxapex|Light Screen|p1a: Toxapex
|-sidestart|p1: xyz anxiety|move: Light Screen
|
|-damage|p2a: Tornadus|78/100 tox|[from] psn
|upkeep
|turn|43
|
|t:|1655312061
|move|p2a: Tornadus|Taunt|p1a: Toxapex
|-start|p1a: Toxapex|move: Taunt
|cant|p1a: Toxapex|move: Taunt|Haze
|
|-damage|p2a: Tornadus|60/100 tox|[from] psn
|upkeep
|turn|44
|
|t:|1655312070
|switch|p1a: Landorus|Landorus-Therian, M|43/100
|-damage|p1a: Landorus|31/100|[from] Stealth Rock
|-ability|p1a: Landorus|Intimidate|boost
|-unboost|p2a: Tornadus|atk|1
|move|p2a: Tornadus|U-turn|p1a: Landorus
|-resisted|p1a: Landorus
|-damage|p1a: Landorus|27/100
|
|t:|1655312077
|switch|p2a: Victini|Victini|76/100|[from]move: U-turn
|
|-heal|p1a: Landorus|33/100|[from] item: Leftovers
|upkeep
|turn|45
|l| tdanger44
|
|t:|1655312081
|switch|p1a: Toxapex|Toxapex, F|89/100
|-damage|p1a: Toxapex|77/100|[from] Stealth Rock
|move|p2a: Victini|V-create|p1a: Toxapex
|-resisted|p1a: Toxapex
|-damage|p1a: Toxapex|53/100
|-unboost|p2a: Victini|spe|1
|-unboost|p2a: Victini|def|1
|-unboost|p2a: Victini|spd|1
|
|upkeep
|turn|46
|j| tdanger44
|
|t:|1655312085
|switch|p1a: Zeraora|Zeraora|13/100
|move|p2a: Victini|V-create|p1a: Zeraora
|-damage|p1a: Zeraora|0 fnt
|-unboost|p2a: Victini|spe|1
|-unboost|p2a: Victini|def|1
|-unboost|p2a: Victini|spd|1
|faint|p1a: Zeraora
|
|-sideend|p1: xyz anxiety|move: Light Screen
|upkeep
|c|☆xyz anxiety|gg
|c| tdanger44|ha
|-message|xyz anxiety forfeited.
|
|win|Jugloo
|n|☆xyz anxiety|xyzanxiety
|n|☆Jugloo|jugloo
|n| velutinien|velutinien
|n| Stunfisk2140|stunfisk2140
|n| LiIIy|liiiy
|n| Floofurious|floofurious
|n| SceptiledUP|sceptiledup
|n| fgomes|fgomes
|n| SavageSwordX|savageswordx
|n| htcl (>◡<)|htcl
|n| yaboiAshK.|yaboiashk
|n| JiminyRickets|jiminyrickets
|n| Traffalgar D Law|traffalgardlaw
|n| coral fan|coralfan
|n| splash2020|splash2020
|n| tdanger44|tdanger44
