|j|‽tieracid
|j|☆user_1 ou
|player|p1|tieracid|misty-gen3|1558
|player|p2|user_1 ou|eusine|1599
|teamsize|p1|6
|teamsize|p2|6
|gametype|singles
|gen|8
|tier|[Gen 8] OU
|rated|
|clearpoke
|poke|p1|Dugtrio, F|
|poke|p1|Kommo-o, M|
|poke|p1|Weezing-Galar, M|
|poke|p1|Aegislash, M|
|poke|p1|Corviknight, M|
|poke|p1|Seismitoad, M|
|poke|p2|Conkeldurr, F|
|poke|p2|Seismitoad, F|
|poke|p2|Hydreigon, M|
|poke|p2|Mandibuzz, F|
|poke|p2|Aegislash, M|
|poke|p2|Clefable, M|
|rule|Sleep Clause Mod: Limit one foe put to sleep
|rule|Species Clause: Limit one of each Pokémon
|rule|OHKO Clause: OHKO moves are banned
|rule|Evasion Moves Clause: Evasion moves are banned
|rule|Endless Battle Clause: Forcing endless battles is banned
|rule|HP Percentage Mod: HP is shown in percentages
|rule|Dynamax Clause: You cannot dynamax
|teampreview
|inactive|Battle timer is ON: inactive players will automatically lose when time's up. (requested by tieracid)
|
|start
|switch|p1a: Aegislash|Aegislash, M, shiny|100/100
|switch|p2a: Mandibuzz|Mandibuzz, F|100/100
|turn|1
|
|switch|p1a: Corviknight|Corviknight, M|100/100
|-ability|p1a: Corviknight|Pressure
|move|p2a: Mandibuzz|Knock Off|p1a: Corviknight
|-damage|p1a: Corviknight|82/100
|-enditem|p1a: Corviknight|Leftovers|[from] move: Knock Off|[of] p2a: Mandibuzz
|
|upkeep
|turn|2
|
|move|p2a: Mandibuzz|U-turn|p1a: Corviknight
|-resisted|p1a: Corviknight
|-damage|p1a: Corviknight|80/100
|
|switch|p2a: Aegislash|Aegislash, M|100/100|[from]move: U-turn
|move|p1a: Corviknight|U-turn|p2a: Aegislash
|-resisted|p2a: Aegislash
|-damage|p2a: Aegislash|97/100
|
|switch|p1a: Aegislash|Aegislash, M, shiny|100/100|[from]move: U-turn
|
|upkeep
|turn|3
|
|-formechange|p1a: Aegislash|Aegislash-Blade||[from] ability: Stance Change
|move|p1a: Aegislash|Shadow Ball|p2a: Aegislash
|-supereffective|p2a: Aegislash
|-damage|p2a: Aegislash|0 fnt
|faint|p2a: Aegislash
|
|upkeep
|j| stairs of learning
|
|switch|p2a: Mandibuzz|Mandibuzz, F|100/100
|turn|4
|
|switch|p1a: Corviknight|Corviknight, M|80/100
|-ability|p1a: Corviknight|Pressure
|move|p2a: Mandibuzz|U-turn|p1a: Corviknight
|-resisted|p1a: Corviknight
|-damage|p1a: Corviknight|78/100
|
|switch|p2a: Clefable|Clefable, M|100/100|[from]move: U-turn
|
|upkeep
|turn|5
|
|move|p2a: Clefable|Flamethrower|p1a: Corviknight
|-supereffective|p1a: Corviknight
|-damage|p1a: Corviknight|24/100
|move|p1a: Corviknight|Iron Head|p2a: Clefable
|-supereffective|p2a: Clefable
|-damage|p2a: Clefable|38/100
|
|upkeep
|turn|6
|
|switch|p1a: Seismitoad|Seismitoad, M|100/100
|move|p2a: Clefable|Flamethrower|p1a: Seismitoad
|-resisted|p1a: Seismitoad
|-damage|p1a: Seismitoad|82/100
|
|-heal|p1a: Seismitoad|88/100|[from] item: Leftovers
|upkeep
|turn|7
|
|move|p1a: Seismitoad|Stealth Rock|p2a: Clefable
|-sidestart|p2: user_1 ou|move: Stealth Rock
|move|p2a: Clefable|Moonlight|p2a: Clefable
|-heal|p2a: Clefable|88/100
|
|-heal|p1a: Seismitoad|94/100|[from] item: Leftovers
|upkeep
|turn|8
|
|move|p1a: Seismitoad|Earthquake|p2a: Clefable
|-damage|p2a: Clefable|51/100
|move|p2a: Clefable|Moonblast|p1a: Seismitoad
|-damage|p1a: Seismitoad|32/100
|
|-heal|p1a: Seismitoad|38/100|[from] item: Leftovers
|upkeep
|turn|9
|
|switch|p1a: Aegislash|Aegislash, M, shiny|100/100
|move|p2a: Clefable|Moonlight|p2a: Clefable
|-heal|p2a: Clefable|100/100
|
|upkeep
|turn|10
|
|switch|p2a: Mandibuzz|Mandibuzz, F|100/100
|-formechange|p1a: Aegislash|Aegislash-Blade||[from] ability: Stance Change
|move|p1a: Aegislash|Flash Cannon|p2a: Mandibuzz
|-damage|p2a: Mandibuzz|58/100
|
|upkeep
|turn|11
|
|switch|p1a: Weezing|Weezing-Galar, M|100/100
|-ability|p1a: Weezing|Neutralizing Gas
|move|p2a: Mandibuzz|Roost|p2a: Mandibuzz
|-heal|p2a: Mandibuzz|100/100
|-singleturn|p2a: Mandibuzz|move: Roost
|
|upkeep
|turn|12
|
|move|p2a: Mandibuzz|Defog|p1a: Weezing
|-unboost|p1a: Weezing|evasion|1
|-sideend|p2: user_1 ou|Stealth Rock|[from] move: Defog|[of] p2a: Mandibuzz
|move|p1a: Weezing|Toxic Spikes|p2a: Mandibuzz
|-sidestart|p2: user_1 ou|move: Toxic Spikes
|
|upkeep
|turn|13
|
|move|p2a: Mandibuzz|Knock Off|p1a: Weezing
|-resisted|p1a: Weezing
|-damage|p1a: Weezing|92/100
|-enditem|p1a: Weezing|Babiri Berry|[from] move: Knock Off|[of] p2a: Mandibuzz
|move|p1a: Weezing|Strange Steam|p2a: Mandibuzz|[miss]
|-miss|p1a: Weezing|p2a: Mandibuzz
|
|upkeep
|turn|14
|
|move|p2a: Mandibuzz|Defog|p1a: Weezing
|-unboost|p1a: Weezing|evasion|1
|-sideend|p2: user_1 ou|Toxic Spikes|[from] move: Defog|[of] p2a: Mandibuzz
|move|p1a: Weezing|Toxic Spikes|p2a: Mandibuzz
|-sidestart|p2: user_1 ou|move: Toxic Spikes
|
|upkeep
|turn|15
|
|move|p2a: Mandibuzz|Defog|p1a: Weezing
|-unboost|p1a: Weezing|evasion|1
|-sideend|p2: user_1 ou|Toxic Spikes|[from] move: Defog|[of] p2a: Mandibuzz
|move|p1a: Weezing|Strange Steam|p2a: Mandibuzz
|-supereffective|p2a: Mandibuzz
|-damage|p2a: Mandibuzz|64/100
|
|upkeep
|turn|16
|
|move|p2a: Mandibuzz|U-turn|p1a: Weezing
|-resisted|p1a: Weezing
|-damage|p1a: Weezing|90/100
|
|switch|p2a: Seismitoad|Seismitoad, F|100/100|[from]move: U-turn
|move|p1a: Weezing|Toxic Spikes|p2a: Seismitoad
|-sidestart|p2: user_1 ou|move: Toxic Spikes
|
|upkeep
|turn|17
|
|switch|p1a: Corviknight|Corviknight, M|24/100
|-ability|p1a: Corviknight|Pressure
|move|p2a: Seismitoad|Stealth Rock|p1a: Corviknight
|-sidestart|p1: tieracid|move: Stealth Rock
|
|upkeep
|turn|18
|
|move|p1a: Corviknight|Roost|p1a: Corviknight
|-heal|p1a: Corviknight|74/100
|-singleturn|p1a: Corviknight|move: Roost
|move|p2a: Seismitoad|Scald|p1a: Corviknight
|-damage|p1a: Corviknight|57/100
|
|upkeep
|turn|19
|
|move|p1a: Corviknight|Roost|p1a: Corviknight
|-heal|p1a: Corviknight|100/100
|-singleturn|p1a: Corviknight|move: Roost
|move|p2a: Seismitoad|Scald|p1a: Corviknight
|-damage|p1a: Corviknight|84/100
|
|upkeep
|turn|20
|
|move|p1a: Corviknight|U-turn|p2a: Seismitoad
|-damage|p2a: Seismitoad|91/100
|
|switch|p1a: Seismitoad|Seismitoad, M|38/100|[from]move: U-turn
|-damage|p1a: Seismitoad|32/100|[from] Stealth Rock
|move|p2a: Seismitoad|Scald|p1a: Seismitoad
|-heal|p1a: Seismitoad|57/100|[from] ability: Water Absorb|[of] p2a: Seismitoad
|
|-heal|p1a: Seismitoad|63/100|[from] item: Leftovers
|-heal|p2a: Seismitoad|97/100|[from] item: Leftovers
|upkeep
|turn|21
|
|switch|p2a: Clefable|Clefable, M|100/100
|-status|p2a: Clefable|psn
|move|p1a: Seismitoad|Stealth Rock|p2a: Clefable
|-sidestart|p2: user_1 ou|move: Stealth Rock
|
|-heal|p1a: Seismitoad|69/100|[from] item: Leftovers
|upkeep
|turn|22
|
|switch|p1a: Weezing|Weezing-Galar, M|90/100
|-ability|p1a: Weezing|Neutralizing Gas
|-damage|p1a: Weezing|77/100|[from] Stealth Rock
|move|p2a: Clefable|Moonblast|p1a: Weezing
|-resisted|p1a: Weezing
|-damage|p1a: Weezing|42/100
|-unboost|p1a: Weezing|spa|1
|-damage|p2a: Clefable|90/100 psn|[from] item: Life Orb
|
|-damage|p2a: Clefable|78/100 psn|[from] psn
|upkeep
|turn|23
|
|switch|p2a: Mandibuzz|Mandibuzz, F|64/100
|move|p1a: Weezing|Pain Split|p2a: Mandibuzz
|-sethp|p2a: Mandibuzz|48/100|[from] move: Pain Split|[silent]
|-sethp|p1a: Weezing|61/100|[from] move: Pain Split
|
|upkeep
|turn|24
|
|switch|p1a: Kommo-o|Kommo-o, M|100/100
|-damage|p1a: Kommo-o|94/100|[from] Stealth Rock
|move|p2a: Mandibuzz|Roost|p2a: Mandibuzz
|-heal|p2a: Mandibuzz|98/100
|-singleturn|p2a: Mandibuzz|move: Roost
|
|upkeep
|turn|25
|
|move|p1a: Kommo-o|Clangorous Soul|p1a: Kommo-o
|-boost|p1a: Kommo-o|atk|1
|-boost|p1a: Kommo-o|def|1
|-boost|p1a: Kommo-o|spa|1
|-boost|p1a: Kommo-o|spd|1
|-boost|p1a: Kommo-o|spe|1
|-damage|p1a: Kommo-o|61/100
|-enditem|p1a: Kommo-o|Throat Spray
|-boost|p1a: Kommo-o|spa|1
|move|p2a: Mandibuzz|Defog|p1a: Kommo-o
|-unboost|p1a: Kommo-o|evasion|1
|-sideend|p1: tieracid|Stealth Rock|[from] move: Defog|[of] p2a: Mandibuzz
|-sideend|p2: user_1 ou|Toxic Spikes|[from] move: Defog|[of] p2a: Mandibuzz
|-sideend|p2: user_1 ou|Stealth Rock|[from] move: Defog|[of] p2a: Mandibuzz
|
|upkeep
|turn|26
|
|move|p1a: Kommo-o|Clanging Scales|p2a: Mandibuzz
|-damage|p2a: Mandibuzz|40/100
|-unboost|p1a: Kommo-o|def|1
|move|p2a: Mandibuzz|U-turn|p1a: Kommo-o
|-resisted|p1a: Kommo-o
|-damage|p1a: Kommo-o|56/100
|
|switch|p2a: Hydreigon|Hydreigon, M|100/100|[from]move: U-turn
|
|upkeep
|turn|27
|
|switch|p1a: Weezing|Weezing-Galar, M|61/100
|-ability|p1a: Weezing|Neutralizing Gas
|move|p2a: Hydreigon|Draco Meteor|p1a: Weezing
|-immune|p1a: Weezing
|
|upkeep
|turn|28
|
|switch|p2a: Mandibuzz|Mandibuzz, F|40/100
|switch|p1a: Aegislash|Aegislash, M, shiny|100/100
|
|upkeep
|turn|29
|
|-formechange|p1a: Aegislash|Aegislash-Blade||[from] ability: Stance Change
|move|p1a: Aegislash|Steel Beam|p2a: Mandibuzz
|-damage|p2a: Mandibuzz|0 fnt
|-damage|p1a: Aegislash|50/100|[from] mindblown
|faint|p2a: Mandibuzz
|
|upkeep
|
|switch|p2a: Hydreigon|Hydreigon, M|100/100
|turn|30
|
|switch|p1a: Weezing|Weezing-Galar, M|61/100
|-ability|p1a: Weezing|Neutralizing Gas
|move|p2a: Hydreigon|U-turn|p1a: Weezing
|-resisted|p1a: Weezing
|-damage|p1a: Weezing|59/100
|
|switch|p2a: Seismitoad|Seismitoad, F|97/100|[from]move: U-turn
|
|-heal|p2a: Seismitoad|100/100|[from] item: Leftovers
|upkeep
|turn|31
|
|move|p2a: Seismitoad|Earthquake|p1a: Weezing
|-supereffective|p1a: Weezing
|-damage|p1a: Weezing|12/100
|move|p1a: Weezing|Toxic Spikes|p2a: Seismitoad
|-sidestart|p2: user_1 ou|move: Toxic Spikes
|
|upkeep
|turn|32
|
|switch|p1a: Seismitoad|Seismitoad, M|69/100
|move|p2a: Seismitoad|Stealth Rock|p1a: Seismitoad
|-sidestart|p1: tieracid|move: Stealth Rock
|
|-heal|p1a: Seismitoad|75/100|[from] item: Leftovers
|upkeep
|turn|33
|
|move|p1a: Seismitoad|Stealth Rock|p2a: Seismitoad
|-sidestart|p2: user_1 ou|move: Stealth Rock
|move|p2a: Seismitoad|Toxic|p1a: Seismitoad
|-status|p1a: Seismitoad|tox
|
|-heal|p1a: Seismitoad|81/100 tox|[from] item: Leftovers
|-damage|p1a: Seismitoad|75/100 tox|[from] psn
|upkeep
|turn|34
|
|move|p1a: Seismitoad|Toxic|p2a: Seismitoad
|-status|p2a: Seismitoad|tox
|move|p2a: Seismitoad|Earthquake|p1a: Seismitoad
|-damage|p1a: Seismitoad|51/100 tox
|
|-heal|p1a: Seismitoad|57/100 tox|[from] item: Leftovers
|-damage|p1a: Seismitoad|45/100 tox|[from] psn
|-damage|p2a: Seismitoad|94/100 tox|[from] psn
|upkeep
|turn|35
|
|switch|p1a: Corviknight|Corviknight, M|84/100
|-damage|p1a: Corviknight|72/100|[from] Stealth Rock
|-ability|p1a: Corviknight|Pressure
|move|p2a: Seismitoad|Earthquake|p1a: Corviknight
|-immune|p1a: Corviknight
|
|-heal|p2a: Seismitoad|100/100 tox|[from] item: Leftovers
|-damage|p2a: Seismitoad|88/100 tox|[from] psn
|upkeep
|turn|36
|
|switch|p2a: Conkeldurr|Conkeldurr, F|100/100
|-damage|p2a: Conkeldurr|95/100|[from] Stealth Rock
|-status|p2a: Conkeldurr|psn
|move|p1a: Corviknight|U-turn|p2a: Conkeldurr
|-resisted|p2a: Conkeldurr
|-damage|p2a: Conkeldurr|87/100 psn
|
|switch|p1a: Aegislash|Aegislash, M, shiny|50/100|[from]move: U-turn
|-damage|p1a: Aegislash|44/100|[from] Stealth Rock
|
|-damage|p2a: Conkeldurr|75/100 psn|[from] psn
|upkeep
|turn|37
|
|switch|p2a: Seismitoad|Seismitoad, F|88/100 tox
|-damage|p2a: Seismitoad|82/100 tox|[from] Stealth Rock
|-formechange|p1a: Aegislash|Aegislash-Blade||[from] ability: Stance Change
|move|p1a: Aegislash|Shadow Ball|p2a: Seismitoad
|-damage|p2a: Seismitoad|8/100 tox
|
|-heal|p2a: Seismitoad|14/100 tox|[from] item: Leftovers
|-damage|p2a: Seismitoad|8/100 tox|[from] psn
|upkeep
|turn|38
|
|move|p1a: Aegislash|Shadow Ball|p2a: Seismitoad
|-damage|p2a: Seismitoad|0 fnt
|faint|p2a: Seismitoad
|
|upkeep
|
|switch|p2a: Hydreigon|Hydreigon, M|100/100
|-damage|p2a: Hydreigon|88/100|[from] Stealth Rock
|turn|39
|
|switch|p1a: Weezing|Weezing-Galar, M|12/100
|-ability|p1a: Weezing|Neutralizing Gas
|-damage|p1a: Weezing|0 fnt|[from] Stealth Rock
|faint|p1a: Weezing
|move|p2a: Hydreigon|Dark Pulse|p1: Weezing|[notarget]
|-fail|p2a: Hydreigon
|
|upkeep
|
|switch|p1a: Kommo-o|Kommo-o, M|56/100
|-damage|p1a: Kommo-o|50/100|[from] Stealth Rock
|turn|40
|
|switch|p2a: Clefable|Clefable, M|78/100 psn
|move|p1a: Kommo-o|Flash Cannon|p2a: Clefable
|-supereffective|p2a: Clefable
|-damage|p2a: Clefable|33/100 psn
|
|upkeep
|turn|41
|
|move|p1a: Kommo-o|Flash Cannon|p2a: Clefable
|-supereffective|p2a: Clefable
|-damage|p2a: Clefable|0 fnt
|faint|p2a: Clefable
|
|upkeep
|
|switch|p2a: Conkeldurr|Conkeldurr, F|75/100 psn
|-damage|p2a: Conkeldurr|69/100 psn|[from] Stealth Rock
|turn|42
|
|switch|p1a: Seismitoad|Seismitoad, M|45/100 tox
|-damage|p1a: Seismitoad|39/100 tox|[from] Stealth Rock
|move|p2a: Conkeldurr|Mach Punch|p1a: Seismitoad
|-damage|p1a: Seismitoad|15/100 tox
|
|-heal|p1a: Seismitoad|21/100 tox|[from] item: Leftovers
|-damage|p2a: Conkeldurr|57/100 psn|[from] psn
|-damage|p1a: Seismitoad|15/100 tox|[from] psn
|upkeep
|turn|43
|
|move|p2a: Conkeldurr|Mach Punch|p1a: Seismitoad
|-damage|p1a: Seismitoad|0 fnt
|faint|p1a: Seismitoad
|
|-damage|p2a: Conkeldurr|44/100 psn|[from] psn
|upkeep
|
|switch|p1a: Aegislash|Aegislash, M, shiny|44/100
|-damage|p1a: Aegislash|38/100|[from] Stealth Rock
|turn|44
|
|-formechange|p1a: Aegislash|Aegislash-Blade||[from] ability: Stance Change
|move|p1a: Aegislash|Flash Cannon|p2a: Conkeldurr
|-damage|p2a: Conkeldurr|0 fnt
|faint|p2a: Conkeldurr
|
|upkeep
|
|switch|p2a: Hydreigon|Hydreigon, M|88/100
|-damage|p2a: Hydreigon|76/100|[from] Stealth Rock
|turn|45
|
|move|p2a: Hydreigon|Dark Pulse|p1a: Aegislash
|-supereffective|p1a: Aegislash
|-damage|p1a: Aegislash|0 fnt
|faint|p1a: Aegislash
|
|upkeep
|
|switch|p1a: Kommo-o|Kommo-o, M|50/100
|-damage|p1a: Kommo-o|44/100|[from] Stealth Rock
|turn|46
|
|move|p2a: Hydreigon|Dark Pulse|p1a: Kommo-o
|-resisted|p1a: Kommo-o
|-crit|p1a: Kommo-o
|-damage|p1a: Kommo-o|8/100
|move|p1a: Kommo-o|Clanging Scales|p2a: Hydreigon
|-supereffective|p2a: Hydreigon
|-damage|p2a: Hydreigon|0 fnt
|-unboost|p1a: Kommo-o|def|1
|faint|p2a: Hydreigon
|
|win|tieracid
|l|☆user_1 ou
|raw|tieracid's rating: 1559 &rarr; <strong>1583</strong><br />(+24 for winning)
|raw|user_1 ou's rating: 1623 &rarr; <strong>1599</strong><br />(-24 for losing)
