|j|☆GGeorgie
|j|☆enpathy
|t:|1645874227
|gametype|singles
|player|p1|GGeorgie|hiker-gen2|1649
|player|p2|enpathy|102|1670
|teamsize|p1|6
|teamsize|p2|6
|gen|8
|tier|[Gen 8] OU
|rated|
|rule|Sleep Clause Mod: Limit one foe put to sleep
|rule|Species Clause: Limit one of each Pokémon
|rule|OHKO Clause: OHKO moves are banned
|rule|Evasion Moves Clause: Evasion moves are banned
|rule|Endless Battle Clause: Forcing endless battles is banned
|rule|HP Percentage Mod: HP is shown in percentages
|rule|Dynamax Clause: You cannot dynamax
|clearpoke
|poke|p1|Weavile, F|
|poke|p1|Tornadus-Therian, M|
|poke|p1|Landorus-Therian, M|
|poke|p1|Rotom-Wash|
|poke|p1|Melmetal|
|poke|p1|Toxapex, M|
|poke|p2|Landorus-Therian, M|
|poke|p2|Corviknight, F|
|poke|p2|Tapu Koko|
|poke|p2|Toxapex, F|
|poke|p2|Weavile, F|
|poke|p2|Blacephalon|
|teampreview
|inactive|Battle timer is ON: inactive players will automatically lose when time's up. (requested by GGeorgie)
|
|t:|1645874237
|start
|switch|p1a: Rotom|Rotom-Wash|100/100
|switch|p2a: Tapu Koko|Tapu Koko|100/100
|-fieldstart|move: Electric Terrain|[from] ability: Electric Surge|[of] p2a: Tapu Koko
|turn|1
|
|t:|1645874242
|switch|p1a: Landorus|Landorus-Therian, M|100/100
|-ability|p1a: Landorus|Intimidate|boost
|-unboost|p2a: Tapu Koko|atk|1
|move|p2a: Tapu Koko|Toxic|p1a: Landorus|[miss]
|-miss|p2a: Tapu Koko|p1a: Landorus
|
|upkeep
|turn|2
|
|t:|1645874247
|switch|p2a: Corviknight|Corviknight, F|100/100
|-ability|p2a: Corviknight|Pressure
|move|p1a: Landorus|Earthquake|p2a: Corviknight
|-immune|p2a: Corviknight
|
|upkeep
|turn|3
|
|t:|1645874250
|move|p1a: Landorus|Stealth Rock|p2a: Corviknight
|-sidestart|p2: enpathy|move: Stealth Rock
|move|p2a: Corviknight|Defog|p1a: Landorus
|-unboost|p1a: Landorus|evasion|1
|-sideend|p2: enpathy|Stealth Rock|[from] move: Defog|[of] p2a: Corviknight
|-fieldend|move: Electric Terrain
|
|upkeep
|turn|4
|
|t:|1645874254
|move|p1a: Landorus|Stealth Rock|p2a: Corviknight
|-sidestart|p2: enpathy|move: Stealth Rock
|move|p2a: Corviknight|U-turn|p1a: Landorus
|-resisted|p1a: Landorus
|-damage|p1a: Landorus|93/100
|
|t:|1645874259
|switch|p2a: Landorus|Landorus-Therian, M|100/100|[from]move: U-turn
|-damage|p2a: Landorus|88/100|[from] Stealth Rock
|-ability|p2a: Landorus|Intimidate|boost
|-unboost|p1a: Landorus|atk|1
|
|-heal|p1a: Landorus|99/100|[from] item: Leftovers
|-heal|p2a: Landorus|94/100|[from] item: Leftovers
|upkeep
|turn|5
|j| Lightchanseyy
|l| Lightchanseyy
|
|t:|1645874270
|move|p1a: Landorus|U-turn|p2a: Landorus
|-resisted|p2a: Landorus
|-damage|p2a: Landorus|87/100
|
|t:|1645874272
|switch|p1a: Melmetal|Melmetal|100/100|[from]move: U-turn
|move|p2a: Landorus|Toxic|p1a: Melmetal
|-immune|p1a: Melmetal
|
|-heal|p2a: Landorus|93/100|[from] item: Leftovers
|upkeep
|turn|6
|
|t:|1645874283
|move|p2a: Landorus|Defog|p1a: Melmetal
|-unboost|p1a: Melmetal|evasion|1
|-sideend|p2: enpathy|Stealth Rock|[from] move: Defog|[of] p2a: Landorus
|move|p1a: Melmetal|Double Iron Bash|p2a: Landorus
|-damage|p2a: Landorus|52/100
|-damage|p2a: Landorus|7/100
|-hitcount|p2a: Landorus|2
|
|-heal|p2a: Landorus|13/100|[from] item: Leftovers
|upkeep
|turn|7
|
|t:|1645874289
|switch|p2a: Toxapex|Toxapex, F|100/100
|switch|p1a: Tornadus|Tornadus-Therian, M|100/100
|
|upkeep
|turn|8
|
|t:|1645874293
|switch|p2a: Tapu Koko|Tapu Koko|100/100
|-fieldstart|move: Electric Terrain|[from] ability: Electric Surge|[of] p2a: Tapu Koko
|move|p1a: Tornadus|U-turn|p2a: Tapu Koko
|-resisted|p2a: Tapu Koko
|-damage|p2a: Tapu Koko|94/100
|-damage|p1a: Tornadus|84/100|[from] item: Rocky Helmet|[of] p2a: Tapu Koko
|
|t:|1645874295
|switch|p1a: Landorus|Landorus-Therian, M|99/100|[from]move: U-turn
|-ability|p1a: Landorus|Intimidate|boost
|-unboost|p2a: Tapu Koko|atk|1
|
|-heal|p1a: Landorus|100/100|[from] item: Leftovers
|upkeep
|turn|9
|
|t:|1645874297
|move|p2a: Tapu Koko|U-turn|p1a: Landorus
|-resisted|p1a: Landorus
|-damage|p1a: Landorus|96/100
|
|t:|1645874298
|switch|p2a: Corviknight|Corviknight, F|100/100|[from]move: U-turn
|-ability|p2a: Corviknight|Pressure
|move|p1a: Landorus|Earthquake|p2a: Corviknight
|-immune|p2a: Corviknight
|
|-heal|p1a: Landorus|100/100|[from] item: Leftovers
|upkeep
|turn|10
|
|t:|1645874301
|move|p1a: Landorus|Stealth Rock|p2a: Corviknight
|-sidestart|p2: enpathy|move: Stealth Rock
|move|p2a: Corviknight|Defog|p1a: Landorus
|-unboost|p1a: Landorus|evasion|1
|-sideend|p2: enpathy|Stealth Rock|[from] move: Defog|[of] p2a: Corviknight
|-fieldend|move: Electric Terrain
|
|upkeep
|turn|11
|
|t:|1645874303
|move|p1a: Landorus|Stealth Rock|p2a: Corviknight
|-sidestart|p2: enpathy|move: Stealth Rock
|move|p2a: Corviknight|Defog|p1a: Landorus
|-unboost|p1a: Landorus|evasion|1
|-sideend|p2: enpathy|Stealth Rock|[from] move: Defog|[of] p2a: Corviknight
|
|upkeep
|turn|12
|
|t:|1645874307
|move|p1a: Landorus|Stealth Rock|p2a: Corviknight
|-sidestart|p2: enpathy|move: Stealth Rock
|move|p2a: Corviknight|Defog|p1a: Landorus
|-unboost|p1a: Landorus|evasion|1
|-sideend|p2: enpathy|Stealth Rock|[from] move: Defog|[of] p2a: Corviknight
|
|upkeep
|turn|13
|
|t:|1645874310
|move|p1a: Landorus|Stealth Rock|p2a: Corviknight
|-sidestart|p2: enpathy|move: Stealth Rock
|move|p2a: Corviknight|Defog|p1a: Landorus
|-unboost|p1a: Landorus|evasion|1
|-sideend|p2: enpathy|Stealth Rock|[from] move: Defog|[of] p2a: Corviknight
|
|upkeep
|turn|14
|
|t:|1645874312
|move|p1a: Landorus|Stealth Rock|p2a: Corviknight
|-sidestart|p2: enpathy|move: Stealth Rock
|move|p2a: Corviknight|Defog|p1a: Landorus
|-unboost|p1a: Landorus|evasion|1
|-sideend|p2: enpathy|Stealth Rock|[from] move: Defog|[of] p2a: Corviknight
|
|upkeep
|turn|15
|
|t:|1645874314
|move|p1a: Landorus|U-turn|p2a: Corviknight
|-resisted|p2a: Corviknight
|-damage|p2a: Corviknight|97/100
|-damage|p1a: Landorus|84/100|[from] item: Rocky Helmet|[of] p2a: Corviknight
|
|t:|1645874315
|switch|p1a: Rotom|Rotom-Wash|100/100|[from]move: U-turn
|move|p2a: Corviknight|Defog|p1a: Rotom
|-unboost|p1a: Rotom|evasion|1
|
|upkeep
|turn|16
|
|t:|1645874319
|switch|p2a: Toxapex|Toxapex, F|100/100
|move|p1a: Rotom|Thunderbolt|p2a: Toxapex
|-supereffective|p2a: Toxapex
|-damage|p2a: Toxapex|42/100
|-enditem|p2a: Toxapex|Eject Button
|
|t:|1645874325
|switch|p2a: Tapu Koko|Tapu Koko|94/100
|-fieldstart|move: Electric Terrain|[from] ability: Electric Surge|[of] p2a: Tapu Koko
|
|upkeep
|turn|17
|
|t:|1645874327
|switch|p1a: Melmetal|Melmetal|100/100
|move|p2a: Tapu Koko|Thunderbolt|p1a: Melmetal
|-crit|p1a: Melmetal
|-damage|p1a: Melmetal|51/100
|
|-heal|p1a: Melmetal|57/100|[from] item: Leftovers
|upkeep
|turn|18
|
|t:|1645874338
|switch|p2a: Corviknight|Corviknight, F|97/100
|-ability|p2a: Corviknight|Pressure
|move|p1a: Melmetal|Substitute|p1a: Melmetal
|-start|p1a: Melmetal|Substitute
|-damage|p1a: Melmetal|32/100
|
|-heal|p1a: Melmetal|39/100|[from] item: Leftovers
|upkeep
|turn|19
|
|t:|1645874340
|move|p2a: Corviknight|Body Press|p1a: Melmetal
|-supereffective|p1a: Melmetal
|-end|p1a: Melmetal|Substitute
|move|p1a: Melmetal|Thunder Punch|p2a: Corviknight
|-supereffective|p2a: Corviknight
|-damage|p2a: Corviknight|40/100
|-damage|p1a: Melmetal|22/100|[from] item: Rocky Helmet|[of] p2a: Corviknight
|
|-heal|p1a: Melmetal|28/100|[from] item: Leftovers
|upkeep
|turn|20
|
|t:|1645874346
|move|p2a: Corviknight|Roost|p2a: Corviknight
|-heal|p2a: Corviknight|90/100
|-singleturn|p2a: Corviknight|move: Roost
|move|p1a: Melmetal|Earthquake|p2a: Corviknight
|-supereffective|p2a: Corviknight
|-damage|p2a: Corviknight|37/100
|
|-heal|p1a: Melmetal|34/100|[from] item: Leftovers
|-fieldend|move: Electric Terrain
|upkeep
|turn|21
|
|t:|1645874352
|move|p2a: Corviknight|Roost|p2a: Corviknight
|-heal|p2a: Corviknight|87/100
|-singleturn|p2a: Corviknight|move: Roost
|move|p1a: Melmetal|Earthquake|p2a: Corviknight
|-supereffective|p2a: Corviknight
|-damage|p2a: Corviknight|38/100
|
|-heal|p1a: Melmetal|40/100|[from] item: Leftovers
|upkeep
|turn|22
|
|t:|1645874356
|move|p2a: Corviknight|Roost|p2a: Corviknight
|-heal|p2a: Corviknight|88/100
|-singleturn|p2a: Corviknight|move: Roost
|move|p1a: Melmetal|Earthquake|p2a: Corviknight
|-supereffective|p2a: Corviknight
|-damage|p2a: Corviknight|41/100
|
|-heal|p1a: Melmetal|47/100|[from] item: Leftovers
|upkeep
|turn|23
|
|t:|1645874359
|switch|p1a: Rotom|Rotom-Wash|100/100
|move|p2a: Corviknight|Roost|p2a: Corviknight
|-heal|p2a: Corviknight|91/100
|-singleturn|p2a: Corviknight|move: Roost
|
|upkeep
|turn|24
|j| LT_Alt1
|
|t:|1645874363
|switch|p2a: Landorus|Landorus-Therian, M|13/100
|-ability|p2a: Landorus|Intimidate|boost
|-unboost|p1a: Rotom|atk|1
|move|p1a: Rotom|Volt Switch|p2a: Landorus
|-immune|p2a: Landorus
|
|-heal|p2a: Landorus|19/100|[from] item: Leftovers
|upkeep
|turn|25
|
|t:|1645874369
|switch|p2a: Toxapex|Toxapex, F|76/100
|move|p1a: Rotom|Hydro Pump|p2a: Toxapex
|-resisted|p2a: Toxapex
|-damage|p2a: Toxapex|61/100
|
|upkeep
|turn|26
|
|t:|1645874373
|switch|p2a: Landorus|Landorus-Therian, M|19/100
|-ability|p2a: Landorus|Intimidate|boost
|-unboost|p1a: Rotom|atk|1
|move|p1a: Rotom|Thunderbolt|p2a: Landorus
|-immune|p2a: Landorus
|
|-heal|p2a: Landorus|25/100|[from] item: Leftovers
|upkeep
|turn|27
|
|t:|1645874377
|move|p1a: Rotom|Thunderbolt|p2a: Landorus
|-immune|p2a: Landorus
|move|p2a: Landorus|Toxic|p1a: Rotom
|-status|p1a: Rotom|tox
|
|-heal|p2a: Landorus|31/100|[from] item: Leftovers
|-damage|p1a: Rotom|94/100 tox|[from] psn
|upkeep
|turn|28
|
|t:|1645874381
|switch|p2a: Toxapex|Toxapex, F|95/100
|move|p1a: Rotom|Thunderbolt|p2a: Toxapex
|-supereffective|p2a: Toxapex
|-damage|p2a: Toxapex|29/100
|
|-damage|p1a: Rotom|82/100 tox|[from] psn
|upkeep
|turn|29
|
|t:|1645874383
|move|p1a: Rotom|Volt Switch|p2a: Toxapex
|-supereffective|p2a: Toxapex
|-damage|p2a: Toxapex|0 fnt
|faint|p2a: Toxapex
|
|t:|1645874390
|switch|p1a: Weavile|Weavile, F|100/100|[from]move: Volt Switch
|-ability|p1a: Weavile|Pressure
|
|upkeep
|
|t:|1645874393
|switch|p2a: Tapu Koko|Tapu Koko|94/100
|-fieldstart|move: Electric Terrain|[from] ability: Electric Surge|[of] p2a: Tapu Koko
|turn|30
|
|t:|1645874395
|switch|p1a: Melmetal|Melmetal|47/100
|move|p2a: Tapu Koko|U-turn|p1a: Melmetal
|-resisted|p1a: Melmetal
|-damage|p1a: Melmetal|42/100
|
|t:|1645874407
|switch|p2a: Blacephalon|Blacephalon|100/100|[from]move: U-turn
|
|-heal|p1a: Melmetal|48/100|[from] item: Leftovers
|upkeep
|turn|31
|
|t:|1645874412
|switch|p1a: Tornadus|Tornadus-Therian, M|100/100
|move|p2a: Blacephalon|Shadow Ball|p1a: Tornadus
|-damage|p1a: Tornadus|25/100
|
|upkeep
|turn|32
|
|t:|1645874418
|switch|p2a: Tapu Koko|Tapu Koko|94/100
|move|p1a: Tornadus|Toxic|p2a: Tapu Koko
|-status|p2a: Tapu Koko|tox
|
|-damage|p2a: Tapu Koko|88/100 tox|[from] psn
|upkeep
|turn|33
|
|t:|1645874421
|switch|p1a: Landorus|Landorus-Therian, M|84/100
|-ability|p1a: Landorus|Intimidate|boost
|-unboost|p2a: Tapu Koko|atk|1
|move|p2a: Tapu Koko|U-turn|p1a: Landorus
|-resisted|p1a: Landorus
|-damage|p1a: Landorus|79/100
|
|t:|1645874423
|switch|p2a: Weavile|Weavile, F|100/100|[from]move: U-turn
|-ability|p2a: Weavile|Pressure
|
|-heal|p1a: Landorus|85/100|[from] item: Leftovers
|upkeep
|turn|34
|
|t:|1645874425
|switch|p1a: Toxapex|Toxapex, M|100/100
|move|p2a: Weavile|Knock Off|p1a: Toxapex
|-damage|p1a: Toxapex|42/100
|-enditem|p1a: Toxapex|Shed Shell|[from] move: Knock Off|[of] p2a: Weavile
|
|-fieldend|move: Electric Terrain
|upkeep
|turn|35
|
|t:|1645874431
|move|p2a: Weavile|Knock Off|p1a: Toxapex
|-damage|p1a: Toxapex|5/100
|move|p1a: Toxapex|Recover|p1a: Toxapex
|-heal|p1a: Toxapex|56/100
|
|upkeep
|turn|36
|
|t:|1645874435
|switch|p2a: Tapu Koko|Tapu Koko|88/100 tox
|-fieldstart|move: Electric Terrain|[from] ability: Electric Surge|[of] p2a: Tapu Koko
|move|p1a: Toxapex|Recover|p1a: Toxapex
|-heal|p1a: Toxapex|100/100
|
|-damage|p2a: Tapu Koko|82/100 tox|[from] psn
|upkeep
|turn|37
|
|t:|1645874439
|move|p1a: Toxapex|Baneful Bunker|p1a: Toxapex
|-singleturn|p1a: Toxapex|move: Protect
|move|p2a: Tapu Koko|U-turn|p1a: Toxapex
|-activate|p1a: Toxapex|move: Protect
|
|-damage|p2a: Tapu Koko|70/100 tox|[from] psn
|upkeep
|turn|38
|
|t:|1645874443
|switch|p1a: Landorus|Landorus-Therian, M|85/100
|-ability|p1a: Landorus|Intimidate|boost
|-unboost|p2a: Tapu Koko|atk|1
|move|p2a: Tapu Koko|Roost|p2a: Tapu Koko
|-heal|p2a: Tapu Koko|100/100 tox
|-singleturn|p2a: Tapu Koko|move: Roost
|
|-heal|p1a: Landorus|91/100|[from] item: Leftovers
|-damage|p2a: Tapu Koko|83/100 tox|[from] psn
|upkeep
|turn|39
|
|t:|1645874447
|move|p2a: Tapu Koko|U-turn|p1a: Landorus
|-resisted|p1a: Landorus
|-damage|p1a: Landorus|86/100
|
|t:|1645874448
|switch|p2a: Corviknight|Corviknight, F|91/100|[from]move: U-turn
|-ability|p2a: Corviknight|Pressure
|move|p1a: Landorus|U-turn|p2a: Corviknight
|-resisted|p2a: Corviknight
|-damage|p2a: Corviknight|88/100
|-damage|p1a: Landorus|69/100|[from] item: Rocky Helmet|[of] p2a: Corviknight
|
|t:|1645874450
|switch|p1a: Rotom|Rotom-Wash|82/100 tox|[from]move: U-turn
|
|-damage|p1a: Rotom|76/100 tox|[from] psn
|upkeep
|turn|40
|
|t:|1645874453
|switch|p2a: Landorus|Landorus-Therian, M|31/100
|-ability|p2a: Landorus|Intimidate|boost
|-unboost|p1a: Rotom|atk|1
|move|p1a: Rotom|Thunderbolt|p2a: Landorus
|-immune|p2a: Landorus
|
|-heal|p2a: Landorus|37/100|[from] item: Leftovers
|-damage|p1a: Rotom|63/100 tox|[from] psn
|-fieldend|move: Electric Terrain
|upkeep
|turn|41
|j| cxcould
|
|t:|1645874456
|move|p1a: Rotom|Hydro Pump|p2a: Landorus|[miss]
|-miss|p1a: Rotom|p2a: Landorus
|move|p2a: Landorus|U-turn|p1a: Rotom
|-damage|p1a: Rotom|34/100 tox
|
|t:|1645874459
|switch|p2a: Blacephalon|Blacephalon|100/100|[from]move: U-turn
|
|-damage|p1a: Rotom|15/100 tox|[from] psn
|upkeep
|turn|42
|
|t:|1645874465
|switch|p1a: Melmetal|Melmetal|48/100
|move|p2a: Blacephalon|Shadow Ball|p1a: Melmetal
|-damage|p1a: Melmetal|0 fnt
|faint|p1a: Melmetal
|-ability|p2a: Blacephalon|Beast Boost|boost
|-boost|p2a: Blacephalon|spa|1
|
|upkeep
|
|t:|1645874466
|switch|p1a: Weavile|Weavile, F|100/100
|-ability|p1a: Weavile|Pressure
|turn|43
|
|t:|1645874471
|switch|p2a: Tapu Koko|Tapu Koko|83/100 tox
|-fieldstart|move: Electric Terrain|[from] ability: Electric Surge|[of] p2a: Tapu Koko
|move|p1a: Weavile|Triple Axel|p2a: Tapu Koko
|-damage|p2a: Tapu Koko|67/100 tox
|-damage|p1a: Weavile|84/100|[from] item: Rocky Helmet|[of] p2a: Tapu Koko
|-damage|p2a: Tapu Koko|35/100 tox
|-damage|p1a: Weavile|68/100|[from] item: Rocky Helmet|[of] p2a: Tapu Koko
|-damage|p2a: Tapu Koko|0 fnt
|-damage|p1a: Weavile|51/100|[from] item: Rocky Helmet|[of] p2a: Tapu Koko
|faint|p2a: Tapu Koko
|-hitcount|p2: Tapu Koko|3
|
|upkeep
|
|t:|1645874475
|switch|p2a: Weavile|Weavile, F|100/100
|-ability|p2a: Weavile|Pressure
|turn|44
|
|t:|1645874478
|switch|p1a: Toxapex|Toxapex, M|100/100
|switch|p2a: Landorus|Landorus-Therian, M|37/100
|-ability|p2a: Landorus|Intimidate|boost
|-unboost|p1a: Toxapex|atk|1
|
|-heal|p2a: Landorus|43/100|[from] item: Leftovers
|upkeep
|turn|45
|
|t:|1645874482
|move|p2a: Landorus|Earthquake|p1a: Toxapex
|-supereffective|p1a: Toxapex
|-damage|p1a: Toxapex|26/100
|move|p1a: Toxapex|Scald|p2a: Landorus
|-supereffective|p2a: Landorus
|-damage|p2a: Landorus|18/100
|-status|p2a: Landorus|brn
|
|-heal|p2a: Landorus|24/100 brn|[from] item: Leftovers
|-damage|p2a: Landorus|18/100 brn|[from] brn
|upkeep
|turn|46
|-message|enpathy forfeited.
|
|win|GGeorgie
|raw|GGeorgie's rating: 1649 &rarr; <strong>1670</strong><br />(+21 for winning)
|raw|enpathy's rating: 1670 &rarr; <strong>1649</strong><br />(-21 for losing)
|l|☆enpathy
