|j|☆uto RAR
|j|☆Ctannn
|t:|1667185695
|gametype|singles
|player|p1|uto RAR|hilbert|1669
|player|p2|Ctannn|1|1854
|teamsize|p1|6
|teamsize|p2|6
|gen|8
|tier|[Gen 8] OU
|rated|
|rule|Sleep Clause Mod: Limit one foe put to sleep
|rule|Species Clause: Limit one of each Pokémon
|rule|OHKO Clause: OHKO moves are banned
|rule|Evasion Items Clause: Evasion items are banned
|rule|Evasion Moves Clause: Evasion moves are banned
|rule|Endless Battle Clause: Forcing endless battles is banned
|rule|HP Percentage Mod: HP is shown in percentages
|rule|Dynamax Clause: You cannot dynamax
|clearpoke
|poke|p1|Tapu Lele|
|poke|p1|Urshifu-*, M|
|poke|p1|Garchomp, F|
|poke|p1|Ferrothorn, F|
|poke|p1|Zapdos|
|poke|p1|Clefable, F|
|poke|p2|Pelipper, M|
|poke|p2|Barraskewda, M|
|poke|p2|Tangrowth, F|
|poke|p2|Aegislash, F|
|poke|p2|Zapdos|
|poke|p2|Landorus-Therian, M|
|teampreview
|inactive|Battle timer is ON: inactive players will automatically lose when time's up. (requested by Ctannn)
|
|t:|1667185706
|start
|switch|p1a: Urshifu|Urshifu-Rapid-Strike, M|100/100
|switch|p2a: Landorus|Landorus-Therian, M|100/100
|-ability|p2a: Landorus|Intimidate|boost
|-unboost|p1a: Urshifu|atk|1
|turn|1
|
|t:|1667185712
|move|p1a: Urshifu|Surging Strikes|p2a: Landorus
|-supereffective|p2a: Landorus
|-crit|p2a: Landorus
|-damage|p2a: Landorus|49/100
|-supereffective|p2a: Landorus
|-crit|p2a: Landorus
|-damage|p2a: Landorus|0 fnt
|faint|p2a: Landorus
|-hitcount|p2: Landorus|2
|
|upkeep
|
|t:|1667185717
|switch|p2a: Pelipper|Pelipper, M|100/100
|-weather|RainDance|[from] ability: Drizzle|[of] p2a: Pelipper
|turn|2
|
|t:|1667185725
|switch|p1a: Zapdos|Zapdos|100/100
|switch|p2a: Barraskewda|Barraskewda, M|100/100
|
|-weather|RainDance|[upkeep]
|upkeep
|turn|3
|
|t:|1667185731
|move|p2a: Barraskewda|Liquidation|p1a: Zapdos
|-damage|p1a: Zapdos|23/100
|-status|p2a: Barraskewda|par|[from] ability: Static|[of] p1a: Zapdos
|move|p1a: Zapdos|Volt Switch|p2a: Barraskewda
|-supereffective|p2a: Barraskewda
|-damage|p2a: Barraskewda|0 fnt
|faint|p2a: Barraskewda
|
|t:|1667185739
|switch|p1a: Urshifu|Urshifu-Rapid-Strike, M|100/100|[from]move: Volt Switch
|
|-weather|RainDance|[upkeep]
|upkeep
|
|t:|1667185745
|switch|p2a: Zapdos|Zapdos|100/100
|turn|4
|
|t:|1667185752
|switch|p1a: Ferrothorn|Ferrothorn, F|100/100
|move|p2a: Zapdos|Hurricane|p1a: Ferrothorn
|-damage|p1a: Ferrothorn|62/100
|
|-weather|RainDance|[upkeep]
|-heal|p1a: Ferrothorn|68/100|[from] item: Leftovers
|upkeep
|turn|5
|
|t:|1667185758
|move|p2a: Zapdos|Hurricane|p1a: Ferrothorn
|-damage|p1a: Ferrothorn|30/100
|move|p1a: Ferrothorn|Leech Seed|p2a: Zapdos
|-start|p2a: Zapdos|move: Leech Seed
|
|-weather|RainDance|[upkeep]
|-heal|p1a: Ferrothorn|36/100|[from] item: Leftovers
|-damage|p2a: Zapdos|88/100|[from] Leech Seed|[of] p1a: Ferrothorn
|-heal|p1a: Ferrothorn|48/100|[silent]
|upkeep
|turn|6
|
|t:|1667185766
|move|p2a: Zapdos|Hurricane|p1a: Ferrothorn
|-damage|p1a: Ferrothorn|10/100
|-start|p1a: Ferrothorn|confusion
|-activate|p1a: Ferrothorn|confusion
|move|p1a: Ferrothorn|Knock Off|p2a: Zapdos
|-damage|p2a: Zapdos|60/100
|-status|p1a: Ferrothorn|par|[from] ability: Static|[of] p2a: Zapdos
|-enditem|p2a: Zapdos|Heavy-Duty Boots|[from] move: Knock Off|[of] p1a: Ferrothorn
|
|-weather|RainDance|[upkeep]
|-heal|p1a: Ferrothorn|16/100 par|[from] item: Leftovers
|-damage|p2a: Zapdos|48/100|[from] Leech Seed|[of] p1a: Ferrothorn
|-heal|p1a: Ferrothorn|27/100 par|[silent]
|upkeep
|turn|7
|
|t:|1667185781
|move|p2a: Zapdos|Hurricane|p1a: Ferrothorn
|-damage|p1a: Ferrothorn|0 fnt
|faint|p1a: Ferrothorn
|
|-weather|RainDance|[upkeep]
|upkeep
|
|t:|1667185788
|switch|p1a: Tapu Lele|Tapu Lele|100/100
|-fieldstart|move: Psychic Terrain|[from] ability: Psychic Surge|[of] p1a: Tapu Lele
|turn|8
|
|t:|1667185794
|switch|p2a: Aegislash|Aegislash, F|100/100
|move|p1a: Tapu Lele|Moonblast|p2a: Aegislash
|-resisted|p2a: Aegislash
|-damage|p2a: Aegislash|80/100
|
|-weather|RainDance|[upkeep]
|-heal|p2a: Aegislash|86/100|[from] item: Leftovers
|upkeep
|turn|9
|
|t:|1667185802
|switch|p1a: Zapdos|Zapdos|23/100
|switch|p2a: Zapdos|Zapdos|48/100
|
|-weather|none
|upkeep
|turn|10
|
|t:|1667185807
|move|p2a: Zapdos|Thunderbolt|p1a: Zapdos
|-damage|p1a: Zapdos|0 fnt
|faint|p1a: Zapdos
|
|upkeep
|
|t:|1667185810
|switch|p1a: Garchomp|Garchomp, F|100/100
|turn|11
|
|t:|1667185813
|switch|p2a: Tangrowth|Tangrowth, F|100/100
|move|p1a: Garchomp|Swords Dance|p1a: Garchomp
|-boost|p1a: Garchomp|atk|2
|
|upkeep
|turn|12
|
|t:|1667185816
|move|p1a: Garchomp|Scale Shot|p2a: Tangrowth
|-damage|p2a: Tangrowth|83/100
|-damage|p2a: Tangrowth|65/100
|-damage|p2a: Tangrowth|48/100
|-hitcount|p2a: Tangrowth|3
|-unboost|p1a: Garchomp|def|1
|-boost|p1a: Garchomp|spe|1
|move|p2a: Tangrowth|Giga Drain|p1a: Garchomp
|-damage|p1a: Garchomp|69/100
|-heal|p2a: Tangrowth|62/100|[from] drain|[of] p1a: Garchomp
|
|-heal|p1a: Garchomp|75/100|[from] item: Leftovers
|-fieldend|move: Psychic Terrain
|upkeep
|turn|13
|j| Kwaga
|j| Tegalik
|j| Pullaya
|
|t:|1667185825
|move|p1a: Garchomp|Scale Shot|p2a: Tangrowth
|-damage|p2a: Tangrowth|45/100
|-damage|p2a: Tangrowth|27/100
|-damage|p2a: Tangrowth|8/100
|-damage|p2a: Tangrowth|0 fnt
|faint|p2a: Tangrowth
|-hitcount|p2: Tangrowth|4
|-unboost|p1a: Garchomp|def|1
|-boost|p1a: Garchomp|spe|1
|
|-heal|p1a: Garchomp|81/100|[from] item: Leftovers
|upkeep
|
|t:|1667185831
|switch|p2a: Pelipper|Pelipper, M|100/100
|-weather|RainDance|[from] ability: Drizzle|[of] p2a: Pelipper
|turn|14
|
|t:|1667185834
|move|p1a: Garchomp|Scale Shot|p2a: Pelipper
|-damage|p2a: Pelipper|75/100
|-damage|p2a: Pelipper|49/100
|-hitcount|p2a: Pelipper|2
|-unboost|p1a: Garchomp|def|1
|-boost|p1a: Garchomp|spe|1
|move|p2a: Pelipper|Scald|p1a: Garchomp
|-damage|p1a: Garchomp|35/100
|
|-weather|RainDance|[upkeep]
|-heal|p1a: Garchomp|41/100|[from] item: Leftovers
|upkeep
|turn|15
|
|t:|1667185838
|switch|p2a: Aegislash|Aegislash, F|86/100
|move|p1a: Garchomp|Scale Shot|p2a: Aegislash
|-resisted|p2a: Aegislash
|-damage|p2a: Aegislash|76/100
|-resisted|p2a: Aegislash
|-damage|p2a: Aegislash|66/100
|-hitcount|p2a: Aegislash|2
|-unboost|p1a: Garchomp|def|1
|-boost|p1a: Garchomp|spe|1
|
|-weather|RainDance|[upkeep]
|-heal|p1a: Garchomp|48/100|[from] item: Leftovers
|-heal|p2a: Aegislash|72/100|[from] item: Leftovers
|upkeep
|turn|16
|
|t:|1667185842
|switch|p1a: Tapu Lele|Tapu Lele|100/100
|-fieldstart|move: Psychic Terrain|[from] ability: Psychic Surge|[of] p1a: Tapu Lele
|-formechange|p2a: Aegislash|Aegislash-Blade||[from] ability: Stance Change
|move|p2a: Aegislash|Shadow Sneak|p1a: Tapu Lele
|-activate|p1a: Tapu Lele|move: Psychic Terrain
|
|-weather|RainDance|[upkeep]
|-heal|p2a: Aegislash|78/100|[from] item: Leftovers
|upkeep
|turn|17
|
|t:|1667185851
|-formechange|p2a: Aegislash|Aegislash||[from] ability: Stance Change
|move|p2a: Aegislash|King's Shield|p2a: Aegislash
|-singleturn|p2a: Aegislash|Protect
|move|p1a: Tapu Lele|Psyshock|p2a: Aegislash
|-activate|p2a: Aegislash|move: Protect
|
|-weather|RainDance|[upkeep]
|-heal|p2a: Aegislash|84/100|[from] item: Leftovers
|upkeep
|turn|18
|
|t:|1667185855
|switch|p1a: Clefable|Clefable, F|100/100
|-formechange|p2a: Aegislash|Aegislash-Blade||[from] ability: Stance Change
|move|p2a: Aegislash|Shadow Ball|p1a: Clefable
|-damage|p1a: Clefable|56/100
|
|-weather|RainDance|[upkeep]
|-heal|p1a: Clefable|62/100|[from] item: Leftovers
|-heal|p2a: Aegislash|90/100|[from] item: Leftovers
|upkeep
|turn|19
|
|t:|1667185862
|move|p1a: Clefable|Stealth Rock|p2a: Aegislash
|-sidestart|p2: Ctannn|move: Stealth Rock
|move|p2a: Aegislash|Shadow Ball|p1a: Clefable
|-damage|p1a: Clefable|17/100
|
|-weather|RainDance|[upkeep]
|-heal|p1a: Clefable|23/100|[from] item: Leftovers
|-heal|p2a: Aegislash|96/100|[from] item: Leftovers
|upkeep
|turn|20
|
|t:|1667185866
|move|p1a: Clefable|Thunder Wave|p2a: Aegislash
|-status|p2a: Aegislash|par
|move|p2a: Aegislash|Shadow Ball|p1a: Clefable
|-damage|p1a: Clefable|0 fnt
|faint|p1a: Clefable
|
|-weather|RainDance|[upkeep]
|-heal|p2a: Aegislash|100/100 par|[from] item: Leftovers
|-fieldend|move: Psychic Terrain
|upkeep
|
|t:|1667185869
|switch|p1a: Urshifu|Urshifu-Rapid-Strike, M|100/100
|turn|21
|
|t:|1667185875
|switch|p2a: Pelipper|Pelipper, M|49/100
|-damage|p2a: Pelipper|24/100|[from] Stealth Rock
|move|p1a: Urshifu|Surging Strikes|p2a: Pelipper
|-resisted|p2a: Pelipper
|-crit|p2a: Pelipper
|-damage|p2a: Pelipper|1/100
|-resisted|p2a: Pelipper
|-crit|p2a: Pelipper
|-damage|p2a: Pelipper|0 fnt
|faint|p2a: Pelipper
|-hitcount|p2: Pelipper|2
|
|-weather|none
|upkeep
|
|t:|1667185877
|switch|p2a: Zapdos|Zapdos|48/100
|-damage|p2a: Zapdos|23/100|[from] Stealth Rock
|turn|22
|j| footfondler
|
|t:|1667185885
|switch|p1a: Garchomp|Garchomp, F|48/100
|move|p2a: Zapdos|Roost|p2a: Zapdos
|-heal|p2a: Zapdos|73/100
|-singleturn|p2a: Zapdos|move: Roost
|
|-heal|p1a: Garchomp|54/100|[from] item: Leftovers
|upkeep
|turn|23
|
|t:|1667185889
|move|p1a: Garchomp|Swords Dance|p1a: Garchomp
|-boost|p1a: Garchomp|atk|2
|move|p2a: Zapdos|Hurricane|p1a: Garchomp
|-damage|p1a: Garchomp|0 fnt
|faint|p1a: Garchomp
|
|upkeep
|
|t:|1667185894
|switch|p1a: Tapu Lele|Tapu Lele|100/100
|-fieldstart|move: Psychic Terrain|[from] ability: Psychic Surge|[of] p1a: Tapu Lele
|turn|24
|
|t:|1667185897
|switch|p2a: Aegislash|Aegislash, F|100/100 par
|-damage|p2a: Aegislash|94/100 par|[from] Stealth Rock
|move|p1a: Tapu Lele|Psyshock|p2a: Aegislash
|-resisted|p2a: Aegislash
|-damage|p2a: Aegislash|72/100 par
|
|-heal|p2a: Aegislash|78/100 par|[from] item: Leftovers
|upkeep
|turn|25
|
|t:|1667185899
|switch|p1a: Urshifu|Urshifu-Rapid-Strike, M|100/100
|-formechange|p2a: Aegislash|Aegislash-Blade||[from] ability: Stance Change
|move|p2a: Aegislash|Shadow Ball|p1a: Urshifu
|-damage|p1a: Urshifu|24/100
|
|-heal|p2a: Aegislash|84/100 par|[from] item: Leftovers
|upkeep
|turn|26
|
|t:|1667185908
|switch|p2a: Zapdos|Zapdos|73/100
|-damage|p2a: Zapdos|48/100|[from] Stealth Rock
|move|p1a: Urshifu|Surging Strikes|p2a: Zapdos
|-crit|p2a: Zapdos
|-damage|p2a: Zapdos|12/100
|-crit|p2a: Zapdos
|-damage|p2a: Zapdos|0 fnt
|faint|p2a: Zapdos
|-hitcount|p2: Zapdos|2
|
|upkeep
|
|t:|1667185909
|switch|p2a: Aegislash|Aegislash, F|84/100 par
|-damage|p2a: Aegislash|78/100 par|[from] Stealth Rock
|turn|27
|
|t:|1667185916
|move|p1a: Urshifu|Surging Strikes|p2a: Aegislash
|-crit|p2a: Aegislash
|-damage|p2a: Aegislash|54/100 par
|-crit|p2a: Aegislash
|-damage|p2a: Aegislash|29/100 par
|-crit|p2a: Aegislash
|-damage|p2a: Aegislash|4/100 par
|-hitcount|p2a: Aegislash|3
|-formechange|p2a: Aegislash|Aegislash-Blade||[from] ability: Stance Change
|move|p2a: Aegislash|Shadow Ball|p1a: Urshifu
|-damage|p1a: Urshifu|0 fnt
|faint|p1a: Urshifu
|
|-heal|p2a: Aegislash|10/100 par|[from] item: Leftovers
|upkeep
|
|t:|1667185919
|switch|p1a: Tapu Lele|Tapu Lele|100/100
|turn|28
|
|t:|1667185921
|-formechange|p2a: Aegislash|Aegislash||[from] ability: Stance Change
|move|p2a: Aegislash|King's Shield|p2a: Aegislash
|-singleturn|p2a: Aegislash|Protect
|move|p1a: Tapu Lele|Moonblast|p2a: Aegislash
|-activate|p2a: Aegislash|move: Protect
|
|-heal|p2a: Aegislash|16/100 par|[from] item: Leftovers
|-fieldend|move: Psychic Terrain
|upkeep
|turn|29
|
|t:|1667185925
|move|p2a: Aegislash|King's Shield||[still]
|-fail|p2a: Aegislash
|move|p1a: Tapu Lele|Moonblast|p2a: Aegislash
|-resisted|p2a: Aegislash
|-damage|p2a: Aegislash|0 fnt
|faint|p2a: Aegislash
|
|win|uto RAR
|raw|uto RAR's rating: 1669 &rarr; <strong>1699</strong><br />(+30 for winning)
|raw|Ctannn's rating: 1854 &rarr; <strong>1824</strong><br />(-30 for losing)
|l| footfondler
