|j|☆Tooky98
|j|☆Elite4Donovan
|t:|1658926613
|gametype|singles
|player|p1|Tooky98|265|1674
|player|p2|Elite4Donovan|lucas|1734
|teamsize|p1|6
|teamsize|p2|6
|gen|8
|tier|[Gen 8] OU
|rated|
|rule|Sleep Clause Mod: Limit one foe put to sleep
|rule|Species Clause: Limit one of each Pokémon
|rule|OHKO Clause: OHKO moves are banned
|rule|Evasion Moves Clause: Evasion moves are banned
|rule|Endless Battle Clause: Forcing endless battles is banned
|rule|HP Percentage Mod: HP is shown in percentages
|rule|Dynamax Clause: You cannot dynamax
|clearpoke
|poke|p1|Rillaboom, F|
|poke|p1|Exploud, M|
|poke|p1|Tapu Koko|
|poke|p1|Excadrill, M|
|poke|p1|Heatran, F|
|poke|p1|Tapu Fini|
|poke|p2|Falinks|
|poke|p2|Meowstic, M|
|poke|p2|Tapu Fini|
|poke|p2|Moltres-Galar|
|poke|p2|Druddigon, F|
|poke|p2|Kartana|
|teampreview
|inactive|Battle timer is ON: inactive players will automatically lose when time's up. (requested by Tooky98)
|
|t:|1658926637
|start
|switch|p1a: Tapu Koko|Tapu Koko|100/100
|switch|p2a: Akane|Druddigon, F|100/100
|-fieldstart|move: Electric Terrain|[from] ability: Electric Surge|[of] p1a: Tapu Koko
|-ability|p2a: Akane|Mold Breaker
|turn|1
|
|t:|1658926652
|move|p1a: Tapu Koko|Reflect|p1a: Tapu Koko
|-sidestart|p1: Tooky98|Reflect
|move|p2a: Akane|Gunk Shot|p1a: Tapu Koko|[miss]
|-miss|p2a: Akane|p1a: Tapu Koko
|
|upkeep
|turn|2
|
|t:|1658926659
|move|p1a: Tapu Koko|Light Screen|p1a: Tapu Koko
|-sidestart|p1: Tooky98|move: Light Screen
|move|p2a: Akane|Stealth Rock|p1a: Tapu Koko
|-sidestart|p1: Tooky98|move: Stealth Rock
|
|upkeep
|turn|3
|
|t:|1658926662
|move|p1a: Tapu Koko|U-turn|p2a: Akane
|-damage|p2a: Akane|83/100
|
|t:|1658926665
|switch|p1a: Tapu Fini|Tapu Fini, shiny|100/100|[from]move: U-turn
|-damage|p1a: Tapu Fini|88/100|[from] Stealth Rock
|-fieldstart|move: Misty Terrain|[from] ability: Misty Surge|[of] p1a: Tapu Fini
|move|p2a: Akane|Gunk Shot|p1a: Tapu Fini
|-supereffective|p1a: Tapu Fini
|-damage|p1a: Tapu Fini|64/100
|
|-heal|p1a: Tapu Fini|70/100|[from] item: Leftovers
|upkeep
|turn|4
|
|t:|1658926673
|move|p1a: Tapu Fini|Calm Mind|p1a: Tapu Fini
|-boost|p1a: Tapu Fini|spa|1
|-boost|p1a: Tapu Fini|spd|1
|move|p2a: Akane|Taunt|p1a: Tapu Fini
|-start|p1a: Tapu Fini|move: Taunt
|
|-heal|p1a: Tapu Fini|76/100|[from] item: Leftovers
|upkeep
|turn|5
|
|t:|1658926679
|move|p1a: Tapu Fini|Draining Kiss|p2a: Akane
|-supereffective|p2a: Akane
|-enditem|p2a: Akane|Roseli Berry|[eat]
|-enditem|p2a: Akane|Roseli Berry|[weaken]
|-damage|p2a: Akane|59/100
|-heal|p1a: Tapu Fini|94/100|[from] drain|[of] p2a: Akane
|move|p2a: Akane|Gunk Shot|p1a: Tapu Fini|[miss]
|-miss|p2a: Akane|p1a: Tapu Fini
|
|-heal|p1a: Tapu Fini|100/100|[from] item: Leftovers
|upkeep
|turn|6
|
|t:|1658926685
|switch|p2a: Meowstic|Meowstic, M|100/100
|move|p1a: Tapu Fini|Draining Kiss|p2a: Meowstic
|-damage|p2a: Meowstic|81/100
|
|upkeep
|turn|7
|
|t:|1658926691
|move|p2a: Meowstic|Light Screen|p2a: Meowstic
|-sidestart|p2: Elite4Donovan|move: Light Screen
|move|p1a: Tapu Fini|Draining Kiss|p2a: Meowstic
|-damage|p2a: Meowstic|71/100
|
|-end|p1a: Tapu Fini|move: Taunt
|-fieldend|Misty Terrain
|upkeep
|turn|8
|
|t:|1658926694
|move|p2a: Meowstic|Thunder Wave|p1a: Tapu Fini
|-status|p1a: Tapu Fini|par
|cant|p1a: Tapu Fini|par
|
|-sideend|p1: Tooky98|Reflect
|upkeep
|turn|9
|
|t:|1658926699
|switch|p2a: Kartana|Kartana|100/100
|move|p1a: Tapu Fini|Calm Mind|p1a: Tapu Fini
|-boost|p1a: Tapu Fini|spa|1
|-boost|p1a: Tapu Fini|spd|1
|
|-sideend|p1: Tooky98|move: Light Screen
|upkeep
|turn|10
|
|t:|1658926704
|switch|p1a: Heatran|Heatran, F|100/100
|-damage|p1a: Heatran|88/100|[from] Stealth Rock
|-item|p1a: Heatran|Air Balloon
|move|p2a: Kartana|Leaf Blade|p1a: Heatran
|-resisted|p1a: Heatran
|-crit|p1a: Heatran
|-damage|p1a: Heatran|73/100
|-enditem|p1a: Heatran|Air Balloon
|-damage|p2a: Kartana|91/100|[from] item: Life Orb
|
|upkeep
|turn|11
|
|t:|1658926707
|move|p2a: Kartana|Sacred Sword|p1a: Heatran
|-supereffective|p1a: Heatran
|-damage|p1a: Heatran|6/100
|-damage|p2a: Kartana|81/100|[from] item: Life Orb
|move|p1a: Heatran|Magma Storm|p2a: Kartana|[miss]
|-miss|p1a: Heatran|p2a: Kartana
|
|upkeep
|turn|12
|
|t:|1658926716
|move|p2a: Kartana|Knock Off|p1a: Heatran
|-damage|p1a: Heatran|0 fnt
|-status|p2a: Kartana|brn|[from] ability: Flame Body|[of] p1a: Heatran
|faint|p1a: Heatran
|-ability|p2a: Kartana|Beast Boost|boost
|-boost|p2a: Kartana|spe|1
|-damage|p2a: Kartana|71/100 brn|[from] item: Life Orb
|
|-damage|p2a: Kartana|64/100 brn|[from] brn
|upkeep
|
|t:|1658926723
|switch|p1a: Tapu Koko|Tapu Koko|100/100
|-damage|p1a: Tapu Koko|88/100|[from] Stealth Rock
|-fieldstart|move: Electric Terrain|[from] ability: Electric Surge|[of] p1a: Tapu Koko
|turn|13
|
|t:|1658926734
|move|p2a: Kartana|Knock Off|p1a: Tapu Koko
|-resisted|p1a: Tapu Koko
|-damage|p1a: Tapu Koko|79/100
|-enditem|p1a: Tapu Koko|Light Clay|[from] move: Knock Off|[of] p2a: Kartana
|-damage|p2a: Kartana|55/100 brn|[from] item: Life Orb
|move|p1a: Tapu Koko|Reflect|p1a: Tapu Koko
|-sidestart|p1: Tooky98|Reflect
|
|-damage|p2a: Kartana|48/100 brn|[from] brn
|upkeep
|turn|14
|
|t:|1658926737
|switch|p2a: Meowstic|Meowstic, M|71/100
|move|p1a: Tapu Koko|Light Screen|p1a: Tapu Koko
|-sidestart|p1: Tooky98|move: Light Screen
|
|-sideend|p2: Elite4Donovan|move: Light Screen
|upkeep
|turn|15
|
|t:|1658926742
|move|p2a: Meowstic|Reflect|p2a: Meowstic
|-sidestart|p2: Elite4Donovan|Reflect
|move|p1a: Tapu Koko|U-turn|p2a: Meowstic
|-supereffective|p2a: Meowstic
|-damage|p2a: Meowstic|50/100
|
|t:|1658926753
|switch|p1a: Excadrill|Excadrill, M|100/100|[from]move: U-turn
|-damage|p1a: Excadrill|97/100|[from] Stealth Rock
|-ability|p1a: Excadrill|Mold Breaker
|
|upkeep
|turn|16
|
|t:|1658926764
|switch|p2a: Akane|Druddigon, F|59/100
|-ability|p2a: Akane|Mold Breaker
|move|p1a: Excadrill|Rapid Spin|p2a: Akane
|-damage|p2a: Akane|50/100
|-boost|p1a: Excadrill|spe|1
|-sideend|p1: Tooky98|Stealth Rock|[from] move: Rapid Spin|[of] p1a: Excadrill
|
|upkeep
|turn|17
|
|t:|1658926769
|switch|p1a: Exploud|Exploud, M|100/100
|move|p2a: Akane|Glare|p1a: Exploud
|-status|p1a: Exploud|par
|
|-sideend|p1: Tooky98|Reflect
|-fieldend|move: Electric Terrain
|upkeep
|turn|18
|
|t:|1658926772
|move|p2a: Akane|Stealth Rock|p1a: Exploud
|-sidestart|p1: Tooky98|move: Stealth Rock
|move|p1a: Exploud|Boomburst|p2a: Akane
|-damage|p2a: Akane|0 fnt
|faint|p2a: Akane
|
|-sideend|p1: Tooky98|move: Light Screen
|upkeep
|
|t:|1658926780
|switch|p2a: Meowstic|Meowstic, M|50/100
|turn|19
|
|t:|1658926784
|move|p2a: Meowstic|Light Screen|p2a: Meowstic
|-sidestart|p2: Elite4Donovan|move: Light Screen
|cant|p1a: Exploud|par
|
|upkeep
|turn|20
|
|t:|1658926789
|switch|p2a: Kartana|Kartana|48/100 brn
|move|p1a: Exploud|Boomburst|p2a: Kartana
|-resisted|p2a: Kartana
|-damage|p2a: Kartana|0 fnt
|faint|p2a: Kartana
|
|upkeep
|
|t:|1658926791
|switch|p2a: Falinks|Falinks|100/100
|turn|21
|
|t:|1658926797
|move|p2a: Falinks|No Retreat|p2a: Falinks
|-boost|p2a: Falinks|atk|1
|-boost|p2a: Falinks|def|1
|-boost|p2a: Falinks|spa|1
|-boost|p2a: Falinks|spd|1
|-boost|p2a: Falinks|spe|1
|-start|p2a: Falinks|move: No Retreat
|cant|p1a: Exploud|par
|
|upkeep
|turn|22
|
|t:|1658926803
|move|p2a: Falinks|Close Combat|p1a: Exploud
|-supereffective|p1a: Exploud
|-damage|p1a: Exploud|0 fnt
|-unboost|p2a: Falinks|def|1
|-unboost|p2a: Falinks|spd|1
|faint|p1a: Exploud
|
|-sideend|p2: Elite4Donovan|Reflect
|upkeep
|
|t:|1658926813
|switch|p1a: Tapu Koko|Tapu Koko|79/100
|-damage|p1a: Tapu Koko|66/100|[from] Stealth Rock
|-fieldstart|move: Electric Terrain|[from] ability: Electric Surge|[of] p1a: Tapu Koko
|turn|23
|
|t:|1658926816
|move|p2a: Falinks|Poison Jab|p1a: Tapu Koko
|-supereffective|p1a: Tapu Koko
|-damage|p1a: Tapu Koko|0 fnt
|faint|p1a: Tapu Koko
|
|upkeep
|
|t:|1658926824
|switch|p1a: Excadrill|Excadrill, M|97/100
|-damage|p1a: Excadrill|94/100|[from] Stealth Rock
|-ability|p1a: Excadrill|Mold Breaker
|turn|24
|
|t:|1658926826
|move|p1a: Excadrill|Rapid Spin|p2a: Falinks
|-damage|p2a: Falinks|79/100
|-boost|p1a: Excadrill|spe|1
|-sideend|p1: Tooky98|Stealth Rock|[from] move: Rapid Spin|[of] p1a: Excadrill
|move|p2a: Falinks|Close Combat|p1a: Excadrill
|-supereffective|p1a: Excadrill
|-damage|p1a: Excadrill|0 fnt
|-unboost|p2a: Falinks|def|1
|-unboost|p2a: Falinks|spd|1
|faint|p1a: Excadrill
|
|upkeep
|
|t:|1658926833
|switch|p1a: Rillaboom|Rillaboom, F, shiny|100/100
|-fieldstart|move: Grassy Terrain|[from] ability: Grassy Surge|[of] p1a: Rillaboom
|turn|25
|
|t:|1658926836
|switch|p2a: Tapu Fini|Tapu Fini|100/100
|-fieldstart|move: Misty Terrain|[from] ability: Misty Surge|[of] p2a: Tapu Fini
|move|p1a: Rillaboom|Grassy Glide|p2a: Tapu Fini
|-supereffective|p2a: Tapu Fini
|-damage|p2a: Tapu Fini|30/100
|-damage|p1a: Rillaboom|91/100|[from] item: Life Orb
|
|-heal|p2a: Tapu Fini|36/100|[from] item: Leftovers
|upkeep
|turn|26
|
|t:|1658926840
|move|p1a: Rillaboom|Grassy Glide|p2a: Tapu Fini
|-supereffective|p2a: Tapu Fini
|-damage|p2a: Tapu Fini|0 fnt
|faint|p2a: Tapu Fini
|-damage|p1a: Rillaboom|81/100|[from] item: Life Orb
|
|-sideend|p2: Elite4Donovan|move: Light Screen
|upkeep
|
|t:|1658926843
|switch|p2a: Meowstic|Meowstic, M|50/100
|turn|27
|
|t:|1658926846
|switch|p1a: Tapu Fini|Tapu Fini, shiny|100/100 par
|move|p2a: Meowstic|Reflect|p2a: Meowstic
|-sidestart|p2: Elite4Donovan|Reflect
|
|upkeep
|turn|28
|
|t:|1658926851
|move|p2a: Meowstic|Light Screen|p2a: Meowstic
|-sidestart|p2: Elite4Donovan|move: Light Screen
|cant|p1a: Tapu Fini|par
|
|upkeep
|turn|29
|
|t:|1658926857
|switch|p2a: Falinks|Falinks|79/100
|move|p1a: Tapu Fini|Calm Mind|p1a: Tapu Fini
|-boost|p1a: Tapu Fini|spa|1
|-boost|p1a: Tapu Fini|spd|1
|
|-fieldend|Misty Terrain
|upkeep
|turn|30
|
|t:|1658926865
|move|p2a: Falinks|No Retreat|p2a: Falinks
|-boost|p2a: Falinks|atk|1
|-boost|p2a: Falinks|def|1
|-boost|p2a: Falinks|spa|1
|-boost|p2a: Falinks|spd|1
|-boost|p2a: Falinks|spe|1
|-start|p2a: Falinks|move: No Retreat
|move|p1a: Tapu Fini|Calm Mind|p1a: Tapu Fini
|-boost|p1a: Tapu Fini|spa|1
|-boost|p1a: Tapu Fini|spd|1
|
|upkeep
|turn|31
|
|t:|1658926872
|move|p2a: Falinks|Poison Jab|p1a: Tapu Fini
|-supereffective|p1a: Tapu Fini
|-damage|p1a: Tapu Fini|48/100 par
|move|p1a: Tapu Fini|Draining Kiss|p2a: Falinks
|-supereffective|p2a: Falinks
|-damage|p2a: Falinks|37/100
|-heal|p1a: Tapu Fini|73/100 par|[from] drain|[of] p2a: Falinks
|
|-heal|p1a: Tapu Fini|79/100 par|[from] item: Leftovers
|upkeep
|turn|32
|
|t:|1658926879
|move|p2a: Falinks|Poison Jab|p1a: Tapu Fini
|-supereffective|p1a: Tapu Fini
|-damage|p1a: Tapu Fini|27/100 par
|cant|p1a: Tapu Fini|par
|
|-heal|p1a: Tapu Fini|33/100 par|[from] item: Leftovers
|upkeep
|turn|33
|
|t:|1658926884
|move|p2a: Falinks|Poison Jab|p1a: Tapu Fini
|-supereffective|p1a: Tapu Fini
|-damage|p1a: Tapu Fini|0 fnt
|faint|p1a: Tapu Fini
|
|upkeep
|
|t:|1658926885
|switch|p1a: Rillaboom|Rillaboom, F, shiny|81/100
|-fieldstart|move: Grassy Terrain|[from] ability: Grassy Surge|[of] p1a: Rillaboom
|turn|34
|
|t:|1658926887
|move|p1a: Rillaboom|Grassy Glide|p2a: Falinks
|-damage|p2a: Falinks|10/100
|-damage|p1a: Rillaboom|71/100|[from] item: Life Orb
|move|p2a: Falinks|Poison Jab|p1a: Rillaboom
|-supereffective|p1a: Rillaboom
|-damage|p1a: Rillaboom|0 fnt
|faint|p1a: Rillaboom
|
|win|Elite4Donovan
|raw|Tooky98's rating: 1674 &rarr; <strong>1657</strong><br />(-17 for losing)
|raw|Elite4Donovan's rating: 1734 &rarr; <strong>1751</strong><br />(+17 for winning)
|l|☆Tooky98
||Ladder isn't responding, score probably updated but might not have (Request timeout).
