|j|‽not mb
|j|☆DXNNY7
|t:|1620957318
|gametype|singles
|player|p1|not mb|harlequin|1711
|player|p2|DXNNY7|burglar|1668
|teamsize|p1|6
|teamsize|p2|6
|gen|8
|tier|[Gen 8] OU
|rated|
|rule|Sleep Clause Mod: Limit one foe put to sleep
|rule|Species Clause: Limit one of each Pokémon
|rule|OHKO Clause: OHKO moves are banned
|rule|Evasion Moves Clause: Evasion moves are banned
|rule|Endless Battle Clause: Forcing endless battles is banned
|rule|HP Percentage Mod: HP is shown in percentages
|rule|Dynamax Clause: You cannot dynamax
|clearpoke
|poke|p1|Scizor, M|
|poke|p1|Gastrodon-East, F|
|poke|p1|Zapdos|
|poke|p1|Landorus-Therian, M|
|poke|p1|Dragapult, F|
|poke|p1|Tapu Lele|
|poke|p2|Blissey, F|
|poke|p2|Zapdos|
|poke|p2|Crawdaunt, M|
|poke|p2|Garchomp, M|
|poke|p2|Toxapex, M|
|poke|p2|Kartana|
|teampreview
|j| 0zorcNecropHADES
|
|t:|1620957339
|start
|switch|p1a: Dragapult|Dragapult, F|100/100
|switch|p2a: Zapdos|Zapdos|100/100
|turn|1
|
|t:|1620957345
|move|p1a: Dragapult|Draco Meteor|p2a: Zapdos
|-damage|p2a: Zapdos|22/100
|-unboost|p1a: Dragapult|spa|2
|move|p2a: Zapdos|Hurricane|p1a: Dragapult
|-damage|p1a: Dragapult|34/100
|
|upkeep
|turn|2
|
|t:|1620957355
|switch|p1a: Scizor|Scizor, M|100/100
|switch|p2a: Toxapex|Toxapex, M|100/100
|
|upkeep
|turn|3
|
|t:|1620957362
|move|p1a: Scizor|Knock Off|p2a: Toxapex
|-damage|p2a: Toxapex|84/100
|-damage|p1a: Scizor|84/100|[from] item: Rocky Helmet|[of] p2a: Toxapex
|-enditem|p2a: Toxapex|Rocky Helmet|[from] move: Knock Off|[of] p1a: Scizor
|move|p2a: Toxapex|Toxic Spikes|p1a: Scizor
|-sidestart|p1: not mb|move: Toxic Spikes
|
|upkeep
|turn|4
|inactive|Battle timer is ON: inactive players will automatically lose when time's up. (requested by not mb)
|
|t:|1620957394
|move|p1a: Scizor|U-turn|p2a: Toxapex
|-resisted|p2a: Toxapex
|-damage|p2a: Toxapex|75/100
|
|t:|1620957413
|switch|p1a: Zapdos|Zapdos|100/100|[from]move: U-turn
|move|p2a: Toxapex|Scald|p1a: Zapdos
|-damage|p1a: Zapdos|85/100
|
|upkeep
|turn|5
|
|t:|1620957422
|switch|p2a: Blissey|Blissey, F|100/100
|move|p1a: Zapdos|Defog|p2a: Blissey
|-unboost|p2a: Blissey|evasion|1
|-sideend|p1: not mb|Toxic Spikes|[from] move: Defog|[of] p1a: Zapdos
|
|upkeep
|turn|6
|
|t:|1620957430
|move|p1a: Zapdos|Volt Switch|p2a: Blissey
|-damage|p2a: Blissey|91/100
|
|t:|1620957436
|switch|p1a: Landorus|Landorus-Therian, M|100/100|[from]move: Volt Switch
|-ability|p1a: Landorus|Intimidate|boost
|-unboost|p2a: Blissey|atk|1
|move|p2a: Blissey|Stealth Rock|p1a: Landorus
|-sidestart|p1: not mb|move: Stealth Rock
|
|upkeep
|turn|7
|
|t:|1620957461
|move|p1a: Landorus|Stealth Rock|p2a: Blissey
|-sidestart|p2: DXNNY7|move: Stealth Rock
|move|p2a: Blissey|Teleport|p2a: Blissey
|
|t:|1620957466
|switch|p2a: Kartana|Kartana|100/100|[from]move: Teleport
|-damage|p2a: Kartana|94/100|[from] Stealth Rock
|
|upkeep
|turn|8
|
|t:|1620957480
|switch|p1a: Zapdos|Zapdos|85/100
|move|p2a: Kartana|Knock Off|p1a: Zapdos
|-damage|p1a: Zapdos|41/100
|-enditem|p1a: Zapdos|Heavy-Duty Boots|[from] move: Knock Off|[of] p2a: Kartana
|-damage|p2a: Kartana|85/100|[from] item: Life Orb
|
|upkeep
|turn|9
|
|t:|1620957488
|switch|p2a: Blissey|Blissey, F|91/100
|move|p1a: Zapdos|Roost|p1a: Zapdos
|-heal|p1a: Zapdos|92/100
|-singleturn|p1a: Zapdos|move: Roost
|
|upkeep
|turn|10
|
|t:|1620957505
|move|p1a: Zapdos|Volt Switch|p2a: Blissey
|-damage|p2a: Blissey|80/100
|
|t:|1620957506
|switch|p1a: Scizor|Scizor, M|84/100|[from]move: Volt Switch
|move|p2a: Blissey|Teleport|p2a: Blissey
|
|t:|1620957512
|switch|p2a: Zapdos|Zapdos|22/100|[from]move: Teleport
|
|upkeep
|turn|11
|
|t:|1620957516
|switch|p1a: Tapu Lele|Tapu Lele|100/100
|-damage|p1a: Tapu Lele|88/100|[from] Stealth Rock
|-fieldstart|move: Psychic Terrain|[from] ability: Psychic Surge|[of] p1a: Tapu Lele
|move|p2a: Zapdos|Roost|p2a: Zapdos
|-heal|p2a: Zapdos|72/100
|-singleturn|p2a: Zapdos|move: Roost
|
|upkeep
|turn|12
|
|t:|1620957527
|move|p1a: Tapu Lele|Psyshock|p2a: Zapdos
|-damage|p2a: Zapdos|2/100
|move|p2a: Zapdos|Roost|p2a: Zapdos
|-heal|p2a: Zapdos|52/100
|-singleturn|p2a: Zapdos|move: Roost
|
|upkeep
|turn|13
|
|t:|1620957541
|switch|p1a: Dragapult|Dragapult, F|34/100
|-damage|p1a: Dragapult|22/100|[from] Stealth Rock
|switch|p2a: Crawdaunt|Crawdaunt, M|100/100
|-damage|p2a: Crawdaunt|88/100|[from] Stealth Rock
|
|upkeep
|turn|14
|
|t:|1620957554
|switch|p2a: Toxapex|Toxapex, M|100/100
|-damage|p2a: Toxapex|88/100|[from] Stealth Rock
|move|p1a: Dragapult|U-turn|p2a: Toxapex
|-resisted|p2a: Toxapex
|-damage|p2a: Toxapex|83/100
|
|t:|1620957557
|switch|p1a: Tapu Lele|Tapu Lele|88/100|[from]move: U-turn
|-damage|p1a: Tapu Lele|76/100|[from] Stealth Rock
|
|upkeep
|turn|15
|
|t:|1620957582
|switch|p2a: Zapdos|Zapdos|52/100
|move|p1a: Tapu Lele|Moonblast|p2a: Zapdos
|-damage|p2a: Zapdos|0 fnt
|faint|p2a: Zapdos
|
|-fieldend|move: Psychic Terrain
|upkeep
|inactive|DXNNY7 has 120 seconds left.
|inactive|DXNNY7 has 90 seconds left.
|
|t:|1620957634
|switch|p2a: Toxapex|Toxapex, M|100/100
|-damage|p2a: Toxapex|88/100|[from] Stealth Rock
|turn|16
|inactive|DXNNY7 has 90 seconds left.
|
|t:|1620957642
|switch|p2a: Garchomp|Garchomp, M|100/100
|-damage|p2a: Garchomp|94/100|[from] Stealth Rock
|move|p1a: Tapu Lele|Moonblast|p2a: Garchomp
|-supereffective|p2a: Garchomp
|-damage|p2a: Garchomp|0 fnt
|faint|p2a: Garchomp
|
|upkeep
|inactive|DXNNY7 has 90 seconds left.
|
|t:|1620957657
|switch|p2a: Toxapex|Toxapex, M|100/100
|-damage|p2a: Toxapex|88/100|[from] Stealth Rock
|turn|17
|
|t:|1620957663
|switch|p1a: Zapdos|Zapdos|92/100
|-damage|p1a: Zapdos|67/100|[from] Stealth Rock
|switch|p2a: Crawdaunt|Crawdaunt, M|88/100
|-damage|p2a: Crawdaunt|76/100|[from] Stealth Rock
|
|upkeep
|turn|18
|
|t:|1620957672
|move|p1a: Zapdos|Volt Switch|p2a: Crawdaunt
|-supereffective|p2a: Crawdaunt
|-damage|p2a: Crawdaunt|0 fnt
|faint|p2a: Crawdaunt
|-message|DXNNY7 forfeited.
|
|win|not mb
|raw|not mb's rating: 1711 &rarr; <strong>1729</strong><br />(+18 for winning)
|raw|DXNNY7's rating: 1668 &rarr; <strong>1650</strong><br />(-18 for losing)
|l|☆DXNNY7
