|j|☆yung_iznamakin
|j|☆ISRAEL IS MINE
|t:|1650315321
|gametype|singles
|player|p1|yung_iznamakin|brendan-gen3|1599
|player|p2|ISRAEL IS MINE|lucas-gen4pt|1668
|teamsize|p1|6
|teamsize|p2|6
|gen|8
|tier|[Gen 8] OU
|rated|
|rule|Sleep Clause Mod: Limit one foe put to sleep
|rule|Species Clause: Limit one of each Pokémon
|rule|OHKO Clause: OHKO moves are banned
|rule|Evasion Moves Clause: Evasion moves are banned
|rule|Endless Battle Clause: Forcing endless battles is banned
|rule|HP Percentage Mod: HP is shown in percentages
|rule|Dynamax Clause: You cannot dynamax
|clearpoke
|poke|p1|Tapu Koko|
|poke|p1|Hawlucha, M|
|poke|p1|Gyarados, M|
|poke|p1|Blaziken, M|
|poke|p1|Kartana|
|poke|p1|Garchomp, M|
|poke|p2|Skarmory, M|
|poke|p2|Toxapex, M|
|poke|p2|Blissey, F|
|poke|p2|Clefable, F|
|poke|p2|Gastrodon-East, F|
|poke|p2|Shedinja|
|teampreview
|inactive|Battle timer is ON: inactive players will automatically lose when time's up. (requested by ISRAEL IS MINE)
|
|t:|1650315336
|start
|switch|p1a: Naruto|Tapu Koko|100/100
|switch|p2a: Shedinja|Shedinja|100/100
|-fieldstart|move: Electric Terrain|[from] ability: Electric Surge|[of] p1a: Naruto
|turn|1
|
|t:|1650315345
|move|p1a: Naruto|Taunt|p2a: Shedinja
|-start|p2a: Shedinja|move: Taunt
|cant|p2a: Shedinja|move: Taunt|Toxic
|
|upkeep
|turn|2
|
|t:|1650315349
|move|p1a: Naruto|Reflect|p1a: Naruto
|-sidestart|p1: yung_iznamakin|Reflect
|move|p2a: Shedinja|Hex|p1a: Naruto
|-damage|p1a: Naruto|80/100
|
|upkeep
|turn|3
|
|t:|1650315355
|move|p1a: Naruto|Light Screen|p1a: Naruto
|-sidestart|p1: yung_iznamakin|move: Light Screen
|move|p2a: Shedinja|Hex|p1a: Naruto
|-damage|p1a: Naruto|70/100
|
|-end|p2a: Shedinja|move: Taunt
|upkeep
|turn|4
|j| Trailblazer324
|
|t:|1650315364
|switch|p2a: Blissey|Blissey, F|100/100
|move|p1a: Naruto|Taunt|p2a: Blissey
|-start|p2a: Blissey|move: Taunt
|
|upkeep
|turn|5
|l| Trailblazer324
|
|t:|1650315372
|move|p1a: Naruto|U-turn|p2a: Blissey
|-damage|p2a: Blissey|86/100
|
|t:|1650315374
|switch|p1a: John Cena|Hawlucha, M|100/100|[from]move: U-turn
|-enditem|p1a: John Cena|Electric Seed
|-boost|p1a: John Cena|def|1|[from] item: Electric Seed
|move|p2a: Blissey|Seismic Toss|p1a: John Cena
|-damage|p1a: John Cena|67/100
|
|-fieldend|move: Electric Terrain
|upkeep
|turn|6
|
|t:|1650315381
|switch|p2a: Clefable|Clefable, F|100/100
|move|p1a: John Cena|Swords Dance|p1a: John Cena
|-boost|p1a: John Cena|atk|2
|
|upkeep
|turn|7
|
|t:|1650315387
|move|p1a: John Cena|Acrobatics|p2a: Clefable
|-damage|p2a: Clefable|65/100
|move|p2a: Clefable|Moonblast|p1a: John Cena
|-supereffective|p1a: John Cena
|-crit|p1a: John Cena
|-damage|p1a: John Cena|0 fnt
|faint|p1a: John Cena
|
|upkeep
|
|t:|1650315394
|switch|p1a: Mifune|Kartana|100/100
|turn|8
|
|t:|1650315397
|switch|p2a: Skarmory|Skarmory, M|100/100
|move|p1a: Mifune|Swords Dance|p1a: Mifune
|-boost|p1a: Mifune|atk|2
|
|upkeep
|turn|9
|
|t:|1650315406
|move|p1a: Mifune|Swords Dance|p1a: Mifune
|-boost|p1a: Mifune|atk|2
|move|p2a: Skarmory|Iron Defense|p2a: Skarmory
|-boost|p2a: Skarmory|def|2
|
|-sideend|p1: yung_iznamakin|Reflect
|upkeep
|turn|10
|
|t:|1650315411
|move|p1a: Mifune|Swords Dance|p1a: Mifune
|-boost|p1a: Mifune|atk|2
|move|p2a: Skarmory|Body Press|p1a: Mifune
|-supereffective|p1a: Mifune
|-damage|p1a: Mifune|0 fnt
|faint|p1a: Mifune
|
|-sideend|p1: yung_iznamakin|move: Light Screen
|upkeep
|
|t:|1650315423
|switch|p1a: Garchomp|Garchomp, M|100/100
|turn|11
|
|t:|1650315427
|move|p1a: Garchomp|Swords Dance|p1a: Garchomp
|-boost|p1a: Garchomp|atk|2
|move|p2a: Skarmory|Body Press|p1a: Garchomp
|-damage|p1a: Garchomp|34/100
|-damage|p2a: Skarmory|88/100|[from] ability: Rough Skin|[of] p1a: Garchomp
|
|upkeep
|turn|12
|
|t:|1650315434
|move|p1a: Garchomp|Fire Fang|p2a: Skarmory
|-supereffective|p2a: Skarmory
|-damage|p2a: Skarmory|62/100
|-damage|p1a: Garchomp|18/100|[from] item: Rocky Helmet|[of] p2a: Skarmory
|move|p2a: Skarmory|Roost|p2a: Skarmory
|-heal|p2a: Skarmory|100/100
|-singleturn|p2a: Skarmory|move: Roost
|
|upkeep
|turn|13
|
|t:|1650315441
|move|p1a: Garchomp|Fire Fang|p2a: Skarmory
|-supereffective|p2a: Skarmory
|-damage|p2a: Skarmory|71/100
|-damage|p1a: Garchomp|1/100|[from] item: Rocky Helmet|[of] p2a: Skarmory
|move|p2a: Skarmory|Iron Defense|p2a: Skarmory
|-boost|p2a: Skarmory|def|2
|
|upkeep
|turn|14
|
|t:|1650315447
|move|p1a: Garchomp|Fire Fang|p2a: Skarmory
|-supereffective|p2a: Skarmory
|-damage|p2a: Skarmory|54/100
|-damage|p1a: Garchomp|0 fnt|[from] item: Rocky Helmet|[of] p2a: Skarmory
|faint|p1a: Garchomp
|move|p2a: Skarmory|Roost|p2a: Skarmory
|-heal|p2a: Skarmory|100/100
|-singleturn|p2a: Skarmory|move: Roost
|
|upkeep
|-message|yung_iznamakin forfeited.
|
|win|ISRAEL IS MINE
|raw|yung_iznamakin's rating: 1599 &rarr; <strong>1583</strong><br />(-16 for losing)
|raw|ISRAEL IS MINE's rating: 1668 &rarr; <strong>1684</strong><br />(+16 for winning)
|l|☆yung_iznamakin
