|j|‽brettfavreinnocent
|j|☆Power-trip7blitz
|t:|1667630381
|gametype|singles
|player|p1|brettfavreinnocent|harlequin|1649
|player|p2|Power-trip7blitz|2|1619
|teamsize|p1|6
|teamsize|p2|6
|gen|8
|tier|[Gen 8] OU
|rated|
|rule|Sleep Clause Mod: Limit one foe put to sleep
|rule|Species Clause: Limit one of each Pokémon
|rule|OHKO Clause: OHKO moves are banned
|rule|Evasion Items Clause: Evasion items are banned
|rule|Evasion Moves Clause: Evasion moves are banned
|rule|Endless Battle Clause: Forcing endless battles is banned
|rule|HP Percentage Mod: HP is shown in percentages
|rule|Dynamax Clause: You cannot dynamax
|clearpoke
|poke|p1|Pelipper, M|
|poke|p1|Buzzwole|
|poke|p1|Inteleon, F|
|poke|p1|Ferrothorn, F|
|poke|p1|Barraskewda, M|
|poke|p1|Seismitoad, F|
|poke|p2|Kartana|
|poke|p2|Tyranitar, M|
|poke|p2|Landorus-Therian, M|
|poke|p2|Buzzwole|
|poke|p2|Slowking-Galar, M|
|poke|p2|Rotom-Wash|
|teampreview
|inactive|Battle timer is ON: inactive players will automatically lose when time's up. (requested by brettfavreinnocent)
|
|t:|1667630390
|start
|switch|p1a: Pelipper|Pelipper, M|100/100
|switch|p2a: Kartana|Kartana|100/100
|-weather|RainDance|[from] ability: Drizzle|[of] p1a: Pelipper
|turn|1
|
|t:|1667630395
|move|p2a: Kartana|Knock Off|p1a: Pelipper
|-damage|p1a: Pelipper|48/100
|-enditem|p1a: Pelipper|Damp Rock|[from] move: Knock Off|[of] p2a: Kartana
|move|p1a: Pelipper|Scald|p2a: Kartana
|-resisted|p2a: Kartana
|-damage|p2a: Kartana|33/100
|
|-weather|RainDance|[upkeep]
|upkeep
|turn|2
|
|t:|1667630400
|switch|p2a: Slowking|Slowking-Galar, M|100/100
|move|p1a: Pelipper|Roost|p1a: Pelipper
|-heal|p1a: Pelipper|98/100
|-singleturn|p1a: Pelipper|move: Roost
|
|-weather|RainDance|[upkeep]
|upkeep
|turn|3
|
|t:|1667630402
|move|p1a: Pelipper|Scald|p2a: Slowking
|-damage|p2a: Slowking|83/100
|-status|p2a: Slowking|brn
|move|p2a: Slowking|Future Sight|p1a: Pelipper
|-start|p2a: Slowking|move: Future Sight
|
|-weather|RainDance|[upkeep]
|-damage|p2a: Slowking|77/100 brn|[from] brn
|upkeep
|turn|4
|
|t:|1667630408
|move|p1a: Pelipper|U-turn|p2a: Slowking
|-damage|p2a: Slowking|69/100 brn
|
|t:|1667630409
|switch|p1a: Ferrothorn|Ferrothorn, F|100/100|[from]move: U-turn
|move|p2a: Slowking|Flamethrower|p1a: Ferrothorn
|-supereffective|p1a: Ferrothorn
|-damage|p1a: Ferrothorn|67/100
|-status|p1a: Ferrothorn|brn
|
|-weather|RainDance|[upkeep]
|-heal|p1a: Ferrothorn|73/100 brn|[from] item: Leftovers
|-damage|p2a: Slowking|62/100 brn|[from] brn
|-damage|p1a: Ferrothorn|67/100 brn|[from] brn
|upkeep
|turn|5
|
|t:|1667630417
|move|p2a: Slowking|Flamethrower|p1a: Ferrothorn
|-supereffective|p1a: Ferrothorn
|-damage|p1a: Ferrothorn|36/100 brn
|move|p1a: Ferrothorn|Stealth Rock|p2a: Slowking
|-sidestart|p2: Power-trip7blitz|move: Stealth Rock
|
|-weather|RainDance|[upkeep]
|-end|p1a: Ferrothorn|move: Future Sight
|-resisted|p1a: Ferrothorn
|-damage|p1a: Ferrothorn|20/100 brn
|-heal|p1a: Ferrothorn|26/100 brn|[from] item: Leftovers
|-damage|p2a: Slowking|56/100 brn|[from] brn
|-damage|p1a: Ferrothorn|20/100 brn|[from] brn
|upkeep
|turn|6
|
|t:|1667630425
|move|p2a: Slowking|Future Sight|p1a: Ferrothorn
|-start|p2a: Slowking|move: Future Sight
|move|p1a: Ferrothorn|Knock Off|p2a: Slowking
|-supereffective|p2a: Slowking
|-damage|p2a: Slowking|34/100 brn
|-enditem|p2a: Slowking|Assault Vest|[from] move: Knock Off|[of] p1a: Ferrothorn
|
|-weather|RainDance|[upkeep]
|-heal|p1a: Ferrothorn|26/100 brn|[from] item: Leftovers
|-damage|p2a: Slowking|28/100 brn|[from] brn
|-damage|p1a: Ferrothorn|20/100 brn|[from] brn
|upkeep
|turn|7
|
|t:|1667630429
|move|p2a: Slowking|Flamethrower|p1a: Ferrothorn
|-supereffective|p1a: Ferrothorn
|-damage|p1a: Ferrothorn|0 fnt
|faint|p1a: Ferrothorn
|
|-weather|RainDance|[upkeep]
|-damage|p2a: Slowking|22/100 brn|[from] brn
|upkeep
|
|t:|1667630431
|switch|p1a: Barraskewda|Barraskewda, M|100/100
|turn|8
|
|t:|1667630437
|switch|p2a: Rotom|Rotom-Wash|100/100
|-damage|p2a: Rotom|88/100|[from] Stealth Rock
|move|p1a: Barraskewda|Flip Turn|p2a: Rotom
|-resisted|p2a: Rotom
|-damage|p2a: Rotom|57/100
|
|t:|1667630442
|switch|p1a: Inteleon|Inteleon, F|100/100|[from]move: Flip Turn
|
|-weather|none
|-end|p1a: Inteleon|move: Future Sight
|-damage|p1a: Inteleon|9/100
|-heal|p2a: Rotom|64/100|[from] item: Leftovers
|upkeep
|turn|9
|
|t:|1667630459
|switch|p2a: Tyranitar|Tyranitar, M, shiny|100/100
|-damage|p2a: Tyranitar|88/100|[from] Stealth Rock
|-weather|Sandstorm|[from] ability: Sand Stream|[of] p2a: Tyranitar
|move|p1a: Inteleon|Snipe Shot|p2a: Tyranitar
|-supereffective|p2a: Tyranitar
|-crit|p2a: Tyranitar
|-damage|p2a: Tyranitar|0 fnt
|faint|p2a: Tyranitar
|
|-weather|Sandstorm|[upkeep]
|-damage|p1a: Inteleon|3/100|[from] Sandstorm
|upkeep
|
|t:|1667630462
|switch|p2a: Rotom|Rotom-Wash|64/100
|-damage|p2a: Rotom|51/100|[from] Stealth Rock
|turn|10
|
|t:|1667630464
|move|p1a: Inteleon|Hyper Beam|p2a: Rotom
|-crit|p2a: Rotom
|-damage|p2a: Rotom|0 fnt
|-mustrecharge|p1a: Inteleon
|faint|p2a: Rotom
|
|-weather|Sandstorm|[upkeep]
|-damage|p1a: Inteleon|0 fnt|[from] Sandstorm
|faint|p1a: Inteleon
|upkeep
|
|t:|1667630471
|switch|p1a: Pelipper|Pelipper, M|98/100
|switch|p2a: Kartana|Kartana|33/100
|-damage|p2a: Kartana|27/100|[from] Stealth Rock
|-weather|RainDance|[from] ability: Drizzle|[of] p1a: Pelipper
|turn|11
|
|t:|1667630478
|move|p2a: Kartana|Leaf Blade|p1a: Pelipper
|-damage|p1a: Pelipper|30/100
|move|p1a: Pelipper|Scald|p2a: Kartana
|-resisted|p2a: Kartana
|-damage|p2a: Kartana|0 fnt
|faint|p2a: Kartana
|
|-weather|RainDance|[upkeep]
|upkeep
|
|t:|1667630483
|switch|p2a: Buzzwole|Buzzwole|100/100
|-damage|p2a: Buzzwole|88/100|[from] Stealth Rock
|turn|12
|
|t:|1667630489
|switch|p1a: Buzzwole|Buzzwole|100/100
|move|p2a: Buzzwole|Close Combat|p1a: Buzzwole
|-resisted|p1a: Buzzwole
|-damage|p1a: Buzzwole|68/100
|-unboost|p2a: Buzzwole|def|1
|-unboost|p2a: Buzzwole|spd|1
|
|-weather|RainDance|[upkeep]
|upkeep
|turn|13
|
|t:|1667630492
|switch|p2a: Slowking|Slowking-Galar, M|55/100 brn
|-damage|p2a: Slowking|43/100 brn|[from] Stealth Rock
|move|p1a: Buzzwole|Ice Punch|p2a: Slowking
|-damage|p2a: Slowking|15/100 brn
|
|-weather|RainDance|[upkeep]
|-damage|p2a: Slowking|9/100 brn|[from] brn
|upkeep
|turn|14
|
|t:|1667630496
|move|p1a: Buzzwole|Ice Punch|p2a: Slowking
|-damage|p2a: Slowking|0 fnt
|faint|p2a: Slowking
|-ability|p1a: Buzzwole|Beast Boost|boost
|-boost|p1a: Buzzwole|atk|1
|
|-weather|RainDance|[upkeep]
|upkeep
|-message|Power-trip7blitz forfeited.
|
|win|brettfavreinnocent
|raw|brettfavreinnocent's rating: 1649 &rarr; <strong>1667</strong><br />(+18 for winning)
|raw|Power-trip7blitz's rating: 1619 &rarr; <strong>1601</strong><br />(-18 for losing)
|l|☆Power-trip7blitz
