|j|☆Faker100
|j|☆quixana
|t:|1665296604
|gametype|singles
|player|p1|Faker100|170|1615
|player|p2|quixana|ethan-pokeathlon|1838
|teamsize|p1|6
|teamsize|p2|6
|gen|8
|tier|[Gen 8] OU
|rated|
|rule|Sleep Clause Mod: Limit one foe put to sleep
|rule|Species Clause: Limit one of each Pokémon
|rule|OHKO Clause: OHKO moves are banned
|rule|Evasion Items Clause: Evasion items are banned
|rule|Evasion Moves Clause: Evasion moves are banned
|rule|Endless Battle Clause: Forcing endless battles is banned
|rule|HP Percentage Mod: HP is shown in percentages
|rule|Dynamax Clause: You cannot dynamax
|clearpoke
|poke|p1|Dragapult, F|
|poke|p1|Urshifu-*, F|
|poke|p1|Tapu Lele|
|poke|p1|Landorus-Therian, M|
|poke|p1|Zapdos|
|poke|p1|Melmetal|
|poke|p2|Urshifu-*, M|
|poke|p2|Tyranitar, F|
|poke|p2|Tapu Lele|
|poke|p2|Tangrowth, F|
|poke|p2|Excadrill, F|
|poke|p2|Zapdos|
|teampreview
|j| Ur a jake paul fan
|inactive|Battle timer is ON: inactive players will automatically lose when time's up. (requested by Faker100)
|
|t:|1665296627
|start
|switch|p1a: Urshifu|Urshifu-Rapid-Strike, F|100/100
|switch|p2a: Excadrill|Excadrill, F|100/100
|turn|1
|c|☆Faker100|:()------------------:
|
|t:|1665296635
|switch|p2a: Zapdos|Zapdos|100/100
|move|p1a: Urshifu|U-turn|p2a: Zapdos
|-resisted|p2a: Zapdos
|-damage|p2a: Zapdos|80/100
|
|t:|1665296643
|switch|p1a: Dragapult|Dragapult, F|100/100|[from]move: U-turn
|
|upkeep
|turn|2
|
|t:|1665296652
|move|p1a: Dragapult|U-turn|p2a: Zapdos
|-resisted|p2a: Zapdos
|-damage|p2a: Zapdos|71/100
|c|☆Faker100|fcker
|
|t:|1665296663
|switch|p1a: Landorus|Landorus-Therian, M|100/100|[from]move: U-turn
|-ability|p1a: Landorus|Intimidate|boost
|-unboost|p2a: Zapdos|atk|1
|move|p2a: Zapdos|Volt Switch|p1a: Landorus
|-immune|p1a: Landorus
|
|upkeep
|turn|3
|c| Ur a jake paul fan|Zzzz
|c| Ur a jake paul fan|hes better
|
|t:|1665296671
|move|p2a: Zapdos|Hurricane|p1a: Landorus
|-damage|p1a: Landorus|53/100
|move|p1a: Landorus|Stealth Rock|p2a: Zapdos
|-sidestart|p2: quixana|move: Stealth Rock
|
|-heal|p1a: Landorus|59/100|[from] item: Leftovers
|upkeep
|turn|4
|
|t:|1665296677
|move|p2a: Zapdos|Hurricane|p1a: Landorus
|-damage|p1a: Landorus|16/100
|move|p1a: Landorus|U-turn|p2a: Zapdos
|-resisted|p2a: Zapdos
|-damage|p2a: Zapdos|60/100
|
|t:|1665296683
|switch|p1a: Dragapult|Dragapult, F|100/100|[from]move: U-turn
|
|upkeep
|turn|5
|c|☆Faker100|ttar
|
|t:|1665296700
|switch|p2a: Tyranitar|Tyranitar, F|100/100
|-damage|p2a: Tyranitar|88/100|[from] Stealth Rock
|-weather|Sandstorm|[from] ability: Sand Stream|[of] p2a: Tyranitar
|move|p1a: Dragapult|Draco Meteor|p2a: Tyranitar
|-damage|p2a: Tyranitar|55/100
|-unboost|p1a: Dragapult|spa|2
|
|-weather|Sandstorm|[upkeep]
|-damage|p1a: Dragapult|95/100|[from] Sandstorm
|-heal|p2a: Tyranitar|62/100|[from] item: Leftovers
|upkeep
|turn|6
|
|t:|1665296707
|switch|p1a: Landorus|Landorus-Therian, M|16/100
|-ability|p1a: Landorus|Intimidate|boost
|-unboost|p2a: Tyranitar|atk|1
|move|p2a: Tyranitar|Stealth Rock|p1a: Landorus
|-sidestart|p1: Faker100|move: Stealth Rock
|
|-weather|Sandstorm|[upkeep]
|-heal|p1a: Landorus|22/100|[from] item: Leftovers
|-heal|p2a: Tyranitar|68/100|[from] item: Leftovers
|upkeep
|turn|7
|c| Ur a jake paul fan|Faker
|
|t:|1665296713
|switch|p2a: Zapdos|Zapdos|60/100
|move|p1a: Landorus|Knock Off|p2a: Zapdos
|-damage|p2a: Zapdos|27/100
|-enditem|p2a: Zapdos|Heavy-Duty Boots|[from] move: Knock Off|[of] p1a: Landorus
|
|-weather|Sandstorm|[upkeep]
|-damage|p2a: Zapdos|21/100|[from] Sandstorm
|-heal|p1a: Landorus|28/100|[from] item: Leftovers
|upkeep
|turn|8
|c|☆Faker100|ye
|
|t:|1665296724
|move|p2a: Zapdos|Hurricane|p1a: Landorus
|-damage|p1a: Landorus|0 fnt
|faint|p1a: Landorus
|
|-weather|Sandstorm|[upkeep]
|-damage|p2a: Zapdos|15/100|[from] Sandstorm
|upkeep
|c| Ur a jake paul fan|that was obvious
|c|☆Faker100|ik
|c|☆Faker100|i thought saying ttar he wouldnt stay
|
|t:|1665296751
|switch|p1a: Dragapult|Dragapult, F|95/100
|-damage|p1a: Dragapult|82/100|[from] Stealth Rock
|turn|9
|c| Ur a jake paul fan|I mean ig
|
|t:|1665296765
|move|p1a: Dragapult|Shadow Ball|p2a: Zapdos
|-damage|p2a: Zapdos|0 fnt
|faint|p2a: Zapdos
|
|-weather|none
|upkeep
|
|t:|1665296770
|switch|p2a: Tyranitar|Tyranitar, F|68/100
|-damage|p2a: Tyranitar|55/100|[from] Stealth Rock
|-weather|Sandstorm|[from] ability: Sand Stream|[of] p2a: Tyranitar
|turn|10
|
|t:|1665296777
|switch|p1a: Melmetal|Melmetal|100/100
|-damage|p1a: Melmetal|94/100|[from] Stealth Rock
|move|p2a: Tyranitar|Earthquake|p1a: Melmetal
|-supereffective|p1a: Melmetal
|-damage|p1a: Melmetal|57/100
|
|-weather|Sandstorm|[upkeep]
|-heal|p2a: Tyranitar|62/100|[from] item: Leftovers
|-heal|p1a: Melmetal|64/100|[from] item: Leftovers
|upkeep
|turn|11
|c|☆Faker100|pursuit me kkkk
|
|t:|1665296786
|switch|p2a: Tangrowth|Tangrowth, F, shiny|100/100
|-damage|p2a: Tangrowth|88/100|[from] Stealth Rock
|move|p1a: Melmetal|Double Iron Bash|p2a: Tangrowth
|-damage|p2a: Tangrowth|64/100
|-damage|p1a: Melmetal|47/100|[from] item: Rocky Helmet|[of] p2a: Tangrowth
|-damage|p2a: Tangrowth|42/100
|-damage|p1a: Melmetal|30/100|[from] item: Rocky Helmet|[of] p2a: Tangrowth
|-hitcount|p2a: Tangrowth|2
|
|-weather|Sandstorm|[upkeep]
|-damage|p2a: Tangrowth|36/100|[from] Sandstorm
|-heal|p1a: Melmetal|37/100|[from] item: Leftovers
|upkeep
|turn|12
|
|t:|1665296792
|move|p1a: Melmetal|Protect|p1a: Melmetal
|-singleturn|p1a: Melmetal|Protect
|move|p2a: Tangrowth|Sleep Powder|p1a: Melmetal
|-activate|p1a: Melmetal|move: Protect
|
|-weather|Sandstorm|[upkeep]
|-damage|p2a: Tangrowth|29/100|[from] Sandstorm
|-heal|p1a: Melmetal|43/100|[from] item: Leftovers
|upkeep
|turn|13
|
|t:|1665296798
|switch|p2a: Urshifu|Urshifu-Rapid-Strike, M|100/100
|-damage|p2a: Urshifu|94/100|[from] Stealth Rock
|move|p1a: Melmetal|Double Iron Bash|p2a: Urshifu
|-resisted|p2a: Urshifu
|-damage|p2a: Urshifu|74/100
|-resisted|p2a: Urshifu
|-damage|p2a: Urshifu|52/100
|-hitcount|p2a: Urshifu|2
|
|-weather|Sandstorm|[upkeep]
|-damage|p2a: Urshifu|46/100|[from] Sandstorm
|-heal|p1a: Melmetal|49/100|[from] item: Leftovers
|upkeep
|turn|14
|
|t:|1665296811
|switch|p1a: Zapdos|Zapdos|100/100
|move|p2a: Urshifu|U-turn|p1a: Zapdos
|-resisted|p1a: Zapdos
|-damage|p1a: Zapdos|88/100
|
|t:|1665296817
|switch|p2a: Tapu Lele|Tapu Lele|100/100|[from]move: U-turn
|-damage|p2a: Tapu Lele|88/100|[from] Stealth Rock
|-fieldstart|move: Psychic Terrain|[from] ability: Psychic Surge|[of] p2a: Tapu Lele
|
|-weather|none
|upkeep
|turn|15
|
|t:|1665296820
|move|p2a: Tapu Lele|Psychic|p1a: Zapdos
|-damage|p1a: Zapdos|0 fnt
|faint|p1a: Zapdos
|
|upkeep
|
|t:|1665296827
|switch|p1a: Dragapult|Dragapult, F|82/100
|-damage|p1a: Dragapult|70/100|[from] Stealth Rock
|turn|16
|j| Ran Kob
|inactive|quixana has 120 seconds left.
|c|☆Faker100|fck this tapu
|c| Ur a jake paul fan|Kill it then
|inactive|quixana has 90 seconds left.
|c|☆Faker100|am i faster
|
|t:|1665296894
|switch|p2a: Urshifu|Urshifu-Rapid-Strike, M|46/100
|-damage|p2a: Urshifu|40/100|[from] Stealth Rock
|move|p1a: Dragapult|U-turn|p2a: Urshifu
|-resisted|p2a: Urshifu
|-damage|p2a: Urshifu|30/100
|l| Ran Kob
|
|t:|1665296903
|switch|p1a: Tapu Lele|Tapu Lele|100/100|[from]move: U-turn
|-damage|p1a: Tapu Lele|88/100|[from] Stealth Rock
|
|upkeep
|turn|17
|inactive|quixana has 90 seconds left.
|c|☆Faker100|i forgot item ofc
|
|t:|1665296924
|move|p1a: Tapu Lele|Moonblast|p2a: Urshifu
|-supereffective|p2a: Urshifu
|-damage|p2a: Urshifu|0 fnt
|faint|p2a: Urshifu
|
|upkeep
|
|t:|1665296927
|switch|p2a: Excadrill|Excadrill, F|100/100
|-damage|p2a: Excadrill|97/100|[from] Stealth Rock
|turn|18
|inactive|quixana has 90 seconds left.
|
|t:|1665296936
|switch|p1a: Urshifu|Urshifu-Rapid-Strike, F|100/100
|-damage|p1a: Urshifu|94/100|[from] Stealth Rock
|move|p2a: Excadrill|Earthquake|p1a: Urshifu
|-damage|p1a: Urshifu|39/100
|
|-heal|p2a: Excadrill|100/100|[from] item: Leftovers
|-fieldend|move: Psychic Terrain
|upkeep
|turn|19
|inactive|quixana has 90 seconds left.
|
|t:|1665296954
|switch|p2a: Tangrowth|Tangrowth, F, shiny|63/100
|-damage|p2a: Tangrowth|50/100|[from] Stealth Rock
|move|p1a: Urshifu|U-turn|p2a: Tangrowth
|-supereffective|p2a: Tangrowth
|-damage|p2a: Tangrowth|12/100
|-damage|p1a: Urshifu|22/100|[from] item: Rocky Helmet|[of] p2a: Tangrowth
|
|t:|1665296962
|switch|p1a: Dragapult|Dragapult, F|70/100|[from]move: U-turn
|-damage|p1a: Dragapult|58/100|[from] Stealth Rock
|
|upkeep
|turn|20
|inactive|quixana has 90 seconds left.
|inactive|quixana has 60 seconds left.
|
|t:|1665297017
|switch|p2a: Tyranitar|Tyranitar, F|62/100
|-damage|p2a: Tyranitar|49/100|[from] Stealth Rock
|-weather|Sandstorm|[from] ability: Sand Stream|[of] p2a: Tyranitar
|move|p1a: Dragapult|U-turn|p2a: Tyranitar
|-supereffective|p2a: Tyranitar
|-damage|p2a: Tyranitar|24/100
|
|t:|1665297032
|switch|p1a: Melmetal|Melmetal|49/100|[from]move: U-turn
|-damage|p1a: Melmetal|43/100|[from] Stealth Rock
|
|-weather|Sandstorm|[upkeep]
|-heal|p2a: Tyranitar|30/100|[from] item: Leftovers
|-heal|p1a: Melmetal|49/100|[from] item: Leftovers
|upkeep
|turn|21
|
|t:|1665297050
|switch|p2a: Tangrowth|Tangrowth, F, shiny|45/100
|-damage|p2a: Tangrowth|33/100|[from] Stealth Rock
|move|p1a: Melmetal|Double Iron Bash|p2a: Tangrowth
|-damage|p2a: Tangrowth|8/100
|-damage|p1a: Melmetal|32/100|[from] item: Rocky Helmet|[of] p2a: Tangrowth
|-damage|p2a: Tangrowth|0 fnt
|-damage|p1a: Melmetal|16/100|[from] item: Rocky Helmet|[of] p2a: Tangrowth
|faint|p2a: Tangrowth
|-hitcount|p2: Tangrowth|2
|
|-weather|Sandstorm|[upkeep]
|-heal|p1a: Melmetal|22/100|[from] item: Leftovers
|upkeep
|
|t:|1665297052
|switch|p2a: Excadrill|Excadrill, F|100/100
|-damage|p2a: Excadrill|97/100|[from] Stealth Rock
|turn|22
|
|t:|1665297056
|move|p1a: Melmetal|Protect|p1a: Melmetal
|-singleturn|p1a: Melmetal|Protect
|move|p2a: Excadrill|Earthquake|p1a: Melmetal
|-activate|p1a: Melmetal|move: Protect
|
|-weather|Sandstorm|[upkeep]
|-heal|p2a: Excadrill|100/100|[from] item: Leftovers
|-heal|p1a: Melmetal|28/100|[from] item: Leftovers
|upkeep
|turn|23
|
|t:|1665297059
|move|p1a: Melmetal|Protect|p1a: Melmetal
|-singleturn|p1a: Melmetal|Protect
|move|p2a: Excadrill|Earthquake|p1a: Melmetal
|-activate|p1a: Melmetal|move: Protect
|
|-weather|Sandstorm|[upkeep]
|-heal|p1a: Melmetal|34/100|[from] item: Leftovers
|upkeep
|turn|24
|
|t:|1665297064
|move|p1a: Melmetal|Protect||[still]
|-fail|p1a: Melmetal
|move|p2a: Excadrill|Earthquake|p1a: Melmetal
|-supereffective|p1a: Melmetal
|-damage|p1a: Melmetal|0 fnt
|faint|p1a: Melmetal
|
|-weather|none
|upkeep
|
|t:|1665297070
|switch|p1a: Urshifu|Urshifu-Rapid-Strike, F|22/100
|-damage|p1a: Urshifu|16/100|[from] Stealth Rock
|turn|25
|inactive|quixana has 90 seconds left.
|inactive|quixana has 60 seconds left.
|inactive|quixana has 30 seconds left.
|
|t:|1665297139
|switch|p2a: Tapu Lele|Tapu Lele|88/100
|-damage|p2a: Tapu Lele|76/100|[from] Stealth Rock
|-fieldstart|move: Psychic Terrain|[from] ability: Psychic Surge|[of] p2a: Tapu Lele
|move|p1a: Urshifu|Surging Strikes|p2a: Tapu Lele
|-crit|p2a: Tapu Lele
|-damage|p2a: Tapu Lele|29/100
|-crit|p2a: Tapu Lele
|-damage|p2a: Tapu Lele|0 fnt
|faint|p2a: Tapu Lele
|-hitcount|p2: Tapu Lele|2
|
|upkeep
|inactive|quixana has 30 seconds left.
|
|t:|1665297146
|switch|p2a: Tyranitar|Tyranitar, F|30/100
|-damage|p2a: Tyranitar|18/100|[from] Stealth Rock
|-weather|Sandstorm|[from] ability: Sand Stream|[of] p2a: Tyranitar
|turn|26
|
|t:|1665297154
|move|p1a: Urshifu|Surging Strikes|p2a: Tyranitar
|-supereffective|p2a: Tyranitar
|-crit|p2a: Tyranitar
|-damage|p2a: Tyranitar|0 fnt
|faint|p2a: Tyranitar
|-hitcount|p2: Tyranitar|1
|
|-weather|Sandstorm|[upkeep]
|-damage|p1a: Urshifu|10/100|[from] Sandstorm
|upkeep
|
|t:|1665297156
|switch|p2a: Excadrill|Excadrill, F|100/100
|-damage|p2a: Excadrill|97/100|[from] Stealth Rock
|turn|27
|
|t:|1665297165
|switch|p1a: Dragapult|Dragapult, F|58/100
|-damage|p1a: Dragapult|45/100|[from] Stealth Rock
|move|p2a: Excadrill|Earthquake|p1a: Dragapult
|-damage|p1a: Dragapult|0 fnt
|faint|p1a: Dragapult
|
|-weather|Sandstorm|[upkeep]
|-heal|p2a: Excadrill|100/100|[from] item: Leftovers
|upkeep
|
|t:|1665297170
|switch|p1a: Tapu Lele|Tapu Lele|88/100
|-damage|p1a: Tapu Lele|76/100|[from] Stealth Rock
|turn|28
|
|t:|1665297174
|move|p2a: Excadrill|Iron Head|p1a: Tapu Lele
|-supereffective|p1a: Tapu Lele
|-damage|p1a: Tapu Lele|0 fnt
|faint|p1a: Tapu Lele
|
|-weather|Sandstorm|[upkeep]
|upkeep
|c|☆quixana|Gg
|c|☆quixana|Kek
|
|t:|1665297185
|switch|p1a: Urshifu|Urshifu-Rapid-Strike, F|10/100
|-damage|p1a: Urshifu|4/100|[from] Stealth Rock
|turn|29
|c|☆Faker100|gg kkkkk
|
|t:|1665297190
|move|p1a: Urshifu|Aqua Jet|p2a: Excadrill
|-activate|p2a: Excadrill|move: Psychic Terrain
|move|p2a: Excadrill|Rapid Spin|p1a: Urshifu
|-damage|p1a: Urshifu|0 fnt
|-boost|p2a: Excadrill|spe|1
|-sideend|p2: quixana|Stealth Rock|[from] move: Rapid Spin|[of] p2a: Excadrill
|faint|p1a: Urshifu
|
|win|quixana
|raw|Faker100's rating: 1615 &rarr; <strong>1606</strong><br />(-9 for losing)
|raw|quixana's rating: 1838 &rarr; <strong>1847</strong><br />(+9 for winning)
|l|☆Faker100
