|j|☆Alu9204
|j|☆MORPYPLAY32
|t:|1657366834
|gametype|singles
|player|p1|Alu9204|burglar|1475
|player|p2|MORPYPLAY32|crasherwake|1527
|teamsize|p1|6
|teamsize|p2|6
|gen|8
|tier|[Gen 8] OU
|rated|
|rule|Sleep Clause Mod: Limit one foe put to sleep
|rule|Species Clause: Limit one of each Pokémon
|rule|OHKO Clause: OHKO moves are banned
|rule|Evasion Moves Clause: Evasion moves are banned
|rule|Endless Battle Clause: Forcing endless battles is banned
|rule|HP Percentage Mod: HP is shown in percentages
|rule|Dynamax Clause: You cannot dynamax
|clearpoke
|poke|p1|Landorus-Therian, M|
|poke|p1|Heatran, M|
|poke|p1|Dragonite, F|
|poke|p1|Clefable, M|
|poke|p1|Ferrothorn, M|
|poke|p1|Tapu Koko|
|poke|p2|Tapu Fini|
|poke|p2|Landorus-Therian, M|
|poke|p2|Weavile, M|
|poke|p2|Ferrothorn, F|
|poke|p2|Blissey, F|
|poke|p2|Blacephalon|
|teampreview
|inactive|Battle timer is ON: inactive players will automatically lose when time's up. (requested by MORPYPLAY32)
|
|t:|1657366844
|start
|switch|p1a: Ferrothorn|Ferrothorn, M|100/100
|switch|p2a: Pomme de Pin|Ferrothorn, F|100/100
|turn|1
|
|t:|1657366850
|move|p1a: Ferrothorn|Knock Off|p2a: Pomme de Pin
|-damage|p2a: Pomme de Pin|89/100
|-damage|p1a: Ferrothorn|88/100|[from] ability: Iron Barbs|[of] p2a: Pomme de Pin
|-enditem|p2a: Pomme de Pin|Leftovers|[from] move: Knock Off|[of] p1a: Ferrothorn
|move|p2a: Pomme de Pin|Stealth Rock|p1a: Ferrothorn
|-sidestart|p1: Alu9204|move: Stealth Rock
|
|upkeep
|turn|2
|
|t:|1657366863
|switch|p2a: DiscoDiscoDico|Blacephalon|100/100
|move|p1a: Ferrothorn|Spikes|p2a: DiscoDiscoDico
|-sidestart|p2: MORPYPLAY32|Spikes
|
|upkeep
|turn|3
|
|t:|1657366869
|switch|p1a: Landorus|Landorus-Therian, M|100/100
|-damage|p1a: Landorus|88/100|[from] Stealth Rock
|-ability|p1a: Landorus|Intimidate|boost
|-unboost|p2a: DiscoDiscoDico|atk|1
|move|p2a: DiscoDiscoDico|Shadow Ball|p1a: Landorus
|-damage|p1a: Landorus|32/100
|
|upkeep
|turn|4
|inactive|MORPYPLAY32 has 120 seconds left.
|
|t:|1657366914
|move|p2a: DiscoDiscoDico|Shadow Ball|p1a: Landorus
|-damage|p1a: Landorus|0 fnt
|faint|p1a: Landorus
|-ability|p2a: DiscoDiscoDico|Beast Boost|boost
|-boost|p2a: DiscoDiscoDico|spa|1
|
|upkeep
|
|t:|1657366928
|switch|p1a: Heatran|Heatran, M, shiny|100/100
|-damage|p1a: Heatran|88/100|[from] Stealth Rock
|-item|p1a: Heatran|Air Balloon
|turn|5
|inactive|MORPYPLAY32 has 120 seconds left.
|
|t:|1657366936
|switch|p2a: Finito|Tapu Fini|100/100
|-damage|p2a: Finito|88/100|[from] Spikes
|-fieldstart|move: Misty Terrain|[from] ability: Misty Surge|[of] p2a: Finito
|move|p1a: Heatran|Earth Power|p2a: Finito
|-damage|p2a: Finito|61/100
|
|-heal|p2a: Finito|67/100|[from] item: Leftovers
|upkeep
|turn|6
|inactive|MORPYPLAY32 has 120 seconds left.
|
|t:|1657366947
|move|p1a: Heatran|Stealth Rock|p2a: Finito
|-sidestart|p2: MORPYPLAY32|move: Stealth Rock
|move|p2a: Finito|Scald|p1a: Heatran
|-supereffective|p1a: Heatran
|-damage|p1a: Heatran|37/100
|-enditem|p1a: Heatran|Air Balloon
|
|-heal|p2a: Finito|73/100|[from] item: Leftovers
|upkeep
|turn|7
|
|t:|1657366956
|switch|p1a: Ferrothorn|Ferrothorn, M|88/100
|-damage|p1a: Ferrothorn|82/100|[from] Stealth Rock
|move|p2a: Finito|Scald|p1a: Ferrothorn
|-resisted|p1a: Ferrothorn
|-damage|p1a: Ferrothorn|71/100
|
|-heal|p2a: Finito|79/100|[from] item: Leftovers
|upkeep
|turn|8
|
|t:|1657366967
|move|p2a: Finito|Taunt|p1a: Ferrothorn
|-start|p1a: Ferrothorn|move: Taunt
|cant|p1a: Ferrothorn|move: Taunt|Leech Seed
|
|-heal|p2a: Finito|85/100|[from] item: Leftovers
|upkeep
|turn|9
|
|t:|1657366974
|move|p2a: Finito|Calm Mind|p2a: Finito
|-boost|p2a: Finito|spa|1
|-boost|p2a: Finito|spd|1
|move|p1a: Ferrothorn|Knock Off|p2a: Finito
|-resisted|p2a: Finito
|-damage|p2a: Finito|78/100
|-enditem|p2a: Finito|Leftovers|[from] move: Knock Off|[of] p1a: Ferrothorn
|
|-fieldend|Misty Terrain
|upkeep
|turn|10
|
|t:|1657366987
|switch|p1a: Dragonite|Dragonite, F|100/100
|move|p2a: Finito|Scald|p1a: Dragonite
|-resisted|p1a: Dragonite
|-damage|p1a: Dragonite|91/100
|-status|p1a: Dragonite|brn
|
|-damage|p1a: Dragonite|85/100 brn|[from] brn
|upkeep
|turn|11
|
|t:|1657366997
|move|p1a: Dragonite|Dragon Dance|p1a: Dragonite
|-boost|p1a: Dragonite|atk|1
|-boost|p1a: Dragonite|spe|1
|move|p2a: Finito|Draining Kiss|p1a: Dragonite
|-supereffective|p1a: Dragonite
|-damage|p1a: Dragonite|31/100 brn
|-heal|p2a: Finito|100/100|[from] drain|[of] p1a: Dragonite
|
|-damage|p1a: Dragonite|25/100 brn|[from] brn
|upkeep
|turn|12
|
|t:|1657367005
|move|p1a: Dragonite|Earthquake|p2a: Finito
|-damage|p2a: Finito|81/100
|move|p2a: Finito|Draining Kiss|p1a: Dragonite
|-supereffective|p1a: Dragonite
|-damage|p1a: Dragonite|0 fnt
|-heal|p2a: Finito|98/100|[from] drain|[of] p1a: Dragonite
|faint|p1a: Dragonite
|
|upkeep
|
|t:|1657367008
|switch|p1a: Tapu Koko|Tapu Koko|100/100
|-fieldstart|move: Electric Terrain|[from] ability: Electric Surge|[of] p1a: Tapu Koko
|turn|13
|
|t:|1657367015
|switch|p2a: Kit-Cat|Landorus-Therian, M|100/100
|-damage|p2a: Kit-Cat|88/100|[from] Stealth Rock
|-ability|p2a: Kit-Cat|Intimidate|boost
|-unboost|p1a: Tapu Koko|atk|1
|move|p1a: Tapu Koko|Calm Mind|p1a: Tapu Koko
|-boost|p1a: Tapu Koko|spa|1
|-boost|p1a: Tapu Koko|spd|1
|
|-heal|p2a: Kit-Cat|94/100|[from] item: Leftovers
|upkeep
|turn|14
|
|t:|1657367025
|switch|p1a: Ferrothorn|Ferrothorn, M|71/100
|-damage|p1a: Ferrothorn|64/100|[from] Stealth Rock
|move|p2a: Kit-Cat|Earthquake|p1a: Ferrothorn
|-damage|p1a: Ferrothorn|34/100
|
|-heal|p2a: Kit-Cat|99/100|[from] item: Leftovers
|upkeep
|turn|15
|
|t:|1657367033
|move|p2a: Kit-Cat|Earthquake|p1a: Ferrothorn
|-damage|p1a: Ferrothorn|8/100
|move|p1a: Ferrothorn|Leech Seed|p2a: Kit-Cat
|-start|p2a: Kit-Cat|move: Leech Seed
|
|-heal|p2a: Kit-Cat|100/100|[from] item: Leftovers
|-damage|p2a: Kit-Cat|88/100|[from] Leech Seed|[of] p1a: Ferrothorn
|-heal|p1a: Ferrothorn|21/100|[silent]
|upkeep
|turn|16
|
|t:|1657367041
|move|p2a: Kit-Cat|Earthquake|p1a: Ferrothorn
|-damage|p1a: Ferrothorn|0 fnt
|faint|p1a: Ferrothorn
|
|-heal|p2a: Kit-Cat|94/100|[from] item: Leftovers
|upkeep
|
|t:|1657367044
|switch|p1a: Clefable|Clefable, M, shiny|100/100
|turn|17
|
|t:|1657367049
|switch|p2a: Finito|Tapu Fini|98/100
|-damage|p2a: Finito|86/100|[from] Spikes
|-damage|p2a: Finito|73/100|[from] Stealth Rock
|-fieldstart|move: Misty Terrain|[from] ability: Misty Surge|[of] p2a: Finito
|move|p1a: Clefable|Trick|p2a: Finito
|-activate|p1a: Clefable|move: Trick|[of] p2a: Finito
|-item|p2a: Finito|Sticky Barb|[from] move: Trick
|-enditem|p1a: Clefable|Sticky Barb|[silent]|[from] move: Trick
|
|-damage|p2a: Finito|61/100|[from] item: Sticky Barb
|upkeep
|turn|18
|
|t:|1657367063
|switch|p2a: Pomme de Pin|Ferrothorn, F|89/100
|-damage|p2a: Pomme de Pin|76/100|[from] Spikes
|-damage|p2a: Pomme de Pin|70/100|[from] Stealth Rock
|move|p1a: Clefable|Moonblast|p2a: Pomme de Pin
|-resisted|p2a: Pomme de Pin
|-crit|p2a: Pomme de Pin
|-damage|p2a: Pomme de Pin|50/100
|-unboost|p2a: Pomme de Pin|spa|1
|
|upkeep
|turn|19
|
|t:|1657367073
|switch|p1a: Heatran|Heatran, M, shiny|37/100
|-damage|p1a: Heatran|25/100|[from] Stealth Rock
|move|p2a: Pomme de Pin|Leech Seed|p1a: Heatran|[miss]
|-miss|p2a: Pomme de Pin|p1a: Heatran
|
|upkeep
|turn|20
|
|t:|1657367081
|switch|p2a: Hey Bro|Blissey, F|100/100
|move|p1a: Heatran|Magma Storm|p2a: Hey Bro
|-damage|p2a: Hey Bro|81/100
|-activate|p2a: Hey Bro|move: Magma Storm|[of] p1a: Heatran
|
|-damage|p2a: Hey Bro|68/100|[from] move: Magma Storm|[partiallytrapped]
|upkeep
|turn|21
|
|t:|1657367088
|move|p1a: Heatran|Taunt|p2a: Hey Bro
|-start|p2a: Hey Bro|move: Taunt
|move|p2a: Hey Bro|Seismic Toss|p1a: Heatran
|-damage|p1a: Heatran|0 fnt
|faint|p1a: Heatran
|
|-end|p2a: Hey Bro|Magma Storm|[partiallytrapped]|[silent]
|-fieldend|Misty Terrain
|upkeep
|
|t:|1657367094
|switch|p1a: Clefable|Clefable, M, shiny|100/100
|turn|22
|
|t:|1657367098
|move|p1a: Clefable|Thunder Wave|p2a: Hey Bro
|-status|p2a: Hey Bro|par
|move|p2a: Hey Bro|Seismic Toss|p1a: Clefable
|-damage|p1a: Clefable|75/100
|
|upkeep
|turn|23
|
|t:|1657367108
|move|p1a: Clefable|Trick|p2a: Hey Bro
|-activate|p1a: Clefable|move: Trick|[of] p2a: Hey Bro
|-enditem|p2a: Hey Bro|Heavy-Duty Boots|[silent]|[from] move: Trick
|-item|p1a: Clefable|Heavy-Duty Boots|[from] move: Trick
|move|p2a: Hey Bro|Seismic Toss|p1a: Clefable
|-damage|p1a: Clefable|50/100
|
|-end|p2a: Hey Bro|move: Taunt
|upkeep
|turn|24
|
|t:|1657367116
|move|p1a: Clefable|Soft-Boiled|p1a: Clefable
|-heal|p1a: Clefable|99/100
|move|p2a: Hey Bro|Teleport|p2a: Hey Bro
|
|t:|1657367135
|-curestatus|p2a: Hey Bro|par|[from] ability: Natural Cure
|switch|p2a: Pomme de Pin|Ferrothorn, F|50/100|[from]move: Teleport
|-damage|p2a: Pomme de Pin|37/100|[from] Spikes
|-damage|p2a: Pomme de Pin|31/100|[from] Stealth Rock
|
|upkeep
|turn|25
|
|t:|1657367143
|move|p1a: Clefable|Thunder Wave|p2a: Pomme de Pin
|-status|p2a: Pomme de Pin|par
|move|p2a: Pomme de Pin|Gyro Ball|p1a: Clefable
|-supereffective|p1a: Clefable
|-damage|p1a: Clefable|8/100
|
|upkeep
|turn|26
|
|t:|1657367151
|move|p1a: Clefable|Soft-Boiled|p1a: Clefable
|-heal|p1a: Clefable|58/100
|cant|p2a: Pomme de Pin|par
|
|upkeep
|turn|27
|
|t:|1657367157
|move|p1a: Clefable|Moonblast|p2a: Pomme de Pin
|-resisted|p2a: Pomme de Pin
|-damage|p2a: Pomme de Pin|18/100 par
|-unboost|p2a: Pomme de Pin|spa|1
|move|p2a: Pomme de Pin|Gyro Ball|p1a: Clefable
|-supereffective|p1a: Clefable
|-damage|p1a: Clefable|0 fnt
|faint|p1a: Clefable
|
|upkeep
|
|t:|1657367165
|switch|p1a: Tapu Koko|Tapu Koko|100/100
|-fieldstart|move: Electric Terrain|[from] ability: Electric Surge|[of] p1a: Tapu Koko
|turn|28
|
|t:|1657367171
|switch|p2a: Kit-Cat|Landorus-Therian, M|94/100
|-damage|p2a: Kit-Cat|82/100|[from] Stealth Rock
|-ability|p2a: Kit-Cat|Intimidate|boost
|-unboost|p1a: Tapu Koko|atk|1
|move|p1a: Tapu Koko|Calm Mind|p1a: Tapu Koko
|-boost|p1a: Tapu Koko|spa|1
|-boost|p1a: Tapu Koko|spd|1
|
|-heal|p2a: Kit-Cat|88/100|[from] item: Leftovers
|upkeep
|turn|29
|
|t:|1657367181
|move|p1a: Tapu Koko|Dazzling Gleam|p2a: Kit-Cat
|-damage|p2a: Kit-Cat|30/100
|move|p2a: Kit-Cat|Earthquake|p1a: Tapu Koko
|-supereffective|p1a: Tapu Koko
|-damage|p1a: Tapu Koko|0 fnt
|faint|p1a: Tapu Koko
|
|win|MORPYPLAY32
|raw|Alu9204's rating: 1475 &rarr; <strong>1458</strong><br />(-17 for losing)
|raw|MORPYPLAY32's rating: 1527 &rarr; <strong>1544</strong><br />(+17 for winning)
