|j|☆ZAINE SASSON
|j|☆2(H2O)
|t:|1656827955
|gametype|singles
|player|p1|ZAINE SASSON|n|1694
|player|p2|2(H2O)|chase|1729
|teamsize|p1|6
|teamsize|p2|6
|gen|8
|tier|[Gen 8] OU
|rated|
|rule|Sleep Clause Mod: Limit one foe put to sleep
|rule|Species Clause: Limit one of each Pokémon
|rule|OHKO Clause: OHKO moves are banned
|rule|Evasion Moves Clause: Evasion moves are banned
|rule|Endless Battle Clause: Forcing endless battles is banned
|rule|HP Percentage Mod: HP is shown in percentages
|rule|Dynamax Clause: You cannot dynamax
|clearpoke
|poke|p1|Tyranitar, F|
|poke|p1|Clefable, M|
|poke|p1|Excadrill, F|
|poke|p1|Tangrowth, F|
|poke|p1|Slowking-Galar, M|
|poke|p1|Rotom-Wash|
|poke|p2|Landorus-Therian, M|
|poke|p2|Tapu Koko|
|poke|p2|Decidueye, M|
|poke|p2|Slowbro, M|
|poke|p2|Corviknight, M|
|poke|p2|Tyranitar, M|
|teampreview
|inactive|Battle timer is ON: inactive players will automatically lose when time's up. (requested by ZAINE SASSON)
|
|t:|1656827971
|start
|switch|p1a: Clefable|Clefable, M|100/100
|switch|p2a: Landorus|Landorus-Therian, M|100/100
|-ability|p2a: Landorus|Intimidate|boost
|-unboost|p1a: Clefable|atk|1
|turn|1
|
|t:|1656827977
|move|p2a: Landorus|Earthquake|p1a: Clefable
|-damage|p1a: Clefable|63/100
|move|p1a: Clefable|Stealth Rock|p2a: Landorus
|-sidestart|p2: 2(H2O)|move: Stealth Rock
|
|upkeep
|turn|2
|
|t:|1656827981
|move|p2a: Landorus|Stealth Rock|p1a: Clefable
|-sidestart|p1: ZAINE SASSON|move: Stealth Rock
|move|p1a: Clefable|Soft-Boiled|p1a: Clefable
|-heal|p1a: Clefable|100/100
|
|upkeep
|turn|3
|
|t:|1656827984
|move|p2a: Landorus|Earthquake|p1a: Clefable
|-damage|p1a: Clefable|62/100
|move|p1a: Clefable|Moonblast|p2a: Landorus
|-damage|p2a: Landorus|79/100
|-unboost|p2a: Landorus|spa|1
|
|-heal|p2a: Landorus|85/100|[from] item: Leftovers
|upkeep
|turn|4
|
|t:|1656827989
|move|p2a: Landorus|U-turn|p1a: Clefable
|-resisted|p1a: Clefable
|-damage|p1a: Clefable|53/100
|-damage|p2a: Landorus|69/100|[from] item: Rocky Helmet|[of] p1a: Clefable
|
|t:|1656827994
|switch|p2a: Decidueye|Decidueye, M|100/100|[from]move: U-turn
|-damage|p2a: Decidueye|88/100|[from] Stealth Rock
|move|p1a: Clefable|Soft-Boiled|p1a: Clefable
|-heal|p1a: Clefable|100/100
|
|upkeep
|turn|5
|
|t:|1656828003
|switch|p1a: Tangrowth|Tangrowth, F|100/100
|-damage|p1a: Tangrowth|88/100|[from] Stealth Rock
|move|p2a: Decidueye|Poltergeist|p1a: Tangrowth
|-activate|p1a: Tangrowth|move: Poltergeist|Rocky Helmet
|-damage|p1a: Tangrowth|43/100
|
|upkeep
|turn|6
|
|t:|1656828013
|switch|p1a: Tyranitar|Tyranitar, F|100/100
|-damage|p1a: Tyranitar|88/100|[from] Stealth Rock
|-weather|Sandstorm|[from] ability: Sand Stream|[of] p1a: Tyranitar
|move|p2a: Decidueye|Poltergeist|p1a: Tyranitar
|-activate|p1a: Tyranitar|move: Poltergeist|Choice Band
|-resisted|p1a: Tyranitar
|-damage|p1a: Tyranitar|47/100
|
|-weather|Sandstorm|[upkeep]
|-damage|p2a: Decidueye|82/100|[from] Sandstorm
|upkeep
|turn|7
|
|t:|1656828026
|switch|p2a: Corviknight|Corviknight, M|100/100
|-ability|p2a: Corviknight|Pressure
|move|p1a: Tyranitar|Stone Edge|p2a: Corviknight|[miss]
|-miss|p1a: Tyranitar|p2a: Corviknight
|
|-weather|Sandstorm|[upkeep]
|upkeep
|turn|8
|
|t:|1656828031
|switch|p1a: Slowking|Slowking-Galar, M|100/100
|-damage|p1a: Slowking|88/100|[from] Stealth Rock
|move|p2a: Corviknight|U-turn|p1a: Slowking
|-damage|p1a: Slowking|77/100
|
|t:|1656828036
|switch|p2a: Tyranitar|Tyranitar, M|100/100|[from]move: U-turn
|-damage|p2a: Tyranitar|88/100|[from] Stealth Rock
|
|-weather|Sandstorm|[upkeep]
|-damage|p1a: Slowking|71/100|[from] Sandstorm
|-heal|p1a: Slowking|77/100|[from] item: Black Sludge
|upkeep
|turn|9
|
|t:|1656828043
|switch|p1a: Tangrowth|Tangrowth, F|77/100
|-damage|p1a: Tangrowth|64/100|[from] Stealth Rock
|move|p2a: Tyranitar|Stone Edge|p1a: Tangrowth|[miss]
|-miss|p2a: Tyranitar|p1a: Tangrowth
|
|-weather|Sandstorm|[upkeep]
|-damage|p1a: Tangrowth|58/100|[from] Sandstorm
|upkeep
|turn|10
|
|t:|1656828049
|move|p2a: Tyranitar|Stone Edge|p1a: Tangrowth
|-crit|p1a: Tangrowth
|-damage|p1a: Tangrowth|0 fnt
|faint|p1a: Tangrowth
|
|-weather|none
|upkeep
|
|t:|1656828052
|switch|p1a: Excadrill|Excadrill, F|100/100
|-damage|p1a: Excadrill|97/100|[from] Stealth Rock
|turn|11
|
|t:|1656828058
|switch|p1a: Slowking|Slowking-Galar, M|100/100
|-damage|p1a: Slowking|88/100|[from] Stealth Rock
|switch|p2a: Corviknight|Corviknight, M|100/100
|-ability|p2a: Corviknight|Pressure
|
|-heal|p1a: Slowking|94/100|[from] item: Black Sludge
|upkeep
|turn|12
|
|t:|1656828060
|move|p2a: Corviknight|U-turn|p1a: Slowking
|-damage|p1a: Slowking|84/100
|
|t:|1656828062
|switch|p2a: Slowbro|Slowbro, M|100/100|[from]move: U-turn
|move|p1a: Slowking|Trick|p2a: Slowbro
|-activate|p1a: Slowking|move: Trick|[of] p2a: Slowbro
|-item|p2a: Slowbro|Black Sludge|[from] move: Trick
|-item|p1a: Slowking|Heavy-Duty Boots|[from] move: Trick
|
|-damage|p2a: Slowbro|88/100|[from] item: Black Sludge
|upkeep
|turn|13
|
|t:|1656828068
|move|p1a: Slowking|Nasty Plot|p1a: Slowking
|-boost|p1a: Slowking|spa|2
|move|p2a: Slowbro|Teleport|p2a: Slowbro
|
|t:|1656828072
|switch|p2a: Tyranitar|Tyranitar, M|88/100|[from]move: Teleport
|-damage|p2a: Tyranitar|76/100|[from] Stealth Rock
|-weather|Sandstorm|[from] ability: Sand Stream|[of] p2a: Tyranitar
|
|-weather|Sandstorm|[upkeep]
|-damage|p1a: Slowking|78/100|[from] Sandstorm
|upkeep
|turn|14
|
|t:|1656828075
|switch|p1a: Clefable|Clefable, M|100/100
|move|p2a: Tyranitar|Crunch|p1a: Clefable
|-resisted|p1a: Clefable
|-damage|p1a: Clefable|75/100
|-damage|p2a: Tyranitar|59/100|[from] item: Rocky Helmet|[of] p1a: Clefable
|
|-weather|Sandstorm|[upkeep]
|upkeep
|turn|15
|
|t:|1656828080
|switch|p2a: Corviknight|Corviknight, M|100/100
|-ability|p2a: Corviknight|Pressure
|move|p1a: Clefable|Flamethrower|p2a: Corviknight
|-supereffective|p2a: Corviknight
|-damage|p2a: Corviknight|65/100
|
|-weather|Sandstorm|[upkeep]
|upkeep
|turn|16
|
|t:|1656828086
|switch|p2a: Landorus|Landorus-Therian, M|69/100
|-damage|p2a: Landorus|56/100|[from] Stealth Rock
|-ability|p2a: Landorus|Intimidate|boost
|-unboost|p1a: Clefable|atk|1
|move|p1a: Clefable|Flamethrower|p2a: Landorus
|-damage|p2a: Landorus|42/100
|
|-weather|Sandstorm|[upkeep]
|-heal|p2a: Landorus|48/100|[from] item: Leftovers
|upkeep
|turn|17
|
|t:|1656828097
|move|p2a: Landorus|Earthquake|p1a: Clefable
|-damage|p1a: Clefable|39/100
|move|p1a: Clefable|Soft-Boiled|p1a: Clefable
|-heal|p1a: Clefable|89/100
|
|-weather|none
|-heal|p2a: Landorus|54/100|[from] item: Leftovers
|upkeep
|turn|18
|
|t:|1656828101
|move|p2a: Landorus|Earthquake|p1a: Clefable
|-damage|p1a: Clefable|56/100
|move|p1a: Clefable|Moonblast|p2a: Landorus
|-damage|p2a: Landorus|31/100
|
|-heal|p2a: Landorus|37/100|[from] item: Leftovers
|upkeep
|turn|19
|
|t:|1656828106
|move|p2a: Landorus|Earthquake|p1a: Clefable
|-damage|p1a: Clefable|18/100
|move|p1a: Clefable|Soft-Boiled|p1a: Clefable
|-heal|p1a: Clefable|68/100
|
|-heal|p2a: Landorus|43/100|[from] item: Leftovers
|upkeep
|turn|20
|
|t:|1656828109
|move|p2a: Landorus|Earthquake|p1a: Clefable
|-damage|p1a: Clefable|35/100
|move|p1a: Clefable|Soft-Boiled|p1a: Clefable
|-heal|p1a: Clefable|85/100
|
|-heal|p2a: Landorus|49/100|[from] item: Leftovers
|upkeep
|turn|21
|
|t:|1656828114
|move|p2a: Landorus|Earthquake|p1a: Clefable
|-damage|p1a: Clefable|46/100
|move|p1a: Clefable|Moonblast|p2a: Landorus
|-damage|p2a: Landorus|25/100
|
|-heal|p2a: Landorus|31/100|[from] item: Leftovers
|upkeep
|turn|22
|
|t:|1656828119
|move|p2a: Landorus|Earthquake|p1a: Clefable
|-damage|p1a: Clefable|7/100
|move|p1a: Clefable|Soft-Boiled|p1a: Clefable
|-heal|p1a: Clefable|57/100
|
|-heal|p2a: Landorus|37/100|[from] item: Leftovers
|upkeep
|turn|23
|
|t:|1656828122
|move|p2a: Landorus|Earthquake|p1a: Clefable
|-damage|p1a: Clefable|20/100
|move|p1a: Clefable|Soft-Boiled|p1a: Clefable
|-heal|p1a: Clefable|70/100
|
|-heal|p2a: Landorus|43/100|[from] item: Leftovers
|upkeep
|turn|24
|
|t:|1656828125
|switch|p1a: Rotom|Rotom-Wash|100/100
|-damage|p1a: Rotom|88/100|[from] Stealth Rock
|move|p2a: Landorus|U-turn|p1a: Rotom
|-damage|p1a: Rotom|65/100
|
|t:|1656828129
|switch|p2a: Decidueye|Decidueye, M|82/100|[from]move: U-turn
|-damage|p2a: Decidueye|70/100|[from] Stealth Rock
|
|-heal|p1a: Rotom|71/100|[from] item: Leftovers
|upkeep
|turn|25
|
|t:|1656828148
|switch|p1a: Slowking|Slowking-Galar, M|100/100
|move|p2a: Decidueye|Poltergeist|p1a: Slowking|[miss]
|-miss|p2a: Decidueye|p1a: Slowking
|
|upkeep
|turn|26
|
|t:|1656828159
|switch|p1a: Tyranitar|Tyranitar, F|47/100
|-damage|p1a: Tyranitar|35/100|[from] Stealth Rock
|-weather|Sandstorm|[from] ability: Sand Stream|[of] p1a: Tyranitar
|move|p2a: Decidueye|Poltergeist|p1a: Tyranitar
|-activate|p1a: Tyranitar|move: Poltergeist|Choice Band
|-resisted|p1a: Tyranitar
|-damage|p1a: Tyranitar|0 fnt
|faint|p1a: Tyranitar
|
|-weather|Sandstorm|[upkeep]
|-damage|p2a: Decidueye|64/100|[from] Sandstorm
|upkeep
|
|t:|1656828161
|switch|p1a: Excadrill|Excadrill, F|97/100
|-damage|p1a: Excadrill|94/100|[from] Stealth Rock
|turn|27
|
|t:|1656828164
|switch|p2a: Slowbro|Slowbro, M|100/100
|-damage|p2a: Slowbro|88/100|[from] Stealth Rock
|move|p1a: Excadrill|Swords Dance|p1a: Excadrill
|-boost|p1a: Excadrill|atk|2
|
|-weather|Sandstorm|[upkeep]
|-damage|p2a: Slowbro|82/100|[from] Sandstorm
|-heal|p1a: Excadrill|100/100|[from] item: Leftovers
|-damage|p2a: Slowbro|70/100|[from] item: Black Sludge
|upkeep
|turn|28
|
|t:|1656828169
|move|p1a: Excadrill|Earthquake|p2a: Slowbro
|-damage|p2a: Slowbro|0 fnt
|faint|p2a: Slowbro
|
|-weather|Sandstorm|[upkeep]
|upkeep
|
|t:|1656828172
|switch|p2a: Landorus|Landorus-Therian, M|43/100
|-damage|p2a: Landorus|31/100|[from] Stealth Rock
|-ability|p2a: Landorus|Intimidate|boost
|-unboost|p1a: Excadrill|atk|1
|turn|29
|
|t:|1656828176
|switch|p2a: Corviknight|Corviknight, M|65/100
|-ability|p2a: Corviknight|Pressure
|move|p1a: Excadrill|Iron Head|p2a: Corviknight
|-resisted|p2a: Corviknight
|-damage|p2a: Corviknight|44/100
|
|-weather|Sandstorm|[upkeep]
|upkeep
|turn|30
|
|t:|1656828183
|move|p1a: Excadrill|Iron Head|p2a: Corviknight
|-resisted|p2a: Corviknight
|-damage|p2a: Corviknight|20/100
|move|p2a: Corviknight|Roost|p2a: Corviknight
|-heal|p2a: Corviknight|70/100
|-singleturn|p2a: Corviknight|move: Roost
|
|-weather|none
|upkeep
|turn|31
|
|t:|1656828186
|move|p1a: Excadrill|Rapid Spin|p2a: Corviknight
|-resisted|p2a: Corviknight
|-damage|p2a: Corviknight|60/100
|-boost|p1a: Excadrill|spe|1
|-sideend|p1: ZAINE SASSON|Stealth Rock|[from] move: Rapid Spin|[of] p1a: Excadrill
|move|p2a: Corviknight|Brave Bird|p1a: Excadrill
|-resisted|p1a: Excadrill
|-damage|p1a: Excadrill|76/100
|-damage|p2a: Corviknight|52/100|[from] Recoil
|
|-heal|p1a: Excadrill|82/100|[from] item: Leftovers
|upkeep
|turn|32
|
|t:|1656828188
|move|p1a: Excadrill|Swords Dance|p1a: Excadrill
|-boost|p1a: Excadrill|atk|2
|move|p2a: Corviknight|Roost|p2a: Corviknight
|-heal|p2a: Corviknight|100/100
|-singleturn|p2a: Corviknight|move: Roost
|
|-heal|p1a: Excadrill|88/100|[from] item: Leftovers
|upkeep
|turn|33
|
|t:|1656828195
|move|p1a: Excadrill|Swords Dance|p1a: Excadrill
|-boost|p1a: Excadrill|atk|2
|move|p2a: Corviknight|Brave Bird|p1a: Excadrill
|-resisted|p1a: Excadrill
|-damage|p1a: Excadrill|62/100
|-damage|p2a: Corviknight|93/100|[from] Recoil
|
|-heal|p1a: Excadrill|68/100|[from] item: Leftovers
|upkeep
|turn|34
|
|t:|1656828198
|move|p1a: Excadrill|Iron Head|p2a: Corviknight
|-resisted|p2a: Corviknight
|-damage|p2a: Corviknight|45/100
|move|p2a: Corviknight|Brave Bird|p1a: Excadrill
|-resisted|p1a: Excadrill
|-damage|p1a: Excadrill|41/100
|-damage|p2a: Corviknight|37/100|[from] Recoil
|
|-heal|p1a: Excadrill|47/100|[from] item: Leftovers
|upkeep
|turn|35
|
|t:|1656828204
|move|p1a: Excadrill|Iron Head|p2a: Corviknight
|-resisted|p2a: Corviknight
|-damage|p2a: Corviknight|0 fnt
|faint|p2a: Corviknight
|
|-heal|p1a: Excadrill|53/100|[from] item: Leftovers
|upkeep
|
|t:|1656828208
|switch|p2a: Decidueye|Decidueye, M|64/100
|-damage|p2a: Decidueye|51/100|[from] Stealth Rock
|turn|36
|
|t:|1656828210
|move|p2a: Decidueye|Shadow Sneak|p1a: Excadrill
|-damage|p1a: Excadrill|7/100
|move|p1a: Excadrill|Iron Head|p2a: Decidueye
|-damage|p2a: Decidueye|0 fnt
|faint|p2a: Decidueye
|
|-heal|p1a: Excadrill|14/100|[from] item: Leftovers
|upkeep
|
|t:|1656828214
|switch|p2a: Landorus|Landorus-Therian, M|31/100
|-damage|p2a: Landorus|18/100|[from] Stealth Rock
|-ability|p2a: Landorus|Intimidate|boost
|-unboost|p1a: Excadrill|atk|1
|turn|37
|
|t:|1656828217
|move|p1a: Excadrill|Iron Head|p2a: Landorus
|-damage|p2a: Landorus|0 fnt
|faint|p2a: Landorus
|
|-heal|p1a: Excadrill|20/100|[from] item: Leftovers
|upkeep
|-message|2(H2O) forfeited.
|
|win|ZAINE SASSON
|raw|ZAINE SASSON's rating: 1694 &rarr; <strong>1716</strong><br />(+22 for winning)
|raw|2(H2O)'s rating: 1729 &rarr; <strong>1707</strong><br />(-22 for losing)
