|raw|<div class="broadcast-blue"><strong>This battle is required to be public due to a player having a name starting with 'lt83aq'.</div>
|j|☆LT83AQ rrm
|j|☆BestixL
|t:|1626656408
|gametype|singles
|player|p1|LT83AQ rrm|lady|1868
|player|p2|BestixL|flannery|1803
|teamsize|p1|6
|teamsize|p2|6
|gen|8
|tier|[Gen 8] OU
|rated|
|rule|Sleep Clause Mod: Limit one foe put to sleep
|rule|Species Clause: Limit one of each Pokémon
|rule|OHKO Clause: OHKO moves are banned
|rule|Evasion Moves Clause: Evasion moves are banned
|rule|Endless Battle Clause: Forcing endless battles is banned
|rule|HP Percentage Mod: HP is shown in percentages
|rule|Dynamax Clause: You cannot dynamax
|clearpoke
|poke|p1|Tapu Lele|
|poke|p1|Blissey, F|
|poke|p1|Urshifu-*, M|
|poke|p1|Landorus-Therian, M|
|poke|p1|Heatran, M|
|poke|p1|Slowbro, F|
|poke|p2|Clefable, F|
|poke|p2|Scizor, F|
|poke|p2|Magnezone|
|poke|p2|Tornadus-Therian, M|
|poke|p2|Landorus-Therian, M|
|poke|p2|Toxapex, M|
|teampreview
|inactive|Battle timer is ON: inactive players will automatically lose when time's up. (requested by BestixL)
|j| Skyvision
|j| LT83AQ RGN8
|
|t:|1626656421
|start
|switch|p1a: Urshifu|Urshifu-Rapid-Strike, M|100/100
|switch|p2a: Itsuki|Clefable, F|100/100
|turn|1
|
|t:|1626656423
|move|p1a: Urshifu|U-turn|p2a: Itsuki
|-resisted|p2a: Itsuki
|-damage|p2a: Itsuki|90/100
|j| Anyelz
|j| JK Mash
|
|t:|1626656426
|switch|p1a: Slowbro|Slowbro, F|100/100|[from]move: U-turn
|move|p2a: Itsuki|Stealth Rock|p1a: Slowbro
|-sidestart|p1: LT83AQ rrm|move: Stealth Rock
|
|-heal|p2a: Itsuki|96/100|[from] item: Leftovers
|upkeep
|turn|2
|
|t:|1626656433
|move|p2a: Itsuki|Moonblast|p1a: Slowbro
|-damage|p1a: Slowbro|69/100
|move|p1a: Slowbro|Future Sight|p2a: Itsuki
|-start|p1a: Slowbro|move: Future Sight
|
|-heal|p2a: Itsuki|100/100|[from] item: Leftovers
|upkeep
|turn|3
|j| DefNotNinjack
|
|t:|1626656446
|switch|p2a: Yotsuba|Scizor, F|100/100
|move|p1a: Slowbro|Teleport|p1a: Slowbro
|
|t:|1626656450
|switch|p1a: Heatran|Heatran, M|100/100|[from]move: Teleport
|-damage|p1a: Heatran|88/100|[from] Stealth Rock
|
|-heal|p1a: Heatran|94/100|[from] item: Leftovers
|upkeep
|turn|4
|
|t:|1626656455
|switch|p2a: 2 soon|Landorus-Therian, M|100/100
|-ability|p2a: 2 soon|Intimidate|boost
|-unboost|p1a: Heatran|atk|1
|move|p1a: Heatran|Magma Storm|p2a: 2 soon|[miss]
|-miss|p1a: Heatran|p2a: 2 soon
|
|-end|p2a: 2 soon|move: Future Sight
|-damage|p2a: 2 soon|44/100
|-heal|p2a: 2 soon|51/100|[from] item: Leftovers
|-heal|p1a: Heatran|100/100|[from] item: Leftovers
|upkeep
|turn|5
|
|t:|1626656464
|switch|p1a: Slowbro|Slowbro, F|100/100
|-damage|p1a: Slowbro|88/100|[from] Stealth Rock
|move|p2a: 2 soon|Toxic|p1a: Slowbro
|-status|p1a: Slowbro|tox
|
|-heal|p2a: 2 soon|57/100|[from] item: Leftovers
|-damage|p1a: Slowbro|82/100 tox|[from] psn
|upkeep
|turn|6
|j| LT83AQ spooky
|
|t:|1626656470
|switch|p2a: Yotsuba|Scizor, F|100/100
|move|p1a: Slowbro|Future Sight|p2a: Yotsuba
|-start|p1a: Slowbro|move: Future Sight
|
|-damage|p1a: Slowbro|70/100 tox|[from] psn
|upkeep
|turn|7
|
|t:|1626656473
|move|p2a: Yotsuba|U-turn|p1a: Slowbro
|-supereffective|p1a: Slowbro
|-damage|p1a: Slowbro|36/100 tox
|-damage|p2a: Yotsuba|84/100|[from] item: Rocky Helmet|[of] p1a: Slowbro
|
|t:|1626656482
|switch|p2a: WA-R-R|Tornadus-Therian, M|100/100|[from]move: U-turn
|move|p1a: Slowbro|Teleport|p1a: Slowbro
|
|t:|1626656485
|switch|p1a: Heatran|Heatran, M|100/100|[from]move: Teleport
|-damage|p1a: Heatran|88/100|[from] Stealth Rock
|
|-heal|p1a: Heatran|94/100|[from] item: Leftovers
|upkeep
|turn|8
|j| dedxfcgvhbj
|
|t:|1626656488
|switch|p2a: 2 soon|Landorus-Therian, M|57/100
|-ability|p2a: 2 soon|Intimidate|boost
|-unboost|p1a: Heatran|atk|1
|move|p1a: Heatran|Magma Storm|p2a: 2 soon
|-damage|p2a: 2 soon|4/100
|-activate|p2a: 2 soon|move: Magma Storm|[of] p1a: Heatran
|
|-end|p2a: 2 soon|move: Future Sight
|-damage|p2a: 2 soon|0 fnt
|faint|p2a: 2 soon
|-heal|p1a: Heatran|100/100|[from] item: Leftovers
|upkeep
|
|t:|1626656490
|switch|p2a: the reaper|Magnezone|100/100
|turn|9
|
|t:|1626656493
|move|p1a: Heatran|Earth Power|p2a: the reaper
|-supereffective|p2a: the reaper
|-damage|p2a: the reaper|42/100
|move|p2a: the reaper|Mirror Coat|p1a: Heatran
|-damage|p1a: Heatran|13/100
|
|-heal|p1a: Heatran|20/100|[from] item: Leftovers
|upkeep
|turn|10
|j| skagrkzkdhf
|j| SABERHERO
|
|t:|1626656507
|switch|p2a: WA-R-R|Tornadus-Therian, M|100/100
|move|p1a: Heatran|Earth Power|p2a: WA-R-R
|-immune|p2a: WA-R-R
|
|-heal|p1a: Heatran|26/100|[from] item: Leftovers
|upkeep
|turn|11
|
|t:|1626656512
|switch|p1a: Blissey|Blissey, F|100/100
|move|p2a: WA-R-R|Knock Off|p1a: Blissey
|-damage|p1a: Blissey|82/100
|-enditem|p1a: Blissey|Heavy-Duty Boots|[from] move: Knock Off|[of] p2a: WA-R-R
|
|upkeep
|turn|12
|j| Lightchanseyy
|
|t:|1626656518
|switch|p2a: Yotsuba|Scizor, F|84/100
|move|p1a: Blissey|Teleport|p1a: Blissey
|l| Lightchanseyy
|j| IcyMcSpicy3rd
|j| My Inhibitions
|
|t:|1626656522
|switch|p1a: Heatran|Heatran, M|26/100|[from]move: Teleport
|-damage|p1a: Heatran|13/100|[from] Stealth Rock
|
|-heal|p1a: Heatran|20/100|[from] item: Leftovers
|upkeep
|turn|13
|
|t:|1626656525
|switch|p2a: WA-R-R|Tornadus-Therian, M|100/100
|move|p1a: Heatran|Magma Storm|p2a: WA-R-R
|-damage|p2a: WA-R-R|60/100
|-activate|p2a: WA-R-R|move: Magma Storm|[of] p1a: Heatran
|
|-heal|p1a: Heatran|26/100|[from] item: Leftovers
|-damage|p2a: WA-R-R|47/100|[from] move: Magma Storm|[partiallytrapped]
|upkeep
|turn|14
|
|t:|1626656530
|switch|p1a: Blissey|Blissey, F|82/100
|-damage|p1a: Blissey|70/100|[from] Stealth Rock
|move|p2a: WA-R-R|Knock Off|p1a: Blissey
|-damage|p1a: Blissey|58/100
|
|-end|p2a: WA-R-R|Magma Storm|[partiallytrapped]|[silent]
|upkeep
|turn|15
|
|t:|1626656536
|switch|p2a: Yotsuba|Scizor, F|84/100
|move|p1a: Blissey|Thunder Wave|p2a: Yotsuba
|-status|p2a: Yotsuba|par
|
|upkeep
|turn|16
|
|t:|1626656541
|move|p1a: Blissey|Soft-Boiled|p1a: Blissey
|-heal|p1a: Blissey|100/100
|cant|p2a: Yotsuba|par
|
|upkeep
|turn|17
|
|t:|1626656543
|move|p2a: Yotsuba|Roost|p2a: Yotsuba
|-heal|p2a: Yotsuba|100/100 par
|-singleturn|p2a: Yotsuba|move: Roost
|move|p1a: Blissey|Teleport|p1a: Blissey
|
|t:|1626656546
|switch|p1a: Landorus|Landorus-Therian, M|100/100|[from]move: Teleport
|-damage|p1a: Landorus|88/100|[from] Stealth Rock
|-ability|p1a: Landorus|Intimidate|boost
|-unboost|p2a: Yotsuba|atk|1
|
|-heal|p1a: Landorus|94/100|[from] item: Leftovers
|upkeep
|turn|18
|l| Anyelz
|
|t:|1626656551
|switch|p2a: WA-R-R|Tornadus-Therian, M|80/100
|move|p1a: Landorus|Defog|p2a: WA-R-R
|-unboost|p2a: WA-R-R|evasion|1
|-sideend|p1: LT83AQ rrm|Stealth Rock|[from] move: Defog|[of] p1a: Landorus
|
|-heal|p1a: Landorus|99/100|[from] item: Leftovers
|upkeep
|turn|19
|
|t:|1626656554
|move|p2a: WA-R-R|Toxic|p1a: Landorus
|-status|p1a: Landorus|tox
|move|p1a: Landorus|Knock Off|p2a: WA-R-R
|-damage|p2a: WA-R-R|46/100
|-enditem|p2a: WA-R-R|Heavy-Duty Boots|[from] move: Knock Off|[of] p1a: Landorus
|
|-heal|p1a: Landorus|100/100 tox|[from] item: Leftovers
|-damage|p1a: Landorus|94/100 tox|[from] psn
|upkeep
|turn|20
|
|t:|1626656557
|move|p2a: WA-R-R|Knock Off|p1a: Landorus
|-damage|p1a: Landorus|79/100 tox
|-enditem|p1a: Landorus|Leftovers|[from] move: Knock Off|[of] p2a: WA-R-R
|move|p1a: Landorus|U-turn|p2a: WA-R-R
|-resisted|p2a: WA-R-R
|-damage|p2a: WA-R-R|33/100
|j| Anyelz
|
|t:|1626656564
|switch|p1a: Blissey|Blissey, F|100/100|[from]move: U-turn
|
|upkeep
|turn|21
|
|t:|1626656567
|switch|p2a: Itsuki|Clefable, F|100/100
|move|p1a: Blissey|Teleport|p1a: Blissey
|
|t:|1626656571
|switch|p1a: Tapu Lele|Tapu Lele|100/100|[from]move: Teleport
|-fieldstart|move: Psychic Terrain|[from] ability: Psychic Surge|[of] p1a: Tapu Lele
|
|upkeep
|turn|22
|
|t:|1626656576
|switch|p1a: Blissey|Blissey, F|100/100
|move|p2a: Itsuki|Soft-Boiled||[still]
|-fail|p2a: Itsuki|heal
|
|upkeep
|turn|23
|
|t:|1626656577
|move|p2a: Itsuki|Stealth Rock|p1a: Blissey
|-sidestart|p1: LT83AQ rrm|move: Stealth Rock
|move|p1a: Blissey|Thunder Wave|p2a: Itsuki
|-status|p2a: Itsuki|par
|
|upkeep
|turn|24
|
|t:|1626656580
|move|p2a: Itsuki|Heal Bell|p2a: Itsuki
|-activate|p2a: Itsuki|move: Heal Bell
|-curestatus|p2a: Itsuki|par|[msg]
|-curestatus|p2: Yotsuba|par|[msg]
|move|p1a: Blissey|Teleport|p1a: Blissey
|
|t:|1626656582
|switch|p1a: Landorus|Landorus-Therian, M|79/100 tox|[from]move: Teleport
|-damage|p1a: Landorus|67/100 tox|[from] Stealth Rock
|-ability|p1a: Landorus|Intimidate|boost
|-unboost|p2a: Itsuki|atk|1
|
|-damage|p1a: Landorus|61/100 tox|[from] psn
|upkeep
|turn|25
|
|t:|1626656586
|move|p1a: Landorus|Defog|p2a: Itsuki
|-unboost|p2a: Itsuki|evasion|1
|-sideend|p1: LT83AQ rrm|Stealth Rock|[from] move: Defog|[of] p1a: Landorus
|-fieldend|move: Psychic Terrain
|move|p2a: Itsuki|Moonblast|p1a: Landorus
|-damage|p1a: Landorus|30/100 tox
|-unboost|p1a: Landorus|spa|1
|
|-damage|p1a: Landorus|18/100 tox|[from] psn
|upkeep
|turn|26
|
|t:|1626656588
|switch|p1a: Tapu Lele|Tapu Lele|100/100
|-fieldstart|move: Psychic Terrain|[from] ability: Psychic Surge|[of] p1a: Tapu Lele
|move|p2a: Itsuki|Stealth Rock|p1a: Tapu Lele
|-sidestart|p1: LT83AQ rrm|move: Stealth Rock
|
|upkeep
|turn|27
|
|t:|1626656590
|move|p1a: Tapu Lele|Psychic|p2a: Itsuki
|-damage|p2a: Itsuki|23/100
|move|p2a: Itsuki|Soft-Boiled|p2a: Itsuki
|-heal|p2a: Itsuki|73/100
|
|-heal|p2a: Itsuki|79/100|[from] item: Leftovers
|upkeep
|turn|28
|
|t:|1626656594
|switch|p2a: Yotsuba|Scizor, F|100/100
|move|p1a: Tapu Lele|Psychic|p2a: Yotsuba
|-resisted|p2a: Yotsuba
|-damage|p2a: Yotsuba|62/100
|
|upkeep
|turn|29
|j| andreasmang
|l| dedxfcgvhbj
|
|t:|1626656604
|move|p1a: Tapu Lele|Psychic|p2a: Yotsuba
|-resisted|p2a: Yotsuba
|-damage|p2a: Yotsuba|20/100
|move|p2a: Yotsuba|U-turn|p1a: Tapu Lele
|-damage|p1a: Tapu Lele|55/100
|
|t:|1626656615
|switch|p2a: WA-R-R|Tornadus-Therian, M|66/100|[from]move: U-turn
|
|upkeep
|turn|30
|
|t:|1626656617
|switch|p1a: Blissey|Blissey, F|100/100
|-damage|p1a: Blissey|88/100|[from] Stealth Rock
|move|p2a: WA-R-R|Knock Off|p1a: Blissey
|-damage|p1a: Blissey|76/100
|
|-fieldend|move: Psychic Terrain
|upkeep
|turn|31
|
|t:|1626656624
|switch|p2a: Itsuki|Clefable, F|79/100
|move|p1a: Blissey|Thunder Wave|p2a: Itsuki
|-status|p2a: Itsuki|par
|
|-heal|p2a: Itsuki|85/100 par|[from] item: Leftovers
|upkeep
|turn|32
|
|t:|1626656631
|move|p1a: Blissey|Seismic Toss|p2a: Itsuki
|-damage|p2a: Itsuki|60/100 par
|move|p2a: Itsuki|Soft-Boiled|p2a: Itsuki
|-heal|p2a: Itsuki|100/100 par
|
|upkeep
|turn|33
|
|t:|1626656634
|switch|p2a: just friends|Toxapex, M|100/100
|move|p1a: Blissey|Seismic Toss|p2a: just friends
|-damage|p2a: just friends|68/100
|-damage|p1a: Blissey|59/100|[from] item: Rocky Helmet|[of] p2a: just friends
|
|upkeep
|turn|34
|l| andreasmang
|
|t:|1626656642
|move|p1a: Blissey|Thunder Wave|p2a: just friends
|-status|p2a: just friends|par
|move|p2a: just friends|Scald|p1a: Blissey
|-damage|p1a: Blissey|53/100
|
|upkeep
|turn|35
|
|t:|1626656646
|cant|p2a: just friends|par
|move|p1a: Blissey|Teleport|p1a: Blissey
|
|t:|1626656648
|switch|p1a: Tapu Lele|Tapu Lele|55/100|[from]move: Teleport
|-damage|p1a: Tapu Lele|42/100|[from] Stealth Rock
|-fieldstart|move: Psychic Terrain|[from] ability: Psychic Surge|[of] p1a: Tapu Lele
|
|upkeep
|turn|36
|
|t:|1626656651
|switch|p2a: the reaper|Magnezone|42/100
|move|p1a: Tapu Lele|Psychic|p2a: the reaper
|-resisted|p2a: the reaper
|-damage|p2a: the reaper|11/100
|-unboost|p2a: the reaper|spd|1
|
|upkeep
|turn|37
|j| andreasmang
|
|t:|1626656654
|move|p1a: Tapu Lele|Psychic|p2a: the reaper
|-resisted|p2a: the reaper
|-damage|p2a: the reaper|0 fnt
|faint|p2a: the reaper
|
|upkeep
|l| LT83AQ RGN8
|
|t:|1626656666
|switch|p2a: WA-R-R|Tornadus-Therian, M|99/100
|turn|38
|
|t:|1626656669
|switch|p1a: Blissey|Blissey, F|53/100
|-damage|p1a: Blissey|40/100|[from] Stealth Rock
|move|p2a: WA-R-R|Knock Off|p1a: Blissey
|-damage|p1a: Blissey|28/100
|
|upkeep
|turn|39
|
|t:|1626656679
|switch|p2a: Yotsuba|Scizor, F|20/100
|move|p1a: Blissey|Thunder Wave|p2a: Yotsuba|[miss]
|-miss|p1a: Blissey|p2a: Yotsuba
|
|-fieldend|move: Psychic Terrain
|upkeep
|turn|40
|l| andreasmang
|
|t:|1626656689
|move|p1a: Blissey|Soft-Boiled|p1a: Blissey
|-heal|p1a: Blissey|78/100
|move|p2a: Yotsuba|Roost|p2a: Yotsuba
|-heal|p2a: Yotsuba|70/100
|-singleturn|p2a: Yotsuba|move: Roost
|
|upkeep
|turn|41
|
|t:|1626656692
|move|p1a: Blissey|Thunder Wave|p2a: Yotsuba
|-status|p2a: Yotsuba|par
|cant|p2a: Yotsuba|par
|
|upkeep
|turn|42
|
|t:|1626656697
|move|p2a: Yotsuba|Roost|p2a: Yotsuba
|-heal|p2a: Yotsuba|100/100 par
|-singleturn|p2a: Yotsuba|move: Roost
|move|p1a: Blissey|Teleport|p1a: Blissey
|
|t:|1626656705
|switch|p1a: Slowbro|Slowbro, F|70/100 tox|[from]move: Teleport
|-damage|p1a: Slowbro|57/100 tox|[from] Stealth Rock
|
|-damage|p1a: Slowbro|51/100 tox|[from] psn
|upkeep
|turn|43
|
|t:|1626656709
|cant|p2a: Yotsuba|par
|move|p1a: Slowbro|Future Sight|p2a: Yotsuba
|-start|p1a: Slowbro|move: Future Sight
|
|-damage|p1a: Slowbro|39/100 tox|[from] psn
|upkeep
|turn|44
|
|t:|1626656716
|switch|p2a: WA-R-R|Tornadus-Therian, M|100/100
|move|p1a: Slowbro|Teleport|p1a: Slowbro
|
|t:|1626656719
|switch|p1a: Blissey|Blissey, F|78/100|[from]move: Teleport
|-damage|p1a: Blissey|66/100|[from] Stealth Rock
|
|upkeep
|turn|45
|
|t:|1626656730
|switch|p2a: Yotsuba|Scizor, F|100/100 par
|move|p1a: Blissey|Teleport|p1a: Blissey
|j| Lightchanseyy
|
|t:|1626656732
|switch|p1a: Heatran|Heatran, M|26/100|[from]move: Teleport
|-damage|p1a: Heatran|13/100|[from] Stealth Rock
|
|-end|p2a: Yotsuba|move: Future Sight
|-resisted|p2a: Yotsuba
|-damage|p2a: Yotsuba|83/100 par
|-heal|p1a: Heatran|20/100|[from] item: Leftovers
|upkeep
|turn|46
|
|t:|1626656737
|switch|p2a: WA-R-R|Tornadus-Therian, M|100/100
|move|p1a: Heatran|Magma Storm|p2a: WA-R-R
|-damage|p2a: WA-R-R|61/100
|-activate|p2a: WA-R-R|move: Magma Storm|[of] p1a: Heatran
|
|-heal|p1a: Heatran|26/100|[from] item: Leftovers
|-damage|p2a: WA-R-R|49/100|[from] move: Magma Storm|[partiallytrapped]
|upkeep
|turn|47
|
|t:|1626656746
|switch|p1a: Blissey|Blissey, F|66/100
|-damage|p1a: Blissey|53/100|[from] Stealth Rock
|move|p2a: WA-R-R|Knock Off|p1a: Blissey
|-damage|p1a: Blissey|42/100
|
|-end|p2a: WA-R-R|Magma Storm|[partiallytrapped]|[silent]
|upkeep
|turn|48
|
|t:|1626656752
|switch|p2a: Itsuki|Clefable, F|100/100 par
|move|p1a: Blissey|Soft-Boiled|p1a: Blissey
|-heal|p1a: Blissey|92/100
|
|upkeep
|turn|49
|
|t:|1626656755
|move|p1a: Blissey|Seismic Toss|p2a: Itsuki
|-damage|p2a: Itsuki|75/100 par
|move|p2a: Itsuki|Heal Bell|p2a: Itsuki
|-activate|p2a: Itsuki|move: Heal Bell
|-curestatus|p2a: Itsuki|par|[msg]
|-curestatus|p2: Yotsuba|par|[msg]
|-curestatus|p2: just friends|par|[msg]
|
|-heal|p2a: Itsuki|81/100|[from] item: Leftovers
|upkeep
|turn|50
|
|t:|1626656768
|switch|p2a: Yotsuba|Scizor, F|83/100
|move|p1a: Blissey|Thunder Wave|p2a: Yotsuba
|-status|p2a: Yotsuba|par
|
|upkeep
|turn|51
|
|t:|1626656773
|move|p1a: Blissey|Seismic Toss|p2a: Yotsuba
|-damage|p2a: Yotsuba|54/100 par
|move|p2a: Yotsuba|Roost|p2a: Yotsuba
|-heal|p2a: Yotsuba|100/100 par
|-singleturn|p2a: Yotsuba|move: Roost
|
|upkeep
|turn|52
|
|t:|1626656775
|switch|p2a: just friends|Toxapex, M|100/100
|move|p1a: Blissey|Teleport|p1a: Blissey
|
|t:|1626656778
|switch|p1a: Tapu Lele|Tapu Lele|42/100|[from]move: Teleport
|-damage|p1a: Tapu Lele|30/100|[from] Stealth Rock
|-fieldstart|move: Psychic Terrain|[from] ability: Psychic Surge|[of] p1a: Tapu Lele
|
|upkeep
|turn|53
|
|t:|1626656785
|switch|p2a: Yotsuba|Scizor, F|100/100 par
|move|p1a: Tapu Lele|Psyshock|p2a: Yotsuba
|-resisted|p2a: Yotsuba
|-damage|p2a: Yotsuba|66/100 par
|
|upkeep
|turn|54
|
|t:|1626656790
|switch|p1a: Heatran|Heatran, M|26/100
|-damage|p1a: Heatran|13/100|[from] Stealth Rock
|move|p2a: Yotsuba|Roost|p2a: Yotsuba
|-heal|p2a: Yotsuba|100/100 par
|-singleturn|p2a: Yotsuba|move: Roost
|
|-heal|p1a: Heatran|20/100|[from] item: Leftovers
|upkeep
|turn|55
|
|t:|1626656795
|switch|p2a: WA-R-R|Tornadus-Therian, M|82/100
|move|p1a: Heatran|Stealth Rock|p2a: WA-R-R
|-sidestart|p2: BestixL|move: Stealth Rock
|
|-heal|p1a: Heatran|26/100|[from] item: Leftovers
|upkeep
|turn|56
|
|t:|1626656802
|switch|p1a: Blissey|Blissey, F|92/100
|-damage|p1a: Blissey|80/100|[from] Stealth Rock
|move|p2a: WA-R-R|Knock Off|p1a: Blissey
|-damage|p1a: Blissey|68/100
|
|-fieldend|move: Psychic Terrain
|upkeep
|turn|57
|
|t:|1626656811
|move|p2a: WA-R-R|Toxic|p1a: Blissey|[miss]
|-miss|p2a: WA-R-R|p1a: Blissey
|move|p1a: Blissey|Thunder Wave|p2a: WA-R-R
|-status|p2a: WA-R-R|par
|
|upkeep
|turn|58
|l| Lightchanseyy
|
|t:|1626656822
|switch|p2a: Itsuki|Clefable, F|81/100
|move|p1a: Blissey|Seismic Toss|p2a: Itsuki
|-damage|p2a: Itsuki|56/100
|
|-heal|p2a: Itsuki|62/100|[from] item: Leftovers
|upkeep
|turn|59
|l| My Inhibitions
|
|t:|1626656826
|move|p2a: Itsuki|Soft-Boiled|p2a: Itsuki
|-heal|p2a: Itsuki|100/100
|move|p1a: Blissey|Thunder Wave|p2a: Itsuki
|-status|p2a: Itsuki|par
|
|upkeep
|turn|60
|
|t:|1626656828
|move|p1a: Blissey|Seismic Toss|p2a: Itsuki
|-damage|p2a: Itsuki|75/100 par
|move|p2a: Itsuki|Heal Bell|p2a: Itsuki
|-activate|p2a: Itsuki|move: Heal Bell
|-curestatus|p2a: Itsuki|par|[msg]
|-curestatus|p2: WA-R-R|par|[msg]
|-curestatus|p2: Yotsuba|par|[msg]
|
|-heal|p2a: Itsuki|81/100|[from] item: Leftovers
|upkeep
|turn|61
|
|t:|1626656835
|switch|p2a: just friends|Toxapex, M|100/100
|-damage|p2a: just friends|88/100|[from] Stealth Rock
|move|p1a: Blissey|Seismic Toss|p2a: just friends
|-damage|p2a: just friends|55/100
|-damage|p1a: Blissey|51/100|[from] item: Rocky Helmet|[of] p2a: just friends
|
|upkeep
|turn|62
|
|t:|1626656838
|move|p1a: Blissey|Thunder Wave|p2a: just friends
|-status|p2a: just friends|par
|move|p2a: just friends|Recover|p2a: just friends
|-heal|p2a: just friends|100/100 par
|
|upkeep
|turn|63
|
|t:|1626656844
|move|p2a: just friends|Scald|p1a: Blissey
|-damage|p1a: Blissey|45/100
|move|p1a: Blissey|Teleport|p1a: Blissey
|
|t:|1626656846
|switch|p1a: Slowbro|Slowbro, F|72/100 tox|[from]move: Teleport
|-damage|p1a: Slowbro|60/100 tox|[from] Stealth Rock
|
|-damage|p1a: Slowbro|54/100 tox|[from] psn
|upkeep
|turn|64
|
|t:|1626656848
|move|p1a: Slowbro|Future Sight|p2a: just friends
|-start|p1a: Slowbro|move: Future Sight
|move|p2a: just friends|Knock Off|p1a: Slowbro
|-supereffective|p1a: Slowbro
|-damage|p1a: Slowbro|37/100 tox
|-damage|p2a: just friends|84/100 par|[from] item: Rocky Helmet|[of] p1a: Slowbro
|-enditem|p1a: Slowbro|Rocky Helmet|[from] move: Knock Off|[of] p2a: just friends
|
|-damage|p1a: Slowbro|25/100 tox|[from] psn
|upkeep
|turn|65
|
|t:|1626656857
|move|p2a: just friends|Knock Off|p1a: Slowbro
|-supereffective|p1a: Slowbro
|-damage|p1a: Slowbro|12/100 tox
|move|p1a: Slowbro|Teleport|p1a: Slowbro
|
|t:|1626656862
|switch|p1a: Tapu Lele|Tapu Lele|30/100|[from]move: Teleport
|-damage|p1a: Tapu Lele|17/100|[from] Stealth Rock
|-fieldstart|move: Psychic Terrain|[from] ability: Psychic Surge|[of] p1a: Tapu Lele
|
|upkeep
|turn|66
|l| LT83AQ spooky
|inactive|BestixL has 120 seconds left.
|inactive|BestixL has 90 seconds left.
|j| bear kigurumi
|inactive|BestixL has 60 seconds left.
|j| andreasmang
|inactive|BestixL has 30 seconds left.
|inactive|BestixL has 20 seconds left.
|inactive|BestixL has 15 seconds left.
|inactive|BestixL has 10 seconds left.
|
|t:|1626657005
|switch|p2a: Itsuki|Clefable, F|81/100
|move|p1a: Tapu Lele|Psychic|p2a: Itsuki
|-damage|p2a: Itsuki|7/100
|
|-end|p2a: Itsuki|move: Future Sight
|-damage|p2a: Itsuki|0 fnt
|faint|p2a: Itsuki
|upkeep
|inactive|BestixL has 15 seconds left this turn.
|
|t:|1626657009
|switch|p2a: Yotsuba|Scizor, F|100/100
|turn|67
|inactive|BestixL has 25 seconds left this turn.
|inactive|BestixL has 20 seconds left.
|
|t:|1626657015
|switch|p1a: Urshifu|Urshifu-Rapid-Strike, M|100/100
|-damage|p1a: Urshifu|94/100|[from] Stealth Rock
|move|p2a: Yotsuba|U-turn|p1a: Urshifu
|-resisted|p1a: Urshifu
|-damage|p1a: Urshifu|78/100
|inactive|BestixL has 25 seconds left this turn.
|
|t:|1626657019
|switch|p2a: just friends|Toxapex, M|100/100 par|[from]move: U-turn
|-damage|p2a: just friends|88/100 par|[from] Stealth Rock
|
|upkeep
|turn|68
|j| LT83AQ RGN8
|inactive|BestixL has 30 seconds left.
|
|t:|1626657027
|move|p1a: Urshifu|U-turn|p2a: just friends
|-resisted|p2a: just friends
|-damage|p2a: just friends|81/100 par
|-damage|p1a: Urshifu|61/100|[from] item: Rocky Helmet|[of] p2a: just friends
|
|t:|1626657029
|switch|p1a: Blissey|Blissey, F|45/100|[from]move: U-turn
|-damage|p1a: Blissey|33/100|[from] Stealth Rock
|cant|p2a: just friends|par
|
|upkeep
|turn|69
|
|t:|1626657041
|move|p1a: Blissey|Soft-Boiled|p1a: Blissey
|-heal|p1a: Blissey|83/100
|move|p2a: just friends|Scald|p1a: Blissey
|-damage|p1a: Blissey|76/100
|
|-fieldend|move: Psychic Terrain
|upkeep
|turn|70
|
|t:|1626657047
|cant|p2a: just friends|par
|move|p1a: Blissey|Teleport|p1a: Blissey
|
|t:|1626657049
|switch|p1a: Landorus|Landorus-Therian, M|18/100 tox|[from]move: Teleport
|-damage|p1a: Landorus|6/100 tox|[from] Stealth Rock
|-ability|p1a: Landorus|Intimidate|boost
|-unboost|p2a: just friends|atk|1
|
|-damage|p1a: Landorus|0 fnt|[from] psn
|faint|p1a: Landorus
|upkeep
|
|t:|1626657058
|switch|p1a: Slowbro|Slowbro, F|46/100 tox
|-damage|p1a: Slowbro|33/100 tox|[from] Stealth Rock
|turn|71
|inactive|BestixL has 60 seconds left.
|
|t:|1626657067
|move|p1a: Slowbro|Slack Off|p1a: Slowbro
|-heal|p1a: Slowbro|83/100 tox
|move|p2a: just friends|Scald|p1a: Slowbro
|-resisted|p1a: Slowbro
|-damage|p1a: Slowbro|74/100 tox
|
|-damage|p1a: Slowbro|68/100 tox|[from] psn
|upkeep
|turn|72
|
|t:|1626657069
|move|p1a: Slowbro|Future Sight|p2a: just friends
|-start|p1a: Slowbro|move: Future Sight
|move|p2a: just friends|Recover|p2a: just friends
|-heal|p2a: just friends|100/100 par
|
|-damage|p1a: Slowbro|56/100 tox|[from] psn
|upkeep
|turn|73
|
|t:|1626657073
|cant|p2a: just friends|par
|move|p1a: Slowbro|Teleport|p1a: Slowbro
|
|t:|1626657079
|switch|p1a: Tapu Lele|Tapu Lele|17/100|[from]move: Teleport
|-damage|p1a: Tapu Lele|5/100|[from] Stealth Rock
|-fieldstart|move: Psychic Terrain|[from] ability: Psychic Surge|[of] p1a: Tapu Lele
|
|upkeep
|turn|74
|inactive|BestixL has 90 seconds left.
|
|t:|1626657090
|switch|p2a: WA-R-R|Tornadus-Therian, M|100/100
|-damage|p2a: WA-R-R|76/100|[from] Stealth Rock
|move|p1a: Tapu Lele|Psychic|p2a: WA-R-R
|-damage|p2a: WA-R-R|0 fnt
|faint|p2a: WA-R-R
|
|-hint|Future Sight did not hit because the target is fainted.
|upkeep
|
|t:|1626657093
|switch|p2a: Yotsuba|Scizor, F|100/100
|turn|75
|
|t:|1626657099
|move|p1a: Tapu Lele|Psychic|p2a: Yotsuba
|-resisted|p2a: Yotsuba
|-damage|p2a: Yotsuba|55/100
|move|p2a: Yotsuba|U-turn|p1a: Tapu Lele
|-damage|p1a: Tapu Lele|0 fnt
|faint|p1a: Tapu Lele
|
|t:|1626657103
|switch|p2a: just friends|Toxapex, M|100/100 par|[from]move: U-turn
|-damage|p2a: just friends|88/100 par|[from] Stealth Rock
|
|upkeep
|
|t:|1626657106
|switch|p1a: Slowbro|Slowbro, F|89/100 tox
|-damage|p1a: Slowbro|77/100 tox|[from] Stealth Rock
|turn|76
|
|t:|1626657112
|switch|p2a: Yotsuba|Scizor, F|55/100
|move|p1a: Slowbro|Future Sight|p2a: Yotsuba
|-start|p1a: Slowbro|move: Future Sight
|
|-damage|p1a: Slowbro|71/100 tox|[from] psn
|upkeep
|turn|77
|
|t:|1626657117
|move|p2a: Yotsuba|U-turn|p1a: Slowbro
|-supereffective|p1a: Slowbro
|-damage|p1a: Slowbro|37/100 tox
|
|t:|1626657120
|switch|p2a: just friends|Toxapex, M|100/100 par|[from]move: U-turn
|-damage|p2a: just friends|88/100 par|[from] Stealth Rock
|move|p1a: Slowbro|Teleport|p1a: Slowbro
|l| andreasmang
|
|t:|1626657125
|switch|p1a: Blissey|Blissey, F|76/100|[from]move: Teleport
|-damage|p1a: Blissey|64/100|[from] Stealth Rock
|
|-fieldend|move: Psychic Terrain
|upkeep
|turn|78
|
|t:|1626657131
|move|p1a: Blissey|Seismic Toss|p2a: just friends
|-damage|p2a: just friends|55/100 par
|-damage|p1a: Blissey|47/100|[from] item: Rocky Helmet|[of] p2a: just friends
|move|p2a: just friends|Recover|p2a: just friends
|-heal|p2a: just friends|100/100 par
|
|-end|p2a: just friends|move: Future Sight
|-supereffective|p2a: just friends
|-damage|p2a: just friends|43/100 par
|upkeep
|turn|79
|
|t:|1626657138
|move|p1a: Blissey|Seismic Toss|p2a: just friends
|-damage|p2a: just friends|10/100 par
|-damage|p1a: Blissey|30/100|[from] item: Rocky Helmet|[of] p2a: just friends
|cant|p2a: just friends|par
|
|upkeep
|turn|80
|inactive|BestixL has 120 seconds left.
|c|☆LT83AQ rrm|sry for hax
|
|t:|1626657150
|move|p1a: Blissey|Seismic Toss|p2a: just friends
|-damage|p2a: just friends|0 fnt
|-damage|p1a: Blissey|14/100|[from] item: Rocky Helmet|[of] p2a: just friends
|faint|p2a: just friends
|
|upkeep
|
|t:|1626657155
|switch|p2a: Yotsuba|Scizor, F|55/100
|turn|81
|
|t:|1626657157
|move|p1a: Blissey|Thunder Wave|p2a: Yotsuba
|-status|p2a: Yotsuba|par
|move|p2a: Yotsuba|Swords Dance|p2a: Yotsuba
|-boost|p2a: Yotsuba|atk|2
|
|upkeep
|turn|82
|inactive|BestixL has 120 seconds left.
|
|t:|1626657189
|cant|p2a: Yotsuba|par
|move|p1a: Blissey|Teleport|p1a: Blissey
|
|t:|1626657191
|switch|p1a: Urshifu|Urshifu-Rapid-Strike, M|61/100|[from]move: Teleport
|-damage|p1a: Urshifu|55/100|[from] Stealth Rock
|
|upkeep
|turn|83
|
|t:|1626657195
|cant|p2a: Yotsuba|par
|move|p1a: Urshifu|Close Combat|p2a: Yotsuba
|-damage|p2a: Yotsuba|0 fnt
|-unboost|p1a: Urshifu|def|1
|-unboost|p1a: Urshifu|spd|1
|faint|p2a: Yotsuba
|
|win|LT83AQ rrm
|raw|LT83AQ rrm's rating: 1868 &rarr; <strong>1884</strong><br />(+16 for winning)
|raw|BestixL's rating: 1803 &rarr; <strong>1787</strong><br />(-16 for losing)
|c|☆BestixL|gg
|l|☆BestixL
|c|☆LT83AQ rrm|gg
