|j|☆Eu188q717188191
|j|☆Batataplays
|t:|1653574376
|gametype|singles
|player|p1|Eu188q717188191|wallace-gen6|
|player|p2|Batataplays|leaguestafff|
|teamsize|p1|6
|teamsize|p2|6
|gen|8
|tier|[Gen 8] OU
|rule|Sleep Clause Mod: Limit one foe put to sleep
|rule|Species Clause: Limit one of each Pokémon
|rule|OHKO Clause: OHKO moves are banned
|rule|Evasion Moves Clause: Evasion moves are banned
|rule|Endless Battle Clause: Forcing endless battles is banned
|rule|HP Percentage Mod: HP is shown in percentages
|rule|Dynamax Clause: You cannot dynamax
|clearpoke
|poke|p1|Golurk|
|poke|p1|Ninjask, F|
|poke|p1|Mimikyu, F|
|poke|p1|Vaporeon, M|
|poke|p1|Toxicroak, M|
|poke|p1|Silvally-*|
|poke|p2|Garbodor, F|
|poke|p2|Guzzlord|
|poke|p2|Glastrier|
|poke|p2|Salazzle, F|
|poke|p2|Polteageist|
|poke|p2|Crobat, F|
|teampreview
|inactive|Battle timer is ON: inactive players will automatically lose when time's up. (requested by Eu188q717188191)
|c|☆Eu188q717188191|Glhf
|
|t:|1653574387
|start
|switch|p1a: Mosquinha|Ninjask, F|100/100
|switch|p2a: Glastrier|Glastrier|100/100
|turn|1
|c|☆Batataplays|Hf
|
|t:|1653574401
|move|p1a: Mosquinha|U-turn|p2a: Glastrier
|-damage|p2a: Glastrier|76/100
|
|t:|1653574404
|switch|p1a: Toxicroak|Toxicroak, M|100/100|[from]move: U-turn
|move|p2a: Glastrier|Icicle Crash|p1a: Toxicroak
|-damage|p1a: Toxicroak|18/100
|
|-heal|p1a: Toxicroak|24/100|[from] item: Black Sludge
|upkeep
|turn|2
|
|t:|1653574412
|switch|p2a: Crobat|Crobat, F|100/100
|move|p1a: Toxicroak|Drain Punch|p2a: Crobat
|-resisted|p2a: Crobat
|-damage|p2a: Crobat|92/100
|-heal|p1a: Toxicroak|30/100|[from] drain|[of] p2a: Crobat
|
|-heal|p2a: Crobat|98/100|[from] item: Black Sludge
|-heal|p1a: Toxicroak|36/100|[from] item: Black Sludge
|upkeep
|turn|3
|
|t:|1653574420
|switch|p1a: Vaporeon|Vaporeon, M|100/100
|move|p2a: Crobat|Crunch|p1a: Vaporeon
|-crit|p1a: Vaporeon
|-damage|p1a: Vaporeon|83/100
|
|-heal|p2a: Crobat|100/100|[from] item: Black Sludge
|-heal|p1a: Vaporeon|89/100|[from] item: Leftovers
|upkeep
|turn|4
|
|t:|1653574423
|move|p2a: Crobat|Super Fang|p1a: Vaporeon
|-damage|p1a: Vaporeon|45/100
|move|p1a: Vaporeon|Wish|p1a: Vaporeon
|
|-heal|p1a: Vaporeon|51/100|[from] item: Leftovers
|upkeep
|turn|5
|
|t:|1653574428
|move|p2a: Crobat|Taunt|p1a: Vaporeon
|-start|p1a: Vaporeon|move: Taunt
|cant|p1a: Vaporeon|move: Taunt|Yawn
|
|-heal|p1a: Vaporeon|100/100|[from] move: Wish|[wisher] Vaporeon
|upkeep
|turn|6
|
|t:|1653574431
|move|p2a: Crobat|Super Fang|p1a: Vaporeon
|-damage|p1a: Vaporeon|50/100
|move|p1a: Vaporeon|Scald|p2a: Crobat
|-damage|p2a: Crobat|70/100
|
|-heal|p2a: Crobat|76/100|[from] item: Black Sludge
|-heal|p1a: Vaporeon|57/100|[from] item: Leftovers
|upkeep
|turn|7
|
|t:|1653574434
|move|p2a: Crobat|Super Fang|p1a: Vaporeon
|-damage|p1a: Vaporeon|29/100
|move|p1a: Vaporeon|Scald|p2a: Crobat
|-damage|p2a: Crobat|46/100
|
|-heal|p2a: Crobat|52/100|[from] item: Black Sludge
|-heal|p1a: Vaporeon|35/100|[from] item: Leftovers
|-end|p1a: Vaporeon|move: Taunt
|upkeep
|turn|8
|
|t:|1653574441
|move|p2a: Crobat|Taunt|p1a: Vaporeon
|-start|p1a: Vaporeon|move: Taunt
|cant|p1a: Vaporeon|move: Taunt|Wish
|
|-heal|p2a: Crobat|59/100|[from] item: Black Sludge
|-heal|p1a: Vaporeon|41/100|[from] item: Leftovers
|upkeep
|turn|9
|
|t:|1653574445
|move|p2a: Crobat|Super Fang|p1a: Vaporeon
|-damage|p1a: Vaporeon|21/100
|move|p1a: Vaporeon|Scald|p2a: Crobat
|-crit|p2a: Crobat
|-damage|p2a: Crobat|6/100
|-status|p2a: Crobat|brn
|
|-heal|p2a: Crobat|12/100 brn|[from] item: Black Sludge
|-heal|p1a: Vaporeon|27/100|[from] item: Leftovers
|-damage|p2a: Crobat|6/100 brn|[from] brn
|upkeep
|turn|10
|
|t:|1653574459
|move|p2a: Crobat|Crunch|p1a: Vaporeon
|-damage|p1a: Vaporeon|21/100
|move|p1a: Vaporeon|Scald|p2a: Crobat
|-damage|p2a: Crobat|0 fnt
|faint|p2a: Crobat
|
|-heal|p1a: Vaporeon|28/100|[from] item: Leftovers
|-end|p1a: Vaporeon|move: Taunt
|upkeep
|
|t:|1653574468
|switch|p2a: Garbodor|Garbodor, F|100/100
|turn|11
|
|t:|1653574471
|move|p2a: Garbodor|Gunk Shot|p1a: Vaporeon
|-damage|p1a: Vaporeon|0 fnt
|faint|p1a: Vaporeon
|
|upkeep
|
|t:|1653574478
|switch|p1a: Golem ancestral|Golurk|100/100
|turn|12
|
|t:|1653574487
|move|p1a: Golem ancestral|Earthquake|p2a: Garbodor
|-supereffective|p2a: Garbodor
|-damage|p2a: Garbodor|0 fnt
|faint|p2a: Garbodor
|
|upkeep
|
|t:|1653574489
|switch|p2a: Glastrier|Glastrier|76/100
|turn|13
|
|t:|1653574503
|switch|p1a: Toxicroak|Toxicroak, M|36/100
|move|p2a: Glastrier|Icicle Crash|p1a: Toxicroak
|-damage|p1a: Toxicroak|0 fnt
|faint|p1a: Toxicroak
|-ability|p2a: Glastrier|Chilling Neigh|boost
|-boost|p2a: Glastrier|atk|1
|
|upkeep
|
|t:|1653574511
|switch|p1a: Mimikyu|Mimikyu, F|100/100
|turn|14
|
|t:|1653574514
|move|p1a: Mimikyu|Drain Punch|p2a: Glastrier
|-supereffective|p2a: Glastrier
|-damage|p2a: Glastrier|37/100
|-damage|p1a: Mimikyu|91/100|[from] item: Life Orb
|move|p2a: Glastrier|Icicle Crash|p1a: Mimikyu
|-activate|p1a: Mimikyu|ability: Disguise
|-damage|p1a: Mimikyu|91/100
|detailschange|p1a: Mimikyu|Mimikyu-Busted, F
|-damage|p1a: Mimikyu|78/100|[from] pokemon: Mimikyu-Busted
|
|upkeep
|turn|15
|
|t:|1653574518
|move|p1a: Mimikyu|Drain Punch|p2a: Glastrier
|-supereffective|p2a: Glastrier
|-damage|p2a: Glastrier|0 fnt
|-heal|p1a: Mimikyu|100/100|[from] drain|[of] p2a: Glastrier
|faint|p2a: Glastrier
|-damage|p1a: Mimikyu|91/100|[from] item: Life Orb
|
|upkeep
|
|t:|1653574524
|switch|p2a: Salazzle|Salazzle, F|100/100
|turn|16
|
|t:|1653574530
|switch|p1a: Golem ancestral|Golurk|100/100
|move|p2a: Salazzle|Toxic|p1a: Golem ancestral
|-status|p1a: Golem ancestral|tox
|
|-damage|p1a: Golem ancestral|95/100 tox|[from] psn
|upkeep
|turn|17
|
|t:|1653574534
|switch|p1a: Silvally|Silvally-Ground|100/100
|move|p2a: Salazzle|Protect||[still]
|-fail|p2a: Salazzle
|
|upkeep
|turn|18
|
|t:|1653574538
|move|p2a: Salazzle|Substitute|p2a: Salazzle
|-start|p2a: Salazzle|Substitute
|-damage|p2a: Salazzle|76/100
|move|p1a: Silvally|Parting Shot|p2a: Salazzle
|-unboost|p2a: Salazzle|atk|1
|-unboost|p2a: Salazzle|spa|1
|
|t:|1653574546
|switch|p1a: Mosquinha|Ninjask, F|100/100|[from]move: Parting Shot
|
|-heal|p2a: Salazzle|82/100|[from] item: Leftovers
|upkeep
|turn|19
|
|t:|1653574549
|move|p1a: Mosquinha|Acrobatics|p2a: Salazzle
|-end|p2a: Salazzle|Substitute
|move|p2a: Salazzle|Toxic|p1a: Mosquinha
|-status|p1a: Mosquinha|tox
|
|-heal|p2a: Salazzle|88/100|[from] item: Leftovers
|-damage|p1a: Mosquinha|94/100 tox|[from] psn
|-ability|p1a: Mosquinha|Speed Boost|boost
|-boost|p1a: Mosquinha|spe|1
|upkeep
|turn|20
|
|t:|1653574559
|switch|p1a: Silvally|Silvally-Ground|100/100
|move|p2a: Salazzle|Protect||[still]
|-fail|p2a: Salazzle
|
|-heal|p2a: Salazzle|94/100|[from] item: Leftovers
|upkeep
|turn|21
|
|t:|1653574568
|switch|p2a: Guzzlord|Guzzlord|100/100
|move|p1a: Silvally|Multi-Attack|p2a: Guzzlord
|-damage|p2a: Guzzlord|54/100
|
|-heal|p2a: Guzzlord|60/100|[from] item: Leftovers
|upkeep
|turn|22
|c|☆Eu188q717188191|Esse bixo me dá medo
|
|t:|1653574578
|move|p1a: Silvally|Parting Shot|p2a: Guzzlord
|-unboost|p2a: Guzzlord|atk|1
|-unboost|p2a: Guzzlord|spa|1
|
|t:|1653574582
|switch|p1a: Mimikyu|Mimikyu-Busted, F|91/100|[from]move: Parting Shot
|move|p2a: Guzzlord|Toxic|p1a: Mimikyu
|-status|p1a: Mimikyu|tox
|
|-heal|p2a: Guzzlord|67/100|[from] item: Leftovers
|-damage|p1a: Mimikyu|85/100 tox|[from] psn
|upkeep
|turn|23
|
|t:|1653574590
|switch|p2a: Salazzle|Salazzle, F|94/100
|move|p1a: Mimikyu|Play Rough|p2a: Salazzle
|-resisted|p2a: Salazzle
|-damage|p2a: Salazzle|77/100
|-damage|p1a: Mimikyu|75/100 tox|[from] item: Life Orb
|
|-heal|p2a: Salazzle|83/100|[from] item: Leftovers
|-damage|p1a: Mimikyu|63/100 tox|[from] psn
|upkeep
|turn|24
|
|t:|1653574598
|move|p2a: Salazzle|Substitute|p2a: Salazzle
|-start|p2a: Salazzle|Substitute
|-damage|p2a: Salazzle|59/100
|move|p1a: Mimikyu|Swords Dance|p1a: Mimikyu
|-boost|p1a: Mimikyu|atk|2
|
|-heal|p2a: Salazzle|65/100|[from] item: Leftovers
|-damage|p1a: Mimikyu|45/100 tox|[from] psn
|upkeep
|turn|25
|
|t:|1653574601
|move|p2a: Salazzle|Protect|p2a: Salazzle
|-singleturn|p2a: Salazzle|Protect
|move|p1a: Mimikyu|Shadow Sneak|p2a: Salazzle
|-activate|p2a: Salazzle|move: Protect
|
|-heal|p2a: Salazzle|71/100|[from] item: Leftovers
|-damage|p1a: Mimikyu|21/100 tox|[from] psn
|upkeep
|turn|26
|
|t:|1653574607
|move|p1a: Mimikyu|Shadow Sneak|p2a: Salazzle
|-end|p2a: Salazzle|Substitute
|-damage|p1a: Mimikyu|11/100 tox|[from] item: Life Orb
|move|p2a: Salazzle|Substitute|p2a: Salazzle
|-start|p2a: Salazzle|Substitute
|-damage|p2a: Salazzle|46/100
|
|-heal|p2a: Salazzle|52/100|[from] item: Leftovers
|-damage|p1a: Mimikyu|0 fnt|[from] psn
|faint|p1a: Mimikyu
|upkeep
|
|t:|1653574610
|switch|p1a: Silvally|Silvally-Ground|100/100
|turn|27
|
|t:|1653574621
|move|p2a: Salazzle|Protect|p2a: Salazzle
|-singleturn|p2a: Salazzle|Protect
|move|p1a: Silvally|Multi-Attack|p2a: Salazzle
|-activate|p2a: Salazzle|move: Protect
|
|-heal|p2a: Salazzle|59/100|[from] item: Leftovers
|upkeep
|turn|28
|
|t:|1653574625
|move|p2a: Salazzle|Toxic|p1a: Silvally
|-status|p1a: Silvally|tox
|move|p1a: Silvally|Multi-Attack|p2a: Salazzle
|-supereffective|p2a: Salazzle
|-end|p2a: Salazzle|Substitute
|
|-heal|p2a: Salazzle|65/100|[from] item: Leftovers
|-damage|p1a: Silvally|94/100 tox|[from] psn
|upkeep
|turn|29
|
|t:|1653574631
|switch|p1a: Mosquinha|Ninjask, F|94/100 tox
|move|p2a: Salazzle|Protect||[still]
|-fail|p2a: Salazzle
|
|-heal|p2a: Salazzle|71/100|[from] item: Leftovers
|-damage|p1a: Mosquinha|88/100 tox|[from] psn
|upkeep
|turn|30
|
|t:|1653574635
|move|p1a: Mosquinha|Swords Dance|p1a: Mosquinha
|-boost|p1a: Mosquinha|atk|2
|move|p2a: Salazzle|Flamethrower|p1a: Mosquinha
|-supereffective|p1a: Mosquinha
|-damage|p1a: Mosquinha|0 fnt
|faint|p1a: Mosquinha
|
|-heal|p2a: Salazzle|77/100|[from] item: Leftovers
|upkeep
|
|t:|1653574641
|switch|p1a: Golem ancestral|Golurk|95/100 tox
|turn|31
|
|t:|1653574646
|move|p2a: Salazzle|Protect|p2a: Salazzle
|-singleturn|p2a: Salazzle|Protect
|move|p1a: Golem ancestral|Earthquake|p2a: Salazzle
|-activate|p2a: Salazzle|move: Protect
|
|-heal|p2a: Salazzle|83/100|[from] item: Leftovers
|-damage|p1a: Golem ancestral|89/100 tox|[from] psn
|upkeep
|turn|32
|
|t:|1653574648
|move|p2a: Salazzle|Substitute|p2a: Salazzle
|-start|p2a: Salazzle|Substitute
|-damage|p2a: Salazzle|59/100
|move|p1a: Golem ancestral|Earthquake|p2a: Salazzle
|-supereffective|p2a: Salazzle
|-end|p2a: Salazzle|Substitute
|
|-heal|p2a: Salazzle|65/100|[from] item: Leftovers
|-damage|p1a: Golem ancestral|77/100 tox|[from] psn
|upkeep
|turn|33
|
|t:|1653574651
|move|p2a: Salazzle|Protect|p2a: Salazzle
|-singleturn|p2a: Salazzle|Protect
|move|p1a: Golem ancestral|Earthquake|p2a: Salazzle
|-activate|p2a: Salazzle|move: Protect
|
|-heal|p2a: Salazzle|71/100|[from] item: Leftovers
|-damage|p1a: Golem ancestral|59/100 tox|[from] psn
|upkeep
|turn|34
|
|t:|1653574655
|move|p2a: Salazzle|Substitute|p2a: Salazzle
|-start|p2a: Salazzle|Substitute
|-damage|p2a: Salazzle|46/100
|move|p1a: Golem ancestral|Earthquake|p2a: Salazzle
|-supereffective|p2a: Salazzle
|-end|p2a: Salazzle|Substitute
|
|-heal|p2a: Salazzle|52/100|[from] item: Leftovers
|-damage|p1a: Golem ancestral|35/100 tox|[from] psn
|upkeep
|turn|35
|c|☆Eu188q717188191|Gg
|
|t:|1653574659
|move|p2a: Salazzle|Protect|p2a: Salazzle
|-singleturn|p2a: Salazzle|Protect
|move|p1a: Golem ancestral|Earthquake|p2a: Salazzle
|-activate|p2a: Salazzle|move: Protect
|
|-heal|p2a: Salazzle|59/100|[from] item: Leftovers
|-damage|p1a: Golem ancestral|5/100 tox|[from] psn
|upkeep
|turn|36
|c|☆Batataplays|Gg
|
|t:|1653574665
|switch|p2a: Guzzlord|Guzzlord|67/100
|move|p1a: Golem ancestral|Earthquake|p2a: Guzzlord
|-damage|p2a: Guzzlord|16/100
|
|-heal|p2a: Guzzlord|22/100|[from] item: Leftovers
|-damage|p1a: Golem ancestral|0 fnt|[from] psn
|faint|p1a: Golem ancestral
|upkeep
|
|t:|1653574667
|switch|p1a: Silvally|Silvally-Ground|94/100 tox
|turn|37
|
|t:|1653574671
|move|p1a: Silvally|Multi-Attack|p2a: Guzzlord
|-damage|p2a: Guzzlord|0 fnt
|faint|p2a: Guzzlord
|
|-damage|p1a: Silvally|88/100 tox|[from] psn
|upkeep
|
|t:|1653574675
|switch|p2a: Salazzle|Salazzle, F|59/100
|turn|38
|c|☆Eu188q717188191|Eu pego geral na porrada
|c|☆Eu188q717188191|Mas esse salazzle
|
|t:|1653574686
|move|p2a: Salazzle|Protect|p2a: Salazzle
|-singleturn|p2a: Salazzle|Protect
|move|p1a: Silvally|Multi-Attack|p2a: Salazzle
|-activate|p2a: Salazzle|move: Protect
|
|-heal|p2a: Salazzle|65/100|[from] item: Leftovers
|-damage|p1a: Silvally|76/100 tox|[from] psn
|upkeep
|turn|39
|c|☆Batataplays|Pois é kkkk
|
|t:|1653574699
|move|p2a: Salazzle|Substitute|p2a: Salazzle
|-start|p2a: Salazzle|Substitute
|-damage|p2a: Salazzle|40/100
|move|p1a: Silvally|Rock Slide|p2a: Salazzle
|-supereffective|p2a: Salazzle
|-end|p2a: Salazzle|Substitute
|
|-heal|p2a: Salazzle|46/100|[from] item: Leftovers
|-damage|p1a: Silvally|58/100 tox|[from] psn
|upkeep
|turn|40
|
|t:|1653574702
|move|p2a: Salazzle|Protect|p2a: Salazzle
|-singleturn|p2a: Salazzle|Protect
|move|p1a: Silvally|Rock Slide|p2a: Salazzle
|-activate|p2a: Salazzle|move: Protect
|
|-heal|p2a: Salazzle|52/100|[from] item: Leftovers
|-damage|p1a: Silvally|34/100 tox|[from] psn
|upkeep
|turn|41
|
|t:|1653574706
|move|p2a: Salazzle|Flamethrower|p1a: Silvally
|-damage|p1a: Silvally|0 fnt
|faint|p1a: Silvally
|
|win|Batataplays
|l|☆Eu188q717188191
