|raw|<div class="broadcast-blue"><strong>This battle is required to be public due to a player having a name starting with 'btlt200'.</div>
|j|☆ayevon
|j|☆BTLT200$ SF'
|t:|1668186246
|gametype|singles
|player|p1|ayevon|101|1753
|player|p2|BTLT200$ SF'|palmer|1861
|teamsize|p1|6
|teamsize|p2|6
|gen|8
|tier|[Gen 8] OU
|rated|
|rule|Sleep Clause Mod: Limit one foe put to sleep
|rule|Species Clause: Limit one of each Pokémon
|rule|OHKO Clause: OHKO moves are banned
|rule|Evasion Items Clause: Evasion items are banned
|rule|Evasion Moves Clause: Evasion moves are banned
|rule|Endless Battle Clause: Forcing endless battles is banned
|rule|HP Percentage Mod: HP is shown in percentages
|rule|Dynamax Clause: You cannot dynamax
|clearpoke
|poke|p1|Slowking, F|
|poke|p1|Buzzwole|
|poke|p1|Ferrothorn, M|
|poke|p1|Tapu Koko|
|poke|p1|Landorus-Therian, M|
|poke|p1|Tyranitar, M|
|poke|p2|Corviknight, F|
|poke|p2|Tornadus-Therian, M|
|poke|p2|Toxapex, M|
|poke|p2|Clefable, F|
|poke|p2|Hippowdon, M|
|poke|p2|Heatran, F|
|teampreview
|inactive|Battle timer is ON: inactive players will automatically lose when time's up. (requested by BTLT200$ SF')
|
|t:|1668186254
|start
|switch|p1a: Ferrothorn|Ferrothorn, M|100/100
|switch|p2a: Tornadus|Tornadus-Therian, M|100/100
|turn|1
|j| oakdeon
|
|t:|1668186256
|switch|p1a: Landorus|Landorus-Therian, M|100/100
|-ability|p1a: Landorus|Intimidate|boost
|-unboost|p2a: Tornadus|atk|1
|move|p2a: Tornadus|Knock Off|p1a: Landorus
|-damage|p1a: Landorus|87/100
|-enditem|p1a: Landorus|Leftovers|[from] move: Knock Off|[of] p2a: Tornadus
|
|upkeep
|turn|2
|
|t:|1668186259
|move|p2a: Tornadus|Toxic|p1a: Landorus
|-status|p1a: Landorus|tox
|move|p1a: Landorus|Toxic|p2a: Tornadus
|-status|p2a: Tornadus|tox
|
|-damage|p2a: Tornadus|94/100 tox|[from] psn
|-damage|p1a: Landorus|81/100 tox|[from] psn
|upkeep
|turn|3
|j| BTLT200$ brrr
|
|t:|1668186263
|switch|p2a: Corviknight|Corviknight, F|100/100
|-ability|p2a: Corviknight|Pressure
|move|p1a: Landorus|U-turn|p2a: Corviknight
|-resisted|p2a: Corviknight
|-damage|p2a: Corviknight|97/100
|
|t:|1668186265
|switch|p1a: Ferrothorn|Ferrothorn, M|100/100|[from]move: U-turn
|
|-heal|p2a: Corviknight|100/100|[from] item: Leftovers
|upkeep
|turn|4
|
|t:|1668186273
|switch|p2a: Tornadus|Tornadus-Therian, M|100/100 tox
|move|p1a: Ferrothorn|Knock Off|p2a: Tornadus
|-damage|p2a: Tornadus|80/100 tox
|-damage|p1a: Ferrothorn|84/100|[from] item: Rocky Helmet|[of] p2a: Tornadus
|-enditem|p2a: Tornadus|Rocky Helmet|[from] move: Knock Off|[of] p1a: Ferrothorn
|
|-heal|p1a: Ferrothorn|90/100|[from] item: Leftovers
|-damage|p2a: Tornadus|74/100 tox|[from] psn
|upkeep
|turn|5
|
|t:|1668186278
|switch|p1a: Landorus|Landorus-Therian, M|81/100 tox
|-ability|p1a: Landorus|Intimidate|boost
|-unboost|p2a: Tornadus|atk|1
|move|p2a: Tornadus|Knock Off|p1a: Landorus
|-damage|p1a: Landorus|72/100 tox
|
|-damage|p2a: Tornadus|62/100 tox|[from] psn
|-damage|p1a: Landorus|66/100 tox|[from] psn
|upkeep
|turn|6
|
|t:|1668186280
|switch|p2a: Corviknight|Corviknight, F|100/100
|-ability|p2a: Corviknight|Pressure
|move|p1a: Landorus|U-turn|p2a: Corviknight
|-resisted|p2a: Corviknight
|-damage|p2a: Corviknight|97/100
|
|t:|1668186283
|switch|p1a: Ferrothorn|Ferrothorn, M|90/100|[from]move: U-turn
|
|-heal|p2a: Corviknight|100/100|[from] item: Leftovers
|-heal|p1a: Ferrothorn|97/100|[from] item: Leftovers
|upkeep
|turn|7
|
|t:|1668186286
|switch|p2a: Tornadus|Tornadus-Therian, M|95/100 tox
|move|p1a: Ferrothorn|Stealth Rock|p2a: Tornadus
|-sidestart|p2: BTLT200$ SF'|move: Stealth Rock
|
|-heal|p1a: Ferrothorn|100/100|[from] item: Leftovers
|-damage|p2a: Tornadus|89/100 tox|[from] psn
|upkeep
|turn|8
|
|t:|1668186288
|move|p2a: Tornadus|Defog|p1a: Ferrothorn
|-unboost|p1a: Ferrothorn|evasion|1
|-sideend|p2: BTLT200$ SF'|Stealth Rock|[from] move: Defog|[of] p2a: Tornadus
|move|p1a: Ferrothorn|Leech Seed|p2a: Tornadus
|-start|p2a: Tornadus|move: Leech Seed
|
|-damage|p2a: Tornadus|76/100 tox|[from] Leech Seed|[of] p1a: Ferrothorn
|-damage|p2a: Tornadus|64/100 tox|[from] psn
|upkeep
|turn|9
|
|t:|1668186292
|switch|p2a: Corviknight|Corviknight, F|100/100
|-ability|p2a: Corviknight|Pressure
|move|p1a: Ferrothorn|Stealth Rock|p2a: Corviknight
|-sidestart|p2: BTLT200$ SF'|move: Stealth Rock
|
|upkeep
|turn|10
|j| stnrts
|
|t:|1668186295
|move|p2a: Corviknight|Defog|p1a: Ferrothorn
|-unboost|p1a: Ferrothorn|evasion|1
|-sideend|p2: BTLT200$ SF'|Stealth Rock|[from] move: Defog|[of] p2a: Corviknight
|move|p1a: Ferrothorn|Knock Off|p2a: Corviknight
|-damage|p2a: Corviknight|86/100
|-enditem|p2a: Corviknight|Leftovers|[from] move: Knock Off|[of] p1a: Ferrothorn
|
|upkeep
|turn|11
|
|t:|1668186298
|switch|p2a: Tornadus|Tornadus-Therian, M|97/100 tox
|move|p1a: Ferrothorn|Stealth Rock|p2a: Tornadus
|-sidestart|p2: BTLT200$ SF'|move: Stealth Rock
|
|-damage|p2a: Tornadus|91/100 tox|[from] psn
|upkeep
|turn|12
|
|t:|1668186299
|move|p2a: Tornadus|Defog|p1a: Ferrothorn
|-unboost|p1a: Ferrothorn|evasion|1
|-sideend|p2: BTLT200$ SF'|Stealth Rock|[from] move: Defog|[of] p2a: Tornadus
|move|p1a: Ferrothorn|Leech Seed|p2a: Tornadus
|-start|p2a: Tornadus|move: Leech Seed
|
|-damage|p2a: Tornadus|79/100 tox|[from] Leech Seed|[of] p1a: Ferrothorn
|-damage|p2a: Tornadus|67/100 tox|[from] psn
|upkeep
|turn|13
|
|t:|1668186301
|switch|p2a: Corviknight|Corviknight, F|86/100
|-ability|p2a: Corviknight|Pressure
|switch|p1a: Slowking|Slowking, F|100/100
|
|upkeep
|turn|14
|
|t:|1668186304
|move|p2a: Corviknight|U-turn|p1a: Slowking
|-supereffective|p1a: Slowking
|-damage|p1a: Slowking|70/100
|
|t:|1668186305
|switch|p2a: Toxapex|Toxapex, M|100/100|[from]move: U-turn
|move|p1a: Slowking|Future Sight|p2a: Toxapex
|-start|p1a: Slowking|move: Future Sight
|
|upkeep
|turn|15
|
|t:|1668186308
|move|p2a: Toxapex|Light Screen|p2a: Toxapex
|-sidestart|p2: BTLT200$ SF'|move: Light Screen
|move|p1a: Slowking|Teleport|p1a: Slowking
|
|t:|1668186313
|switch|p1a: Tapu Koko|Tapu Koko|100/100|[from]move: Teleport
|-fieldstart|move: Electric Terrain|[from] ability: Electric Surge|[of] p1a: Tapu Koko
|
|upkeep
|turn|16
|
|t:|1668186316
|switch|p1a: Ferrothorn|Ferrothorn, M|100/100
|switch|p2a: Hippowdon|Hippowdon, M|100/100
|-weather|Sandstorm|[from] ability: Sand Stream|[of] p2a: Hippowdon
|
|-weather|Sandstorm|[upkeep]
|-end|p2a: Hippowdon|move: Future Sight
|-damage|p2a: Hippowdon|86/100
|-heal|p2a: Hippowdon|92/100|[from] item: Leftovers
|upkeep
|turn|17
|
|t:|1668186320
|switch|p2a: Corviknight|Corviknight, F|86/100
|-ability|p2a: Corviknight|Pressure
|move|p1a: Ferrothorn|Leech Seed|p2a: Corviknight
|-start|p2a: Corviknight|move: Leech Seed
|
|-weather|Sandstorm|[upkeep]
|-damage|p2a: Corviknight|74/100|[from] Leech Seed|[of] p1a: Ferrothorn
|upkeep
|turn|18
|
|t:|1668186326
|switch|p2a: Tornadus|Tornadus-Therian, M|99/100 tox
|move|p1a: Ferrothorn|Stealth Rock|p2a: Tornadus
|-sidestart|p2: BTLT200$ SF'|move: Stealth Rock
|
|-weather|Sandstorm|[upkeep]
|-damage|p2a: Tornadus|94/100 tox|[from] Sandstorm
|-damage|p2a: Tornadus|88/100 tox|[from] psn
|upkeep
|turn|19
|
|t:|1668186328
|move|p2a: Tornadus|Defog|p1a: Ferrothorn
|-unboost|p1a: Ferrothorn|evasion|1
|-sideend|p2: BTLT200$ SF'|Stealth Rock|[from] move: Defog|[of] p2a: Tornadus
|-fieldend|move: Electric Terrain
|move|p1a: Ferrothorn|Leech Seed|p2a: Tornadus
|-start|p2a: Tornadus|move: Leech Seed
|
|-weather|Sandstorm|[upkeep]
|-damage|p2a: Tornadus|81/100 tox|[from] Sandstorm
|-damage|p2a: Tornadus|69/100 tox|[from] Leech Seed|[of] p1a: Ferrothorn
|-damage|p2a: Tornadus|57/100 tox|[from] psn
|-sideend|p2: BTLT200$ SF'|move: Light Screen
|upkeep
|turn|20
|
|t:|1668186331
|switch|p2a: Corviknight|Corviknight, F|74/100
|-ability|p2a: Corviknight|Pressure
|move|p1a: Ferrothorn|Leech Seed|p2a: Corviknight
|-start|p2a: Corviknight|move: Leech Seed
|
|-weather|none
|-damage|p2a: Corviknight|61/100|[from] Leech Seed|[of] p1a: Ferrothorn
|upkeep
|turn|21
|
|t:|1668186336
|switch|p2a: Tornadus|Tornadus-Therian, M|90/100 tox
|move|p1a: Ferrothorn|Stealth Rock|p2a: Tornadus
|-sidestart|p2: BTLT200$ SF'|move: Stealth Rock
|
|-damage|p2a: Tornadus|84/100 tox|[from] psn
|upkeep
|turn|22
|
|t:|1668186338
|move|p2a: Tornadus|Defog|p1a: Ferrothorn
|-unboost|p1a: Ferrothorn|evasion|1
|-sideend|p2: BTLT200$ SF'|Stealth Rock|[from] move: Defog|[of] p2a: Tornadus
|move|p1a: Ferrothorn|Power Whip|p2a: Tornadus|[miss]
|-miss|p1a: Ferrothorn|p2a: Tornadus
|
|-damage|p2a: Tornadus|72/100 tox|[from] psn
|upkeep
|turn|23
|
|t:|1668186344
|switch|p1a: Slowking|Slowking, F|100/100
|move|p2a: Tornadus|Knock Off|p1a: Slowking
|-supereffective|p1a: Slowking
|-crit|p1a: Slowking
|-damage|p1a: Slowking|33/100
|-enditem|p1a: Slowking|Heavy-Duty Boots|[from] move: Knock Off|[of] p2a: Tornadus
|
|-damage|p2a: Tornadus|54/100 tox|[from] psn
|upkeep
|turn|24
|
|t:|1668186349
|switch|p2a: Toxapex|Toxapex, M|100/100
|switch|p1a: Ferrothorn|Ferrothorn, M|100/100
|
|upkeep
|turn|25
|
|t:|1668186352
|switch|p2a: Corviknight|Corviknight, F|61/100
|-ability|p2a: Corviknight|Pressure
|switch|p1a: Slowking|Slowking, F|66/100
|
|upkeep
|turn|26
|
|t:|1668186354
|move|p2a: Corviknight|U-turn|p1a: Slowking
|-supereffective|p1a: Slowking
|-damage|p1a: Slowking|36/100
|
|t:|1668186355
|switch|p2a: Toxapex|Toxapex, M|100/100|[from]move: U-turn
|move|p1a: Slowking|Scald|p2a: Toxapex
|-resisted|p2a: Toxapex
|-damage|p2a: Toxapex|92/100
|-status|p2a: Toxapex|brn
|
|-damage|p2a: Toxapex|85/100 brn|[from] brn
|upkeep
|turn|27
|
|t:|1668186359
|switch|p1a: Ferrothorn|Ferrothorn, M|100/100
|move|p2a: Toxapex|Toxic|p1a: Ferrothorn
|-immune|p1a: Ferrothorn
|
|-damage|p2a: Toxapex|79/100 brn|[from] brn
|upkeep
|turn|28
|
|t:|1668186363
|switch|p2a: Corviknight|Corviknight, F|61/100
|-ability|p2a: Corviknight|Pressure
|move|p1a: Ferrothorn|Knock Off|p2a: Corviknight
|-damage|p2a: Corviknight|53/100
|
|upkeep
|turn|29
|
|t:|1668186365
|switch|p1a: Slowking|Slowking, F|70/100
|move|p2a: Corviknight|Roost|p2a: Corviknight
|-heal|p2a: Corviknight|100/100
|-singleturn|p2a: Corviknight|move: Roost
|
|upkeep
|turn|30
|
|t:|1668186367
|move|p2a: Corviknight|U-turn|p1a: Slowking
|-supereffective|p1a: Slowking
|-damage|p1a: Slowking|41/100
|
|t:|1668186368
|switch|p2a: Toxapex|Toxapex, M|100/100 brn|[from]move: U-turn
|move|p1a: Slowking|Future Sight|p2a: Toxapex
|-start|p1a: Slowking|move: Future Sight
|
|-damage|p2a: Toxapex|94/100 brn|[from] brn
|upkeep
|turn|31
|
|t:|1668186370
|move|p2a: Toxapex|Light Screen|p2a: Toxapex
|-sidestart|p2: BTLT200$ SF'|move: Light Screen
|move|p1a: Slowking|Teleport|p1a: Slowking
|
|t:|1668186372
|switch|p1a: Tapu Koko|Tapu Koko|100/100|[from]move: Teleport
|-fieldstart|move: Electric Terrain|[from] ability: Electric Surge|[of] p1a: Tapu Koko
|
|-damage|p2a: Toxapex|88/100 brn|[from] brn
|upkeep
|turn|32
|
|t:|1668186375
|switch|p1a: Ferrothorn|Ferrothorn, M|100/100
|switch|p2a: Clefable|Clefable, F|100/100
|
|-end|p2a: Clefable|move: Future Sight
|-damage|p2a: Clefable|81/100
|-heal|p2a: Clefable|87/100|[from] item: Leftovers
|upkeep
|turn|33
|
|t:|1668186382
|move|p2a: Clefable|Aromatherapy|p2a: Clefable
|-activate|p2a: Clefable|move: Aromatherapy
|-curestatus|p2: Toxapex|brn|[msg]
|-curestatus|p2: Tornadus|tox|[msg]
|move|p1a: Ferrothorn|Stealth Rock|p2a: Clefable
|-sidestart|p2: BTLT200$ SF'|move: Stealth Rock
|
|-heal|p2a: Clefable|93/100|[from] item: Leftovers
|upkeep
|turn|34
|
|t:|1668186387
|switch|p2a: Corviknight|Corviknight, F|100/100
|-damage|p2a: Corviknight|88/100|[from] Stealth Rock
|-ability|p2a: Corviknight|Pressure
|switch|p1a: Slowking|Slowking, F|74/100
|
|upkeep
|turn|35
|
|t:|1668186393
|move|p2a: Corviknight|Defog|p1a: Slowking
|-unboost|p1a: Slowking|evasion|1
|-sideend|p2: BTLT200$ SF'|Stealth Rock|[from] move: Defog|[of] p2a: Corviknight
|-fieldend|move: Electric Terrain
|move|p1a: Slowking|Scald|p2a: Corviknight
|-damage|p2a: Corviknight|76/100
|
|-sideend|p2: BTLT200$ SF'|move: Light Screen
|upkeep
|turn|36
|
|t:|1668186399
|switch|p2a: Toxapex|Toxapex, M|100/100
|move|p1a: Slowking|Future Sight|p2a: Toxapex
|-start|p1a: Slowking|move: Future Sight
|
|upkeep
|turn|37
|
|t:|1668186401
|move|p2a: Toxapex|Light Screen|p2a: Toxapex
|-sidestart|p2: BTLT200$ SF'|move: Light Screen
|move|p1a: Slowking|Teleport|p1a: Slowking
|
|t:|1668186404
|switch|p1a: Tapu Koko|Tapu Koko|100/100|[from]move: Teleport
|-fieldstart|move: Electric Terrain|[from] ability: Electric Surge|[of] p1a: Tapu Koko
|
|upkeep
|turn|38
|
|t:|1668186409
|switch|p1a: Ferrothorn|Ferrothorn, M|100/100
|move|p2a: Toxapex|Toxic|p1a: Ferrothorn
|-immune|p1a: Ferrothorn
|
|-end|p2a: Toxapex|move: Future Sight
|-supereffective|p2a: Toxapex
|-damage|p2a: Toxapex|74/100
|upkeep
|turn|39
|
|t:|1668186414
|switch|p2a: Tornadus|Tornadus-Therian, M|87/100
|move|p1a: Ferrothorn|Knock Off|p2a: Tornadus
|-damage|p2a: Tornadus|73/100
|
|upkeep
|turn|40
|
|t:|1668186418
|switch|p1a: Slowking|Slowking, F|100/100
|move|p2a: Tornadus|Knock Off|p1a: Slowking
|-supereffective|p1a: Slowking
|-damage|p1a: Slowking|74/100
|
|upkeep
|turn|41
|
|t:|1668186421
|switch|p2a: Toxapex|Toxapex, M|100/100
|move|p1a: Slowking|Scald|p2a: Toxapex
|-resisted|p2a: Toxapex
|-damage|p2a: Toxapex|96/100
|
|-sideend|p2: BTLT200$ SF'|move: Light Screen
|-fieldend|move: Electric Terrain
|upkeep
|turn|42
|
|t:|1668186423
|switch|p1a: Ferrothorn|Ferrothorn, M|100/100
|move|p2a: Toxapex|Toxic|p1a: Ferrothorn
|-immune|p1a: Ferrothorn
|
|upkeep
|turn|43
|
|t:|1668186427
|switch|p2a: Tornadus|Tornadus-Therian, M|100/100
|move|p1a: Ferrothorn|Knock Off|p2a: Tornadus
|-damage|p2a: Tornadus|86/100
|
|upkeep
|turn|44
|
|t:|1668186430
|switch|p1a: Slowking|Slowking, F|100/100
|move|p2a: Tornadus|Toxic|p1a: Slowking
|-status|p1a: Slowking|tox
|
|-damage|p1a: Slowking|94/100 tox|[from] psn
|upkeep
|turn|45
|
|t:|1668186432
|switch|p2a: Toxapex|Toxapex, M|100/100
|move|p1a: Slowking|Scald|p2a: Toxapex
|-resisted|p2a: Toxapex
|-damage|p2a: Toxapex|92/100
|
|-damage|p1a: Slowking|82/100 tox|[from] psn
|upkeep
|turn|46
|
|t:|1668186438
|move|p2a: Toxapex|Light Screen|p2a: Toxapex
|-sidestart|p2: BTLT200$ SF'|move: Light Screen
|move|p1a: Slowking|Scald|p2a: Toxapex
|-resisted|p2a: Toxapex
|-damage|p2a: Toxapex|87/100
|-status|p2a: Toxapex|brn
|
|-damage|p1a: Slowking|64/100 tox|[from] psn
|-damage|p2a: Toxapex|81/100 brn|[from] brn
|upkeep
|turn|47
|
|t:|1668186441
|move|p2a: Toxapex|Scald|p1a: Slowking
|-resisted|p1a: Slowking
|-damage|p1a: Slowking|59/100 tox
|move|p1a: Slowking|Teleport|p1a: Slowking
|
|t:|1668186446
|switch|p1a: Tyranitar|Tyranitar, M|100/100|[from]move: Teleport
|-weather|Sandstorm|[from] ability: Sand Stream|[of] p1a: Tyranitar
|
|-weather|Sandstorm|[upkeep]
|-damage|p2a: Toxapex|75/100 brn|[from] Sandstorm
|-damage|p2a: Toxapex|68/100 brn|[from] brn
|upkeep
|turn|48
|
|t:|1668186459
|switch|p1a: Slowking|Slowking, F|92/100 tox
|switch|p2a: Corviknight|Corviknight, F|76/100
|-ability|p2a: Corviknight|Pressure
|
|-weather|Sandstorm|[upkeep]
|-damage|p1a: Slowking|86/100 tox|[from] Sandstorm
|-damage|p1a: Slowking|80/100 tox|[from] psn
|upkeep
|turn|49
|j| Azure_Cry$ta1
|
|t:|1668186467
|move|p2a: Corviknight|Roost|p2a: Corviknight
|-heal|p2a: Corviknight|100/100
|-singleturn|p2a: Corviknight|move: Roost
|move|p1a: Slowking|Future Sight|p2a: Corviknight
|-start|p1a: Slowking|move: Future Sight
|
|-weather|Sandstorm|[upkeep]
|-damage|p1a: Slowking|74/100 tox|[from] Sandstorm
|-damage|p1a: Slowking|62/100 tox|[from] psn
|upkeep
|turn|50
|
|t:|1668186470
|switch|p1a: Tapu Koko|Tapu Koko|100/100
|-fieldstart|move: Electric Terrain|[from] ability: Electric Surge|[of] p1a: Tapu Koko
|move|p2a: Corviknight|U-turn|p1a: Tapu Koko
|-resisted|p1a: Tapu Koko
|-damage|p1a: Tapu Koko|91/100
|
|t:|1668186475
|switch|p2a: Hippowdon|Hippowdon, M|92/100|[from]move: U-turn
|
|-weather|Sandstorm|[upkeep]
|-damage|p1a: Tapu Koko|85/100|[from] Sandstorm
|-heal|p2a: Hippowdon|98/100|[from] item: Leftovers
|-sideend|p2: BTLT200$ SF'|move: Light Screen
|upkeep
|turn|51
|
|t:|1668186482
|switch|p1a: Ferrothorn|Ferrothorn, M|100/100
|move|p2a: Hippowdon|Stealth Rock|p1a: Ferrothorn
|-sidestart|p1: ayevon|move: Stealth Rock
|
|-weather|none
|-end|p2a: Hippowdon|move: Future Sight
|-damage|p2a: Hippowdon|67/100
|-heal|p2a: Hippowdon|73/100|[from] item: Leftovers
|upkeep
|turn|52
|
|t:|1668186486
|switch|p2a: Tornadus|Tornadus-Therian, M|100/100
|move|p1a: Ferrothorn|Stealth Rock|p2a: Tornadus
|-sidestart|p2: BTLT200$ SF'|move: Stealth Rock
|
|upkeep
|turn|53
|
|t:|1668186490
|switch|p1a: Slowking|Slowking, F|95/100 tox
|-damage|p1a: Slowking|82/100 tox|[from] Stealth Rock
|move|p2a: Tornadus|Defog|p1a: Slowking
|-unboost|p1a: Slowking|evasion|1
|-sideend|p1: ayevon|Stealth Rock|[from] move: Defog|[of] p2a: Tornadus
|-sideend|p2: BTLT200$ SF'|Stealth Rock|[from] move: Defog|[of] p2a: Tornadus
|-fieldend|move: Electric Terrain
|
|-damage|p1a: Slowking|76/100 tox|[from] psn
|upkeep
|turn|54
|
|t:|1668186493
|switch|p2a: Toxapex|Toxapex, M|100/100 brn
|move|p1a: Slowking|Future Sight|p2a: Toxapex
|-start|p1a: Slowking|move: Future Sight
|
|-damage|p1a: Slowking|64/100 tox|[from] psn
|-damage|p2a: Toxapex|94/100 brn|[from] brn
|upkeep
|turn|55
|
|t:|1668186496
|move|p2a: Toxapex|Light Screen|p2a: Toxapex
|-sidestart|p2: BTLT200$ SF'|move: Light Screen
|move|p1a: Slowking|Teleport|p1a: Slowking
|
|t:|1668186497
|switch|p1a: Tyranitar|Tyranitar, M|100/100|[from]move: Teleport
|-weather|Sandstorm|[from] ability: Sand Stream|[of] p1a: Tyranitar
|
|-weather|Sandstorm|[upkeep]
|-damage|p2a: Toxapex|88/100 brn|[from] Sandstorm
|-damage|p2a: Toxapex|82/100 brn|[from] brn
|upkeep
|turn|56
|
|t:|1668186504
|switch|p2a: Corviknight|Corviknight, F|100/100
|-ability|p2a: Corviknight|Pressure
|move|p1a: Tyranitar|Stone Edge|p2a: Corviknight
|-damage|p2a: Corviknight|45/100
|
|-weather|Sandstorm|[upkeep]
|-end|p2a: Corviknight|move: Future Sight
|-resisted|p2a: Corviknight
|-damage|p2a: Corviknight|35/100
|upkeep
|turn|57
|
|t:|1668186511
|switch|p1a: Ferrothorn|Ferrothorn, M|100/100
|switch|p2a: Hippowdon|Hippowdon, M|73/100
|
|-weather|Sandstorm|[upkeep]
|-heal|p2a: Hippowdon|80/100|[from] item: Leftovers
|upkeep
|turn|58
|
|t:|1668186524
|switch|p2a: Corviknight|Corviknight, F|35/100
|-ability|p2a: Corviknight|Pressure
|switch|p1a: Tyranitar|Tyranitar, M|100/100
|
|-weather|Sandstorm|[upkeep]
|upkeep
|turn|59
|
|t:|1668186528
|switch|p2a: Toxapex|Toxapex, M|100/100 brn
|move|p1a: Tyranitar|Crunch|p2a: Toxapex
|-damage|p2a: Toxapex|44/100 brn
|-unboost|p2a: Toxapex|def|1
|
|-weather|none
|-damage|p2a: Toxapex|38/100 brn|[from] brn
|-sideend|p2: BTLT200$ SF'|move: Light Screen
|upkeep
|turn|60
|
|t:|1668186533
|switch|p1a: Slowking|Slowking, F|97/100 tox
|switch|p2a: Clefable|Clefable, F|93/100
|
|-heal|p2a: Clefable|99/100|[from] item: Leftovers
|-damage|p1a: Slowking|91/100 tox|[from] psn
|upkeep
|turn|61
|
|t:|1668186540
|switch|p2a: Corviknight|Corviknight, F|35/100
|-ability|p2a: Corviknight|Pressure
|move|p1a: Slowking|Future Sight|p2a: Corviknight
|-start|p1a: Slowking|move: Future Sight
|
|-damage|p1a: Slowking|79/100 tox|[from] psn
|upkeep
|turn|62
|
|t:|1668186541
|move|p2a: Corviknight|Roost|p2a: Corviknight
|-heal|p2a: Corviknight|85/100
|-singleturn|p2a: Corviknight|move: Roost
|move|p1a: Slowking|Teleport|p1a: Slowking
|
|t:|1668186543
|switch|p1a: Tapu Koko|Tapu Koko|85/100|[from]move: Teleport
|-fieldstart|move: Electric Terrain|[from] ability: Electric Surge|[of] p1a: Tapu Koko
|
|upkeep
|turn|63
|
|t:|1668186551
|switch|p2a: Hippowdon|Hippowdon, M|80/100
|-weather|Sandstorm|[from] ability: Sand Stream|[of] p2a: Hippowdon
|move|p1a: Tapu Koko|Dazzling Gleam|p2a: Hippowdon
|-damage|p2a: Hippowdon|54/100
|
|-weather|Sandstorm|[upkeep]
|-damage|p1a: Tapu Koko|79/100|[from] Sandstorm
|-end|p2a: Hippowdon|move: Future Sight
|-damage|p2a: Hippowdon|22/100
|-heal|p2a: Hippowdon|28/100|[from] item: Leftovers
|upkeep
|turn|64
|
|t:|1668186557
|move|p1a: Tapu Koko|Dazzling Gleam|p2a: Hippowdon
|-damage|p2a: Hippowdon|4/100
|move|p2a: Hippowdon|Slack Off|p2a: Hippowdon
|-heal|p2a: Hippowdon|54/100
|
|-weather|Sandstorm|[upkeep]
|-damage|p1a: Tapu Koko|73/100|[from] Sandstorm
|-heal|p2a: Hippowdon|60/100|[from] item: Leftovers
|upkeep
|turn|65
|
|t:|1668186559
|switch|p1a: Ferrothorn|Ferrothorn, M|100/100
|move|p2a: Hippowdon|Slack Off|p2a: Hippowdon
|-heal|p2a: Hippowdon|100/100
|
|-weather|Sandstorm|[upkeep]
|upkeep
|turn|66
|
|t:|1668186565
|switch|p2a: Corviknight|Corviknight, F|85/100
|-ability|p2a: Corviknight|Pressure
|move|p1a: Ferrothorn|Knock Off|p2a: Corviknight
|-damage|p2a: Corviknight|76/100
|
|-weather|Sandstorm|[upkeep]
|-fieldend|move: Electric Terrain
|upkeep
|turn|67
|
|t:|1668186568
|move|p2a: Corviknight|Roost|p2a: Corviknight
|-heal|p2a: Corviknight|100/100
|-singleturn|p2a: Corviknight|move: Roost
|move|p1a: Ferrothorn|Stealth Rock|p2a: Corviknight
|-sidestart|p2: BTLT200$ SF'|move: Stealth Rock
|
|-weather|none
|upkeep
|turn|68
|
|t:|1668186571
|switch|p1a: Tapu Koko|Tapu Koko|73/100
|-fieldstart|move: Electric Terrain|[from] ability: Electric Surge|[of] p1a: Tapu Koko
|move|p2a: Corviknight|Defog|p1a: Tapu Koko
|-unboost|p1a: Tapu Koko|evasion|1
|-sideend|p2: BTLT200$ SF'|Stealth Rock|[from] move: Defog|[of] p2a: Corviknight
|-fieldend|move: Electric Terrain
|
|upkeep
|turn|69
|
|t:|1668186573
|switch|p1a: Ferrothorn|Ferrothorn, M|100/100
|switch|p2a: Hippowdon|Hippowdon, M|100/100
|-weather|Sandstorm|[from] ability: Sand Stream|[of] p2a: Hippowdon
|
|-weather|Sandstorm|[upkeep]
|upkeep
|turn|70
|
|t:|1668186580
|switch|p2a: Tornadus|Tornadus-Therian, M|100/100
|switch|p1a: Slowking|Slowking, F|100/100 tox
|
|-weather|Sandstorm|[upkeep]
|-damage|p2a: Tornadus|94/100|[from] Sandstorm
|-damage|p1a: Slowking|94/100 tox|[from] Sandstorm
|-damage|p1a: Slowking|88/100 tox|[from] psn
|upkeep
|turn|71
|
|t:|1668186584
|switch|p2a: Toxapex|Toxapex, M|71/100 brn
|move|p1a: Slowking|Future Sight|p2a: Toxapex
|-start|p1a: Slowking|move: Future Sight
|
|-weather|Sandstorm|[upkeep]
|-damage|p2a: Toxapex|65/100 brn|[from] Sandstorm
|-damage|p1a: Slowking|82/100 tox|[from] Sandstorm
|-damage|p1a: Slowking|70/100 tox|[from] psn
|-damage|p2a: Toxapex|58/100 brn|[from] brn
|upkeep
|turn|72
|
|t:|1668186589
|move|p2a: Toxapex|Light Screen|p2a: Toxapex
|-sidestart|p2: BTLT200$ SF'|move: Light Screen
|move|p1a: Slowking|Teleport|p1a: Slowking
|
|t:|1668186593
|switch|p1a: Tyranitar|Tyranitar, M|100/100|[from]move: Teleport
|
|-weather|Sandstorm|[upkeep]
|-damage|p2a: Toxapex|52/100 brn|[from] Sandstorm
|-damage|p2a: Toxapex|46/100 brn|[from] brn
|upkeep
|turn|73
|
|t:|1668186602
|switch|p2a: Corviknight|Corviknight, F|100/100
|-ability|p2a: Corviknight|Pressure
|move|p1a: Tyranitar|Crunch|p2a: Corviknight
|-damage|p2a: Corviknight|54/100
|
|-weather|none
|-end|p2a: Corviknight|move: Future Sight
|-resisted|p2a: Corviknight
|-crit|p2a: Corviknight
|-damage|p2a: Corviknight|25/100
|upkeep
|turn|74
|
|t:|1668186618
|switch|p2a: Clefable|Clefable, F|99/100
|move|p1a: Tyranitar|Crunch|p2a: Clefable
|-resisted|p2a: Clefable
|-damage|p2a: Clefable|73/100
|
|-heal|p2a: Clefable|79/100|[from] item: Leftovers
|upkeep
|turn|75
|
|t:|1668186623
|switch|p1a: Ferrothorn|Ferrothorn, M|100/100
|move|p2a: Clefable|Aromatherapy|p2a: Clefable
|-activate|p2a: Clefable|move: Aromatherapy
|-curestatus|p2: Toxapex|brn|[msg]
|
|-heal|p2a: Clefable|85/100|[from] item: Leftovers
|upkeep
|turn|76
|
|t:|1668186633
|switch|p2a: Corviknight|Corviknight, F|25/100
|-ability|p2a: Corviknight|Pressure
|switch|p1a: Tyranitar|Tyranitar, M|100/100
|-weather|Sandstorm|[from] ability: Sand Stream|[of] p1a: Tyranitar
|
|-weather|Sandstorm|[upkeep]
|-sideend|p2: BTLT200$ SF'|move: Light Screen
|upkeep
|turn|77
|
|t:|1668186645
|switch|p2a: Toxapex|Toxapex, M|79/100
|move|p1a: Tyranitar|Crunch|p2a: Toxapex
|-crit|p2a: Toxapex
|-damage|p2a: Toxapex|1/100
|
|-weather|Sandstorm|[upkeep]
|-damage|p2a: Toxapex|0 fnt|[from] Sandstorm
|faint|p2a: Toxapex
|upkeep
|
|t:|1668186651
|switch|p2a: Clefable|Clefable, F|85/100
|turn|78
|
|t:|1668186654
|switch|p1a: Slowking|Slowking, F|100/100 tox
|switch|p2a: Heatran|Heatran, F|100/100
|-item|p2a: Heatran|Air Balloon
|
|-weather|Sandstorm|[upkeep]
|-damage|p1a: Slowking|94/100 tox|[from] Sandstorm
|-damage|p1a: Slowking|88/100 tox|[from] psn
|upkeep
|turn|79
|
|t:|1668186668
|move|p2a: Heatran|Taunt|p1a: Slowking
|-start|p1a: Slowking|move: Taunt
|move|p1a: Slowking|Scald|p2a: Heatran
|-supereffective|p2a: Heatran
|-damage|p2a: Heatran|63/100
|-enditem|p2a: Heatran|Air Balloon
|
|-weather|Sandstorm|[upkeep]
|-damage|p1a: Slowking|82/100 tox|[from] Sandstorm
|-damage|p1a: Slowking|70/100 tox|[from] psn
|upkeep
|turn|80
|
|t:|1668186671
|switch|p1a: Landorus|Landorus-Therian, M|66/100 tox
|-ability|p1a: Landorus|Intimidate|boost
|-unboost|p2a: Heatran|atk|1
|move|p2a: Heatran|Magma Storm|p1a: Landorus
|-damage|p1a: Landorus|32/100 tox
|-activate|p1a: Landorus|move: Magma Storm|[of] p2a: Heatran
|
|-weather|none
|-damage|p1a: Landorus|26/100 tox|[from] psn
|-damage|p1a: Landorus|14/100 tox|[from] move: Magma Storm|[partiallytrapped]
|upkeep
|turn|81
|
|t:|1668186675
|switch|p2a: Tornadus|Tornadus-Therian, M|100/100
|move|p1a: Landorus|U-turn|p2a: Tornadus
|-resisted|p2a: Tornadus
|-damage|p2a: Tornadus|88/100
|
|t:|1668186679
|switch|p1a: Tapu Koko|Tapu Koko|73/100|[from]move: U-turn
|-fieldstart|move: Electric Terrain|[from] ability: Electric Surge|[of] p1a: Tapu Koko
|
|upkeep
|turn|82
|
|t:|1668186682
|switch|p2a: Hippowdon|Hippowdon, M|100/100
|-weather|Sandstorm|[from] ability: Sand Stream|[of] p2a: Hippowdon
|move|p1a: Tapu Koko|Thunderbolt|p2a: Hippowdon
|-immune|p2a: Hippowdon
|
|-weather|Sandstorm|[upkeep]
|-damage|p1a: Tapu Koko|67/100|[from] Sandstorm
|upkeep
|turn|83
|
|t:|1668186686
|switch|p1a: Ferrothorn|Ferrothorn, M|100/100
|switch|p2a: Heatran|Heatran, F|63/100
|
|-weather|Sandstorm|[upkeep]
|upkeep
|turn|84
|
|t:|1668186699
|switch|p1a: Landorus|Landorus-Therian, M|14/100 tox
|-ability|p1a: Landorus|Intimidate|boost
|-unboost|p2a: Heatran|atk|1
|move|p2a: Heatran|Magma Storm|p1a: Landorus
|-damage|p1a: Landorus|0 fnt
|faint|p1a: Landorus
|
|-weather|Sandstorm|[upkeep]
|upkeep
|
|t:|1668186703
|switch|p1a: Buzzwole|Buzzwole|100/100
|turn|85
|
|t:|1668186705
|switch|p2a: Clefable|Clefable, F|85/100
|move|p1a: Buzzwole|Close Combat|p2a: Clefable
|-resisted|p2a: Clefable
|-damage|p2a: Clefable|61/100
|-unboost|p1a: Buzzwole|def|1
|-unboost|p1a: Buzzwole|spd|1
|
|-weather|Sandstorm|[upkeep]
|-damage|p1a: Buzzwole|94/100|[from] Sandstorm
|-damage|p2a: Clefable|55/100|[from] Sandstorm
|-heal|p2a: Clefable|61/100|[from] item: Leftovers
|-fieldend|move: Electric Terrain
|upkeep
|turn|86
|
|t:|1668186711
|switch|p1a: Ferrothorn|Ferrothorn, M|100/100
|move|p2a: Clefable|Soft-Boiled|p2a: Clefable
|-heal|p2a: Clefable|100/100
|
|-weather|none
|upkeep
|turn|87
|
|t:|1668186714
|switch|p2a: Corviknight|Corviknight, F|25/100
|-ability|p2a: Corviknight|Pressure
|move|p1a: Ferrothorn|Stealth Rock|p2a: Corviknight
|-sidestart|p2: BTLT200$ SF'|move: Stealth Rock
|
|upkeep
|turn|88
|
|t:|1668186717
|move|p2a: Corviknight|Roost|p2a: Corviknight
|-heal|p2a: Corviknight|75/100
|-singleturn|p2a: Corviknight|move: Roost
|move|p1a: Ferrothorn|Leech Seed|p2a: Corviknight
|-start|p2a: Corviknight|move: Leech Seed
|
|-damage|p2a: Corviknight|62/100|[from] Leech Seed|[of] p1a: Ferrothorn
|upkeep
|turn|89
|
|t:|1668186720
|move|p2a: Corviknight|Defog|p1a: Ferrothorn
|-unboost|p1a: Ferrothorn|evasion|1
|-sideend|p2: BTLT200$ SF'|Stealth Rock|[from] move: Defog|[of] p2a: Corviknight
|move|p1a: Ferrothorn|Knock Off|p2a: Corviknight
|-damage|p2a: Corviknight|53/100
|
|-damage|p2a: Corviknight|41/100|[from] Leech Seed|[of] p1a: Ferrothorn
|upkeep
|turn|90
|
|t:|1668186722
|move|p2a: Corviknight|Roost|p2a: Corviknight
|-heal|p2a: Corviknight|91/100
|-singleturn|p2a: Corviknight|move: Roost
|move|p1a: Ferrothorn|Knock Off|p2a: Corviknight
|-damage|p2a: Corviknight|81/100
|
|-damage|p2a: Corviknight|69/100|[from] Leech Seed|[of] p1a: Ferrothorn
|upkeep
|turn|91
|
|t:|1668186725
|move|p2a: Corviknight|Roost|p2a: Corviknight
|-heal|p2a: Corviknight|100/100
|-singleturn|p2a: Corviknight|move: Roost
|move|p1a: Ferrothorn|Stealth Rock|p2a: Corviknight
|-sidestart|p2: BTLT200$ SF'|move: Stealth Rock
|
|-damage|p2a: Corviknight|88/100|[from] Leech Seed|[of] p1a: Ferrothorn
|upkeep
|turn|92
|
|t:|1668186727
|move|p2a: Corviknight|Defog|p1a: Ferrothorn
|-unboost|p1a: Ferrothorn|evasion|1
|-sideend|p2: BTLT200$ SF'|Stealth Rock|[from] move: Defog|[of] p2a: Corviknight
|move|p1a: Ferrothorn|Knock Off|p2a: Corviknight
|-crit|p2a: Corviknight
|-damage|p2a: Corviknight|74/100
|
|-damage|p2a: Corviknight|61/100|[from] Leech Seed|[of] p1a: Ferrothorn
|upkeep
|turn|93
|
|t:|1668186742
|switch|p1a: Slowking|Slowking, F|100/100 tox
|move|p2a: Corviknight|Roost|p2a: Corviknight
|-heal|p2a: Corviknight|100/100
|-singleturn|p2a: Corviknight|move: Roost
|
|-damage|p2a: Corviknight|88/100|[from] Leech Seed|[of] p1a: Slowking
|-damage|p1a: Slowking|94/100 tox|[from] psn
|upkeep
|turn|94
|
|t:|1668186747
|move|p2a: Corviknight|U-turn|p1a: Slowking
|-supereffective|p1a: Slowking
|-damage|p1a: Slowking|67/100 tox
|
|t:|1668186753
|switch|p2a: Heatran|Heatran, F|63/100|[from]move: U-turn
|move|p1a: Slowking|Future Sight|p2a: Heatran
|-start|p1a: Slowking|move: Future Sight
|
|-damage|p1a: Slowking|55/100 tox|[from] psn
|upkeep
|turn|95
|
|t:|1668186766
|switch|p2a: Corviknight|Corviknight, F|88/100
|-ability|p2a: Corviknight|Pressure
|move|p1a: Slowking|Scald|p2a: Corviknight
|-damage|p2a: Corviknight|65/100
|-status|p2a: Corviknight|brn
|
|-damage|p1a: Slowking|37/100 tox|[from] psn
|-damage|p2a: Corviknight|59/100 brn|[from] brn
|upkeep
|turn|96
|
|t:|1668186769
|switch|p1a: Ferrothorn|Ferrothorn, M|100/100
|move|p2a: Corviknight|Roost|p2a: Corviknight
|-heal|p2a: Corviknight|100/100 brn
|-singleturn|p2a: Corviknight|move: Roost
|
|-end|p2a: Corviknight|move: Future Sight
|-resisted|p2a: Corviknight
|-damage|p2a: Corviknight|83/100 brn
|-damage|p2a: Corviknight|77/100 brn|[from] brn
|upkeep
|turn|97
|
|t:|1668186772
|switch|p2a: Tornadus|Tornadus-Therian, M|100/100
|move|p1a: Ferrothorn|Leech Seed|p2a: Tornadus|[miss]
|-miss|p1a: Ferrothorn|p2a: Tornadus
|
|upkeep
|turn|98
|
|t:|1668186780
|move|p2a: Tornadus|Knock Off|p1a: Ferrothorn
|-damage|p1a: Ferrothorn|89/100
|-damage|p2a: Tornadus|88/100|[from] ability: Iron Barbs|[of] p1a: Ferrothorn
|-enditem|p1a: Ferrothorn|Leftovers|[from] move: Knock Off|[of] p2a: Tornadus
|move|p1a: Ferrothorn|Leech Seed|p2a: Tornadus|[miss]
|-miss|p1a: Ferrothorn|p2a: Tornadus
|
|upkeep
|turn|99
|
|t:|1668186786
|move|p2a: Tornadus|Knock Off|p1a: Ferrothorn
|-damage|p1a: Ferrothorn|81/100
|-damage|p2a: Tornadus|76/100|[from] ability: Iron Barbs|[of] p1a: Ferrothorn
|move|p1a: Ferrothorn|Leech Seed|p2a: Tornadus
|-start|p2a: Tornadus|move: Leech Seed
|
|-damage|p2a: Tornadus|63/100|[from] Leech Seed|[of] p1a: Ferrothorn
|-heal|p1a: Ferrothorn|94/100|[silent]
|upkeep
|turn|100
|
|t:|1668186788
|switch|p2a: Heatran|Heatran, F|63/100
|move|p1a: Ferrothorn|Stealth Rock|p2a: Heatran
|-sidestart|p2: BTLT200$ SF'|move: Stealth Rock
|
|upkeep
|turn|101
|
|t:|1668186807
|switch|p2a: Tornadus|Tornadus-Therian, M|96/100
|-damage|p2a: Tornadus|71/100|[from] Stealth Rock
|switch|p1a: Tyranitar|Tyranitar, M|100/100
|-weather|Sandstorm|[from] ability: Sand Stream|[of] p1a: Tyranitar
|
|-weather|Sandstorm|[upkeep]
|-damage|p2a: Tornadus|65/100|[from] Sandstorm
|upkeep
|turn|102
|
|t:|1668186812
|switch|p1a: Ferrothorn|Ferrothorn, M|94/100
|move|p2a: Tornadus|Knock Off|p1a: Ferrothorn
|-damage|p1a: Ferrothorn|85/100
|-damage|p2a: Tornadus|53/100|[from] ability: Iron Barbs|[of] p1a: Ferrothorn
|
|-weather|Sandstorm|[upkeep]
|-damage|p2a: Tornadus|47/100|[from] Sandstorm
|upkeep
|turn|103
|
|t:|1668186816
|move|p2a: Tornadus|Defog|p1a: Ferrothorn
|-unboost|p1a: Ferrothorn|evasion|1
|-sideend|p2: BTLT200$ SF'|Stealth Rock|[from] move: Defog|[of] p2a: Tornadus
|move|p1a: Ferrothorn|Leech Seed|p2a: Tornadus
|-start|p2a: Tornadus|move: Leech Seed
|
|-weather|Sandstorm|[upkeep]
|-damage|p2a: Tornadus|41/100|[from] Sandstorm
|-damage|p2a: Tornadus|28/100|[from] Leech Seed|[of] p1a: Ferrothorn
|-heal|p1a: Ferrothorn|98/100|[silent]
|upkeep
|turn|104
|j| IMSOMALD
|
|t:|1668186832
|switch|p2a: Corviknight|Corviknight, F|77/100 brn
|-ability|p2a: Corviknight|Pressure
|move|p1a: Ferrothorn|Stealth Rock|p2a: Corviknight
|-sidestart|p2: BTLT200$ SF'|move: Stealth Rock
|
|-weather|Sandstorm|[upkeep]
|-damage|p2a: Corviknight|71/100 brn|[from] brn
|upkeep
|turn|105
|
|t:|1668186835
|switch|p1a: Slowking|Slowking, F|70/100 tox
|move|p2a: Corviknight|Defog|p1a: Slowking
|-unboost|p1a: Slowking|evasion|1
|-sideend|p2: BTLT200$ SF'|Stealth Rock|[from] move: Defog|[of] p2a: Corviknight
|
|-weather|none
|-damage|p1a: Slowking|64/100 tox|[from] psn
|-damage|p2a: Corviknight|64/100 brn|[from] brn
|upkeep
|turn|106
|
|t:|1668186839
|move|p2a: Corviknight|Roost|p2a: Corviknight
|-heal|p2a: Corviknight|100/100 brn
|-singleturn|p2a: Corviknight|move: Roost
|move|p1a: Slowking|Future Sight|p2a: Corviknight
|-start|p1a: Slowking|move: Future Sight
|
|-damage|p1a: Slowking|52/100 tox|[from] psn
|-damage|p2a: Corviknight|94/100 brn|[from] brn
|upkeep
|turn|107
|l| IMSOMALD
|
|t:|1668186844
|move|p2a: Corviknight|Body Press|p1a: Slowking
|-resisted|p1a: Slowking
|-damage|p1a: Slowking|45/100 tox
|move|p1a: Slowking|Teleport|p1a: Slowking
|
|t:|1668186848
|switch|p1a: Tapu Koko|Tapu Koko|67/100|[from]move: Teleport
|-fieldstart|move: Electric Terrain|[from] ability: Electric Surge|[of] p1a: Tapu Koko
|
|-damage|p2a: Corviknight|88/100 brn|[from] brn
|upkeep
|turn|108
|
|t:|1668186852
|switch|p2a: Hippowdon|Hippowdon, M|100/100
|-weather|Sandstorm|[from] ability: Sand Stream|[of] p2a: Hippowdon
|move|p1a: Tapu Koko|Dazzling Gleam|p2a: Hippowdon
|-damage|p2a: Hippowdon|77/100
|
|-weather|Sandstorm|[upkeep]
|-damage|p1a: Tapu Koko|61/100|[from] Sandstorm
|-end|p2a: Hippowdon|move: Future Sight
|-damage|p2a: Hippowdon|49/100
|-heal|p2a: Hippowdon|55/100|[from] item: Leftovers
|upkeep
|turn|109
|j| RazorForce21
|
|t:|1668186861
|switch|p1a: Ferrothorn|Ferrothorn, M|98/100
|move|p2a: Hippowdon|Slack Off|p2a: Hippowdon
|-heal|p2a: Hippowdon|100/100
|
|-weather|Sandstorm|[upkeep]
|upkeep
|turn|110
|
|t:|1668186864
|switch|p2a: Tornadus|Tornadus-Therian, M|62/100
|switch|p1a: Slowking|Slowking, F|79/100 tox
|
|-weather|Sandstorm|[upkeep]
|-damage|p2a: Tornadus|55/100|[from] Sandstorm
|-damage|p1a: Slowking|73/100 tox|[from] Sandstorm
|-damage|p1a: Slowking|66/100 tox|[from] psn
|upkeep
|turn|111
|
|t:|1668186868
|switch|p2a: Corviknight|Corviknight, F|88/100 brn
|-ability|p2a: Corviknight|Pressure
|move|p1a: Slowking|Slack Off|p1a: Slowking
|-heal|p1a: Slowking|100/100 tox
|
|-weather|Sandstorm|[upkeep]
|-damage|p1a: Slowking|94/100 tox|[from] Sandstorm
|-damage|p1a: Slowking|82/100 tox|[from] psn
|-damage|p2a: Corviknight|82/100 brn|[from] brn
|-fieldend|move: Electric Terrain
|upkeep
|turn|112
|
|t:|1668186878
|move|p2a: Corviknight|Defog|p1a: Slowking
|-unboost|p1a: Slowking|evasion|1
|move|p1a: Slowking|Teleport|p1a: Slowking
|j| Xen『QT』
|
|t:|1668186885
|switch|p1a: Tapu Koko|Tapu Koko|61/100|[from]move: Teleport
|-fieldstart|move: Electric Terrain|[from] ability: Electric Surge|[of] p1a: Tapu Koko
|
|-weather|none
|-damage|p2a: Corviknight|75/100 brn|[from] brn
|upkeep
|turn|113
|j| IMSOMALD
|j| BabyPigsAreLaughin
|
|t:|1668186895
|switch|p1a: Ferrothorn|Ferrothorn, M|98/100
|switch|p2a: Hippowdon|Hippowdon, M|100/100
|-weather|Sandstorm|[from] ability: Sand Stream|[of] p2a: Hippowdon
|
|-weather|Sandstorm|[upkeep]
|upkeep
|turn|114
|
|t:|1668186905
|switch|p2a: Tornadus|Tornadus-Therian, M|89/100
|switch|p1a: Slowking|Slowking, F|100/100 tox
|
|-weather|Sandstorm|[upkeep]
|-damage|p2a: Tornadus|83/100|[from] Sandstorm
|-damage|p1a: Slowking|94/100 tox|[from] Sandstorm
|-damage|p1a: Slowking|88/100 tox|[from] psn
|upkeep
|turn|115
|
|t:|1668186910
|switch|p2a: Corviknight|Corviknight, F|75/100 brn
|-ability|p2a: Corviknight|Pressure
|move|p1a: Slowking|Scald|p2a: Corviknight
|-damage|p2a: Corviknight|51/100 brn
|
|-weather|Sandstorm|[upkeep]
|-damage|p1a: Slowking|82/100 tox|[from] Sandstorm
|-damage|p1a: Slowking|70/100 tox|[from] psn
|-damage|p2a: Corviknight|44/100 brn|[from] brn
|upkeep
|turn|116
|
|t:|1668186913
|move|p2a: Corviknight|Roost|p2a: Corviknight
|-heal|p2a: Corviknight|94/100 brn
|-singleturn|p2a: Corviknight|move: Roost
|move|p1a: Slowking|Scald|p2a: Corviknight
|-damage|p2a: Corviknight|72/100 brn
|
|-weather|Sandstorm|[upkeep]
|-damage|p1a: Slowking|64/100 tox|[from] Sandstorm
|-damage|p1a: Slowking|46/100 tox|[from] psn
|-damage|p2a: Corviknight|66/100 brn|[from] brn
|-fieldend|move: Electric Terrain
|upkeep
|turn|117
|
|t:|1668186918
|move|p2a: Corviknight|Roost|p2a: Corviknight
|-heal|p2a: Corviknight|100/100 brn
|-singleturn|p2a: Corviknight|move: Roost
|move|p1a: Slowking|Teleport|p1a: Slowking
|
|t:|1668186923
|switch|p1a: Buzzwole|Buzzwole|94/100|[from]move: Teleport
|
|-weather|none
|-damage|p2a: Corviknight|94/100 brn|[from] brn
|upkeep
|turn|118
|
|t:|1668186926
|switch|p1a: Slowking|Slowking, F|79/100 tox
|switch|p2a: Clefable|Clefable, F|100/100
|
|-damage|p1a: Slowking|73/100 tox|[from] psn
|upkeep
|turn|119
|
|t:|1668186931
|move|p2a: Clefable|Aromatherapy|p2a: Clefable
|-activate|p2a: Clefable|move: Aromatherapy
|-curestatus|p2: Corviknight|brn|[msg]
|move|p1a: Slowking|Future Sight|p2a: Clefable
|-start|p1a: Slowking|move: Future Sight
|
|-damage|p1a: Slowking|61/100 tox|[from] psn
|upkeep
|turn|120
|
|t:|1668186934
|switch|p2a: Corviknight|Corviknight, F|94/100
|-ability|p2a: Corviknight|Pressure
|move|p1a: Slowking|Teleport|p1a: Slowking
|
|t:|1668186938
|switch|p1a: Buzzwole|Buzzwole|94/100|[from]move: Teleport
|
|upkeep
|turn|121
|j| Volcaronium
|
|t:|1668186950
|move|p1a: Buzzwole|Close Combat|p2a: Corviknight
|-damage|p2a: Corviknight|53/100
|-unboost|p1a: Buzzwole|def|1
|-unboost|p1a: Buzzwole|spd|1
|move|p2a: Corviknight|U-turn|p1a: Buzzwole
|-resisted|p1a: Buzzwole
|-damage|p1a: Buzzwole|88/100
|
|t:|1668186960
|switch|p2a: Tornadus|Tornadus-Therian, M|100/100|[from]move: U-turn
|
|-end|p2a: Tornadus|move: Future Sight
|-damage|p2a: Tornadus|61/100
|upkeep
|turn|122
|
|t:|1668186967
|switch|p1a: Slowking|Slowking, F|94/100 tox
|move|p2a: Tornadus|Heat Wave|p1a: Slowking
|-resisted|p1a: Slowking
|-damage|p1a: Slowking|87/100 tox
|
|-damage|p1a: Slowking|81/100 tox|[from] psn
|upkeep
|turn|123
|l| Volcaronium
|
|t:|1668186969
|switch|p2a: Corviknight|Corviknight, F|53/100
|-ability|p2a: Corviknight|Pressure
|move|p1a: Slowking|Teleport|p1a: Slowking
|
|t:|1668186971
|switch|p1a: Buzzwole|Buzzwole|88/100|[from]move: Teleport
|
|upkeep
|turn|124
|
|t:|1668186976
|switch|p2a: Clefable|Clefable, F|100/100
|move|p1a: Buzzwole|Thunder Punch|p2a: Clefable
|-damage|p2a: Clefable|78/100
|
|-heal|p2a: Clefable|85/100|[from] item: Leftovers
|upkeep
|turn|125
|j| Dschungelheilung
|
|t:|1668186981
|switch|p1a: Ferrothorn|Ferrothorn, M|98/100
|move|p2a: Clefable|Moonblast|p1a: Ferrothorn
|-resisted|p1a: Ferrothorn
|-damage|p1a: Ferrothorn|84/100
|
|-heal|p2a: Clefable|91/100|[from] item: Leftovers
|upkeep
|turn|126
|
|t:|1668186989
|switch|p2a: Tornadus|Tornadus-Therian, M|94/100
|switch|p1a: Slowking|Slowking, F|100/100 tox
|
|-damage|p1a: Slowking|94/100 tox|[from] psn
|upkeep
|turn|127
|j| Sober umbreon
|
|t:|1668186993
|switch|p2a: Corviknight|Corviknight, F|53/100
|-ability|p2a: Corviknight|Pressure
|move|p1a: Slowking|Scald|p2a: Corviknight
|-damage|p2a: Corviknight|30/100
|-status|p2a: Corviknight|brn
|
|-damage|p1a: Slowking|82/100 tox|[from] psn
|-damage|p2a: Corviknight|24/100 brn|[from] brn
|upkeep
|turn|128
|
|t:|1668186996
|move|p2a: Corviknight|Roost|p2a: Corviknight
|-heal|p2a: Corviknight|74/100 brn
|-singleturn|p2a: Corviknight|move: Roost
|move|p1a: Slowking|Scald|p2a: Corviknight
|-damage|p2a: Corviknight|51/100 brn
|
|-damage|p1a: Slowking|64/100 tox|[from] psn
|-damage|p2a: Corviknight|45/100 brn|[from] brn
|upkeep
|turn|129
|
|t:|1668186999
|move|p2a: Corviknight|Roost|p2a: Corviknight
|-heal|p2a: Corviknight|95/100 brn
|-singleturn|p2a: Corviknight|move: Roost
|move|p1a: Slowking|Scald|p2a: Corviknight
|-damage|p2a: Corviknight|70/100 brn
|
|-damage|p1a: Slowking|40/100 tox|[from] psn
|-damage|p2a: Corviknight|64/100 brn|[from] brn
|upkeep
|turn|130
|
|t:|1668187003
|switch|p2a: Clefable|Clefable, F|91/100
|switch|p1a: Ferrothorn|Ferrothorn, M|84/100
|
|-heal|p2a: Clefable|97/100|[from] item: Leftovers
|upkeep
|turn|131
|
|t:|1668187010
|switch|p1a: Slowking|Slowking, F|73/100 tox
|move|p2a: Clefable|Aromatherapy|p2a: Clefable
|-activate|p2a: Clefable|move: Aromatherapy
|-curestatus|p2: Corviknight|brn|[msg]
|
|-heal|p2a: Clefable|100/100|[from] item: Leftovers
|-damage|p1a: Slowking|67/100 tox|[from] psn
|upkeep
|turn|132
|
|t:|1668187017
|switch|p2a: Corviknight|Corviknight, F|64/100
|-ability|p2a: Corviknight|Pressure
|move|p1a: Slowking|Teleport|p1a: Slowking
|
|t:|1668187020
|switch|p1a: Ferrothorn|Ferrothorn, M|84/100|[from]move: Teleport
|
|upkeep
|turn|133
|
|t:|1668187028
|switch|p2a: Tornadus|Tornadus-Therian, M|100/100
|switch|p1a: Slowking|Slowking, F|99/100 tox
|
|-damage|p1a: Slowking|94/100 tox|[from] psn
|upkeep
|turn|134
|
|t:|1668187032
|switch|p2a: Corviknight|Corviknight, F|64/100
|-ability|p2a: Corviknight|Pressure
|move|p1a: Slowking|Scald|p2a: Corviknight
|-damage|p2a: Corviknight|40/100
|
|-damage|p1a: Slowking|82/100 tox|[from] psn
|upkeep
|turn|135
|
|t:|1668187036
|move|p2a: Corviknight|Roost|p2a: Corviknight
|-heal|p2a: Corviknight|90/100
|-singleturn|p2a: Corviknight|move: Roost
|move|p1a: Slowking|Scald|p2a: Corviknight
|-damage|p2a: Corviknight|65/100
|
|-damage|p1a: Slowking|63/100 tox|[from] psn
|upkeep
|turn|136
|
|t:|1668187046
|switch|p1a: Ferrothorn|Ferrothorn, M|84/100
|move|p2a: Corviknight|U-turn|p1a: Ferrothorn
|-damage|p1a: Ferrothorn|75/100
|-damage|p2a: Corviknight|53/100|[from] ability: Iron Barbs|[of] p1a: Ferrothorn
|
|t:|1668187048
|switch|p2a: Heatran|Heatran, F|63/100|[from]move: U-turn
|
|upkeep
|turn|137
|
|t:|1668187056
|switch|p2a: Tornadus|Tornadus-Therian, M|100/100
|switch|p1a: Tyranitar|Tyranitar, M|100/100
|-weather|Sandstorm|[from] ability: Sand Stream|[of] p1a: Tyranitar
|
|-weather|Sandstorm|[upkeep]
|-damage|p2a: Tornadus|94/100|[from] Sandstorm
|upkeep
|turn|138
|
|t:|1668187059
|switch|p1a: Ferrothorn|Ferrothorn, M|75/100
|move|p2a: Tornadus|Knock Off|p1a: Ferrothorn
|-damage|p1a: Ferrothorn|68/100
|-damage|p2a: Tornadus|82/100|[from] ability: Iron Barbs|[of] p1a: Ferrothorn
|
|-weather|Sandstorm|[upkeep]
|-damage|p2a: Tornadus|76/100|[from] Sandstorm
|upkeep
|turn|139
|l| Sober umbreon
|
|t:|1668187065
|switch|p1a: Tapu Koko|Tapu Koko|61/100
|-fieldstart|move: Electric Terrain|[from] ability: Electric Surge|[of] p1a: Tapu Koko
|move|p2a: Tornadus|Knock Off|p1a: Tapu Koko
|-resisted|p1a: Tapu Koko
|-damage|p1a: Tapu Koko|46/100
|-enditem|p1a: Tapu Koko|Heavy-Duty Boots|[from] move: Knock Off|[of] p2a: Tornadus
|
|-weather|Sandstorm|[upkeep]
|-damage|p1a: Tapu Koko|40/100|[from] Sandstorm
|-damage|p2a: Tornadus|70/100|[from] Sandstorm
|upkeep
|turn|140
|
|t:|1668187068
|switch|p2a: Hippowdon|Hippowdon, M|100/100
|move|p1a: Tapu Koko|Roost|p1a: Tapu Koko
|-heal|p1a: Tapu Koko|90/100
|-singleturn|p1a: Tapu Koko|move: Roost
|
|-weather|Sandstorm|[upkeep]
|-damage|p1a: Tapu Koko|84/100|[from] Sandstorm
|upkeep
|turn|141
|
|t:|1668187074
|switch|p1a: Ferrothorn|Ferrothorn, M|68/100
|move|p2a: Hippowdon|Earthquake|p1a: Ferrothorn
|-damage|p1a: Ferrothorn|47/100
|
|-weather|none
|upkeep
|turn|142
|
|t:|1668187078
|switch|p2a: Tornadus|Tornadus-Therian, M|100/100
|move|p1a: Ferrothorn|Stealth Rock|p2a: Tornadus
|-sidestart|p2: BTLT200$ SF'|move: Stealth Rock
|
|upkeep
|turn|143
|
|t:|1668187086
|move|p2a: Tornadus|Defog|p1a: Ferrothorn
|-unboost|p1a: Ferrothorn|evasion|1
|-sideend|p2: BTLT200$ SF'|Stealth Rock|[from] move: Defog|[of] p2a: Tornadus
|-fieldend|move: Electric Terrain
|move|p1a: Ferrothorn|Leech Seed|p2a: Tornadus
|-start|p2a: Tornadus|move: Leech Seed
|
|-damage|p2a: Tornadus|88/100|[from] Leech Seed|[of] p1a: Ferrothorn
|-heal|p1a: Ferrothorn|60/100|[silent]
|upkeep
|turn|144
|
|t:|1668187091
|switch|p1a: Tapu Koko|Tapu Koko|84/100
|-fieldstart|move: Electric Terrain|[from] ability: Electric Surge|[of] p1a: Tapu Koko
|move|p2a: Tornadus|Heat Wave|p1a: Tapu Koko
|-damage|p1a: Tapu Koko|48/100
|
|-damage|p2a: Tornadus|76/100|[from] Leech Seed|[of] p1a: Tapu Koko
|-heal|p1a: Tapu Koko|64/100|[silent]
|upkeep
|turn|145
|
|t:|1668187095
|switch|p1a: Ferrothorn|Ferrothorn, M|60/100
|switch|p2a: Hippowdon|Hippowdon, M|100/100
|-weather|Sandstorm|[from] ability: Sand Stream|[of] p2a: Hippowdon
|
|-weather|Sandstorm|[upkeep]
|upkeep
|turn|146
|
|t:|1668187098
|switch|p2a: Corviknight|Corviknight, F|53/100
|-ability|p2a: Corviknight|Pressure
|switch|p1a: Buzzwole|Buzzwole|88/100
|
|-weather|Sandstorm|[upkeep]
|-damage|p1a: Buzzwole|81/100|[from] Sandstorm
|upkeep
|turn|147
|
|t:|1668187102
|switch|p2a: Clefable|Clefable, F|100/100
|move|p1a: Buzzwole|Thunder Punch|p2a: Clefable
|-damage|p2a: Clefable|74/100
|
|-weather|Sandstorm|[upkeep]
|-damage|p1a: Buzzwole|75/100|[from] Sandstorm
|-damage|p2a: Clefable|68/100|[from] Sandstorm
|-heal|p2a: Clefable|74/100|[from] item: Leftovers
|upkeep
|turn|148
|
|t:|1668187108
|switch|p1a: Slowking|Slowking, F|97/100 tox
|move|p2a: Clefable|Soft-Boiled|p2a: Clefable
|-heal|p2a: Clefable|100/100
|
|-weather|Sandstorm|[upkeep]
|-damage|p2a: Clefable|94/100|[from] Sandstorm
|-damage|p1a: Slowking|91/100 tox|[from] Sandstorm
|-heal|p2a: Clefable|100/100|[from] item: Leftovers
|-damage|p1a: Slowking|85/100 tox|[from] psn
|-fieldend|move: Electric Terrain
|upkeep
|turn|149
|
|t:|1668187116
|switch|p2a: Corviknight|Corviknight, F|53/100
|-ability|p2a: Corviknight|Pressure
|move|p1a: Slowking|Future Sight|p2a: Corviknight
|-start|p1a: Slowking|move: Future Sight
|
|-weather|none
|-damage|p1a: Slowking|72/100 tox|[from] psn
|upkeep
|turn|150
|
|t:|1668187120
|move|p2a: Corviknight|Roost|p2a: Corviknight
|-heal|p2a: Corviknight|100/100
|-singleturn|p2a: Corviknight|move: Roost
|move|p1a: Slowking|Teleport|p1a: Slowking
|
|t:|1668187125
|switch|p1a: Tapu Koko|Tapu Koko|64/100|[from]move: Teleport
|-fieldstart|move: Electric Terrain|[from] ability: Electric Surge|[of] p1a: Tapu Koko
|
|upkeep
|turn|151
|
|t:|1668187130
|switch|p1a: Buzzwole|Buzzwole|75/100
|switch|p2a: Hippowdon|Hippowdon, M|100/100
|-weather|Sandstorm|[from] ability: Sand Stream|[of] p2a: Hippowdon
|
|-weather|Sandstorm|[upkeep]
|-damage|p1a: Buzzwole|69/100|[from] Sandstorm
|-end|p2a: Hippowdon|move: Future Sight
|-damage|p2a: Hippowdon|71/100
|-heal|p2a: Hippowdon|77/100|[from] item: Leftovers
|upkeep
|turn|152
|
|t:|1668187138
|move|p1a: Buzzwole|Ice Punch|p2a: Hippowdon
|-supereffective|p2a: Hippowdon
|-damage|p2a: Hippowdon|37/100
|move|p2a: Hippowdon|Slack Off|p2a: Hippowdon
|-heal|p2a: Hippowdon|87/100
|
|-weather|Sandstorm|[upkeep]
|-damage|p1a: Buzzwole|63/100|[from] Sandstorm
|-heal|p2a: Hippowdon|93/100|[from] item: Leftovers
|upkeep
|turn|153
|c|☆BTLT200$ SF'|incredible
|
|t:|1668187146
|switch|p2a: Clefable|Clefable, F|100/100
|move|p1a: Buzzwole|Ice Punch|p2a: Clefable
|-damage|p2a: Clefable|79/100
|
|-weather|Sandstorm|[upkeep]
|-damage|p1a: Buzzwole|57/100|[from] Sandstorm
|-damage|p2a: Clefable|73/100|[from] Sandstorm
|-heal|p2a: Clefable|79/100|[from] item: Leftovers
|upkeep
|turn|154
|
|t:|1668187154
|switch|p1a: Slowking|Slowking, F|100/100 tox
|move|p2a: Clefable|Moonblast|p1a: Slowking
|-damage|p1a: Slowking|83/100 tox
|-unboost|p1a: Slowking|spa|1
|
|-weather|Sandstorm|[upkeep]
|-damage|p2a: Clefable|73/100|[from] Sandstorm
|-damage|p1a: Slowking|77/100 tox|[from] Sandstorm
|-heal|p2a: Clefable|79/100|[from] item: Leftovers
|-damage|p1a: Slowking|71/100 tox|[from] psn
|-fieldend|move: Electric Terrain
|upkeep
|turn|155
|
|t:|1668187173
|switch|p2a: Tornadus|Tornadus-Therian, M|100/100
|move|p1a: Slowking|Teleport|p1a: Slowking
|
|t:|1668187176
|switch|p1a: Tapu Koko|Tapu Koko|64/100|[from]move: Teleport
|-fieldstart|move: Electric Terrain|[from] ability: Electric Surge|[of] p1a: Tapu Koko
|
|-weather|none
|upkeep
|turn|156
|
|t:|1668187183
|switch|p1a: Ferrothorn|Ferrothorn, M|60/100
|switch|p2a: Hippowdon|Hippowdon, M|93/100
|-weather|Sandstorm|[from] ability: Sand Stream|[of] p2a: Hippowdon
|
|-weather|Sandstorm|[upkeep]
|-heal|p2a: Hippowdon|99/100|[from] item: Leftovers
|upkeep
|turn|157
|
|t:|1668187191
|switch|p2a: Corviknight|Corviknight, F|100/100
|-ability|p2a: Corviknight|Pressure
|switch|p1a: Buzzwole|Buzzwole|57/100
|
|-weather|Sandstorm|[upkeep]
|-damage|p1a: Buzzwole|51/100|[from] Sandstorm
|upkeep
|turn|158
|
|t:|1668187199
|switch|p2a: Clefable|Clefable, F|79/100
|move|p1a: Buzzwole|Ice Punch|p2a: Clefable
|-damage|p2a: Clefable|57/100
|
|-weather|Sandstorm|[upkeep]
|-damage|p1a: Buzzwole|45/100|[from] Sandstorm
|-damage|p2a: Clefable|51/100|[from] Sandstorm
|-heal|p2a: Clefable|57/100|[from] item: Leftovers
|upkeep
|turn|159
|
|t:|1668187205
|switch|p1a: Tyranitar|Tyranitar, M|100/100
|move|p2a: Clefable|Soft-Boiled|p2a: Clefable
|-heal|p2a: Clefable|100/100
|
|-weather|Sandstorm|[upkeep]
|-damage|p2a: Clefable|94/100|[from] Sandstorm
|-heal|p2a: Clefable|100/100|[from] item: Leftovers
|-fieldend|move: Electric Terrain
|upkeep
|turn|160
|
|t:|1668187219
|switch|p2a: Hippowdon|Hippowdon, M|99/100
|move|p1a: Tyranitar|Heavy Slam|p2a: Hippowdon
|-damage|p2a: Hippowdon|84/100
|
|-weather|none
|-heal|p2a: Hippowdon|90/100|[from] item: Leftovers
|upkeep
|turn|161
|
|t:|1668187223
|switch|p1a: Slowking|Slowking, F|100/100 tox
|move|p2a: Hippowdon|Earthquake|p1a: Slowking
|-damage|p1a: Slowking|64/100 tox
|
|-heal|p2a: Hippowdon|96/100|[from] item: Leftovers
|-damage|p1a: Slowking|58/100 tox|[from] psn
|upkeep
|turn|162
|
|t:|1668187228
|move|p2a: Hippowdon|Earthquake|p1a: Slowking
|-damage|p1a: Slowking|19/100 tox
|move|p1a: Slowking|Teleport|p1a: Slowking
|
|t:|1668187233
|switch|p1a: Tyranitar|Tyranitar, M|100/100|[from]move: Teleport
|-weather|Sandstorm|[from] ability: Sand Stream|[of] p1a: Tyranitar
|
|-weather|Sandstorm|[upkeep]
|-heal|p2a: Hippowdon|100/100|[from] item: Leftovers
|upkeep
|turn|163
|
|t:|1668187250
|move|p1a: Tyranitar|Crunch|p2a: Hippowdon
|-damage|p2a: Hippowdon|51/100
|move|p2a: Hippowdon|Earthquake|p1a: Tyranitar
|-supereffective|p1a: Tyranitar
|-damage|p1a: Tyranitar|35/100
|
|-weather|Sandstorm|[upkeep]
|-heal|p2a: Hippowdon|58/100|[from] item: Leftovers
|upkeep
|turn|164
|
|t:|1668187257
|switch|p2a: Clefable|Clefable, F|100/100
|move|p1a: Tyranitar|Crunch|p2a: Clefable
|-resisted|p2a: Clefable
|-damage|p2a: Clefable|73/100
|
|-weather|Sandstorm|[upkeep]
|-damage|p2a: Clefable|66/100|[from] Sandstorm
|-heal|p2a: Clefable|73/100|[from] item: Leftovers
|upkeep
|turn|165
|
|t:|1668187265
|switch|p1a: Slowking|Slowking, F|52/100 tox
|move|p2a: Clefable|Soft-Boiled|p2a: Clefable
|-heal|p2a: Clefable|100/100
|
|-weather|Sandstorm|[upkeep]
|-damage|p2a: Clefable|94/100|[from] Sandstorm
|-damage|p1a: Slowking|46/100 tox|[from] Sandstorm
|-heal|p2a: Clefable|100/100|[from] item: Leftovers
|-damage|p1a: Slowking|40/100 tox|[from] psn
|upkeep
|turn|166
|
|t:|1668187268
|switch|p2a: Hippowdon|Hippowdon, M|58/100
|move|p1a: Slowking|Future Sight|p2a: Hippowdon
|-start|p1a: Slowking|move: Future Sight
|
|-weather|none
|-heal|p2a: Hippowdon|64/100|[from] item: Leftovers
|-damage|p1a: Slowking|28/100 tox|[from] psn
|upkeep
|turn|167
|
|t:|1668187278
|move|p2a: Hippowdon|Slack Off|p2a: Hippowdon
|-heal|p2a: Hippowdon|100/100
|move|p1a: Slowking|Scald|p2a: Hippowdon
|-supereffective|p2a: Hippowdon
|-damage|p2a: Hippowdon|60/100
|
|-heal|p2a: Hippowdon|67/100|[from] item: Leftovers
|-damage|p1a: Slowking|9/100 tox|[from] psn
|upkeep
|turn|168
|
|t:|1668187282
|move|p2a: Hippowdon|Slack Off|p2a: Hippowdon
|-heal|p2a: Hippowdon|100/100
|move|p1a: Slowking|Teleport|p1a: Slowking
|
|t:|1668187285
|switch|p1a: Tyranitar|Tyranitar, M|35/100|[from]move: Teleport
|-weather|Sandstorm|[from] ability: Sand Stream|[of] p1a: Tyranitar
|
|-weather|Sandstorm|[upkeep]
|-end|p2a: Hippowdon|move: Future Sight
|-damage|p2a: Hippowdon|72/100
|-heal|p2a: Hippowdon|78/100|[from] item: Leftovers
|upkeep
|turn|169
|
|t:|1668187290
|switch|p2a: Corviknight|Corviknight, F|100/100
|-ability|p2a: Corviknight|Pressure
|move|p1a: Tyranitar|Crunch|p2a: Corviknight
|-damage|p2a: Corviknight|59/100
|
|-weather|Sandstorm|[upkeep]
|upkeep
|turn|170
|
|t:|1668187297
|move|p1a: Tyranitar|Crunch|p2a: Corviknight
|-damage|p2a: Corviknight|15/100
|move|p2a: Corviknight|U-turn|p1a: Tyranitar
|-supereffective|p1a: Tyranitar
|-damage|p1a: Tyranitar|9/100
|
|t:|1668187310
|switch|p2a: Clefable|Clefable, F|100/100|[from]move: U-turn
|
|-weather|Sandstorm|[upkeep]
|-damage|p2a: Clefable|94/100|[from] Sandstorm
|-heal|p2a: Clefable|100/100|[from] item: Leftovers
|upkeep
|turn|171
|
|t:|1668187322
|switch|p1a: Tapu Koko|Tapu Koko|64/100
|-fieldstart|move: Electric Terrain|[from] ability: Electric Surge|[of] p1a: Tapu Koko
|move|p2a: Clefable|Moonblast|p1a: Tapu Koko
|-damage|p1a: Tapu Koko|12/100
|
|-weather|Sandstorm|[upkeep]
|-damage|p1a: Tapu Koko|5/100|[from] Sandstorm
|-damage|p2a: Clefable|94/100|[from] Sandstorm
|-heal|p2a: Clefable|100/100|[from] item: Leftovers
|upkeep
|turn|172
|
|t:|1668187330
|move|p1a: Tapu Koko|Roost|p1a: Tapu Koko
|-heal|p1a: Tapu Koko|56/100
|-singleturn|p1a: Tapu Koko|move: Roost
|move|p2a: Clefable|Moonblast|p1a: Tapu Koko
|-damage|p1a: Tapu Koko|10/100
|
|-weather|none
|upkeep
|turn|173
|
|t:|1668187333
|switch|p2a: Hippowdon|Hippowdon, M|78/100
|-weather|Sandstorm|[from] ability: Sand Stream|[of] p2a: Hippowdon
|move|p1a: Tapu Koko|Roost|p1a: Tapu Koko
|-heal|p1a: Tapu Koko|60/100
|-singleturn|p1a: Tapu Koko|move: Roost
|
|-weather|Sandstorm|[upkeep]
|-damage|p1a: Tapu Koko|54/100|[from] Sandstorm
|-heal|p2a: Hippowdon|84/100|[from] item: Leftovers
|upkeep
|turn|174
|
|t:|1668187335
|switch|p1a: Ferrothorn|Ferrothorn, M|60/100
|move|p2a: Hippowdon|Stealth Rock|p1a: Ferrothorn
|-sidestart|p1: ayevon|move: Stealth Rock
|
|-weather|Sandstorm|[upkeep]
|-heal|p2a: Hippowdon|90/100|[from] item: Leftovers
|upkeep
|turn|175
|
|t:|1668187344
|switch|p2a: Corviknight|Corviknight, F|15/100
|-ability|p2a: Corviknight|Pressure
|move|p1a: Ferrothorn|Stealth Rock|p2a: Corviknight
|-sidestart|p2: BTLT200$ SF'|move: Stealth Rock
|
|-weather|Sandstorm|[upkeep]
|-fieldend|move: Electric Terrain
|upkeep
|turn|176
|
|t:|1668187350
|switch|p1a: Buzzwole|Buzzwole|45/100
|move|p2a: Corviknight|Body Press|p1a: Buzzwole
|-resisted|p1a: Buzzwole
|-damage|p1a: Buzzwole|36/100
|
|-weather|Sandstorm|[upkeep]
|-damage|p1a: Buzzwole|30/100|[from] Sandstorm
|upkeep
|turn|177
|
|t:|1668187355
|move|p1a: Buzzwole|Ice Punch|p2a: Corviknight
|-damage|p2a: Corviknight|0 fnt
|faint|p2a: Corviknight
|-ability|p1a: Buzzwole|Beast Boost|boost
|-boost|p1a: Buzzwole|atk|1
|
|-weather|none
|upkeep
|
|t:|1668187359
|switch|p2a: Tornadus|Tornadus-Therian, M|100/100
|-damage|p2a: Tornadus|76/100|[from] Stealth Rock
|turn|178
|
|t:|1668187362
|switch|p1a: Tapu Koko|Tapu Koko|54/100
|-damage|p1a: Tapu Koko|41/100|[from] Stealth Rock
|-fieldstart|move: Electric Terrain|[from] ability: Electric Surge|[of] p1a: Tapu Koko
|move|p2a: Tornadus|Heat Wave|p1a: Tapu Koko
|-damage|p1a: Tapu Koko|4/100
|
|upkeep
|turn|179
|
|t:|1668187365
|switch|p2a: Hippowdon|Hippowdon, M|90/100
|-damage|p2a: Hippowdon|84/100|[from] Stealth Rock
|-weather|Sandstorm|[from] ability: Sand Stream|[of] p2a: Hippowdon
|move|p1a: Tapu Koko|Roost|p1a: Tapu Koko
|-heal|p1a: Tapu Koko|54/100
|-singleturn|p1a: Tapu Koko|move: Roost
|
|-weather|Sandstorm|[upkeep]
|-damage|p1a: Tapu Koko|48/100|[from] Sandstorm
|-heal|p2a: Hippowdon|90/100|[from] item: Leftovers
|upkeep
|turn|180
|
|t:|1668187370
|switch|p1a: Buzzwole|Buzzwole|30/100
|move|p2a: Hippowdon|Earthquake|p1a: Buzzwole
|-resisted|p1a: Buzzwole
|-damage|p1a: Buzzwole|18/100
|
|-weather|Sandstorm|[upkeep]
|-damage|p1a: Buzzwole|12/100|[from] Sandstorm
|-heal|p2a: Hippowdon|96/100|[from] item: Leftovers
|upkeep
|turn|181
|
|t:|1668187379
|switch|p2a: Tornadus|Tornadus-Therian, M|100/100
|-damage|p2a: Tornadus|76/100|[from] Stealth Rock
|move|p1a: Buzzwole|Roost|p1a: Buzzwole
|-heal|p1a: Buzzwole|62/100
|-singleturn|p1a: Buzzwole|move: Roost
|
|-weather|Sandstorm|[upkeep]
|-damage|p2a: Tornadus|70/100|[from] Sandstorm
|-damage|p1a: Buzzwole|56/100|[from] Sandstorm
|upkeep
|turn|182
|
|t:|1668187384
|move|p2a: Tornadus|Heat Wave|p1a: Buzzwole|[miss]
|-miss|p2a: Tornadus|p1a: Buzzwole
|move|p1a: Buzzwole|Thunder Punch|p2a: Tornadus
|-supereffective|p2a: Tornadus
|-damage|p2a: Tornadus|0 fnt
|faint|p2a: Tornadus
|-ability|p1a: Buzzwole|Beast Boost|boost
|-boost|p1a: Buzzwole|atk|1
|
|-weather|Sandstorm|[upkeep]
|-damage|p1a: Buzzwole|50/100|[from] Sandstorm
|-fieldend|move: Electric Terrain
|upkeep
|j| gold bottle
|
|t:|1668187388
|switch|p2a: Clefable|Clefable, F|100/100
|-damage|p2a: Clefable|88/100|[from] Stealth Rock
|turn|183
|
|t:|1668187396
|switch|p1a: Tyranitar|Tyranitar, M|9/100
|-damage|p1a: Tyranitar|0 fnt|[from] Stealth Rock
|faint|p1a: Tyranitar
|move|p2a: Clefable|Moonblast|p1: Tyranitar|[notarget]
|-fail|p2a: Clefable
|
|-weather|none
|-heal|p2a: Clefable|94/100|[from] item: Leftovers
|upkeep
|
|t:|1668187398
|switch|p1a: Ferrothorn|Ferrothorn, M|60/100
|-damage|p1a: Ferrothorn|54/100|[from] Stealth Rock
|turn|184
|
|t:|1668187404
|move|p2a: Clefable|Calm Mind|p2a: Clefable
|-boost|p2a: Clefable|spa|1
|-boost|p2a: Clefable|spd|1
|move|p1a: Ferrothorn|Leech Seed|p2a: Clefable
|-start|p2a: Clefable|move: Leech Seed
|
|-heal|p2a: Clefable|99/100|[from] item: Leftovers
|-damage|p2a: Clefable|88/100|[from] Leech Seed|[of] p1a: Ferrothorn
|-heal|p1a: Ferrothorn|68/100|[silent]
|upkeep
|turn|185
|
|t:|1668187412
|switch|p2a: Heatran|Heatran, F|63/100
|-damage|p2a: Heatran|51/100|[from] Stealth Rock
|move|p1a: Ferrothorn|Knock Off|p2a: Heatran
|-damage|p2a: Heatran|39/100
|
|upkeep
|turn|186
|
|t:|1668187421
|switch|p1a: Slowking|Slowking, F|43/100 tox
|-damage|p1a: Slowking|30/100 tox|[from] Stealth Rock
|move|p2a: Heatran|Magma Storm|p1a: Slowking
|-resisted|p1a: Slowking
|-damage|p1a: Slowking|18/100 tox
|-activate|p1a: Slowking|move: Magma Storm|[of] p2a: Heatran
|
|-damage|p1a: Slowking|12/100 tox|[from] psn
|-damage|p1a: Slowking|0 fnt|[from] move: Magma Storm|[partiallytrapped]
|faint|p1a: Slowking
|upkeep
|c| BabyPigsAreLaughin|That miss, though.
|
|t:|1668187424
|switch|p1a: Buzzwole|Buzzwole|50/100
|turn|187
|
|t:|1668187430
|move|p1a: Buzzwole|Close Combat|p2a: Heatran
|-supereffective|p2a: Heatran
|-damage|p2a: Heatran|0 fnt
|-unboost|p1a: Buzzwole|def|1
|-unboost|p1a: Buzzwole|spd|1
|faint|p2a: Heatran
|-ability|p1a: Buzzwole|Beast Boost|boost
|-boost|p1a: Buzzwole|atk|1
|
|upkeep
|
|t:|1668187432
|switch|p2a: Clefable|Clefable, F|88/100
|-damage|p2a: Clefable|75/100|[from] Stealth Rock
|turn|188
|
|t:|1668187446
|move|p1a: Buzzwole|Ice Punch|p2a: Clefable
|-damage|p2a: Clefable|55/100
|move|p2a: Clefable|Soft-Boiled|p2a: Clefable
|-heal|p2a: Clefable|100/100
|
|upkeep
|turn|189
|
|t:|1668187447
|move|p1a: Buzzwole|Ice Punch|p2a: Clefable
|-crit|p2a: Clefable
|-damage|p2a: Clefable|67/100
|move|p2a: Clefable|Moonblast|p1a: Buzzwole
|-supereffective|p1a: Buzzwole
|-damage|p1a: Buzzwole|0 fnt
|faint|p1a: Buzzwole
|
|-heal|p2a: Clefable|73/100|[from] item: Leftovers
|upkeep
|
|t:|1668187452
|switch|p1a: Ferrothorn|Ferrothorn, M|68/100
|-damage|p1a: Ferrothorn|62/100|[from] Stealth Rock
|turn|190
|
|t:|1668187455
|move|p2a: Clefable|Soft-Boiled|p2a: Clefable
|-heal|p2a: Clefable|100/100
|move|p1a: Ferrothorn|Knock Off|p2a: Clefable
|-resisted|p2a: Clefable
|-damage|p2a: Clefable|93/100
|-enditem|p2a: Clefable|Leftovers|[from] move: Knock Off|[of] p1a: Ferrothorn
|
|upkeep
|turn|191
|
|t:|1668187458
|move|p2a: Clefable|Calm Mind|p2a: Clefable
|-boost|p2a: Clefable|spa|1
|-boost|p2a: Clefable|spd|1
|move|p1a: Ferrothorn|Power Whip|p2a: Clefable
|-damage|p2a: Clefable|65/100
|
|upkeep
|turn|192
|
|t:|1668187460
|move|p2a: Clefable|Soft-Boiled|p2a: Clefable
|-heal|p2a: Clefable|100/100
|move|p1a: Ferrothorn|Leech Seed|p2a: Clefable
|-start|p2a: Clefable|move: Leech Seed
|
|-damage|p2a: Clefable|88/100|[from] Leech Seed|[of] p1a: Ferrothorn
|-heal|p1a: Ferrothorn|75/100|[silent]
|upkeep
|turn|193
|
|t:|1668187468
|move|p2a: Clefable|Calm Mind|p2a: Clefable
|-boost|p2a: Clefable|spa|1
|-boost|p2a: Clefable|spd|1
|move|p1a: Ferrothorn|Power Whip|p2a: Clefable|[miss]
|-miss|p1a: Ferrothorn|p2a: Clefable
|
|-damage|p2a: Clefable|76/100|[from] Leech Seed|[of] p1a: Ferrothorn
|-heal|p1a: Ferrothorn|89/100|[silent]
|upkeep
|turn|194
|
|t:|1668187472
|move|p2a: Clefable|Soft-Boiled|p2a: Clefable
|-heal|p2a: Clefable|100/100
|move|p1a: Ferrothorn|Power Whip|p2a: Clefable
|-damage|p2a: Clefable|73/100
|
|-damage|p2a: Clefable|60/100|[from] Leech Seed|[of] p1a: Ferrothorn
|-heal|p1a: Ferrothorn|100/100|[silent]
|upkeep
|turn|195
|
|t:|1668187483
|move|p2a: Clefable|Soft-Boiled|p2a: Clefable
|-heal|p2a: Clefable|100/100
|move|p1a: Ferrothorn|Power Whip|p2a: Clefable
|-damage|p2a: Clefable|71/100
|
|-damage|p2a: Clefable|58/100|[from] Leech Seed|[of] p1a: Ferrothorn
|upkeep
|turn|196
|
|t:|1668187491
|switch|p2a: Hippowdon|Hippowdon, M|96/100
|-damage|p2a: Hippowdon|90/100|[from] Stealth Rock
|-weather|Sandstorm|[from] ability: Sand Stream|[of] p2a: Hippowdon
|move|p1a: Ferrothorn|Power Whip|p2a: Hippowdon
|-supereffective|p2a: Hippowdon
|-damage|p2a: Hippowdon|31/100
|
|-weather|Sandstorm|[upkeep]
|-heal|p2a: Hippowdon|38/100|[from] item: Leftovers
|upkeep
|turn|197
|
|t:|1668187504
|move|p2a: Hippowdon|Slack Off|p2a: Hippowdon
|-heal|p2a: Hippowdon|88/100
|move|p1a: Ferrothorn|Power Whip|p2a: Hippowdon
|-supereffective|p2a: Hippowdon
|-damage|p2a: Hippowdon|29/100
|
|-weather|Sandstorm|[upkeep]
|-heal|p2a: Hippowdon|35/100|[from] item: Leftovers
|upkeep
|turn|198
|
|t:|1668187513
|move|p2a: Hippowdon|Slack Off|p2a: Hippowdon
|-heal|p2a: Hippowdon|85/100
|move|p1a: Ferrothorn|Power Whip|p2a: Hippowdon
|-supereffective|p2a: Hippowdon
|-crit|p2a: Hippowdon
|-damage|p2a: Hippowdon|3/100
|
|-weather|Sandstorm|[upkeep]
|-heal|p2a: Hippowdon|9/100|[from] item: Leftovers
|upkeep
|turn|199
|
|t:|1668187517
|move|p2a: Hippowdon|Slack Off|p2a: Hippowdon
|-heal|p2a: Hippowdon|59/100
|move|p1a: Ferrothorn|Power Whip|p2a: Hippowdon
|-supereffective|p2a: Hippowdon
|-damage|p2a: Hippowdon|0 fnt
|faint|p2a: Hippowdon
|
|-weather|Sandstorm|[upkeep]
|upkeep
|
|t:|1668187520
|switch|p2a: Clefable|Clefable, F|58/100
|-damage|p2a: Clefable|46/100|[from] Stealth Rock
|turn|200
|
|t:|1668187526
|move|p2a: Clefable|Soft-Boiled|p2a: Clefable
|-heal|p2a: Clefable|96/100
|move|p1a: Ferrothorn|Knock Off|p2a: Clefable
|-resisted|p2a: Clefable
|-damage|p2a: Clefable|90/100
|
|-weather|none
|upkeep
|turn|201
|
|t:|1668187528
|switch|p1a: Tapu Koko|Tapu Koko|48/100
|-damage|p1a: Tapu Koko|36/100|[from] Stealth Rock
|-fieldstart|move: Electric Terrain|[from] ability: Electric Surge|[of] p1a: Tapu Koko
|move|p2a: Clefable|Calm Mind|p2a: Clefable
|-boost|p2a: Clefable|spa|1
|-boost|p2a: Clefable|spd|1
|
|upkeep
|turn|202
|c|☆BTLT200$ SF'|don't tell me it's gonna para crit
|c|☆BTLT200$ SF'|would be fucking hilarious
|
|t:|1668187543
|move|p1a: Tapu Koko|Volt Switch|p2a: Clefable
|-damage|p2a: Clefable|65/100
|
|t:|1668187546
|switch|p1a: Ferrothorn|Ferrothorn, M|100/100|[from]move: Volt Switch
|-damage|p1a: Ferrothorn|94/100|[from] Stealth Rock
|move|p2a: Clefable|Moonblast|p1a: Ferrothorn
|-resisted|p1a: Ferrothorn
|-damage|p1a: Ferrothorn|73/100
|
|upkeep
|turn|203
|
|t:|1668187550
|move|p2a: Clefable|Calm Mind|p2a: Clefable
|-boost|p2a: Clefable|spa|1
|-boost|p2a: Clefable|spd|1
|move|p1a: Ferrothorn|Power Whip|p2a: Clefable
|-damage|p2a: Clefable|35/100
|
|upkeep
|turn|204
|
|t:|1668187553
|move|p2a: Clefable|Soft-Boiled|p2a: Clefable
|-heal|p2a: Clefable|85/100
|move|p1a: Ferrothorn|Power Whip|p2a: Clefable|[miss]
|-miss|p1a: Ferrothorn|p2a: Clefable
|
|upkeep
|turn|205
|
|t:|1668187557
|move|p2a: Clefable|Moonblast|p1a: Ferrothorn
|-resisted|p1a: Ferrothorn
|-damage|p1a: Ferrothorn|45/100
|-unboost|p1a: Ferrothorn|spa|1
|move|p1a: Ferrothorn|Power Whip|p2a: Clefable
|-damage|p2a: Clefable|55/100
|
|-fieldend|move: Electric Terrain
|upkeep
|turn|206
|j| tyrantkingdad
|
|t:|1668187560
|switch|p1a: Tapu Koko|Tapu Koko|36/100
|-damage|p1a: Tapu Koko|23/100|[from] Stealth Rock
|-fieldstart|move: Electric Terrain|[from] ability: Electric Surge|[of] p1a: Tapu Koko
|move|p2a: Clefable|Soft-Boiled|p2a: Clefable
|-heal|p2a: Clefable|100/100
|
|upkeep
|turn|207
|
|t:|1668187563
|move|p1a: Tapu Koko|Volt Switch|p2a: Clefable
|-damage|p2a: Clefable|84/100
|c| BabyPigsAreLaughin|Clef for the win.
|
|t:|1668187565
|switch|p1a: Ferrothorn|Ferrothorn, M|45/100|[from]move: Volt Switch
|-damage|p1a: Ferrothorn|39/100|[from] Stealth Rock
|move|p2a: Clefable|Moonblast|p1a: Ferrothorn
|-resisted|p1a: Ferrothorn
|-damage|p1a: Ferrothorn|11/100
|
|upkeep
|turn|208
|
|t:|1668187569
|move|p2a: Clefable|Moonblast|p1a: Ferrothorn
|-resisted|p1a: Ferrothorn
|-damage|p1a: Ferrothorn|0 fnt
|faint|p1a: Ferrothorn
|
|upkeep
|
|t:|1668187571
|switch|p1a: Tapu Koko|Tapu Koko|23/100
|-damage|p1a: Tapu Koko|11/100|[from] Stealth Rock
|turn|209
|
|t:|1668187572
|move|p1a: Tapu Koko|Thunderbolt|p2a: Clefable
|-damage|p2a: Clefable|60/100
|move|p2a: Clefable|Moonblast|p1a: Tapu Koko
|-damage|p1a: Tapu Koko|0 fnt
|faint|p1a: Tapu Koko
|
|win|BTLT200$ SF'
|raw|ayevon's rating: 1753 &rarr; <strong>1739</strong><br />(-14 for losing)
|raw|BTLT200$ SF&apos;'s rating: 1861 &rarr; <strong>1875</strong><br />(+14 for winning)
|c|☆BTLT200$ SF'|gg
|l|☆ayevon
|l| BTLT200$ brrr
|l| IMSOMALD
|c|☆BTLT200$ SF'|you may have played perfectly
|c|☆BTLT200$ SF'|but it sure wouldn't have been enough
