|j|☆noudle soop
|j|☆eRTZU7ik
|t:|1634754552
|gametype|singles
|player|p1|noudle soop|sailor|1758
|player|p2|eRTZU7ik|benga|1759
|teamsize|p1|6
|teamsize|p2|6
|gen|8
|tier|[Gen 8] OU
|rated|
|rule|Sleep Clause Mod: Limit one foe put to sleep
|rule|Species Clause: Limit one of each Pokémon
|rule|OHKO Clause: OHKO moves are banned
|rule|Evasion Moves Clause: Evasion moves are banned
|rule|Endless Battle Clause: Forcing endless battles is banned
|rule|HP Percentage Mod: HP is shown in percentages
|rule|Dynamax Clause: You cannot dynamax
|clearpoke
|poke|p1|Tapu Fini|
|poke|p1|Mamoswine, M|
|poke|p1|Magnezone|
|poke|p1|Dragonite, F|
|poke|p1|Heatran, M|
|poke|p1|Kartana|
|poke|p2|Magnezone|
|poke|p2|Rillaboom, M|
|poke|p2|Blacephalon|
|poke|p2|Zapdos|
|poke|p2|Kyurem|
|poke|p2|Blissey, F|
|teampreview
|inactive|Battle timer is ON: inactive players will automatically lose when time's up. (requested by noudle soop)
|
|t:|1634754576
|start
|switch|p1a: donda|Tapu Fini|100/100
|switch|p2a: Kyurem|Kyurem|100/100
|-ability|p2a: Kyurem|Pressure
|-fieldstart|move: Misty Terrain|[from] ability: Misty Surge|[of] p1a: donda
|turn|1
|
|t:|1634754581
|switch|p2a: Blissey|Blissey, F|100/100
|move|p1a: donda|Moonblast|p2a: Blissey
|-damage|p2a: Blissey|85/100
|-unboost|p2a: Blissey|spa|1
|
|upkeep
|turn|2
|
|t:|1634754584
|move|p1a: donda|Knock Off|p2a: Blissey
|-damage|p2a: Blissey|71/100
|-enditem|p2a: Blissey|Heavy-Duty Boots|[from] move: Knock Off|[of] p1a: donda
|move|p2a: Blissey|Stealth Rock|p1a: donda
|-sidestart|p1: noudle soop|move: Stealth Rock
|
|upkeep
|turn|3
|
|t:|1634754589
|move|p1a: donda|Moonblast|p2a: Blissey
|-damage|p2a: Blissey|55/100
|move|p2a: Blissey|Teleport|p2a: Blissey
|
|t:|1634754591
|switch|p2a: Rillaboom|Rillaboom, M|100/100|[from]move: Teleport
|-fieldstart|move: Grassy Terrain|[from] ability: Grassy Surge|[of] p2a: Rillaboom
|
|upkeep
|turn|4
|j| Isza
|
|t:|1634754601
|move|p1a: donda|Ice Beam|p2a: Rillaboom
|-supereffective|p2a: Rillaboom
|-damage|p2a: Rillaboom|16/100
|move|p2a: Rillaboom|Knock Off|p1a: donda
|-resisted|p1a: donda
|-damage|p1a: donda|73/100
|-enditem|p1a: donda|Expert Belt|[from] move: Knock Off|[of] p2a: Rillaboom
|
|-heal|p2a: Rillaboom|22/100|[from] Grassy Terrain
|-heal|p1a: donda|79/100|[from] Grassy Terrain
|upkeep
|turn|5
|
|t:|1634754611
|switch|p2a: Magnezone|Magnezone|100/100
|move|p1a: donda|Moonblast|p2a: Magnezone
|-resisted|p2a: Magnezone
|-damage|p2a: Magnezone|73/100
|
|-heal|p1a: donda|85/100|[from] Grassy Terrain
|-heal|p2a: Magnezone|79/100|[from] Grassy Terrain
|-heal|p2a: Magnezone|85/100|[from] item: Leftovers
|upkeep
|turn|6
|
|t:|1634754616
|switch|p1a: 808s|Heatran, M|100/100
|-damage|p1a: 808s|88/100|[from] Stealth Rock
|move|p2a: Magnezone|Thunderbolt|p1a: 808s
|-damage|p1a: 808s|61/100
|
|-heal|p1a: 808s|67/100|[from] Grassy Terrain
|-heal|p1a: 808s|73/100|[from] item: Leftovers
|-heal|p2a: Magnezone|91/100|[from] Grassy Terrain
|-heal|p2a: Magnezone|97/100|[from] item: Leftovers
|upkeep
|turn|7
|
|t:|1634754627
|switch|p2a: Kyurem|Kyurem|100/100
|-ability|p2a: Kyurem|Pressure
|move|p1a: 808s|Stealth Rock|p2a: Kyurem
|-sidestart|p2: eRTZU7ik|move: Stealth Rock
|
|-heal|p1a: 808s|80/100|[from] Grassy Terrain
|-heal|p1a: 808s|86/100|[from] item: Leftovers
|-fieldend|move: Grassy Terrain
|upkeep
|turn|8
|
|t:|1634754638
|switch|p1a: yeezus|Magnezone, shiny|100/100
|-damage|p1a: yeezus|94/100|[from] Stealth Rock
|-item|p1a: yeezus|Air Balloon
|move|p2a: Kyurem|Earth Power|p1a: yeezus
|-immune|p1a: yeezus
|
|upkeep
|turn|9
|
|t:|1634754644
|move|p2a: Kyurem|Freeze-Dry|p1a: yeezus
|-resisted|p1a: yeezus
|-damage|p1a: yeezus|72/100
|-enditem|p1a: yeezus|Air Balloon
|move|p1a: yeezus|Thunderbolt|p2a: Kyurem
|-resisted|p2a: Kyurem
|-damage|p2a: Kyurem|77/100
|
|upkeep
|turn|10
|c|☆noudle soop|...
|c|☆noudle soop|lol
|j| Nesnot
|c|☆eRTZU7ik|?
|c|☆noudle soop|you were just gonna
|c|☆noudle soop|sack kyu
|
|t:|1634754671
|switch|p1a: college dropout|Dragonite, F|100/100
|move|p2a: Kyurem|Earth Power|p1a: college dropout
|-immune|p1a: college dropout
|
|upkeep
|turn|11
|
|t:|1634754676
|switch|p1a: graduation|Mamoswine, M|100/100
|-damage|p1a: graduation|88/100|[from] Stealth Rock
|move|p2a: Kyurem|Scale Shot|p1a: graduation
|-damage|p1a: graduation|76/100
|-damage|p1a: graduation|64/100
|-damage|p1a: graduation|52/100
|-hitcount|p1a: graduation|3
|-unboost|p2a: Kyurem|def|1
|-boost|p2a: Kyurem|spe|1
|
|-heal|p1a: graduation|58/100|[from] item: Leftovers
|upkeep
|turn|12
|c|☆eRTZU7ik|most mag dont run flash cannon
|l| Isza
|c|☆noudle soop|but
|c|☆noudle soop|they all run
|c|☆noudle soop|body press
|inactive|eRTZU7ik has 120 seconds left.
|c|☆eRTZU7ik|body press doesnt kill me
|inactive|eRTZU7ik has 90 seconds left.
|
|t:|1634754749
|switch|p2a: Zapdos|Zapdos|100/100
|move|p1a: graduation|Icicle Crash|p2a: Zapdos
|-supereffective|p2a: Zapdos
|-damage|p2a: Zapdos|23/100
|
|-heal|p1a: graduation|64/100|[from] item: Leftovers
|upkeep
|turn|13
|
|t:|1634754754
|move|p1a: graduation|Ice Shard|p2a: Zapdos
|-supereffective|p2a: Zapdos
|-damage|p2a: Zapdos|0 fnt
|faint|p2a: Zapdos
|
|-heal|p1a: graduation|70/100|[from] item: Leftovers
|upkeep
|
|t:|1634754756
|switch|p2a: Rillaboom|Rillaboom, M|22/100
|-damage|p2a: Rillaboom|10/100|[from] Stealth Rock
|-fieldstart|move: Grassy Terrain|[from] ability: Grassy Surge|[of] p2a: Rillaboom
|turn|14
|
|t:|1634754761
|switch|p1a: yeezus|Magnezone, shiny|72/100
|-damage|p1a: yeezus|66/100|[from] Stealth Rock
|move|p2a: Rillaboom|Grassy Glide|p1a: yeezus
|-resisted|p1a: yeezus
|-crit|p1a: yeezus
|-damage|p1a: yeezus|24/100
|
|-heal|p2a: Rillaboom|16/100|[from] Grassy Terrain
|-heal|p1a: yeezus|30/100|[from] Grassy Terrain
|upkeep
|turn|15
|inactive|eRTZU7ik has 90 seconds left.
|
|t:|1634754777
|switch|p2a: Magnezone|Magnezone|97/100
|-damage|p2a: Magnezone|91/100|[from] Stealth Rock
|move|p1a: yeezus|Flash Cannon|p2a: Magnezone
|-resisted|p2a: Magnezone
|-damage|p2a: Magnezone|81/100
|
|-heal|p1a: yeezus|36/100|[from] Grassy Terrain
|-heal|p2a: Magnezone|87/100|[from] Grassy Terrain
|-heal|p2a: Magnezone|93/100|[from] item: Leftovers
|upkeep
|turn|16
|
|t:|1634754784
|move|p1a: yeezus|Body Press|p2a: Magnezone
|-supereffective|p2a: Magnezone
|-damage|p2a: Magnezone|53/100
|move|p2a: Magnezone|Body Press|p1a: yeezus
|-supereffective|p1a: yeezus
|-damage|p1a: yeezus|0 fnt
|faint|p1a: yeezus
|
|-heal|p2a: Magnezone|59/100|[from] Grassy Terrain
|-heal|p2a: Magnezone|65/100|[from] item: Leftovers
|upkeep
|
|t:|1634754789
|switch|p1a: graduation|Mamoswine, M|70/100
|-damage|p1a: graduation|58/100|[from] Stealth Rock
|turn|17
|
|t:|1634754792
|move|p1a: graduation|Earthquake|p2a: Magnezone
|-supereffective|p2a: Magnezone
|-damage|p2a: Magnezone|0 fnt
|faint|p2a: Magnezone
|
|-heal|p1a: graduation|64/100|[from] Grassy Terrain
|-heal|p1a: graduation|70/100|[from] item: Leftovers
|upkeep
|
|t:|1634754802
|switch|p2a: Rillaboom|Rillaboom, M|16/100
|-damage|p2a: Rillaboom|4/100|[from] Stealth Rock
|turn|18
|
|t:|1634754818
|switch|p1a: college dropout|Dragonite, F|100/100
|move|p2a: Rillaboom|Grassy Glide|p1a: college dropout
|-resisted|p1a: college dropout
|-damage|p1a: college dropout|92/100
|
|-heal|p2a: Rillaboom|10/100|[from] Grassy Terrain
|-fieldend|move: Grassy Terrain
|upkeep
|turn|19
|inactive|eRTZU7ik has 120 seconds left.
|
|t:|1634754834
|switch|p2a: Blacephalon|Blacephalon|100/100
|-damage|p2a: Blacephalon|76/100|[from] Stealth Rock
|move|p1a: college dropout|Earthquake|p2a: Blacephalon
|-supereffective|p2a: Blacephalon
|-damage|p2a: Blacephalon|0 fnt
|faint|p2a: Blacephalon
|
|upkeep
|
|t:|1634754836
|switch|p2a: Kyurem|Kyurem|77/100
|-ability|p2a: Kyurem|Pressure
|turn|20
|
|t:|1634754845
|switch|p1a: donda|Tapu Fini|85/100
|-damage|p1a: donda|73/100|[from] Stealth Rock
|-fieldstart|move: Misty Terrain|[from] ability: Misty Surge|[of] p1a: donda
|move|p2a: Kyurem|Scale Shot|p1a: donda
|-immune|p1a: donda
|
|upkeep
|turn|21
|inactive|eRTZU7ik has 120 seconds left.
|inactive|noudle soop has 120 seconds left.
|
|t:|1634754875
|move|p2a: Kyurem|Freeze-Dry|p1a: donda
|-supereffective|p1a: donda
|-damage|p1a: donda|4/100
|move|p1a: donda|Moonblast|p2a: Kyurem
|-supereffective|p2a: Kyurem
|-damage|p2a: Kyurem|0 fnt
|faint|p2a: Kyurem
|
|upkeep
|inactive|eRTZU7ik has 120 seconds left.
|-message|eRTZU7ik forfeited.
|
|win|noudle soop
|raw|noudle soop's rating: 1758 &rarr; <strong>1778</strong><br />(+20 for winning)
|raw|eRTZU7ik's rating: 1759 &rarr; <strong>1739</strong><br />(-20 for losing)
|l|☆eRTZU7ik
