|j|☆ching bitang
|j|☆X-Wing Fighter
|player|p1|ching bitang|lucas|1466
|player|p2|X-Wing Fighter|ethan|1509
|teamsize|p1|6
|teamsize|p2|6
|gametype|singles
|gen|8
|tier|[Gen 8] OU
|rated|
|html|<div class="broadcast-blue"><strong>OU is currently suspecting Dracovish! For information on how to participate check out the <a href="https://www.smogon.com/forums/threads/3664521/">suspect thread</a>.</strong></div>
|clearpoke
|poke|p1|Excadrill, F|
|poke|p1|Zeraora|
|poke|p1|Mew|
|poke|p1|Terrakion|
|poke|p1|Dragapult, M|
|poke|p1|Hydreigon, M|
|poke|p2|Tyranitar, M|
|poke|p2|Corviknight, M|
|poke|p2|Bewear, F|
|poke|p2|Seismitoad, M|
|poke|p2|Aegislash, M|
|poke|p2|Zeraora|
|rule|Sleep Clause Mod: Limit one foe put to sleep
|rule|Species Clause: Limit one of each Pokémon
|rule|OHKO Clause: OHKO moves are banned
|rule|Evasion Moves Clause: Evasion moves are banned
|rule|Endless Battle Clause: Forcing endless battles is banned
|rule|HP Percentage Mod: HP is shown in percentages
|rule|Dynamax Clause: You cannot dynamax
|teampreview
|inactive|Battle timer is ON: inactive players will automatically lose when time's up. (requested by ching bitang)
|
|start
|switch|p1a: Zeraora|Zeraora|100/100
|switch|p2a: Tyranitar|Tyranitar, M|100/100
|-weather|Sandstorm|[from] ability: Sand Stream|[of] p2a: Tyranitar
|turn|1
|
|switch|p2a: Bewear|Bewear, F|100/100
|move|p1a: Zeraora|Substitute|p1a: Zeraora
|-start|p1a: Zeraora|Substitute
|-damage|p1a: Zeraora|76/100
|
|-weather|Sandstorm|[upkeep]
|-damage|p1a: Zeraora|70/100|[from] Sandstorm
|-damage|p2a: Bewear|94/100|[from] Sandstorm
|-heal|p1a: Zeraora|76/100|[from] item: Leftovers
|upkeep
|turn|2
|
|move|p1a: Zeraora|Thunderbolt|p2a: Bewear
|-damage|p2a: Bewear|51/100
|-status|p2a: Bewear|par
|move|p2a: Bewear|Drain Punch|p1a: Zeraora
|-end|p1a: Zeraora|Substitute
|-heal|p2a: Bewear|60/100 par|[from] drain|[of] p1a: Zeraora
|
|-weather|Sandstorm|[upkeep]
|-damage|p1a: Zeraora|70/100|[from] Sandstorm
|-damage|p2a: Bewear|54/100 par|[from] Sandstorm
|-heal|p1a: Zeraora|76/100|[from] item: Leftovers
|upkeep
|turn|3
|
|switch|p1a: Dragapult|Dragapult, M|100/100
|move|p2a: Bewear|Earthquake|p1a: Dragapult
|-crit|p1a: Dragapult
|-damage|p1a: Dragapult|36/100
|
|-weather|Sandstorm|[upkeep]
|-damage|p1a: Dragapult|30/100|[from] Sandstorm
|-damage|p2a: Bewear|48/100 par|[from] Sandstorm
|upkeep
|turn|4
|
|switch|p2a: Tyranitar|Tyranitar, M|100/100
|move|p1a: Dragapult|Dragon Darts|p2a: Tyranitar
|-damage|p2a: Tyranitar|65/100
|-anim|p1a: Dragapult|Dragon Darts|p2a: Tyranitar
|-damage|p2a: Tyranitar|33/100
|-damage|p1a: Dragapult|20/100|[from] item: Life Orb
|
|-weather|Sandstorm|[upkeep]
|-damage|p1a: Dragapult|14/100|[from] Sandstorm
|upkeep
|turn|5
|
|switch|p2a: Aegislash|Aegislash, M|100/100
|move|p1a: Dragapult|Steel Wing|p2a: Aegislash
|-resisted|p2a: Aegislash
|-damage|p2a: Aegislash|83/100
|-damage|p1a: Dragapult|4/100|[from] item: Life Orb
|
|-weather|none
|upkeep
|turn|6
|
|switch|p1a: Hydreigon|Hydreigon, M|100/100
|-formechange|p2a: Aegislash|Aegislash-Blade||[from] ability: Stance Change
|move|p2a: Aegislash|Shadow Sneak|p1a: Hydreigon
|-resisted|p1a: Hydreigon
|-damage|p1a: Hydreigon|91/100
|
|upkeep
|turn|7
|
|switch|p2a: Corviknight|Corviknight, M|100/100
|-ability|p2a: Corviknight|Pressure
|move|p1a: Hydreigon|U-turn|p2a: Corviknight
|-resisted|p2a: Corviknight
|-damage|p2a: Corviknight|98/100
|
|switch|p1a: Zeraora|Zeraora|76/100|[from]move: U-turn
|
|-heal|p1a: Zeraora|82/100|[from] item: Leftovers
|-heal|p2a: Corviknight|100/100|[from] item: Leftovers
|upkeep
|turn|8
|
|switch|p2a: Seismitoad|Seismitoad, M|100/100
|move|p1a: Zeraora|Substitute|p1a: Zeraora
|-start|p1a: Zeraora|Substitute
|-damage|p1a: Zeraora|57/100
|
|-heal|p1a: Zeraora|63/100|[from] item: Leftovers
|upkeep
|turn|9
|
|switch|p2a: Bewear|Bewear, F|48/100 par
|move|p1a: Zeraora|Grass Knot|p2a: Bewear
|-damage|p2a: Bewear|32/100 par
|-damage|p1a: Zeraora|46/100|[from] item: Rocky Helmet|[of] p2a: Bewear
|
|-heal|p1a: Zeraora|52/100|[from] item: Leftovers
|upkeep
|turn|10
|
|move|p1a: Zeraora|Thunderbolt|p2a: Bewear
|-damage|p2a: Bewear|0 fnt
|faint|p2a: Bewear
|
|-heal|p1a: Zeraora|58/100|[from] item: Leftovers
|upkeep
|
|switch|p2a: Aegislash|Aegislash, M|83/100
|turn|11
|
|move|p1a: Zeraora|Calm Mind|p1a: Zeraora
|-boost|p1a: Zeraora|spa|1
|-boost|p1a: Zeraora|spd|1
|-formechange|p2a: Aegislash|Aegislash-Blade||[from] ability: Stance Change
|move|p2a: Aegislash|Shadow Ball|p1a: Zeraora
|-end|p1a: Zeraora|Substitute
|
|-heal|p1a: Zeraora|64/100|[from] item: Leftovers
|upkeep
|turn|12
|
|switch|p2a: Zeraora|Zeraora|100/100
|move|p1a: Zeraora|Thunderbolt|p2a: Zeraora
|-immune|p2a: Zeraora|[from] ability: Volt Absorb
|
|-heal|p1a: Zeraora|70/100|[from] item: Leftovers
|upkeep
|turn|13
|
|switch|p1a: Mew|Mew|100/100
|move|p2a: Zeraora|Calm Mind|p2a: Zeraora
|-boost|p2a: Zeraora|spa|1
|-boost|p2a: Zeraora|spd|1
|
|upkeep
|turn|14
|
|move|p2a: Zeraora|Thunderbolt|p1a: Mew
|-damage|p1a: Mew|43/100
|move|p1a: Mew|Psychic Fangs|p2a: Zeraora
|-damage|p2a: Zeraora|31/100
|-damage|p1a: Mew|33/100|[from] item: Life Orb
|
|-heal|p2a: Zeraora|37/100|[from] item: Leftovers
|upkeep
|turn|15
|
|move|p2a: Zeraora|Thunderbolt|p1a: Mew
|-damage|p1a: Mew|0 fnt
|faint|p1a: Mew
|
|-heal|p2a: Zeraora|43/100|[from] item: Leftovers
|upkeep
|
|switch|p1a: Excadrill|Excadrill, F|100/100
|-ability|p1a: Excadrill|Mold Breaker
|turn|16
|
|move|p1a: Excadrill|Earthquake|p2a: Zeraora
|-supereffective|p2a: Zeraora
|-damage|p2a: Zeraora|0 fnt
|faint|p2a: Zeraora
|
|upkeep
|
|switch|p2a: Corviknight|Corviknight, M|100/100
|-ability|p2a: Corviknight|Pressure
|turn|17
|
|switch|p1a: Zeraora|Zeraora|70/100
|switch|p2a: Aegislash|Aegislash, M|83/100
|
|-heal|p1a: Zeraora|76/100|[from] item: Leftovers
|upkeep
|turn|18
|
|move|p1a: Zeraora|Substitute|p1a: Zeraora
|-start|p1a: Zeraora|Substitute
|-damage|p1a: Zeraora|51/100
|-formechange|p2a: Aegislash|Aegislash-Blade||[from] ability: Stance Change
|move|p2a: Aegislash|Shadow Ball|p1a: Zeraora
|-end|p1a: Zeraora|Substitute
|
|-heal|p1a: Zeraora|57/100|[from] item: Leftovers
|upkeep
|turn|19
|
|move|p1a: Zeraora|Thunderbolt|p2a: Aegislash
|-damage|p2a: Aegislash|0 fnt
|faint|p2a: Aegislash
|
|-heal|p1a: Zeraora|63/100|[from] item: Leftovers
|upkeep
|-message|X-Wing Fighter forfeited.
|
|win|ching bitang
|l|☆X-Wing Fighter
||Ladder (probably) updated, but score could not be retrieved (Response not received).
