|j|☆bayleef suriano
|j|☆Trogba Trogba
|player|p1|bayleef suriano|hilbert|
|player|p2|Trogba Trogba|lance|
|teamsize|p1|6
|teamsize|p2|6
|gametype|singles
|gen|8
|tier|[Gen 8] OU
|rated|Tournament battle
|clearpoke
|poke|p1|Cinderace, F|
|poke|p1|Dragapult, M|
|poke|p1|Ferrothorn, M|
|poke|p1|Magearna|
|poke|p1|Urshifu-*, M|
|poke|p1|Vaporeon, M|
|poke|p2|Magearna|
|poke|p2|Cinderace, M|
|poke|p2|Rotom-Heat|
|poke|p2|Amoonguss, M|
|poke|p2|Mandibuzz, F|
|poke|p2|Excadrill, F|
|rule|Sleep Clause Mod: Limit one foe put to sleep
|rule|Species Clause: Limit one of each Pokémon
|rule|OHKO Clause: OHKO moves are banned
|rule|Evasion Moves Clause: Evasion moves are banned
|rule|Endless Battle Clause: Forcing endless battles is banned
|rule|HP Percentage Mod: HP is shown in percentages
|rule|Dynamax Clause: You cannot dynamax
|teampreview
|j|*Lady Monita
|j| Mellow1004
|j| deepandee
|j| DavidYInaki
|
|start
|switch|p1a: Dragapult|Dragapult, M|100/100
|switch|p2a: Cinderace|Cinderace, M|100/100
|turn|1
|j| lucali
|j| ih♥yp sleepy day
|
|switch|p2a: Mandibuzz|Mandibuzz, F|100/100
|move|p1a: Dragapult|Substitute|p1a: Dragapult
|-start|p1a: Dragapult|Substitute
|-damage|p1a: Dragapult|76/100
|
|-heal|p1a: Dragapult|82/100|[from] item: Leftovers
|upkeep
|turn|2
|
|move|p1a: Dragapult|Will-O-Wisp|p2a: Mandibuzz
|-status|p2a: Mandibuzz|brn
|move|p2a: Mandibuzz|Foul Play|p1a: Dragapult
|-supereffective|p1a: Dragapult
|-end|p1a: Dragapult|Substitute
|
|-heal|p1a: Dragapult|88/100|[from] item: Leftovers
|-damage|p2a: Mandibuzz|94/100 brn|[from] brn
|upkeep
|turn|3
|j|%MalMoonsault
|
|switch|p1a: Ferrothorn|Ferrothorn, M|100/100
|switch|p2a: Cinderace|Cinderace, M|100/100
|
|upkeep
|turn|4
|
|switch|p1a: Vaporeon|Vaporeon, M|100/100
|move|p2a: Cinderace|Pyro Ball|p1a: Vaporeon
|-resisted|p1a: Vaporeon
|-damage|p1a: Vaporeon|67/100
|
|-heal|p1a: Vaporeon|73/100|[from] item: Leftovers
|upkeep
|turn|5
|
|switch|p2a: Magearna|Magearna|100/100
|move|p1a: Vaporeon|Wish|p1a: Vaporeon
|
|-heal|p1a: Vaporeon|80/100|[from] item: Leftovers
|upkeep
|turn|6
|
|switch|p1a: Cinderace|Cinderace, F|100/100
|move|p2a: Magearna|Trick|p1a: Cinderace
|-activate|p2a: Magearna|move: Trick|[of] p1a: Cinderace
|-item|p1a: Cinderace|Choice Specs|[from] move: Trick
|-item|p2a: Magearna|Wide Lens|[from] move: Trick
|
|upkeep
|turn|7
|
|switch|p2a: Mandibuzz|Mandibuzz, F|94/100 brn
|move|p1a: Cinderace|Pyro Ball|p2a: Mandibuzz
|-damage|p2a: Mandibuzz|57/100 brn
|
|-damage|p2a: Mandibuzz|51/100 brn|[from] brn
|upkeep
|turn|8
|
|switch|p1a: Ferrothorn|Ferrothorn, M|100/100
|move|p2a: Mandibuzz|Roost|p2a: Mandibuzz
|-heal|p2a: Mandibuzz|100/100 brn
|-singleturn|p2a: Mandibuzz|move: Roost
|
|-damage|p2a: Mandibuzz|94/100 brn|[from] brn
|upkeep
|turn|9
|j| Delta L-Dragapult
|
|switch|p2a: Cinderace|Cinderace, M|100/100
|move|p1a: Ferrothorn|Thunder Wave|p2a: Cinderace
|-status|p2a: Cinderace|par
|
|upkeep
|turn|10
|j| GermanyShadow
|
|switch|p1a: Vaporeon|Vaporeon, M|80/100
|move|p2a: Cinderace|High Jump Kick|p1a: Vaporeon
|-start|p2a: Cinderace|typechange|Fighting|[from] ability: Libero
|-damage|p1a: Vaporeon|3/100
|
|-heal|p1a: Vaporeon|9/100|[from] item: Leftovers
|upkeep
|turn|11
|
|switch|p2a: Magearna|Magearna|100/100
|move|p1a: Vaporeon|Wish|p1a: Vaporeon
|
|-heal|p1a: Vaporeon|16/100|[from] item: Leftovers
|upkeep
|turn|12
|
|move|p1a: Vaporeon|Protect|p1a: Vaporeon
|-singleturn|p1a: Vaporeon|Protect
|move|p2a: Magearna|Volt Switch|p1a: Vaporeon
|-activate|p1a: Vaporeon|move: Protect
|
|-heal|p1a: Vaporeon|66/100|[from] move: Wish|[wisher] Vaporeon
|-heal|p1a: Vaporeon|72/100|[from] item: Leftovers
|upkeep
|turn|13
|
|switch|p1a: Cinderace|Cinderace, F|100/100
|move|p2a: Magearna|Volt Switch|p1a: Cinderace
|-damage|p1a: Cinderace|61/100
|l| GermanyShadow
|l| Delta L-Dragapult
|
|switch|p2a: Mandibuzz|Mandibuzz, F|94/100 brn|[from]move: Volt Switch
|
|-damage|p2a: Mandibuzz|88/100 brn|[from] brn
|upkeep
|turn|14
|
|move|p1a: Cinderace|Pyro Ball|p2a: Mandibuzz
|-damage|p2a: Mandibuzz|53/100 brn
|move|p2a: Mandibuzz|Roost|p2a: Mandibuzz
|-heal|p2a: Mandibuzz|100/100 brn
|-singleturn|p2a: Mandibuzz|move: Roost
|
|-damage|p2a: Mandibuzz|94/100 brn|[from] brn
|upkeep
|turn|15
|
|switch|p1a: Ferrothorn|Ferrothorn, M|100/100
|switch|p2a: Rotom|Rotom-Heat|100/100
|
|upkeep
|turn|16
|
|switch|p1a: Cinderace|Cinderace, F|61/100
|move|p2a: Rotom|Overheat|p1a: Cinderace
|-resisted|p1a: Cinderace
|-damage|p1a: Cinderace|25/100
|-unboost|p2a: Rotom|spa|2
|
|upkeep
|turn|17
|
|switch|p2a: Mandibuzz|Mandibuzz, F|94/100 brn
|move|p1a: Cinderace|Gunk Shot|p2a: Mandibuzz|[miss]
|-start|p1a: Cinderace|typechange|Poison|[from] ability: Libero
|-miss|p1a: Cinderace|p2a: Mandibuzz
|
|-damage|p2a: Mandibuzz|88/100 brn|[from] brn
|upkeep
|turn|18
|
|switch|p1a: Vaporeon|Vaporeon, M|72/100
|switch|p2a: Amoonguss|Amoonguss, M|100/100
|
|-heal|p1a: Vaporeon|78/100|[from] item: Leftovers
|upkeep
|turn|19
|
|switch|p1a: Ferrothorn|Ferrothorn, M|100/100
|move|p2a: Amoonguss|Spore|p1a: Ferrothorn
|-immune|p1a: Ferrothorn
|
|upkeep
|turn|20
|j| thehomiezach215
|
|switch|p2a: Rotom|Rotom-Heat|100/100
|move|p1a: Ferrothorn|Stealth Rock|p2a: Rotom
|-sidestart|p2: Trogba Trogba|move: Stealth Rock
|
|upkeep
|turn|21
|l| thehomiezach215
|
|switch|p1a: Dragapult|Dragapult, M|88/100
|move|p2a: Rotom|Overheat|p1a: Dragapult
|-resisted|p1a: Dragapult
|-damage|p1a: Dragapult|61/100
|-unboost|p2a: Rotom|spa|2
|
|-heal|p1a: Dragapult|68/100|[from] item: Leftovers
|upkeep
|turn|22
|
|move|p1a: Dragapult|Substitute|p1a: Dragapult
|-start|p1a: Dragapult|Substitute
|-damage|p1a: Dragapult|43/100
|move|p2a: Rotom|Toxic||[still]
|-fail|p2a: Rotom
|
|-heal|p1a: Dragapult|49/100|[from] item: Leftovers
|upkeep
|turn|23
|
|move|p1a: Dragapult|Hex|p2a: Rotom
|-damage|p2a: Rotom|81/100
|move|p2a: Rotom|Volt Switch|p1a: Dragapult
|-resisted|p1a: Dragapult
|-activate|p1a: Dragapult|move: Substitute|[damage]
|
|switch|p2a: Mandibuzz|Mandibuzz, F|88/100 brn|[from]move: Volt Switch
|
|-heal|p1a: Dragapult|55/100|[from] item: Leftovers
|-damage|p2a: Mandibuzz|82/100 brn|[from] brn
|upkeep
|turn|24
|
|move|p1a: Dragapult|Hex|p2a: Mandibuzz
|-resisted|p2a: Mandibuzz
|-damage|p2a: Mandibuzz|66/100 brn
|move|p2a: Mandibuzz|Foul Play|p1a: Dragapult
|-supereffective|p1a: Dragapult
|-end|p1a: Dragapult|Substitute
|
|-heal|p1a: Dragapult|61/100|[from] item: Leftovers
|-damage|p2a: Mandibuzz|59/100 brn|[from] brn
|upkeep
|turn|25
|
|switch|p1a: Vaporeon|Vaporeon, M|78/100
|move|p2a: Mandibuzz|Roost|p2a: Mandibuzz
|-heal|p2a: Mandibuzz|100/100 brn
|-singleturn|p2a: Mandibuzz|move: Roost
|
|-heal|p1a: Vaporeon|84/100|[from] item: Leftovers
|-damage|p2a: Mandibuzz|94/100 brn|[from] brn
|upkeep
|turn|26
|
|move|p2a: Mandibuzz|Toxic|p1a: Vaporeon
|-status|p1a: Vaporeon|tox
|move|p1a: Vaporeon|Wish|p1a: Vaporeon
|
|-heal|p1a: Vaporeon|91/100 tox|[from] item: Leftovers
|-damage|p2a: Mandibuzz|88/100 brn|[from] brn
|-damage|p1a: Vaporeon|84/100 tox|[from] psn
|upkeep
|turn|27
|j| Krishnakant
|
|switch|p1a: Magearna|Magearna|100/100
|move|p2a: Mandibuzz|Foul Play|p1a: Magearna
|-resisted|p1a: Magearna
|-damage|p1a: Magearna|97/100
|
|-heal|p1a: Magearna|100/100|[from] move: Wish|[wisher] Vaporeon
|-damage|p2a: Mandibuzz|82/100 brn|[from] brn
|upkeep
|turn|28
|
|switch|p2a: Cinderace|Cinderace, M|100/100 par
|-damage|p2a: Cinderace|76/100 par|[from] Stealth Rock
|switch|p1a: Cinderace|Cinderace, F|25/100
|
|upkeep
|turn|29
|
|switch|p2a: Mandibuzz|Mandibuzz, F|82/100 brn
|move|p1a: Cinderace|Gunk Shot|p2a: Mandibuzz
|-start|p1a: Cinderace|typechange|Poison|[from] ability: Libero
|-damage|p2a: Mandibuzz|43/100 brn
|
|-damage|p2a: Mandibuzz|37/100 brn|[from] brn
|upkeep
|turn|30
|
|switch|p2a: Excadrill|Excadrill, F|100/100
|-damage|p2a: Excadrill|97/100|[from] Stealth Rock
|-ability|p2a: Excadrill|Mold Breaker
|move|p1a: Cinderace|Gunk Shot|p2a: Excadrill
|-immune|p2a: Excadrill
|
|upkeep
|turn|31
|
|switch|p2a: Mandibuzz|Mandibuzz, F|37/100 brn
|switch|p1a: Ferrothorn|Ferrothorn, M|100/100
|
|-damage|p2a: Mandibuzz|31/100 brn|[from] brn
|upkeep
|turn|32
|
|move|p2a: Mandibuzz|Roost|p2a: Mandibuzz
|-heal|p2a: Mandibuzz|81/100 brn
|-singleturn|p2a: Mandibuzz|move: Roost
|move|p1a: Ferrothorn|Leech Seed|p2a: Mandibuzz
|-start|p2a: Mandibuzz|move: Leech Seed
|
|-damage|p2a: Mandibuzz|69/100 brn|[from] Leech Seed|[of] p1a: Ferrothorn
|-damage|p2a: Mandibuzz|62/100 brn|[from] brn
|upkeep
|turn|33
|
|move|p2a: Mandibuzz|Defog|p1a: Ferrothorn
|-unboost|p1a: Ferrothorn|evasion|1
|-sideend|p2: Trogba Trogba|Stealth Rock|[from] move: Defog|[of] p2a: Mandibuzz
|move|p1a: Ferrothorn|Iron Head|p2a: Mandibuzz
|-damage|p2a: Mandibuzz|46/100 brn
|
|-damage|p2a: Mandibuzz|34/100 brn|[from] Leech Seed|[of] p1a: Ferrothorn
|-damage|p2a: Mandibuzz|27/100 brn|[from] brn
|upkeep
|turn|34
|
|move|p2a: Mandibuzz|Roost|p2a: Mandibuzz
|-heal|p2a: Mandibuzz|78/100 brn
|-singleturn|p2a: Mandibuzz|move: Roost
|move|p1a: Ferrothorn|Stealth Rock|p2a: Mandibuzz
|-sidestart|p2: Trogba Trogba|move: Stealth Rock
|
|-damage|p2a: Mandibuzz|65/100 brn|[from] Leech Seed|[of] p1a: Ferrothorn
|-damage|p2a: Mandibuzz|59/100 brn|[from] brn
|upkeep
|turn|35
|
|move|p2a: Mandibuzz|Roost|p2a: Mandibuzz
|-heal|p2a: Mandibuzz|100/100 brn
|-singleturn|p2a: Mandibuzz|move: Roost
|move|p1a: Ferrothorn|Iron Head|p2a: Mandibuzz
|-damage|p2a: Mandibuzz|84/100 brn
|
|-damage|p2a: Mandibuzz|72/100 brn|[from] Leech Seed|[of] p1a: Ferrothorn
|-damage|p2a: Mandibuzz|66/100 brn|[from] brn
|upkeep
|turn|36
|
|switch|p2a: Cinderace|Cinderace, M|76/100 par
|-damage|p2a: Cinderace|51/100 par|[from] Stealth Rock
|move|p1a: Ferrothorn|Stealth Rock||[still]
|-fail|p1a: Ferrothorn
|
|upkeep
|turn|37
|j| Stareal
|j| pradhaaan
|
|switch|p1a: Cinderace|Cinderace, F|25/100
|move|p2a: Cinderace|High Jump Kick|p1a: Cinderace
|-start|p2a: Cinderace|typechange|Fighting|[from] ability: Libero
|-damage|p1a: Cinderace|0 fnt
|faint|p1a: Cinderace
|
|upkeep
|j| xiaofengfan
|
|switch|p1a: Dragapult|Dragapult, M|61/100
|turn|38
|
|switch|p1a: Magearna|Magearna|100/100
|switch|p2a: Mandibuzz|Mandibuzz, F|66/100 brn
|
|-damage|p2a: Mandibuzz|60/100 brn|[from] brn
|upkeep
|turn|39
|
|switch|p2a: Magearna|Magearna|100/100
|-damage|p2a: Magearna|95/100|[from] Stealth Rock
|move|p1a: Magearna|Shift Gear|p1a: Magearna
|-boost|p1a: Magearna|spe|2
|-boost|p1a: Magearna|atk|1
|
|upkeep
|turn|40
|
|move|p1a: Magearna|Calm Mind|p1a: Magearna
|-boost|p1a: Magearna|spa|1
|-boost|p1a: Magearna|spd|1
|move|p2a: Magearna|Volt Switch|p1a: Magearna
|-damage|p1a: Magearna|86/100
|
|switch|p2a: Excadrill|Excadrill, F|97/100|[from]move: Volt Switch
|-damage|p2a: Excadrill|94/100|[from] Stealth Rock
|-ability|p2a: Excadrill|Mold Breaker
|
|-heal|p1a: Magearna|92/100|[from] item: Leftovers
|upkeep
|turn|41
|j| pokemn botttt
|
|switch|p1a: Ferrothorn|Ferrothorn, M|100/100
|move|p2a: Excadrill|Earthquake|p1a: Ferrothorn
|-damage|p1a: Ferrothorn|72/100
|
|-heal|p1a: Ferrothorn|78/100|[from] item: Leftovers
|upkeep
|turn|42
|
|switch|p2a: Mandibuzz|Mandibuzz, F|60/100 brn
|move|p1a: Ferrothorn|Leech Seed|p2a: Mandibuzz
|-start|p2a: Mandibuzz|move: Leech Seed
|
|-heal|p1a: Ferrothorn|84/100|[from] item: Leftovers
|-damage|p2a: Mandibuzz|47/100 brn|[from] Leech Seed|[of] p1a: Ferrothorn
|-heal|p1a: Ferrothorn|99/100|[silent]
|-damage|p2a: Mandibuzz|41/100 brn|[from] brn
|upkeep
|turn|43
|
|move|p2a: Mandibuzz|Roost|p2a: Mandibuzz
|-heal|p2a: Mandibuzz|91/100 brn
|-singleturn|p2a: Mandibuzz|move: Roost
|move|p1a: Ferrothorn|Iron Head|p2a: Mandibuzz
|-damage|p2a: Mandibuzz|74/100 brn
|
|-heal|p1a: Ferrothorn|100/100|[from] item: Leftovers
|-damage|p2a: Mandibuzz|62/100 brn|[from] Leech Seed|[of] p1a: Ferrothorn
|-damage|p2a: Mandibuzz|56/100 brn|[from] brn
|upkeep
|turn|44
|
|move|p2a: Mandibuzz|Roost|p2a: Mandibuzz
|-heal|p2a: Mandibuzz|100/100 brn
|-singleturn|p2a: Mandibuzz|move: Roost
|move|p1a: Ferrothorn|Stealth Rock||[still]
|-fail|p1a: Ferrothorn
|
|-damage|p2a: Mandibuzz|88/100 brn|[from] Leech Seed|[of] p1a: Ferrothorn
|-damage|p2a: Mandibuzz|82/100 brn|[from] brn
|upkeep
|turn|45
|
|move|p2a: Mandibuzz|Defog|p1a: Ferrothorn
|-unboost|p1a: Ferrothorn|evasion|1
|-sideend|p2: Trogba Trogba|Stealth Rock|[from] move: Defog|[of] p2a: Mandibuzz
|move|p1a: Ferrothorn|Stealth Rock|p2a: Mandibuzz
|-sidestart|p2: Trogba Trogba|move: Stealth Rock
|
|-damage|p2a: Mandibuzz|70/100 brn|[from] Leech Seed|[of] p1a: Ferrothorn
|-damage|p2a: Mandibuzz|64/100 brn|[from] brn
|upkeep
|turn|46
|
|move|p2a: Mandibuzz|Roost|p2a: Mandibuzz
|-heal|p2a: Mandibuzz|100/100 brn
|-singleturn|p2a: Mandibuzz|move: Roost
|move|p1a: Ferrothorn|Iron Head|p2a: Mandibuzz
|-damage|p2a: Mandibuzz|83/100 brn
|
|-damage|p2a: Mandibuzz|70/100 brn|[from] Leech Seed|[of] p1a: Ferrothorn
|-damage|p2a: Mandibuzz|64/100 brn|[from] brn
|upkeep
|turn|47
|j| thepokegirl151
|
|switch|p2a: Cinderace|Cinderace, M|51/100 par
|-damage|p2a: Cinderace|26/100 par|[from] Stealth Rock
|move|p1a: Ferrothorn|Iron Head|p2a: Cinderace
|-resisted|p2a: Cinderace
|-damage|p2a: Cinderace|7/100 par
|
|upkeep
|turn|48
|
|switch|p1a: Vaporeon|Vaporeon, M|84/100 tox
|move|p2a: Cinderace|High Jump Kick|p1a: Vaporeon
|-start|p2a: Cinderace|typechange|Fighting|[from] ability: Libero
|-damage|p1a: Vaporeon|6/100 tox
|
|-heal|p1a: Vaporeon|12/100 tox|[from] item: Leftovers
|-damage|p1a: Vaporeon|6/100 tox|[from] psn
|upkeep
|turn|49
|
|move|p2a: Cinderace|High Jump Kick|p1a: Vaporeon
|-damage|p1a: Vaporeon|0 fnt
|faint|p1a: Vaporeon
|
|upkeep
|c| deepandee|when this mantch will  over
|
|switch|p1a: Urshifu|Urshifu, M|100/100
|turn|50
|l| thepokegirl151
|
|move|p1a: Urshifu|Wicked Blow|p2a: Cinderace
|-resisted|p2a: Cinderace
|-crit|p2a: Cinderace
|-damage|p2a: Cinderace|0 fnt
|-damage|p1a: Urshifu|91/100|[from] item: Life Orb
|faint|p2a: Cinderace
|
|upkeep
|c| pokemn botttt|bruh
|
|switch|p2a: Amoonguss|Amoonguss, M|100/100
|-damage|p2a: Amoonguss|88/100|[from] Stealth Rock
|turn|51
|
|switch|p1a: Ferrothorn|Ferrothorn, M|100/100
|move|p2a: Amoonguss|Spore|p1a: Ferrothorn
|-immune|p1a: Ferrothorn
|
|upkeep
|turn|52
|
|switch|p2a: Rotom|Rotom-Heat|81/100
|switch|p1a: Urshifu|Urshifu, M|91/100
|
|upkeep
|turn|53
|c| pokemn botttt|keep out ferrohorn'
|
|switch|p2a: Amoonguss|Amoonguss, M|100/100
|-damage|p2a: Amoonguss|88/100|[from] Stealth Rock
|move|p1a: Urshifu|Wicked Blow|p2a: Amoonguss
|-crit|p2a: Amoonguss
|-damage|p2a: Amoonguss|25/100
|-damage|p1a: Urshifu|74/100|[from] item: Rocky Helmet|[of] p2a: Amoonguss
|-damage|p1a: Urshifu|64/100|[from] item: Life Orb
|
|upkeep
|turn|54
|
|move|p1a: Urshifu|Wicked Blow|p2a: Amoonguss
|-crit|p2a: Amoonguss
|-damage|p2a: Amoonguss|0 fnt
|-damage|p1a: Urshifu|48/100|[from] item: Rocky Helmet|[of] p2a: Amoonguss
|-damage|p1a: Urshifu|38/100|[from] item: Life Orb
|faint|p2a: Amoonguss
|
|upkeep
|
|switch|p2a: Excadrill|Excadrill, F|94/100
|-damage|p2a: Excadrill|91/100|[from] Stealth Rock
|-ability|p2a: Excadrill|Mold Breaker
|turn|55
|
|move|p2a: Excadrill|Earthquake|p1a: Urshifu
|-damage|p1a: Urshifu|0 fnt
|faint|p1a: Urshifu
|
|upkeep
|
|switch|p1a: Ferrothorn|Ferrothorn, M|100/100
|turn|56
|
|switch|p2a: Rotom|Rotom-Heat|81/100
|move|p1a: Ferrothorn|Leech Seed|p2a: Rotom
|-start|p2a: Rotom|move: Leech Seed
|
|-damage|p2a: Rotom|68/100|[from] Leech Seed|[of] p1a: Ferrothorn
|upkeep
|turn|57
|
|switch|p1a: Dragapult|Dragapult, M|61/100
|move|p2a: Rotom|Overheat|p1a: Dragapult
|-resisted|p1a: Dragapult
|-damage|p1a: Dragapult|36/100
|-unboost|p2a: Rotom|spa|2
|
|-heal|p1a: Dragapult|42/100|[from] item: Leftovers
|-damage|p2a: Rotom|56/100|[from] Leech Seed|[of] p1a: Dragapult
|-heal|p1a: Dragapult|52/100|[silent]
|upkeep
|turn|58
|c| deepandee|y wicked blow not used
|
|switch|p2a: Mandibuzz|Mandibuzz, F|64/100 brn
|move|p1a: Dragapult|Substitute|p1a: Dragapult
|-start|p1a: Dragapult|Substitute
|-damage|p1a: Dragapult|27/100
|
|-heal|p1a: Dragapult|33/100|[from] item: Leftovers
|-damage|p2a: Mandibuzz|58/100 brn|[from] brn
|upkeep
|turn|59
|
|move|p1a: Dragapult|Hex|p2a: Mandibuzz
|-resisted|p2a: Mandibuzz
|-damage|p2a: Mandibuzz|42/100 brn
|move|p2a: Mandibuzz|Roost|p2a: Mandibuzz
|-heal|p2a: Mandibuzz|92/100 brn
|-singleturn|p2a: Mandibuzz|move: Roost
|
|-heal|p1a: Dragapult|40/100|[from] item: Leftovers
|-damage|p2a: Mandibuzz|86/100 brn|[from] brn
|upkeep
|turn|60
|c| pokemn botttt|idk
|
|move|p1a: Dragapult|Hex|p2a: Mandibuzz
|-resisted|p2a: Mandibuzz
|-damage|p2a: Mandibuzz|68/100 brn
|move|p2a: Mandibuzz|Foul Play|p1a: Dragapult
|-supereffective|p1a: Dragapult
|-end|p1a: Dragapult|Substitute
|
|-heal|p1a: Dragapult|46/100|[from] item: Leftovers
|-damage|p2a: Mandibuzz|62/100 brn|[from] brn
|upkeep
|turn|61
|
|switch|p1a: Ferrothorn|Ferrothorn, M|100/100
|move|p2a: Mandibuzz|Defog|p1a: Ferrothorn
|-unboost|p1a: Ferrothorn|evasion|1
|-sideend|p2: Trogba Trogba|Stealth Rock|[from] move: Defog|[of] p2a: Mandibuzz
|
|-damage|p2a: Mandibuzz|56/100 brn|[from] brn
|upkeep
|turn|62
|l| lucali
|
|switch|p2a: Rotom|Rotom-Heat|56/100
|move|p1a: Ferrothorn|Stealth Rock|p2a: Rotom
|-sidestart|p2: Trogba Trogba|move: Stealth Rock
|
|upkeep
|turn|63
|
|move|p2a: Rotom|Overheat|p1a: Ferrothorn
|-supereffective|p1a: Ferrothorn
|-damage|p1a: Ferrothorn|0 fnt
|-unboost|p2a: Rotom|spa|2
|faint|p1a: Ferrothorn
|
|upkeep
|j| KennyOmeg
|
|switch|p1a: Magearna|Magearna|92/100
|turn|64
|
|move|p2a: Rotom|Volt Switch|p1a: Magearna
|-crit|p1a: Magearna
|-damage|p1a: Magearna|60/100
|
|switch|p2a: Excadrill|Excadrill, F|91/100|[from]move: Volt Switch
|-damage|p2a: Excadrill|88/100|[from] Stealth Rock
|-ability|p2a: Excadrill|Mold Breaker
|move|p1a: Magearna|Calm Mind|p1a: Magearna
|-boost|p1a: Magearna|spa|1
|-boost|p1a: Magearna|spd|1
|
|-heal|p1a: Magearna|66/100|[from] item: Leftovers
|upkeep
|turn|65
|c|☆Trogba Trogba|gg
|
|move|p2a: Excadrill|Earthquake|p1a: Magearna
|-supereffective|p1a: Magearna
|-damage|p1a: Magearna|1/100
|move|p1a: Magearna|Draining Kiss|p2a: Excadrill
|-resisted|p2a: Excadrill
|-damage|p2a: Excadrill|68/100
|-heal|p1a: Magearna|16/100|[from] drain|[of] p2a: Excadrill
|
|-heal|p1a: Magearna|22/100|[from] item: Leftovers
|upkeep
|turn|66
|j| srdgvwserg
|
|move|p2a: Excadrill|Earthquake|p1a: Magearna
|-supereffective|p1a: Magearna
|-damage|p1a: Magearna|0 fnt
|faint|p1a: Magearna
|
|upkeep
|
|switch|p1a: Dragapult|Dragapult, M|46/100
|turn|67
|
|move|p2a: Excadrill|Earthquake|p1a: Dragapult
|-damage|p1a: Dragapult|0 fnt
|faint|p1a: Dragapult
|
|win|Trogba Trogba
