|j|☆Colonel Rivai
|j|☆ramixi0596
|t:|1657123854
|gametype|singles
|player|p1|Colonel Rivai|266|1679
|player|p2|ramixi0596|candice|1722
|teamsize|p1|6
|teamsize|p2|6
|gen|8
|tier|[Gen 8] OU
|rated|
|rule|Sleep Clause Mod: Limit one foe put to sleep
|rule|Species Clause: Limit one of each Pokémon
|rule|OHKO Clause: OHKO moves are banned
|rule|Evasion Moves Clause: Evasion moves are banned
|rule|Endless Battle Clause: Forcing endless battles is banned
|rule|HP Percentage Mod: HP is shown in percentages
|rule|Dynamax Clause: You cannot dynamax
|clearpoke
|poke|p1|Hydreigon, F|
|poke|p1|Kartana|
|poke|p1|Blacephalon|
|poke|p1|Landorus-Therian, M|
|poke|p1|Melmetal|
|poke|p1|Toxapex, F|
|poke|p2|Weavile, M|
|poke|p2|Ferrothorn, M|
|poke|p2|Landorus-Therian, M|
|poke|p2|Tapu Fini|
|poke|p2|Heatran, M|
|poke|p2|Tornadus-Therian, M|
|teampreview
|inactive|Battle timer is ON: inactive players will automatically lose when time's up. (requested by ramixi0596)
|
|t:|1657123858
|start
|switch|p1a: Kartana|Kartana|100/100
|switch|p2a: Ferrothorn|Ferrothorn, M|100/100
|turn|1
|
|t:|1657123877
|switch|p2a: Tornadus|Tornadus-Therian, M|100/100
|move|p1a: Kartana|Knock Off|p2a: Tornadus
|-damage|p2a: Tornadus|20/100
|-enditem|p2a: Tornadus|Assault Vest|[from] move: Knock Off|[of] p1a: Kartana
|
|upkeep
|turn|2
|
|t:|1657123883
|switch|p1a: Toxapex|Toxapex, F|100/100
|move|p2a: Tornadus|Heat Wave|p1a: Toxapex|[miss]
|-miss|p2a: Tornadus|p1a: Toxapex
|
|upkeep
|turn|3
|
|t:|1657123887
|move|p2a: Tornadus|U-turn|p1a: Toxapex
|-resisted|p1a: Toxapex
|-damage|p1a: Toxapex|96/100
|-damage|p2a: Tornadus|4/100|[from] item: Rocky Helmet|[of] p1a: Toxapex
|
|t:|1657123889
|switch|p2a: Ferrothorn|Ferrothorn, M|100/100|[from]move: U-turn
|move|p1a: Toxapex|Knock Off|p2a: Ferrothorn
|-crit|p2a: Ferrothorn
|-damage|p2a: Ferrothorn|87/100
|-damage|p1a: Toxapex|84/100|[from] ability: Iron Barbs|[of] p2a: Ferrothorn
|-damage|p1a: Toxapex|67/100|[from] item: Rocky Helmet|[of] p2a: Ferrothorn
|-enditem|p2a: Ferrothorn|Rocky Helmet|[from] move: Knock Off|[of] p1a: Toxapex
|
|upkeep
|turn|4
|
|t:|1657123894
|switch|p1a: Landorus|Landorus-Therian, M|100/100
|-ability|p1a: Landorus|Intimidate|boost
|-unboost|p2a: Ferrothorn|atk|1
|move|p2a: Ferrothorn|Stealth Rock|p1a: Landorus
|-sidestart|p1: Colonel Rivai|move: Stealth Rock
|
|upkeep
|turn|5
|j| Luirromen
|
|t:|1657123897
|move|p1a: Landorus|Stealth Rock|p2a: Ferrothorn
|-sidestart|p2: ramixi0596|move: Stealth Rock
|move|p2a: Ferrothorn|Knock Off|p1a: Landorus
|-damage|p1a: Landorus|87/100
|-enditem|p1a: Landorus|Leftovers|[from] move: Knock Off|[of] p2a: Ferrothorn
|
|upkeep
|turn|6
|
|t:|1657123900
|move|p1a: Landorus|Earthquake|p2a: Ferrothorn
|-damage|p2a: Ferrothorn|62/100
|move|p2a: Ferrothorn|Leech Seed|p1a: Landorus|[miss]
|-miss|p2a: Ferrothorn|p1a: Landorus
|
|upkeep
|turn|7
|l| Luirromen
|
|t:|1657123903
|move|p1a: Landorus|U-turn|p2a: Ferrothorn
|-damage|p2a: Ferrothorn|48/100
|-damage|p1a: Landorus|75/100|[from] ability: Iron Barbs|[of] p2a: Ferrothorn
|
|t:|1657123905
|switch|p1a: Kartana|Kartana|100/100|[from]move: U-turn
|-damage|p1a: Kartana|94/100|[from] Stealth Rock
|move|p2a: Ferrothorn|Leech Seed|p1a: Kartana
|-immune|p1a: Kartana
|
|upkeep
|turn|8
|j| Shelflame
|
|t:|1657123917
|move|p1a: Kartana|Sacred Sword|p2a: Ferrothorn
|-supereffective|p2a: Ferrothorn
|-damage|p2a: Ferrothorn|0 fnt
|-damage|p1a: Kartana|82/100|[from] ability: Iron Barbs|[of] p2a: Ferrothorn
|faint|p2a: Ferrothorn
|-ability|p1a: Kartana|Beast Boost|boost
|-boost|p1a: Kartana|atk|1
|
|upkeep
|
|t:|1657123925
|switch|p2a: Tornadus|Tornadus-Therian, M|37/100
|-damage|p2a: Tornadus|12/100|[from] Stealth Rock
|turn|9
|
|t:|1657123928
|switch|p1a: Toxapex|Toxapex, F|100/100
|-damage|p1a: Toxapex|88/100|[from] Stealth Rock
|move|p2a: Tornadus|U-turn|p1a: Toxapex
|-resisted|p1a: Toxapex
|-damage|p1a: Toxapex|84/100
|-damage|p2a: Tornadus|0 fnt|[from] item: Rocky Helmet|[of] p1a: Toxapex
|faint|p2a: Tornadus
|
|upkeep
|
|t:|1657123933
|switch|p2a: Weavile|Weavile, M|100/100
|-ability|p2a: Weavile|Pressure
|turn|10
|
|t:|1657123937
|move|p2a: Weavile|Swords Dance|p2a: Weavile
|-boost|p2a: Weavile|atk|2
|move|p1a: Toxapex|Toxic|p2a: Weavile
|-status|p2a: Weavile|tox
|
|-damage|p2a: Weavile|94/100 tox|[from] psn
|upkeep
|turn|11
|
|t:|1657123940
|move|p2a: Weavile|Knock Off|p1a: Toxapex
|-damage|p1a: Toxapex|31/100
|-damage|p2a: Weavile|78/100 tox|[from] item: Rocky Helmet|[of] p1a: Toxapex
|-enditem|p1a: Toxapex|Rocky Helmet|[from] move: Knock Off|[of] p2a: Weavile
|move|p1a: Toxapex|Recover|p1a: Toxapex
|-heal|p1a: Toxapex|81/100
|
|-damage|p2a: Weavile|66/100 tox|[from] psn
|upkeep
|turn|12
|
|t:|1657123944
|switch|p2a: Heatran|Heatran, M|100/100
|-damage|p2a: Heatran|88/100|[from] Stealth Rock
|-item|p2a: Heatran|Air Balloon
|move|p1a: Toxapex|Haze|p1a: Toxapex
|-clearallboost
|
|upkeep
|turn|13
|
|t:|1657123948
|switch|p1a: Hydreigon|Hydreigon, F|100/100
|-damage|p1a: Hydreigon|88/100|[from] Stealth Rock
|move|p2a: Heatran|Eruption|p1a: Hydreigon
|-resisted|p1a: Hydreigon
|-damage|p1a: Hydreigon|46/100
|
|upkeep
|turn|14
|
|t:|1657123953
|switch|p2a: Tapu Fini|Tapu Fini|100/100
|-damage|p2a: Tapu Fini|88/100|[from] Stealth Rock
|-fieldstart|move: Misty Terrain|[from] ability: Misty Surge|[of] p2a: Tapu Fini
|move|p1a: Hydreigon|Beat Up|p2a: Tapu Fini
|-resisted|p2a: Tapu Fini
|-damage|p2a: Tapu Fini|84/100
|-resisted|p2a: Tapu Fini
|-damage|p2a: Tapu Fini|81/100
|-resisted|p2a: Tapu Fini
|-crit|p2a: Tapu Fini
|-damage|p2a: Tapu Fini|74/100
|-resisted|p2a: Tapu Fini
|-damage|p2a: Tapu Fini|68/100
|-resisted|p2a: Tapu Fini
|-damage|p2a: Tapu Fini|63/100
|-resisted|p2a: Tapu Fini
|-damage|p2a: Tapu Fini|57/100
|-hitcount|p2a: Tapu Fini|6
|
|-heal|p2a: Tapu Fini|63/100|[from] item: Leftovers
|upkeep
|turn|15
|
|t:|1657123958
|switch|p1a: Melmetal|Melmetal|100/100
|-damage|p1a: Melmetal|94/100|[from] Stealth Rock
|move|p2a: Tapu Fini|Moonblast|p1a: Melmetal
|-resisted|p1a: Melmetal
|-damage|p1a: Melmetal|85/100
|
|-heal|p2a: Tapu Fini|69/100|[from] item: Leftovers
|upkeep
|turn|16
|
|t:|1657123961
|switch|p2a: Landorus|Landorus-Therian, M|100/100
|-damage|p2a: Landorus|88/100|[from] Stealth Rock
|-ability|p2a: Landorus|Intimidate|boost
|-unboost|p1a: Melmetal|atk|1
|move|p1a: Melmetal|Double Iron Bash|p2a: Landorus
|-crit|p2a: Landorus
|-damage|p2a: Landorus|18/100
|-damage|p2a: Landorus|0 fnt
|faint|p2a: Landorus
|-hitcount|p2: Landorus|2
|
|upkeep
|
|t:|1657123965
|switch|p2a: Heatran|Heatran, M|88/100
|-damage|p2a: Heatran|76/100|[from] Stealth Rock
|-item|p2a: Heatran|Air Balloon
|turn|17
|
|t:|1657123970
|move|p2a: Heatran|Magma Storm|p1a: Melmetal
|-supereffective|p1a: Melmetal
|-damage|p1a: Melmetal|23/100
|-activate|p1a: Melmetal|move: Magma Storm|[of] p2a: Heatran
|move|p1a: Melmetal|Double Iron Bash|p2a: Heatran
|-resisted|p2a: Heatran
|-damage|p2a: Heatran|69/100
|-enditem|p2a: Heatran|Air Balloon
|-resisted|p2a: Heatran
|-damage|p2a: Heatran|62/100
|-hitcount|p2a: Heatran|2
|
|-damage|p1a: Melmetal|11/100|[from] move: Magma Storm|[partiallytrapped]
|upkeep
|turn|18
|
|t:|1657123976
|move|p2a: Heatran|Earth Power|p1a: Melmetal
|-supereffective|p1a: Melmetal
|-damage|p1a: Melmetal|0 fnt
|faint|p1a: Melmetal
|
|-fieldend|Misty Terrain
|upkeep
|
|t:|1657123982
|switch|p1a: Kartana|Kartana|82/100
|-damage|p1a: Kartana|76/100|[from] Stealth Rock
|turn|19
|
|t:|1657123985
|switch|p2a: Tapu Fini|Tapu Fini|69/100
|-damage|p2a: Tapu Fini|57/100|[from] Stealth Rock
|-fieldstart|move: Misty Terrain|[from] ability: Misty Surge|[of] p2a: Tapu Fini
|move|p1a: Kartana|Sacred Sword|p2a: Tapu Fini
|-resisted|p2a: Tapu Fini
|-damage|p2a: Tapu Fini|33/100
|
|-heal|p2a: Tapu Fini|39/100|[from] item: Leftovers
|upkeep
|turn|20
|
|t:|1657123992
|switch|p1a: Landorus|Landorus-Therian, M|75/100
|-damage|p1a: Landorus|62/100|[from] Stealth Rock
|-ability|p1a: Landorus|Intimidate|boost
|-unboost|p2a: Tapu Fini|atk|1
|move|p2a: Tapu Fini|Moonblast|p1a: Landorus
|-damage|p1a: Landorus|38/100
|
|-heal|p2a: Tapu Fini|46/100|[from] item: Leftovers
|upkeep
|turn|21
|
|t:|1657123996
|move|p2a: Tapu Fini|Whirlpool|p1a: Landorus
|-supereffective|p1a: Landorus
|-damage|p1a: Landorus|21/100
|-activate|p1a: Landorus|move: Whirlpool|[of] p2a: Tapu Fini
|move|p1a: Landorus|Earthquake|p2a: Tapu Fini
|-damage|p2a: Tapu Fini|10/100
|
|-heal|p2a: Tapu Fini|16/100|[from] item: Leftovers
|-damage|p1a: Landorus|9/100|[from] move: Whirlpool|[partiallytrapped]
|upkeep
|turn|22
|
|t:|1657124001
|move|p2a: Tapu Fini|Moonblast|p1a: Landorus
|-damage|p1a: Landorus|0 fnt
|faint|p1a: Landorus
|
|-heal|p2a: Tapu Fini|22/100|[from] item: Leftovers
|upkeep
|
|t:|1657124004
|switch|p1a: Kartana|Kartana|76/100
|-damage|p1a: Kartana|70/100|[from] Stealth Rock
|turn|23
|
|t:|1657124007
|move|p1a: Kartana|Sacred Sword|p2a: Tapu Fini
|-resisted|p2a: Tapu Fini
|-damage|p2a: Tapu Fini|0 fnt
|faint|p2a: Tapu Fini
|-ability|p1a: Kartana|Beast Boost|boost
|-boost|p1a: Kartana|atk|1
|
|-fieldend|Misty Terrain
|upkeep
|
|t:|1657124011
|switch|p2a: Weavile|Weavile, M|66/100 tox
|-ability|p2a: Weavile|Pressure
|turn|24
|
|t:|1657124014
|switch|p1a: Toxapex|Toxapex, F|100/100
|-damage|p1a: Toxapex|88/100|[from] Stealth Rock
|move|p2a: Weavile|Triple Axel|p1a: Toxapex
|-resisted|p1a: Toxapex
|-damage|p1a: Toxapex|85/100
|-resisted|p1a: Toxapex
|-damage|p1a: Toxapex|79/100
|-resisted|p1a: Toxapex
|-damage|p1a: Toxapex|70/100
|-hitcount|p1a: Toxapex|3
|
|-damage|p2a: Weavile|60/100 tox|[from] psn
|upkeep
|turn|25
|
|t:|1657124019
|switch|p2a: Heatran|Heatran, M|62/100
|-damage|p2a: Heatran|49/100|[from] Stealth Rock
|move|p1a: Toxapex|Knock Off|p2a: Heatran
|-damage|p2a: Heatran|38/100
|
|upkeep
|turn|26
|
|t:|1657124022
|switch|p1a: Hydreigon|Hydreigon, F|46/100
|-damage|p1a: Hydreigon|34/100|[from] Stealth Rock
|move|p2a: Heatran|Earth Power|p1a: Hydreigon
|-immune|p1a: Hydreigon|[from] ability: Levitate
|
|upkeep
|turn|27
|
|t:|1657124028
|move|p1a: Hydreigon|Superpower|p2a: Heatran
|-supereffective|p2a: Heatran
|-damage|p2a: Heatran|0 fnt
|-unboost|p1a: Hydreigon|atk|1
|-unboost|p1a: Hydreigon|def|1
|faint|p2a: Heatran
|
|upkeep
|
|t:|1657124030
|switch|p2a: Weavile|Weavile, M|60/100 tox
|-ability|p2a: Weavile|Pressure
|turn|28
|
|t:|1657124034
|move|p2a: Weavile|Swords Dance|p2a: Weavile
|-boost|p2a: Weavile|atk|2
|move|p1a: Hydreigon|Superpower|p2a: Weavile
|-supereffective|p2a: Weavile
|-damage|p2a: Weavile|0 fnt
|-unboost|p1a: Hydreigon|atk|1
|-unboost|p1a: Hydreigon|def|1
|faint|p2a: Weavile
|
|win|Colonel Rivai
|raw|Colonel Rivai's rating: 1679 &rarr; <strong>1701</strong><br />(+22 for winning)
|raw|ramixi0596's rating: 1722 &rarr; <strong>1700</strong><br />(-22 for losing)
