|j|☆minimax_ai
|j|☆not mb
|t:|1667800371
|gametype|singles
|player|p1|minimax_ai|169|1712
|player|p2|not mb|#wcop2019uswest|1916
|teamsize|p1|6
|teamsize|p2|6
|gen|8
|tier|[Gen 8] OU
|rated|
|rule|Sleep Clause Mod: Limit one foe put to sleep
|rule|Species Clause: Limit one of each Pokémon
|rule|OHKO Clause: OHKO moves are banned
|rule|Evasion Items Clause: Evasion items are banned
|rule|Evasion Moves Clause: Evasion moves are banned
|rule|Endless Battle Clause: Forcing endless battles is banned
|rule|HP Percentage Mod: HP is shown in percentages
|rule|Dynamax Clause: You cannot dynamax
|clearpoke
|poke|p1|Rotom-Wash|
|poke|p1|Weavile, F|
|poke|p1|Landorus-Therian, M|
|poke|p1|Heatran, M|
|poke|p1|Tangrowth, F|
|poke|p1|Melmetal|
|poke|p2|Landorus-Therian, M|
|poke|p2|Haxorus, M|
|poke|p2|Tapu Lele|
|poke|p2|Hawlucha, M|
|poke|p2|Volcanion|
|poke|p2|Weavile, M|
|teampreview
|c|☆minimax_ai|hf
|inactive|Battle timer is ON: inactive players will automatically lose when time's up. (requested by minimax_ai)
|
|t:|1667800387
|start
|switch|p1a: Melmetal|Melmetal|100/100
|switch|p2a: Volcanion|Volcanion|100/100
|turn|1
|
|t:|1667800392
|switch|p1a: rotomwash|Rotom-Wash|100/100
|move|p2a: Volcanion|Steam Eruption|p1a: rotomwash
|-resisted|p1a: rotomwash
|-damage|p1a: rotomwash|70/100
|
|-heal|p1a: rotomwash|76/100|[from] item: Leftovers
|upkeep
|turn|2
|
|t:|1667800399
|switch|p2a: Landorus|Landorus-Therian, M|100/100
|-ability|p2a: Landorus|Intimidate|boost
|-unboost|p1a: rotomwash|atk|1
|move|p1a: rotomwash|Pain Split|p2a: Landorus
|-sethp|p2a: Landorus|86/100|[from] move: Pain Split|[silent]
|-sethp|p1a: rotomwash|91/100|[from] move: Pain Split
|
|-heal|p1a: rotomwash|97/100|[from] item: Leftovers
|upkeep
|turn|3
|
|t:|1667800404
|move|p2a: Landorus|Explosion|p1a: rotomwash
|-enditem|p2a: Landorus|Normal Gem|[from] gem
|-crit|p1a: rotomwash
|-damage|p1a: rotomwash|0 fnt
|faint|p2a: Landorus
|faint|p1a: rotomwash
|
|upkeep
|
|t:|1667800412
|switch|p2a: Weavile|Weavile, M|100/100
|switch|p1a: Melmetal|Melmetal|100/100
|-ability|p2a: Weavile|Pressure
|turn|4
|
|t:|1667800414
|switch|p2a: Volcanion|Volcanion|100/100
|move|p1a: Melmetal|Double Iron Bash|p2a: Volcanion
|-resisted|p2a: Volcanion
|-damage|p2a: Volcanion|93/100
|-resisted|p2a: Volcanion
|-damage|p2a: Volcanion|86/100
|-hitcount|p2a: Volcanion|2
|
|upkeep
|turn|5
|
|t:|1667800418
|move|p2a: Volcanion|Steam Eruption|p1a: Melmetal|[miss]
|-miss|p2a: Volcanion|p1a: Melmetal
|move|p1a: Melmetal|Earthquake|p2a: Volcanion
|-supereffective|p2a: Volcanion
|-damage|p2a: Volcanion|27/100
|
|upkeep
|turn|6
|
|t:|1667800421
|move|p2a: Volcanion|Flamethrower|p1a: Melmetal
|-supereffective|p1a: Melmetal
|-damage|p1a: Melmetal|43/100
|move|p1a: Melmetal|Thunder Punch|p2a: Volcanion
|-supereffective|p2a: Volcanion
|-damage|p2a: Volcanion|0 fnt
|faint|p2a: Volcanion
|
|upkeep
|
|t:|1667800425
|switch|p2a: Haxorus|Haxorus, M|100/100
|-ability|p2a: Haxorus|Mold Breaker
|turn|7
|j| Ctannn
|
|t:|1667800427
|switch|p1a: landorustherian|Landorus-Therian, M|100/100
|-ability|p1a: landorustherian|Intimidate|boost
|-unboost|p2a: Haxorus|atk|1
|move|p2a: Haxorus|Close Combat|p1a: landorustherian
|-resisted|p1a: landorustherian
|-damage|p1a: landorustherian|86/100
|-unboost|p2a: Haxorus|def|1
|-unboost|p2a: Haxorus|spd|1
|
|-heal|p1a: landorustherian|92/100|[from] item: Leftovers
|upkeep
|turn|8
|
|t:|1667800430
|switch|p2a: Weavile|Weavile, M|100/100
|-ability|p2a: Weavile|Pressure
|move|p1a: landorustherian|Toxic|p2a: Weavile
|-status|p2a: Weavile|tox
|
|-heal|p1a: landorustherian|98/100|[from] item: Leftovers
|-damage|p2a: Weavile|94/100 tox|[from] psn
|upkeep
|turn|9
|
|t:|1667800434
|switch|p1a: Melmetal|Melmetal|43/100
|move|p2a: Weavile|Knock Off|p1a: Melmetal
|-damage|p1a: Melmetal|16/100
|-enditem|p1a: Melmetal|Assault Vest|[from] move: Knock Off|[of] p2a: Weavile
|
|-damage|p2a: Weavile|82/100 tox|[from] psn
|upkeep
|turn|10
|
|t:|1667800436
|switch|p1a: Heatran|Heatran, M|100/100
|-item|p1a: Heatran|Air Balloon
|move|p2a: Weavile|Knock Off|p1a: Heatran
|-damage|p1a: Heatran|52/100
|-enditem|p1a: Heatran|Air Balloon
|
|-damage|p2a: Weavile|64/100 tox|[from] psn
|upkeep
|turn|11
|
|t:|1667800440
|move|p2a: Weavile|Knock Off|p1a: Heatran
|-damage|p1a: Heatran|20/100
|move|p1a: Heatran|Magma Storm|p2a: Weavile
|-supereffective|p2a: Weavile
|-damage|p2a: Weavile|0 fnt
|faint|p2a: Weavile
|
|upkeep
|
|t:|1667800442
|switch|p2a: Haxorus|Haxorus, M|100/100
|-ability|p2a: Haxorus|Mold Breaker
|turn|12
|
|t:|1667800444
|switch|p1a: landorustherian|Landorus-Therian, M|98/100
|-ability|p1a: landorustherian|Intimidate|boost
|-unboost|p2a: Haxorus|atk|1
|move|p2a: Haxorus|Swords Dance|p2a: Haxorus
|-boost|p2a: Haxorus|atk|2
|
|-heal|p1a: landorustherian|100/100|[from] item: Leftovers
|upkeep
|turn|13
|
|t:|1667800449
|move|p2a: Haxorus|Scale Shot|p1a: landorustherian
|-damage|p1a: landorustherian|78/100
|-damage|p1a: landorustherian|59/100
|-damage|p1a: landorustherian|38/100
|-damage|p1a: landorustherian|18/100
|-hitcount|p1a: landorustherian|4
|-unboost|p2a: Haxorus|def|1
|-boost|p2a: Haxorus|spe|1
|move|p1a: landorustherian|U-turn|p2a: Haxorus
|-damage|p2a: Haxorus|56/100
|
|t:|1667800449
|switch|p1a: Weavile|Weavile, F|100/100|[from]move: U-turn
|-ability|p1a: Weavile|Pressure
|
|-heal|p2a: Haxorus|63/100|[from] item: Leftovers
|upkeep
|turn|14
|
|t:|1667800455
|move|p1a: Weavile|Ice Shard|p2a: Haxorus
|-supereffective|p2a: Haxorus
|-damage|p2a: Haxorus|0 fnt
|faint|p2a: Haxorus
|
|upkeep
|
|t:|1667800457
|switch|p2a: Tapu Lele|Tapu Lele|100/100
|-fieldstart|move: Psychic Terrain|[from] ability: Psychic Surge|[of] p2a: Tapu Lele
|turn|15
|
|t:|1667800464
|switch|p1a: landorustherian|Landorus-Therian, M|18/100
|-ability|p1a: landorustherian|Intimidate|boost
|-unboost|p2a: Tapu Lele|atk|1
|move|p2a: Tapu Lele|Moonblast|p1a: landorustherian
|-damage|p1a: landorustherian|0 fnt
|faint|p1a: landorustherian
|
|upkeep
|
|t:|1667800464
|switch|p1a: Weavile|Weavile, F|100/100
|-ability|p1a: Weavile|Pressure
|turn|16
|
|t:|1667800465
|move|p2a: Tapu Lele|Moonblast|p1a: Weavile
|-supereffective|p1a: Weavile
|-damage|p1a: Weavile|0 fnt
|faint|p1a: Weavile
|
|upkeep
|
|t:|1667800466
|switch|p1a: Heatran|Heatran, M|20/100
|turn|17
|
|t:|1667800468
|move|p2a: Tapu Lele|Moonblast|p1a: Heatran
|-resisted|p1a: Heatran
|-damage|p1a: Heatran|7/100
|-unboost|p1a: Heatran|spa|1
|move|p1a: Heatran|Magma Storm|p2a: Tapu Lele|[miss]
|-miss|p1a: Heatran|p2a: Tapu Lele
|
|upkeep
|turn|18
|
|t:|1667800471
|move|p2a: Tapu Lele|Moonblast|p1a: Heatran
|-resisted|p1a: Heatran
|-damage|p1a: Heatran|0 fnt
|faint|p1a: Heatran
|
|upkeep
|
|t:|1667800471
|switch|p1a: Tangrowth|Tangrowth, F|100/100
|turn|19
|
|t:|1667800473
|move|p2a: Tapu Lele|Moonblast|p1a: Tangrowth
|-damage|p1a: Tangrowth|24/100
|move|p1a: Tangrowth|Sleep Powder|p2a: Tapu Lele|[miss]
|-miss|p1a: Tangrowth|p2a: Tapu Lele
|
|-fieldend|move: Psychic Terrain
|upkeep
|turn|20
|
|t:|1667800475
|switch|p1a: Melmetal|Melmetal|16/100
|move|p2a: Tapu Lele|Moonblast|p1a: Melmetal
|-resisted|p1a: Melmetal
|-damage|p1a: Melmetal|0 fnt
|faint|p1a: Melmetal
|
|upkeep
|
|t:|1667800475
|switch|p1a: Tangrowth|Tangrowth, F|57/100
|turn|21
|
|t:|1667800477
|move|p2a: Tapu Lele|Moonblast|p1a: Tangrowth
|-damage|p1a: Tangrowth|0 fnt
|faint|p1a: Tangrowth
|
|win|not mb
|raw|minimax_ai's rating: 1712 &rarr; <strong>1703</strong><br />(-9 for losing)
|raw|not mb's rating: 1916 &rarr; <strong>1925</strong><br />(+9 for winning)
|c|☆minimax_ai|gg
|l|☆minimax_ai
