|j|☆fil41c
|j|☆Mel2345
|t:|1659358272
|gametype|singles
|player|p1|fil41c|fisherman|1585
|player|p2|Mel2345|cheren-gen5bw2|1563
|teamsize|p1|6
|teamsize|p2|6
|gen|8
|tier|[Gen 8] OU
|rated|
|rule|Sleep Clause Mod: Limit one foe put to sleep
|rule|Species Clause: Limit one of each Pokémon
|rule|OHKO Clause: OHKO moves are banned
|rule|Evasion Moves Clause: Evasion moves are banned
|rule|Endless Battle Clause: Forcing endless battles is banned
|rule|HP Percentage Mod: HP is shown in percentages
|rule|Dynamax Clause: You cannot dynamax
|clearpoke
|poke|p1|Blissey, F|
|poke|p1|Toxapex, M|
|poke|p1|Corviknight, F|
|poke|p1|Clefable, M|
|poke|p1|Gastrodon, M|
|poke|p1|Shedinja|
|poke|p2|Tapu Lele|
|poke|p2|Kartana|
|poke|p2|Magnezone|
|poke|p2|Landorus-Therian, M|
|poke|p2|Toxapex, F|
|poke|p2|Mandibuzz, F|
|teampreview
|inactive|Battle timer is ON: inactive players will automatically lose when time's up. (requested by fil41c)
|
|t:|1659358284
|start
|switch|p1a: Toxapex|Toxapex, M|100/100
|switch|p2a: Landorus|Landorus-Therian, M|100/100
|-ability|p2a: Landorus|Intimidate|boost
|-unboost|p1a: Toxapex|atk|1
|turn|1
|
|t:|1659358290
|move|p2a: Landorus|U-turn|p1a: Toxapex
|-resisted|p1a: Toxapex
|-crit|p1a: Toxapex
|-damage|p1a: Toxapex|90/100
|-damage|p2a: Landorus|84/100|[from] item: Rocky Helmet|[of] p1a: Toxapex
|
|t:|1659358307
|switch|p2a: Toxapex|Toxapex, F|100/100|[from]move: U-turn
|move|p1a: Toxapex|Toxic|p2a: Toxapex
|-immune|p2a: Toxapex
|
|upkeep
|turn|2
|
|t:|1659358313
|move|p2a: Toxapex|Knock Off|p1a: Toxapex
|-damage|p1a: Toxapex|81/100
|-damage|p2a: Toxapex|84/100|[from] item: Rocky Helmet|[of] p1a: Toxapex
|-enditem|p1a: Toxapex|Rocky Helmet|[from] move: Knock Off|[of] p2a: Toxapex
|move|p1a: Toxapex|Knock Off|p2a: Toxapex
|-damage|p2a: Toxapex|77/100
|-enditem|p2a: Toxapex|Eject Button|[from] move: Knock Off|[of] p1a: Toxapex
|
|upkeep
|turn|3
|
|t:|1659358320
|move|p2a: Toxapex|Toxic Spikes|p1a: Toxapex
|-sidestart|p1: fil41c|move: Toxic Spikes
|move|p1a: Toxapex|Scald|p2a: Toxapex
|-resisted|p2a: Toxapex
|-damage|p2a: Toxapex|71/100
|
|upkeep
|turn|4
|
|t:|1659358325
|switch|p1a: Corviknight|Corviknight, F|100/100
|-ability|p1a: Corviknight|Pressure
|move|p2a: Toxapex|Toxic Spikes|p1a: Corviknight
|-sidestart|p1: fil41c|move: Toxic Spikes
|
|upkeep
|turn|5
|
|t:|1659358328
|switch|p1a: Toxapex|Toxapex, M|100/100
|-sideend|p1: fil41c|move: Toxic Spikes|[of] p1a: Toxapex
|move|p2a: Toxapex|Knock Off|p1a: Toxapex
|-damage|p1a: Toxapex|95/100
|
|upkeep
|turn|6
|
|t:|1659358333
|move|p2a: Toxapex|Recover|p2a: Toxapex
|-heal|p2a: Toxapex|100/100
|move|p1a: Toxapex|Scald|p2a: Toxapex
|-resisted|p2a: Toxapex
|-damage|p2a: Toxapex|93/100
|
|upkeep
|turn|7
|
|t:|1659358337
|switch|p1a: Corviknight|Corviknight, F|100/100
|-ability|p1a: Corviknight|Pressure
|move|p2a: Toxapex|Toxic Spikes|p1a: Corviknight
|-sidestart|p1: fil41c|move: Toxic Spikes
|
|upkeep
|turn|8
|
|t:|1659358348
|switch|p1a: Toxapex|Toxapex, M|100/100
|-sideend|p1: fil41c|move: Toxic Spikes|[of] p1a: Toxapex
|switch|p2a: Kartana|Kartana|100/100
|
|upkeep
|turn|9
|
|t:|1659358354
|switch|p2a: Magnezone|Magnezone|100/100
|move|p1a: Toxapex|Scald|p2a: Magnezone
|-damage|p2a: Magnezone|80/100
|
|-heal|p2a: Magnezone|86/100|[from] item: Leftovers
|upkeep
|turn|10
|
|t:|1659358369
|switch|p2a: Toxapex|Toxapex, F|100/100
|switch|p1a: Shedinja|Shedinja|100/100
|
|upkeep
|turn|11
|
|t:|1659358376
|switch|p1a: Gastrodon|Gastrodon, M|100/100
|move|p2a: Toxapex|Toxic Spikes|p1a: Gastrodon
|-sidestart|p1: fil41c|move: Toxic Spikes
|
|upkeep
|turn|12
|
|t:|1659358383
|move|p1a: Gastrodon|Earthquake|p2a: Toxapex
|-supereffective|p2a: Toxapex
|-damage|p2a: Toxapex|68/100
|move|p2a: Toxapex|Toxic Spikes|p1a: Gastrodon
|-sidestart|p1: fil41c|move: Toxic Spikes
|
|upkeep
|turn|13
|
|t:|1659358388
|switch|p1a: Toxapex|Toxapex, M|100/100
|-sideend|p1: fil41c|move: Toxic Spikes|[of] p1a: Toxapex
|move|p2a: Toxapex|Toxic Spikes|p1a: Toxapex
|-sidestart|p1: fil41c|move: Toxic Spikes
|
|upkeep
|turn|14
|
|t:|1659358393
|switch|p2a: Magnezone|Magnezone|86/100
|switch|p1a: Corviknight|Corviknight, F|100/100
|-ability|p1a: Corviknight|Pressure
|
|-heal|p2a: Magnezone|92/100|[from] item: Leftovers
|upkeep
|turn|15
|
|t:|1659358398
|move|p2a: Magnezone|Thunderbolt|p1a: Corviknight
|-supereffective|p1a: Corviknight
|-damage|p1a: Corviknight|31/100
|move|p1a: Corviknight|Roost|p1a: Corviknight
|-heal|p1a: Corviknight|81/100
|-singleturn|p1a: Corviknight|move: Roost
|
|-heal|p2a: Magnezone|98/100|[from] item: Leftovers
|upkeep
|turn|16
|
|t:|1659358403
|move|p2a: Magnezone|Thunderbolt|p1a: Corviknight
|-supereffective|p1a: Corviknight
|-damage|p1a: Corviknight|9/100
|move|p1a: Corviknight|Body Press|p2a: Magnezone
|-supereffective|p2a: Magnezone
|-damage|p2a: Magnezone|53/100
|
|-heal|p2a: Magnezone|59/100|[from] item: Leftovers
|upkeep
|turn|17
|
|t:|1659358408
|move|p2a: Magnezone|Thunderbolt|p1a: Corviknight
|-supereffective|p1a: Corviknight
|-damage|p1a: Corviknight|0 fnt
|faint|p1a: Corviknight
|
|-heal|p2a: Magnezone|65/100|[from] item: Leftovers
|upkeep
|
|t:|1659358411
|switch|p1a: Toxapex|Toxapex, M|100/100
|-sideend|p1: fil41c|move: Toxic Spikes|[of] p1a: Toxapex
|turn|18
|
|t:|1659358424
|switch|p2a: Toxapex|Toxapex, F|100/100
|switch|p1a: Gastrodon|Gastrodon, M|100/100
|
|upkeep
|turn|19
|
|t:|1659358429
|move|p1a: Gastrodon|Earthquake|p2a: Toxapex
|-supereffective|p2a: Toxapex
|-crit|p2a: Toxapex
|-damage|p2a: Toxapex|50/100
|move|p2a: Toxapex|Knock Off|p1a: Gastrodon
|-damage|p1a: Gastrodon|87/100
|-activate|p1a: Gastrodon|ability: Sticky Hold
|
|-heal|p1a: Gastrodon|93/100|[from] item: Leftovers
|upkeep
|turn|20
|
|t:|1659358440
|switch|p2a: Mandibuzz|Mandibuzz, F|100/100
|move|p1a: Gastrodon|Scald|p2a: Mandibuzz
|-damage|p2a: Mandibuzz|80/100
|-status|p2a: Mandibuzz|brn
|
|-heal|p1a: Gastrodon|99/100|[from] item: Leftovers
|-damage|p2a: Mandibuzz|74/100 brn|[from] brn
|upkeep
|turn|21
|
|t:|1659358449
|move|p2a: Mandibuzz|U-turn|p1a: Gastrodon
|-damage|p1a: Gastrodon|93/100
|
|t:|1659358456
|switch|p2a: Toxapex|Toxapex, F|84/100|[from]move: U-turn
|move|p1a: Gastrodon|Scald|p2a: Toxapex
|-resisted|p2a: Toxapex
|-damage|p2a: Toxapex|73/100
|
|-heal|p1a: Gastrodon|99/100|[from] item: Leftovers
|upkeep
|turn|22
|
|t:|1659358461
|move|p1a: Gastrodon|Earthquake|p2a: Toxapex
|-supereffective|p2a: Toxapex
|-damage|p2a: Toxapex|42/100
|move|p2a: Toxapex|Toxic Spikes|p1a: Gastrodon
|-sidestart|p1: fil41c|move: Toxic Spikes
|
|-heal|p1a: Gastrodon|100/100|[from] item: Leftovers
|upkeep
|turn|23
|
|t:|1659358466
|switch|p1a: Toxapex|Toxapex, M|100/100
|-sideend|p1: fil41c|move: Toxic Spikes|[of] p1a: Toxapex
|switch|p2a: Mandibuzz|Mandibuzz, F|74/100 brn
|
|-damage|p2a: Mandibuzz|68/100 brn|[from] brn
|upkeep
|turn|24
|
|t:|1659358473
|switch|p1a: Shedinja|Shedinja|100/100
|move|p2a: Mandibuzz|Roost|p2a: Mandibuzz
|-heal|p2a: Mandibuzz|100/100 brn
|-singleturn|p2a: Mandibuzz|move: Roost
|
|-damage|p2a: Mandibuzz|94/100 brn|[from] brn
|upkeep
|turn|25
|
|t:|1659358477
|switch|p1a: Toxapex|Toxapex, M|100/100
|move|p2a: Mandibuzz|U-turn|p1a: Toxapex
|-resisted|p1a: Toxapex
|-damage|p1a: Toxapex|99/100
|
|t:|1659358481
|switch|p2a: Kartana|Kartana|100/100|[from]move: U-turn
|
|upkeep
|turn|26
|
|t:|1659358484
|move|p2a: Kartana|Knock Off|p1a: Toxapex
|-damage|p1a: Toxapex|72/100
|move|p1a: Toxapex|Scald|p2a: Kartana
|-resisted|p2a: Kartana
|-damage|p2a: Kartana|77/100
|
|upkeep
|turn|27
|
|t:|1659358493
|switch|p2a: Toxapex|Toxapex, F|75/100
|move|p1a: Toxapex|Scald|p2a: Toxapex
|-resisted|p2a: Toxapex
|-damage|p2a: Toxapex|69/100
|
|upkeep
|turn|28
|
|t:|1659358496
|switch|p1a: Gastrodon|Gastrodon, M|100/100
|move|p2a: Toxapex|Toxic Spikes|p1a: Gastrodon
|-sidestart|p1: fil41c|move: Toxic Spikes
|
|upkeep
|turn|29
|
|t:|1659358503
|switch|p1a: Toxapex|Toxapex, M|100/100
|-sideend|p1: fil41c|move: Toxic Spikes|[of] p1a: Toxapex
|switch|p2a: Mandibuzz|Mandibuzz, F|94/100 brn
|
|-damage|p2a: Mandibuzz|88/100 brn|[from] brn
|upkeep
|turn|30
|
|t:|1659358509
|switch|p1a: Shedinja|Shedinja|100/100
|move|p2a: Mandibuzz|U-turn|p1a: Shedinja
|-immune|p1a: Shedinja|[from] ability: Wonder Guard
|
|-damage|p2a: Mandibuzz|82/100 brn|[from] brn
|upkeep
|turn|31
|
|t:|1659358514
|switch|p1a: Clefable|Clefable, M|100/100
|move|p2a: Mandibuzz|Foul Play|p1a: Clefable
|-resisted|p1a: Clefable
|-damage|p1a: Clefable|97/100
|
|-heal|p1a: Clefable|100/100|[from] item: Leftovers
|-damage|p2a: Mandibuzz|76/100 brn|[from] brn
|upkeep
|turn|32
|
|t:|1659358523
|move|p2a: Mandibuzz|U-turn|p1a: Clefable
|-resisted|p1a: Clefable
|-crit|p1a: Clefable
|-damage|p1a: Clefable|97/100
|
|t:|1659358526
|switch|p2a: Kartana|Kartana|77/100|[from]move: U-turn
|move|p1a: Clefable|Moonblast|p2a: Kartana
|-resisted|p2a: Kartana
|-damage|p2a: Kartana|26/100
|
|-heal|p1a: Clefable|100/100|[from] item: Leftovers
|upkeep
|turn|33
|
|t:|1659358534
|switch|p1a: Toxapex|Toxapex, M|100/100
|move|p2a: Kartana|Knock Off|p1a: Toxapex
|-damage|p1a: Toxapex|74/100
|
|upkeep
|turn|34
|
|t:|1659358541
|switch|p2a: Magnezone|Magnezone|65/100
|move|p1a: Toxapex|Scald|p2a: Magnezone
|-crit|p2a: Magnezone
|-damage|p2a: Magnezone|35/100
|-status|p2a: Magnezone|brn
|
|-heal|p2a: Magnezone|41/100 brn|[from] item: Leftovers
|-damage|p2a: Magnezone|35/100 brn|[from] brn
|upkeep
|turn|35
|
|t:|1659358548
|switch|p1a: Shedinja|Shedinja|100/100
|move|p2a: Magnezone|Thunderbolt|p1a: Shedinja
|-immune|p1a: Shedinja|[from] ability: Wonder Guard
|
|-heal|p2a: Magnezone|41/100 brn|[from] item: Leftovers
|-damage|p2a: Magnezone|35/100 brn|[from] brn
|upkeep
|turn|36
|
|t:|1659358555
|switch|p2a: Toxapex|Toxapex, F|100/100
|move|p1a: Shedinja|Will-O-Wisp|p2a: Toxapex
|-status|p2a: Toxapex|brn
|
|-damage|p2a: Toxapex|94/100 brn|[from] brn
|upkeep
|turn|37
|
|t:|1659358560
|switch|p1a: Gastrodon|Gastrodon, M|100/100
|move|p2a: Toxapex|Toxic Spikes|p1a: Gastrodon
|-sidestart|p1: fil41c|move: Toxic Spikes
|
|-damage|p2a: Toxapex|88/100 brn|[from] brn
|upkeep
|turn|38
|
|t:|1659358566
|switch|p1a: Toxapex|Toxapex, M|100/100
|-sideend|p1: fil41c|move: Toxic Spikes|[of] p1a: Toxapex
|move|p2a: Toxapex|Toxic Spikes|p1a: Toxapex
|-sidestart|p1: fil41c|move: Toxic Spikes
|
|-damage|p2a: Toxapex|82/100 brn|[from] brn
|upkeep
|turn|39
|
|t:|1659358576
|switch|p1a: Blissey|Blissey, F|100/100
|move|p2a: Toxapex|Knock Off|p1a: Blissey
|-damage|p1a: Blissey|94/100
|-enditem|p1a: Blissey|Heavy-Duty Boots|[from] move: Knock Off|[of] p2a: Toxapex
|
|-damage|p2a: Toxapex|75/100 brn|[from] brn
|upkeep
|turn|40
|
|t:|1659358589
|move|p1a: Blissey|Stealth Rock|p2a: Toxapex
|-sidestart|p2: Mel2345|move: Stealth Rock
|move|p2a: Toxapex|Recover|p2a: Toxapex
|-heal|p2a: Toxapex|100/100 brn
|
|-damage|p2a: Toxapex|94/100 brn|[from] brn
|upkeep
|turn|41
|
|t:|1659358595
|move|p1a: Blissey|Seismic Toss|p2a: Toxapex
|-damage|p2a: Toxapex|61/100 brn
|move|p2a: Toxapex|Toxic Spikes|p1a: Blissey
|-sidestart|p1: fil41c|move: Toxic Spikes
|
|-damage|p2a: Toxapex|55/100 brn|[from] brn
|upkeep
|turn|42
|
|t:|1659358608
|switch|p2a: Mandibuzz|Mandibuzz, F|76/100 brn
|move|p1a: Blissey|Seismic Toss|p2a: Mandibuzz
|-damage|p2a: Mandibuzz|52/100 brn
|
|-damage|p2a: Mandibuzz|46/100 brn|[from] brn
|upkeep
|turn|43
|
|t:|1659358612
|switch|p1a: Toxapex|Toxapex, M|100/100
|-sideend|p1: fil41c|move: Toxic Spikes|[of] p1a: Toxapex
|move|p2a: Mandibuzz|Roost|p2a: Mandibuzz
|-heal|p2a: Mandibuzz|96/100 brn
|-singleturn|p2a: Mandibuzz|move: Roost
|
|-damage|p2a: Mandibuzz|90/100 brn|[from] brn
|upkeep
|turn|44
|
|t:|1659358624
|switch|p1a: Blissey|Blissey, F|94/100
|move|p2a: Mandibuzz|Defog|p1a: Blissey
|-unboost|p1a: Blissey|evasion|1
|-sideend|p2: Mel2345|Stealth Rock|[from] move: Defog|[of] p2a: Mandibuzz
|
|-damage|p2a: Mandibuzz|84/100 brn|[from] brn
|upkeep
|turn|45
|
|t:|1659358629
|move|p2a: Mandibuzz|U-turn|p1a: Blissey
|-damage|p1a: Blissey|90/100
|
|t:|1659358634
|switch|p2a: Kartana|Kartana|26/100|[from]move: U-turn
|move|p1a: Blissey|Stealth Rock|p2a: Kartana
|-sidestart|p2: Mel2345|move: Stealth Rock
|
|upkeep
|turn|46
|
|t:|1659358639
|switch|p1a: Toxapex|Toxapex, M|100/100
|move|p2a: Kartana|Leaf Blade|p1a: Toxapex
|-damage|p1a: Toxapex|42/100
|
|upkeep
|turn|47
|
|t:|1659358651
|switch|p2a: Landorus|Landorus-Therian, M|84/100
|-damage|p2a: Landorus|72/100|[from] Stealth Rock
|-ability|p2a: Landorus|Intimidate|boost
|-unboost|p1a: Toxapex|atk|1
|switch|p1a: Shedinja|Shedinja|100/100
|
|-heal|p2a: Landorus|78/100|[from] item: Leftovers
|upkeep
|turn|48
|
|t:|1659358656
|switch|p1a: Toxapex|Toxapex, M|75/100
|move|p2a: Landorus|Toxic|p1a: Toxapex
|-immune|p1a: Toxapex
|
|-heal|p2a: Landorus|84/100|[from] item: Leftovers
|upkeep
|turn|49
|
|t:|1659358664
|switch|p1a: Clefable|Clefable, M|100/100
|move|p2a: Landorus|Earthquake|p1a: Clefable
|-damage|p1a: Clefable|62/100
|
|-heal|p2a: Landorus|90/100|[from] item: Leftovers
|-heal|p1a: Clefable|68/100|[from] item: Leftovers
|upkeep
|turn|50
|
|t:|1659358672
|move|p2a: Landorus|Toxic|p1a: Clefable
|-status|p1a: Clefable|tox
|move|p1a: Clefable|Soft-Boiled|p1a: Clefable
|-heal|p1a: Clefable|100/100 tox
|
|-heal|p2a: Landorus|96/100|[from] item: Leftovers
|-damage|p1a: Clefable|94/100 tox|[from] psn
|upkeep
|turn|51
|
|t:|1659358686
|move|p2a: Landorus|Stealth Rock|p1a: Clefable
|-sidestart|p1: fil41c|move: Stealth Rock
|move|p1a: Clefable|Aromatherapy|p1a: Clefable
|-activate|p1a: Clefable|move: Aromatherapy
|-curestatus|p1a: Clefable|tox|[msg]
|
|-heal|p2a: Landorus|100/100|[from] item: Leftovers
|-heal|p1a: Clefable|100/100|[from] item: Leftovers
|upkeep
|turn|52
|
|t:|1659358693
|switch|p1a: Toxapex|Toxapex, M|100/100
|-damage|p1a: Toxapex|88/100|[from] Stealth Rock
|move|p2a: Landorus|Toxic|p1a: Toxapex
|-immune|p1a: Toxapex
|
|upkeep
|turn|53
|
|t:|1659358700
|move|p2a: Landorus|U-turn|p1a: Toxapex
|-resisted|p1a: Toxapex
|-damage|p1a: Toxapex|81/100
|
|t:|1659358704
|switch|p2a: Toxapex|Toxapex, F|88/100 brn|[from]move: U-turn
|-damage|p2a: Toxapex|76/100 brn|[from] Stealth Rock
|move|p1a: Toxapex|Toxic||[still]
|-fail|p1a: Toxapex
|
|-damage|p2a: Toxapex|70/100 brn|[from] brn
|upkeep
|turn|54
|
|t:|1659358712
|switch|p1a: Blissey|Blissey, F|90/100
|-damage|p1a: Blissey|77/100|[from] Stealth Rock
|move|p2a: Toxapex|Toxic Spikes|p1a: Blissey
|-sidestart|p1: fil41c|move: Toxic Spikes
|
|-damage|p2a: Toxapex|63/100 brn|[from] brn
|upkeep
|turn|55
|
|t:|1659358733
|switch|p2a: Landorus|Landorus-Therian, M|100/100
|-damage|p2a: Landorus|88/100|[from] Stealth Rock
|-ability|p2a: Landorus|Intimidate|boost
|-unboost|p1a: Blissey|atk|1
|move|p1a: Blissey|Seismic Toss|p2a: Landorus
|-damage|p2a: Landorus|62/100
|
|-heal|p2a: Landorus|68/100|[from] item: Leftovers
|upkeep
|turn|56
|
|t:|1659358740
|move|p2a: Landorus|Earthquake|p1a: Blissey
|-crit|p1a: Blissey
|-damage|p1a: Blissey|12/100
|move|p1a: Blissey|Soft-Boiled|p1a: Blissey
|-heal|p1a: Blissey|62/100
|
|-heal|p2a: Landorus|74/100|[from] item: Leftovers
|upkeep
|turn|57
|
|t:|1659358755
|move|p2a: Landorus|Toxic|p1a: Blissey
|-status|p1a: Blissey|tox
|move|p1a: Blissey|Soft-Boiled|p1a: Blissey
|-heal|p1a: Blissey|100/100 tox
|
|-heal|p2a: Landorus|80/100|[from] item: Leftovers
|-damage|p1a: Blissey|94/100 tox|[from] psn
|upkeep
|turn|58
|
|t:|1659358762
|-curestatus|p1a: Blissey|tox|[from] ability: Natural Cure
|switch|p1a: Shedinja|Shedinja|100/100
|move|p2a: Landorus|Earthquake|p1a: Shedinja
|-immune|p1a: Shedinja|[from] ability: Wonder Guard
|
|-heal|p2a: Landorus|86/100|[from] item: Leftovers
|upkeep
|turn|59
|
|t:|1659358768
|move|p1a: Shedinja|Protect|p1a: Shedinja
|-singleturn|p1a: Shedinja|Protect
|move|p2a: Landorus|Toxic|p1a: Shedinja
|-activate|p1a: Shedinja|move: Protect
|
|-heal|p2a: Landorus|92/100|[from] item: Leftovers
|upkeep
|turn|60
|
|t:|1659358773
|switch|p1a: Toxapex|Toxapex, M|100/100
|-damage|p1a: Toxapex|88/100|[from] Stealth Rock
|-sideend|p1: fil41c|move: Toxic Spikes|[of] p1a: Toxapex
|move|p2a: Landorus|Toxic|p1a: Toxapex
|-immune|p1a: Toxapex
|
|-heal|p2a: Landorus|98/100|[from] item: Leftovers
|upkeep
|turn|61
|
|t:|1659358781
|switch|p1a: Blissey|Blissey, F|94/100
|-damage|p1a: Blissey|82/100|[from] Stealth Rock
|move|p2a: Landorus|Earthquake|p1a: Blissey
|-damage|p1a: Blissey|41/100
|
|-heal|p2a: Landorus|100/100|[from] item: Leftovers
|upkeep
|turn|62
|
|t:|1659358788
|move|p2a: Landorus|Earthquake|p1a: Blissey
|-damage|p1a: Blissey|1/100
|move|p1a: Blissey|Soft-Boiled|p1a: Blissey
|-heal|p1a: Blissey|51/100
|
|upkeep
|turn|63
|
|t:|1659358794
|move|p2a: Landorus|Earthquake|p1a: Blissey
|-damage|p1a: Blissey|9/100
|move|p1a: Blissey|Soft-Boiled|p1a: Blissey
|-heal|p1a: Blissey|59/100
|
|upkeep
|turn|64
|
|t:|1659358802
|move|p2a: Landorus|U-turn|p1a: Blissey
|-damage|p1a: Blissey|39/100
|
|t:|1659358804
|switch|p2a: Kartana|Kartana|26/100|[from]move: U-turn
|-damage|p2a: Kartana|19/100|[from] Stealth Rock
|move|p1a: Blissey|Soft-Boiled|p1a: Blissey
|-heal|p1a: Blissey|89/100
|
|upkeep
|turn|65
|
|t:|1659358808
|switch|p1a: Toxapex|Toxapex, M|100/100
|-damage|p1a: Toxapex|88/100|[from] Stealth Rock
|move|p2a: Kartana|Sacred Sword|p1a: Toxapex
|-resisted|p1a: Toxapex
|-damage|p1a: Toxapex|72/100
|
|upkeep
|turn|66
|
|t:|1659358826
|switch|p2a: Toxapex|Toxapex, F|97/100 brn
|-damage|p2a: Toxapex|84/100 brn|[from] Stealth Rock
|move|p1a: Toxapex|Scald|p2a: Toxapex
|-resisted|p2a: Toxapex
|-damage|p2a: Toxapex|76/100 brn
|
|-damage|p2a: Toxapex|70/100 brn|[from] brn
|upkeep
|turn|67
|
|t:|1659358829
|switch|p1a: Blissey|Blissey, F|89/100
|-damage|p1a: Blissey|76/100|[from] Stealth Rock
|move|p2a: Toxapex|Toxic Spikes|p1a: Blissey
|-sidestart|p1: fil41c|move: Toxic Spikes
|
|-damage|p2a: Toxapex|64/100 brn|[from] brn
|upkeep
|turn|68
|
|t:|1659358835
|move|p1a: Blissey|Seismic Toss|p2a: Toxapex
|-damage|p2a: Toxapex|31/100 brn
|move|p2a: Toxapex|Recover|p2a: Toxapex
|-heal|p2a: Toxapex|81/100 brn
|
|-damage|p2a: Toxapex|75/100 brn|[from] brn
|upkeep
|turn|69
|
|t:|1659358840
|switch|p2a: Landorus|Landorus-Therian, M|100/100
|-damage|p2a: Landorus|88/100|[from] Stealth Rock
|-ability|p2a: Landorus|Intimidate|boost
|-unboost|p1a: Blissey|atk|1
|move|p1a: Blissey|Seismic Toss|p2a: Landorus
|-damage|p2a: Landorus|62/100
|
|-heal|p2a: Landorus|68/100|[from] item: Leftovers
|upkeep
|turn|70
|
|t:|1659358846
|move|p2a: Landorus|Toxic|p1a: Blissey
|-status|p1a: Blissey|tox
|move|p1a: Blissey|Soft-Boiled|p1a: Blissey
|-heal|p1a: Blissey|100/100 tox
|
|-heal|p2a: Landorus|74/100|[from] item: Leftovers
|-damage|p1a: Blissey|94/100 tox|[from] psn
|upkeep
|turn|71
|
|t:|1659358853
|-curestatus|p1a: Blissey|tox|[from] ability: Natural Cure
|switch|p1a: Shedinja|Shedinja|100/100
|move|p2a: Landorus|Earthquake|p1a: Shedinja
|-immune|p1a: Shedinja|[from] ability: Wonder Guard
|
|-heal|p2a: Landorus|80/100|[from] item: Leftovers
|upkeep
|turn|72
|
|t:|1659358859
|move|p1a: Shedinja|Protect|p1a: Shedinja
|-singleturn|p1a: Shedinja|Protect
|move|p2a: Landorus|Toxic|p1a: Shedinja
|-activate|p1a: Shedinja|move: Protect
|
|-heal|p2a: Landorus|86/100|[from] item: Leftovers
|upkeep
|turn|73
|
|t:|1659358867
|switch|p1a: Toxapex|Toxapex, M|100/100
|-damage|p1a: Toxapex|88/100|[from] Stealth Rock
|-sideend|p1: fil41c|move: Toxic Spikes|[of] p1a: Toxapex
|move|p2a: Landorus|Earthquake|p1a: Toxapex
|-supereffective|p1a: Toxapex
|-damage|p1a: Toxapex|31/100
|
|-heal|p2a: Landorus|92/100|[from] item: Leftovers
|upkeep
|turn|74
|
|t:|1659358877
|switch|p1a: Blissey|Blissey, F|94/100
|-damage|p1a: Blissey|82/100|[from] Stealth Rock
|move|p2a: Landorus|Earthquake|p1a: Blissey
|-damage|p1a: Blissey|41/100
|
|-heal|p2a: Landorus|98/100|[from] item: Leftovers
|upkeep
|turn|75
|
|t:|1659358885
|move|p2a: Landorus|Toxic|p1a: Blissey
|-status|p1a: Blissey|tox
|move|p1a: Blissey|Soft-Boiled|p1a: Blissey
|-heal|p1a: Blissey|91/100 tox
|
|-heal|p2a: Landorus|100/100|[from] item: Leftovers
|-damage|p1a: Blissey|85/100 tox|[from] psn
|upkeep
|turn|76
|
|t:|1659358890
|move|p2a: Landorus|U-turn|p1a: Blissey
|-damage|p1a: Blissey|65/100 tox
|
|t:|1659358894
|switch|p2a: Kartana|Kartana|19/100|[from]move: U-turn
|-damage|p2a: Kartana|13/100|[from] Stealth Rock
|move|p1a: Blissey|Soft-Boiled|p1a: Blissey
|-heal|p1a: Blissey|100/100 tox
|
|-damage|p1a: Blissey|88/100 tox|[from] psn
|upkeep
|turn|77
|
|t:|1659358901
|-curestatus|p1a: Blissey|tox|[from] ability: Natural Cure
|switch|p1a: Toxapex|Toxapex, M|64/100
|-damage|p1a: Toxapex|51/100|[from] Stealth Rock
|move|p2a: Kartana|Leaf Blade|p1a: Toxapex
|-damage|p1a: Toxapex|0 fnt
|faint|p1a: Toxapex
|-ability|p2a: Kartana|Beast Boost|boost
|-boost|p2a: Kartana|atk|1
|
|upkeep
|
|t:|1659358911
|switch|p1a: Shedinja|Shedinja|100/100
|turn|78
|-message|fil41c forfeited.
|
|win|Mel2345
|raw|fil41c's rating: 1585 &rarr; <strong>1564</strong><br />(-21 for losing)
|raw|Mel2345's rating: 1563 &rarr; <strong>1584</strong><br />(+21 for winning)
|l|☆fil41c
