|j|☆Eyeshield
|j|☆Mamaw31180
|t:|1615213736
|player|p1|Eyeshield|lance|1695
|player|p2|Mamaw31180|101|1786
|teamsize|p1|6
|teamsize|p2|6
|gametype|singles
|gen|8
|tier|[Gen 8] OU
|rated|
|clearpoke
|poke|p1|Zapdos|
|poke|p1|Landorus-Therian, M|
|poke|p1|Buzzwole|
|poke|p1|Tapu Fini|
|poke|p1|Chansey, F|
|poke|p1|Ferrothorn, M|
|poke|p2|Hawlucha, M|
|poke|p2|Tapu Koko|
|poke|p2|Ferrothorn, F|
|poke|p2|Landorus-Therian, M|
|poke|p2|Urshifu-*, M|
|poke|p2|Tyranitar, F|
|rule|Sleep Clause Mod: Limit one foe put to sleep
|rule|Species Clause: Limit one of each Pokémon
|rule|OHKO Clause: OHKO moves are banned
|rule|Evasion Moves Clause: Evasion moves are banned
|rule|Endless Battle Clause: Forcing endless battles is banned
|rule|HP Percentage Mod: HP is shown in percentages
|rule|Dynamax Clause: You cannot dynamax
|teampreview
|inactive|Battle timer is ON: inactive players will automatically lose when time's up. (requested by Mamaw31180)
|
|t:|1615213770
|start
|switch|p1a: Chansey|Chansey, F|100/100
|switch|p2a: Landorus|Landorus-Therian, M|100/100
|-ability|p2a: Landorus|Intimidate|boost
|-unboost|p1a: Chansey|atk|1
|turn|1
|
|t:|1615213777
|move|p2a: Landorus|Stealth Rock|p1a: Chansey
|-sidestart|p1: Eyeshield|move: Stealth Rock
|move|p1a: Chansey|Toxic|p2a: Landorus
|-status|p2a: Landorus|tox
|
|-damage|p2a: Landorus|94/100 tox|[from] psn
|upkeep
|turn|2
|
|t:|1615213787
|move|p2a: Landorus|Knock Off|p1a: Chansey
|-damage|p1a: Chansey|82/100
|-enditem|p1a: Chansey|Eviolite|[from] move: Knock Off|[of] p2a: Landorus
|move|p1a: Chansey|Teleport|p1a: Chansey
|
|t:|1615213809
|switch|p1a: Ferrothorn|Ferrothorn, M|100/100|[from]move: Teleport
|-damage|p1a: Ferrothorn|94/100|[from] Stealth Rock
|
|-heal|p2a: Landorus|100/100 tox|[from] item: Leftovers
|-damage|p2a: Landorus|88/100 tox|[from] psn
|upkeep
|turn|3
|j| MrSayz
|
|t:|1615213818
|switch|p2a: Ferrothorn|Ferrothorn, F|100/100
|move|p1a: Ferrothorn|Stealth Rock|p2a: Ferrothorn
|-sidestart|p2: Mamaw31180|move: Stealth Rock
|
|upkeep
|turn|4
|
|t:|1615213840
|move|p2a: Ferrothorn|Spikes|p1a: Ferrothorn
|-sidestart|p1: Eyeshield|Spikes
|move|p1a: Ferrothorn|Knock Off|p2a: Ferrothorn
|-damage|p2a: Ferrothorn|85/100
|-damage|p1a: Ferrothorn|82/100|[from] ability: Iron Barbs|[of] p2a: Ferrothorn
|-enditem|p2a: Ferrothorn|Leftovers|[from] move: Knock Off|[of] p1a: Ferrothorn
|
|upkeep
|turn|5
|
|t:|1615213844
|switch|p1a: Zapdos|Zapdos|100/100
|move|p2a: Ferrothorn|Knock Off|p1a: Zapdos
|-damage|p1a: Zapdos|83/100
|-enditem|p1a: Zapdos|Heavy-Duty Boots|[from] move: Knock Off|[of] p2a: Ferrothorn
|
|upkeep
|turn|6
|
|t:|1615213850
|switch|p2a: Tyranitar|Tyranitar, F|100/100
|-weather|Sandstorm|[from] ability: Sand Stream|[of] p2a: Tyranitar
|move|p1a: Zapdos|Defog|p2a: Tyranitar
|-unboost|p2a: Tyranitar|evasion|1
|-sideend|p2: Mamaw31180|Stealth Rock|[from] move: Defog|[of] p1a: Zapdos
|-sideend|p1: Eyeshield|Spikes|[from] move: Defog|[of] p1a: Zapdos
|-sideend|p1: Eyeshield|Stealth Rock|[from] move: Defog|[of] p1a: Zapdos
|
|-weather|Sandstorm|[upkeep]
|-damage|p1a: Zapdos|77/100|[from] Sandstorm
|upkeep
|turn|7
|
|t:|1615213865
|switch|p1a: Buzzwole|Buzzwole|100/100
|move|p2a: Tyranitar|Toxic|p1a: Buzzwole
|-status|p1a: Buzzwole|tox
|
|-weather|Sandstorm|[upkeep]
|-damage|p1a: Buzzwole|94/100 tox|[from] Sandstorm
|-damage|p1a: Buzzwole|88/100 tox|[from] psn
|upkeep
|turn|8
|
|t:|1615213876
|switch|p2a: Urshifu|Urshifu-Rapid-Strike, M|100/100
|move|p1a: Buzzwole|Ice Punch|p2a: Urshifu
|-resisted|p2a: Urshifu
|-damage|p2a: Urshifu|90/100
|
|-weather|Sandstorm|[upkeep]
|-damage|p2a: Urshifu|84/100|[from] Sandstorm
|-damage|p1a: Buzzwole|82/100 tox|[from] Sandstorm
|-damage|p1a: Buzzwole|69/100 tox|[from] psn
|upkeep
|turn|9
|
|t:|1615213888
|switch|p2a: Tapu Koko|Tapu Koko|100/100
|-fieldstart|move: Electric Terrain|[from] ability: Electric Surge|[of] p2a: Tapu Koko
|switch|p1a: Ferrothorn|Ferrothorn, M|82/100
|
|-weather|Sandstorm|[upkeep]
|-damage|p2a: Tapu Koko|94/100|[from] Sandstorm
|upkeep
|turn|10
|j| Zhi Yuan 233
|
|t:|1615213893
|switch|p2a: Landorus|Landorus-Therian, M|88/100 tox
|-ability|p2a: Landorus|Intimidate|boost
|-unboost|p1a: Ferrothorn|atk|1
|move|p1a: Ferrothorn|Stealth Rock|p2a: Landorus
|-sidestart|p2: Mamaw31180|move: Stealth Rock
|
|-weather|none
|-heal|p2a: Landorus|94/100 tox|[from] item: Leftovers
|-damage|p2a: Landorus|88/100 tox|[from] psn
|upkeep
|turn|11
|
|t:|1615213902
|switch|p1a: Landorus|Landorus-Therian, M|100/100
|-ability|p1a: Landorus|Intimidate|boost
|-unboost|p2a: Landorus|atk|1
|move|p2a: Landorus|Stealth Rock|p1a: Landorus
|-sidestart|p1: Eyeshield|move: Stealth Rock
|
|-heal|p2a: Landorus|94/100 tox|[from] item: Leftovers
|-damage|p2a: Landorus|82/100 tox|[from] psn
|upkeep
|turn|12
|
|t:|1615213908
|move|p1a: Landorus|Knock Off|p2a: Landorus
|-damage|p2a: Landorus|55/100 tox
|-enditem|p2a: Landorus|Leftovers|[from] move: Knock Off|[of] p1a: Landorus
|move|p2a: Landorus|U-turn|p1a: Landorus
|-resisted|p1a: Landorus
|-damage|p1a: Landorus|91/100
|
|t:|1615213912
|switch|p2a: Urshifu|Urshifu-Rapid-Strike, M|84/100|[from]move: U-turn
|-damage|p2a: Urshifu|78/100|[from] Stealth Rock
|
|upkeep
|turn|13
|
|t:|1615213920
|switch|p1a: Tapu Fini|Tapu Fini|100/100
|-damage|p1a: Tapu Fini|88/100|[from] Stealth Rock
|-fieldstart|move: Misty Terrain|[from] ability: Misty Surge|[of] p1a: Tapu Fini
|move|p2a: Urshifu|U-turn|p1a: Tapu Fini
|-resisted|p1a: Tapu Fini
|-damage|p1a: Tapu Fini|71/100
|
|t:|1615213925
|switch|p2a: Tapu Koko|Tapu Koko|94/100|[from]move: U-turn
|-fieldstart|move: Electric Terrain|[from] ability: Electric Surge|[of] p2a: Tapu Koko
|
|-heal|p1a: Tapu Fini|78/100|[from] item: Leftovers
|upkeep
|turn|14
|
|t:|1615213941
|switch|p1a: Ferrothorn|Ferrothorn, M|82/100
|-damage|p1a: Ferrothorn|75/100|[from] Stealth Rock
|move|p2a: Tapu Koko|Thunderbolt|p1a: Ferrothorn
|-resisted|p1a: Ferrothorn
|-damage|p1a: Ferrothorn|55/100
|
|upkeep
|turn|15
|
|t:|1615213950
|switch|p2a: Ferrothorn|Ferrothorn, F|85/100
|-damage|p2a: Ferrothorn|79/100|[from] Stealth Rock
|move|p1a: Ferrothorn|Leech Seed|p2a: Ferrothorn
|-immune|p2a: Ferrothorn
|
|upkeep
|turn|16
|
|t:|1615213956
|switch|p2a: Tyranitar|Tyranitar, F|100/100
|-weather|Sandstorm|[from] ability: Sand Stream|[of] p2a: Tyranitar
|switch|p1a: Zapdos|Zapdos|77/100
|-damage|p1a: Zapdos|52/100|[from] Stealth Rock
|
|-weather|Sandstorm|[upkeep]
|-damage|p1a: Zapdos|46/100|[from] Sandstorm
|upkeep
|turn|17
|j| Jfejue
|
|t:|1615213968
|move|p1a: Zapdos|Roost|p1a: Zapdos
|-heal|p1a: Zapdos|97/100
|-singleturn|p1a: Zapdos|move: Roost
|move|p2a: Tyranitar|Stone Edge|p1a: Zapdos
|-damage|p1a: Zapdos|65/100
|
|-weather|Sandstorm|[upkeep]
|-damage|p1a: Zapdos|59/100|[from] Sandstorm
|-fieldend|move: Electric Terrain
|upkeep
|turn|18
|
|t:|1615213976
|switch|p1a: Tapu Fini|Tapu Fini|78/100
|-damage|p1a: Tapu Fini|65/100|[from] Stealth Rock
|-fieldstart|move: Misty Terrain|[from] ability: Misty Surge|[of] p1a: Tapu Fini
|move|p2a: Tyranitar|Earthquake|p1a: Tapu Fini
|-damage|p1a: Tapu Fini|37/100
|
|-weather|Sandstorm|[upkeep]
|-damage|p1a: Tapu Fini|31/100|[from] Sandstorm
|-heal|p1a: Tapu Fini|37/100|[from] item: Leftovers
|upkeep
|turn|19
|
|t:|1615213987
|switch|p2a: Ferrothorn|Ferrothorn, F|79/100
|-damage|p2a: Ferrothorn|73/100|[from] Stealth Rock
|move|p1a: Tapu Fini|Nature's Madness|p2a: Ferrothorn
|-damage|p2a: Ferrothorn|37/100
|
|-weather|Sandstorm|[upkeep]
|-damage|p1a: Tapu Fini|31/100|[from] Sandstorm
|-heal|p1a: Tapu Fini|37/100|[from] item: Leftovers
|upkeep
|turn|20
|
|t:|1615213995
|move|p1a: Tapu Fini|Taunt|p2a: Ferrothorn
|-start|p2a: Ferrothorn|move: Taunt
|cant|p2a: Ferrothorn|move: Taunt|Spikes
|
|-weather|none
|-heal|p1a: Tapu Fini|43/100|[from] item: Leftovers
|upkeep
|turn|21
|
|t:|1615214001
|move|p1a: Tapu Fini|Nature's Madness|p2a: Ferrothorn
|-damage|p2a: Ferrothorn|19/100
|move|p2a: Ferrothorn|Power Whip|p1a: Tapu Fini|[miss]
|-miss|p2a: Ferrothorn|p1a: Tapu Fini
|
|-heal|p1a: Tapu Fini|49/100|[from] item: Leftovers
|upkeep
|turn|22
|
|t:|1615214013
|switch|p1a: Zapdos|Zapdos|59/100
|-damage|p1a: Zapdos|34/100|[from] Stealth Rock
|move|p2a: Ferrothorn|Power Whip|p1a: Zapdos|[miss]
|-miss|p2a: Ferrothorn|p1a: Zapdos
|
|-end|p2a: Ferrothorn|move: Taunt
|-fieldend|Misty Terrain
|upkeep
|turn|23
|
|t:|1615214017
|switch|p2a: Tyranitar|Tyranitar, F|100/100
|-weather|Sandstorm|[from] ability: Sand Stream|[of] p2a: Tyranitar
|move|p1a: Zapdos|Roost|p1a: Zapdos
|-heal|p1a: Zapdos|84/100
|-singleturn|p1a: Zapdos|move: Roost
|
|-weather|Sandstorm|[upkeep]
|-damage|p1a: Zapdos|78/100|[from] Sandstorm
|upkeep
|turn|24
|
|t:|1615214025
|switch|p1a: Ferrothorn|Ferrothorn, M|55/100
|-damage|p1a: Ferrothorn|49/100|[from] Stealth Rock
|move|p2a: Tyranitar|Stone Edge|p1a: Ferrothorn
|-resisted|p1a: Ferrothorn
|-damage|p1a: Ferrothorn|37/100
|
|-weather|Sandstorm|[upkeep]
|upkeep
|turn|25
|
|t:|1615214039
|switch|p2a: Ferrothorn|Ferrothorn, F|19/100
|-damage|p2a: Ferrothorn|12/100|[from] Stealth Rock
|move|p1a: Ferrothorn|Knock Off|p2a: Ferrothorn
|-damage|p2a: Ferrothorn|1/100
|-damage|p1a: Ferrothorn|25/100|[from] ability: Iron Barbs|[of] p2a: Ferrothorn
|
|-weather|Sandstorm|[upkeep]
|upkeep
|turn|26
|
|t:|1615214043
|move|p2a: Ferrothorn|Spikes|p1a: Ferrothorn
|-sidestart|p1: Eyeshield|Spikes
|move|p1a: Ferrothorn|Knock Off|p2a: Ferrothorn
|-damage|p2a: Ferrothorn|0 fnt
|-damage|p1a: Ferrothorn|12/100|[from] ability: Iron Barbs|[of] p2a: Ferrothorn
|faint|p2a: Ferrothorn
|
|-weather|Sandstorm|[upkeep]
|upkeep
|
|t:|1615214052
|switch|p2a: Tapu Koko|Tapu Koko|94/100
|-fieldstart|move: Electric Terrain|[from] ability: Electric Surge|[of] p2a: Tapu Koko
|turn|27
|
|t:|1615214068
|move|p2a: Tapu Koko|Thunderbolt|p1a: Ferrothorn
|-resisted|p1a: Ferrothorn
|-damage|p1a: Ferrothorn|0 fnt
|faint|p1a: Ferrothorn
|
|-weather|none
|upkeep
|
|t:|1615214081
|switch|p1a: Landorus|Landorus-Therian, M|91/100
|-damage|p1a: Landorus|79/100|[from] Stealth Rock
|-ability|p1a: Landorus|Intimidate|boost
|-unboost|p2a: Tapu Koko|atk|1
|turn|28
|
|t:|1615214087
|switch|p2a: Landorus|Landorus-Therian, M|55/100 tox
|-damage|p2a: Landorus|43/100 tox|[from] Stealth Rock
|-ability|p2a: Landorus|Intimidate|boost
|-unboost|p1a: Landorus|atk|1
|move|p1a: Landorus|Stone Edge|p2a: Landorus
|-damage|p2a: Landorus|21/100 tox
|
|-damage|p2a: Landorus|15/100 tox|[from] psn
|upkeep
|turn|29
|
|t:|1615214096
|move|p1a: Landorus|Stone Edge|p2a: Landorus
|-damage|p2a: Landorus|0 fnt
|faint|p2a: Landorus
|
|upkeep
|
|t:|1615214099
|switch|p2a: Hawlucha|Hawlucha, M|100/100
|-damage|p2a: Hawlucha|88/100|[from] Stealth Rock
|-enditem|p2a: Hawlucha|Electric Seed
|-boost|p2a: Hawlucha|def|1|[from] item: Electric Seed
|turn|30
|
|t:|1615214105
|switch|p1a: Zapdos|Zapdos|78/100
|-damage|p1a: Zapdos|53/100|[from] Stealth Rock
|move|p2a: Hawlucha|Swords Dance|p2a: Hawlucha
|-boost|p2a: Hawlucha|atk|2
|
|upkeep
|turn|31
|
|t:|1615214109
|move|p2a: Hawlucha|Close Combat|p1a: Zapdos
|-resisted|p1a: Zapdos
|-damage|p1a: Zapdos|11/100
|-unboost|p2a: Hawlucha|def|1
|-unboost|p2a: Hawlucha|spd|1
|-status|p2a: Hawlucha|par|[from] ability: Static|[of] p1a: Zapdos
|move|p1a: Zapdos|Discharge|p2a: Hawlucha
|-supereffective|p2a: Hawlucha
|-damage|p2a: Hawlucha|0 fnt
|faint|p2a: Hawlucha
|
|-fieldend|move: Electric Terrain
|upkeep
|
|t:|1615214120
|switch|p2a: Urshifu|Urshifu-Rapid-Strike, M|78/100
|-damage|p2a: Urshifu|71/100|[from] Stealth Rock
|turn|32
|j| Malibou
|
|t:|1615214130
|move|p2a: Urshifu|Surging Strikes|p1a: Zapdos
|-crit|p1a: Zapdos
|-damage|p1a: Zapdos|0 fnt
|-hitcount|p1a: Zapdos|1
|faint|p1a: Zapdos
|
|upkeep
|l| Jfejue
|
|t:|1615214148
|switch|p1a: Buzzwole|Buzzwole|69/100 tox
|-damage|p1a: Buzzwole|57/100 tox|[from] Spikes
|-damage|p1a: Buzzwole|45/100 tox|[from] Stealth Rock
|turn|33
|
|t:|1615214156
|switch|p2a: Tapu Koko|Tapu Koko|94/100
|-fieldstart|move: Electric Terrain|[from] ability: Electric Surge|[of] p2a: Tapu Koko
|move|p1a: Buzzwole|Poison Jab|p2a: Tapu Koko
|-supereffective|p2a: Tapu Koko
|-damage|p2a: Tapu Koko|30/100
|
|-damage|p1a: Buzzwole|38/100 tox|[from] psn
|upkeep
|turn|34
|
|t:|1615214173
|move|p2a: Tapu Koko|Dazzling Gleam|p1a: Buzzwole
|-supereffective|p1a: Buzzwole
|-damage|p1a: Buzzwole|0 fnt
|faint|p1a: Buzzwole
|
|upkeep
|
|t:|1615214176
|switch|p1a: Landorus|Landorus-Therian, M|79/100
|-damage|p1a: Landorus|67/100|[from] Stealth Rock
|-ability|p1a: Landorus|Intimidate|boost
|-unboost|p2a: Tapu Koko|atk|1
|turn|35
|
|t:|1615214180
|switch|p2a: Tyranitar|Tyranitar, F|100/100
|-weather|Sandstorm|[from] ability: Sand Stream|[of] p2a: Tyranitar
|move|p1a: Landorus|Earthquake|p2a: Tyranitar
|-supereffective|p2a: Tyranitar
|-damage|p2a: Tyranitar|9/100
|
|-weather|Sandstorm|[upkeep]
|upkeep
|turn|36
|
|t:|1615214184
|move|p1a: Landorus|Earthquake|p2a: Tyranitar
|-supereffective|p2a: Tyranitar
|-damage|p2a: Tyranitar|0 fnt
|faint|p2a: Tyranitar
|
|-weather|Sandstorm|[upkeep]
|upkeep
|
|t:|1615214187
|switch|p2a: Urshifu|Urshifu-Rapid-Strike, M|71/100
|-damage|p2a: Urshifu|65/100|[from] Stealth Rock
|turn|37
|j| LF 3v3
|
|t:|1615214210
|switch|p1a: Chansey|Chansey, F|82/100
|-damage|p1a: Chansey|70/100|[from] Stealth Rock
|-damage|p1a: Chansey|57/100|[from] Spikes
|move|p2a: Urshifu|Aqua Jet|p1a: Chansey
|-damage|p1a: Chansey|30/100
|
|-weather|Sandstorm|[upkeep]
|-damage|p2a: Urshifu|59/100|[from] Sandstorm
|-damage|p1a: Chansey|24/100|[from] Sandstorm
|-fieldend|move: Electric Terrain
|upkeep
|turn|38
|
|t:|1615214216
|move|p2a: Urshifu|Aqua Jet|p1a: Chansey
|-damage|p1a: Chansey|0 fnt
|faint|p1a: Chansey
|
|-weather|Sandstorm|[upkeep]
|-damage|p2a: Urshifu|53/100|[from] Sandstorm
|upkeep
|
|t:|1615214218
|switch|p1a: Tapu Fini|Tapu Fini|49/100
|-damage|p1a: Tapu Fini|37/100|[from] Spikes
|-damage|p1a: Tapu Fini|24/100|[from] Stealth Rock
|-fieldstart|move: Misty Terrain|[from] ability: Misty Surge|[of] p1a: Tapu Fini
|turn|39
|inactive|Mamaw31180 has 120 seconds left.
|
|t:|1615214260
|switch|p2a: Tapu Koko|Tapu Koko|30/100
|-fieldstart|move: Electric Terrain|[from] ability: Electric Surge|[of] p2a: Tapu Koko
|move|p1a: Tapu Fini|Moonblast|p2a: Tapu Koko
|-damage|p2a: Tapu Koko|0 fnt
|faint|p2a: Tapu Koko
|
|-weather|none
|-heal|p1a: Tapu Fini|30/100|[from] item: Leftovers
|upkeep
|
|t:|1615214264
|switch|p2a: Urshifu|Urshifu-Rapid-Strike, M|53/100
|-damage|p2a: Urshifu|47/100|[from] Stealth Rock
|turn|40
|
|t:|1615214267
|move|p2a: Urshifu|Surging Strikes|p1a: Tapu Fini
|-resisted|p1a: Tapu Fini
|-crit|p1a: Tapu Fini
|-damage|p1a: Tapu Fini|18/100
|-resisted|p1a: Tapu Fini
|-crit|p1a: Tapu Fini
|-damage|p1a: Tapu Fini|5/100
|-resisted|p1a: Tapu Fini
|-crit|p1a: Tapu Fini
|-damage|p1a: Tapu Fini|0 fnt
|-hitcount|p1a: Tapu Fini|3
|faint|p1a: Tapu Fini
|
|upkeep
|
|t:|1615214269
|switch|p1a: Landorus|Landorus-Therian, M|67/100
|-damage|p1a: Landorus|55/100|[from] Stealth Rock
|-ability|p1a: Landorus|Intimidate|boost
|-unboost|p2a: Urshifu|atk|1
|turn|41
|
|t:|1615214275
|move|p1a: Landorus|Earthquake|p2a: Urshifu
|-damage|p2a: Urshifu|0 fnt
|faint|p2a: Urshifu
|
|win|Eyeshield
|raw|Eyeshield's rating: 1695 &rarr; <strong>1715</strong><br />(+20 for winning)
|raw|Mamaw31180's rating: 1786 &rarr; <strong>1766</strong><br />(-20 for losing)
|l|☆Mamaw31180
|c|☆Eyeshield|Gg
|l| Malibou
|l| Zhi Yuan 233
||Ladder (probably) updated, but score could not be retrieved (Request timeout).
