|j|‽hOmer iS dEad '_>'
|j|☆Commando 55
|t:|1613195597
|player|p1|hOmer iS dEad '_>'|burglar-gen1|1676
|player|p2|Commando 55|265|1721
|teamsize|p1|6
|teamsize|p2|6
|gametype|singles
|gen|8
|tier|[Gen 8] OU
|rated|
|clearpoke
|poke|p1|Goodra, M|
|poke|p1|Tapu Lele|
|poke|p1|Cinderace, M|
|poke|p1|Corviknight, M|
|poke|p1|Landorus-Therian, M|
|poke|p1|Toxapex, M|
|poke|p2|Torkoal, M|
|poke|p2|Victini|
|poke|p2|Salamence, M|
|poke|p2|Gastrodon-East, M|
|poke|p2|Nidoking, M|
|poke|p2|Clefable, M|
|rule|Sleep Clause Mod: Limit one foe put to sleep
|rule|Species Clause: Limit one of each Pokémon
|rule|OHKO Clause: OHKO moves are banned
|rule|Evasion Moves Clause: Evasion moves are banned
|rule|Endless Battle Clause: Forcing endless battles is banned
|rule|HP Percentage Mod: HP is shown in percentages
|rule|Dynamax Clause: You cannot dynamax
|teampreview
|j| I was the Wall
|inactive|Battle timer is ON: inactive players will automatically lose when time's up. (requested by hOmer iS dEad '_>')
|
|t:|1613195607
|start
|switch|p1a: Tapu Lele|Tapu Lele|100/100
|switch|p2a: Victini|Victini|100/100
|-fieldstart|move: Psychic Terrain|[from] ability: Psychic Surge|[of] p1a: Tapu Lele
|turn|1
|
|t:|1613195613
|switch|p1a: Landorus|Landorus-Therian, M|100/100
|-ability|p1a: Landorus|Intimidate|boost
|-unboost|p2a: Victini|atk|1
|move|p2a: Victini|V-create|p1a: Landorus
|-damage|p1a: Landorus|44/100
|-unboost|p2a: Victini|spe|1
|-unboost|p2a: Victini|def|1
|-unboost|p2a: Victini|spd|1
|
|-heal|p1a: Landorus|50/100|[from] item: Leftovers
|upkeep
|turn|2
|
|t:|1613195625
|switch|p1a: Goodra|Goodra, M|100/100
|switch|p2a: Clefable|Clefable, M|100/100
|
|upkeep
|turn|3
|
|t:|1613195628
|move|p1a: Goodra|Sludge Wave|p2a: Clefable
|-supereffective|p2a: Clefable
|-damage|p2a: Clefable|34/100
|move|p2a: Clefable|Calm Mind|p2a: Clefable
|-boost|p2a: Clefable|spa|1
|-boost|p2a: Clefable|spd|1
|
|upkeep
|turn|4
|
|t:|1613195635
|switch|p2a: Gastrodon|Gastrodon-East, M|100/100
|move|p1a: Goodra|Sludge Wave|p2a: Gastrodon
|-resisted|p2a: Gastrodon
|-damage|p2a: Gastrodon|90/100
|
|-heal|p2a: Gastrodon|96/100|[from] item: Leftovers
|upkeep
|turn|5
|
|t:|1613195645
|switch|p1a: Landorus|Landorus-Therian, M|50/100
|-ability|p1a: Landorus|Intimidate|boost
|-unboost|p2a: Gastrodon|atk|1
|move|p2a: Gastrodon|Toxic|p1a: Landorus
|-status|p1a: Landorus|tox
|
|-heal|p1a: Landorus|56/100 tox|[from] item: Leftovers
|-heal|p2a: Gastrodon|100/100|[from] item: Leftovers
|-damage|p1a: Landorus|50/100 tox|[from] psn
|-fieldend|move: Psychic Terrain
|upkeep
|turn|6
|
|t:|1613195649
|move|p1a: Landorus|Stealth Rock|p2a: Gastrodon
|-sidestart|p2: Commando 55|move: Stealth Rock
|move|p2a: Gastrodon|Scald|p1a: Landorus
|-supereffective|p1a: Landorus
|-damage|p1a: Landorus|3/100 tox
|
|-heal|p1a: Landorus|9/100 tox|[from] item: Leftovers
|-damage|p1a: Landorus|0 fnt|[from] psn
|faint|p1a: Landorus
|upkeep
|
|t:|1613195651
|switch|p1a: Tapu Lele|Tapu Lele|100/100
|-fieldstart|move: Psychic Terrain|[from] ability: Psychic Surge|[of] p1a: Tapu Lele
|turn|7
|
|t:|1613195667
|switch|p2a: Clefable|Clefable, M|34/100
|move|p1a: Tapu Lele|Psychic|p2a: Clefable
|-crit|p2a: Clefable
|-damage|p2a: Clefable|0 fnt
|faint|p2a: Clefable
|
|upkeep
|
|t:|1613195676
|switch|p2a: Victini|Victini|100/100
|-damage|p2a: Victini|76/100|[from] Stealth Rock
|turn|8
|j| Brownie in Motion
|
|t:|1613195682
|move|p2a: Victini|Bolt Strike|p1a: Tapu Lele
|-damage|p1a: Tapu Lele|8/100
|-status|p1a: Tapu Lele|par
|move|p1a: Tapu Lele|Psychic|p2a: Victini
|-resisted|p2a: Victini
|-damage|p2a: Victini|31/100
|-unboost|p2a: Victini|spd|1
|
|upkeep
|turn|9
|
|t:|1613195686
|switch|p1a: Toxapex|Toxapex, M|100/100
|move|p2a: Victini|Bolt Strike|p1a: Toxapex
|-supereffective|p1a: Toxapex
|-damage|p1a: Toxapex|37/100
|-damage|p2a: Victini|14/100|[from] item: Rocky Helmet|[of] p1a: Toxapex
|
|upkeep
|turn|10
|
|t:|1613195691
|switch|p1a: Goodra|Goodra, M|100/100
|move|p2a: Victini|Bolt Strike|p1a: Goodra
|-resisted|p1a: Goodra
|-damage|p1a: Goodra|62/100
|-ability|p1a: Goodra|Gooey
|-unboost|p2a: Victini|spe|1
|
|upkeep
|turn|11
|j| balabulu
|
|t:|1613195696
|switch|p2a: Salamence|Salamence, M|100/100
|-ability|p2a: Salamence|Intimidate|boost
|-unboost|p1a: Goodra|atk|1
|move|p1a: Goodra|Draco Meteor|p2a: Salamence
|-supereffective|p2a: Salamence
|-damage|p2a: Salamence|0 fnt
|-unboost|p1a: Goodra|spa|2
|faint|p2a: Salamence
|
|-fieldend|move: Psychic Terrain
|upkeep
|
|t:|1613195705
|switch|p2a: Nidoking|Nidoking, M|100/100
|-damage|p2a: Nidoking|95/100|[from] Stealth Rock
|turn|12
|
|t:|1613195710
|switch|p1a: Corviknight|Corviknight, M|100/100
|-ability|p1a: Corviknight|Pressure
|move|p2a: Nidoking|Ice Beam|p1a: Corviknight
|-damage|p1a: Corviknight|74/100
|
|-heal|p1a: Corviknight|80/100|[from] item: Leftovers
|upkeep
|turn|13
|
|t:|1613195712
|move|p2a: Nidoking|Fire Blast|p1a: Corviknight
|-supereffective|p1a: Corviknight
|-damage|p1a: Corviknight|13/100
|move|p1a: Corviknight|U-turn|p2a: Nidoking
|-resisted|p2a: Nidoking
|-damage|p2a: Nidoking|84/100
|
|t:|1613195719
|switch|p1a: Goodra|Goodra, M|62/100|[from]move: U-turn
|
|upkeep
|turn|14
|
|t:|1613195722
|move|p2a: Nidoking|Ice Beam|p1a: Goodra
|-supereffective|p1a: Goodra
|-damage|p1a: Goodra|22/100
|move|p1a: Goodra|Hydro Pump|p2a: Nidoking|[miss]
|-miss|p1a: Goodra|p2a: Nidoking
|
|upkeep
|turn|15
|
|t:|1613195730
|move|p2a: Nidoking|Earth Power|p1a: Goodra
|-damage|p1a: Goodra|0 fnt
|faint|p1a: Goodra
|
|upkeep
|
|t:|1613195733
|switch|p1a: Cinderace|Cinderace, M|100/100
|turn|16
|
|t:|1613195738
|switch|p2a: Torkoal|Torkoal, M|100/100
|-weather|SunnyDay|[from] ability: Drought|[of] p2a: Torkoal
|move|p1a: Cinderace|Pyro Ball|p2a: Torkoal|[miss]
|-miss|p1a: Cinderace|p2a: Torkoal
|
|-weather|SunnyDay|[upkeep]
|upkeep
|turn|17
|
|t:|1613195751
|move|p1a: Cinderace|High Jump Kick|p2a: Torkoal
|-start|p1a: Cinderace|typechange|Fighting|[from] ability: Libero
|-damage|p2a: Torkoal|63/100
|move|p2a: Torkoal|Rapid Spin|p1a: Cinderace
|-damage|p1a: Cinderace|86/100
|-boost|p2a: Torkoal|spe|1
|-sideend|p2: Commando 55|Stealth Rock|[from] move: Rapid Spin|[of] p2a: Torkoal
|
|-weather|SunnyDay|[upkeep]
|upkeep
|turn|18
|
|t:|1613195759
|move|p1a: Cinderace|Pyro Ball|p2a: Torkoal
|-start|p1a: Cinderace|typechange|Fire|[from] ability: Libero
|-resisted|p2a: Torkoal
|-damage|p2a: Torkoal|37/100
|move|p2a: Torkoal|Lava Plume|p1a: Cinderace
|-resisted|p1a: Cinderace
|-damage|p1a: Cinderace|62/100
|
|-weather|SunnyDay|[upkeep]
|upkeep
|turn|19
|
|t:|1613195767
|move|p1a: Cinderace|High Jump Kick|p2a: Torkoal
|-start|p1a: Cinderace|typechange|Fighting|[from] ability: Libero
|-damage|p2a: Torkoal|0 fnt
|faint|p2a: Torkoal
|
|-weather|SunnyDay|[upkeep]
|upkeep
|
|t:|1613195771
|switch|p2a: Gastrodon|Gastrodon-East, M|100/100
|turn|20
|
|t:|1613195780
|switch|p1a: Corviknight|Corviknight, M|13/100
|-ability|p1a: Corviknight|Pressure
|move|p2a: Gastrodon|Earthquake|p1a: Corviknight
|-immune|p1a: Corviknight
|
|-weather|none
|-heal|p1a: Corviknight|19/100|[from] item: Leftovers
|upkeep
|turn|21
|
|t:|1613195784
|switch|p2a: Victini|Victini|14/100
|move|p1a: Corviknight|Roost|p1a: Corviknight
|-heal|p1a: Corviknight|69/100
|-singleturn|p1a: Corviknight|move: Roost
|
|-heal|p1a: Corviknight|75/100|[from] item: Leftovers
|upkeep
|turn|22
|
|t:|1613195791
|switch|p2a: Nidoking|Nidoking, M|84/100
|switch|p1a: Tapu Lele|Tapu Lele|8/100 par
|-fieldstart|move: Psychic Terrain|[from] ability: Psychic Surge|[of] p1a: Tapu Lele
|
|upkeep
|turn|23
|
|t:|1613195798
|move|p2a: Nidoking|Sludge Wave|p1a: Tapu Lele
|-supereffective|p1a: Tapu Lele
|-damage|p1a: Tapu Lele|0 fnt
|faint|p1a: Tapu Lele
|
|upkeep
|
|t:|1613195800
|switch|p1a: Cinderace|Cinderace, M|62/100
|turn|24
|
|t:|1613195803
|switch|p2a: Gastrodon|Gastrodon-East, M|100/100
|move|p1a: Cinderace|Zen Headbutt|p2a: Gastrodon
|-start|p1a: Cinderace|typechange|Psychic|[from] ability: Libero
|-damage|p2a: Gastrodon|44/100
|
|-heal|p2a: Gastrodon|50/100|[from] item: Leftovers
|upkeep
|turn|25
|
|t:|1613195808
|move|p1a: Cinderace|Zen Headbutt|p2a: Gastrodon
|-damage|p2a: Gastrodon|0 fnt
|faint|p2a: Gastrodon
|
|upkeep
|
|t:|1613195811
|switch|p2a: Nidoking|Nidoking, M|84/100
|turn|26
|
|t:|1613195815
|move|p1a: Cinderace|Zen Headbutt|p2a: Nidoking
|-supereffective|p2a: Nidoking
|-damage|p2a: Nidoking|0 fnt
|faint|p2a: Nidoking
|
|-fieldend|move: Psychic Terrain
|upkeep
|
|t:|1613195817
|switch|p2a: Victini|Victini|14/100
|turn|27
|
|t:|1613195820
|move|p1a: Cinderace|Zen Headbutt|p2a: Victini
|-resisted|p2a: Victini
|-damage|p2a: Victini|0 fnt
|faint|p2a: Victini
|
|win|hOmer iS dEad '_>'
|l|☆Commando 55
|raw|hOmer iS dEad &apos;_&gt;&apos;'s rating: 1656 &rarr; <strong>1680</strong><br />(+24 for winning)
|raw|Commando 55's rating: 1721 &rarr; <strong>1697</strong><br />(-24 for losing)
