|j|☆Mky22
|j|‽HQSTest
|t:|1648997166
|gametype|singles
|player|p1|Mky22|ltsurge|1359
|player|p2|HQSTest|cynthia|1381
|teamsize|p1|6
|teamsize|p2|6
|gen|8
|tier|[Gen 8] OU
|rated|
|rule|Sleep Clause Mod: Limit one foe put to sleep
|rule|Species Clause: Limit one of each Pokémon
|rule|OHKO Clause: OHKO moves are banned
|rule|Evasion Moves Clause: Evasion moves are banned
|rule|Endless Battle Clause: Forcing endless battles is banned
|rule|HP Percentage Mod: HP is shown in percentages
|rule|Dynamax Clause: You cannot dynamax
|clearpoke
|poke|p1|Whimsicott, F|
|poke|p1|Vaporeon, F|
|poke|p1|Slowking-Galar, F|
|poke|p1|Moltres|
|poke|p1|Landorus-Therian, M|
|poke|p1|Buzzwole|
|poke|p2|Ninetales-Alola, M|
|poke|p2|Kartana|
|poke|p2|Tapu Lele|
|poke|p2|Landorus-Therian, M|
|poke|p2|Moltres-Galar|
|poke|p2|Dragapult, F|
|teampreview
|
|t:|1648997177
|start
|switch|p1a: Slowking|Slowking-Galar, F|100/100
|switch|p2a: Ninetales|Ninetales-Alola, M|100/100
|-weather|Hail|[from] ability: Snow Warning|[of] p2a: Ninetales
|turn|1
|inactive|Battle timer is ON: inactive players will automatically lose when time's up. (requested by HQSTest)
|
|t:|1648997185
|move|p2a: Ninetales|Aurora Veil|p2a: Ninetales
|-sidestart|p2: HQSTest|move: Aurora Veil
|move|p1a: Slowking|Sludge Bomb|p2a: Ninetales
|-supereffective|p2a: Ninetales
|-damage|p2a: Ninetales|57/100
|
|-weather|Hail|[upkeep]
|-damage|p1a: Slowking|94/100|[from] Hail
|upkeep
|turn|2
|
|t:|1648997199
|move|p2a: Ninetales|Hypnosis|p1a: Slowking|[miss]
|-miss|p2a: Ninetales|p1a: Slowking
|move|p1a: Slowking|Future Sight|p2a: Ninetales
|-start|p1a: Slowking|move: Future Sight
|
|-weather|Hail|[upkeep]
|-damage|p1a: Slowking|88/100|[from] Hail
|upkeep
|turn|3
|
|t:|1648997207
|switch|p1a: Vaporeon|Vaporeon, F, shiny|100/100
|move|p2a: Ninetales|Hypnosis|p1a: Vaporeon
|-status|p1a: Vaporeon|slp|[from] move: Hypnosis
|
|-weather|Hail|[upkeep]
|-damage|p1a: Vaporeon|94/100 slp|[from] Hail
|-heal|p1a: Vaporeon|100/100 slp|[from] item: Leftovers
|upkeep
|turn|4
|
|t:|1648997219
|switch|p2a: Moltres|Moltres-Galar|100/100
|cant|p1a: Vaporeon|slp
|
|-weather|Hail|[upkeep]
|-damage|p2a: Moltres|94/100|[from] Hail
|-damage|p1a: Vaporeon|94/100 slp|[from] Hail
|-end|p2a: Moltres|move: Future Sight
|-immune|p2a: Moltres
|-heal|p1a: Vaporeon|100/100 slp|[from] item: Leftovers
|upkeep
|turn|5
|
|t:|1648997233
|move|p2a: Moltres|Nasty Plot|p2a: Moltres
|-boost|p2a: Moltres|spa|2
|cant|p1a: Vaporeon|slp
|
|-weather|none
|upkeep
|turn|6
|
|t:|1648997241
|move|p2a: Moltres|Agility|p2a: Moltres
|-boost|p2a: Moltres|spe|2
|cant|p1a: Vaporeon|slp
|
|upkeep
|turn|7
|-message|Mky22 forfeited.
|
|win|HQSTest
|raw|Mky22's rating: 1359 &rarr; <strong>1340</strong><br />(-19 for losing)
|raw|HQSTest's rating: 1381 &rarr; <strong>1400</strong><br />(+19 for winning)
|l|☆Mky22
