|j|☆justatest123
|j|☆LECH24
|t:|1641700429
|gametype|singles
|player|p1|justatest123|backpacker|1697
|player|p2|LECH24|102|1644
|teamsize|p1|6
|teamsize|p2|6
|gen|8
|tier|[Gen 8] OU
|rated|
|rule|Sleep Clause Mod: Limit one foe put to sleep
|rule|Species Clause: Limit one of each Pokémon
|rule|OHKO Clause: OHKO moves are banned
|rule|Evasion Moves Clause: Evasion moves are banned
|rule|Endless Battle Clause: Forcing endless battles is banned
|rule|HP Percentage Mod: HP is shown in percentages
|rule|Dynamax Clause: You cannot dynamax
|clearpoke
|poke|p1|Weavile, M|
|poke|p1|Tapu Lele|
|poke|p1|Heatran, M|
|poke|p1|Landorus-Therian, M|
|poke|p1|Ferrothorn, M|
|poke|p1|Zapdos|
|poke|p2|Zarude|
|poke|p2|Weavile, F|
|poke|p2|Melmetal|
|poke|p2|Clefable, F|
|poke|p2|Landorus-Therian, M|
|poke|p2|Tapu Koko|
|teampreview
|j| SilentDD
|inactive|Battle timer is ON: inactive players will automatically lose when time's up. (requested by justatest123)
|
|t:|1641700492
|start
|switch|p1a: Weavile|Weavile, M|100/100
|switch|p2a: Melmetal|Melmetal|100/100
|-ability|p1a: Weavile|Pressure
|turn|1
|
|t:|1641700496
|switch|p1a: Zapdos|Zapdos|100/100
|move|p2a: Melmetal|Superpower|p1a: Zapdos
|-resisted|p1a: Zapdos
|-damage|p1a: Zapdos|83/100
|-unboost|p2a: Melmetal|atk|1
|-unboost|p2a: Melmetal|def|1
|
|upkeep
|turn|2
|
|t:|1641700505
|switch|p2a: Landorus|Landorus-Therian, M|100/100
|-ability|p2a: Landorus|Intimidate|boost
|-unboost|p1a: Zapdos|atk|1
|move|p1a: Zapdos|Volt Switch|p2a: Landorus
|-immune|p2a: Landorus
|
|upkeep
|turn|3
|
|t:|1641700509
|switch|p1a: Ferrothorn|Ferrothorn, M|100/100
|move|p2a: Landorus|Stealth Rock|p1a: Ferrothorn
|-sidestart|p1: justatest123|move: Stealth Rock
|
|upkeep
|turn|4
|
|t:|1641700515
|switch|p2a: Clefable|Clefable, F|100/100
|move|p1a: Ferrothorn|Spikes|p2a: Clefable
|-sidestart|p2: LECH24|Spikes
|
|upkeep
|turn|5
|
|t:|1641700525
|switch|p2a: Melmetal|Melmetal|100/100
|-damage|p2a: Melmetal|88/100|[from] Spikes
|switch|p1a: Heatran|Heatran, M|100/100
|-damage|p1a: Heatran|88/100|[from] Stealth Rock
|
|-heal|p1a: Heatran|94/100|[from] item: Leftovers
|upkeep
|turn|6
|
|t:|1641700529
|switch|p1a: Zapdos|Zapdos|83/100
|move|p2a: Melmetal|Earthquake|p1a: Zapdos
|-immune|p1a: Zapdos
|
|upkeep
|turn|7
|j| Virus spain
|
|t:|1641700533
|switch|p2a: Landorus|Landorus-Therian, M|100/100
|-ability|p2a: Landorus|Intimidate|boost
|-unboost|p1a: Zapdos|atk|1
|move|p1a: Zapdos|Hurricane|p2a: Landorus
|-damage|p2a: Landorus|67/100
|
|-heal|p2a: Landorus|73/100|[from] item: Leftovers
|upkeep
|turn|8
|
|t:|1641700538
|switch|p1a: Ferrothorn|Ferrothorn, M|100/100
|-damage|p1a: Ferrothorn|94/100|[from] Stealth Rock
|move|p2a: Landorus|Toxic|p1a: Ferrothorn
|-immune|p1a: Ferrothorn
|
|-heal|p2a: Landorus|79/100|[from] item: Leftovers
|-heal|p1a: Ferrothorn|100/100|[from] item: Leftovers
|upkeep
|turn|9
|
|t:|1641700549
|move|p2a: Landorus|Earthquake|p1a: Ferrothorn
|-damage|p1a: Ferrothorn|72/100
|move|p1a: Ferrothorn|Spikes|p2a: Landorus
|-sidestart|p2: LECH24|Spikes
|
|-heal|p2a: Landorus|85/100|[from] item: Leftovers
|-heal|p1a: Ferrothorn|78/100|[from] item: Leftovers
|upkeep
|turn|10
|
|t:|1641700553
|move|p2a: Landorus|Defog|p1a: Ferrothorn
|-unboost|p1a: Ferrothorn|evasion|1
|-sideend|p1: justatest123|Stealth Rock|[from] move: Defog|[of] p2a: Landorus
|-sideend|p2: LECH24|Spikes|[from] move: Defog|[of] p2a: Landorus
|move|p1a: Ferrothorn|Leech Seed|p2a: Landorus
|-start|p2a: Landorus|move: Leech Seed
|
|-heal|p2a: Landorus|91/100|[from] item: Leftovers
|-heal|p1a: Ferrothorn|84/100|[from] item: Leftovers
|-damage|p2a: Landorus|79/100|[from] Leech Seed|[of] p1a: Ferrothorn
|-heal|p1a: Ferrothorn|97/100|[silent]
|upkeep
|turn|11
|
|t:|1641700556
|switch|p2a: Clefable|Clefable, F|100/100
|move|p1a: Ferrothorn|Spikes|p2a: Clefable
|-sidestart|p2: LECH24|Spikes
|
|-heal|p1a: Ferrothorn|100/100|[from] item: Leftovers
|upkeep
|turn|12
|
|t:|1641700565
|switch|p2a: Landorus|Landorus-Therian, M|79/100
|-ability|p2a: Landorus|Intimidate|boost
|-unboost|p1a: Ferrothorn|atk|1
|switch|p1a: Heatran|Heatran, M|94/100
|
|-heal|p2a: Landorus|85/100|[from] item: Leftovers
|-heal|p1a: Heatran|100/100|[from] item: Leftovers
|upkeep
|turn|13
|
|t:|1641700573
|switch|p1a: Ferrothorn|Ferrothorn, M|100/100
|move|p2a: Landorus|Earthquake|p1a: Ferrothorn
|-damage|p1a: Ferrothorn|72/100
|
|-heal|p2a: Landorus|91/100|[from] item: Leftovers
|-heal|p1a: Ferrothorn|78/100|[from] item: Leftovers
|upkeep
|turn|14
|
|t:|1641700587
|move|p2a: Landorus|Earthquake|p1a: Ferrothorn
|-damage|p1a: Ferrothorn|48/100
|move|p1a: Ferrothorn|Leech Seed|p2a: Landorus
|-start|p2a: Landorus|move: Leech Seed
|
|-heal|p2a: Landorus|97/100|[from] item: Leftovers
|-heal|p1a: Ferrothorn|54/100|[from] item: Leftovers
|-damage|p2a: Landorus|84/100|[from] Leech Seed|[of] p1a: Ferrothorn
|-heal|p1a: Ferrothorn|67/100|[silent]
|upkeep
|turn|15
|
|t:|1641700597
|switch|p2a: Clefable|Clefable, F|100/100
|move|p1a: Ferrothorn|Power Whip|p2a: Clefable
|-damage|p2a: Clefable|73/100
|
|-heal|p1a: Ferrothorn|74/100|[from] item: Leftovers
|upkeep
|turn|16
|
|t:|1641700607
|switch|p2a: Landorus|Landorus-Therian, M|84/100
|-ability|p2a: Landorus|Intimidate|boost
|-unboost|p1a: Ferrothorn|atk|1
|switch|p1a: Heatran|Heatran, M|100/100
|
|-heal|p2a: Landorus|90/100|[from] item: Leftovers
|upkeep
|turn|17
|
|t:|1641700618
|switch|p1a: Ferrothorn|Ferrothorn, M|74/100
|move|p2a: Landorus|Earthquake|p1a: Ferrothorn
|-damage|p1a: Ferrothorn|45/100
|
|-heal|p2a: Landorus|96/100|[from] item: Leftovers
|-heal|p1a: Ferrothorn|51/100|[from] item: Leftovers
|upkeep
|turn|18
|
|t:|1641700623
|move|p2a: Landorus|Earthquake|p1a: Ferrothorn
|-damage|p1a: Ferrothorn|22/100
|move|p1a: Ferrothorn|Leech Seed|p2a: Landorus
|-start|p2a: Landorus|move: Leech Seed
|
|-heal|p2a: Landorus|100/100|[from] item: Leftovers
|-heal|p1a: Ferrothorn|28/100|[from] item: Leftovers
|-damage|p2a: Landorus|88/100|[from] Leech Seed|[of] p1a: Ferrothorn
|-heal|p1a: Ferrothorn|41/100|[silent]
|upkeep
|turn|19
|
|t:|1641700626
|switch|p1a: Landorus|Landorus-Therian, M|100/100
|-ability|p1a: Landorus|Intimidate|boost
|-unboost|p2a: Landorus|atk|1
|move|p2a: Landorus|Earthquake|p1a: Landorus
|-immune|p1a: Landorus
|
|-heal|p2a: Landorus|94/100|[from] item: Leftovers
|-damage|p2a: Landorus|82/100|[from] Leech Seed|[of] p1a: Landorus
|upkeep
|turn|20
|
|t:|1641700631
|move|p1a: Landorus|Toxic|p2a: Landorus
|-status|p2a: Landorus|tox
|move|p2a: Landorus|Defog|p1a: Landorus
|-unboost|p1a: Landorus|evasion|1
|-sideend|p2: LECH24|Spikes|[from] move: Defog|[of] p2a: Landorus
|
|-heal|p2a: Landorus|88/100 tox|[from] item: Leftovers
|-damage|p2a: Landorus|76/100 tox|[from] Leech Seed|[of] p1a: Landorus
|-damage|p2a: Landorus|70/100 tox|[from] psn
|upkeep
|turn|21
|
|t:|1641700640
|switch|p2a: Tapu Koko|Tapu Koko|100/100
|-fieldstart|move: Electric Terrain|[from] ability: Electric Surge|[of] p2a: Tapu Koko
|move|p1a: Landorus|U-turn|p2a: Tapu Koko
|-resisted|p2a: Tapu Koko
|-damage|p2a: Tapu Koko|84/100
|
|t:|1641700651
|switch|p1a: Ferrothorn|Ferrothorn, M|41/100|[from]move: U-turn
|
|-heal|p1a: Ferrothorn|47/100|[from] item: Leftovers
|upkeep
|turn|22
|
|t:|1641700656
|switch|p1a: Landorus|Landorus-Therian, M|100/100
|-ability|p1a: Landorus|Intimidate|boost
|-unboost|p2a: Tapu Koko|atk|1
|move|p2a: Tapu Koko|Volt Switch|p1a: Landorus
|-immune|p1a: Landorus
|
|upkeep
|turn|23
|
|t:|1641700664
|switch|p2a: Landorus|Landorus-Therian, M|70/100 tox
|-ability|p2a: Landorus|Intimidate|boost
|-unboost|p1a: Landorus|atk|1
|move|p1a: Landorus|Stealth Rock|p2a: Landorus
|-sidestart|p2: LECH24|move: Stealth Rock
|
|-heal|p2a: Landorus|76/100 tox|[from] item: Leftovers
|-damage|p2a: Landorus|70/100 tox|[from] psn
|upkeep
|turn|24
|
|t:|1641700667
|move|p1a: Landorus|U-turn|p2a: Landorus
|-resisted|p2a: Landorus
|-damage|p2a: Landorus|62/100 tox
|
|t:|1641700670
|switch|p1a: Ferrothorn|Ferrothorn, M|47/100|[from]move: U-turn
|move|p2a: Landorus|Stealth Rock|p1a: Ferrothorn
|-sidestart|p1: justatest123|move: Stealth Rock
|
|-heal|p2a: Landorus|68/100 tox|[from] item: Leftovers
|-heal|p1a: Ferrothorn|54/100|[from] item: Leftovers
|-damage|p2a: Landorus|56/100 tox|[from] psn
|upkeep
|turn|25
|inactive|justatest123 has 120 seconds left.
|
|t:|1641700709
|switch|p2a: Zarude|Zarude|100/100
|-damage|p2a: Zarude|88/100|[from] Stealth Rock
|switch|p1a: Landorus|Landorus-Therian, M|100/100
|-damage|p1a: Landorus|88/100|[from] Stealth Rock
|-ability|p1a: Landorus|Intimidate|boost
|-unboost|p2a: Zarude|atk|1
|
|-heal|p2a: Zarude|94/100|[from] item: Leftovers
|-heal|p1a: Landorus|94/100|[from] item: Leftovers
|-fieldend|move: Electric Terrain
|upkeep
|turn|26
|
|t:|1641700720
|switch|p2a: Melmetal|Melmetal|88/100
|-damage|p2a: Melmetal|82/100|[from] Stealth Rock
|move|p1a: Landorus|U-turn|p2a: Melmetal
|-resisted|p2a: Melmetal
|-damage|p2a: Melmetal|76/100
|j| Wicket Ticket
|inactive|justatest123 has 120 seconds left.
|j| Colonelo
|inactive|justatest123 has 90 seconds left.
|
|t:|1641700761
|switch|p1a: Ferrothorn|Ferrothorn, M|54/100|[from]move: U-turn
|-damage|p1a: Ferrothorn|47/100|[from] Stealth Rock
|
|-heal|p1a: Ferrothorn|54/100|[from] item: Leftovers
|upkeep
|turn|27
|
|t:|1641700765
|switch|p1a: Zapdos|Zapdos|83/100
|move|p2a: Melmetal|Ice Punch|p1a: Zapdos
|-supereffective|p1a: Zapdos
|-damage|p1a: Zapdos|25/100
|-status|p2a: Melmetal|par|[from] ability: Static|[of] p1a: Zapdos
|
|upkeep
|turn|28
|
|t:|1641700780
|move|p1a: Zapdos|Hurricane|p2a: Melmetal
|-resisted|p2a: Melmetal
|-damage|p2a: Melmetal|63/100 par
|move|p2a: Melmetal|Earthquake|p1a: Zapdos
|-immune|p1a: Zapdos
|
|upkeep
|turn|29
|
|t:|1641700790
|move|p1a: Zapdos|Roost|p1a: Zapdos
|-heal|p1a: Zapdos|75/100
|-singleturn|p1a: Zapdos|move: Roost
|move|p2a: Melmetal|Superpower|p1a: Zapdos
|-damage|p1a: Zapdos|42/100
|-unboost|p2a: Melmetal|atk|1
|-unboost|p2a: Melmetal|def|1
|
|upkeep
|turn|30
|inactive|justatest123 has 90 seconds left.
|
|t:|1641700812
|switch|p2a: Weavile|Weavile, F|100/100
|-ability|p2a: Weavile|Pressure
|move|p1a: Zapdos|Roost|p1a: Zapdos
|-heal|p1a: Zapdos|92/100
|-singleturn|p1a: Zapdos|move: Roost
|
|upkeep
|turn|31
|l| Wicket Ticket
|
|t:|1641700821
|move|p2a: Weavile|Swords Dance|p2a: Weavile
|-boost|p2a: Weavile|atk|2
|move|p1a: Zapdos|Volt Switch|p2a: Weavile
|-damage|p2a: Weavile|61/100
|
|t:|1641700823
|switch|p1a: Tapu Lele|Tapu Lele|100/100|[from]move: Volt Switch
|-damage|p1a: Tapu Lele|88/100|[from] Stealth Rock
|-fieldstart|move: Psychic Terrain|[from] ability: Psychic Surge|[of] p1a: Tapu Lele
|
|upkeep
|turn|32
|
|t:|1641700831
|switch|p2a: Melmetal|Melmetal|63/100 par
|-damage|p2a: Melmetal|57/100 par|[from] Stealth Rock
|move|p1a: Tapu Lele|Moonblast|p2a: Melmetal
|-resisted|p2a: Melmetal
|-damage|p2a: Melmetal|43/100 par
|
|upkeep
|turn|33
|
|t:|1641700846
|switch|p1a: Landorus|Landorus-Therian, M|94/100
|-damage|p1a: Landorus|82/100|[from] Stealth Rock
|-ability|p1a: Landorus|Intimidate|boost
|-unboost|p2a: Melmetal|atk|1
|switch|p2a: Weavile|Weavile, F|61/100
|-ability|p2a: Weavile|Pressure
|
|-heal|p1a: Landorus|88/100|[from] item: Leftovers
|upkeep
|turn|34
|
|t:|1641700856
|switch|p1a: Ferrothorn|Ferrothorn, M|54/100
|-damage|p1a: Ferrothorn|47/100|[from] Stealth Rock
|move|p2a: Weavile|Knock Off|p1a: Ferrothorn
|-damage|p1a: Ferrothorn|19/100
|-damage|p2a: Weavile|49/100|[from] ability: Iron Barbs|[of] p1a: Ferrothorn
|-enditem|p1a: Ferrothorn|Leftovers|[from] move: Knock Off|[of] p2a: Weavile
|
|upkeep
|turn|35
|
|t:|1641700869
|move|p2a: Weavile|Knock Off|p1a: Ferrothorn
|-damage|p1a: Ferrothorn|0 fnt
|-damage|p2a: Weavile|36/100|[from] ability: Iron Barbs|[of] p1a: Ferrothorn
|faint|p1a: Ferrothorn
|
|-fieldend|move: Psychic Terrain
|upkeep
|
|t:|1641700883
|switch|p1a: Tapu Lele|Tapu Lele|88/100
|-damage|p1a: Tapu Lele|76/100|[from] Stealth Rock
|-fieldstart|move: Psychic Terrain|[from] ability: Psychic Surge|[of] p1a: Tapu Lele
|turn|36
|j| georgiethefirst
|j| Confusien
|inactive|LECH24 has 120 seconds left.
|j| Fusien
|
|t:|1641700941
|switch|p2a: Landorus|Landorus-Therian, M|56/100 tox
|-damage|p2a: Landorus|43/100 tox|[from] Stealth Rock
|-ability|p2a: Landorus|Intimidate|boost
|-unboost|p1a: Tapu Lele|atk|1
|move|p1a: Tapu Lele|Moonblast|p2a: Landorus
|-damage|p2a: Landorus|6/100 tox
|
|-heal|p2a: Landorus|12/100 tox|[from] item: Leftovers
|-damage|p2a: Landorus|6/100 tox|[from] psn
|upkeep
|turn|37
|
|t:|1641700944
|move|p1a: Tapu Lele|Moonblast|p2a: Landorus
|-damage|p2a: Landorus|0 fnt
|faint|p2a: Landorus
|
|upkeep
|
|t:|1641700949
|switch|p2a: Melmetal|Melmetal|43/100 par
|-damage|p2a: Melmetal|37/100 par|[from] Stealth Rock
|turn|38
|
|t:|1641700960
|switch|p1a: Zapdos|Zapdos|92/100
|cant|p2a: Melmetal|par
|
|upkeep
|turn|39
|
|t:|1641700976
|move|p1a: Zapdos|Hurricane|p2a: Melmetal
|-resisted|p2a: Melmetal
|-damage|p2a: Melmetal|25/100 par
|move|p2a: Melmetal|Double Iron Bash|p1a: Zapdos
|-resisted|p1a: Zapdos
|-damage|p1a: Zapdos|76/100
|-resisted|p1a: Zapdos
|-damage|p1a: Zapdos|61/100
|-hitcount|p1a: Zapdos|2
|
|upkeep
|turn|40
|
|t:|1641700988
|move|p1a: Zapdos|Hurricane|p2a: Melmetal
|-resisted|p2a: Melmetal
|-damage|p2a: Melmetal|11/100 par
|cant|p2a: Melmetal|par
|
|-fieldend|move: Psychic Terrain
|upkeep
|turn|41
|inactive|LECH24 has 120 seconds left.
|
|t:|1641700996
|move|p1a: Zapdos|Volt Switch|p2a: Melmetal
|-crit|p2a: Melmetal
|-damage|p2a: Melmetal|0 fnt
|faint|p2a: Melmetal
|
|t:|1641701006
|switch|p1a: Tapu Lele|Tapu Lele|76/100|[from]move: Volt Switch
|-damage|p1a: Tapu Lele|63/100|[from] Stealth Rock
|-fieldstart|move: Psychic Terrain|[from] ability: Psychic Surge|[of] p1a: Tapu Lele
|
|upkeep
|
|t:|1641701014
|switch|p2a: Clefable|Clefable, F|73/100
|turn|42
|n| d21l|confusien
|
|t:|1641701030
|switch|p1a: Heatran|Heatran, M|100/100
|-damage|p1a: Heatran|88/100|[from] Stealth Rock
|move|p2a: Clefable|Soft-Boiled|p2a: Clefable
|-heal|p2a: Clefable|100/100
|
|-heal|p1a: Heatran|94/100|[from] item: Leftovers
|upkeep
|turn|43
|l| Fusien
|j| Fusien
|c|☆LECH24|Yea I can’t beat this mon
|c|☆LECH24|gg
|inactive|LECH24 has 120 seconds left.
|c|☆justatest123|gg
|-message|LECH24 forfeited.
|
|win|justatest123
|raw|justatest123's rating: 1697 &rarr; <strong>1714</strong><br />(+17 for winning)
|raw|LECH24's rating: 1644 &rarr; <strong>1627</strong><br />(-17 for losing)
|l| SilentDD
