|raw|<div class="broadcast-blue"><strong>This battle is required to be public due to a player having a name starting with 'lt92pf'.</div>
|j|☆Lt92pf fenomeno
|j|☆LT92PF Dasmer
|t:|1660319415
|gametype|singles
|player|p1|Lt92pf fenomeno|265|2082
|player|p2|LT92PF Dasmer|rei|2108
|teamsize|p1|6
|teamsize|p2|6
|gen|8
|tier|[Gen 8] OU
|rated|
|rule|Sleep Clause Mod: Limit one foe put to sleep
|rule|Species Clause: Limit one of each Pokémon
|rule|OHKO Clause: OHKO moves are banned
|rule|Evasion Items Clause: Evasion items are banned
|rule|Evasion Moves Clause: Evasion moves are banned
|rule|Endless Battle Clause: Forcing endless battles is banned
|rule|HP Percentage Mod: HP is shown in percentages
|rule|Dynamax Clause: You cannot dynamax
|clearpoke
|poke|p1|Toxapex, M|
|poke|p1|Clefable, F|
|poke|p1|Tornadus-Therian, M|
|poke|p1|Chansey, F|
|poke|p1|Corviknight, F|
|poke|p1|Hippowdon, M|
|poke|p2|Garchomp, F|
|poke|p2|Skarmory, M|
|poke|p2|Rotom-Wash|
|poke|p2|Slowking-Galar, F|
|poke|p2|Ferrothorn, F|
|poke|p2|Weavile, F|
|teampreview
|j| MAGAO2020
|j| climatechange=hoax
|j| egal★vanc
|j| chokst du
|j| AG Masterclass
|j| d18l
|j| Serpi n_n
|j| Peter's Aviation
|
|t:|1660319431
|start
|switch|p1a: Tornadus|Tornadus-Therian, M|100/100
|switch|p2a: Slowking|Slowking-Galar, F|100/100
|turn|1
|j| IPF
|j| clean cuts
|j| Boulicrok
|j| guille14
|j| flygon1908
|j| maeve68
|j| biased pog
|j| LT92PF Sunny
|j| odin77
|j| CM Reuniclus
|j|+Tuthur
|j| Smash Time steez
|j| crosschampion
|j| Chaitanya
|
|t:|1660319439
|switch|p1a: Chansey|Chansey, F|100/100
|switch|p2a: Rotom|Rotom-Wash|100/100
|
|upkeep
|turn|2
|j| Beka ❤
|j| LT92PF Aniruddh
|
|t:|1660319445
|switch|p2a: Ferrothorn|Ferrothorn, F|100/100
|switch|p1a: Hippowdon|Hippowdon, M|100/100
|-weather|Sandstorm|[from] ability: Sand Stream|[of] p1a: Hippowdon
|
|-weather|Sandstorm|[upkeep]
|upkeep
|turn|3
|j| irgendwasmitmeeem
|
|t:|1660319449
|switch|p1a: Tornadus|Tornadus-Therian, M|100/100
|move|p2a: Ferrothorn|Knock Off|p1a: Tornadus
|-damage|p1a: Tornadus|73/100
|-enditem|p1a: Tornadus|Heavy-Duty Boots|[from] move: Knock Off|[of] p2a: Ferrothorn
|
|-weather|Sandstorm|[upkeep]
|-damage|p1a: Tornadus|66/100|[from] Sandstorm
|upkeep
|turn|4
|j| justamente
|j| StarGalxie
|j| Rhymeee
|j| LT92PF carmen
|j| LT92PF dragonnb
|j| xuwuhanjun
|j| lt92pf velcro
|
|t:|1660319460
|switch|p2a: Rotom|Rotom-Wash|100/100
|move|p1a: Tornadus|Focus Blast|p2a: Rotom
|-damage|p2a: Rotom|61/100
|-unboost|p2a: Rotom|spd|1
|
|-weather|Sandstorm|[upkeep]
|-damage|p1a: Tornadus|60/100|[from] Sandstorm
|-damage|p2a: Rotom|55/100|[from] Sandstorm
|-heal|p2a: Rotom|61/100|[from] item: Leftovers
|upkeep
|turn|5
|j| Curryisnotgood
|
|t:|1660319477
|switch|p1a: Hippowdon|Hippowdon, M|100/100
|move|p2a: Rotom|Pain Split|p1a: Hippowdon
|-sethp|p1a: Hippowdon|72/100|[from] move: Pain Split|[silent]
|-sethp|p2a: Rotom|99/100|[from] move: Pain Split
|
|-weather|Sandstorm|[upkeep]
|-damage|p2a: Rotom|94/100|[from] Sandstorm
|-heal|p2a: Rotom|99/100|[from] item: Leftovers
|-heal|p1a: Hippowdon|79/100|[from] item: Leftovers
|upkeep
|turn|6
|j| shutthefuckupsaint
|j| dragonitenb
|
|t:|1660319493
|move|p2a: Rotom|Hydro Pump|p1a: Hippowdon
|-supereffective|p1a: Hippowdon
|-damage|p1a: Hippowdon|11/100
|move|p1a: Hippowdon|Stealth Rock|p2a: Rotom
|-sidestart|p2: LT92PF Dasmer|move: Stealth Rock
|
|-weather|none
|-heal|p2a: Rotom|100/100|[from] item: Leftovers
|-heal|p1a: Hippowdon|17/100|[from] item: Leftovers
|upkeep
|turn|7
|
|t:|1660319498
|move|p2a: Rotom|Hydro Pump|p1a: Hippowdon
|-supereffective|p1a: Hippowdon
|-damage|p1a: Hippowdon|0 fnt
|faint|p1a: Hippowdon
|
|upkeep
|
|t:|1660319502
|switch|p1a: Tornadus|Tornadus-Therian, M|93/100
|turn|8
|
|t:|1660319509
|move|p1a: Tornadus|Focus Blast|p2a: Rotom|[miss]
|-miss|p1a: Tornadus|p2a: Rotom
|move|p2a: Rotom|Discharge|p1a: Tornadus
|-supereffective|p1a: Tornadus
|-damage|p1a: Tornadus|19/100
|-status|p1a: Tornadus|par
|
|upkeep
|turn|9
|l| dragonitenb
|l| biased pog
|j| Enzonana
|
|t:|1660319513
|switch|p1a: Chansey|Chansey, F|100/100
|move|p2a: Rotom|Discharge|p1a: Chansey
|-damage|p1a: Chansey|89/100
|-status|p1a: Chansey|par
|
|upkeep
|turn|10
|
|t:|1660319519
|switch|p2a: Slowking|Slowking-Galar, F|100/100
|move|p1a: Chansey|Heal Bell|p1a: Chansey
|-activate|p1a: Chansey|move: Heal Bell
|-curestatus|p1a: Chansey|par|[msg]
|-curestatus|p1: Tornadus|par|[msg]
|
|upkeep
|turn|11
|
|t:|1660319534
|move|p1a: Chansey|Thunder Wave|p2a: Slowking
|-status|p2a: Slowking|par
|move|p2a: Slowking|Nasty Plot|p2a: Slowking
|-boost|p2a: Slowking|spa|2
|
|upkeep
|turn|12
|j| LT92PF Raizen
|
|t:|1660319538
|move|p1a: Chansey|Seismic Toss|p2a: Slowking
|-damage|p2a: Slowking|75/100 par
|move|p2a: Slowking|Psyshock|p1a: Chansey
|-crit|p1a: Chansey
|-damage|p1a: Chansey|23/100
|
|upkeep
|turn|13
|
|t:|1660319541
|move|p1a: Chansey|Soft-Boiled|p1a: Chansey
|-heal|p1a: Chansey|73/100
|move|p2a: Slowking|Psyshock|p1a: Chansey
|-damage|p1a: Chansey|23/100
|
|upkeep
|turn|14
|
|t:|1660319543
|move|p1a: Chansey|Soft-Boiled|p1a: Chansey
|-heal|p1a: Chansey|73/100
|move|p2a: Slowking|Nasty Plot|p2a: Slowking
|-boost|p2a: Slowking|spa|2
|
|upkeep
|turn|15
|l| Beka ❤
|n| LT92PF chait|chaitanya
|
|t:|1660319568
|switch|p1a: Clefable|Clefable, F|100/100
|move|p2a: Slowking|Psyshock|p1a: Clefable
|-damage|p1a: Clefable|72/100
|
|-heal|p1a: Clefable|78/100|[from] item: Leftovers
|upkeep
|turn|16
|
|t:|1660319570
|move|p1a: Clefable|Calm Mind|p1a: Clefable
|-boost|p1a: Clefable|spa|1
|-boost|p1a: Clefable|spd|1
|move|p2a: Slowking|Psyshock|p1a: Clefable
|-damage|p1a: Clefable|52/100
|
|-heal|p1a: Clefable|58/100|[from] item: Leftovers
|upkeep
|turn|17
|
|t:|1660319575
|switch|p2a: Ferrothorn|Ferrothorn, F|100/100
|-damage|p2a: Ferrothorn|94/100|[from] Stealth Rock
|move|p1a: Clefable|Soft-Boiled|p1a: Clefable
|-heal|p1a: Clefable|100/100
|
|-heal|p2a: Ferrothorn|100/100|[from] item: Leftovers
|upkeep
|turn|18
|j|+abd1710
|j| sky high sundae
|
|t:|1660319589
|move|p1a: Clefable|Flamethrower|p2a: Ferrothorn
|-supereffective|p2a: Ferrothorn
|-damage|p2a: Ferrothorn|28/100
|move|p2a: Ferrothorn|Knock Off|p1a: Clefable
|-resisted|p1a: Clefable
|-damage|p1a: Clefable|92/100
|-enditem|p1a: Clefable|Leftovers|[from] move: Knock Off|[of] p2a: Ferrothorn
|
|-heal|p2a: Ferrothorn|34/100|[from] item: Leftovers
|upkeep
|turn|19
|
|t:|1660319596
|switch|p2a: Rotom|Rotom-Wash|100/100
|-damage|p2a: Rotom|88/100|[from] Stealth Rock
|move|p1a: Clefable|Calm Mind|p1a: Clefable
|-boost|p1a: Clefable|spa|1
|-boost|p1a: Clefable|spd|1
|
|-heal|p2a: Rotom|94/100|[from] item: Leftovers
|upkeep
|turn|20
|j| LT92PF MetaMence
|l| AG Masterclass
|
|t:|1660319606
|move|p2a: Rotom|Discharge|p1a: Clefable
|-damage|p1a: Clefable|77/100
|move|p1a: Clefable|Moonblast|p2a: Rotom
|-damage|p2a: Rotom|26/100
|-unboost|p2a: Rotom|spa|1
|
|-heal|p2a: Rotom|32/100|[from] item: Leftovers
|upkeep
|turn|21
|
|t:|1660319613
|move|p2a: Rotom|Pain Split|p1a: Clefable
|-sethp|p1a: Clefable|51/100|[from] move: Pain Split|[silent]
|-sethp|p2a: Rotom|66/100|[from] move: Pain Split
|move|p1a: Clefable|Moonblast|p2a: Rotom
|-damage|p2a: Rotom|5/100
|
|-heal|p2a: Rotom|11/100|[from] item: Leftovers
|upkeep
|turn|22
|j| hariyana grande
|l| clean cuts
|
|t:|1660319627
|move|p2a: Rotom|Discharge|p1a: Clefable
|-damage|p1a: Clefable|36/100
|-status|p1a: Clefable|par
|move|p1a: Clefable|Soft-Boiled|p1a: Clefable
|-heal|p1a: Clefable|86/100 par
|
|-heal|p2a: Rotom|17/100|[from] item: Leftovers
|upkeep
|turn|23
|
|t:|1660319651
|move|p2a: Rotom|Pain Split|p1a: Clefable
|-sethp|p1a: Clefable|49/100 par|[from] move: Pain Split|[silent]
|-sethp|p2a: Rotom|64/100|[from] move: Pain Split
|move|p1a: Clefable|Calm Mind|p1a: Clefable
|-boost|p1a: Clefable|spa|1
|-boost|p1a: Clefable|spd|1
|
|-heal|p2a: Rotom|70/100|[from] item: Leftovers
|upkeep
|turn|24
|c| egal★vanc|congrats dasmer
|
|t:|1660319676
|move|p2a: Rotom|Discharge|p1a: Clefable
|-damage|p1a: Clefable|36/100 par
|cant|p1a: Clefable|par
|
|-heal|p2a: Rotom|76/100|[from] item: Leftovers
|upkeep
|turn|25
|l| shutthefuckupsaint
|j| Wish i was gud
|
|t:|1660319712
|switch|p2a: Slowking|Slowking-Galar, F|100/100 par
|move|p1a: Clefable|Soft-Boiled|p1a: Clefable
|-heal|p1a: Clefable|86/100 par
|
|upkeep
|turn|26
|c| justamente|Que ego tienes egal para felicitarte a ti mismo
|
|t:|1660319733
|cant|p1a: Clefable|par
|move|p2a: Slowking|Psyshock|p1a: Clefable
|-damage|p1a: Clefable|57/100 par
|
|upkeep
|turn|27
|j| Rey02
|
|t:|1660319760
|move|p1a: Clefable|Soft-Boiled|p1a: Clefable
|-heal|p1a: Clefable|100/100 par
|cant|p2a: Slowking|par
|
|upkeep
|turn|28
|j| ALlCE
|j| atvin
|l| LT92PF Aniruddh
|j| dragonitenb
|l| Rey02
|l| LT92PF chait
|
|t:|1660319790
|move|p1a: Clefable|Calm Mind|p1a: Clefable
|-boost|p1a: Clefable|spa|1
|-boost|p1a: Clefable|spd|1
|move|p2a: Slowking|Psyshock|p1a: Clefable
|-damage|p1a: Clefable|74/100 par
|
|upkeep
|turn|29
|j| reionatro
|j| xujing691691
|j| Livio el Tito
|l| LT92PF dragonnb
|c| justamente|Dasmer tienes q jugar otra
|l| lt92pf velcro
|j| LT92PF Shurt
|l| LT92PF Shurt
|j|+Ox the Fox
|l| Wish i was gud
|inactive|Battle timer is ON: inactive players will automatically lose when time's up. (requested by Lt92pf fenomeno)
|l| IPF
|j| LT92PF Black Lotus
|j| DuGuo
|l| xuwuhanjun
|c| egal★vanc|no dasmer
|c| egal★vanc|no tienes que jugar otra
|c| egal★vanc|creo
|j| LT92P Fever
|inactive|LT92PF Dasmer has 120 seconds left.
|c| justamente|Está out
|c| justamente|Rn
|j|+Raiza
|
|t:|1660319924
|move|p1a: Clefable|Soft-Boiled|p1a: Clefable
|-heal|p1a: Clefable|100/100 par
|move|p2a: Slowking|Psyshock|p1a: Clefable
|-damage|p1a: Clefable|73/100 par
|
|upkeep
|turn|30
|j| Rey02
|c|☆Lt92pf fenomeno|dasmer
|c|☆Lt92pf fenomeno|why you do that
|inactive|LT92PF Dasmer has 120 seconds left.
|j| Cclm
|
|t:|1660319962
|move|p1a: Clefable|Flamethrower|p2a: Slowking
|-crit|p2a: Slowking
|-damage|p2a: Slowking|30/100 par
|cant|p2a: Slowking|par
|
|upkeep
|turn|31
|inactive|LT92PF Dasmer has 120 seconds left.
|
|t:|1660319981
|move|p1a: Clefable|Soft-Boiled|p1a: Clefable
|-heal|p1a: Clefable|100/100 par
|move|p2a: Slowking|Psyshock|p1a: Clefable
|-damage|p1a: Clefable|74/100 par
|
|upkeep
|turn|32
|c| justamente|Encima mala persona
|c| justamente|Egal no esperaba esto de ti
|n| DuGuo|duguo
|l| DuGuo
|inactive|LT92PF Dasmer has 90 seconds left.
|l|+Tuthur
|l| d18l
|l| MAGAO2020
|inactive|LT92PF Dasmer has 60 seconds left.
|-message|LT92PF Dasmer forfeited.
|
|win|Lt92pf fenomeno
|raw|Lt92pf fenomeno's rating: 2082 &rarr; <strong>2105</strong><br />(+23 for winning)
|raw|LT92PF Dasmer's rating: 2128 &rarr; <strong>2105</strong><br />(-23 for losing)
|l|☆LT92PF Dasmer
|l| chokst du
|l| LT92PF Sunny
|l| Cclm
|l| ALlCE
|l| odin77
|l| atvin
|l| CM Reuniclus
|j| AG Masterclass
|l| AG Masterclass
|l| StarGalxie
|l|+Raiza
|l| LT92PF Black Lotus
|l| LT92P Fever
||Ladder isn't responding, score probably updated but might not have (Request timeout).
|l| Peter's Aviation
|l|+abd1710
|j| zaydapoketrainer
|l|+Ox the Fox
|l| guille14
|j|+Raiza
|j| zftfctzdfof
|l| maeve68
|l| Boulicrok
|l|+Raiza
|l| egal★vanc
|l| LT92PF MetaMence
|j| bulletproof luh
|l| irgendwasmitmeeem
|l| bulletproof luh
|l| Rey02
|l| Serpi n_n
|j| Musashi 109
|l|lt92pffenomeno
|l| zaydapoketrainer
|l| zftfctzdfof
|l| Musashi 109
|l| xujing691691
