|html|<div class="broadcast-blue"><strong>[Gen 8] OU is currently suspecting Melmetal! For information on how to participate check out the <a href="https://www.smogon.com/forums/threads/np-ss-ou-suspect-process-round-12-monster-mash.3709234/">suspect thread</a>.</strong></div>
|j|☆will-i-am2
|j|☆Thedebatablereaper
|t:|1665943238
|gametype|singles
|player|p1|will-i-am2|102|1915
|player|p2|Thedebatablereaper|2|1633
|teamsize|p1|6
|teamsize|p2|6
|gen|8
|tier|[Gen 8] OU
|rated|
|rule|Sleep Clause Mod: Limit one foe put to sleep
|rule|Species Clause: Limit one of each Pokémon
|rule|OHKO Clause: OHKO moves are banned
|rule|Evasion Items Clause: Evasion items are banned
|rule|Evasion Moves Clause: Evasion moves are banned
|rule|Endless Battle Clause: Forcing endless battles is banned
|rule|HP Percentage Mod: HP is shown in percentages
|rule|Dynamax Clause: You cannot dynamax
|clearpoke
|poke|p1|Registeel|
|poke|p1|Hydreigon, F|
|poke|p1|Slowbro, F|
|poke|p1|Mandibuzz, F|
|poke|p1|Mamoswine, M|
|poke|p1|Mimikyu, M|
|poke|p2|Dragapult, F|
|poke|p2|Heatran, M|
|poke|p2|Sharpedo, M|
|poke|p2|Rillaboom, M|
|poke|p2|Landorus-Therian, M|
|poke|p2|Blaziken, M|
|teampreview
|inactive|Battle timer is ON: inactive players will automatically lose when time's up. (requested by will-i-am2)
|
|t:|1665943276
|start
|switch|p1a: Mamoswine|Mamoswine, M|100/100
|switch|p2a: Sharpedo|Sharpedo, M|100/100
|turn|1
|j| Waziao
|inactive|will-i-am2 has 120 seconds left.
|
|t:|1665943312
|switch|p1a: Mandibuzz|Mandibuzz, F|100/100
|move|p2a: Sharpedo|Hydro Pump|p1a: Mandibuzz
|-damage|p1a: Mandibuzz|45/100
|-damage|p2a: Sharpedo|91/100|[from] item: Life Orb
|
|-ability|p2a: Sharpedo|Speed Boost|boost
|-boost|p2a: Sharpedo|spe|1
|upkeep
|turn|2
|inactive|will-i-am2 has 120 seconds left.
|
|t:|1665943320
|move|p2a: Sharpedo|Hydro Pump|p1a: Mandibuzz
|-damage|p1a: Mandibuzz|0 fnt
|faint|p1a: Mandibuzz
|-damage|p2a: Sharpedo|81/100|[from] item: Life Orb
|
|-ability|p2a: Sharpedo|Speed Boost|boost
|-boost|p2a: Sharpedo|spe|1
|upkeep
|j| Youressi
|inactive|will-i-am2 has 120 seconds left.
|
|t:|1665943325
|switch|p1a: Mimikyu|Mimikyu, M|100/100
|turn|3
|
|t:|1665943329
|switch|p2a: Landorus|Landorus-Therian, M|100/100
|-ability|p2a: Landorus|Intimidate|boost
|-unboost|p1a: Mimikyu|atk|1
|switch|p1a: Mamoswine|Mamoswine, M|100/100
|
|upkeep
|turn|4
|
|t:|1665943337
|move|p1a: Mamoswine|Icicle Crash|p2a: Landorus
|-supereffective|p2a: Landorus
|-damage|p2a: Landorus|0 fnt
|faint|p2a: Landorus
|
|upkeep
|
|t:|1665943341
|switch|p2a: Sharpedo|Sharpedo, M|81/100
|turn|5
|
|t:|1665943347
|switch|p1a: Slowbro|Slowbro, F|100/100
|move|p2a: Sharpedo|Hydro Pump|p1a: Slowbro
|-resisted|p1a: Slowbro
|-damage|p1a: Slowbro|67/100
|-damage|p2a: Sharpedo|71/100|[from] item: Life Orb
|
|-heal|p1a: Slowbro|73/100|[from] item: Leftovers
|-ability|p2a: Sharpedo|Speed Boost|boost
|-boost|p2a: Sharpedo|spe|1
|upkeep
|turn|6
|
|t:|1665943357
|switch|p1a: Hydreigon|Hydreigon, F|100/100
|move|p2a: Sharpedo|Dark Pulse|p1a: Hydreigon
|-resisted|p1a: Hydreigon
|-damage|p1a: Hydreigon|73/100
|-damage|p2a: Sharpedo|61/100|[from] item: Life Orb
|
|-ability|p2a: Sharpedo|Speed Boost|boost
|-boost|p2a: Sharpedo|spe|1
|upkeep
|turn|7
|
|t:|1665943370
|move|p2a: Sharpedo|Close Combat|p1a: Hydreigon
|-supereffective|p1a: Hydreigon
|-damage|p1a: Hydreigon|0 fnt
|-unboost|p2a: Sharpedo|def|1
|-unboost|p2a: Sharpedo|spd|1
|faint|p1a: Hydreigon
|-damage|p2a: Sharpedo|51/100|[from] item: Life Orb
|
|-ability|p2a: Sharpedo|Speed Boost|boost
|-boost|p2a: Sharpedo|spe|1
|upkeep
|
|t:|1665943373
|switch|p1a: Mimikyu|Mimikyu, M|100/100
|turn|8
|
|t:|1665943384
|switch|p2a: Heatran|Heatran, M|100/100
|move|p1a: Mimikyu|Swords Dance|p1a: Mimikyu
|-boost|p1a: Mimikyu|atk|2
|
|upkeep
|turn|9
|
|t:|1665943396
|move|p1a: Mimikyu|Swords Dance|p1a: Mimikyu
|-boost|p1a: Mimikyu|atk|2
|move|p2a: Heatran|Earth Power|p1a: Mimikyu
|-activate|p1a: Mimikyu|ability: Disguise
|-damage|p1a: Mimikyu|100/100
|detailschange|p1a: Mimikyu|Mimikyu-Busted, M
|-damage|p1a: Mimikyu|88/100|[from] pokemon: Mimikyu-Busted
|
|upkeep
|turn|10
|
|t:|1665943406
|move|p1a: Mimikyu|Drain Punch|p2a: Heatran
|-supereffective|p2a: Heatran
|-damage|p2a: Heatran|0 fnt
|-heal|p1a: Mimikyu|100/100|[from] drain|[of] p2a: Heatran
|faint|p2a: Heatran
|-damage|p1a: Mimikyu|91/100|[from] item: Life Orb
|
|upkeep
|
|t:|1665943413
|switch|p2a: Rillaboom|Rillaboom, M|100/100
|-fieldstart|move: Grassy Terrain|[from] ability: Grassy Surge|[of] p2a: Rillaboom
|turn|11
|j| Lechonked
|inactive|will-i-am2 has 120 seconds left.
|l| Lechonked
|
|t:|1665943458
|move|p2a: Rillaboom|Grassy Glide|p1a: Mimikyu
|-damage|p1a: Mimikyu|0 fnt
|faint|p1a: Mimikyu
|-damage|p2a: Rillaboom|91/100|[from] item: Life Orb
|
|-heal|p2a: Rillaboom|97/100|[from] Grassy Terrain
|upkeep
|
|t:|1665943466
|switch|p1a: Registeel|Registeel|100/100
|turn|12
|
|t:|1665943475
|move|p2a: Rillaboom|Swords Dance|p2a: Rillaboom
|-boost|p2a: Rillaboom|atk|2
|move|p1a: Registeel|Thunder Wave|p2a: Rillaboom
|-status|p2a: Rillaboom|par
|
|-heal|p2a: Rillaboom|100/100 par|[from] Grassy Terrain
|upkeep
|turn|13
|
|t:|1665943482
|move|p1a: Registeel|Stealth Rock|p2a: Rillaboom
|-sidestart|p2: Thedebatablereaper|move: Stealth Rock
|move|p2a: Rillaboom|Superpower|p1a: Registeel
|-supereffective|p1a: Registeel
|-damage|p1a: Registeel|0 fnt
|-unboost|p2a: Rillaboom|atk|1
|-unboost|p2a: Rillaboom|def|1
|faint|p1a: Registeel
|-damage|p2a: Rillaboom|91/100 par|[from] item: Life Orb
|
|-heal|p2a: Rillaboom|97/100 par|[from] Grassy Terrain
|upkeep
|l|☆will-i-am2
|inactive|will-i-am2 disconnected and has a minute to reconnect!
|player|p1|
|j| cypherstest
|j|☆will-i-am2
|inactive|will-i-am2 reconnected and has 120 seconds left.
|player|p1|will-i-am2|102
|
|t:|1665943499
|switch|p1a: Mamoswine|Mamoswine, M|100/100
|turn|14
|l| Waziao
|l|☆will-i-am2
|inactive|will-i-am2 disconnected and has a minute to reconnect!
|player|p1|
|j| Jongruenwald
|j|☆will-i-am2
|inactive|will-i-am2 reconnected and has 120 seconds left.
|player|p1|will-i-am2|102
|l|☆will-i-am2
|inactive|will-i-am2 disconnected and has a minute to reconnect!
|player|p1|
|j|☆will-i-am2
|inactive|will-i-am2 reconnected and has 110 seconds left.
|player|p1|will-i-am2|102
|l|☆will-i-am2
|inactive|will-i-am2 disconnected and has a minute to reconnect!
|player|p1|
|j|☆will-i-am2
|inactive|will-i-am2 reconnected and has 95 seconds left.
|player|p1|will-i-am2|102
|inactive|will-i-am2 has 90 seconds left.
|
|t:|1665943535
|move|p1a: Mamoswine|Ice Shard|p2a: Rillaboom
|-supereffective|p2a: Rillaboom
|-damage|p2a: Rillaboom|0 fnt
|faint|p2a: Rillaboom
|
|upkeep
|
|t:|1665943539
|switch|p2a: Blaziken|Blaziken, M|100/100
|-damage|p2a: Blaziken|88/100|[from] Stealth Rock
|turn|15
|
|t:|1665943543
|switch|p1a: Slowbro|Slowbro, F|100/100
|move|p2a: Blaziken|Swords Dance|p2a: Blaziken
|-boost|p2a: Blaziken|atk|2
|
|-heal|p2a: Blaziken|94/100|[from] Grassy Terrain
|-fieldend|move: Grassy Terrain
|-ability|p2a: Blaziken|Speed Boost|boost
|-boost|p2a: Blaziken|spe|1
|upkeep
|turn|16
|
|t:|1665943552
|move|p2a: Blaziken|Thunder Punch|p1a: Slowbro
|-supereffective|p1a: Slowbro
|-damage|p1a: Slowbro|17/100
|move|p1a: Slowbro|Trick Room|p1a: Slowbro
|-fieldstart|move: Trick Room|[of] p1a: Slowbro
|
|-heal|p1a: Slowbro|23/100|[from] item: Leftovers
|-ability|p2a: Blaziken|Speed Boost|boost
|-boost|p2a: Blaziken|spe|1
|upkeep
|turn|17
|
|t:|1665943565
|switch|p2a: Dragapult|Dragapult, F|100/100
|-damage|p2a: Dragapult|88/100|[from] Stealth Rock
|move|p1a: Slowbro|Psychic|p2a: Dragapult
|-damage|p2a: Dragapult|30/100
|
|-heal|p1a: Slowbro|29/100|[from] item: Leftovers
|upkeep
|turn|18
|inactive|will-i-am2 has 120 seconds left.
|
|t:|1665943585
|switch|p2a: Sharpedo|Sharpedo, M|51/100
|-damage|p2a: Sharpedo|38/100|[from] Stealth Rock
|move|p1a: Slowbro|Psychic|p2a: Sharpedo
|-immune|p2a: Sharpedo
|
|-heal|p1a: Slowbro|36/100|[from] item: Leftovers
|upkeep
|turn|19
|inactive|will-i-am2 has 120 seconds left.
|
|t:|1665943601
|switch|p1a: Mamoswine|Mamoswine, M|100/100
|switch|p2a: Dragapult|Dragapult, F|30/100
|-damage|p2a: Dragapult|18/100|[from] Stealth Rock
|
|upkeep
|turn|20
|
|t:|1665943611
|move|p1a: Mamoswine|Earthquake|p2a: Dragapult
|-damage|p2a: Dragapult|0 fnt
|faint|p2a: Dragapult
|
|-fieldend|move: Trick Room
|upkeep
|
|t:|1665943616
|switch|p2a: Sharpedo|Sharpedo, M|38/100
|-damage|p2a: Sharpedo|26/100|[from] Stealth Rock
|turn|21
|
|t:|1665943630
|switch|p1a: Slowbro|Slowbro, F|69/100
|move|p2a: Sharpedo|Hydro Pump|p1a: Slowbro
|-resisted|p1a: Slowbro
|-damage|p1a: Slowbro|36/100
|-damage|p2a: Sharpedo|16/100|[from] item: Life Orb
|
|-heal|p1a: Slowbro|42/100|[from] item: Leftovers
|-ability|p2a: Sharpedo|Speed Boost|boost
|-boost|p2a: Sharpedo|spe|1
|upkeep
|turn|22
|
|t:|1665943640
|switch|p1a: Mamoswine|Mamoswine, M|100/100
|move|p2a: Sharpedo|Hydro Pump|p1a: Mamoswine|[miss]
|-miss|p2a: Sharpedo|p1a: Mamoswine
|
|-ability|p2a: Sharpedo|Speed Boost|boost
|-boost|p2a: Sharpedo|spe|1
|upkeep
|turn|23
|
|t:|1665943649
|move|p1a: Mamoswine|Ice Shard|p2a: Sharpedo
|-resisted|p2a: Sharpedo
|-damage|p2a: Sharpedo|0 fnt
|faint|p2a: Sharpedo
|
|upkeep
|
|t:|1665943653
|switch|p2a: Blaziken|Blaziken, M|94/100
|-damage|p2a: Blaziken|82/100|[from] Stealth Rock
|turn|24
|
|t:|1665943659
|switch|p1a: Slowbro|Slowbro, F|75/100
|move|p2a: Blaziken|Swords Dance|p2a: Blaziken
|-boost|p2a: Blaziken|atk|2
|
|-heal|p1a: Slowbro|81/100|[from] item: Leftovers
|-ability|p2a: Blaziken|Speed Boost|boost
|-boost|p2a: Blaziken|spe|1
|upkeep
|turn|25
|
|t:|1665943666
|switch|p1a: Mamoswine|Mamoswine, M|100/100
|move|p2a: Blaziken|Thunder Punch|p1a: Mamoswine
|-immune|p1a: Mamoswine
|
|-ability|p2a: Blaziken|Speed Boost|boost
|-boost|p2a: Blaziken|spe|1
|upkeep
|turn|26
|
|t:|1665943673
|move|p2a: Blaziken|Blaze Kick|p1a: Mamoswine
|-supereffective|p1a: Mamoswine
|-damage|p1a: Mamoswine|0 fnt
|faint|p1a: Mamoswine
|
|-ability|p2a: Blaziken|Speed Boost|boost
|-boost|p2a: Blaziken|spe|1
|upkeep
|
|t:|1665943676
|switch|p1a: Slowbro|Slowbro, F|100/100
|turn|27
|
|t:|1665943682
|move|p2a: Blaziken|Thunder Punch|p1a: Slowbro
|-supereffective|p1a: Slowbro
|-damage|p1a: Slowbro|8/100
|move|p1a: Slowbro|Psychic|p2a: Blaziken
|-supereffective|p2a: Blaziken
|-damage|p2a: Blaziken|0 fnt
|faint|p2a: Blaziken
|
|win|will-i-am2
|raw|will-i-am2's rating: 1915 &rarr; <strong>1922</strong><br />(+7 for winning)
|raw|Thedebatablereaper's rating: 1633 &rarr; <strong>1626</strong><br />(-7 for losing)
|l|☆Thedebatablereaper
