|j|☆IIIodyne
|j|☆Emblema de Fuego
|t:|1663994359
|gametype|singles
|player|p1|IIIodyne|265|1703
|player|p2|Emblema de Fuego|blue|1700
|teamsize|p1|6
|teamsize|p2|6
|gen|8
|tier|[Gen 8] OU
|rated|
|rule|Sleep Clause Mod: Limit one foe put to sleep
|rule|Species Clause: Limit one of each Pokémon
|rule|OHKO Clause: OHKO moves are banned
|rule|Evasion Items Clause: Evasion items are banned
|rule|Evasion Moves Clause: Evasion moves are banned
|rule|Endless Battle Clause: Forcing endless battles is banned
|rule|HP Percentage Mod: HP is shown in percentages
|rule|Dynamax Clause: You cannot dynamax
|clearpoke
|poke|p1|Snorlax, M|
|poke|p1|Suicune|
|poke|p1|Melmetal|
|poke|p1|Victini|
|poke|p1|Landorus-Therian, M|
|poke|p1|Zapdos|
|poke|p2|Marowak-Alola, M|
|poke|p2|Slowbro, M|
|poke|p2|Hatterene, F|
|poke|p2|Garchomp, M|
|poke|p2|Ferrothorn, M|
|poke|p2|Drampa, M|
|teampreview
|inactive|Battle timer is ON: inactive players will automatically lose when time's up. (requested by IIIodyne)
|
|t:|1663994388
|start
|switch|p1a: Suicune|Suicune|100/100
|switch|p2a: Thorns|Ferrothorn, M|100/100
|-ability|p1a: Suicune|Pressure
|turn|1
|j| Aliancista
|
|t:|1663994396
|switch|p1a: Zapdos|Zapdos|100/100
|move|p2a: Thorns|Power Whip|p1a: Zapdos
|-resisted|p1a: Zapdos
|-damage|p1a: Zapdos|81/100
|-status|p2a: Thorns|par|[from] ability: Static|[of] p1a: Zapdos
|
|upkeep
|turn|2
|
|t:|1663994406
|move|p1a: Zapdos|Volt Switch|p2a: Thorns
|-resisted|p2a: Thorns
|-damage|p2a: Thorns|89/100 par
|
|t:|1663994410
|switch|p1a: Victini|Victini|100/100|[from]move: Volt Switch
|move|p2a: Thorns|Stealth Rock|p1a: Victini
|-sidestart|p1: IIIodyne|move: Stealth Rock
|
|-heal|p2a: Thorns|96/100 par|[from] item: Leftovers
|upkeep
|turn|3
|j| bccahy
|
|t:|1663994418
|move|p1a: Victini|U-turn|p2a: Thorns
|-damage|p2a: Thorns|74/100 par
|-damage|p1a: Victini|88/100|[from] ability: Iron Barbs|[of] p2a: Thorns
|j| nightsuliu
|
|t:|1663994422
|switch|p1a: Zapdos|Zapdos|81/100|[from]move: U-turn
|move|p2a: Thorns|Leech Seed|p1a: Zapdos
|-start|p1a: Zapdos|move: Leech Seed
|
|-heal|p2a: Thorns|80/100 par|[from] item: Leftovers
|-damage|p1a: Zapdos|68/100|[from] Leech Seed|[of] p2a: Thorns
|-heal|p2a: Thorns|92/100 par|[silent]
|upkeep
|turn|4
|
|t:|1663994430
|switch|p2a: Sharko|Garchomp, M|100/100
|move|p1a: Zapdos|Defog|p2a: Sharko
|-unboost|p2a: Sharko|evasion|1
|-sideend|p1: IIIodyne|Stealth Rock|[from] move: Defog|[of] p1a: Zapdos
|
|-damage|p1a: Zapdos|56/100|[from] Leech Seed|[of] p2a: Sharko
|upkeep
|turn|5
|
|t:|1663994437
|move|p2a: Sharko|Swords Dance|p2a: Sharko
|-boost|p2a: Sharko|atk|2
|move|p1a: Zapdos|Hurricane|p2a: Sharko
|-damage|p2a: Sharko|32/100
|
|-heal|p2a: Sharko|38/100|[from] item: Leftovers
|-damage|p1a: Zapdos|44/100|[from] Leech Seed|[of] p2a: Sharko
|-heal|p2a: Sharko|51/100|[silent]
|upkeep
|turn|6
|
|t:|1663994446
|switch|p1a: Melmetal|Melmetal|100/100
|move|p2a: Sharko|Scale Shot|p1a: Melmetal
|-resisted|p1a: Melmetal
|-damage|p1a: Melmetal|92/100
|-resisted|p1a: Melmetal
|-damage|p1a: Melmetal|85/100
|-resisted|p1a: Melmetal
|-damage|p1a: Melmetal|77/100
|-resisted|p1a: Melmetal
|-damage|p1a: Melmetal|70/100
|-hitcount|p1a: Melmetal|4
|-unboost|p2a: Sharko|def|1
|-boost|p2a: Sharko|spe|1
|
|-heal|p2a: Sharko|57/100|[from] item: Leftovers
|upkeep
|turn|7
|
|t:|1663994470
|switch|p1a: Landorus|Landorus-Therian, M|100/100
|-ability|p1a: Landorus|Intimidate|boost
|-unboost|p2a: Sharko|atk|1
|move|p2a: Sharko|Earthquake|p1a: Landorus
|-immune|p1a: Landorus
|
|-heal|p2a: Sharko|63/100|[from] item: Leftovers
|upkeep
|turn|8
|
|t:|1663994478
|switch|p2a: Sonso|Slowbro, M|100/100
|move|p1a: Landorus|Earthquake|p2a: Sonso
|-damage|p2a: Sonso|65/100
|
|upkeep
|turn|9
|j| Revanism
|
|t:|1663994493
|switch|p1a: Zapdos|Zapdos|44/100
|move|p2a: Sonso|Trick Room|p2a: Sonso
|-fieldstart|move: Trick Room|[of] p2a: Sonso
|
|upkeep
|turn|10
|
|t:|1663994500
|switch|p2a: Falkor|Drampa, M|100/100
|move|p1a: Zapdos|Volt Switch|p2a: Falkor
|-resisted|p2a: Falkor
|-damage|p2a: Falkor|82/100
|l| nightsuliu
|
|t:|1663994507
|switch|p1a: Snorlax|Snorlax, M|100/100|[from]move: Volt Switch
|
|upkeep
|turn|11
|
|t:|1663994512
|move|p2a: Falkor|Focus Blast|p1a: Snorlax
|-supereffective|p1a: Snorlax
|-damage|p1a: Snorlax|52/100
|move|p1a: Snorlax|Curse|p1a: Snorlax
|-unboost|p1a: Snorlax|spe|1
|-boost|p1a: Snorlax|atk|1
|-boost|p1a: Snorlax|def|1
|
|-heal|p1a: Snorlax|58/100|[from] item: Leftovers
|upkeep
|turn|12
|
|t:|1663994522
|move|p1a: Snorlax|Body Slam|p2a: Falkor
|-damage|p2a: Falkor|31/100
|-status|p2a: Falkor|par
|-ability|p2a: Falkor|Berserk|boost
|-boost|p2a: Falkor|spa|1
|cant|p2a: Falkor|par
|
|-heal|p1a: Snorlax|64/100|[from] item: Leftovers
|upkeep
|turn|13
|c|☆Emblema de Fuego|come on!
|
|t:|1663994536
|switch|p1a: Landorus|Landorus-Therian, M|100/100
|-ability|p1a: Landorus|Intimidate|boost
|-unboost|p2a: Falkor|atk|1
|cant|p2a: Falkor|par
|
|-fieldend|move: Trick Room
|upkeep
|turn|14
|
|t:|1663994543
|switch|p2a: Sonso|Slowbro, M|98/100
|move|p1a: Landorus|Knock Off|p2a: Sonso
|-supereffective|p2a: Sonso
|-enditem|p2a: Sonso|Colbur Berry|[eat]
|-enditem|p2a: Sonso|Colbur Berry|[weaken]
|-damage|p2a: Sonso|78/100
|
|upkeep
|turn|15
|
|t:|1663994550
|switch|p1a: Zapdos|Zapdos|44/100
|move|p2a: Sonso|Scald|p1a: Zapdos
|-damage|p1a: Zapdos|15/100
|
|upkeep
|turn|16
|
|t:|1663994557
|switch|p2a: Sharko|Garchomp, M|63/100
|move|p1a: Zapdos|Volt Switch|p2a: Sharko
|-immune|p2a: Sharko
|
|-heal|p2a: Sharko|69/100|[from] item: Leftovers
|upkeep
|turn|17
|
|t:|1663994564
|switch|p1a: Suicune|Suicune|100/100
|-ability|p1a: Suicune|Pressure
|move|p2a: Sharko|Swords Dance|p2a: Sharko
|-boost|p2a: Sharko|atk|2
|
|-heal|p2a: Sharko|75/100|[from] item: Leftovers
|upkeep
|turn|18
|
|t:|1663994572
|move|p2a: Sharko|Swords Dance|p2a: Sharko
|-boost|p2a: Sharko|atk|2
|move|p1a: Suicune|Ice Beam|p2a: Sharko
|-supereffective|p2a: Sharko
|-damage|p2a: Sharko|0 fnt
|faint|p2a: Sharko
|
|upkeep
|
|t:|1663994591
|switch|p2a: Falkor|Drampa, M|31/100 par
|turn|19
|
|t:|1663994594
|move|p1a: Suicune|Ice Beam|p2a: Falkor
|-supereffective|p2a: Falkor
|-damage|p2a: Falkor|0 fnt
|faint|p2a: Falkor
|
|upkeep
|
|t:|1663994607
|switch|p2a: Thorns|Ferrothorn, M|92/100 par
|turn|20
|
|t:|1663994610
|switch|p1a: Zapdos|Zapdos|15/100
|move|p2a: Thorns|Leech Seed|p1a: Zapdos
|-start|p1a: Zapdos|move: Leech Seed
|
|-heal|p2a: Thorns|99/100 par|[from] item: Leftovers
|-damage|p1a: Zapdos|2/100|[from] Leech Seed|[of] p2a: Thorns
|-heal|p2a: Thorns|100/100 par|[silent]
|upkeep
|turn|21
|
|t:|1663994618
|move|p1a: Zapdos|Heat Wave|p2a: Thorns
|-supereffective|p2a: Thorns
|-damage|p2a: Thorns|11/100 par
|move|p2a: Thorns|Power Whip|p1a: Zapdos|[miss]
|-miss|p2a: Thorns|p1a: Zapdos
|
|-heal|p2a: Thorns|17/100 par|[from] item: Leftovers
|-damage|p1a: Zapdos|0 fnt|[from] Leech Seed|[of] p2a: Thorns
|-heal|p2a: Thorns|19/100 par|[silent]
|faint|p1a: Zapdos
|upkeep
|j| LT_Alt1
|
|t:|1663994623
|switch|p1a: Victini|Victini|88/100
|turn|22
|
|t:|1663994630
|switch|p2a: Sonso|Slowbro, M|100/100
|move|p1a: Victini|U-turn|p2a: Sonso
|-supereffective|p2a: Sonso
|-crit|p2a: Sonso
|-damage|p2a: Sonso|48/100
|
|t:|1663994645
|switch|p1a: Melmetal|Melmetal|70/100|[from]move: U-turn
|
|upkeep
|turn|23
|
|t:|1663994650
|switch|p2a: Billy B.|Marowak-Alola, M, shiny|100/100
|move|p1a: Melmetal|Thunder Punch|p2a: Billy B.
|-damage|p2a: Billy B.|61/100
|-status|p2a: Billy B.|par
|
|upkeep
|turn|24
|c|☆Emblema de Fuego|fuk u
|c|☆Emblema de Fuego|more ha
|
|t:|1663994667
|move|p1a: Melmetal|Earthquake|p2a: Billy B.
|-supereffective|p2a: Billy B.
|-damage|p2a: Billy B.|0 fnt
|faint|p2a: Billy B.
|
|upkeep
|-message|Emblema de Fuego forfeited.
|
|win|IIIodyne
|raw|IIIodyne's rating: 1703 &rarr; <strong>1723</strong><br />(+20 for winning)
|raw|Emblema de Fuego's rating: 1700 &rarr; <strong>1680</strong><br />(-20 for losing)
|l|☆Emblema de Fuego
|j| nightsuliu
|l| Aliancista
|l| Revanism
