|j|☆Steez Ibanez
|j|☆Q114
|player|p1|Steez Ibanez|pokemonranger-gen4|1708
|player|p2|Q114|169|1695
|teamsize|p1|6
|teamsize|p2|6
|gametype|singles
|gen|8
|tier|[Gen 8] OU
|rated|
|html|<div class="broadcast-blue"><strong>OU is currently suspecting Dracovish! For information on how to participate check out the <a href="https://www.smogon.com/forums/threads/3664521/">suspect thread</a>.</strong></div>
|clearpoke
|poke|p1|Ferrothorn, M|
|poke|p1|Kommo-o, M|
|poke|p1|Arcanine, M|
|poke|p1|Gyarados, M|
|poke|p1|Clefable, M|
|poke|p1|Dragapult, M|
|poke|p2|Toxapex, M|
|poke|p2|Ferrothorn, F|
|poke|p2|Seismitoad, M|
|poke|p2|Tyranitar, M|
|poke|p2|Clefable, F|
|poke|p2|Corviknight, M|
|rule|Sleep Clause Mod: Limit one foe put to sleep
|rule|Species Clause: Limit one of each Pokémon
|rule|OHKO Clause: OHKO moves are banned
|rule|Evasion Moves Clause: Evasion moves are banned
|rule|Endless Battle Clause: Forcing endless battles is banned
|rule|HP Percentage Mod: HP is shown in percentages
|rule|Dynamax Clause: You cannot dynamax
|teampreview
|j| HeavenStar
|
|start
|switch|p1a: Akamaru|Arcanine, M|100/100
|switch|p2a: Toxapex|Toxapex, M|100/100
|-ability|p1a: Akamaru|Intimidate|boost
|-unboost|p2a: Toxapex|atk|1
|turn|1
|
|move|p1a: Akamaru|Will-O-Wisp|p2a: Toxapex
|-status|p2a: Toxapex|brn
|move|p2a: Toxapex|Toxic Spikes|p1a: Akamaru
|-sidestart|p1: Steez Ibanez|move: Toxic Spikes
|
|-damage|p2a: Toxapex|95/100 brn|[from] brn
|upkeep
|turn|2
|
|switch|p1a: Abomination|Ferrothorn, M|100/100
|move|p2a: Toxapex|Knock Off|p1a: Abomination
|-crit|p1a: Abomination
|-damage|p1a: Abomination|94/100
|-damage|p2a: Toxapex|82/100 brn|[from] ability: Iron Barbs|[of] p1a: Abomination
|-enditem|p1a: Abomination|Leftovers|[from] move: Knock Off|[of] p2a: Toxapex
|
|-heal|p2a: Toxapex|88/100 brn|[from] item: Black Sludge
|-damage|p2a: Toxapex|82/100 brn|[from] brn
|upkeep
|turn|3
|
|move|p1a: Abomination|Knock Off|p2a: Toxapex
|-damage|p2a: Toxapex|68/100 brn
|-enditem|p2a: Toxapex|Black Sludge|[from] move: Knock Off|[of] p1a: Abomination
|move|p2a: Toxapex|Scald|p1a: Abomination
|-resisted|p1a: Abomination
|-damage|p1a: Abomination|88/100
|
|-damage|p2a: Toxapex|63/100 brn|[from] brn
|upkeep
|turn|4
|
|move|p1a: Abomination|Spikes|p2a: Toxapex
|-sidestart|p2: Q114|Spikes
|move|p2a: Toxapex|Scald|p1a: Abomination
|-resisted|p1a: Abomination
|-damage|p1a: Abomination|81/100
|-status|p1a: Abomination|brn
|
|-damage|p1a: Abomination|75/100 brn|[from] brn
|-damage|p2a: Toxapex|57/100 brn|[from] brn
|upkeep
|turn|5
|
|switch|p2a: Corviknight|Corviknight, M|100/100
|-ability|p2a: Corviknight|Pressure
|move|p1a: Abomination|Spikes|p2a: Corviknight
|-sidestart|p2: Q114|Spikes
|
|-damage|p1a: Abomination|69/100 brn|[from] brn
|upkeep
|turn|6
|
|move|p2a: Corviknight|Body Press|p1a: Abomination
|-supereffective|p1a: Abomination
|-damage|p1a: Abomination|37/100 brn
|-damage|p2a: Corviknight|88/100|[from] ability: Iron Barbs|[of] p1a: Abomination
|move|p1a: Abomination|Knock Off|p2a: Corviknight
|-damage|p2a: Corviknight|82/100
|-damage|p1a: Abomination|20/100 brn|[from] item: Rocky Helmet|[of] p2a: Corviknight
|-enditem|p2a: Corviknight|Rocky Helmet|[from] move: Knock Off|[of] p1a: Abomination
|
|-damage|p1a: Abomination|14/100 brn|[from] brn
|upkeep
|turn|7
|
|move|p2a: Corviknight|Body Press|p1a: Abomination
|-supereffective|p1a: Abomination
|-damage|p1a: Abomination|0 fnt
|-damage|p2a: Corviknight|70/100|[from] ability: Iron Barbs|[of] p1a: Abomination
|faint|p1a: Abomination
|
|upkeep
|
|switch|p1a: World Serpent|Gyarados, M|100/100
|turn|8
|
|move|p1a: World Serpent|Dragon Dance|p1a: World Serpent
|-boost|p1a: World Serpent|atk|1
|-boost|p1a: World Serpent|spe|1
|move|p2a: Corviknight|Defog|p1a: World Serpent
|-unboost|p1a: World Serpent|evasion|1
|-sideend|p1: Steez Ibanez|Toxic Spikes|[from] move: Defog|[of] p2a: Corviknight
|-sideend|p2: Q114|Spikes|[from] move: Defog|[of] p2a: Corviknight
|
|upkeep
|turn|9
|
|switch|p2a: Toxapex|Toxapex, M|90/100 brn
|move|p1a: World Serpent|Waterfall|p2a: Toxapex
|-resisted|p2a: Toxapex
|-damage|p2a: Toxapex|73/100 brn
|
|-damage|p2a: Toxapex|67/100 brn|[from] brn
|upkeep
|turn|10
|
|switch|p2a: Clefable|Clefable, F|100/100
|move|p1a: World Serpent|Earthquake|p2a: Clefable
|-crit|p2a: Clefable
|-damage|p2a: Clefable|63/100
|
|-heal|p2a: Clefable|69/100|[from] item: Leftovers
|upkeep
|turn|11
|
|move|p1a: World Serpent|Waterfall|p2a: Clefable
|-damage|p2a: Clefable|42/100
|move|p2a: Clefable|Wish|p2a: Clefable
|
|-heal|p2a: Clefable|48/100|[from] item: Leftovers
|upkeep
|turn|12
|
|move|p1a: World Serpent|Dragon Dance|p1a: World Serpent
|-boost|p1a: World Serpent|atk|1
|-boost|p1a: World Serpent|spe|1
|move|p2a: Clefable|Aromatherapy|p2a: Clefable
|-activate|p2a: Clefable|move: Aromatherapy
|-curestatus|p2: Toxapex|brn|[msg]
|
|-heal|p2a: Clefable|98/100|[from] move: Wish|[wisher] Clefable
|-heal|p2a: Clefable|100/100|[from] item: Leftovers
|upkeep
|turn|13
|
|move|p1a: World Serpent|Waterfall|p2a: Clefable
|-damage|p2a: Clefable|75/100
|move|p2a: Clefable|Wish|p2a: Clefable
|
|-heal|p2a: Clefable|81/100|[from] item: Leftovers
|upkeep
|turn|14
|
|move|p1a: World Serpent|Waterfall|p2a: Clefable
|-damage|p2a: Clefable|53/100
|cant|p2a: Clefable|flinch
|
|-heal|p2a: Clefable|100/100|[from] move: Wish|[wisher] Clefable
|upkeep
|turn|15
|
|move|p1a: World Serpent|Waterfall|p2a: Clefable
|-damage|p2a: Clefable|70/100
|move|p2a: Clefable|Wish|p2a: Clefable
|
|-heal|p2a: Clefable|77/100|[from] item: Leftovers
|upkeep
|turn|16
|
|switch|p1a: Akamaru|Arcanine, M|100/100
|-ability|p1a: Akamaru|Intimidate|boost
|-unboost|p2a: Clefable|atk|1
|move|p2a: Clefable|Moonblast|p1a: Akamaru
|-resisted|p1a: Akamaru
|-damage|p1a: Akamaru|84/100
|-unboost|p1a: Akamaru|spa|1
|
|-heal|p2a: Clefable|100/100|[from] move: Wish|[wisher] Clefable
|upkeep
|turn|17
|
|switch|p2a: Seismitoad|Seismitoad, M|100/100
|move|p1a: Akamaru|Teleport|p1a: Akamaru
|
|switch|p1a: World Serpent|Gyarados, M|100/100|[from]move: Teleport
|
|upkeep
|turn|18
|
|switch|p2a: Toxapex|Toxapex, M|100/100
|move|p1a: World Serpent|Power Whip|p2a: Toxapex|[miss]
|-miss|p1a: World Serpent|p2a: Toxapex
|
|upkeep
|turn|19
|
|move|p1a: World Serpent|Earthquake|p2a: Toxapex
|-supereffective|p2a: Toxapex
|-damage|p2a: Toxapex|61/100
|move|p2a: Toxapex|Toxic Spikes|p1a: World Serpent
|-sidestart|p1: Steez Ibanez|move: Toxic Spikes
|
|upkeep
|turn|20
|
|move|p1a: World Serpent|Earthquake|p2a: Toxapex
|-supereffective|p2a: Toxapex
|-damage|p2a: Toxapex|26/100
|move|p2a: Toxapex|Knock Off|p1a: World Serpent
|-damage|p1a: World Serpent|81/100
|-enditem|p1a: World Serpent|Heavy-Duty Boots|[from] move: Knock Off|[of] p2a: Toxapex
|
|upkeep
|turn|21
|
|switch|p2a: Ferrothorn|Ferrothorn, F|100/100
|move|p1a: World Serpent|Waterfall|p2a: Ferrothorn
|-resisted|p2a: Ferrothorn
|-damage|p2a: Ferrothorn|87/100
|-damage|p1a: World Serpent|68/100|[from] ability: Iron Barbs|[of] p2a: Ferrothorn
|
|-heal|p2a: Ferrothorn|93/100|[from] item: Leftovers
|upkeep
|turn|22
|
|switch|p1a: Akamaru|Arcanine, M|84/100
|-ability|p1a: Akamaru|Intimidate|boost
|-unboost|p2a: Ferrothorn|atk|1
|move|p2a: Ferrothorn|Knock Off|p1a: Akamaru
|-damage|p1a: Akamaru|73/100
|-enditem|p1a: Akamaru|Heavy-Duty Boots|[from] move: Knock Off|[of] p2a: Ferrothorn
|
|-heal|p2a: Ferrothorn|99/100|[from] item: Leftovers
|upkeep
|turn|23
|
|switch|p2a: Toxapex|Toxapex, M|59/100
|move|p1a: Akamaru|Will-O-Wisp|p2a: Toxapex
|-status|p2a: Toxapex|brn
|
|-damage|p2a: Toxapex|53/100 brn|[from] brn
|upkeep
|turn|24
|
|switch|p1a: Glaedr|Kommo-o, M|100/100
|-status|p1a: Glaedr|psn
|move|p2a: Toxapex|Scald|p1a: Glaedr
|-resisted|p1a: Glaedr
|-damage|p1a: Glaedr|93/100 psn
|
|-heal|p1a: Glaedr|99/100 psn|[from] item: Leftovers
|-damage|p1a: Glaedr|87/100 psn|[from] psn
|-damage|p2a: Toxapex|47/100 brn|[from] brn
|upkeep
|turn|25
|
|switch|p2a: Corviknight|Corviknight, M|70/100
|-ability|p2a: Corviknight|Pressure
|move|p1a: Glaedr|Stealth Rock|p2a: Corviknight
|-sidestart|p2: Q114|move: Stealth Rock
|
|-heal|p1a: Glaedr|93/100 psn|[from] item: Leftovers
|-damage|p1a: Glaedr|81/100 psn|[from] psn
|upkeep
|turn|26
|
|move|p1a: Glaedr|Iron Defense|p1a: Glaedr
|-boost|p1a: Glaedr|def|2
|move|p2a: Corviknight|Defog|p1a: Glaedr
|-unboost|p1a: Glaedr|evasion|1
|-sideend|p1: Steez Ibanez|Toxic Spikes|[from] move: Defog|[of] p2a: Corviknight
|-sideend|p2: Q114|Stealth Rock|[from] move: Defog|[of] p2a: Corviknight
|
|-heal|p1a: Glaedr|87/100 psn|[from] item: Leftovers
|-damage|p1a: Glaedr|75/100 psn|[from] psn
|upkeep
|turn|27
|
|switch|p2a: Clefable|Clefable, F|100/100
|move|p1a: Glaedr|Stealth Rock|p2a: Clefable
|-sidestart|p2: Q114|move: Stealth Rock
|
|-heal|p1a: Glaedr|81/100 psn|[from] item: Leftovers
|-damage|p1a: Glaedr|68/100 psn|[from] psn
|upkeep
|turn|28
|
|switch|p1a: Akamaru|Arcanine, M|73/100
|-ability|p1a: Akamaru|Intimidate|boost
|-unboost|p2a: Clefable|atk|1
|move|p2a: Clefable|Moonblast|p1a: Akamaru
|-resisted|p1a: Akamaru
|-damage|p1a: Akamaru|57/100
|-unboost|p1a: Akamaru|spa|1
|
|upkeep
|turn|29
|
|move|p1a: Akamaru|Morning Sun|p1a: Akamaru
|-heal|p1a: Akamaru|100/100
|move|p2a: Clefable|Wish|p2a: Clefable
|
|upkeep
|turn|30
|
|move|p1a: Akamaru|Flare Blitz|p2a: Clefable
|-damage|p2a: Clefable|64/100
|-status|p2a: Clefable|brn
|-damage|p1a: Akamaru|88/100|[from] Recoil
|move|p2a: Clefable|Aromatherapy|p2a: Clefable
|-activate|p2a: Clefable|move: Aromatherapy
|-curestatus|p2a: Clefable|brn|[msg]
|-curestatus|p2: Toxapex|brn|[msg]
|
|-heal|p2a: Clefable|100/100|[from] move: Wish|[wisher] Clefable
|upkeep
|turn|31
|
|switch|p2a: Toxapex|Toxapex, M|81/100
|-damage|p2a: Toxapex|68/100|[from] Stealth Rock
|move|p1a: Akamaru|Will-O-Wisp|p2a: Toxapex
|-status|p2a: Toxapex|brn
|
|-damage|p2a: Toxapex|63/100 brn|[from] brn
|upkeep
|turn|32
|
|switch|p1a: Toothless|Dragapult, M|100/100
|move|p2a: Toxapex|Toxic Spikes|p1a: Toothless
|-sidestart|p1: Steez Ibanez|move: Toxic Spikes
|
|-damage|p2a: Toxapex|57/100 brn|[from] brn
|upkeep
|turn|33
|
|switch|p2a: Ferrothorn|Ferrothorn, F|99/100
|-damage|p2a: Ferrothorn|93/100|[from] Stealth Rock
|move|p1a: Toothless|Dragon Darts|p2a: Ferrothorn
|-resisted|p2a: Ferrothorn
|-damage|p2a: Ferrothorn|81/100
|-anim|p1a: Toothless|Dragon Darts|p2a: Ferrothorn
|-resisted|p2a: Ferrothorn
|-damage|p2a: Ferrothorn|66/100
|-damage|p1a: Toothless|91/100|[from] item: Life Orb
|
|-heal|p2a: Ferrothorn|72/100|[from] item: Leftovers
|upkeep
|turn|34
|
|move|p1a: Toothless|Fire Blast|p2a: Ferrothorn
|-supereffective|p2a: Ferrothorn
|-damage|p2a: Ferrothorn|0 fnt
|-damage|p1a: Toothless|81/100|[from] item: Life Orb
|faint|p2a: Ferrothorn
|
|upkeep
|
|switch|p2a: Seismitoad|Seismitoad, M|100/100
|-damage|p2a: Seismitoad|94/100|[from] Stealth Rock
|turn|35
|j| OUTZ don3
|
|switch|p1a: Glaedr|Kommo-o, M|68/100 psn
|move|p2a: Seismitoad|Knock Off|p1a: Glaedr
|-resisted|p1a: Glaedr
|-damage|p1a: Glaedr|61/100 psn
|-enditem|p1a: Glaedr|Leftovers|[from] move: Knock Off|[of] p2a: Seismitoad
|
|-heal|p2a: Seismitoad|100/100|[from] item: Leftovers
|-damage|p1a: Glaedr|49/100 psn|[from] psn
|upkeep
|turn|36
|
|move|p1a: Glaedr|Stealth Rock||[still]
|-fail|p1a: Glaedr
|move|p2a: Seismitoad|Stealth Rock|p1a: Glaedr
|-sidestart|p1: Steez Ibanez|move: Stealth Rock
|
|-damage|p1a: Glaedr|36/100 psn|[from] psn
|upkeep
|turn|37
|
|move|p1a: Glaedr|Body Press|p2a: Seismitoad
|-damage|p2a: Seismitoad|70/100
|move|p2a: Seismitoad|Scald|p1a: Glaedr
|-resisted|p1a: Glaedr
|-damage|p1a: Glaedr|25/100 psn
|
|-heal|p2a: Seismitoad|76/100|[from] item: Leftovers
|-damage|p1a: Glaedr|13/100 psn|[from] psn
|upkeep
|turn|38
|
|switch|p2a: Toxapex|Toxapex, M|90/100 brn
|-damage|p2a: Toxapex|78/100 brn|[from] Stealth Rock
|move|p1a: Glaedr|Body Press|p2a: Toxapex
|-resisted|p2a: Toxapex
|-crit|p2a: Toxapex
|-damage|p2a: Toxapex|60/100 brn
|
|-damage|p1a: Glaedr|0 fnt|[from] psn
|faint|p1a: Glaedr
|-damage|p2a: Toxapex|54/100 brn|[from] brn
|upkeep
|
|switch|p1a: World Serpent|Gyarados, M|68/100
|-damage|p1a: World Serpent|43/100|[from] Stealth Rock
|turn|39
|
|switch|p2a: Clefable|Clefable, F|100/100
|-damage|p2a: Clefable|88/100|[from] Stealth Rock
|move|p1a: World Serpent|Earthquake|p2a: Clefable
|-damage|p2a: Clefable|64/100
|
|-heal|p2a: Clefable|70/100|[from] item: Leftovers
|upkeep
|turn|40
|
|move|p1a: World Serpent|Waterfall|p2a: Clefable
|-damage|p2a: Clefable|40/100
|move|p2a: Clefable|Wish|p2a: Clefable
|
|-heal|p2a: Clefable|47/100|[from] item: Leftovers
|upkeep
|turn|41
|
|move|p2a: Clefable|Protect|p2a: Clefable
|-singleturn|p2a: Clefable|Protect
|move|p1a: World Serpent|Waterfall|p2a: Clefable
|-activate|p2a: Clefable|move: Protect
|
|-heal|p2a: Clefable|96/100|[from] move: Wish|[wisher] Clefable
|-heal|p2a: Clefable|100/100|[from] item: Leftovers
|upkeep
|turn|42
|
|move|p1a: World Serpent|Dragon Dance|p1a: World Serpent
|-boost|p1a: World Serpent|atk|1
|-boost|p1a: World Serpent|spe|1
|move|p2a: Clefable|Wish|p2a: Clefable
|
|upkeep
|turn|43
|
|move|p1a: World Serpent|Waterfall|p2a: Clefable
|-damage|p2a: Clefable|70/100
|move|p2a: Clefable|Moonblast|p1a: World Serpent
|-damage|p1a: World Serpent|15/100
|
|-heal|p2a: Clefable|100/100|[from] move: Wish|[wisher] Clefable
|upkeep
|turn|44
|
|move|p1a: World Serpent|Waterfall|p2a: Clefable
|-damage|p2a: Clefable|73/100
|move|p2a: Clefable|Wish|p2a: Clefable
|
|-heal|p2a: Clefable|79/100|[from] item: Leftovers
|upkeep
|turn|45
|
|move|p1a: World Serpent|Waterfall|p2a: Clefable
|-damage|p2a: Clefable|53/100
|move|p2a: Clefable|Moonblast|p1a: World Serpent
|-damage|p1a: World Serpent|0 fnt
|faint|p1a: World Serpent
|
|-heal|p2a: Clefable|100/100|[from] move: Wish|[wisher] Clefable
|upkeep
|
|switch|p1a: Akamaru|Arcanine, M|88/100
|-damage|p1a: Akamaru|63/100|[from] Stealth Rock
|-status|p1a: Akamaru|psn
|-ability|p1a: Akamaru|Intimidate|boost
|-unboost|p2a: Clefable|atk|1
|turn|46
|
|move|p1a: Akamaru|Flare Blitz|p2a: Clefable
|-damage|p2a: Clefable|69/100
|-damage|p1a: Akamaru|52/100 psn|[from] Recoil
|move|p2a: Clefable|Wish|p2a: Clefable
|
|-heal|p2a: Clefable|75/100|[from] item: Leftovers
|-damage|p1a: Akamaru|40/100 psn|[from] psn
|upkeep
|turn|47
|
|switch|p2a: Seismitoad|Seismitoad, M|76/100
|-damage|p2a: Seismitoad|70/100|[from] Stealth Rock
|move|p1a: Akamaru|Will-O-Wisp|p2a: Seismitoad
|-status|p2a: Seismitoad|brn
|
|-heal|p2a: Seismitoad|100/100 brn|[from] move: Wish|[wisher] Clefable
|-damage|p1a: Akamaru|27/100 psn|[from] psn
|-damage|p2a: Seismitoad|94/100 brn|[from] brn
|upkeep
|turn|48
|l| OUTZ don3
|
|switch|p2a: Corviknight|Corviknight, M|70/100
|-damage|p2a: Corviknight|58/100|[from] Stealth Rock
|-ability|p2a: Corviknight|Pressure
|move|p1a: Akamaru|Will-O-Wisp|p2a: Corviknight
|-status|p2a: Corviknight|brn
|
|-damage|p1a: Akamaru|15/100 psn|[from] psn
|-damage|p2a: Corviknight|52/100 brn|[from] brn
|upkeep
|turn|49
|j| OUTZ don3
|
|move|p1a: Akamaru|Flare Blitz|p2a: Corviknight
|-supereffective|p2a: Corviknight
|-damage|p2a: Corviknight|0 fnt
|-damage|p1a: Akamaru|0 fnt|[from] Recoil
|faint|p2a: Corviknight
|faint|p1a: Akamaru
|
|upkeep
|l| OUTZ don3
|
|switch|p1a: Toothless|Dragapult, M|81/100
|switch|p2a: Tyranitar|Tyranitar, M|100/100
|-damage|p1a: Toothless|69/100|[from] Stealth Rock
|-status|p1a: Toothless|psn
|-damage|p2a: Tyranitar|88/100|[from] Stealth Rock
|-weather|Sandstorm|[from] ability: Sand Stream|[of] p2a: Tyranitar
|turn|50
|
|move|p1a: Toothless|Steel Wing|p2a: Tyranitar
|-supereffective|p2a: Tyranitar
|-damage|p2a: Tyranitar|40/100
|-damage|p1a: Toothless|59/100 psn|[from] item: Life Orb
|move|p2a: Tyranitar|Stone Edge|p1a: Toothless|[miss]
|-miss|p2a: Tyranitar|p1a: Toothless
|
|-weather|Sandstorm|[upkeep]
|-damage|p1a: Toothless|53/100 psn|[from] Sandstorm
|-damage|p1a: Toothless|41/100 psn|[from] psn
|upkeep
|turn|51
|
|switch|p2a: Toxapex|Toxapex, M|87/100 brn
|-damage|p2a: Toxapex|75/100 brn|[from] Stealth Rock
|move|p1a: Toothless|Dragon Darts|p2a: Toxapex
|-damage|p2a: Toxapex|55/100 brn
|-anim|p1a: Toothless|Dragon Darts|p2a: Toxapex
|-damage|p2a: Toxapex|34/100 brn
|-damage|p1a: Toothless|31/100 psn|[from] item: Life Orb
|
|-weather|Sandstorm|[upkeep]
|-damage|p1a: Toothless|25/100 psn|[from] Sandstorm
|-damage|p2a: Toxapex|28/100 brn|[from] Sandstorm
|-damage|p1a: Toothless|12/100 psn|[from] psn
|-damage|p2a: Toxapex|22/100 brn|[from] brn
|upkeep
|turn|52
|j| big foonguz
|
|switch|p2a: Seismitoad|Seismitoad, M|94/100 brn
|-damage|p2a: Seismitoad|88/100 brn|[from] Stealth Rock
|move|p1a: Toothless|Dragon Darts|p2a: Seismitoad
|-damage|p2a: Seismitoad|65/100 brn
|-anim|p1a: Toothless|Dragon Darts|p2a: Seismitoad
|-damage|p2a: Seismitoad|40/100 brn
|-damage|p1a: Toothless|3/100 psn|[from] item: Life Orb
|
|-weather|Sandstorm|[upkeep]
|-damage|p1a: Toothless|0 fnt|[from] Sandstorm
|faint|p1a: Toothless
|-heal|p2a: Seismitoad|46/100 brn|[from] item: Leftovers
|-damage|p2a: Seismitoad|40/100 brn|[from] brn
|upkeep
|
|switch|p1a: Majinn Buu|Clefable, M|100/100
|-damage|p1a: Majinn Buu|88/100|[from] Stealth Rock
|-status|p1a: Majinn Buu|psn
|turn|53
|
|move|p2a: Seismitoad|Knock Off|p1a: Majinn Buu
|-resisted|p1a: Majinn Buu
|-damage|p1a: Majinn Buu|84/100 psn
|-enditem|p1a: Majinn Buu|Leftovers|[from] move: Knock Off|[of] p2a: Seismitoad
|move|p1a: Majinn Buu|Calm Mind|p1a: Majinn Buu
|-boost|p1a: Majinn Buu|spa|1
|-boost|p1a: Majinn Buu|spd|1
|
|-weather|Sandstorm|[upkeep]
|-damage|p1a: Majinn Buu|78/100 psn|[from] Sandstorm
|-heal|p2a: Seismitoad|46/100 brn|[from] item: Leftovers
|-damage|p2a: Seismitoad|40/100 brn|[from] brn
|-damage|p1a: Majinn Buu|66/100 psn|[from] psn
|upkeep
|turn|54
|
|move|p2a: Seismitoad|Scald|p1a: Majinn Buu
|-damage|p1a: Majinn Buu|51/100 psn
|move|p1a: Majinn Buu|Moonblast|p2a: Seismitoad
|-damage|p2a: Seismitoad|0 fnt
|faint|p2a: Seismitoad
|
|-weather|none
|-damage|p1a: Majinn Buu|39/100 psn|[from] psn
|upkeep
|
|switch|p2a: Toxapex|Toxapex, M|55/100 brn
|-damage|p2a: Toxapex|43/100 brn|[from] Stealth Rock
|turn|55
|
|move|p1a: Majinn Buu|Wish|p1a: Majinn Buu
|move|p2a: Toxapex|Haze|p2a: Toxapex
|-clearallboost
|
|-damage|p1a: Majinn Buu|26/100 psn|[from] psn
|-damage|p2a: Toxapex|37/100 brn|[from] brn
|upkeep
|turn|56
|-message|Steez Ibanez forfeited.
|
|win|Q114
|l|☆Steez Ibanez
|raw|Steez Ibanez's rating: 1708 &rarr; <strong>1686</strong><br />(-22 for losing)
|raw|Q114's rating: 1668 &rarr; <strong>1690</strong><br />(+22 for winning)
