|raw|<div class="broadcast-blue"><strong>This battle is required to be public due to a player having a name starting with 'lt91bb'.</div>
|j|☆noudle soop
|j|☆Lt91bb quartos
|t:|1659393718
|gametype|singles
|player|p1|noudle soop|worker|1882
|player|p2|Lt91bb quartos|drayden|1889
|teamsize|p1|6
|teamsize|p2|6
|gen|8
|tier|[Gen 8] OU
|rated|
|rule|Sleep Clause Mod: Limit one foe put to sleep
|rule|Species Clause: Limit one of each Pokémon
|rule|OHKO Clause: OHKO moves are banned
|rule|Evasion Moves Clause: Evasion moves are banned
|rule|Endless Battle Clause: Forcing endless battles is banned
|rule|HP Percentage Mod: HP is shown in percentages
|rule|Dynamax Clause: You cannot dynamax
|clearpoke
|poke|p1|Aegislash, M|
|poke|p1|Ferrothorn, M|
|poke|p1|Landorus-Therian, M|
|poke|p1|Blacephalon|
|poke|p1|Rotom-Wash|
|poke|p1|Hydreigon, M|
|poke|p2|Venusaur, M|
|poke|p2|Heatran, M|
|poke|p2|Weavile, F|
|poke|p2|Torkoal, M|
|poke|p2|Blaziken, M|
|poke|p2|Rillaboom, F|
|teampreview
|inactive|Battle timer is ON: inactive players will automatically lose when time's up. (requested by noudle soop)
|j| wish killer
|l| wish killer
|
|t:|1659393732
|start
|switch|p1a: Storm|Blacephalon, shiny|100/100
|switch|p2a: Torkoal|Torkoal, M|100/100
|-weather|SunnyDay|[from] ability: Drought|[of] p2a: Torkoal
|turn|1
|j| crosschampion
|j| LT91BB Poeh
|
|t:|1659393735
|switch|p2a: Rillaboom|Rillaboom, F|100/100
|-fieldstart|move: Grassy Terrain|[from] ability: Grassy Surge|[of] p2a: Rillaboom
|move|p1a: Storm|Shadow Ball|p2a: Rillaboom
|-damage|p2a: Rillaboom|37/100
|-unboost|p2a: Rillaboom|spd|1
|-enditem|p2a: Rillaboom|Eject Button
|
|t:|1659393738
|switch|p2a: Weavile|Weavile, F|100/100
|
|-weather|SunnyDay|[upkeep]
|upkeep
|turn|2
|
|t:|1659393742
|switch|p2a: Heatran|Heatran, M|100/100
|switch|p1a: Ferrothorn|Ferrothorn, M|100/100
|
|-weather|SunnyDay|[upkeep]
|upkeep
|turn|3
|
|t:|1659393744
|switch|p1a: Rotom|Rotom-Wash, shiny|100/100
|move|p2a: Heatran|Eruption|p1a: Rotom
|-resisted|p1a: Rotom
|-damage|p1a: Rotom|48/100
|
|-weather|SunnyDay|[upkeep]
|-heal|p1a: Rotom|54/100|[from] item: Leftovers
|upkeep
|turn|4
|
|t:|1659393747
|move|p2a: Heatran|Eruption|p1a: Rotom
|-resisted|p1a: Rotom
|-damage|p1a: Rotom|1/100
|move|p1a: Rotom|Pain Split|p2a: Heatran
|-sethp|p2a: Heatran|51/100|[from] move: Pain Split|[silent]
|-sethp|p1a: Rotom|57/100|[from] move: Pain Split
|
|-weather|SunnyDay|[upkeep]
|-heal|p2a: Heatran|57/100|[from] Grassy Terrain
|-heal|p1a: Rotom|63/100|[from] item: Leftovers
|upkeep
|turn|5
|
|t:|1659393755
|switch|p2a: Rillaboom|Rillaboom, F|37/100
|move|p1a: Rotom|Volt Switch|p2a: Rillaboom
|-resisted|p2a: Rillaboom
|-crit|p2a: Rillaboom
|-damage|p2a: Rillaboom|19/100
|
|t:|1659393759
|switch|p1a: Storm|Blacephalon, shiny|100/100|[from]move: Volt Switch
|
|-weather|SunnyDay|[upkeep]
|-heal|p2a: Rillaboom|25/100|[from] Grassy Terrain
|-fieldend|move: Grassy Terrain
|upkeep
|turn|6
|
|t:|1659393762
|move|p1a: Storm|Shadow Ball|p2a: Rillaboom
|-damage|p2a: Rillaboom|0 fnt
|faint|p2a: Rillaboom
|-ability|p1a: Storm|Beast Boost|boost
|-boost|p1a: Storm|spa|1
|
|-weather|SunnyDay|[upkeep]
|upkeep
|
|t:|1659393763
|switch|p2a: Weavile|Weavile, F|100/100
|turn|7
|
|t:|1659393766
|switch|p1a: Ferrothorn|Ferrothorn, M|100/100
|move|p2a: Weavile|Low Kick|p1a: Ferrothorn
|-supereffective|p1a: Ferrothorn
|-damage|p1a: Ferrothorn|48/100
|-damage|p2a: Weavile|88/100|[from] ability: Iron Barbs|[of] p1a: Ferrothorn
|-damage|p2a: Weavile|72/100|[from] item: Rocky Helmet|[of] p1a: Ferrothorn
|-damage|p2a: Weavile|62/100|[from] item: Life Orb
|
|-weather|SunnyDay|[upkeep]
|upkeep
|turn|8
|j| lt91bbe
|
|t:|1659393771
|switch|p1a: Landorus|Landorus-Therian, M|100/100
|-ability|p1a: Landorus|Intimidate|boost
|-unboost|p2a: Weavile|atk|1
|move|p2a: Weavile|Low Kick|p1a: Landorus
|-resisted|p1a: Landorus
|-damage|p1a: Landorus|90/100
|-damage|p2a: Weavile|52/100|[from] item: Life Orb
|
|-weather|none
|-heal|p1a: Landorus|96/100|[from] item: Leftovers
|upkeep
|turn|9
|j| mind gaming
|
|t:|1659393778
|switch|p1a: Ferrothorn|Ferrothorn, M|48/100
|move|p2a: Weavile|Triple Axel|p1a: Ferrothorn
|-damage|p1a: Ferrothorn|42/100
|-damage|p2a: Weavile|39/100|[from] ability: Iron Barbs|[of] p1a: Ferrothorn
|-damage|p2a: Weavile|23/100|[from] item: Rocky Helmet|[of] p1a: Ferrothorn
|-damage|p1a: Ferrothorn|30/100
|-damage|p2a: Weavile|10/100|[from] ability: Iron Barbs|[of] p1a: Ferrothorn
|-damage|p2a: Weavile|0 fnt|[from] item: Rocky Helmet|[of] p1a: Ferrothorn
|faint|p2a: Weavile
|-hitcount|p1a: Ferrothorn|2
|
|upkeep
|
|t:|1659393783
|switch|p2a: Torkoal|Torkoal, M|100/100
|-weather|SunnyDay|[from] ability: Drought|[of] p2a: Torkoal
|turn|10
|
|t:|1659393788
|switch|p1a: Rotom|Rotom-Wash, shiny|63/100
|move|p2a: Torkoal|Stealth Rock|p1a: Rotom
|-sidestart|p1: noudle soop|move: Stealth Rock
|
|-weather|SunnyDay|[upkeep]
|-heal|p1a: Rotom|68/100|[from] item: Leftovers
|upkeep
|turn|11
|
|t:|1659393791
|switch|p2a: Venusaur|Venusaur, M, shiny|100/100
|move|p1a: Rotom|Volt Switch|p2a: Venusaur
|-resisted|p2a: Venusaur
|-damage|p2a: Venusaur|86/100
|
|t:|1659393793
|switch|p1a: Hydreigon|Hydreigon, M|100/100|[from]move: Volt Switch
|-damage|p1a: Hydreigon|88/100|[from] Stealth Rock
|
|-weather|SunnyDay|[upkeep]
|upkeep
|turn|12
|
|t:|1659393801
|switch|p1a: Landorus|Landorus-Therian, M|96/100
|-damage|p1a: Landorus|84/100|[from] Stealth Rock
|-ability|p1a: Landorus|Intimidate|boost
|-unboost|p2a: Venusaur|atk|1
|move|p2a: Venusaur|Sleep Powder|p1a: Landorus
|-status|p1a: Landorus|slp|[from] move: Sleep Powder
|
|-weather|SunnyDay|[upkeep]
|-heal|p1a: Landorus|90/100 slp|[from] item: Leftovers
|upkeep
|turn|13
|
|t:|1659393806
|switch|p1a: Ferrothorn|Ferrothorn, M|30/100
|-damage|p1a: Ferrothorn|24/100|[from] Stealth Rock
|move|p2a: Venusaur|Solar Beam||[still]
|-prepare|p2a: Venusaur|Solar Beam
|-anim|p2a: Venusaur|Solar Beam|p1a: Ferrothorn
|-resisted|p1a: Ferrothorn
|-damage|p1a: Ferrothorn|9/100
|-damage|p2a: Venusaur|76/100|[from] item: Life Orb
|
|-weather|SunnyDay|[upkeep]
|upkeep
|turn|14
|
|t:|1659393809
|move|p2a: Venusaur|Solar Beam||[still]
|-prepare|p2a: Venusaur|Solar Beam
|-anim|p2a: Venusaur|Solar Beam|p1a: Ferrothorn
|-resisted|p1a: Ferrothorn
|-damage|p1a: Ferrothorn|0 fnt
|faint|p1a: Ferrothorn
|-damage|p2a: Venusaur|66/100|[from] item: Life Orb
|
|-weather|SunnyDay|[upkeep]
|upkeep
|
|t:|1659393810
|switch|p1a: Hydreigon|Hydreigon, M|88/100
|-damage|p1a: Hydreigon|76/100|[from] Stealth Rock
|turn|15
|
|t:|1659393824
|move|p2a: Venusaur|Solar Beam||[still]
|-prepare|p2a: Venusaur|Solar Beam
|-anim|p2a: Venusaur|Solar Beam|p1a: Hydreigon
|-resisted|p1a: Hydreigon
|-damage|p1a: Hydreigon|32/100
|-damage|p2a: Venusaur|56/100|[from] item: Life Orb
|move|p1a: Hydreigon|Earth Power|p2a: Venusaur
|-crit|p2a: Venusaur
|-damage|p2a: Venusaur|7/100
|
|-weather|SunnyDay|[upkeep]
|upkeep
|turn|16
|j| croo
|j| BALOOR
|
|t:|1659393833
|switch|p1a: Landorus|Landorus-Therian, M|90/100 slp
|-damage|p1a: Landorus|78/100 slp|[from] Stealth Rock
|-ability|p1a: Landorus|Intimidate|boost
|-unboost|p2a: Venusaur|atk|1
|move|p2a: Venusaur|Weather Ball|p1a: Landorus
|-damage|p1a: Landorus|28/100 slp
|-damage|p2a: Venusaur|0 fnt|[from] item: Life Orb
|faint|p2a: Venusaur
|
|-weather|SunnyDay|[upkeep]
|-heal|p1a: Landorus|34/100 slp|[from] item: Leftovers
|upkeep
|
|t:|1659393836
|switch|p2a: Blaziken|Blaziken, M|100/100
|turn|17
|
|t:|1659393841
|switch|p1a: Hydreigon|Hydreigon, M|32/100
|-damage|p1a: Hydreigon|20/100|[from] Stealth Rock
|move|p2a: Blaziken|Swords Dance|p2a: Blaziken
|-boost|p2a: Blaziken|atk|2
|
|-weather|none
|-ability|p2a: Blaziken|Speed Boost|boost
|-boost|p2a: Blaziken|spe|1
|upkeep
|turn|18
|j| RNN YasuKe
|
|t:|1659393849
|move|p2a: Blaziken|Protect|p2a: Blaziken
|-singleturn|p2a: Blaziken|Protect
|move|p1a: Hydreigon|Draco Meteor|p2a: Blaziken
|-activate|p2a: Blaziken|move: Protect
|
|-ability|p2a: Blaziken|Speed Boost|boost
|-boost|p2a: Blaziken|spe|1
|upkeep
|turn|19
|j| Skyrio
|
|t:|1659393851
|move|p2a: Blaziken|Close Combat|p1a: Hydreigon
|-supereffective|p1a: Hydreigon
|-damage|p1a: Hydreigon|0 fnt
|-unboost|p2a: Blaziken|def|1
|-unboost|p2a: Blaziken|spd|1
|faint|p1a: Hydreigon
|
|-ability|p2a: Blaziken|Speed Boost|boost
|-boost|p2a: Blaziken|spe|1
|upkeep
|
|t:|1659393855
|switch|p1a: Rotom|Rotom-Wash, shiny|68/100
|-damage|p1a: Rotom|56/100|[from] Stealth Rock
|turn|20
|
|t:|1659393862
|switch|p1a: Landorus|Landorus-Therian, M|34/100 slp
|-damage|p1a: Landorus|21/100 slp|[from] Stealth Rock
|-ability|p1a: Landorus|Intimidate|boost
|-unboost|p2a: Blaziken|atk|1
|move|p2a: Blaziken|Protect||[still]
|-fail|p2a: Blaziken
|
|-heal|p1a: Landorus|27/100 slp|[from] item: Leftovers
|-ability|p2a: Blaziken|Speed Boost|boost
|-boost|p2a: Blaziken|spe|1
|upkeep
|turn|21
|
|t:|1659393866
|move|p2a: Blaziken|Swords Dance|p2a: Blaziken
|-boost|p2a: Blaziken|atk|2
|cant|p1a: Landorus|slp
|
|-heal|p1a: Landorus|33/100 slp|[from] item: Leftovers
|-ability|p2a: Blaziken|Speed Boost|boost
|-boost|p2a: Blaziken|spe|1
|upkeep
|turn|22
|
|t:|1659393871
|switch|p1a: Storm|Blacephalon, shiny|100/100
|-damage|p1a: Storm|76/100|[from] Stealth Rock
|move|p2a: Blaziken|Flare Blitz|p1a: Storm
|-resisted|p1a: Storm
|-damage|p1a: Storm|0 fnt
|faint|p1a: Storm
|-damage|p2a: Blaziken|80/100|[from] Recoil
|
|-heal|p2a: Blaziken|86/100|[from] item: Leftovers
|-ability|p2a: Blaziken|Speed Boost|boost
|-boost|p2a: Blaziken|spe|1
|upkeep
|c|☆noudle soop|gg
|c|☆Lt91bb quartos|gg
|-message|noudle soop forfeited.
|
|win|Lt91bb quartos
|raw|noudle soop's rating: 1882 &rarr; <strong>1862</strong><br />(-20 for losing)
|raw|Lt91bb quartos's rating: 1889 &rarr; <strong>1909</strong><br />(+20 for winning)
|l| croo
|l|☆noudle soop
|l|☆Lt91bb quartos
||Ladder isn't responding, score probably updated but might not have (Request timeout).
|l| Skyrio
