|j|☆Elite4Donovan
|j|☆Cubielubie
|t:|1653957840
|gametype|singles
|player|p1|Elite4Donovan|lucas|1613
|player|p2|Cubielubie|169|1624
|teamsize|p1|6
|teamsize|p2|6
|gen|8
|tier|[Gen 8] OU
|rated|
|rule|Sleep Clause Mod: Limit one foe put to sleep
|rule|Species Clause: Limit one of each Pokémon
|rule|OHKO Clause: OHKO moves are banned
|rule|Evasion Moves Clause: Evasion moves are banned
|rule|Endless Battle Clause: Forcing endless battles is banned
|rule|HP Percentage Mod: HP is shown in percentages
|rule|Dynamax Clause: You cannot dynamax
|clearpoke
|poke|p1|Boltund, M|
|poke|p1|Tapu Lele|
|poke|p1|Thievul, F|
|poke|p1|Landorus-Therian, M|
|poke|p1|Dragapult, M|
|poke|p1|Melmetal|
|poke|p2|Pelipper, M|
|poke|p2|Barraskewda, M|
|poke|p2|Porygon-Z|
|poke|p2|Ferrothorn, M|
|poke|p2|Tapu Lele|
|poke|p2|Seismitoad, M|
|teampreview
|
|t:|1653957856
|start
|switch|p1a: Tapu Lele|Tapu Lele|100/100
|switch|p2a: Ferrothorn|Ferrothorn, M|100/100
|-fieldstart|move: Psychic Terrain|[from] ability: Psychic Surge|[of] p1a: Tapu Lele
|turn|1
|
|t:|1653957859
|move|p1a: Tapu Lele|Focus Blast|p2a: Ferrothorn
|-supereffective|p2a: Ferrothorn
|-damage|p2a: Ferrothorn|24/100
|move|p2a: Ferrothorn|Stealth Rock|p1a: Tapu Lele
|-sidestart|p1: Elite4Donovan|move: Stealth Rock
|
|upkeep
|turn|2
|
|t:|1653957877
|switch|p2a: Tapu Lele|Tapu Lele|100/100
|move|p1a: Tapu Lele|Thunderbolt|p2a: Tapu Lele
|-crit|p2a: Tapu Lele
|-damage|p2a: Tapu Lele|44/100
|
|upkeep
|turn|3
|
|t:|1653957906
|move|p2a: Tapu Lele|Moonblast|p1a: Tapu Lele
|-damage|p1a: Tapu Lele|38/100
|move|p1a: Tapu Lele|Moonblast|p2a: Tapu Lele
|-damage|p2a: Tapu Lele|0 fnt
|faint|p2a: Tapu Lele
|
|upkeep
|
|t:|1653957911
|switch|p2a: Barraskewda|Barraskewda, M|100/100
|turn|4
|
|t:|1653957916
|switch|p1a: Landorus|Landorus-Therian, M|100/100
|-damage|p1a: Landorus|88/100|[from] Stealth Rock
|-ability|p1a: Landorus|Intimidate|boost
|-unboost|p2a: Barraskewda|atk|1
|move|p2a: Barraskewda|Flip Turn|p1a: Landorus
|-supereffective|p1a: Landorus
|-damage|p1a: Landorus|27/100
|
|t:|1653957920
|switch|p2a: Pelipper|Pelipper, M|100/100|[from]move: Flip Turn
|-weather|RainDance|[from] ability: Drizzle|[of] p2a: Pelipper
|
|-weather|RainDance|[upkeep]
|-heal|p1a: Landorus|33/100|[from] item: Leftovers
|upkeep
|turn|5
|
|t:|1653957923
|move|p1a: Landorus|Defog|p2a: Pelipper
|-unboost|p2a: Pelipper|evasion|1
|-sideend|p1: Elite4Donovan|Stealth Rock|[from] move: Defog|[of] p1a: Landorus
|-fieldend|move: Psychic Terrain
|move|p2a: Pelipper|U-turn|p1a: Landorus
|-resisted|p1a: Landorus
|-damage|p1a: Landorus|29/100
|
|t:|1653957929
|switch|p2a: Barraskewda|Barraskewda, M|100/100|[from]move: U-turn
|
|-weather|RainDance|[upkeep]
|-heal|p1a: Landorus|35/100|[from] item: Leftovers
|upkeep
|turn|6
|
|t:|1653957933
|move|p2a: Barraskewda|Flip Turn|p1a: Landorus
|-supereffective|p1a: Landorus
|-damage|p1a: Landorus|0 fnt
|faint|p1a: Landorus
|
|t:|1653957950
|switch|p2a: Ferrothorn|Ferrothorn, M|24/100|[from]move: Flip Turn
|
|-weather|RainDance|[upkeep]
|upkeep
|
|t:|1653957960
|switch|p1a: Tapu Lele|Tapu Lele|38/100
|-fieldstart|move: Psychic Terrain|[from] ability: Psychic Surge|[of] p1a: Tapu Lele
|turn|7
|
|t:|1653957966
|move|p1a: Tapu Lele|Focus Blast|p2a: Ferrothorn
|-supereffective|p2a: Ferrothorn
|-damage|p2a: Ferrothorn|0 fnt
|faint|p2a: Ferrothorn
|
|-weather|RainDance|[upkeep]
|upkeep
|
|t:|1653957969
|switch|p2a: Barraskewda|Barraskewda, M|100/100
|turn|8
|
|t:|1653957975
|switch|p1a: Boltund|Boltund, M|100/100
|move|p2a: Barraskewda|Flip Turn|p1a: Boltund
|-damage|p1a: Boltund|0 fnt
|faint|p1a: Boltund
|
|t:|1653957984
|switch|p2a: Pelipper|Pelipper, M|100/100|[from]move: Flip Turn
|
|-weather|RainDance|[upkeep]
|upkeep
|
|t:|1653958003
|switch|p1a: Tapu Lele|Tapu Lele|38/100
|turn|9
|
|t:|1653958007
|switch|p2a: Porygon-Z|Porygon-Z|100/100
|-ability|p2a: Porygon-Z|Download|boost
|-boost|p2a: Porygon-Z|atk|1
|move|p1a: Tapu Lele|Moonblast|p2a: Porygon-Z
|-damage|p2a: Porygon-Z|21/100
|-unboost|p2a: Porygon-Z|spa|1
|
|-weather|RainDance|[upkeep]
|upkeep
|turn|10
|
|t:|1653958014
|switch|p1a: Melmetal|Melmetal|100/100
|move|p2a: Porygon-Z|Thunder|p1a: Melmetal
|-damage|p1a: Melmetal|79/100
|
|-weather|RainDance|[upkeep]
|upkeep
|turn|11
|
|t:|1653958017
|switch|p2a: Seismitoad|Seismitoad, M|100/100
|move|p1a: Melmetal|Double Iron Bash|p2a: Seismitoad
|-resisted|p2a: Seismitoad
|-damage|p2a: Seismitoad|76/100
|-resisted|p2a: Seismitoad
|-damage|p2a: Seismitoad|53/100
|-hitcount|p2a: Seismitoad|2
|
|-weather|none
|upkeep
|turn|12
|
|t:|1653958024
|move|p2a: Seismitoad|Earth Power|p1a: Melmetal
|-supereffective|p1a: Melmetal
|-damage|p1a: Melmetal|32/100
|move|p1a: Melmetal|Thunder Punch|p2a: Seismitoad
|-immune|p2a: Seismitoad
|
|upkeep
|turn|13
|
|t:|1653958028
|move|p2a: Seismitoad|Earth Power|p1a: Melmetal
|-supereffective|p1a: Melmetal
|-damage|p1a: Melmetal|0 fnt
|faint|p1a: Melmetal
|
|upkeep
|
|t:|1653958032
|switch|p1a: Thievul|Thievul, F|100/100
|-enditem|p1a: Thievul|Psychic Seed
|-boost|p1a: Thievul|spd|1|[from] item: Psychic Seed
|turn|14
|
|t:|1653958037
|switch|p2a: Porygon-Z|Porygon-Z|21/100
|-ability|p2a: Porygon-Z|Download|boost
|-boost|p2a: Porygon-Z|atk|1
|move|p1a: Thievul|Nasty Plot|p1a: Thievul
|-boost|p1a: Thievul|spa|2
|
|-fieldend|move: Psychic Terrain
|upkeep
|turn|15
|
|t:|1653958043
|move|p1a: Thievul|Dark Pulse|p2a: Porygon-Z
|-damage|p2a: Porygon-Z|0 fnt
|faint|p2a: Porygon-Z
|
|upkeep
|
|t:|1653958053
|switch|p2a: Pelipper|Pelipper, M|100/100
|-weather|RainDance|[from] ability: Drizzle|[of] p2a: Pelipper
|turn|16
|
|t:|1653958054
|move|p1a: Thievul|Dark Pulse|p2a: Pelipper
|-damage|p2a: Pelipper|40/100
|move|p2a: Pelipper|U-turn|p1a: Thievul
|-supereffective|p1a: Thievul
|-damage|p1a: Thievul|69/100
|
|t:|1653958059
|switch|p2a: Barraskewda|Barraskewda, M|100/100|[from]move: U-turn
|
|-weather|RainDance|[upkeep]
|upkeep
|turn|17
|
|t:|1653958074
|move|p2a: Barraskewda|Flip Turn|p1a: Thievul
|-damage|p1a: Thievul|0 fnt
|faint|p1a: Thievul
|
|t:|1653958077
|switch|p2a: Seismitoad|Seismitoad, M|53/100|[from]move: Flip Turn
|
|-weather|RainDance|[upkeep]
|upkeep
|
|t:|1653958079
|switch|p1a: Dragapult|Dragapult, M|100/100
|turn|18
|j| Cocoon Evolution
|
|t:|1653958085
|move|p2a: Seismitoad|Earth Power|p1a: Dragapult
|-damage|p1a: Dragapult|24/100
|move|p1a: Dragapult|Dragon Dance|p1a: Dragapult
|-boost|p1a: Dragapult|atk|1
|-boost|p1a: Dragapult|spe|1
|
|-weather|RainDance|[upkeep]
|upkeep
|turn|19
|
|t:|1653958091
|move|p1a: Dragapult|Dragon Dance|p1a: Dragapult
|-boost|p1a: Dragapult|atk|1
|-boost|p1a: Dragapult|spe|1
|move|p2a: Seismitoad|Earth Power|p1a: Dragapult
|-damage|p1a: Dragapult|0 fnt
|faint|p1a: Dragapult
|
|-weather|RainDance|[upkeep]
|upkeep
|c|☆Elite4Donovan|gg
|-message|Elite4Donovan forfeited.
|
|win|Cubielubie
|raw|Elite4Donovan's rating: 1613 &rarr; <strong>1594</strong><br />(-19 for losing)
|raw|Cubielubie's rating: 1624 &rarr; <strong>1643</strong><br />(+19 for winning)
|l|☆Elite4Donovan
|l| Cocoon Evolution
