|j|☆Pinkacross
|j|☆paper returns
|inactive|Battle timer is ON: inactive players will automatically lose when time's up.
|t:|1657825079
|gametype|singles
|player|p1|Pinkacross|artist|
|player|p2|paper returns|silver-gen2kanto|
|teamsize|p1|6
|teamsize|p2|6
|gen|8
|tier|[Gen 8] OU
|rated|Tournament battle
|rule|Sleep Clause Mod: Limit one foe put to sleep
|rule|Species Clause: Limit one of each Pokémon
|rule|OHKO Clause: OHKO moves are banned
|rule|Evasion Moves Clause: Evasion moves are banned
|rule|Endless Battle Clause: Forcing endless battles is banned
|rule|HP Percentage Mod: HP is shown in percentages
|rule|Dynamax Clause: You cannot dynamax
|clearpoke
|poke|p1|Mantine, M|
|poke|p1|Seismitoad, M|
|poke|p1|Ferrothorn, M|
|poke|p1|Zapdos|
|poke|p1|Scizor, F|
|poke|p1|Tornadus-Therian, M|
|poke|p2|Seismitoad, M|
|poke|p2|Thundurus-Therian, M|
|poke|p2|Barraskewda, M|
|poke|p2|Volcanion|
|poke|p2|Kabutops, M|
|poke|p2|Ferrothorn, F|
|teampreview
|j| yeshahR
|j| nxvnt
|j| ripreckful
|c|☆paper returns|hey dad
|j|%Sww-Suwa
|c|☆Pinkacross|hello my son
|c|☆paper returns|we both had the same idea
|c|☆paper returns|lmao
|c|☆Pinkacross|did we?
|c|☆Pinkacross|we shall see
|c|☆Pinkacross|hf
|c|☆paper returns|no drizzle setters
|j| purple13
|c|☆Pinkacross|ah yea
|inactive|Pinkacross has 120 seconds left.
|inactive|paper returns has 120 seconds left.
|
|t:|1657825127
|start
|switch|p1a: Tornadus|Tornadus-Therian, M|100/100
|switch|p2a: Seismitoad|Seismitoad, M|100/100
|turn|1
|
|t:|1657825133
|move|p1a: Tornadus|Air Slash|p2a: Seismitoad
|-damage|p2a: Seismitoad|30/100
|cant|p2a: Seismitoad|flinch
|
|upkeep
|turn|2
|j| Italian Tifa
|c|☆paper returns|my luck has been ass this tour
|c|☆Pinkacross|srry
|c|☆paper returns|no sr for me
|
|t:|1657825151
|switch|p2a: Thundurus|Thundurus-Therian, M|100/100
|move|p1a: Tornadus|Air Slash|p2a: Thundurus
|-resisted|p2a: Thundurus
|-damage|p2a: Thundurus|60/100
|
|upkeep
|turn|3
|c|☆Pinkacross|perhaps u can get em later
|j| Sash Kricketune
|l| Italian Tifa
|j| IndeedeIsKing
|
|t:|1657825171
|switch|p1a: Scizor|Scizor, F|100/100
|switch|p2a: Ferrothorn|Ferrothorn, F|100/100
|
|upkeep
|turn|4
|l| IndeedeIsKing
|l| Sash Kricketune
|
|t:|1657825180
|move|p1a: Scizor|Knock Off|p2a: Ferrothorn
|-damage|p2a: Ferrothorn|83/100
|-damage|p1a: Scizor|88/100|[from] ability: Iron Barbs|[of] p2a: Ferrothorn
|-damage|p1a: Scizor|72/100|[from] item: Rocky Helmet|[of] p2a: Ferrothorn
|-enditem|p2a: Ferrothorn|Rocky Helmet|[from] move: Knock Off|[of] p1a: Scizor
|move|p2a: Ferrothorn|Spikes|p1a: Scizor
|-sidestart|p1: Pinkacross|Spikes
|
|-heal|p1a: Scizor|78/100|[from] item: Leftovers
|upkeep
|turn|5
|
|t:|1657825188
|move|p1a: Scizor|Swords Dance|p1a: Scizor
|-boost|p1a: Scizor|atk|2
|move|p2a: Ferrothorn|Knock Off|p1a: Scizor
|-damage|p1a: Scizor|56/100
|-enditem|p1a: Scizor|Leftovers|[from] move: Knock Off|[of] p2a: Ferrothorn
|
|upkeep
|turn|6
|
|t:|1657825195
|switch|p2a: Volcanion|Volcanion|100/100
|move|p1a: Scizor|U-turn|p2a: Volcanion
|-resisted|p2a: Volcanion
|-damage|p2a: Volcanion|71/100
|
|t:|1657825200
|switch|p1a: Mantine|Mantine, M|100/100|[from]move: U-turn
|
|upkeep
|turn|7
|
|t:|1657825214
|switch|p2a: Ferrothorn|Ferrothorn, F|83/100
|move|p1a: Mantine|Toxic|p2a: Ferrothorn
|-immune|p2a: Ferrothorn
|
|upkeep
|turn|8
|
|t:|1657825223
|switch|p1a: Tornadus|Tornadus-Therian, M|100/100
|switch|p2a: Volcanion|Volcanion|71/100
|
|upkeep
|turn|9
|
|t:|1657825236
|move|p1a: Tornadus|U-turn|p2a: Volcanion
|-resisted|p2a: Volcanion
|-damage|p2a: Volcanion|63/100
|j| Uyulala
|
|t:|1657825239
|switch|p1a: Mantine|Mantine, M|100/100|[from]move: U-turn
|move|p2a: Volcanion|Steam Eruption|p1a: Mantine
|-immune|p1a: Mantine|[from] ability: Water Absorb
|
|upkeep
|turn|10
|
|t:|1657825251
|switch|p2a: Kabutops|Kabutops, M|100/100
|move|p1a: Mantine|Defog|p2a: Kabutops
|-unboost|p2a: Kabutops|evasion|1
|-sideend|p1: Pinkacross|Spikes|[from] move: Defog|[of] p1a: Mantine
|
|upkeep
|turn|11
|
|t:|1657825256
|switch|p1a: Seismitoad|Seismitoad, M|100/100
|move|p2a: Kabutops|Swords Dance|p2a: Kabutops
|-boost|p2a: Kabutops|atk|2
|
|upkeep
|turn|12
|
|t:|1657825265
|move|p2a: Kabutops|Waterfall|p1a: Seismitoad
|-immune|p1a: Seismitoad|[from] ability: Water Absorb
|move|p1a: Seismitoad|Earthquake|p2a: Kabutops
|-supereffective|p2a: Kabutops
|-damage|p2a: Kabutops|12/100
|
|upkeep
|turn|13
|c|☆paper returns|double absorb
|c|☆paper returns|you dog
|j| L'chonk
|c|☆Pinkacross|lol yea
|c|☆Pinkacross|its an all rain tour
|j| BasketBall Fan 39
|inactive|paper returns has 120 seconds left.
|
|t:|1657825299
|move|p2a: Kabutops|Superpower|p1a: Seismitoad
|-damage|p1a: Seismitoad|28/100
|-unboost|p2a: Kabutops|atk|1
|-unboost|p2a: Kabutops|def|1
|-damage|p2a: Kabutops|2/100|[from] item: Life Orb
|move|p1a: Seismitoad|Earthquake|p2a: Kabutops
|-supereffective|p2a: Kabutops
|-damage|p2a: Kabutops|0 fnt
|faint|p2a: Kabutops
|
|-heal|p1a: Seismitoad|34/100|[from] item: Leftovers
|upkeep
|j| fork you phil
|inactive|paper returns has 120 seconds left.
|
|t:|1657825308
|switch|p2a: Seismitoad|Seismitoad, M|30/100
|turn|14
|inactive|paper returns has 120 seconds left.
|
|t:|1657825321
|switch|p1a: Mantine|Mantine, M|100/100
|move|p2a: Seismitoad|Grass Knot|p1a: Mantine
|-damage|p1a: Mantine|71/100
|-damage|p2a: Seismitoad|20/100|[from] item: Life Orb
|
|upkeep
|turn|15
|
|t:|1657825328
|switch|p2a: Ferrothorn|Ferrothorn, F|83/100
|move|p1a: Mantine|Toxic|p2a: Ferrothorn
|-immune|p2a: Ferrothorn
|
|upkeep
|turn|16
|
|t:|1657825336
|switch|p1a: Tornadus|Tornadus-Therian, M|100/100
|move|p2a: Ferrothorn|Leech Seed|p1a: Tornadus
|-start|p1a: Tornadus|move: Leech Seed
|
|-damage|p1a: Tornadus|88/100|[from] Leech Seed|[of] p2a: Ferrothorn
|-heal|p2a: Ferrothorn|94/100|[silent]
|upkeep
|turn|17
|
|t:|1657825339
|switch|p2a: Volcanion|Volcanion|63/100
|move|p1a: Tornadus|Heat Wave|p2a: Volcanion
|-resisted|p2a: Volcanion
|-damage|p2a: Volcanion|49/100
|
|-damage|p1a: Tornadus|76/100|[from] Leech Seed|[of] p2a: Volcanion
|-heal|p2a: Volcanion|61/100|[silent]
|upkeep
|turn|18
|
|t:|1657825349
|switch|p1a: Mantine|Mantine, M|71/100
|switch|p2a: Thundurus|Thundurus-Therian, M|60/100
|
|upkeep
|turn|19
|
|t:|1657825358
|switch|p1a: Scizor|Scizor, F|56/100
|move|p2a: Thundurus|Nasty Plot|p2a: Thundurus
|-boost|p2a: Thundurus|spa|2
|
|upkeep
|turn|20
|
|t:|1657825365
|move|p2a: Thundurus|Thunder|p1a: Scizor|[miss]
|-miss|p2a: Thundurus|p1a: Scizor
|move|p1a: Scizor|Knock Off|p2a: Thundurus
|-damage|p2a: Thundurus|20/100
|-enditem|p2a: Thundurus|Heavy-Duty Boots|[from] move: Knock Off|[of] p1a: Scizor
|
|upkeep
|turn|21
|c|☆Pinkacross|ach
|c|☆Pinkacross|srry
|c| L'chonk|f
|j| mmllmollppl
|l| L'chonk
|c|☆paper returns|lol
|
|t:|1657825375
|move|p2a: Thundurus|Focus Blast|p1a: Scizor|[miss]
|-miss|p2a: Thundurus|p1a: Scizor
|move|p1a: Scizor|U-turn|p2a: Thundurus
|-resisted|p2a: Thundurus
|-damage|p2a: Thundurus|0 fnt
|faint|p2a: Thundurus
|c|☆paper returns|ok gg
|c|☆Pinkacross|ah
|c|☆Pinkacross|yikerz
|-message|paper returns forfeited.
|
|win|Pinkacross
|n|☆Pinkacross|pinkacross
|n|☆paper returns|paperreturns
|n| yeshahR|yeshahr
|n| nxvnt|nxvnt
|n| ripreckful|ripreckful
|n| Sww-Suwa|swwsuwa
|n| purple13|purple13
|n| Uyulala|uyulala
|n| BasketBall Fan 39|basketballfan39
|n| fork you phil|forkyouphil
|n| mmllmollppl|mmllmollppl
|l|☆paper returns
|l| Sww-Suwa
|c|☆Pinkacross|gg srry
|l| fork you phil
