|raw|<div class="broadcast-blue"><strong>This battle is required to be public due to a player having a name starting with 'lt92pf'.</div>
|j|☆Plasmeek
|j|☆LT92PF Lio
|t:|1659878753
|gametype|singles
|player|p1|Plasmeek|2|1779
|player|p2|LT92PF Lio|2|1835
|teamsize|p1|6
|teamsize|p2|6
|gen|8
|tier|[Gen 8] OU
|rated|
|rule|Sleep Clause Mod: Limit one foe put to sleep
|rule|Species Clause: Limit one of each Pokémon
|rule|OHKO Clause: OHKO moves are banned
|rule|Evasion Items Clause: Evasion items are banned
|rule|Evasion Moves Clause: Evasion moves are banned
|rule|Endless Battle Clause: Forcing endless battles is banned
|rule|HP Percentage Mod: HP is shown in percentages
|rule|Dynamax Clause: You cannot dynamax
|clearpoke
|poke|p1|Skarmory, F|
|poke|p1|Hippowdon, M|
|poke|p1|Tapu Koko|
|poke|p1|Reuniclus, M|
|poke|p1|Toxapex, F|
|poke|p1|Tornadus-Therian, M|
|poke|p2|Weavile, M|
|poke|p2|Venusaur, M|
|poke|p2|Torkoal, F|
|poke|p2|Heatran, M|
|poke|p2|Tornadus-Therian, M|
|poke|p2|Garchomp, M|
|teampreview
|j| BattleBlaziken83
|
|t:|1659878769
|start
|switch|p1a: Tornadus|Tornadus-Therian, M|100/100
|switch|p2a: Torkoal|Torkoal, F|100/100
|-weather|SunnyDay|[from] ability: Drought|[of] p2a: Torkoal
|turn|1
|j| yop on the flux
|
|t:|1659878792
|move|p1a: Tornadus|Knock Off|p2a: Torkoal
|-damage|p2a: Torkoal|89/100
|-enditem|p2a: Torkoal|Heat Rock|[from] move: Knock Off|[of] p1a: Tornadus
|move|p2a: Torkoal|Toxic|p1a: Tornadus
|-status|p1a: Tornadus|tox
|
|-weather|SunnyDay|[upkeep]
|-damage|p1a: Tornadus|94/100 tox|[from] psn
|upkeep
|turn|2
|
|t:|1659878796
|move|p1a: Tornadus|U-turn|p2a: Torkoal
|-resisted|p2a: Torkoal
|-damage|p2a: Torkoal|85/100
|
|t:|1659878799
|switch|p1a: Hippowdon|Hippowdon, M|100/100|[from]move: U-turn
|-weather|Sandstorm|[from] ability: Sand Stream|[of] p1a: Hippowdon
|move|p2a: Torkoal|Stealth Rock|p1a: Hippowdon
|-sidestart|p1: Plasmeek|move: Stealth Rock
|
|-weather|Sandstorm|[upkeep]
|-damage|p2a: Torkoal|79/100|[from] Sandstorm
|upkeep
|turn|3
|
|t:|1659878806
|move|p1a: Hippowdon|Earthquake|p2a: Torkoal
|-supereffective|p2a: Torkoal
|-damage|p2a: Torkoal|33/100
|move|p2a: Torkoal|Toxic|p1a: Hippowdon|[miss]
|-miss|p2a: Torkoal|p1a: Hippowdon
|
|-weather|Sandstorm|[upkeep]
|-damage|p2a: Torkoal|26/100|[from] Sandstorm
|upkeep
|turn|4
|
|t:|1659878812
|move|p1a: Hippowdon|Stealth Rock|p2a: Torkoal
|-sidestart|p2: LT92PF Lio|move: Stealth Rock
|move|p2a: Torkoal|Toxic|p1a: Hippowdon
|-status|p1a: Hippowdon|tox
|
|-weather|Sandstorm|[upkeep]
|-damage|p2a: Torkoal|20/100|[from] Sandstorm
|-damage|p1a: Hippowdon|94/100 tox|[from] psn
|upkeep
|turn|5
|
|t:|1659878817
|switch|p2a: Tornadus|Tornadus-Therian, M|100/100
|move|p1a: Hippowdon|Earthquake|p2a: Tornadus
|-immune|p2a: Tornadus
|
|-weather|Sandstorm|[upkeep]
|-damage|p2a: Tornadus|94/100|[from] Sandstorm
|-heal|p1a: Hippowdon|100/100 tox|[from] item: Leftovers
|-damage|p1a: Hippowdon|88/100 tox|[from] psn
|upkeep
|turn|6
|
|t:|1659878829
|switch|p1a: Toxapex|Toxapex, F|100/100
|-damage|p1a: Toxapex|88/100|[from] Stealth Rock
|move|p2a: Tornadus|Knock Off|p1a: Toxapex
|-damage|p1a: Toxapex|72/100
|-enditem|p1a: Toxapex|Shed Shell|[from] move: Knock Off|[of] p2a: Tornadus
|
|-weather|none
|upkeep
|turn|7
|j| Lt92pf addicted
|
|t:|1659878834
|move|p2a: Tornadus|Defog|p1a: Toxapex
|-unboost|p1a: Toxapex|evasion|1
|-sideend|p1: Plasmeek|Stealth Rock|[from] move: Defog|[of] p2a: Tornadus
|-sideend|p2: LT92PF Lio|Stealth Rock|[from] move: Defog|[of] p2a: Tornadus
|move|p1a: Toxapex|Scald|p2a: Tornadus
|-damage|p2a: Tornadus|78/100
|-status|p2a: Tornadus|brn
|
|-damage|p2a: Tornadus|72/100 brn|[from] brn
|upkeep
|turn|8
|j| Amelza
|j|+Rencube
|inactive|Battle timer is ON: inactive players will automatically lose when time's up. (requested by Plasmeek)
|
|t:|1659878872
|move|p2a: Tornadus|Heat Wave|p1a: Toxapex
|-resisted|p1a: Toxapex
|-damage|p1a: Toxapex|64/100
|move|p1a: Toxapex|Scald|p2a: Tornadus
|-damage|p2a: Tornadus|55/100 brn
|
|-damage|p2a: Tornadus|49/100 brn|[from] brn
|upkeep
|turn|9
|
|t:|1659878877
|move|p2a: Tornadus|U-turn|p1a: Toxapex
|-resisted|p1a: Toxapex
|-damage|p1a: Toxapex|61/100
|
|t:|1659878883
|switch|p2a: Torkoal|Torkoal, F|20/100|[from]move: U-turn
|-weather|SunnyDay|[from] ability: Drought|[of] p2a: Torkoal
|move|p1a: Toxapex|Scald|p2a: Torkoal
|-supereffective|p2a: Torkoal
|-crit|p2a: Torkoal
|-damage|p2a: Torkoal|0 fnt
|faint|p2a: Torkoal
|
|-weather|SunnyDay|[upkeep]
|upkeep
|
|t:|1659878890
|switch|p2a: Garchomp|Garchomp, M|100/100
|turn|10
|j| pz29
|j| AlIoutdragadarts
|
|t:|1659878909
|switch|p1a: Hippowdon|Hippowdon, M|88/100 tox
|-weather|Sandstorm|[from] ability: Sand Stream|[of] p1a: Hippowdon
|move|p2a: Garchomp|Swords Dance|p2a: Garchomp
|-boost|p2a: Garchomp|atk|2
|
|-weather|Sandstorm|[upkeep]
|-heal|p1a: Hippowdon|94/100 tox|[from] item: Leftovers
|-damage|p1a: Hippowdon|88/100 tox|[from] psn
|upkeep
|turn|11
|
|t:|1659878916
|switch|p1a: Skarmory|Skarmory, F|100/100
|move|p2a: Garchomp|Scale Shot|p1a: Skarmory
|-resisted|p1a: Skarmory
|-damage|p1a: Skarmory|93/100
|-resisted|p1a: Skarmory
|-damage|p1a: Skarmory|86/100
|-resisted|p1a: Skarmory
|-damage|p1a: Skarmory|79/100
|-hitcount|p1a: Skarmory|3
|-unboost|p2a: Garchomp|def|1
|-boost|p2a: Garchomp|spe|1
|
|-weather|Sandstorm|[upkeep]
|upkeep
|turn|12
|
|t:|1659878920
|move|p2a: Garchomp|Fire Fang|p1a: Skarmory
|-supereffective|p1a: Skarmory
|-damage|p1a: Skarmory|25/100
|-damage|p2a: Garchomp|84/100|[from] item: Rocky Helmet|[of] p1a: Skarmory
|move|p1a: Skarmory|Roost|p1a: Skarmory
|-heal|p1a: Skarmory|75/100
|-singleturn|p1a: Skarmory|move: Roost
|
|-weather|Sandstorm|[upkeep]
|-heal|p2a: Garchomp|90/100|[from] item: Leftovers
|upkeep
|turn|13
|
|t:|1659878946
|move|p2a: Garchomp|Swords Dance|p2a: Garchomp
|-boost|p2a: Garchomp|atk|2
|move|p1a: Skarmory|Body Press|p2a: Garchomp
|-damage|p2a: Garchomp|40/100
|-damage|p1a: Skarmory|62/100|[from] ability: Rough Skin|[of] p2a: Garchomp
|
|-weather|Sandstorm|[upkeep]
|-heal|p2a: Garchomp|46/100|[from] item: Leftovers
|upkeep
|turn|14
|
|t:|1659878949
|move|p2a: Garchomp|Fire Fang|p1a: Skarmory
|-supereffective|p1a: Skarmory
|-damage|p1a: Skarmory|0 fnt
|-damage|p2a: Garchomp|29/100|[from] item: Rocky Helmet|[of] p1a: Skarmory
|faint|p1a: Skarmory
|
|-weather|none
|-heal|p2a: Garchomp|36/100|[from] item: Leftovers
|upkeep
|j| Really That Guy
|
|t:|1659878964
|switch|p1a: Tornadus|Tornadus-Therian, M|100/100 tox
|turn|15
|
|t:|1659878971
|move|p2a: Garchomp|Scale Shot|p1a: Tornadus
|-damage|p1a: Tornadus|60/100 tox
|-damage|p1a: Tornadus|21/100 tox
|-damage|p1a: Tornadus|0 fnt
|faint|p1a: Tornadus
|-hitcount|p1: Tornadus|3
|-unboost|p2a: Garchomp|def|1
|-boost|p2a: Garchomp|spe|1
|
|-heal|p2a: Garchomp|42/100|[from] item: Leftovers
|upkeep
|-message|Plasmeek forfeited.
|
|win|LT92PF Lio
|raw|Plasmeek's rating: 1779 &rarr; <strong>1762</strong><br />(-17 for losing)
|raw|LT92PF Lio's rating: 1835 &rarr; <strong>1852</strong><br />(+17 for winning)
|l|☆Plasmeek
|l| BattleBlaziken83
|j| Qintara
|l| Qintara
|l| pz29
|j| lt92pf suf
|l| yop on the flux
|l| lt92pf suf
||Ladder isn't responding, score probably updated but might not have (Request timeout).
|j| chokst du
|l| chokst du
|j| d18l
|l| d18l
|l|+Rencube
|j| FightFeraligatr83
|n| FightFeraligatr83|fightferaligatr83
|l| FightFeraligatr83
|j| Skyrio
|l| Skyrio
|j| yuzmv
|l| yuzmv
|j| Avic
|l| Avic
