|j|☆LudwigFrog
|j|☆Obsessiana
|t:|1636153360
|gametype|singles
|player|p1|LudwigFrog|hilbert-wonderlauncher|1638
|player|p2|Obsessiana|furisodegirl-pink|1677
|teamsize|p1|6
|teamsize|p2|6
|gen|8
|tier|[Gen 8] OU
|rated|
|rule|Sleep Clause Mod: Limit one foe put to sleep
|rule|Species Clause: Limit one of each Pokémon
|rule|OHKO Clause: OHKO moves are banned
|rule|Evasion Moves Clause: Evasion moves are banned
|rule|Endless Battle Clause: Forcing endless battles is banned
|rule|HP Percentage Mod: HP is shown in percentages
|rule|Dynamax Clause: You cannot dynamax
|clearpoke
|poke|p1|Tapu Fini|
|poke|p1|Landorus-Therian, M|
|poke|p1|Weavile, F|
|poke|p1|Urshifu-*, M|
|poke|p1|Tapu Koko|
|poke|p1|Corviknight, M|
|poke|p2|Grimmsnarl, M|
|poke|p2|Weavile, F|
|poke|p2|Ferrothorn, F|
|poke|p2|Tapu Fini|
|poke|p2|Victini|
|poke|p2|Hydreigon, M|
|teampreview
|inactive|Battle timer is ON: inactive players will automatically lose when time's up. (requested by LudwigFrog)
|j| Sup1c37
|
|t:|1636153377
|start
|switch|p1a: Tapu Koko|Tapu Koko|100/100
|switch|p2a: Grimmsnarl|Grimmsnarl, M|100/100
|-fieldstart|move: Electric Terrain|[from] ability: Electric Surge|[of] p1a: Tapu Koko
|turn|1
|
|t:|1636153386
|move|p2a: Grimmsnarl|Light Screen|p2a: Grimmsnarl
|-sidestart|p2: Obsessiana|move: Light Screen
|move|p1a: Tapu Koko|Dazzling Gleam|p2a: Grimmsnarl
|-supereffective|p2a: Grimmsnarl
|-crit|p2a: Grimmsnarl
|-damage|p2a: Grimmsnarl|0 fnt
|faint|p2a: Grimmsnarl
|
|upkeep
|c|☆Obsessiana|anyway
|
|t:|1636153403
|switch|p2a: Victini|Victini|100/100
|turn|2
|
|t:|1636153410
|switch|p1a: Landorus|Landorus-Therian, M|100/100
|-ability|p1a: Landorus|Intimidate|boost
|-unboost|p2a: Victini|atk|1
|move|p2a: Victini|V-create|p1a: Landorus
|-damage|p1a: Landorus|26/100
|-unboost|p2a: Victini|spe|1
|-unboost|p2a: Victini|def|1
|-unboost|p2a: Victini|spd|1
|
|-heal|p1a: Landorus|32/100|[from] item: Leftovers
|upkeep
|turn|3
|
|t:|1636153419
|switch|p2a: Hydreigon|Hydreigon, M|100/100
|move|p1a: Landorus|Earthquake|p2a: Hydreigon
|-immune|p2a: Hydreigon|[from] ability: Levitate
|
|-heal|p1a: Landorus|38/100|[from] item: Leftovers
|upkeep
|turn|4
|
|t:|1636153434
|switch|p2a: Ferrothorn|Ferrothorn, F|100/100
|move|p1a: Landorus|U-turn|p2a: Ferrothorn
|-damage|p2a: Ferrothorn|87/100
|-damage|p1a: Landorus|26/100|[from] ability: Iron Barbs|[of] p2a: Ferrothorn
|
|t:|1636153436
|switch|p1a: Urshifu|Urshifu-Rapid-Strike, M|100/100|[from]move: U-turn
|
|-heal|p2a: Ferrothorn|94/100|[from] item: Leftovers
|upkeep
|turn|5
|
|t:|1636153445
|switch|p2a: Tapu Fini|Tapu Fini|100/100
|-fieldstart|move: Misty Terrain|[from] ability: Misty Surge|[of] p2a: Tapu Fini
|move|p1a: Urshifu|Close Combat|p2a: Tapu Fini
|-resisted|p2a: Tapu Fini
|-damage|p2a: Tapu Fini|56/100
|-unboost|p1a: Urshifu|def|1
|-unboost|p1a: Urshifu|spd|1
|
|-heal|p2a: Tapu Fini|62/100|[from] item: Leftovers
|upkeep
|turn|6
|
|t:|1636153453
|switch|p1a: Corviknight|Corviknight, M|100/100
|-ability|p1a: Corviknight|Pressure
|move|p2a: Tapu Fini|Scald|p1a: Corviknight
|-damage|p1a: Corviknight|69/100
|
|-heal|p2a: Tapu Fini|68/100|[from] item: Leftovers
|upkeep
|turn|7
|
|t:|1636153460
|switch|p2a: Victini|Victini|100/100
|move|p1a: Corviknight|U-turn|p2a: Victini
|-damage|p2a: Victini|85/100
|
|t:|1636153465
|switch|p1a: Landorus|Landorus-Therian, M|26/100|[from]move: U-turn
|-ability|p1a: Landorus|Intimidate|boost
|-unboost|p2a: Victini|atk|1
|
|-heal|p1a: Landorus|32/100|[from] item: Leftovers
|upkeep
|turn|8
|
|t:|1636153471
|switch|p1a: Tapu Fini|Tapu Fini|100/100
|move|p2a: Victini|V-create|p1a: Tapu Fini
|-resisted|p1a: Tapu Fini
|-damage|p1a: Tapu Fini|68/100
|-unboost|p2a: Victini|spe|1
|-unboost|p2a: Victini|def|1
|-unboost|p2a: Victini|spd|1
|
|-heal|p1a: Tapu Fini|74/100|[from] item: Leftovers
|-sideend|p2: Obsessiana|move: Light Screen
|upkeep
|turn|9
|
|t:|1636153476
|switch|p2a: Ferrothorn|Ferrothorn, F|94/100
|move|p1a: Tapu Fini|Whirlpool|p2a: Ferrothorn
|-resisted|p2a: Ferrothorn
|-damage|p2a: Ferrothorn|89/100
|-activate|p2a: Ferrothorn|move: Whirlpool|[of] p1a: Tapu Fini
|
|-heal|p1a: Tapu Fini|80/100|[from] item: Leftovers
|-heal|p2a: Ferrothorn|95/100|[from] item: Leftovers
|-damage|p2a: Ferrothorn|82/100|[from] move: Whirlpool|[partiallytrapped]
|-fieldend|Misty Terrain
|upkeep
|turn|10
|
|t:|1636153487
|move|p1a: Tapu Fini|Taunt|p2a: Ferrothorn
|-start|p2a: Ferrothorn|move: Taunt
|move|p2a: Ferrothorn|Power Whip|p1a: Tapu Fini
|-supereffective|p1a: Tapu Fini
|-damage|p1a: Tapu Fini|17/100
|
|-heal|p1a: Tapu Fini|23/100|[from] item: Leftovers
|-heal|p2a: Ferrothorn|89/100|[from] item: Leftovers
|-damage|p2a: Ferrothorn|76/100|[from] move: Whirlpool|[partiallytrapped]
|upkeep
|turn|11
|
|t:|1636153494
|switch|p1a: Corviknight|Corviknight, M|69/100
|-ability|p1a: Corviknight|Pressure
|move|p2a: Ferrothorn|Power Whip|p1a: Corviknight
|-resisted|p1a: Corviknight
|-damage|p1a: Corviknight|62/100
|-damage|p2a: Ferrothorn|60/100|[from] item: Rocky Helmet|[of] p1a: Corviknight
|
|-heal|p2a: Ferrothorn|66/100|[from] item: Leftovers
|-end|p2a: Ferrothorn|Whirlpool|[partiallytrapped]|[silent]
|upkeep
|turn|12
|inactive|LudwigFrog has 120 seconds left.
|
|t:|1636153553
|switch|p2a: Victini|Victini|85/100
|move|p1a: Corviknight|U-turn|p2a: Victini
|-damage|p2a: Victini|71/100
|
|t:|1636153556
|switch|p1a: Weavile|Weavile, F|100/100|[from]move: U-turn
|-ability|p1a: Weavile|Pressure
|
|upkeep
|turn|13
|
|t:|1636153576
|switch|p2a: Tapu Fini|Tapu Fini|68/100
|-fieldstart|move: Misty Terrain|[from] ability: Misty Surge|[of] p2a: Tapu Fini
|move|p1a: Weavile|Knock Off|p2a: Tapu Fini
|-resisted|p2a: Tapu Fini
|-damage|p2a: Tapu Fini|48/100
|-enditem|p2a: Tapu Fini|Leftovers|[from] move: Knock Off|[of] p1a: Weavile
|
|upkeep
|turn|14
|
|t:|1636153585
|switch|p1a: Tapu Fini|Tapu Fini|23/100
|move|p2a: Tapu Fini|Calm Mind|p2a: Tapu Fini
|-boost|p2a: Tapu Fini|spa|1
|-boost|p2a: Tapu Fini|spd|1
|
|-heal|p1a: Tapu Fini|30/100|[from] item: Leftovers
|upkeep
|turn|15
|
|t:|1636153590
|move|p1a: Tapu Fini|Taunt|p2a: Tapu Fini
|-start|p2a: Tapu Fini|move: Taunt
|move|p2a: Tapu Fini|Moonblast|p1a: Tapu Fini
|-damage|p1a: Tapu Fini|0 fnt
|faint|p1a: Tapu Fini
|
|upkeep
|
|t:|1636153593
|switch|p1a: Tapu Koko|Tapu Koko|100/100
|-fieldstart|move: Electric Terrain|[from] ability: Electric Surge|[of] p1a: Tapu Koko
|turn|16
|
|t:|1636153598
|switch|p2a: Hydreigon|Hydreigon, M|100/100
|move|p1a: Tapu Koko|Volt Switch|p2a: Hydreigon
|-resisted|p2a: Hydreigon
|-damage|p2a: Hydreigon|70/100
|
|t:|1636153603
|switch|p1a: Landorus|Landorus-Therian, M|32/100|[from]move: Volt Switch
|-ability|p1a: Landorus|Intimidate|boost
|-unboost|p2a: Hydreigon|atk|1
|
|-heal|p1a: Landorus|38/100|[from] item: Leftovers
|upkeep
|turn|17
|
|t:|1636153623
|move|p2a: Hydreigon|Dark Pulse|p1a: Landorus
|-damage|p1a: Landorus|0 fnt
|faint|p1a: Landorus
|
|upkeep
|
|t:|1636153629
|switch|p1a: Weavile|Weavile, F|100/100
|-ability|p1a: Weavile|Pressure
|turn|18
|
|t:|1636153635
|switch|p2a: Weavile|Weavile, F|100/100
|-ability|p2a: Weavile|Pressure
|move|p1a: Weavile|Swords Dance|p1a: Weavile
|-boost|p1a: Weavile|atk|2
|
|upkeep
|turn|19
|
|t:|1636153642
|move|p2a: Weavile|Low Kick|p1a: Weavile
|-supereffective|p1a: Weavile
|-damage|p1a: Weavile|0 fnt
|faint|p1a: Weavile
|
|upkeep
|
|t:|1636153645
|switch|p1a: Urshifu|Urshifu-Rapid-Strike, M|100/100
|turn|20
|
|t:|1636153658
|move|p2a: Weavile|Knock Off|p1a: Urshifu
|-resisted|p1a: Urshifu
|-damage|p1a: Urshifu|77/100
|-enditem|p1a: Urshifu|Choice Band|[from] move: Knock Off|[of] p2a: Weavile
|move|p1a: Urshifu|Close Combat|p2a: Weavile
|-supereffective|p2a: Weavile
|-damage|p2a: Weavile|0 fnt
|-unboost|p1a: Urshifu|def|1
|-unboost|p1a: Urshifu|spd|1
|faint|p2a: Weavile
|
|-fieldend|move: Electric Terrain
|upkeep
|
|t:|1636153666
|switch|p2a: Tapu Fini|Tapu Fini|48/100
|-fieldstart|move: Misty Terrain|[from] ability: Misty Surge|[of] p2a: Tapu Fini
|turn|21
|
|t:|1636153673
|switch|p1a: Corviknight|Corviknight, M|62/100
|-ability|p1a: Corviknight|Pressure
|move|p2a: Tapu Fini|Moonblast|p1a: Corviknight
|-resisted|p1a: Corviknight
|-damage|p1a: Corviknight|45/100
|
|upkeep
|turn|22
|
|t:|1636153681
|move|p2a: Tapu Fini|Moonblast|p1a: Corviknight
|-resisted|p1a: Corviknight
|-damage|p1a: Corviknight|26/100
|move|p1a: Corviknight|U-turn|p2a: Tapu Fini
|-resisted|p2a: Tapu Fini
|-damage|p2a: Tapu Fini|42/100
|l| Sup1c37
|
|t:|1636153703
|switch|p1a: Tapu Koko|Tapu Koko|100/100|[from]move: U-turn
|-fieldstart|move: Electric Terrain|[from] ability: Electric Surge|[of] p1a: Tapu Koko
|
|upkeep
|turn|23
|
|t:|1636153711
|switch|p2a: Ferrothorn|Ferrothorn, F|66/100
|move|p1a: Tapu Koko|Volt Switch|p2a: Ferrothorn
|-resisted|p2a: Ferrothorn
|-damage|p2a: Ferrothorn|43/100
|
|t:|1636153715
|switch|p1a: Urshifu|Urshifu-Rapid-Strike, M|77/100|[from]move: Volt Switch
|
|-heal|p2a: Ferrothorn|49/100|[from] item: Leftovers
|upkeep
|turn|24
|
|t:|1636153721
|switch|p2a: Victini|Victini|71/100
|move|p1a: Urshifu|Close Combat|p2a: Victini
|-resisted|p2a: Victini
|-damage|p2a: Victini|39/100
|-unboost|p1a: Urshifu|def|1
|-unboost|p1a: Urshifu|spd|1
|
|upkeep
|turn|25
|
|t:|1636153736
|switch|p1a: Corviknight|Corviknight, M|26/100
|-ability|p1a: Corviknight|Pressure
|move|p2a: Victini|Bolt Strike|p1a: Corviknight
|-supereffective|p1a: Corviknight
|-damage|p1a: Corviknight|0 fnt
|-damage|p2a: Victini|22/100|[from] item: Rocky Helmet|[of] p1a: Corviknight
|faint|p1a: Corviknight
|
|upkeep
|
|t:|1636153738
|switch|p1a: Tapu Koko|Tapu Koko|100/100
|turn|26
|j| Sup1c37
|
|t:|1636153748
|move|p1a: Tapu Koko|Volt Switch|p2a: Victini
|-damage|p2a: Victini|0 fnt
|faint|p2a: Victini
|
|t:|1636153752
|switch|p1a: Urshifu|Urshifu-Rapid-Strike, M|77/100|[from]move: Volt Switch
|
|-fieldend|move: Electric Terrain
|upkeep
|
|t:|1636153757
|switch|p2a: Tapu Fini|Tapu Fini|42/100
|-fieldstart|move: Misty Terrain|[from] ability: Misty Surge|[of] p2a: Tapu Fini
|turn|27
|
|t:|1636153761
|move|p1a: Urshifu|Close Combat|p2a: Tapu Fini
|-resisted|p2a: Tapu Fini
|-damage|p2a: Tapu Fini|13/100
|-unboost|p1a: Urshifu|def|1
|-unboost|p1a: Urshifu|spd|1
|move|p2a: Tapu Fini|Moonblast|p1a: Urshifu
|-supereffective|p1a: Urshifu
|-damage|p1a: Urshifu|0 fnt
|faint|p1a: Urshifu
|
|upkeep
|
|t:|1636153763
|switch|p1a: Tapu Koko|Tapu Koko|100/100
|-fieldstart|move: Electric Terrain|[from] ability: Electric Surge|[of] p1a: Tapu Koko
|turn|28
|
|t:|1636153781
|move|p1a: Tapu Koko|Dazzling Gleam|p2a: Tapu Fini
|-damage|p2a: Tapu Fini|0 fnt
|faint|p2a: Tapu Fini
|
|upkeep
|
|t:|1636153783
|switch|p2a: Ferrothorn|Ferrothorn, F|49/100
|turn|29
|
|t:|1636153791
|move|p1a: Tapu Koko|Dazzling Gleam|p2a: Ferrothorn
|-resisted|p2a: Ferrothorn
|-damage|p2a: Ferrothorn|27/100
|move|p2a: Ferrothorn|Leech Seed|p1a: Tapu Koko
|-start|p1a: Tapu Koko|move: Leech Seed
|
|-heal|p2a: Ferrothorn|33/100|[from] item: Leftovers
|-damage|p1a: Tapu Koko|88/100|[from] Leech Seed|[of] p2a: Ferrothorn
|-heal|p2a: Ferrothorn|43/100|[silent]
|upkeep
|turn|30
|
|t:|1636153800
|move|p1a: Tapu Koko|Dazzling Gleam|p2a: Ferrothorn
|-resisted|p2a: Ferrothorn
|-damage|p2a: Ferrothorn|21/100
|move|p2a: Ferrothorn|Gyro Ball|p1a: Tapu Koko
|-damage|p1a: Tapu Koko|18/100
|
|-heal|p2a: Ferrothorn|27/100|[from] item: Leftovers
|-damage|p1a: Tapu Koko|5/100|[from] Leech Seed|[of] p2a: Ferrothorn
|-heal|p2a: Ferrothorn|37/100|[silent]
|upkeep
|turn|31
|-message|LudwigFrog forfeited.
|
|win|Obsessiana
|raw|LudwigFrog's rating: 1638 &rarr; <strong>1620</strong><br />(-18 for losing)
|raw|Obsessiana's rating: 1677 &rarr; <strong>1695</strong><br />(+18 for winning)
|l|☆LudwigFrog
