|raw|<div class="broadcast-blue"><strong>This battle is required to be public due to a player having a name starting with 'lt93oq'.</div>
|j|☆Hostile Takeovers
|j|☆LT93OQ Dasmer
|t:|1660563898
|gametype|singles
|player|p1|Hostile Takeovers|giovanni-gen3|1834
|player|p2|LT93OQ Dasmer|rei|1905
|teamsize|p1|6
|teamsize|p2|6
|gen|8
|tier|[Gen 8] OU
|rated|
|rule|Sleep Clause Mod: Limit one foe put to sleep
|rule|Species Clause: Limit one of each Pokémon
|rule|OHKO Clause: OHKO moves are banned
|rule|Evasion Items Clause: Evasion items are banned
|rule|Evasion Moves Clause: Evasion moves are banned
|rule|Endless Battle Clause: Forcing endless battles is banned
|rule|HP Percentage Mod: HP is shown in percentages
|rule|Dynamax Clause: You cannot dynamax
|clearpoke
|poke|p1|Dragonite, F|
|poke|p1|Ferrothorn, F|
|poke|p1|Clefable, M|
|poke|p1|Heatran, M|
|poke|p1|Rillaboom, F|
|poke|p1|Zapdos|
|poke|p2|Garchomp, M|
|poke|p2|Skarmory, M|
|poke|p2|Rotom-Wash|
|poke|p2|Slowking-Galar, F|
|poke|p2|Ferrothorn, M|
|poke|p2|Weavile, M|
|teampreview
|inactive|Battle timer is ON: inactive players will automatically lose when time's up. (requested by Hostile Takeovers)
|j| LT93OQRandAlThor
|j| Neajhao
|j| LT93OQAntonioRecio
|inactive|LT93OQ Dasmer has 120 seconds left.
|j| Qintara
|
|t:|1660563937
|start
|switch|p1a: Companion|Clefable, M|100/100
|switch|p2a: Slowking|Slowking-Galar, F|100/100
|turn|1
|
|t:|1660563942
|switch|p1a: Cohort|Ferrothorn, F|100/100
|move|p2a: Slowking|Sludge Bomb|p1a: Cohort
|-immune|p1a: Cohort
|
|upkeep
|turn|2
|
|t:|1660563952
|switch|p1a: Comrade|Heatran, M|100/100
|move|p2a: Slowking|Flamethrower|p1a: Comrade
|-start|p1a: Comrade|ability: Flash Fire
|
|upkeep
|turn|3
|
|t:|1660563958
|switch|p2a: Garchomp|Garchomp, M|100/100
|move|p1a: Comrade|Magma Storm|p2a: Garchomp|[miss]
|-miss|p1a: Comrade|p2a: Garchomp
|
|upkeep
|turn|4
|j| LT93OQ ffffff
|
|t:|1660563964
|-end|p1a: Comrade|ability: Flash Fire|[silent]
|switch|p1a: Ally|Rillaboom, F|100/100
|-fieldstart|move: Grassy Terrain|[from] ability: Grassy Surge|[of] p1a: Ally
|move|p2a: Garchomp|Swords Dance|p2a: Garchomp
|-boost|p2a: Garchomp|atk|2
|
|upkeep
|turn|5
|
|t:|1660563972
|switch|p1a: Companion|Clefable, M|100/100
|move|p2a: Garchomp|Fire Fang|p1a: Companion
|-damage|p1a: Companion|65/100
|
|-heal|p1a: Companion|71/100|[from] Grassy Terrain
|-heal|p1a: Companion|78/100|[from] item: Leftovers
|upkeep
|turn|6
|
|t:|1660563980
|move|p2a: Garchomp|Earthquake|p1a: Companion
|-damage|p1a: Companion|39/100
|move|p1a: Companion|Soft-Boiled|p1a: Companion
|-heal|p1a: Companion|89/100
|
|-heal|p1a: Companion|95/100|[from] Grassy Terrain
|-heal|p1a: Companion|100/100|[from] item: Leftovers
|upkeep
|turn|7
|j| Livio el Tito
|
|t:|1660563988
|switch|p2a: Slowking|Slowking-Galar, F|100/100
|move|p1a: Companion|Moonblast|p2a: Slowking
|-resisted|p2a: Slowking
|-damage|p2a: Slowking|88/100
|
|-heal|p2a: Slowking|94/100|[from] Grassy Terrain
|upkeep
|turn|8
|j| Bushido Black
|
|t:|1660563995
|switch|p1a: Comrade|Heatran, M|100/100
|switch|p2a: Garchomp|Garchomp, M|100/100
|
|-fieldend|move: Grassy Terrain
|upkeep
|turn|9
|j| batdiaer
|
|t:|1660564010
|switch|p1a: Companion|Clefable, M|100/100
|move|p2a: Garchomp|Swords Dance|p2a: Garchomp
|-boost|p2a: Garchomp|atk|2
|
|upkeep
|turn|10
|
|t:|1660564017
|move|p2a: Garchomp|Earthquake|p1a: Companion
|-damage|p1a: Companion|26/100
|move|p1a: Companion|Moonblast|p2a: Garchomp
|-supereffective|p2a: Garchomp
|-damage|p2a: Garchomp|38/100
|-unboost|p2a: Garchomp|spa|1
|
|-heal|p2a: Garchomp|44/100|[from] item: Leftovers
|-heal|p1a: Companion|32/100|[from] item: Leftovers
|upkeep
|turn|11
|
|t:|1660564027
|switch|p1a: Ally|Rillaboom, F|100/100
|-fieldstart|move: Grassy Terrain|[from] ability: Grassy Surge|[of] p1a: Ally
|move|p2a: Garchomp|Fire Fang|p1a: Ally
|-supereffective|p1a: Ally
|-damage|p1a: Ally|1/100
|
|-heal|p2a: Garchomp|50/100|[from] Grassy Terrain
|-heal|p2a: Garchomp|56/100|[from] item: Leftovers
|-heal|p1a: Ally|8/100|[from] Grassy Terrain
|upkeep
|turn|12
|
|t:|1660564037
|switch|p2a: Skarmory|Skarmory, M|100/100
|move|p1a: Ally|Superpower|p2a: Skarmory
|-damage|p2a: Skarmory|62/100
|-unboost|p1a: Ally|atk|1
|-unboost|p1a: Ally|def|1
|-damage|p1a: Ally|0 fnt|[from] item: Rocky Helmet|[of] p2a: Skarmory
|faint|p1a: Ally
|
|upkeep
|j| StarGalxie
|
|t:|1660564055
|switch|p1a: Companion|Clefable, M|32/100
|turn|13
|
|t:|1660564059
|move|p2a: Skarmory|Stealth Rock|p1a: Companion
|-sidestart|p1: Hostile Takeovers|move: Stealth Rock
|move|p1a: Companion|Stealth Rock|p2a: Skarmory
|-sidestart|p2: LT93OQ Dasmer|move: Stealth Rock
|
|-heal|p1a: Companion|39/100|[from] Grassy Terrain
|-heal|p1a: Companion|45/100|[from] item: Leftovers
|upkeep
|turn|14
|j| LT93OQ antisocial
|
|t:|1660564070
|switch|p2a: Slowking|Slowking-Galar, F|100/100
|move|p1a: Companion|Soft-Boiled|p1a: Companion
|-heal|p1a: Companion|95/100
|
|-heal|p1a: Companion|100/100|[from] Grassy Terrain
|upkeep
|turn|15
|
|t:|1660564077
|switch|p1a: Comrade|Heatran, M|100/100
|-damage|p1a: Comrade|88/100|[from] Stealth Rock
|switch|p2a: Garchomp|Garchomp, M|56/100
|-damage|p2a: Garchomp|50/100|[from] Stealth Rock
|
|-heal|p2a: Garchomp|56/100|[from] Grassy Terrain
|-heal|p2a: Garchomp|62/100|[from] item: Leftovers
|-heal|p1a: Comrade|94/100|[from] Grassy Terrain
|-heal|p1a: Comrade|100/100|[from] item: Leftovers
|-fieldend|move: Grassy Terrain
|upkeep
|turn|16
|j| Accidere ☁@!
|
|t:|1660564089
|switch|p1a: Companion|Clefable, M|100/100
|move|p2a: Garchomp|Earthquake|p1a: Companion
|-crit|p1a: Companion
|-damage|p1a: Companion|37/100
|
|-heal|p2a: Garchomp|69/100|[from] item: Leftovers
|-heal|p1a: Companion|44/100|[from] item: Leftovers
|upkeep
|turn|17
|
|t:|1660564098
|move|p2a: Garchomp|Earthquake|p1a: Companion
|-damage|p1a: Companion|5/100
|move|p1a: Companion|Soft-Boiled|p1a: Companion
|-heal|p1a: Companion|55/100
|
|-heal|p2a: Garchomp|75/100|[from] item: Leftovers
|-heal|p1a: Companion|61/100|[from] item: Leftovers
|upkeep
|turn|18
|
|t:|1660564103
|switch|p2a: Slowking|Slowking-Galar, F|100/100
|move|p1a: Companion|Soft-Boiled|p1a: Companion
|-heal|p1a: Companion|100/100
|
|upkeep
|turn|19
|
|t:|1660564107
|switch|p1a: Comrade|Heatran, M|100/100
|-damage|p1a: Comrade|88/100|[from] Stealth Rock
|move|p2a: Slowking|Sludge Bomb|p1a: Comrade
|-immune|p1a: Comrade
|
|-heal|p1a: Comrade|94/100|[from] item: Leftovers
|upkeep
|turn|20
|j| LT93OQ Origami♕
|
|t:|1660564115
|switch|p2a: Rotom|Rotom-Wash|100/100
|-damage|p2a: Rotom|88/100|[from] Stealth Rock
|move|p1a: Comrade|Magma Storm|p2a: Rotom
|-resisted|p2a: Rotom
|-damage|p2a: Rotom|66/100
|-activate|p2a: Rotom|move: Magma Storm|[of] p1a: Comrade
|
|-heal|p2a: Rotom|73/100|[from] item: Leftovers
|-heal|p1a: Comrade|100/100|[from] item: Leftovers
|-damage|p2a: Rotom|60/100|[from] move: Magma Storm|[partiallytrapped]
|upkeep
|turn|21
|
|t:|1660564125
|move|p1a: Comrade|Protect|p1a: Comrade
|-singleturn|p1a: Comrade|Protect
|move|p2a: Rotom|Nasty Plot|p2a: Rotom
|-boost|p2a: Rotom|spa|2
|
|-heal|p2a: Rotom|66/100|[from] item: Leftovers
|-damage|p2a: Rotom|54/100|[from] move: Magma Storm|[partiallytrapped]
|upkeep
|turn|22
|j| AlIoutdragadarts
|j| dazzlingtogekisses
|
|t:|1660564134
|switch|p1a: Cohort|Ferrothorn, F|100/100
|-damage|p1a: Cohort|94/100|[from] Stealth Rock
|move|p2a: Rotom|Hydro Pump|p1a: Cohort
|-resisted|p1a: Cohort
|-damage|p1a: Cohort|57/100
|
|-heal|p2a: Rotom|60/100|[from] item: Leftovers
|-end|p2a: Rotom|Magma Storm|[partiallytrapped]|[silent]
|upkeep
|turn|23
|
|t:|1660564143
|move|p2a: Rotom|Discharge|p1a: Cohort
|-resisted|p1a: Cohort
|-damage|p1a: Cohort|31/100
|move|p1a: Cohort|Knock Off|p2a: Rotom
|-damage|p2a: Rotom|39/100
|-enditem|p2a: Rotom|Leftovers|[from] move: Knock Off|[of] p1a: Cohort
|
|upkeep
|turn|24
|
|t:|1660564151
|move|p2a: Rotom|Hydro Pump|p1a: Cohort
|-resisted|p1a: Cohort
|-damage|p1a: Cohort|0 fnt
|faint|p1a: Cohort
|
|upkeep
|
|t:|1660564156
|switch|p1a: Partner|Zapdos|100/100
|-ability|p1a: Partner|Pressure
|turn|25
|
|t:|1660564161
|move|p1a: Partner|Thunderbolt|p2a: Rotom
|-damage|p2a: Rotom|0 fnt
|faint|p2a: Rotom
|
|upkeep
|
|t:|1660564164
|switch|p2a: Weavile|Weavile, M|100/100
|-ability|p2a: Weavile|Pressure
|turn|26
|
|t:|1660564179
|switch|p1a: Companion|Clefable, M|100/100
|move|p2a: Weavile|Swords Dance|p2a: Weavile
|-boost|p2a: Weavile|atk|2
|
|upkeep
|turn|27
|l| Qintara
|
|t:|1660564184
|switch|p2a: Slowking|Slowking-Galar, F|100/100
|move|p1a: Companion|Moonblast|p2a: Slowking
|-resisted|p2a: Slowking
|-damage|p2a: Slowking|88/100
|
|upkeep
|turn|28
|
|t:|1660564192
|switch|p1a: Comrade|Heatran, M|100/100
|-damage|p1a: Comrade|88/100|[from] Stealth Rock
|move|p2a: Slowking|Sludge Bomb|p1a: Comrade
|-immune|p1a: Comrade
|
|-heal|p1a: Comrade|94/100|[from] item: Leftovers
|upkeep
|turn|29
|
|t:|1660564200
|switch|p2a: Garchomp|Garchomp, M|75/100
|-damage|p2a: Garchomp|69/100|[from] Stealth Rock
|move|p1a: Comrade|Magma Storm|p2a: Garchomp
|-resisted|p2a: Garchomp
|-damage|p2a: Garchomp|45/100
|-activate|p2a: Garchomp|move: Magma Storm|[of] p1a: Comrade
|
|-heal|p2a: Garchomp|51/100|[from] item: Leftovers
|-heal|p1a: Comrade|100/100|[from] item: Leftovers
|-damage|p2a: Garchomp|39/100|[from] move: Magma Storm|[partiallytrapped]
|upkeep
|turn|30
|
|t:|1660564211
|switch|p1a: Companion|Clefable, M|100/100
|move|p2a: Garchomp|Earthquake|p1a: Companion
|-damage|p1a: Companion|59/100
|
|-heal|p2a: Garchomp|45/100|[from] item: Leftovers
|-heal|p1a: Companion|65/100|[from] item: Leftovers
|-end|p2a: Garchomp|Magma Storm|[partiallytrapped]|[silent]
|upkeep
|turn|31
|
|t:|1660564219
|move|p2a: Garchomp|Earthquake|p1a: Companion
|-damage|p1a: Companion|24/100
|move|p1a: Companion|Thunder Wave|p2a: Garchomp
|-immune|p2a: Garchomp
|
|-heal|p2a: Garchomp|51/100|[from] item: Leftovers
|-heal|p1a: Companion|31/100|[from] item: Leftovers
|upkeep
|turn|32
|
|t:|1660564223
|switch|p1a: Partner|Zapdos|100/100
|-ability|p1a: Partner|Pressure
|move|p2a: Garchomp|Earthquake|p1a: Partner
|-immune|p1a: Partner
|
|-heal|p2a: Garchomp|58/100|[from] item: Leftovers
|upkeep
|turn|33
|
|t:|1660564231
|switch|p2a: Slowking|Slowking-Galar, F|100/100
|move|p1a: Partner|Hurricane|p2a: Slowking
|-damage|p2a: Slowking|58/100
|
|upkeep
|turn|34
|
|t:|1660564240
|switch|p1a: Comrade|Heatran, M|100/100
|-damage|p1a: Comrade|88/100|[from] Stealth Rock
|move|p2a: Slowking|Sludge Bomb|p1a: Comrade
|-immune|p1a: Comrade
|
|-heal|p1a: Comrade|94/100|[from] item: Leftovers
|upkeep
|turn|35
|l| StarGalxie
|
|t:|1660564248
|switch|p1a: Companion|Clefable, M|31/100
|move|p2a: Slowking|Psyshock|p1a: Companion
|-damage|p1a: Companion|1/100
|
|-heal|p1a: Companion|7/100|[from] item: Leftovers
|upkeep
|turn|36
|
|t:|1660564263
|switch|p1a: Comrade|Heatran, M|94/100
|-damage|p1a: Comrade|82/100|[from] Stealth Rock
|move|p2a: Slowking|Sludge Bomb|p1a: Comrade
|-immune|p1a: Comrade
|
|-heal|p1a: Comrade|88/100|[from] item: Leftovers
|upkeep
|turn|37
|
|t:|1660564272
|move|p1a: Comrade|Magma Storm|p2a: Slowking
|-damage|p2a: Slowking|22/100
|-activate|p2a: Slowking|move: Magma Storm|[of] p1a: Comrade
|move|p2a: Slowking|Psyshock|p1a: Comrade
|-resisted|p1a: Comrade
|-damage|p1a: Comrade|72/100
|
|-heal|p1a: Comrade|78/100|[from] item: Leftovers
|-damage|p2a: Slowking|10/100|[from] move: Magma Storm|[partiallytrapped]
|upkeep
|turn|38
|
|t:|1660564280
|move|p1a: Comrade|Protect|p1a: Comrade
|-singleturn|p1a: Comrade|Protect
|move|p2a: Slowking|Psyshock|p1a: Comrade
|-activate|p1a: Comrade|move: Protect
|
|-heal|p1a: Comrade|84/100|[from] item: Leftovers
|-damage|p2a: Slowking|0 fnt|[from] move: Magma Storm|[partiallytrapped]
|faint|p2a: Slowking
|upkeep
|j| Santiago Bernabeu
|
|t:|1660564282
|switch|p2a: Garchomp|Garchomp, M|58/100
|-damage|p2a: Garchomp|51/100|[from] Stealth Rock
|turn|39
|
|t:|1660564293
|move|p2a: Garchomp|Swords Dance|p2a: Garchomp
|-boost|p2a: Garchomp|atk|2
|move|p1a: Comrade|Magma Storm|p2a: Garchomp
|-resisted|p2a: Garchomp
|-damage|p2a: Garchomp|26/100
|-activate|p2a: Garchomp|move: Magma Storm|[of] p1a: Comrade
|
|-heal|p2a: Garchomp|32/100|[from] item: Leftovers
|-heal|p1a: Comrade|90/100|[from] item: Leftovers
|-damage|p2a: Garchomp|20/100|[from] move: Magma Storm|[partiallytrapped]
|upkeep
|turn|40
|
|t:|1660564302
|move|p1a: Comrade|Protect|p1a: Comrade
|-singleturn|p1a: Comrade|Protect
|move|p2a: Garchomp|Earthquake|p1a: Comrade
|-activate|p1a: Comrade|move: Protect
|
|-heal|p2a: Garchomp|26/100|[from] item: Leftovers
|-heal|p1a: Comrade|97/100|[from] item: Leftovers
|-damage|p2a: Garchomp|14/100|[from] move: Magma Storm|[partiallytrapped]
|upkeep
|turn|41
|
|t:|1660564311
|move|p1a: Comrade|Protect|p1a: Comrade
|-singleturn|p1a: Comrade|Protect
|move|p2a: Garchomp|Earthquake|p1a: Comrade
|-activate|p1a: Comrade|move: Protect
|
|-heal|p2a: Garchomp|20/100|[from] item: Leftovers
|-heal|p1a: Comrade|100/100|[from] item: Leftovers
|-damage|p2a: Garchomp|8/100|[from] move: Magma Storm|[partiallytrapped]
|upkeep
|turn|42
|
|t:|1660564321
|move|p1a: Comrade|Protect||[still]
|-fail|p1a: Comrade
|move|p2a: Garchomp|Scale Shot|p1a: Comrade
|-resisted|p1a: Comrade
|-damage|p1a: Comrade|89/100
|-resisted|p1a: Comrade
|-damage|p1a: Comrade|77/100
|-resisted|p1a: Comrade
|-damage|p1a: Comrade|66/100
|-resisted|p1a: Comrade
|-damage|p1a: Comrade|56/100
|-hitcount|p1a: Comrade|4
|-unboost|p2a: Garchomp|def|1
|-boost|p2a: Garchomp|spe|1
|
|-heal|p2a: Garchomp|14/100|[from] item: Leftovers
|-heal|p1a: Comrade|62/100|[from] item: Leftovers
|-damage|p2a: Garchomp|1/100|[from] move: Magma Storm|[partiallytrapped]
|upkeep
|turn|43
|j| LT93QQ qingshu
|l| LT93QQ qingshu
|
|t:|1660564337
|move|p1a: Comrade|Protect|p1a: Comrade
|-singleturn|p1a: Comrade|Protect
|move|p2a: Garchomp|Earthquake|p1a: Comrade
|-activate|p1a: Comrade|move: Protect
|
|-heal|p2a: Garchomp|8/100|[from] item: Leftovers
|-heal|p1a: Comrade|68/100|[from] item: Leftovers
|-end|p2a: Garchomp|Magma Storm|[partiallytrapped]
|upkeep
|turn|44
|
|t:|1660564349
|switch|p1a: Companion|Clefable, M|7/100
|move|p2a: Garchomp|Earthquake|p1a: Companion
|-damage|p1a: Companion|0 fnt
|faint|p1a: Companion
|
|-heal|p2a: Garchomp|14/100|[from] item: Leftovers
|upkeep
|
|t:|1660564358
|switch|p1a: Partner|Zapdos|100/100
|-ability|p1a: Partner|Pressure
|turn|45
|
|t:|1660564362
|move|p2a: Garchomp|Scale Shot|p1a: Partner
|-damage|p1a: Partner|67/100
|-damage|p1a: Partner|36/100
|-hitcount|p1a: Partner|2
|-unboost|p2a: Garchomp|def|1
|-boost|p2a: Garchomp|spe|1
|move|p1a: Partner|Hurricane|p2a: Garchomp
|-damage|p2a: Garchomp|0 fnt
|faint|p2a: Garchomp
|
|upkeep
|
|t:|1660564367
|switch|p2a: Weavile|Weavile, M|100/100
|-ability|p2a: Weavile|Pressure
|turn|46
|
|t:|1660564378
|move|p2a: Weavile|Swords Dance|p2a: Weavile
|-boost|p2a: Weavile|atk|2
|move|p1a: Partner|Thunderbolt|p2a: Weavile
|-damage|p2a: Weavile|41/100
|
|upkeep
|turn|47
|
|t:|1660564386
|move|p2a: Weavile|Knock Off|p1a: Partner
|-damage|p1a: Partner|0 fnt
|-enditem|p1a: Partner|Heavy-Duty Boots|[from] move: Knock Off|[of] p2a: Weavile
|faint|p1a: Partner
|
|upkeep
|
|t:|1660564392
|switch|p1a: Friend|Dragonite, F|100/100
|turn|48
|j| dttsjtd
|
|t:|1660564399
|switch|p2a: Ferrothorn|Ferrothorn, M|100/100
|-damage|p2a: Ferrothorn|94/100|[from] Stealth Rock
|move|p1a: Friend|Dual Wingbeat|p2a: Ferrothorn
|-damage|p2a: Ferrothorn|79/100
|-damage|p1a: Friend|88/100|[from] ability: Iron Barbs|[of] p2a: Ferrothorn
|-damage|p2a: Ferrothorn|65/100
|-damage|p1a: Friend|76/100|[from] ability: Iron Barbs|[of] p2a: Ferrothorn
|-hitcount|p2a: Ferrothorn|2
|
|-heal|p2a: Ferrothorn|71/100|[from] item: Leftovers
|upkeep
|turn|49
|
|t:|1660564414
|switch|p1a: Comrade|Heatran, M|68/100
|-damage|p1a: Comrade|56/100|[from] Stealth Rock
|move|p2a: Ferrothorn|Knock Off|p1a: Comrade
|-damage|p1a: Comrade|37/100
|-enditem|p1a: Comrade|Leftovers|[from] move: Knock Off|[of] p2a: Ferrothorn
|
|-heal|p2a: Ferrothorn|77/100|[from] item: Leftovers
|upkeep
|turn|50
|j| LT93OQ Black Lotus
|
|t:|1660564434
|move|p1a: Comrade|Magma Storm|p2a: Ferrothorn
|-supereffective|p2a: Ferrothorn
|-damage|p2a: Ferrothorn|0 fnt
|faint|p2a: Ferrothorn
|
|upkeep
|
|t:|1660564436
|switch|p2a: Weavile|Weavile, M|41/100
|-ability|p2a: Weavile|Pressure
|turn|51
|
|t:|1660564447
|move|p2a: Weavile|Low Kick|p1a: Comrade
|-supereffective|p1a: Comrade
|-damage|p1a: Comrade|0 fnt
|faint|p1a: Comrade
|
|upkeep
|
|t:|1660564451
|switch|p1a: Friend|Dragonite, F|76/100
|turn|52
|
|t:|1660564453
|move|p2a: Weavile|Ice Shard|p1a: Friend
|-supereffective|p1a: Friend
|-damage|p1a: Friend|4/100
|move|p1a: Friend|Dual Wingbeat|p2a: Weavile
|-damage|p2a: Weavile|3/100
|-damage|p2a: Weavile|0 fnt
|faint|p2a: Weavile
|-hitcount|p2: Weavile|2
|
|upkeep
|
|t:|1660564456
|switch|p2a: Skarmory|Skarmory, M|62/100
|-damage|p2a: Skarmory|50/100|[from] Stealth Rock
|turn|53
|
|t:|1660564464
|move|p1a: Friend|Roost|p1a: Friend
|-heal|p1a: Friend|54/100
|-singleturn|p1a: Friend|move: Roost
|move|p2a: Skarmory|Toxic|p1a: Friend
|-status|p1a: Friend|tox
|
|-damage|p1a: Friend|48/100 tox|[from] psn
|upkeep
|turn|54
|j| Azzcreakboi
|l| dttsjtd
|
|t:|1660564473
|move|p1a: Friend|Roost|p1a: Friend
|-heal|p1a: Friend|98/100 tox
|-singleturn|p1a: Friend|move: Roost
|move|p2a: Skarmory|Roost|p2a: Skarmory
|-heal|p2a: Skarmory|99/100
|-singleturn|p2a: Skarmory|move: Roost
|
|-damage|p1a: Friend|85/100 tox|[from] psn
|upkeep
|turn|55
|l| Accidere ☁
|
|t:|1660564482
|move|p1a: Friend|Dragon Dance|p1a: Friend
|-boost|p1a: Friend|atk|1
|-boost|p1a: Friend|spe|1
|move|p2a: Skarmory|Body Press|p1a: Friend
|-resisted|p1a: Friend
|-damage|p1a: Friend|71/100 tox
|
|-damage|p1a: Friend|52/100 tox|[from] psn
|upkeep
|turn|56
|
|t:|1660564489
|move|p1a: Friend|Heal Bell|p1a: Friend
|-activate|p1a: Friend|move: Heal Bell
|-curestatus|p1a: Friend|tox|[msg]
|move|p2a: Skarmory|Body Press|p1a: Friend
|-resisted|p1a: Friend
|-damage|p1a: Friend|39/100
|
|upkeep
|turn|57
|l| LT93OQRandAlThor
|
|t:|1660564499
|move|p1a: Friend|Roost|p1a: Friend
|-heal|p1a: Friend|89/100
|-singleturn|p1a: Friend|move: Roost
|move|p2a: Skarmory|Toxic|p1a: Friend
|-status|p1a: Friend|tox
|
|-damage|p1a: Friend|83/100 tox|[from] psn
|upkeep
|turn|58
|
|t:|1660564507
|move|p1a: Friend|Dragon Dance|p1a: Friend
|-boost|p1a: Friend|atk|1
|-boost|p1a: Friend|spe|1
|move|p2a: Skarmory|Toxic|p1a: Friend
|-fail|p1a: Friend|tox
|
|-damage|p1a: Friend|70/100 tox|[from] psn
|upkeep
|turn|59
|j| 0SiegeWarfare
|
|t:|1660564514
|move|p1a: Friend|Dragon Dance|p1a: Friend
|-boost|p1a: Friend|atk|1
|-boost|p1a: Friend|spe|1
|move|p2a: Skarmory|Body Press|p1a: Friend
|-resisted|p1a: Friend
|-damage|p1a: Friend|56/100 tox
|
|-damage|p1a: Friend|38/100 tox|[from] psn
|upkeep
|turn|60
|
|t:|1660564522
|move|p1a: Friend|Heal Bell|p1a: Friend
|-activate|p1a: Friend|move: Heal Bell
|-curestatus|p1a: Friend|tox|[msg]
|move|p2a: Skarmory|Toxic|p1a: Friend
|-status|p1a: Friend|tox
|
|-damage|p1a: Friend|31/100 tox|[from] psn
|upkeep
|turn|61
|l| AlIoutdragadarts
|
|t:|1660564529
|move|p1a: Friend|Roost|p1a: Friend
|-heal|p1a: Friend|82/100 tox
|-singleturn|p1a: Friend|move: Roost
|move|p2a: Skarmory|Body Press|p1a: Friend
|-damage|p1a: Friend|54/100 tox
|
|-damage|p1a: Friend|41/100 tox|[from] psn
|upkeep
|turn|62
|
|t:|1660564539
|move|p1a: Friend|Roost|p1a: Friend
|-heal|p1a: Friend|91/100 tox
|-singleturn|p1a: Friend|move: Roost
|move|p2a: Skarmory|Body Press|p1a: Friend
|-damage|p1a: Friend|63/100 tox
|
|-damage|p1a: Friend|44/100 tox|[from] psn
|upkeep
|turn|63
|l| Livio el Tito
|
|t:|1660564548
|move|p1a: Friend|Roost|p1a: Friend
|-heal|p1a: Friend|94/100 tox
|-singleturn|p1a: Friend|move: Roost
|move|p2a: Skarmory|Toxic|p1a: Friend
|-fail|p1a: Friend|tox
|
|-damage|p1a: Friend|69/100 tox|[from] psn
|upkeep
|turn|64
|
|t:|1660564556
|move|p1a: Friend|Dragon Dance|p1a: Friend
|-boost|p1a: Friend|atk|1
|-boost|p1a: Friend|spe|1
|move|p2a: Skarmory|Toxic|p1a: Friend
|-fail|p1a: Friend|tox
|
|-damage|p1a: Friend|38/100 tox|[from] psn
|upkeep
|turn|65
|
|t:|1660564565
|move|p1a: Friend|Roost|p1a: Friend
|-heal|p1a: Friend|88/100 tox
|-singleturn|p1a: Friend|move: Roost
|move|p2a: Skarmory|Body Press|p1a: Friend
|-damage|p1a: Friend|62/100 tox
|
|-damage|p1a: Friend|25/100 tox|[from] psn
|upkeep
|turn|66
|
|t:|1660564573
|move|p1a: Friend|Heal Bell|p1a: Friend
|-activate|p1a: Friend|move: Heal Bell
|-curestatus|p1a: Friend|tox|[msg]
|move|p2a: Skarmory|Toxic|p1a: Friend
|-status|p1a: Friend|tox
|
|-damage|p1a: Friend|19/100 tox|[from] psn
|upkeep
|turn|67
|
|t:|1660564580
|move|p1a: Friend|Roost|p1a: Friend
|-heal|p1a: Friend|69/100 tox
|-singleturn|p1a: Friend|move: Roost
|move|p2a: Skarmory|Body Press|p1a: Friend
|-damage|p1a: Friend|41/100 tox
|
|-damage|p1a: Friend|29/100 tox|[from] psn
|upkeep
|turn|68
|
|t:|1660564586
|move|p1a: Friend|Roost|p1a: Friend
|-heal|p1a: Friend|79/100 tox
|-singleturn|p1a: Friend|move: Roost
|move|p2a: Skarmory|Body Press|p1a: Friend
|-damage|p1a: Friend|51/100 tox
|
|-damage|p1a: Friend|32/100 tox|[from] psn
|upkeep
|turn|69
|
|t:|1660564594
|move|p1a: Friend|Heal Bell|p1a: Friend
|-activate|p1a: Friend|move: Heal Bell
|-curestatus|p1a: Friend|tox|[msg]
|move|p2a: Skarmory|Body Press|p1a: Friend
|-resisted|p1a: Friend
|-damage|p1a: Friend|18/100
|
|upkeep
|turn|70
|
|t:|1660564602
|move|p1a: Friend|Roost|p1a: Friend
|-heal|p1a: Friend|68/100
|-singleturn|p1a: Friend|move: Roost
|move|p2a: Skarmory|Toxic|p1a: Friend
|-status|p1a: Friend|tox
|
|-damage|p1a: Friend|62/100 tox|[from] psn
|upkeep
|turn|71
|
|t:|1660564610
|move|p1a: Friend|Dragon Dance|p1a: Friend
|-boost|p1a: Friend|atk|1
|-boost|p1a: Friend|spe|1
|move|p2a: Skarmory|Body Press|p1a: Friend
|-resisted|p1a: Friend
|-damage|p1a: Friend|48/100 tox
|
|-damage|p1a: Friend|35/100 tox|[from] psn
|upkeep
|turn|72
|
|t:|1660564617
|move|p1a: Friend|Heal Bell|p1a: Friend
|-activate|p1a: Friend|move: Heal Bell
|-curestatus|p1a: Friend|tox|[msg]
|move|p2a: Skarmory|Body Press|p1a: Friend
|-resisted|p1a: Friend
|-damage|p1a: Friend|20/100
|
|upkeep
|turn|73
|
|t:|1660564625
|move|p1a: Friend|Dual Wingbeat|p2a: Skarmory
|-resisted|p2a: Skarmory
|-damage|p2a: Skarmory|80/100
|-damage|p1a: Friend|3/100|[from] item: Rocky Helmet|[of] p2a: Skarmory
|-resisted|p2a: Skarmory
|-damage|p2a: Skarmory|59/100
|-damage|p1a: Friend|0 fnt|[from] item: Rocky Helmet|[of] p2a: Skarmory
|faint|p1a: Friend
|
|win|LT93OQ Dasmer
|-hitcount|p2a: Skarmory|2
|raw|Hostile Takeovers's rating: 1834 &rarr; <strong>1818</strong><br />(-16 for losing)
|raw|LT93OQ Dasmer's rating: 1905 &rarr; <strong>1921</strong><br />(+16 for winning)
|l| LT93OQ ffffff
|l|☆Hostile Takeovers
|l| dazzlingtogekisses
|l| LT93OQ antisocial
|l| LT93OQ Origami♕
|l| Santiago Bernabeu
|l| Azzcreakboi
|j| LT93OQ antisocial
|l| batdiaer
|j| dazzlingtogekisses
|l| dazzlingtogekisses
|l| Neajhao
|l| LT93OQ Black Lotus
|l| LT93OQ antisocial
||Ladder isn't responding, score probably updated but might not have (Request timeout).
|l| LT93OQAntonioRecio
|j| LT92PF Raizen
|l| LT92PF Raizen
