|raw|<div class="broadcast-blue"><strong>This battle is required to be public due to a player having a name prefixed by 'LT71LX'.</div>
|j|☆LT71LX John W
|j|☆LT71LX Kappucci
|t:|1597361168
|player|p1|LT71LX John W|cyclistf-gen4|2122
|player|p2|LT71LX Kappucci|twins|2170
|teamsize|p1|6
|teamsize|p2|6
|gametype|singles
|gen|8
|tier|[Gen 8] OU
|rated|
|clearpoke
|poke|p1|Jirachi|
|poke|p1|Clefable, M|
|poke|p1|Ditto|
|poke|p1|Toxapex, F|
|poke|p1|Corviknight, M|
|poke|p1|Blissey, F|
|poke|p2|Mew|
|poke|p2|Kyurem|
|poke|p2|Mandibuzz, F|
|poke|p2|Toxapex, F|
|poke|p2|Chansey, F|
|poke|p2|Quagsire, F|
|rule|Sleep Clause Mod: Limit one foe put to sleep
|rule|Species Clause: Limit one of each Pokémon
|rule|OHKO Clause: OHKO moves are banned
|rule|Evasion Moves Clause: Evasion moves are banned
|rule|Endless Battle Clause: Forcing endless battles is banned
|rule|HP Percentage Mod: HP is shown in percentages
|rule|Dynamax Clause: You cannot dynamax
|teampreview
|j| ez
|j| Mara Sattei
|j|@Finchinator
|j|+Luigi
|j| relous
|j| funkyjems
|j| Cam
|j| theopheno
|j| LT71LX Doom
|j| LT71LX JOKERDOG
|j| high or dead
|j| LT71LX REDDIT
|j| goat christmas
|j| LT71LX WD
|j| 64 squares
|j|+Cdumas
|j| GOATDON
|j| Spl4sh
|j| Caloominum
|j| storm zone
|j| sugarhigh
|j| LowGxeDoritos
|j| hipster garbage
|j| juicelol
|j| LT71LX Ant
|j| LT71LX Luthier
|j| rhaegal77
|c| high or dead|mons are fun
|j| ayevon
|j| LT71LX EG Jhonx
|c| sugarhigh|How many turns
|j| Mihowk
|c| sugarhigh|this taking
|j| Seydou01
|j| Iarimm
|j| Alexander
|l| Spl4sh
|j| ShadowPork
|j| Devil Patchy
|inactive|Battle timer is ON: inactive players will automatically lose when time's up. (requested by LT71LX Kappucci)
|j| Destro16
|j| LT71LX ayouko
|c| storm zone|i cant pick a side
|j| Mannat
|j| lt71lx juuls
|c| storm zone|i want both these guys to qual
|j| Waylaid
|c| storm zone|._.
|j| unforgiven lies
|j| mi verdad
|c| Iarimm|._.
|j| starmaster
|j| BoomBoomBoo
|
|t:|1597361218
|start
|switch|p1a: Ditto|Ditto, shiny|100/100
|switch|p2a: Mew|Mew|100/100
|-transform|p1a: Ditto|p2a: Mew|[from] ability: Imposter
|turn|1
|c| LowGxeDoritos|._.
|j| Majin Mew
|j| AltCauseImInsecure
|j| JokerAtlus
|
|t:|1597361225
|move|p1a: Ditto|Will-O-Wisp|p2a: Mew|[miss]
|-miss|p1a: Ditto|p2a: Mew
|move|p2a: Mew|Psychic|p1a: Ditto
|-resisted|p1a: Ditto
|-damage|p1a: Ditto|82/100
|-unboost|p1a: Ditto|spd|1
|
|upkeep
|turn|2
|
|t:|1597361227
|move|p1a: Ditto|Will-O-Wisp|p2a: Mew
|-status|p2a: Mew|brn
|-activate|p2a: Mew|ability: Synchronize
|-status|p1a: Ditto|brn
|-activate|p1a: Ditto|ability: Synchronize
|-fail|p2a: Mew|brn
|move|p2a: Mew|Psychic|p1a: Ditto
|-resisted|p1a: Ditto
|-damage|p1a: Ditto|55/100 brn
|
|-damage|p1a: Ditto|49/100 brn|[from] brn
|-damage|p2a: Mew|94/100 brn|[from] brn
|upkeep
|turn|3
|j| jalapenochips
|
|t:|1597361233
|switch|p1a: Clefable|Clefable, M|100/100
|switch|p2a: Kyurem|Kyurem|100/100
|-ability|p2a: Kyurem|Pressure
|
|upkeep
|turn|4
|j| Spl4sh
|l| LT71LX REDDIT
|j| Livio ElTito
|j| LT71LX REDDIT
|j| studying in tab
|l| LT71LX REDDIT
|
|t:|1597361261
|move|p2a: Kyurem|Substitute|p2a: Kyurem
|-start|p2a: Kyurem|Substitute
|-damage|p2a: Kyurem|76/100
|move|p1a: Clefable|Moonblast|p2a: Kyurem
|-supereffective|p2a: Kyurem
|-end|p2a: Kyurem|Substitute
|
|upkeep
|turn|5
|
|t:|1597361265
|move|p2a: Kyurem|Substitute|p2a: Kyurem
|-start|p2a: Kyurem|Substitute
|-damage|p2a: Kyurem|51/100
|move|p1a: Clefable|Moonblast|p2a: Kyurem
|-supereffective|p2a: Kyurem
|-end|p2a: Kyurem|Substitute
|
|upkeep
|turn|6
|
|t:|1597361268
|move|p2a: Kyurem|Roost|p2a: Kyurem
|-heal|p2a: Kyurem|100/100
|-singleturn|p2a: Kyurem|move: Roost
|move|p1a: Clefable|Stealth Rock|p2a: Kyurem
|-sidestart|p2: LT71LX Kappucci|move: Stealth Rock
|
|upkeep
|turn|7
|j| VvvV1250
|j| Limited_Toolkit
|j| Binacle Pinnacle
|j| King l5
|
|t:|1597361275
|switch|p2a: Mew|Mew|94/100 brn
|-damage|p2a: Mew|82/100 brn|[from] Stealth Rock
|switch|p1a: Jirachi|Jirachi|100/100
|
|-damage|p2a: Mew|76/100 brn|[from] brn
|upkeep
|turn|8
|j| MS3D
|j| Twixtry
|l| VvvV1250
|j| Theo Mani Fan Club
|
|t:|1597361296
|switch|p1a: Clefable|Clefable, M|100/100
|move|p2a: Mew|Will-O-Wisp|p1a: Clefable|[miss]
|-miss|p2a: Mew|p1a: Clefable
|
|-damage|p2a: Mew|70/100 brn|[from] brn
|upkeep
|turn|9
|
|t:|1597361301
|move|p2a: Mew|Defog|p1a: Clefable
|-unboost|p1a: Clefable|evasion|1
|-sideend|p2: LT71LX Kappucci|Stealth Rock|[from] move: Defog|[of] p2a: Mew
|move|p1a: Clefable|Knock Off|p2a: Mew
|-supereffective|p2a: Mew
|-enditem|p2a: Mew|Colbur Berry|[eat]
|-enditem|p2a: Mew|Colbur Berry|[weaken]
|-damage|p2a: Mew|60/100 brn
|
|-damage|p2a: Mew|54/100 brn|[from] brn
|upkeep
|turn|10
|j| roundpenguin
|
|t:|1597361304
|move|p2a: Mew|Psychic|p1a: Clefable
|-damage|p1a: Clefable|73/100
|move|p1a: Clefable|Stealth Rock|p2a: Mew
|-sidestart|p2: LT71LX Kappucci|move: Stealth Rock
|
|-heal|p1a: Clefable|79/100|[from] item: Leftovers
|-damage|p2a: Mew|48/100 brn|[from] brn
|upkeep
|turn|11
|
|t:|1597361307
|switch|p1a: Corviknight|Corviknight, M|100/100
|-ability|p1a: Corviknight|Pressure
|move|p2a: Mew|Soft-Boiled|p2a: Mew
|-heal|p2a: Mew|98/100 brn
|
|-damage|p2a: Mew|92/100 brn|[from] brn
|upkeep
|turn|12
|
|t:|1597361312
|switch|p1a: Clefable|Clefable, M|79/100
|move|p2a: Mew|Will-O-Wisp|p1a: Clefable
|-status|p1a: Clefable|brn
|
|-heal|p1a: Clefable|85/100 brn|[from] item: Leftovers
|-damage|p2a: Mew|86/100 brn|[from] brn
|upkeep
|turn|13
|j| Mob Burly
|l| Binacle Pinnacle
|
|t:|1597361337
|switch|p1a: Corviknight|Corviknight, M|100/100
|-ability|p1a: Corviknight|Pressure
|move|p2a: Mew|Will-O-Wisp|p1a: Corviknight|[miss]
|-miss|p2a: Mew|p1a: Corviknight
|
|-damage|p2a: Mew|79/100 brn|[from] brn
|upkeep
|turn|14
|l| Cam
|j| 20XX Iron Head
|
|t:|1597361348
|switch|p1a: Clefable|Clefable, M|85/100 brn
|move|p2a: Mew|Defog|p1a: Clefable
|-unboost|p1a: Clefable|evasion|1
|-sideend|p2: LT71LX Kappucci|Stealth Rock|[from] move: Defog|[of] p2a: Mew
|
|-heal|p1a: Clefable|91/100 brn|[from] item: Leftovers
|-damage|p2a: Mew|73/100 brn|[from] brn
|upkeep
|turn|15
|l| JokerAtlus
|
|t:|1597361365
|switch|p2a: Kyurem|Kyurem|100/100
|-ability|p2a: Kyurem|Pressure
|move|p1a: Clefable|Stealth Rock|p2a: Kyurem
|-sidestart|p2: LT71LX Kappucci|move: Stealth Rock
|
|-heal|p1a: Clefable|97/100 brn|[from] item: Leftovers
|upkeep
|turn|16
|
|t:|1597361370
|move|p2a: Kyurem|Substitute|p2a: Kyurem
|-start|p2a: Kyurem|Substitute
|-damage|p2a: Kyurem|76/100
|move|p1a: Clefable|Moonblast|p2a: Kyurem
|-supereffective|p2a: Kyurem
|-end|p2a: Kyurem|Substitute
|
|-heal|p1a: Clefable|100/100 brn|[from] item: Leftovers
|upkeep
|turn|17
|j| Cam
|j| curopins
|j| Corazan
|l|@Finchinator
|j| baddummy
|
|t:|1597361383
|switch|p1a: Jirachi|Jirachi|100/100
|move|p2a: Kyurem|Substitute|p2a: Kyurem
|-start|p2a: Kyurem|Substitute
|-damage|p2a: Kyurem|51/100
|
|upkeep
|turn|18
|
|t:|1597361387
|move|p2a: Kyurem|Roost|p2a: Kyurem
|-heal|p2a: Kyurem|100/100
|-singleturn|p2a: Kyurem|move: Roost
|move|p1a: Jirachi|Iron Head|p2a: Kyurem
|-supereffective|p2a: Kyurem
|-end|p2a: Kyurem|Substitute
|
|upkeep
|turn|19
|l| Corazan
|
|t:|1597361393
|switch|p2a: Mandibuzz|Mandibuzz, F, shiny|100/100
|move|p1a: Jirachi|Iron Head|p2a: Mandibuzz
|-damage|p2a: Mandibuzz|81/100
|
|upkeep
|turn|20
|
|t:|1597361399
|switch|p1a: Ditto|Ditto, shiny|49/100 brn
|-transform|p1a: Ditto|p2a: Mandibuzz|[from] ability: Imposter
|move|p2a: Mandibuzz|Defog|p1a: Ditto
|-unboost|p1a: Ditto|evasion|1
|-sideend|p2: LT71LX Kappucci|Stealth Rock|[from] move: Defog|[of] p2a: Mandibuzz
|
|-damage|p1a: Ditto|43/100 brn|[from] brn
|upkeep
|turn|21
|j| Cachapita
|
|t:|1597361402
|switch|p2a: Kyurem|Kyurem|100/100
|-ability|p2a: Kyurem|Pressure
|move|p1a: Ditto|Roost|p1a: Ditto
|-heal|p1a: Ditto|93/100 brn
|-singleturn|p1a: Ditto|move: Roost
|
|-damage|p1a: Ditto|87/100 brn|[from] brn
|upkeep
|turn|22
|j| Corazan
|l| Corazan
|j| CDNThe3rd
|inactive|LT71LX John W has 120 seconds left.
|
|t:|1597361441
|switch|p1a: Jirachi|Jirachi|100/100
|move|p2a: Kyurem|Freeze-Dry|p1a: Jirachi
|-resisted|p1a: Jirachi
|-damage|p1a: Jirachi|87/100
|
|-heal|p1a: Jirachi|93/100|[from] item: Leftovers
|upkeep
|turn|23
|l|+Luigi
|inactive|LT71LX John W has 120 seconds left.
|
|t:|1597361446
|switch|p2a: Toxapex|Toxapex, F, shiny|100/100
|move|p1a: Jirachi|Thunder|p2a: Toxapex
|-supereffective|p2a: Toxapex
|-crit|p2a: Toxapex
|-damage|p2a: Toxapex|42/100
|-status|p2a: Toxapex|par
|
|-heal|p1a: Jirachi|99/100|[from] item: Leftovers
|upkeep
|turn|24
|
|t:|1597361453
|switch|p2a: Quagsire|Quagsire, F|100/100
|move|p1a: Jirachi|Iron Head|p2a: Quagsire
|-resisted|p2a: Quagsire
|-damage|p2a: Quagsire|89/100
|
|-heal|p1a: Jirachi|100/100|[from] item: Leftovers
|-heal|p2a: Quagsire|95/100|[from] item: Leftovers
|upkeep
|turn|25
|j| Stamatis
|
|t:|1597361458
|switch|p1a: Clefable|Clefable, M|100/100 brn
|switch|p2a: Chansey|Chansey, F|100/100
|
|upkeep
|turn|26
|j| nirltrus
|
|t:|1597361463
|move|p1a: Clefable|Knock Off|p2a: Chansey
|-damage|p2a: Chansey|96/100
|-enditem|p2a: Chansey|Eviolite|[from] move: Knock Off|[of] p1a: Clefable
|move|p2a: Chansey|Heal Bell|p2a: Chansey
|-activate|p2a: Chansey|move: Heal Bell
|-curestatus|p2: Mew|brn|[msg]
|-curestatus|p2: Toxapex|par|[msg]
|
|upkeep
|turn|27
|
|t:|1597361468
|switch|p2a: Kyurem|Kyurem|100/100
|-ability|p2a: Kyurem|Pressure
|move|p1a: Clefable|Knock Off|p2a: Kyurem
|-damage|p2a: Kyurem|93/100
|-enditem|p2a: Kyurem|Metronome|[from] move: Knock Off|[of] p1a: Clefable
|
|upkeep
|turn|28
|
|t:|1597361471
|switch|p1a: Jirachi|Jirachi|100/100
|move|p2a: Kyurem|Substitute|p2a: Kyurem
|-start|p2a: Kyurem|Substitute
|-damage|p2a: Kyurem|68/100
|
|upkeep
|turn|29
|c| nirltrus|batalha direta pela classificação.
|l| juicelol
|l| Alexander
|
|t:|1597361495
|move|p2a: Kyurem|Freeze-Dry|p1a: Jirachi
|-resisted|p1a: Jirachi
|-damage|p1a: Jirachi|89/100
|move|p1a: Jirachi|Iron Head|p2a: Kyurem
|-supereffective|p2a: Kyurem
|-end|p2a: Kyurem|Substitute
|
|-heal|p1a: Jirachi|95/100|[from] item: Leftovers
|upkeep
|turn|30
|
|t:|1597361502
|switch|p2a: Toxapex|Toxapex, F, shiny|75/100
|move|p1a: Jirachi|Iron Head|p2a: Toxapex
|-resisted|p2a: Toxapex
|-crit|p2a: Toxapex
|-damage|p2a: Toxapex|61/100
|-damage|p1a: Jirachi|78/100|[from] item: Rocky Helmet|[of] p2a: Toxapex
|
|-heal|p1a: Jirachi|84/100|[from] item: Leftovers
|upkeep
|turn|31
|l| hipster garbage
|j| good things come
|inactive|LT71LX John W has 120 seconds left.
|
|t:|1597361542
|switch|p1a: Ditto|Ditto, shiny|87/100 brn
|-transform|p1a: Ditto|p2a: Toxapex|[from] ability: Imposter
|switch|p2a: Quagsire|Quagsire, F|95/100
|
|-heal|p2a: Quagsire|100/100|[from] item: Leftovers
|-damage|p1a: Ditto|81/100 brn|[from] brn
|upkeep
|turn|32
|j| Atilla8
|
|t:|1597361552
|switch|p2a: Kyurem|Kyurem|68/100
|-ability|p2a: Kyurem|Pressure
|move|p1a: Ditto|Knock Off|p2a: Kyurem
|-damage|p2a: Kyurem|63/100
|
|-damage|p1a: Ditto|75/100 brn|[from] brn
|upkeep
|turn|33
|inactive|LT71LX John W has 120 seconds left.
|l| AltCauseImInsecure
|l| sugarhigh
|j| Boigunn
|j| Lightchanseyy
|l| Boigunn
|l| good things come
|
|t:|1597361588
|switch|p1a: Jirachi|Jirachi|84/100
|move|p2a: Kyurem|Freeze-Dry|p1a: Jirachi
|-resisted|p1a: Jirachi
|-damage|p1a: Jirachi|73/100
|-status|p1a: Jirachi|frz
|
|-heal|p1a: Jirachi|79/100 frz|[from] item: Leftovers
|upkeep
|turn|34
|j| QuilavaBest
|j| bro tang
|
|t:|1597361594
|move|p2a: Kyurem|Substitute|p2a: Kyurem
|-start|p2a: Kyurem|Substitute
|-damage|p2a: Kyurem|38/100
|cant|p1a: Jirachi|frz
|
|-heal|p1a: Jirachi|85/100 frz|[from] item: Leftovers
|upkeep
|turn|35
|j|+ShinyAzelf
|
|t:|1597361597
|move|p2a: Kyurem|Roost|p2a: Kyurem
|-heal|p2a: Kyurem|88/100
|-singleturn|p2a: Kyurem|move: Roost
|cant|p1a: Jirachi|frz
|
|-heal|p1a: Jirachi|91/100 frz|[from] item: Leftovers
|upkeep
|turn|36
|l| jalapenochips
|j| James110489
|
|t:|1597361599
|move|p2a: Kyurem|Icicle Spear|p1a: Jirachi
|-resisted|p1a: Jirachi
|-damage|p1a: Jirachi|86/100 frz
|-resisted|p1a: Jirachi
|-damage|p1a: Jirachi|81/100 frz
|-hitcount|p1a: Jirachi|2
|cant|p1a: Jirachi|frz
|
|-heal|p1a: Jirachi|88/100 frz|[from] item: Leftovers
|upkeep
|turn|37
|j| zSpxdes
|
|t:|1597361601
|move|p2a: Kyurem|Icicle Spear|p1a: Jirachi
|-resisted|p1a: Jirachi
|-damage|p1a: Jirachi|82/100 frz
|-resisted|p1a: Jirachi
|-damage|p1a: Jirachi|77/100 frz
|-hitcount|p1a: Jirachi|2
|cant|p1a: Jirachi|frz
|
|-heal|p1a: Jirachi|84/100 frz|[from] item: Leftovers
|upkeep
|turn|38
|
|t:|1597361604
|move|p2a: Kyurem|Icicle Spear|p1a: Jirachi
|-resisted|p1a: Jirachi
|-damage|p1a: Jirachi|78/100 frz
|-resisted|p1a: Jirachi
|-damage|p1a: Jirachi|73/100 frz
|-hitcount|p1a: Jirachi|2
|cant|p1a: Jirachi|frz
|
|-heal|p1a: Jirachi|79/100 frz|[from] item: Leftovers
|upkeep
|turn|39
|
|t:|1597361605
|move|p2a: Kyurem|Icicle Spear|p1a: Jirachi
|-resisted|p1a: Jirachi
|-damage|p1a: Jirachi|74/100 frz
|-resisted|p1a: Jirachi
|-damage|p1a: Jirachi|69/100 frz
|-resisted|p1a: Jirachi
|-damage|p1a: Jirachi|64/100 frz
|-hitcount|p1a: Jirachi|3
|cant|p1a: Jirachi|frz
|
|-heal|p1a: Jirachi|70/100 frz|[from] item: Leftovers
|upkeep
|turn|40
|
|t:|1597361607
|move|p2a: Kyurem|Icicle Spear|p1a: Jirachi
|-resisted|p1a: Jirachi
|-damage|p1a: Jirachi|65/100 frz
|-resisted|p1a: Jirachi
|-damage|p1a: Jirachi|60/100 frz
|-hitcount|p1a: Jirachi|2
|cant|p1a: Jirachi|frz
|
|-heal|p1a: Jirachi|66/100 frz|[from] item: Leftovers
|upkeep
|turn|41
|
|t:|1597361610
|move|p2a: Kyurem|Icicle Spear|p1a: Jirachi
|-resisted|p1a: Jirachi
|-damage|p1a: Jirachi|62/100 frz
|-resisted|p1a: Jirachi
|-damage|p1a: Jirachi|56/100 frz
|-resisted|p1a: Jirachi
|-damage|p1a: Jirachi|51/100 frz
|-resisted|p1a: Jirachi
|-damage|p1a: Jirachi|47/100 frz
|-resisted|p1a: Jirachi
|-crit|p1a: Jirachi
|-damage|p1a: Jirachi|39/100 frz
|-hitcount|p1a: Jirachi|5
|-curestatus|p1a: Jirachi|frz|[msg]
|move|p1a: Jirachi|Wish|p1a: Jirachi
|
|-heal|p1a: Jirachi|45/100|[from] item: Leftovers
|upkeep
|turn|42
|
|t:|1597361613
|move|p2a: Kyurem|Freeze-Dry|p1a: Jirachi
|-resisted|p1a: Jirachi
|-damage|p1a: Jirachi|33/100
|move|p1a: Jirachi|Fire Punch|p2a: Kyurem
|-activate|p2a: Kyurem|move: Substitute|[damage]
|
|-heal|p1a: Jirachi|83/100|[from] move: Wish|[wisher] Jirachi
|-heal|p1a: Jirachi|90/100|[from] item: Leftovers
|upkeep
|turn|43
|l| Mob Burly
|l| Twixtry
|inactive|LT71LX John W has 120 seconds left.
|j|+phiwings99
|
|t:|1597361656
|move|p2a: Kyurem|Icicle Spear|p1a: Jirachi
|-resisted|p1a: Jirachi
|-damage|p1a: Jirachi|85/100
|-resisted|p1a: Jirachi
|-damage|p1a: Jirachi|79/100
|-resisted|p1a: Jirachi
|-damage|p1a: Jirachi|74/100
|-resisted|p1a: Jirachi
|-damage|p1a: Jirachi|69/100
|-hitcount|p1a: Jirachi|4
|move|p1a: Jirachi|Fire Punch|p2a: Kyurem
|-end|p2a: Kyurem|Substitute
|
|-heal|p1a: Jirachi|75/100|[from] item: Leftovers
|upkeep
|turn|44
|l|+phiwings99
|l| studying in tab
|c|☆LT71LX Kappucci|ci muoviamo che tra poco finisce?
|
|t:|1597361685
|switch|p2a: Toxapex|Toxapex, F, shiny|94/100
|switch|p1a: Toxapex|Toxapex, F|100/100
|
|upkeep
|turn|45
|
|t:|1597361693
|switch|p2a: Mew|Mew|73/100
|move|p1a: Toxapex|Knock Off|p2a: Mew
|-supereffective|p2a: Mew
|-damage|p2a: Mew|58/100
|
|upkeep
|turn|46
|j| Instagram Models
|j| JFCope
|j| Pokemon Hates Me
|
|t:|1597361706
|switch|p1a: Clefable|Clefable, M|100/100 brn
|move|p2a: Mew|Soft-Boiled|p2a: Mew
|-heal|p2a: Mew|100/100
|
|upkeep
|turn|47
|l| Instagram Models
|j| hipster garbage
|
|t:|1597361728
|switch|p2a: Kyurem|Kyurem|88/100
|-ability|p2a: Kyurem|Pressure
|move|p1a: Clefable|Moonblast|p2a: Kyurem
|-supereffective|p2a: Kyurem
|-damage|p2a: Kyurem|46/100
|-unboost|p2a: Kyurem|spa|1
|
|upkeep
|turn|48
|
|t:|1597361734
|move|p2a: Kyurem|Roost|p2a: Kyurem
|-heal|p2a: Kyurem|97/100
|-singleturn|p2a: Kyurem|move: Roost
|move|p1a: Clefable|Moonblast|p2a: Kyurem
|-supereffective|p2a: Kyurem
|-damage|p2a: Kyurem|52/100
|
|upkeep
|turn|49
|l| Stamatis
|
|t:|1597361750
|move|p2a: Kyurem|Roost|p2a: Kyurem
|-heal|p2a: Kyurem|100/100
|-singleturn|p2a: Kyurem|move: Roost
|move|p1a: Clefable|Stealth Rock|p2a: Kyurem
|-sidestart|p2: LT71LX Kappucci|move: Stealth Rock
|
|upkeep
|turn|50
|
|t:|1597361756
|switch|p2a: Mew|Mew|100/100
|-damage|p2a: Mew|88/100|[from] Stealth Rock
|switch|p1a: Ditto|Ditto, shiny|100/100 brn
|-transform|p1a: Ditto|p2a: Mew|[from] ability: Imposter
|
|-damage|p1a: Ditto|94/100 brn|[from] brn
|upkeep
|turn|51
|l| hipster garbage
|
|t:|1597361762
|move|p1a: Ditto|Will-O-Wisp|p2a: Mew
|-status|p2a: Mew|brn
|-activate|p2a: Mew|ability: Synchronize
|-fail|p1a: Ditto|brn
|move|p2a: Mew|Defog|p1a: Ditto
|-unboost|p1a: Ditto|evasion|1
|-sideend|p2: LT71LX Kappucci|Stealth Rock|[from] move: Defog|[of] p2a: Mew
|
|-damage|p1a: Ditto|88/100 brn|[from] brn
|-damage|p2a: Mew|82/100 brn|[from] brn
|upkeep
|turn|52
|inactive|LT71LX John W has 120 seconds left.
|j| slainey
|l| QuilavaBest
|
|t:|1597361782
|switch|p1a: Clefable|Clefable, M|100/100 brn
|switch|p2a: Chansey|Chansey, F|96/100
|
|upkeep
|turn|53
|
|t:|1597361791
|switch|p1a: Ditto|Ditto, shiny|88/100 brn
|-transform|p1a: Ditto|p2a: Chansey|[from] ability: Imposter
|move|p2a: Chansey|Heal Bell|p2a: Chansey
|-activate|p2a: Chansey|move: Heal Bell
|-curestatus|p2: Mew|brn|[msg]
|
|-damage|p1a: Ditto|82/100 brn|[from] brn
|upkeep
|turn|54
|
|t:|1597361795
|move|p1a: Ditto|Heal Bell|p1a: Ditto
|-activate|p1a: Ditto|move: Heal Bell
|-curestatus|p1a: Ditto|brn|[msg]
|-curestatus|p1: Clefable|brn|[msg]
|move|p2a: Chansey|Seismic Toss|p1a: Ditto
|-damage|p1a: Ditto|49/100
|
|upkeep
|turn|55
|j| Glizzy Goat Ves
|j| QuilavaBest
|
|t:|1597361798
|switch|p1a: Toxapex|Toxapex, F|100/100
|move|p2a: Chansey|Thunder Wave|p1a: Toxapex
|-status|p1a: Toxapex|par
|
|upkeep
|turn|56
|
|t:|1597361810
|switch|p2a: Kyurem|Kyurem|100/100
|-ability|p2a: Kyurem|Pressure
|cant|p1a: Toxapex|par
|
|upkeep
|turn|57
|j| utah jasmine fo
|j| wyn
|
|t:|1597361817
|move|p2a: Kyurem|Freeze-Dry|p1a: Toxapex
|-supereffective|p1a: Toxapex
|-damage|p1a: Toxapex|57/100 par
|cant|p1a: Toxapex|par
|
|upkeep
|turn|58
|
|t:|1597361843
|switch|p1a: Jirachi|Jirachi|75/100
|move|p2a: Kyurem|Freeze-Dry|p1a: Jirachi
|-resisted|p1a: Jirachi
|-damage|p1a: Jirachi|61/100
|
|-heal|p1a: Jirachi|68/100|[from] item: Leftovers
|upkeep
|turn|59
|
|t:|1597361847
|switch|p1a: Corviknight|Corviknight, M|100/100
|-ability|p1a: Corviknight|Pressure
|move|p2a: Kyurem|Freeze-Dry|p1a: Corviknight
|-damage|p1a: Corviknight|73/100
|
|upkeep
|turn|60
|
|t:|1597361853
|move|p2a: Kyurem|Icicle Spear|p1a: Corviknight
|-damage|p1a: Corviknight|67/100
|-crit|p1a: Corviknight
|-damage|p1a: Corviknight|56/100
|-damage|p1a: Corviknight|49/100
|-hitcount|p1a: Corviknight|3
|move|p1a: Corviknight|Body Press|p2a: Kyurem
|-supereffective|p2a: Kyurem
|-damage|p2a: Kyurem|43/100
|
|upkeep
|turn|61
|l| storm zone
|j| Free Swimming
|
|t:|1597361857
|move|p2a: Kyurem|Roost|p2a: Kyurem
|-heal|p2a: Kyurem|93/100
|-singleturn|p2a: Kyurem|move: Roost
|move|p1a: Corviknight|Body Press|p2a: Kyurem
|-supereffective|p2a: Kyurem
|-damage|p2a: Kyurem|40/100
|
|upkeep
|turn|62
|
|t:|1597361864
|move|p2a: Kyurem|Roost|p2a: Kyurem
|-heal|p2a: Kyurem|91/100
|-singleturn|p2a: Kyurem|move: Roost
|move|p1a: Corviknight|Roost|p1a: Corviknight
|-heal|p1a: Corviknight|99/100
|-singleturn|p1a: Corviknight|move: Roost
|
|upkeep
|turn|63
|
|t:|1597361869
|switch|p2a: Toxapex|Toxapex, F, shiny|100/100
|move|p1a: Corviknight|U-turn|p2a: Toxapex
|-resisted|p2a: Toxapex
|-damage|p2a: Toxapex|96/100
|-damage|p1a: Corviknight|83/100|[from] item: Rocky Helmet|[of] p2a: Toxapex
|l| Spl4sh
|l| 20XX Iron Head
|
|t:|1597361888
|switch|p1a: Ditto|Ditto, shiny|49/100|[from]move: U-turn
|-transform|p1a: Ditto|p2a: Toxapex|[from] ability: Imposter
|
|upkeep
|turn|64
|
|t:|1597361895
|switch|p2a: Kyurem|Kyurem|91/100
|-ability|p2a: Kyurem|Pressure
|move|p1a: Ditto|Toxic|p2a: Kyurem
|-status|p2a: Kyurem|tox
|
|-damage|p2a: Kyurem|84/100 tox|[from] psn
|upkeep
|turn|65
|
|t:|1597361925
|switch|p2a: Chansey|Chansey, F|96/100
|switch|p1a: Jirachi|Jirachi|68/100
|
|-heal|p1a: Jirachi|74/100|[from] item: Leftovers
|upkeep
|turn|66
|
|t:|1597361932
|move|p1a: Jirachi|Fire Punch|p2a: Chansey
|-damage|p2a: Chansey|75/100
|move|p2a: Chansey|Thunder Wave|p1a: Jirachi
|-status|p1a: Jirachi|par
|
|-heal|p1a: Jirachi|80/100 par|[from] item: Leftovers
|upkeep
|turn|67
|
|t:|1597361938
|switch|p1a: Ditto|Ditto, shiny|82/100
|-transform|p1a: Ditto|p2a: Chansey|[from] ability: Imposter
|move|p2a: Chansey|Seismic Toss|p1a: Ditto
|-damage|p1a: Ditto|49/100
|
|upkeep
|turn|68
|inactive|LT71LX John W has 120 seconds left.
|j| tytyui
|j| Boigunn
|l| Boigunn
|
|t:|1597361992
|switch|p1a: Toxapex|Toxapex, F|90/100 par
|move|p2a: Chansey|Seismic Toss|p1a: Toxapex
|-damage|p1a: Toxapex|57/100 par
|-damage|p2a: Chansey|59/100|[from] item: Rocky Helmet|[of] p1a: Toxapex
|
|upkeep
|turn|69
|
|t:|1597361998
|switch|p1a: Ditto|Ditto, shiny|49/100
|-transform|p1a: Ditto|p2a: Chansey|[from] ability: Imposter
|move|p2a: Chansey|Seismic Toss|p1a: Ditto
|-damage|p1a: Ditto|16/100
|
|upkeep
|turn|70
|j| sugarhigh
|l| QuilavaBest
|j| mad goonery
|l| tytyui
|
|t:|1597362023
|move|p1a: Ditto|Soft-Boiled|p1a: Ditto
|-heal|p1a: Ditto|66/100
|move|p2a: Chansey|Thunder Wave|p1a: Ditto
|-status|p1a: Ditto|par
|
|upkeep
|turn|71
|l| zSpxdes
|
|t:|1597362029
|switch|p1a: Toxapex|Toxapex, F|91/100 par
|move|p2a: Chansey|Seismic Toss|p1a: Toxapex
|-damage|p1a: Toxapex|58/100 par
|-damage|p2a: Chansey|42/100|[from] item: Rocky Helmet|[of] p1a: Toxapex
|
|upkeep
|turn|72
|j|+Hootie
|
|t:|1597362048
|switch|p1a: Blissey|Blissey, F|100/100
|move|p2a: Chansey|Heal Bell|p2a: Chansey
|-activate|p2a: Chansey|move: Heal Bell
|-curestatus|p2: Kyurem|tox|[msg]
|
|upkeep
|turn|73
|l| Cam
|inactive|LT71LX John W has 90 seconds left.
|inactive|LT71LX John W has 60 seconds left.
|
|t:|1597362096
|move|p2a: Chansey|Soft-Boiled|p2a: Chansey
|-heal|p2a: Chansey|92/100
|move|p1a: Blissey|Teleport|p1a: Blissey
|inactive|LT71LX John W has 60 seconds left.
|j| LT71LX Chati
|
|t:|1597362105
|switch|p1a: Ditto|Ditto, shiny|66/100|[from]move: Teleport
|-transform|p1a: Ditto|p2a: Chansey|[from] ability: Imposter
|
|upkeep
|turn|74
|
|t:|1597362109
|switch|p1a: Toxapex|Toxapex, F|91/100 par
|move|p2a: Chansey|Seismic Toss|p1a: Toxapex
|-damage|p1a: Toxapex|58/100 par
|-damage|p2a: Chansey|76/100|[from] item: Rocky Helmet|[of] p1a: Toxapex
|
|upkeep
|turn|75
|l| roundpenguin
|
|t:|1597362117
|switch|p1a: Blissey|Blissey, F|100/100
|move|p2a: Chansey|Seismic Toss|p1a: Blissey
|-damage|p1a: Blissey|86/100
|
|upkeep
|turn|76
|
|t:|1597362127
|switch|p2a: Kyurem|Kyurem|84/100
|-ability|p2a: Kyurem|Pressure
|move|p1a: Blissey|Toxic|p2a: Kyurem
|-status|p2a: Kyurem|tox
|
|-damage|p2a: Kyurem|78/100 tox|[from] psn
|upkeep
|turn|77
|
|t:|1597362136
|switch|p2a: Chansey|Chansey, F|76/100
|move|p1a: Blissey|Teleport|p1a: Blissey
|
|t:|1597362139
|switch|p1a: Ditto|Ditto, shiny|66/100|[from]move: Teleport
|-transform|p1a: Ditto|p2a: Chansey|[from] ability: Imposter
|
|upkeep
|turn|78
|
|t:|1597362142
|move|p1a: Ditto|Heal Bell|p1a: Ditto
|-activate|p1a: Ditto|move: Heal Bell
|-curestatus|p1: Toxapex|par|[msg]
|-curestatus|p1: Jirachi|par|[msg]
|move|p2a: Chansey|Seismic Toss|p1a: Ditto
|-damage|p1a: Ditto|32/100
|
|upkeep
|turn|79
|l| utah jasmine fo
|
|t:|1597362153
|switch|p1a: Blissey|Blissey, F|86/100
|move|p2a: Chansey|Thunder Wave|p1a: Blissey
|-status|p1a: Blissey|par
|
|upkeep
|turn|80
|
|t:|1597362159
|move|p2a: Chansey|Heal Bell|p2a: Chansey
|-activate|p2a: Chansey|move: Heal Bell
|-curestatus|p2: Kyurem|tox|[msg]
|move|p1a: Blissey|Teleport|p1a: Blissey
|
|t:|1597362161
|switch|p1a: Ditto|Ditto, shiny|32/100|[from]move: Teleport
|-transform|p1a: Ditto|p2a: Chansey|[from] ability: Imposter
|
|upkeep
|turn|81
|
|t:|1597362167
|move|p1a: Ditto|Soft-Boiled|p1a: Ditto
|-heal|p1a: Ditto|82/100
|move|p2a: Chansey|Seismic Toss|p1a: Ditto
|-damage|p1a: Ditto|49/100
|
|upkeep
|turn|82
|l| CDNThe3rd
|l| Mihowk
|j| LT71LX Grandmaster
|
|t:|1597362181
|move|p1a: Ditto|Soft-Boiled|p1a: Ditto
|-heal|p1a: Ditto|99/100
|move|p2a: Chansey|Seismic Toss|p1a: Ditto
|-damage|p1a: Ditto|66/100
|
|upkeep
|turn|83
|
|t:|1597362184
|move|p1a: Ditto|Soft-Boiled|p1a: Ditto
|-heal|p1a: Ditto|100/100
|move|p2a: Chansey|Seismic Toss|p1a: Ditto
|-damage|p1a: Ditto|67/100
|
|upkeep
|turn|84
|
|t:|1597362188
|switch|p1a: Toxapex|Toxapex, F|91/100
|move|p2a: Chansey|Seismic Toss|p1a: Toxapex
|-damage|p1a: Toxapex|58/100
|-damage|p2a: Chansey|59/100|[from] item: Rocky Helmet|[of] p1a: Toxapex
|
|upkeep
|turn|85
|j| LT71LX Sam
|
|t:|1597362204
|switch|p1a: Ditto|Ditto, shiny|67/100
|-transform|p1a: Ditto|p2a: Chansey|[from] ability: Imposter
|move|p2a: Chansey|Soft-Boiled|p2a: Chansey
|-heal|p2a: Chansey|100/100
|
|upkeep
|turn|86
|j| Shrug
|j| TestNoob L
|j| LT71LX Kith
|l| LT71LX Kith
|inactive|LT71LX John W has 120 seconds left.
|j| Noios
|
|t:|1597362231
|switch|p2a: Kyurem|Kyurem|78/100
|-ability|p2a: Kyurem|Pressure
|move|p1a: Ditto|Soft-Boiled|p1a: Ditto
|-heal|p1a: Ditto|100/100
|
|upkeep
|turn|87
|j| tsukasa yuzaki
|inactive|LT71LX John W has 120 seconds left.
|n| Waylaid|waylaid
|j| stableprince569
|
|t:|1597362258
|switch|p2a: Toxapex|Toxapex, F, shiny|100/100
|switch|p1a: Toxapex|Toxapex, F|92/100
|
|upkeep
|turn|88
|c| TestNoob L|To the person who thought of putting ditto in stall you are a evil genius
|
|t:|1597362266
|switch|p1a: Ditto|Ditto, shiny|100/100
|-transform|p1a: Ditto|p2a: Toxapex|[from] ability: Imposter
|switch|p2a: Chansey|Chansey, F|100/100
|
|upkeep
|turn|89
|j|+Vileman
|inactive|LT71LX John W has 120 seconds left.
|j| TurtalKatThing
|j| Mysterious M
|j| LT71LX Gama
|
|t:|1597362279
|switch|p2a: Toxapex|Toxapex, F, shiny|100/100
|move|p1a: Ditto|Knock Off|p2a: Toxapex
|-damage|p2a: Toxapex|92/100
|-damage|p1a: Ditto|84/100|[from] item: Rocky Helmet|[of] p2a: Toxapex
|-enditem|p2a: Toxapex|Rocky Helmet|[from] move: Knock Off|[of] p1a: Ditto
|
|upkeep
|turn|90
|j| Century Express
|c|☆LT71LX John W|do u wanna tie this
|inactive|LT71LX John W has 120 seconds left.
|j| prosecut0r
|c|☆LT71LX Kappucci|yes
|j| ArcticBreezeX
|j| htcl
|
|t:|1597362293
|switch|p1a: Toxapex|Toxapex, F|100/100
|switch|p2a: Chansey|Chansey, F|100/100
|
|upkeep
|turn|91
|c|☆LT71LX John W|ok thx
|l| TestNoob L
|inactive|LT71LX John W has 120 seconds left.
|c|☆LT71LX John W|at turn 100 right
|
|t:|1597362300
|switch|p2a: Toxapex|Toxapex, F, shiny|100/100
|switch|p1a: Blissey|Blissey, F|86/100
|
|upkeep
|turn|92
|c|☆LT71LX Kappucci|ye
|c| LT71LX Luthier|y
|
|t:|1597362304
|switch|p1a: Toxapex|Toxapex, F|100/100
|switch|p2a: Chansey|Chansey, F|100/100
|
|upkeep
|turn|93
|
|t:|1597362307
|switch|p2a: Toxapex|Toxapex, F, shiny|100/100
|switch|p1a: Blissey|Blissey, F|86/100
|
|upkeep
|turn|94
|
|t:|1597362310
|switch|p1a: Toxapex|Toxapex, F|100/100
|switch|p2a: Chansey|Chansey, F|100/100
|
|upkeep
|turn|95
|j| utah jasmine fo
|l| Devil Patchy
|c| htcl|ties are a blessing to PS
|j| SuperEpicAmpharos
|j| dylwan
|
|t:|1597362317
|switch|p2a: Toxapex|Toxapex, F, shiny|100/100
|switch|p1a: Blissey|Blissey, F|86/100
|
|upkeep
|turn|96
|
|t:|1597362320
|switch|p1a: Toxapex|Toxapex, F|100/100
|switch|p2a: Chansey|Chansey, F|100/100
|
|upkeep
|turn|97
|
|t:|1597362323
|switch|p2a: Toxapex|Toxapex, F, shiny|100/100
|switch|p1a: Blissey|Blissey, F|86/100
|
|upkeep
|turn|98
|j| Chapoa
|
|t:|1597362325
|switch|p1a: Toxapex|Toxapex, F|100/100
|switch|p2a: Chansey|Chansey, F|100/100
|
|upkeep
|turn|99
|
|t:|1597362327
|switch|p2a: Toxapex|Toxapex, F, shiny|100/100
|switch|p1a: Blissey|Blissey, F|86/100
|
|upkeep
|turn|100
|l| Mysterious M
|c| htcl|the best thing implemented since /ionext
LT71LX John W is offering a tie.
LT71LX Kappucci accepted the tie.
|
|tie
|c|☆LT71LX John W|gg
|c|☆LT71LX John W|gl
|c|☆LT71LX Kappucci|gg
|c|☆LT71LX Kappucci|u2
|l|☆LT71LX John W
|l| prosecut0r
|l| Glizzy Goat Ves
|l| James110489
|l| relous
|l| TurtalKatThing
|raw|LT71LX John W's rating: 2141 &rarr; <strong>2143</strong><br />(+2 for tying)
|raw|LT71LX Kappucci's rating: 2170 &rarr; <strong>2168</strong><br />(-2 for tying)
|l| utah jasmine fo
|l| goat christmas
|l| Century Express
|l| King l5
|l| BoomBoomBoo
|l| 64 squares
|j| Peachy Sweet
|l| LT71LX Luthier
|l| ArcticBreezeX
|l| mad goonery
|l| curopins
|l| LT71LX Sam
|l|☆LT71LX Kappucci
|l| Chapoa
|l| Cachapita
|l| Caloominum
|l| GOATDON
|l| Destro16
|l| dylwan
|l| LT71LX Doom
|l| tsukasa yuzaki
|l| Iarimm
|l| LT71LX Grandmaster
|l| LT71LX ayouko
|l| Shrug
|l| Free Swimming
|l| nirltrus
|l|+ShinyAzelf
|l| Livio ElTito
|l|+Vileman
|l| high or dead
|l|brotang
|l| Noios
|l|+Cdumas
|l| stableprince569
|l| SuperEpicAmpharos
|l| LT71LX Chati
|l| Seydou01
|l| ShadowPork
|l| JFCope
|l| LT71LX JOKERDOG
|l| lt71lx juuls
|l| unforgiven lies
|l| wyn
|l| ez
|l| mi verdad
|l| Lightchanseyy
|l| Mara Sattei
|l| LT71LX WD
|l| Waylaid
|j| QuilavaBest
|l| Mannat
|l| Pokemon Hates Me
|l| QuilavaBest
