|j|☆Eclipse77
|j|‽cellgenesis
|t:|1664747484
|gametype|singles
|player|p1|Eclipse77|kahili|1629
|player|p2|cellgenesis|1|1697
|teamsize|p1|6
|teamsize|p2|6
|gen|8
|tier|[Gen 8] OU
|rated|
|rule|Sleep Clause Mod: Limit one foe put to sleep
|rule|Species Clause: Limit one of each Pokémon
|rule|OHKO Clause: OHKO moves are banned
|rule|Evasion Items Clause: Evasion items are banned
|rule|Evasion Moves Clause: Evasion moves are banned
|rule|Endless Battle Clause: Forcing endless battles is banned
|rule|HP Percentage Mod: HP is shown in percentages
|rule|Dynamax Clause: You cannot dynamax
|clearpoke
|poke|p1|Urshifu-*, F|
|poke|p1|Tyranitar, M|
|poke|p1|Excadrill, M|
|poke|p1|Zapdos|
|poke|p1|Ferrothorn, M|
|poke|p1|Tapu Lele|
|poke|p2|Cloyster, M|
|poke|p2|Corviknight, F|
|poke|p2|Azelf|
|poke|p2|Polteageist|
|poke|p2|Mew|
|poke|p2|Butterfree, F|
|teampreview
|inactive|Battle timer is ON: inactive players will automatically lose when time's up. (requested by cellgenesis)
|j| RazorForce21
|inactive|cellgenesis has 120 seconds left.
|
|t:|1664747522
|start
|switch|p1a: Tyranitar|Tyranitar, M|100/100
|switch|p2a: Azelf|Azelf|100/100
|-weather|Sandstorm|[from] ability: Sand Stream|[of] p1a: Tyranitar
|turn|1
|
|t:|1664747527
|move|p2a: Azelf|Stealth Rock|p1a: Tyranitar
|-sidestart|p1: Eclipse77|move: Stealth Rock
|move|p1a: Tyranitar|Crunch|p2a: Azelf
|-supereffective|p2a: Azelf
|-enditem|p2a: Azelf|Focus Sash
|-damage|p2a: Azelf|1/100
|-unboost|p2a: Azelf|def|1
|
|-weather|Sandstorm|[upkeep]
|-damage|p2a: Azelf|0 fnt|[from] Sandstorm
|faint|p2a: Azelf
|upkeep
|
|t:|1664747545
|switch|p2a: Butterfree|Butterfree, F|100/100
|turn|2
|inactive|Eclipse77 has 120 seconds left.
|
|t:|1664747580
|switch|p1a: Ferrothorn|Ferrothorn, M|100/100
|-damage|p1a: Ferrothorn|95/100|[from] Stealth Rock
|move|p2a: Butterfree|Sleep Powder|p1a: Ferrothorn
|-immune|p1a: Ferrothorn
|
|-weather|Sandstorm|[upkeep]
|-damage|p2a: Butterfree|94/100|[from] Sandstorm
|-heal|p2a: Butterfree|100/100|[from] item: Leftovers
|-heal|p1a: Ferrothorn|100/100|[from] item: Leftovers
|upkeep
|turn|3
|
|t:|1664747588
|switch|p1a: Excadrill|Excadrill, M|100/100
|-damage|p1a: Excadrill|97/100|[from] Stealth Rock
|move|p2a: Butterfree|Substitute|p2a: Butterfree
|-start|p2a: Butterfree|Substitute
|-damage|p2a: Butterfree|76/100
|
|-weather|Sandstorm|[upkeep]
|-damage|p2a: Butterfree|69/100|[from] Sandstorm
|-heal|p2a: Butterfree|76/100|[from] item: Leftovers
|upkeep
|turn|4
|
|t:|1664747594
|move|p1a: Excadrill|Rapid Spin|p2a: Butterfree
|-end|p2a: Butterfree|Substitute
|-sideend|p1: Eclipse77|Stealth Rock|[from] move: Rapid Spin|[of] p1a: Excadrill
|-boost|p1a: Excadrill|spe|1
|move|p2a: Butterfree|Sleep Powder|p1a: Excadrill
|-status|p1a: Excadrill|slp|[from] move: Sleep Powder
|
|-weather|Sandstorm|[upkeep]
|-damage|p2a: Butterfree|69/100|[from] Sandstorm
|-heal|p2a: Butterfree|76/100|[from] item: Leftovers
|upkeep
|turn|5
|
|t:|1664747602
|switch|p1a: Zapdos|Zapdos|100/100
|move|p2a: Butterfree|Substitute|p2a: Butterfree
|-start|p2a: Butterfree|Substitute
|-damage|p2a: Butterfree|51/100
|
|-weather|none
|-heal|p2a: Butterfree|57/100|[from] item: Leftovers
|upkeep
|turn|6
|
|t:|1664747607
|move|p2a: Butterfree|Quiver Dance|p2a: Butterfree
|-boost|p2a: Butterfree|spa|1
|-boost|p2a: Butterfree|spd|1
|-boost|p2a: Butterfree|spe|1
|move|p1a: Zapdos|Heat Wave|p2a: Butterfree
|-supereffective|p2a: Butterfree
|-end|p2a: Butterfree|Substitute
|
|-heal|p2a: Butterfree|63/100|[from] item: Leftovers
|upkeep
|turn|7
|
|t:|1664747609
|move|p2a: Butterfree|Quiver Dance|p2a: Butterfree
|-boost|p2a: Butterfree|spa|1
|-boost|p2a: Butterfree|spd|1
|-boost|p2a: Butterfree|spe|1
|move|p1a: Zapdos|Hurricane|p2a: Butterfree|[miss]
|-miss|p1a: Zapdos|p2a: Butterfree
|
|-heal|p2a: Butterfree|69/100|[from] item: Leftovers
|upkeep
|turn|8
|
|t:|1664747613
|move|p2a: Butterfree|Substitute|p2a: Butterfree
|-start|p2a: Butterfree|Substitute
|-damage|p2a: Butterfree|44/100
|move|p1a: Zapdos|Hurricane|p2a: Butterfree
|-supereffective|p2a: Butterfree
|-end|p2a: Butterfree|Substitute
|
|-heal|p2a: Butterfree|50/100|[from] item: Leftovers
|upkeep
|turn|9
|
|t:|1664747616
|move|p2a: Butterfree|Substitute|p2a: Butterfree
|-start|p2a: Butterfree|Substitute
|-damage|p2a: Butterfree|25/100
|move|p1a: Zapdos|Hurricane|p2a: Butterfree|[miss]
|-miss|p1a: Zapdos|p2a: Butterfree
|
|-heal|p2a: Butterfree|32/100|[from] item: Leftovers
|upkeep
|turn|10
|
|t:|1664747619
|move|p2a: Butterfree|Hurricane|p1a: Zapdos
|-resisted|p1a: Zapdos
|-damage|p1a: Zapdos|57/100
|-start|p1a: Zapdos|confusion
|-activate|p1a: Zapdos|confusion
|move|p1a: Zapdos|Hurricane|p2a: Butterfree|[miss]
|-miss|p1a: Zapdos|p2a: Butterfree
|
|-heal|p2a: Butterfree|38/100|[from] item: Leftovers
|upkeep
|turn|11
|
|t:|1664747627
|switch|p1a: Ferrothorn|Ferrothorn, M|100/100
|move|p2a: Butterfree|Hurricane|p1a: Ferrothorn
|-damage|p1a: Ferrothorn|42/100
|-start|p1a: Ferrothorn|confusion
|
|-heal|p2a: Butterfree|44/100|[from] item: Leftovers
|-heal|p1a: Ferrothorn|48/100|[from] item: Leftovers
|upkeep
|turn|12
|
|t:|1664747642
|move|p2a: Butterfree|Hurricane|p1a: Ferrothorn|[miss]
|-miss|p2a: Butterfree|p1a: Ferrothorn
|-activate|p1a: Ferrothorn|confusion
|move|p1a: Ferrothorn|Knock Off|p2a: Butterfree
|-end|p2a: Butterfree|Substitute
|
|-heal|p2a: Butterfree|50/100|[from] item: Leftovers
|-heal|p1a: Ferrothorn|54/100|[from] item: Leftovers
|upkeep
|turn|13
|
|t:|1664747647
|move|p2a: Butterfree|Hurricane|p1a: Ferrothorn
|-damage|p1a: Ferrothorn|0 fnt
|faint|p1a: Ferrothorn
|
|-heal|p2a: Butterfree|56/100|[from] item: Leftovers
|upkeep
|
|t:|1664747651
|switch|p1a: Zapdos|Zapdos|57/100
|turn|14
|
|t:|1664747653
|move|p2a: Butterfree|Substitute|p2a: Butterfree
|-start|p2a: Butterfree|Substitute
|-damage|p2a: Butterfree|31/100
|move|p1a: Zapdos|Hurricane|p2a: Butterfree
|-supereffective|p2a: Butterfree
|-end|p2a: Butterfree|Substitute
|
|-heal|p2a: Butterfree|37/100|[from] item: Leftovers
|upkeep
|turn|15
|
|t:|1664747656
|move|p2a: Butterfree|Substitute|p2a: Butterfree
|-start|p2a: Butterfree|Substitute
|-damage|p2a: Butterfree|12/100
|move|p1a: Zapdos|Heat Wave|p2a: Butterfree
|-supereffective|p2a: Butterfree
|-end|p2a: Butterfree|Substitute
|
|-heal|p2a: Butterfree|19/100|[from] item: Leftovers
|upkeep
|turn|16
|
|t:|1664747661
|move|p2a: Butterfree|Hurricane|p1a: Zapdos
|-resisted|p1a: Zapdos
|-damage|p1a: Zapdos|17/100
|move|p1a: Zapdos|Heat Wave|p2a: Butterfree|[miss]
|-miss|p1a: Zapdos|p2a: Butterfree
|
|-heal|p2a: Butterfree|25/100|[from] item: Leftovers
|upkeep
|turn|17
|c|☆Eclipse77|...
|c|☆Eclipse77|this zapdos doesnt have eyes
|
|t:|1664747675
|move|p2a: Butterfree|Hurricane|p1a: Zapdos
|-resisted|p1a: Zapdos
|-damage|p1a: Zapdos|0 fnt
|faint|p1a: Zapdos
|
|-heal|p2a: Butterfree|31/100|[from] item: Leftovers
|upkeep
|
|t:|1664747679
|switch|p1a: Tapu Lele|Tapu Lele, shiny|100/100
|-fieldstart|move: Psychic Terrain|[from] ability: Psychic Surge|[of] p1a: Tapu Lele
|turn|18
|
|t:|1664747683
|move|p2a: Butterfree|Hurricane|p1a: Tapu Lele
|-damage|p1a: Tapu Lele|0 fnt
|faint|p1a: Tapu Lele
|
|-heal|p2a: Butterfree|37/100|[from] item: Leftovers
|upkeep
|c|☆Eclipse77|gg
|-message|Eclipse77 forfeited.
|
|win|cellgenesis
|raw|Eclipse77's rating: 1629 &rarr; <strong>1613</strong><br />(-16 for losing)
|raw|cellgenesis's rating: 1697 &rarr; <strong>1713</strong><br />(+16 for winning)
|l|☆Eclipse77
||Ladder isn't responding, score probably updated but might not have (Request timeout).
