|j|☆cold.exe
|j|☆LemonySnickers
|player|p1|cold.exe|flannery|1517
|player|p2|LemonySnickers|68|1461
|teamsize|p1|6
|teamsize|p2|6
|gametype|singles
|gen|8
|tier|[Gen 8] OU
|rated|
|clearpoke
|poke|p1|Diggersby, F|
|poke|p1|Azumarill, F|
|poke|p1|Mandibuzz, F|
|poke|p1|Rotom-Heat|
|poke|p1|Rillaboom, M|
|poke|p1|Cinderace, F|
|poke|p2|Pelipper, M|
|poke|p2|Barraskewda, F|
|poke|p2|Urshifu-*, F|
|poke|p2|Ferrothorn, F|
|poke|p2|Tentacruel, M|
|poke|p2|Magearna|
|rule|Sleep Clause Mod: Limit one foe put to sleep
|rule|Species Clause: Limit one of each Pokémon
|rule|OHKO Clause: OHKO moves are banned
|rule|Evasion Moves Clause: Evasion moves are banned
|rule|Endless Battle Clause: Forcing endless battles is banned
|rule|HP Percentage Mod: HP is shown in percentages
|rule|Dynamax Clause: You cannot dynamax
|teampreview
|inactive|Battle timer is ON: inactive players will automatically lose when time's up. (requested by LemonySnickers)
|
|start
|switch|p1a: Bruh|Cinderace, F|100/100
|switch|p2a: Urshifu|Urshifu-Rapid-Strike, F|100/100
|turn|1
|
|switch|p1a: Mandibuzz|Mandibuzz, F|100/100
|move|p2a: Urshifu|Surging Strikes|p1a: Mandibuzz
|-crit|p1a: Mandibuzz
|-damage|p1a: Mandibuzz|83/100
|-crit|p1a: Mandibuzz
|-damage|p1a: Mandibuzz|66/100
|-crit|p1a: Mandibuzz
|-damage|p1a: Mandibuzz|50/100
|-hitcount|p1a: Mandibuzz|3
|
|upkeep
|turn|2
|
|switch|p2a: Pelipper|Pelipper, M|100/100
|-weather|RainDance|[from] ability: Drizzle|[of] p2a: Pelipper
|move|p1a: Mandibuzz|Roost|p1a: Mandibuzz
|-heal|p1a: Mandibuzz|99/100
|-singleturn|p1a: Mandibuzz|move: Roost
|
|-weather|RainDance|[upkeep]
|upkeep
|turn|3
|
|move|p2a: Pelipper|U-turn|p1a: Mandibuzz
|-damage|p1a: Mandibuzz|95/100
|
|switch|p2a: Magearna|Magearna|100/100|[from]move: U-turn
|move|p1a: Mandibuzz|U-turn|p2a: Magearna
|-resisted|p2a: Magearna
|-damage|p2a: Magearna|98/100
|
|switch|p1a: Diggersby|Diggersby, F|100/100|[from]move: U-turn
|
|-weather|RainDance|[upkeep]
|upkeep
|turn|4
|
|switch|p2a: Ferrothorn|Ferrothorn, F|100/100
|move|p1a: Diggersby|Earthquake|p2a: Ferrothorn
|-damage|p2a: Ferrothorn|42/100
|
|-weather|RainDance|[upkeep]
|-heal|p2a: Ferrothorn|48/100|[from] item: Leftovers
|upkeep
|turn|5
|
|switch|p1a: Rotom|Rotom-Heat|100/100
|switch|p2a: Pelipper|Pelipper, M|100/100
|
|-weather|RainDance|[upkeep]
|upkeep
|turn|6
|
|switch|p2a: Ferrothorn|Ferrothorn, F|48/100
|move|p1a: Rotom|Volt Switch|p2a: Ferrothorn
|-resisted|p2a: Ferrothorn
|-damage|p2a: Ferrothorn|34/100
|
|switch|p1a: Diggersby|Diggersby, F|100/100|[from]move: Volt Switch
|
|-weather|RainDance|[upkeep]
|-heal|p2a: Ferrothorn|40/100|[from] item: Leftovers
|upkeep
|turn|7
|
|move|p1a: Diggersby|Knock Off|p2a: Ferrothorn
|-damage|p2a: Ferrothorn|6/100
|-damage|p1a: Diggersby|88/100|[from] ability: Iron Barbs|[of] p2a: Ferrothorn
|-enditem|p2a: Ferrothorn|Leftovers|[from] move: Knock Off|[of] p1a: Diggersby
|move|p2a: Ferrothorn|Knock Off|p1a: Diggersby
|-damage|p1a: Diggersby|57/100
|-enditem|p1a: Diggersby|Choice Band|[from] move: Knock Off|[of] p2a: Ferrothorn
|
|-weather|RainDance|[upkeep]
|upkeep
|turn|8
|
|move|p1a: Diggersby|Knock Off|p2a: Ferrothorn
|-damage|p2a: Ferrothorn|0 fnt
|-damage|p1a: Diggersby|45/100|[from] ability: Iron Barbs|[of] p2a: Ferrothorn
|faint|p2a: Ferrothorn
|
|-weather|RainDance|[upkeep]
|upkeep
|
|switch|p2a: Barraskewda|Barraskewda, F|100/100
|turn|9
|
|move|p1a: Diggersby|Quick Attack|p2a: Barraskewda
|-damage|p2a: Barraskewda|48/100
|move|p2a: Barraskewda|Flip Turn|p1a: Diggersby
|-supereffective|p1a: Diggersby
|-damage|p1a: Diggersby|0 fnt
|faint|p1a: Diggersby
|
|switch|p2a: Urshifu|Urshifu-Rapid-Strike, F|100/100|[from]move: Flip Turn
|
|-weather|none
|upkeep
|
|switch|p1a: Rillaboom|Rillaboom, M|100/100
|-fieldstart|move: Grassy Terrain|[from] ability: Grassy Surge|[of] p1a: Rillaboom
|turn|10
|
|switch|p2a: Pelipper|Pelipper, M|100/100
|-weather|RainDance|[from] ability: Drizzle|[of] p2a: Pelipper
|move|p1a: Rillaboom|Swords Dance|p1a: Rillaboom
|-boost|p1a: Rillaboom|atk|2
|
|-weather|RainDance|[upkeep]
|upkeep
|turn|11
|
|move|p1a: Rillaboom|Grassy Glide|p2a: Pelipper
|-damage|p2a: Pelipper|0 fnt
|-damage|p1a: Rillaboom|91/100|[from] item: Life Orb
|faint|p2a: Pelipper
|
|-weather|RainDance|[upkeep]
|-heal|p1a: Rillaboom|97/100|[from] Grassy Terrain
|upkeep
|
|switch|p2a: Magearna|Magearna|98/100
|turn|12
|
|switch|p1a: Azumarill|Azumarill, F|100/100
|move|p2a: Magearna|Fleur Cannon|p1a: Azumarill|[miss]
|-miss|p2a: Magearna|p1a: Azumarill
|
|-weather|RainDance|[upkeep]
|-heal|p2a: Magearna|100/100|[from] Grassy Terrain
|upkeep
|turn|13
|
|move|p1a: Azumarill|Aqua Jet|p2a: Magearna
|-damage|p2a: Magearna|50/100
|move|p2a: Magearna|Fleur Cannon|p1a: Azumarill
|-damage|p1a: Azumarill|0 fnt
|-unboost|p2a: Magearna|spa|2
|faint|p1a: Azumarill
|-ability|p2a: Magearna|Soul-Heart|boost
|-boost|p2a: Magearna|spa|1
|
|-weather|RainDance|[upkeep]
|-heal|p2a: Magearna|56/100|[from] Grassy Terrain
|upkeep
|inactive|cold.exe has 120 seconds left.
|
|switch|p1a: Bruh|Cinderace, F|100/100
|turn|14
|
|switch|p2a: Tentacruel|Tentacruel, M|100/100
|move|p1a: Bruh|Shadow Ball|p2a: Tentacruel
|-start|p1a: Bruh|typechange|Ghost|[from] ability: Libero
|-damage|p2a: Tentacruel|63/100
|
|-weather|RainDance|[upkeep]
|-heal|p2a: Tentacruel|69/100|[from] ability: Rain Dish
|-heal|p2a: Tentacruel|75/100|[from] item: Leftovers
|-heal|p2a: Tentacruel|81/100|[from] Grassy Terrain
|-fieldend|move: Grassy Terrain
|upkeep
|turn|15
|
|move|p1a: Bruh|Shadow Ball|p2a: Tentacruel
|-damage|p2a: Tentacruel|43/100
|move|p2a: Tentacruel|Knock Off|p1a: Bruh
|-supereffective|p1a: Bruh
|-damage|p1a: Bruh|51/100
|-enditem|p1a: Bruh|Choice Specs|[from] move: Knock Off|[of] p2a: Tentacruel
|
|-weather|RainDance|[upkeep]
|-heal|p2a: Tentacruel|49/100|[from] ability: Rain Dish
|-heal|p2a: Tentacruel|55/100|[from] item: Leftovers
|upkeep
|turn|16
|
|move|p1a: Bruh|Electro Ball|p2a: Tentacruel
|-start|p1a: Bruh|typechange|Electric|[from] ability: Libero
|-supereffective|p2a: Tentacruel
|-damage|p2a: Tentacruel|20/100
|move|p2a: Tentacruel|Scald|p1a: Bruh
|-damage|p1a: Bruh|7/100
|
|-weather|RainDance|[upkeep]
|-heal|p2a: Tentacruel|26/100|[from] ability: Rain Dish
|-heal|p2a: Tentacruel|32/100|[from] item: Leftovers
|upkeep
|turn|17
|
|move|p1a: Bruh|Electro Ball|p2a: Tentacruel
|-supereffective|p2a: Tentacruel
|-damage|p2a: Tentacruel|0 fnt
|faint|p2a: Tentacruel
|
|-weather|none
|upkeep
|
|switch|p2a: Barraskewda|Barraskewda, F|48/100
|turn|18
|
|move|p2a: Barraskewda|Flip Turn|p1a: Bruh
|-damage|p1a: Bruh|0 fnt
|faint|p1a: Bruh
|
|switch|p2a: Magearna|Magearna|56/100|[from]move: Flip Turn
|
|upkeep
|
|switch|p1a: Rotom|Rotom-Heat|100/100
|turn|19
|
|switch|p2a: Urshifu|Urshifu-Rapid-Strike, F|100/100
|move|p1a: Rotom|Volt Switch|p2a: Urshifu
|-supereffective|p2a: Urshifu
|-damage|p2a: Urshifu|11/100
|
|switch|p1a: Rillaboom|Rillaboom, M|97/100|[from]move: Volt Switch
|-fieldstart|move: Grassy Terrain|[from] ability: Grassy Surge|[of] p1a: Rillaboom
|
|-heal|p2a: Urshifu|17/100|[from] Grassy Terrain
|-heal|p1a: Rillaboom|100/100|[from] Grassy Terrain
|upkeep
|turn|20
|
|move|p1a: Rillaboom|Grassy Glide|p2a: Urshifu
|-supereffective|p2a: Urshifu
|-damage|p2a: Urshifu|0 fnt
|-damage|p1a: Rillaboom|91/100|[from] item: Life Orb
|faint|p2a: Urshifu
|
|-heal|p1a: Rillaboom|97/100|[from] Grassy Terrain
|upkeep
|
|switch|p2a: Magearna|Magearna|56/100
|turn|21
|
|switch|p1a: Mandibuzz|Mandibuzz, F|95/100
|move|p2a: Magearna|Fleur Cannon|p1a: Mandibuzz
|-supereffective|p1a: Mandibuzz
|-damage|p1a: Mandibuzz|0 fnt
|-unboost|p2a: Magearna|spa|2
|faint|p1a: Mandibuzz
|-ability|p2a: Magearna|Soul-Heart|boost
|-boost|p2a: Magearna|spa|1
|
|-heal|p2a: Magearna|63/100|[from] Grassy Terrain
|upkeep
|
|switch|p1a: Rotom|Rotom-Heat|100/100
|turn|22
|
|move|p1a: Rotom|Volt Switch|p2a: Magearna
|-crit|p2a: Magearna
|-damage|p2a: Magearna|25/100
|
|switch|p1a: Rillaboom|Rillaboom, M|97/100|[from]move: Volt Switch
|move|p2a: Magearna|Fleur Cannon|p1a: Rillaboom
|-crit|p1a: Rillaboom
|-damage|p1a: Rillaboom|0 fnt
|-unboost|p2a: Magearna|spa|2
|faint|p1a: Rillaboom
|-ability|p2a: Magearna|Soul-Heart|boost
|-boost|p2a: Magearna|spa|1
|
|-heal|p2a: Magearna|31/100|[from] Grassy Terrain
|upkeep
|c|☆cold.exe|Nice crit
|c|☆LemonySnickers|Nice choke
|inactive|cold.exe has 120 seconds left.
|c|☆cold.exe|Nah man i knew i didn't die to say and the switch to barraskewda was kinda obv
|c|☆LemonySnickers|Overheat would kill both mag and skewda
|inactive|cold.exe has 90 seconds left.
|c|☆LemonySnickers|It was a useless risk "man"
|c|☆LemonySnickers|And the switch would be stupid as ur play
|inactive|cold.exe has 60 seconds left.
|c|☆cold.exe|Bruh
|c|☆cold.exe|Crit saved u anyways
|c|☆cold.exe|Gg
|-message|cold.exe forfeited.
|
|win|LemonySnickers
|c|☆LemonySnickers|U had won
|raw|cold.exe's rating: 1495 &rarr; <strong>1473</strong><br />(-22 for losing)
|raw|LemonySnickers's rating: 1461 &rarr; <strong>1483</strong><br />(+22 for winning)
|l|☆cold.exe
|c|☆LemonySnickers|And throw
