|j|☆Snivyite
|j|☆early_human
|t:|1635103803
|gametype|singles
|player|p1|Snivyite|lucas-gen4pt|1834
|player|p2|early_human|dancer|1846
|teamsize|p1|6
|teamsize|p2|6
|gen|8
|tier|[Gen 8] OU
|rated|
|rule|Sleep Clause Mod: Limit one foe put to sleep
|rule|Species Clause: Limit one of each Pokémon
|rule|OHKO Clause: OHKO moves are banned
|rule|Evasion Moves Clause: Evasion moves are banned
|rule|Endless Battle Clause: Forcing endless battles is banned
|rule|HP Percentage Mod: HP is shown in percentages
|rule|Dynamax Clause: You cannot dynamax
|clearpoke
|poke|p1|Heatran, M|
|poke|p1|Tapu Lele|
|poke|p1|Corviknight, M|
|poke|p1|Garchomp, F|
|poke|p1|Tapu Fini|
|poke|p1|Dragapult, F|
|poke|p2|Moltres-Galar|
|poke|p2|Aegislash, M|
|poke|p2|Buzzwole|
|poke|p2|Latios, M|
|poke|p2|Landorus-Therian, M|
|poke|p2|Bisharp, F|
|teampreview
|inactive|Battle timer is ON: inactive players will automatically lose when time's up. (requested by early_human)
|
|t:|1635103834
|start
|switch|p1a: Heatran|Heatran, M|100/100
|switch|p2a: Bisharp|Bisharp, F|100/100
|turn|1
|
|t:|1635103840
|move|p2a: Bisharp|Low Kick|p1a: Heatran
|-supereffective|p1a: Heatran
|-damage|p1a: Heatran|23/100
|move|p1a: Heatran|Earth Power|p2a: Bisharp
|-supereffective|p2a: Bisharp
|-damage|p2a: Bisharp|54/100
|
|-heal|p1a: Heatran|30/100|[from] item: Leftovers
|upkeep
|turn|2
|
|t:|1635103851
|switch|p1a: Tapu Fini|Tapu Fini|100/100
|-fieldstart|move: Misty Terrain|[from] ability: Misty Surge|[of] p1a: Tapu Fini
|move|p2a: Bisharp|Knock Off|p1a: Tapu Fini
|-resisted|p1a: Tapu Fini
|-damage|p1a: Tapu Fini|82/100
|-enditem|p1a: Tapu Fini|Leftovers|[from] move: Knock Off|[of] p2a: Bisharp
|
|upkeep
|turn|3
|
|t:|1635103856
|move|p1a: Tapu Fini|Moonblast|p2a: Bisharp
|-damage|p2a: Bisharp|26/100
|-unboost|p2a: Bisharp|spa|1
|-ability|p2a: Bisharp|Defiant
|-boost|p2a: Bisharp|atk|2
|move|p2a: Bisharp|Iron Head|p1a: Tapu Fini
|-damage|p1a: Tapu Fini|26/100
|
|upkeep
|turn|4
|j| RealThighsRealize
|j| LovyDaffy
|
|t:|1635103861
|move|p2a: Bisharp|Sucker Punch|p1a: Tapu Fini
|-resisted|p1a: Tapu Fini
|-damage|p1a: Tapu Fini|0 fnt
|faint|p1a: Tapu Fini
|
|upkeep
|
|t:|1635103862
|switch|p1a: Tapu Lele|Tapu Lele|100/100
|-fieldstart|move: Psychic Terrain|[from] ability: Psychic Surge|[of] p1a: Tapu Lele
|turn|5
|
|t:|1635103866
|switch|p2a: Aegislash|Aegislash, M|100/100
|move|p1a: Tapu Lele|Moonblast|p2a: Aegislash
|-resisted|p2a: Aegislash
|-damage|p2a: Aegislash|71/100
|
|upkeep
|turn|6
|j| Nirvada2000
|
|t:|1635103880
|switch|p1a: Corviknight|Corviknight, M|100/100
|-ability|p1a: Corviknight|Pressure
|-formechange|p2a: Aegislash|Aegislash-Blade||[from] ability: Stance Change
|move|p2a: Aegislash|Shadow Ball|p1a: Corviknight
|-damage|p1a: Corviknight|66/100
|
|-heal|p1a: Corviknight|72/100|[from] item: Leftovers
|upkeep
|turn|7
|
|t:|1635103888
|-formechange|p2a: Aegislash|Aegislash||[from] ability: Stance Change
|move|p2a: Aegislash|King's Shield|p2a: Aegislash
|-singleturn|p2a: Aegislash|Protect
|move|p1a: Corviknight|Roost|p1a: Corviknight
|-heal|p1a: Corviknight|100/100
|-singleturn|p1a: Corviknight|move: Roost
|
|upkeep
|turn|8
|j| Jjffn
|
|t:|1635103891
|move|p1a: Corviknight|Brave Bird|p2a: Aegislash
|-resisted|p2a: Aegislash
|-damage|p2a: Aegislash|56/100
|-damage|p1a: Corviknight|96/100|[from] Recoil
|-formechange|p2a: Aegislash|Aegislash-Blade||[from] ability: Stance Change
|move|p2a: Aegislash|Shadow Ball|p1a: Corviknight
|-damage|p1a: Corviknight|61/100
|-unboost|p1a: Corviknight|spd|1
|
|-heal|p1a: Corviknight|67/100|[from] item: Leftovers
|upkeep
|turn|9
|
|t:|1635103902
|switch|p2a: Moltres|Moltres-Galar|100/100
|move|p1a: Corviknight|Brave Bird|p2a: Moltres
|-damage|p2a: Moltres|60/100
|-damage|p1a: Corviknight|56/100|[from] Recoil
|
|-heal|p1a: Corviknight|62/100|[from] item: Leftovers
|-fieldend|move: Psychic Terrain
|upkeep
|turn|10
|
|t:|1635103906
|move|p2a: Moltres|Fiery Wrath|p1a: Corviknight
|-damage|p1a: Corviknight|19/100
|move|p1a: Corviknight|U-turn|p2a: Moltres
|-damage|p2a: Moltres|44/100
|-ability|p2a: Moltres|Berserk|boost
|-boost|p2a: Moltres|spa|1
|
|t:|1635103917
|switch|p1a: Dragapult|Dragapult, F|100/100|[from]move: U-turn
|
|upkeep
|turn|11
|inactive|early_human has 120 seconds left.
|
|t:|1635103960
|switch|p2a: Bisharp|Bisharp, F|26/100
|move|p1a: Dragapult|Draco Meteor|p2a: Bisharp
|-resisted|p2a: Bisharp
|-damage|p2a: Bisharp|0 fnt
|-unboost|p1a: Dragapult|spa|2
|faint|p2a: Bisharp
|
|upkeep
|
|t:|1635103968
|switch|p2a: Landorus|Landorus-Therian, M|100/100
|-ability|p2a: Landorus|Intimidate|boost
|-unboost|p1a: Dragapult|atk|1
|turn|12
|
|t:|1635103982
|switch|p1a: Corviknight|Corviknight, M|19/100
|-ability|p1a: Corviknight|Pressure
|move|p2a: Landorus|Stealth Rock|p1a: Corviknight
|-sidestart|p1: Snivyite|move: Stealth Rock
|
|-heal|p1a: Corviknight|25/100|[from] item: Leftovers
|upkeep
|turn|13
|
|t:|1635103987
|move|p2a: Landorus|Explosion|p1a: Corviknight
|-resisted|p1a: Corviknight
|-damage|p1a: Corviknight|0 fnt
|faint|p2a: Landorus
|faint|p1a: Corviknight
|
|upkeep
|j| squishyskewda
|
|t:|1635104012
|switch|p2a: Aegislash|Aegislash, M|56/100
|switch|p1a: Dragapult|Dragapult, F|100/100
|-damage|p1a: Dragapult|88/100|[from] Stealth Rock
|turn|14
|j| Flora Wings
|
|t:|1635104016
|move|p2a: Aegislash|King's Shield|p2a: Aegislash
|-singleturn|p2a: Aegislash|Protect
|move|p1a: Dragapult|Shadow Ball|p2a: Aegislash
|-activate|p2a: Aegislash|move: Protect
|
|upkeep
|turn|15
|
|t:|1635104020
|switch|p2a: Buzzwole|Buzzwole|100/100
|move|p1a: Dragapult|Shadow Ball|p2a: Buzzwole
|-damage|p2a: Buzzwole|16/100
|
|upkeep
|turn|16
|
|t:|1635104023
|move|p1a: Dragapult|Shadow Ball|p2a: Buzzwole
|-damage|p2a: Buzzwole|0 fnt
|faint|p2a: Buzzwole
|
|upkeep
|
|t:|1635104025
|switch|p2a: Moltres|Moltres-Galar|44/100
|turn|17
|
|t:|1635104033
|switch|p1a: Heatran|Heatran, M|30/100
|-damage|p1a: Heatran|17/100|[from] Stealth Rock
|move|p2a: Moltres|Agility|p2a: Moltres
|-boost|p2a: Moltres|spe|2
|
|-heal|p1a: Heatran|23/100|[from] item: Leftovers
|upkeep
|turn|18
|
|t:|1635104037
|move|p2a: Moltres|Fiery Wrath|p1a: Heatran
|-damage|p1a: Heatran|0 fnt
|faint|p1a: Heatran
|
|upkeep
|
|t:|1635104045
|switch|p1a: Garchomp|Garchomp, F|100/100
|-damage|p1a: Garchomp|94/100|[from] Stealth Rock
|turn|19
|
|t:|1635104050
|move|p2a: Moltres|Nasty Plot|p2a: Moltres
|-boost|p2a: Moltres|spa|2
|move|p1a: Garchomp|Scale Shot|p2a: Moltres
|-damage|p2a: Moltres|28/100
|-damage|p2a: Moltres|13/100
|-damage|p2a: Moltres|0 fnt
|faint|p2a: Moltres
|-hitcount|p2: Moltres|3
|-unboost|p1a: Garchomp|def|1
|-boost|p1a: Garchomp|spe|1
|
|-heal|p1a: Garchomp|100/100|[from] item: Leftovers
|upkeep
|-message|early_human forfeited.
|
|win|Snivyite
|raw|Snivyite's rating: 1834 &rarr; <strong>1855</strong><br />(+21 for winning)
|raw|early_human's rating: 1846 &rarr; <strong>1825</strong><br />(-21 for losing)
|l|☆early_human
