|j|☆darthputin
|j|☆gotsnsd
|t:|1656044035
|gametype|singles
|player|p1|darthputin|steven|1590
|player|p2|gotsnsd|beauty-gen2jp|1531
|teamsize|p1|6
|teamsize|p2|6
|gen|8
|tier|[Gen 8] OU
|rated|
|rule|Sleep Clause Mod: Limit one foe put to sleep
|rule|Species Clause: Limit one of each Pokémon
|rule|OHKO Clause: OHKO moves are banned
|rule|Evasion Moves Clause: Evasion moves are banned
|rule|Endless Battle Clause: Forcing endless battles is banned
|rule|HP Percentage Mod: HP is shown in percentages
|rule|Dynamax Clause: You cannot dynamax
|clearpoke
|poke|p1|Dragonite, F|
|poke|p1|Tapu Koko|
|poke|p1|Blissey, F|
|poke|p1|Ditto|
|poke|p1|Kartana|
|poke|p1|Hawlucha, M|
|poke|p2|Kartana|
|poke|p2|Landorus-Therian, M|
|poke|p2|Dragapult, F|
|poke|p2|Weavile, F|
|poke|p2|Tyranitar, M|
|poke|p2|Gyarados, M|
|teampreview
|inactive|Battle timer is ON: inactive players will automatically lose when time's up. (requested by darthputin)
|j| SlowGal19
|
|t:|1656044040
|start
|switch|p1a: Tapu Koko|Tapu Koko|100/100
|switch|p2a: Tyranitar|Tyranitar, M|100/100
|-fieldstart|move: Electric Terrain|[from] ability: Electric Surge|[of] p1a: Tapu Koko
|-weather|Sandstorm|[from] ability: Sand Stream|[of] p2a: Tyranitar
|turn|1
|
|t:|1656044044
|move|p1a: Tapu Koko|U-turn|p2a: Tyranitar
|-supereffective|p2a: Tyranitar
|-damage|p2a: Tyranitar|71/100
|
|t:|1656044046
|switch|p1a: Kartana|Kartana|100/100|[from]move: U-turn
|move|p2a: Tyranitar|Stone Edge|p1a: Kartana
|-resisted|p1a: Kartana
|-crit|p1a: Kartana
|-damage|p1a: Kartana|27/100
|
|-weather|Sandstorm|[upkeep]
|-heal|p1a: Kartana|33/100|[from] item: Leftovers
|upkeep
|turn|2
|
|t:|1656044051
|switch|p2a: Kartana|Kartana|100/100
|move|p1a: Kartana|Smart Strike|p2a: Kartana
|-resisted|p2a: Kartana
|-damage|p2a: Kartana|79/100
|-damage|p1a: Kartana|16/100|[from] item: Rocky Helmet|[of] p2a: Kartana
|
|-weather|Sandstorm|[upkeep]
|-heal|p1a: Kartana|23/100|[from] item: Leftovers
|upkeep
|turn|3
|j| The Morb Man
|
|t:|1656044056
|move|p2a: Kartana|Knock Off|p1a: Kartana
|-damage|p1a: Kartana|0 fnt
|-enditem|p1a: Kartana|Leftovers|[from] move: Knock Off|[of] p2a: Kartana
|faint|p1a: Kartana
|-ability|p2a: Kartana|Beast Boost|boost
|-boost|p2a: Kartana|atk|1
|
|-weather|Sandstorm|[upkeep]
|upkeep
|
|t:|1656044060
|switch|p1a: Ditto|Ditto|100/100
|-transform|p1a: Ditto|p2a: Kartana|[from] ability: Imposter
|turn|4
|
|t:|1656044074
|switch|p1a: Hawlucha|Hawlucha, M|100/100
|-enditem|p1a: Hawlucha|Electric Seed
|-boost|p1a: Hawlucha|def|1|[from] item: Electric Seed
|move|p2a: Kartana|Knock Off|p1a: Hawlucha
|-resisted|p1a: Hawlucha
|-damage|p1a: Hawlucha|80/100
|
|-weather|Sandstorm|[upkeep]
|-damage|p1a: Hawlucha|74/100|[from] Sandstorm
|upkeep
|turn|5
|
|t:|1656044078
|switch|p2a: Landorus|Landorus-Therian, M|100/100
|-ability|p2a: Landorus|Intimidate|boost
|-unboost|p1a: Hawlucha|atk|1
|move|p1a: Hawlucha|Swords Dance|p1a: Hawlucha
|-boost|p1a: Hawlucha|atk|2
|
|-weather|none
|-fieldend|move: Electric Terrain
|upkeep
|turn|6
|
|t:|1656044096
|switch|p2a: Tyranitar|Tyranitar, M|71/100
|-weather|Sandstorm|[from] ability: Sand Stream|[of] p2a: Tyranitar
|move|p1a: Hawlucha|Swords Dance|p1a: Hawlucha
|-boost|p1a: Hawlucha|atk|2
|
|-weather|Sandstorm|[upkeep]
|-damage|p1a: Hawlucha|68/100|[from] Sandstorm
|upkeep
|turn|7
|
|t:|1656044100
|switch|p2a: Landorus|Landorus-Therian, M|100/100
|-ability|p2a: Landorus|Intimidate|boost
|-unboost|p1a: Hawlucha|atk|1
|move|p1a: Hawlucha|Drain Punch|p2a: Landorus
|-resisted|p2a: Landorus
|-damage|p2a: Landorus|65/100
|-heal|p1a: Hawlucha|91/100|[from] drain|[of] p2a: Landorus
|-enditem|p2a: Landorus|Eject Button
|
|t:|1656044122
|switch|p2a: Dragapult|Dragapult, F|100/100
|
|-weather|Sandstorm|[upkeep]
|-damage|p1a: Hawlucha|85/100|[from] Sandstorm
|-damage|p2a: Dragapult|95/100|[from] Sandstorm
|upkeep
|turn|8
|
|t:|1656044125
|move|p1a: Hawlucha|Acrobatics|p2a: Dragapult
|-damage|p2a: Dragapult|0 fnt
|faint|p2a: Dragapult
|
|-weather|Sandstorm|[upkeep]
|-damage|p1a: Hawlucha|79/100|[from] Sandstorm
|upkeep
|
|t:|1656044131
|switch|p2a: Weavile|Weavile, F|100/100
|-ability|p2a: Weavile|Pressure
|turn|9
|
|t:|1656044133
|move|p2a: Weavile|Ice Shard|p1a: Hawlucha
|-supereffective|p1a: Hawlucha
|-damage|p1a: Hawlucha|18/100
|move|p1a: Hawlucha|Drain Punch|p2a: Weavile
|-supereffective|p2a: Weavile
|-damage|p2a: Weavile|0 fnt
|-heal|p1a: Hawlucha|65/100|[from] drain|[of] p2a: Weavile
|faint|p2a: Weavile
|
|-weather|Sandstorm|[upkeep]
|-damage|p1a: Hawlucha|59/100|[from] Sandstorm
|upkeep
|
|t:|1656044139
|switch|p2a: Landorus|Landorus-Therian, M|65/100
|-ability|p2a: Landorus|Intimidate|boost
|-unboost|p1a: Hawlucha|atk|1
|turn|10
|
|t:|1656044141
|move|p1a: Hawlucha|Swords Dance|p1a: Hawlucha
|-boost|p1a: Hawlucha|atk|2
|move|p2a: Landorus|Toxic|p1a: Hawlucha
|-status|p1a: Hawlucha|tox
|
|-weather|none
|-damage|p1a: Hawlucha|53/100 tox|[from] psn
|upkeep
|turn|11
|
|t:|1656044144
|switch|p2a: Tyranitar|Tyranitar, M|71/100
|-weather|Sandstorm|[from] ability: Sand Stream|[of] p2a: Tyranitar
|move|p1a: Hawlucha|Acrobatics|p2a: Tyranitar
|-resisted|p2a: Tyranitar
|-damage|p2a: Tyranitar|15/100
|
|-weather|Sandstorm|[upkeep]
|-damage|p1a: Hawlucha|47/100 tox|[from] Sandstorm
|-damage|p1a: Hawlucha|35/100 tox|[from] psn
|upkeep
|turn|12
|c|☆darthputin|why
|
|t:|1656044148
|switch|p2a: Landorus|Landorus-Therian, M|65/100
|-ability|p2a: Landorus|Intimidate|boost
|-unboost|p1a: Hawlucha|atk|1
|move|p1a: Hawlucha|Acrobatics|p2a: Landorus
|-damage|p2a: Landorus|0 fnt
|faint|p2a: Landorus
|
|-weather|Sandstorm|[upkeep]
|-damage|p1a: Hawlucha|29/100 tox|[from] Sandstorm
|-damage|p1a: Hawlucha|11/100 tox|[from] psn
|upkeep
|
|t:|1656044153
|switch|p2a: Tyranitar|Tyranitar, M|15/100
|turn|13
|
|t:|1656044159
|switch|p2a: Kartana|Kartana|79/100
|move|p1a: Hawlucha|Drain Punch|p2a: Kartana
|-supereffective|p2a: Kartana
|-damage|p2a: Kartana|0 fnt
|-heal|p1a: Hawlucha|51/100 tox|[from] drain|[of] p2a: Kartana
|-damage|p1a: Hawlucha|35/100 tox|[from] item: Rocky Helmet|[of] p2a: Kartana
|faint|p2a: Kartana
|
|-weather|Sandstorm|[upkeep]
|-damage|p1a: Hawlucha|28/100 tox|[from] Sandstorm
|-damage|p1a: Hawlucha|4/100 tox|[from] psn
|upkeep
|
|t:|1656044162
|switch|p2a: Gyarados|Gyarados, M|100/100
|turn|14
|c|☆darthputin|too predictable
|
|t:|1656044165
|move|p1a: Hawlucha|Acrobatics|p2a: Gyarados
|-damage|p2a: Gyarados|0 fnt
|faint|p2a: Gyarados
|
|-weather|Sandstorm|[upkeep]
|-damage|p1a: Hawlucha|0 fnt|[from] Sandstorm
|faint|p1a: Hawlucha
|upkeep
|
|t:|1656044169
|switch|p1a: Tapu Koko|Tapu Koko|100/100
|switch|p2a: Tyranitar|Tyranitar, M|15/100
|-fieldstart|move: Electric Terrain|[from] ability: Electric Surge|[of] p1a: Tapu Koko
|turn|15
|c|☆gotsnsd|nothing to predict when there's no switchin
|-message|gotsnsd forfeited.
|
|win|darthputin
|raw|darthputin's rating: 1590 &rarr; <strong>1607</strong><br />(+17 for winning)
|raw|gotsnsd's rating: 1531 &rarr; <strong>1514</strong><br />(-17 for losing)
|l|☆gotsnsd
|l| The Morb Man
