|j|☆LT82ZW Vaw
|j|‽Freezerman
|t:|1626110250
|gametype|singles
|player|p1|LT82ZW Vaw|101|1000
|player|p2|Freezerman|palmer|1000
|teamsize|p1|6
|teamsize|p2|6
|gen|8
|tier|[Gen 8] OU
|rated|
|rule|Sleep Clause Mod: Limit one foe put to sleep
|rule|Species Clause: Limit one of each Pokémon
|rule|OHKO Clause: OHKO moves are banned
|rule|Evasion Moves Clause: Evasion moves are banned
|rule|Endless Battle Clause: Forcing endless battles is banned
|rule|HP Percentage Mod: HP is shown in percentages
|rule|Dynamax Clause: You cannot dynamax
|clearpoke
|poke|p1|Bisharp, M|
|poke|p1|Cloyster, F|
|poke|p1|Garchomp, F|
|poke|p1|Hawlucha, F|
|poke|p1|Skarmory, M|
|poke|p1|Volcarona, M|
|poke|p2|Dragonite, F|
|poke|p2|Kartana|
|poke|p2|Blissey, F|
|poke|p2|Landorus-Therian, M|
|poke|p2|Tapu Koko|
|poke|p2|Bisharp, F|
|teampreview
|
|t:|1626110267
|start
|switch|p1a: Skarmory|Skarmory, M|100/100
|switch|p2a: Dragonite|Dragonite, F|100/100
|turn|1
|inactive|Battle timer is ON: inactive players will automatically lose when time's up. (requested by LT82ZW Vaw)
|
|t:|1626110274
|switch|p2a: Tapu Koko|Tapu Koko|100/100
|-fieldstart|move: Electric Terrain|[from] ability: Electric Surge|[of] p2a: Tapu Koko
|move|p1a: Skarmory|Taunt|p2a: Tapu Koko
|-start|p2a: Tapu Koko|move: Taunt
|
|upkeep
|turn|2
|
|t:|1626110284
|move|p2a: Tapu Koko|Dazzling Gleam|p1a: Skarmory
|-resisted|p1a: Skarmory
|-damage|p1a: Skarmory|74/100
|move|p1a: Skarmory|Stealth Rock|p2a: Tapu Koko
|-sidestart|p2: Freezerman|move: Stealth Rock
|
|upkeep
|turn|3
|
|t:|1626110291
|switch|p1a: Garchomp|Garchomp, F|100/100
|move|p2a: Tapu Koko|Thunderbolt|p1a: Garchomp
|-immune|p1a: Garchomp
|
|-end|p2a: Tapu Koko|move: Taunt
|upkeep
|turn|4
|
|t:|1626110298
|switch|p2a: Landorus|Landorus-Therian, M|100/100
|-damage|p2a: Landorus|88/100|[from] Stealth Rock
|-ability|p2a: Landorus|Intimidate|boost
|-unboost|p1a: Garchomp|atk|1
|switch|p1a: Skarmory|Skarmory, M|74/100
|
|-heal|p2a: Landorus|94/100|[from] item: Leftovers
|upkeep
|turn|5
|
|t:|1626110303
|move|p1a: Skarmory|Spikes|p2a: Landorus
|-sidestart|p2: Freezerman|Spikes
|move|p2a: Landorus|Stealth Rock|p1a: Skarmory
|-sidestart|p1: LT82ZW Vaw|move: Stealth Rock
|
|-heal|p2a: Landorus|99/100|[from] item: Leftovers
|-fieldend|move: Electric Terrain
|upkeep
|turn|6
|
|t:|1626110308
|move|p1a: Skarmory|Spikes|p2a: Landorus
|-sidestart|p2: Freezerman|Spikes
|move|p2a: Landorus|U-turn|p1a: Skarmory
|-resisted|p1a: Skarmory
|-damage|p1a: Skarmory|68/100
|
|t:|1626110311
|switch|p2a: Tapu Koko|Tapu Koko|100/100|[from]move: U-turn
|-fieldstart|move: Electric Terrain|[from] ability: Electric Surge|[of] p2a: Tapu Koko
|
|upkeep
|turn|7
|
|t:|1626110320
|move|p2a: Tapu Koko|Thunderbolt|p1a: Skarmory
|-supereffective|p1a: Skarmory
|-damage|p1a: Skarmory|0 fnt
|faint|p1a: Skarmory
|
|upkeep
|
|t:|1626110334
|switch|p1a: Bisharp|Bisharp, M|100/100
|-damage|p1a: Bisharp|95/100|[from] Stealth Rock
|turn|8
|
|t:|1626110340
|move|p2a: Tapu Koko|U-turn|p1a: Bisharp
|-damage|p1a: Bisharp|75/100
|
|t:|1626110342
|switch|p2a: Bisharp|Bisharp, F|100/100|[from]move: U-turn
|-damage|p2a: Bisharp|95/100|[from] Stealth Rock
|-damage|p2a: Bisharp|78/100|[from] Spikes
|move|p1a: Bisharp|Knock Off|p2a: Bisharp
|-resisted|p2a: Bisharp
|-damage|p2a: Bisharp|38/100
|-enditem|p2a: Bisharp|Choice Band|[from] move: Knock Off|[of] p1a: Bisharp
|-damage|p1a: Bisharp|65/100|[from] item: Life Orb
|
|upkeep
|turn|9
|
|t:|1626110364
|move|p1a: Bisharp|Iron Head|p2a: Bisharp
|-resisted|p2a: Bisharp
|-damage|p2a: Bisharp|5/100
|-damage|p1a: Bisharp|55/100|[from] item: Life Orb
|move|p2a: Bisharp|Knock Off|p1a: Bisharp
|-resisted|p1a: Bisharp
|-damage|p1a: Bisharp|22/100
|-enditem|p1a: Bisharp|Life Orb|[from] move: Knock Off|[of] p2a: Bisharp
|
|upkeep
|turn|10
|
|t:|1626110376
|move|p1a: Bisharp|Sucker Punch|p2a: Bisharp
|-resisted|p2a: Bisharp
|-damage|p2a: Bisharp|0 fnt
|faint|p2a: Bisharp
|
|-fieldend|move: Electric Terrain
|upkeep
|
|t:|1626110380
|switch|p2a: Tapu Koko|Tapu Koko|100/100
|-fieldstart|move: Electric Terrain|[from] ability: Electric Surge|[of] p2a: Tapu Koko
|turn|11
|
|t:|1626110384
|move|p1a: Bisharp|Sucker Punch|p2a: Tapu Koko
|-resisted|p2a: Tapu Koko
|-damage|p2a: Tapu Koko|76/100
|move|p2a: Tapu Koko|Dazzling Gleam|p1a: Bisharp
|-damage|p1a: Bisharp|0 fnt
|faint|p1a: Bisharp
|
|upkeep
|c|☆LT82ZW Vaw|S
|
|t:|1626110423
|switch|p1a: Volcarona|Volcarona, M|100/100
|turn|12
|
|t:|1626110435
|switch|p2a: Dragonite|Dragonite, F|100/100
|switch|p1a: Garchomp|Garchomp, F|100/100
|-damage|p1a: Garchomp|94/100|[from] Stealth Rock
|
|upkeep
|turn|13
|
|t:|1626110443
|move|p1a: Garchomp|Scale Shot|p2a: Dragonite
|-supereffective|p2a: Dragonite
|-damage|p2a: Dragonite|81/100
|-supereffective|p2a: Dragonite
|-damage|p2a: Dragonite|44/100
|-supereffective|p2a: Dragonite
|-damage|p2a: Dragonite|4/100
|-hitcount|p2a: Dragonite|3
|-unboost|p1a: Garchomp|def|1
|-boost|p1a: Garchomp|spe|1
|-damage|p1a: Garchomp|85/100|[from] item: Life Orb
|move|p2a: Dragonite|Dragon Dance|p2a: Dragonite
|-boost|p2a: Dragonite|atk|1
|-boost|p2a: Dragonite|spe|1
|
|upkeep
|turn|14
|
|t:|1626110457
|move|p1a: Garchomp|Scale Shot|p2a: Dragonite
|-supereffective|p2a: Dragonite
|-crit|p2a: Dragonite
|-damage|p2a: Dragonite|0 fnt
|faint|p2a: Dragonite
|-hitcount|p2: Dragonite|1
|-unboost|p1a: Garchomp|def|1
|-boost|p1a: Garchomp|spe|1
|-damage|p1a: Garchomp|75/100|[from] item: Life Orb
|
|upkeep
|
|t:|1626110461
|switch|p2a: Landorus|Landorus-Therian, M|99/100
|-damage|p2a: Landorus|88/100|[from] Stealth Rock
|-ability|p2a: Landorus|Intimidate|boost
|-unboost|p1a: Garchomp|atk|1
|turn|15
|
|t:|1626110473
|switch|p1a: Hawlucha|Hawlucha, F|100/100
|-damage|p1a: Hawlucha|88/100|[from] Stealth Rock
|move|p2a: Landorus|Earthquake|p1a: Hawlucha
|-immune|p1a: Hawlucha
|
|-heal|p2a: Landorus|94/100|[from] item: Leftovers
|-fieldend|move: Electric Terrain
|upkeep
|turn|16
|
|t:|1626110486
|move|p1a: Hawlucha|Sky Attack||[still]
|-prepare|p1a: Hawlucha|Sky Attack
|-enditem|p1a: Hawlucha|Power Herb
|-anim|p1a: Hawlucha|Sky Attack|p2a: Landorus
|-damage|p2a: Landorus|50/100
|cant|p2a: Landorus|flinch
|
|-heal|p2a: Landorus|56/100|[from] item: Leftovers
|upkeep
|turn|17
|
|t:|1626110493
|move|p1a: Hawlucha|Acrobatics|p2a: Landorus
|-damage|p2a: Landorus|16/100
|move|p2a: Landorus|U-turn|p1a: Hawlucha
|-resisted|p1a: Hawlucha
|-damage|p1a: Hawlucha|81/100
|
|t:|1626110496
|switch|p2a: Tapu Koko|Tapu Koko|76/100|[from]move: U-turn
|-fieldstart|move: Electric Terrain|[from] ability: Electric Surge|[of] p2a: Tapu Koko
|
|upkeep
|turn|18
|
|t:|1626110512
|move|p1a: Hawlucha|Acrobatics|p2a: Tapu Koko
|-resisted|p2a: Tapu Koko
|-damage|p2a: Tapu Koko|45/100
|move|p2a: Tapu Koko|Thunderbolt|p1a: Hawlucha
|-supereffective|p1a: Hawlucha
|-damage|p1a: Hawlucha|0 fnt
|faint|p1a: Hawlucha
|
|upkeep
|
|t:|1626110523
|switch|p1a: Volcarona|Volcarona, M|100/100
|turn|19
|
|t:|1626110539
|switch|p2a: Blissey|Blissey, F|100/100
|move|p1a: Volcarona|Quiver Dance|p1a: Volcarona
|-boost|p1a: Volcarona|spa|1
|-boost|p1a: Volcarona|spd|1
|-boost|p1a: Volcarona|spe|1
|
|upkeep
|turn|20
|
|t:|1626110543
|move|p1a: Volcarona|Fire Blast|p2a: Blissey
|-damage|p2a: Blissey|68/100
|move|p2a: Blissey|Thunder Wave|p1a: Volcarona
|-status|p1a: Volcarona|par
|
|upkeep
|turn|21
|
|t:|1626110547
|move|p1a: Volcarona|Quiver Dance|p1a: Volcarona
|-boost|p1a: Volcarona|spa|1
|-boost|p1a: Volcarona|spd|1
|-boost|p1a: Volcarona|spe|1
|move|p2a: Blissey|Seismic Toss|p1a: Volcarona
|-damage|p1a: Volcarona|68/100 par
|-status|p2a: Blissey|brn|[from] ability: Flame Body|[of] p1a: Volcarona
|
|-damage|p2a: Blissey|62/100 brn|[from] brn
|-fieldend|move: Electric Terrain
|upkeep
|turn|22
|
|t:|1626110569
|move|p1a: Volcarona|Quiver Dance|p1a: Volcarona
|-boost|p1a: Volcarona|spa|1
|-boost|p1a: Volcarona|spd|1
|-boost|p1a: Volcarona|spe|1
|move|p2a: Blissey|Seismic Toss|p1a: Volcarona
|-damage|p1a: Volcarona|36/100 par
|
|-damage|p2a: Blissey|56/100 brn|[from] brn
|upkeep
|turn|23
|
|t:|1626110579
|cant|p1a: Volcarona|par
|move|p2a: Blissey|Seismic Toss|p1a: Volcarona
|-damage|p1a: Volcarona|4/100 par
|
|-damage|p2a: Blissey|50/100 brn|[from] brn
|upkeep
|turn|24
|
|t:|1626110585
|move|p1a: Volcarona|Fire Blast|p2a: Blissey
|-damage|p2a: Blissey|0 fnt
|faint|p2a: Blissey
|
|upkeep
|
|t:|1626110588
|switch|p2a: Landorus|Landorus-Therian, M|16/100
|-damage|p2a: Landorus|4/100|[from] Stealth Rock
|-ability|p2a: Landorus|Intimidate|boost
|-unboost|p1a: Volcarona|atk|1
|turn|25
|
|t:|1626110594
|cant|p1a: Volcarona|par
|move|p2a: Landorus|U-turn|p1a: Volcarona
|-resisted|p1a: Volcarona
|-damage|p1a: Volcarona|0 fnt
|-status|p2a: Landorus|brn|[from] ability: Flame Body|[of] p1a: Volcarona
|faint|p1a: Volcarona
|
|t:|1626110598
|switch|p2a: Kartana|Kartana|100/100|[from]move: U-turn
|-damage|p2a: Kartana|94/100|[from] Stealth Rock
|-damage|p2a: Kartana|78/100|[from] Spikes
|
|upkeep
|c|☆LT82ZW Vaw|lmao
|c|☆LT82ZW Vaw|rob
|c|☆LT82ZW Vaw|again and again
|c|☆LT82ZW Vaw|what a nice game
|c|☆LT82ZW Vaw|fair and balanced
|
|t:|1626110634
|switch|p1a: Garchomp|Garchomp, F|75/100
|-damage|p1a: Garchomp|69/100|[from] Stealth Rock
|turn|26
|
|t:|1626110644
|move|p2a: Kartana|Leaf Blade|p1a: Garchomp
|-crit|p1a: Garchomp
|-damage|p1a: Garchomp|0 fnt
|-damage|p2a: Kartana|65/100|[from] ability: Rough Skin|[of] p1a: Garchomp
|faint|p1a: Garchomp
|-ability|p2a: Kartana|Beast Boost|boost
|-boost|p2a: Kartana|atk|1
|
|upkeep
|c|☆LT82ZW Vaw|lmao.
|c|☆LT82ZW Vaw|lucky cnt
|
|t:|1626110655
|switch|p1a: Cloyster|Cloyster, F|100/100
|-damage|p1a: Cloyster|76/100|[from] Stealth Rock
|turn|27
|
|t:|1626110659
|move|p1a: Cloyster|Ice Shard|p2a: Kartana
|-damage|p2a: Kartana|48/100
|move|p2a: Kartana|Leaf Blade|p1a: Cloyster
|-supereffective|p1a: Cloyster
|-damage|p1a: Cloyster|0 fnt
|faint|p1a: Cloyster
|
|win|Freezerman
|c|☆LT82ZW Vaw|trash
