|j|☆GGeorgie◕‿◕
|j|☆LT94JEJabberjaw888
|t:|1661651074
|gametype|singles
|player|p1|GGeorgie◕‿◕|hiker-gen2|1692
|player|p2|LT94JEJabberjaw888|rood|1696
|teamsize|p1|6
|teamsize|p2|6
|gen|8
|tier|[Gen 8] OU
|rated|
|rule|Sleep Clause Mod: Limit one foe put to sleep
|rule|Species Clause: Limit one of each Pokémon
|rule|OHKO Clause: OHKO moves are banned
|rule|Evasion Items Clause: Evasion items are banned
|rule|Evasion Moves Clause: Evasion moves are banned
|rule|Endless Battle Clause: Forcing endless battles is banned
|rule|HP Percentage Mod: HP is shown in percentages
|rule|Dynamax Clause: You cannot dynamax
|clearpoke
|poke|p1|Suicune|
|poke|p1|Tyranitar, M|
|poke|p1|Landorus-Therian, M|
|poke|p1|Magnezone|
|poke|p1|Zapdos|
|poke|p1|Melmetal|
|poke|p2|Buzzwole|
|poke|p2|Tapu Koko|
|poke|p2|Regieleki|
|poke|p2|Zeraora|
|poke|p2|Zapdos|
|poke|p2|Landorus-Therian, M|
|teampreview
|inactive|Battle timer is ON: inactive players will automatically lose when time's up. (requested by GGeorgie◕‿◕)
|
|t:|1661651085
|start
|switch|p1a: Suicune|Suicune|100/100
|switch|p2a: Dawg|Landorus-Therian, M|100/100
|-ability|p1a: Suicune|Pressure
|-ability|p2a: Dawg|Intimidate|boost
|-unboost|p1a: Suicune|atk|1
|turn|1
|
|t:|1661651088
|switch|p2a: Edgar|Tapu Koko|100/100
|-fieldstart|move: Electric Terrain|[from] ability: Electric Surge|[of] p2a: Edgar
|move|p1a: Suicune|Scald|p2a: Edgar
|-damage|p2a: Edgar|65/100
|
|upkeep
|turn|2
|
|t:|1661651091
|move|p2a: Edgar|Nature's Madness|p1a: Suicune
|-damage|p1a: Suicune|50/100
|move|p1a: Suicune|Scald|p2a: Edgar
|-damage|p2a: Edgar|25/100
|
|upkeep
|turn|3
|
|t:|1661651095
|move|p2a: Edgar|Volt Switch|p1a: Suicune
|-supereffective|p1a: Suicune
|-damage|p1a: Suicune|0 fnt
|faint|p1a: Suicune
|
|t:|1661651099
|switch|p2a: Dawg|Landorus-Therian, M|100/100|[from]move: Volt Switch
|
|upkeep
|
|t:|1661651104
|switch|p1a: Tyranitar|Tyranitar, M|100/100
|-weather|Sandstorm|[from] ability: Sand Stream|[of] p1a: Tyranitar
|turn|4
|
|t:|1661651108
|switch|p1a: Zapdos|Zapdos|100/100
|move|p2a: Dawg|U-turn|p1a: Zapdos
|-resisted|p1a: Zapdos
|-damage|p1a: Zapdos|92/100
|-status|p2a: Dawg|par|[from] ability: Static|[of] p1a: Zapdos
|
|t:|1661651113
|switch|p2a: Pete Jones|Zeraora|100/100|[from]move: U-turn
|
|-weather|Sandstorm|[upkeep]
|-damage|p2a: Pete Jones|95/100|[from] Sandstorm
|-damage|p1a: Zapdos|86/100|[from] Sandstorm
|upkeep
|turn|5
|
|t:|1661651117
|move|p2a: Pete Jones|Bulk Up|p2a: Pete Jones
|-boost|p2a: Pete Jones|atk|1
|-boost|p2a: Pete Jones|def|1
|move|p1a: Zapdos|Hurricane|p2a: Pete Jones|[miss]
|-miss|p1a: Zapdos|p2a: Pete Jones
|
|-weather|Sandstorm|[upkeep]
|-damage|p2a: Pete Jones|89/100|[from] Sandstorm
|-damage|p1a: Zapdos|80/100|[from] Sandstorm
|upkeep
|turn|6
|
|t:|1661651121
|move|p2a: Pete Jones|Bulk Up|p2a: Pete Jones
|-boost|p2a: Pete Jones|atk|1
|-boost|p2a: Pete Jones|def|1
|move|p1a: Zapdos|Hurricane|p2a: Pete Jones
|-resisted|p2a: Pete Jones
|-damage|p2a: Pete Jones|56/100
|-start|p2a: Pete Jones|confusion
|
|-weather|Sandstorm|[upkeep]
|-damage|p2a: Pete Jones|50/100|[from] Sandstorm
|-damage|p1a: Zapdos|74/100|[from] Sandstorm
|upkeep
|turn|7
|
|t:|1661651128
|switch|p1a: Magnezone|Magnezone|100/100
|-activate|p2a: Pete Jones|confusion
|move|p2a: Pete Jones|Plasma Fists|p1a: Magnezone
|-resisted|p1a: Magnezone
|-damage|p1a: Magnezone|55/100
|-fieldactivate|move: Ion Deluge
|-hint|Normal-type moves become Electric-type after using Plasma Fists.
|-damage|p2a: Pete Jones|34/100|[from] item: Rocky Helmet|[of] p1a: Magnezone
|
|-weather|Sandstorm|[upkeep]
|-damage|p2a: Pete Jones|28/100|[from] Sandstorm
|upkeep
|turn|8
|
|t:|1661651135
|-activate|p2a: Pete Jones|confusion
|move|p2a: Pete Jones|Close Combat|p1a: Magnezone
|-supereffective|p1a: Magnezone
|-damage|p1a: Magnezone|0 fnt
|-unboost|p2a: Pete Jones|def|1
|-unboost|p2a: Pete Jones|spd|1
|-damage|p2a: Pete Jones|12/100|[from] item: Rocky Helmet|[of] p1a: Magnezone
|faint|p1a: Magnezone
|
|-weather|none
|-fieldend|move: Electric Terrain
|upkeep
|
|t:|1661651136
|switch|p1a: Landorus|Landorus-Therian, M|100/100
|-ability|p1a: Landorus|Intimidate|boost
|-unboost|p2a: Pete Jones|atk|1
|turn|9
|
|t:|1661651139
|move|p1a: Landorus|U-turn|p2a: Pete Jones
|-damage|p2a: Pete Jones|0 fnt
|faint|p2a: Pete Jones
|
|t:|1661651142
|switch|p1a: Zapdos|Zapdos|74/100|[from]move: U-turn
|
|upkeep
|
|t:|1661651149
|switch|p2a: Edgar|Tapu Koko|25/100
|-fieldstart|move: Electric Terrain|[from] ability: Electric Surge|[of] p2a: Edgar
|turn|10
|
|t:|1661651152
|move|p2a: Edgar|Nature's Madness|p1a: Zapdos
|-damage|p1a: Zapdos|38/100
|move|p1a: Zapdos|Volt Switch|p2a: Edgar
|-resisted|p2a: Edgar
|-damage|p2a: Edgar|3/100
|
|t:|1661651154
|switch|p1a: Landorus|Landorus-Therian, M|100/100|[from]move: Volt Switch
|-ability|p1a: Landorus|Intimidate|boost
|-unboost|p2a: Edgar|atk|1
|
|upkeep
|turn|11
|
|t:|1661651162
|switch|p2a: Buzzwole|Buzzwole, shiny|100/100
|move|p1a: Landorus|U-turn|p2a: Buzzwole
|-resisted|p2a: Buzzwole
|-damage|p2a: Buzzwole|90/100
|
|t:|1661651166
|switch|p1a: Zapdos|Zapdos|38/100|[from]move: U-turn
|
|upkeep
|turn|12
|
|t:|1661651169
|move|p2a: Buzzwole|Ice Punch|p1a: Zapdos
|-supereffective|p1a: Zapdos
|-damage|p1a: Zapdos|0 fnt
|-status|p2a: Buzzwole|par|[from] ability: Static|[of] p1a: Zapdos
|faint|p1a: Zapdos
|-ability|p2a: Buzzwole|Beast Boost|boost
|-boost|p2a: Buzzwole|atk|1
|
|upkeep
|
|t:|1661651172
|switch|p1a: Melmetal|Melmetal|100/100
|turn|13
|
|t:|1661651187
|switch|p2a: Dawg|Landorus-Therian, M|100/100 par
|-ability|p2a: Dawg|Intimidate|boost
|-unboost|p1a: Melmetal|atk|1
|move|p1a: Melmetal|Toxic||[still]
|-fail|p1a: Melmetal
|
|upkeep
|turn|14
|
|t:|1661651192
|move|p1a: Melmetal|Double Iron Bash|p2a: Dawg
|-damage|p2a: Dawg|70/100 par
|-damage|p2a: Dawg|40/100 par
|-hitcount|p2a: Dawg|2
|move|p2a: Dawg|Stealth Rock|p1a: Melmetal
|-sidestart|p1: GGeorgie◕‿◕|move: Stealth Rock
|
|-heal|p2a: Dawg|46/100 par|[from] item: Leftovers
|upkeep
|turn|15
|
|t:|1661651203
|move|p1a: Melmetal|Double Iron Bash|p2a: Dawg
|-damage|p2a: Dawg|16/100 par
|-damage|p2a: Dawg|0 fnt
|faint|p2a: Dawg
|-hitcount|p2: Dawg|2
|
|upkeep
|
|t:|1661651212
|switch|p2a: Buzzwole|Buzzwole, shiny|90/100 par
|turn|16
|
|t:|1661651214
|move|p2a: Buzzwole|Close Combat|p1a: Melmetal
|-supereffective|p1a: Melmetal
|-damage|p1a: Melmetal|21/100
|-unboost|p2a: Buzzwole|def|1
|-unboost|p2a: Buzzwole|spd|1
|move|p1a: Melmetal|Double Iron Bash|p2a: Buzzwole
|-damage|p2a: Buzzwole|59/100 par
|-damage|p2a: Buzzwole|28/100 par
|-hitcount|p2a: Buzzwole|2
|
|-heal|p1a: Melmetal|27/100|[from] item: Leftovers
|upkeep
|turn|17
|
|t:|1661651219
|move|p1a: Melmetal|Protect|p1a: Melmetal
|-singleturn|p1a: Melmetal|Protect
|move|p2a: Buzzwole|Close Combat|p1a: Melmetal
|-activate|p1a: Melmetal|move: Protect
|
|-heal|p1a: Melmetal|33/100|[from] item: Leftovers
|-fieldend|move: Electric Terrain
|upkeep
|turn|18
|
|t:|1661651223
|switch|p2a: Zapdos|Zapdos|100/100
|move|p1a: Melmetal|Double Iron Bash|p2a: Zapdos
|-resisted|p2a: Zapdos
|-damage|p2a: Zapdos|89/100
|-resisted|p2a: Zapdos
|-damage|p2a: Zapdos|78/100
|-status|p1a: Melmetal|par|[from] ability: Static|[of] p2a: Zapdos
|-hitcount|p2a: Zapdos|2
|
|-heal|p1a: Melmetal|39/100 par|[from] item: Leftovers
|upkeep
|turn|19
|
|t:|1661651226
|move|p2a: Zapdos|Volt Switch|p1a: Melmetal
|-damage|p1a: Melmetal|11/100 par
|
|t:|1661651229
|switch|p2a: Edgar|Tapu Koko|3/100|[from]move: Volt Switch
|-fieldstart|move: Electric Terrain|[from] ability: Electric Surge|[of] p2a: Edgar
|move|p1a: Melmetal|Toxic|p2a: Edgar
|-status|p2a: Edgar|tox
|
|-heal|p1a: Melmetal|18/100 par|[from] item: Leftovers
|-damage|p2a: Edgar|0 fnt|[from] psn
|faint|p2a: Edgar
|upkeep
|
|t:|1661651231
|switch|p2a: Zapdos|Zapdos|78/100
|turn|20
|
|t:|1661651243
|move|p2a: Zapdos|Volt Switch|p1a: Melmetal
|-damage|p1a: Melmetal|0 fnt
|faint|p1a: Melmetal
|
|t:|1661651250
|switch|p2a: Buzzwole|Buzzwole, shiny|28/100 par|[from]move: Volt Switch
|
|upkeep
|
|t:|1661651259
|switch|p1a: Tyranitar|Tyranitar, M|100/100
|-damage|p1a: Tyranitar|88/100|[from] Stealth Rock
|-weather|Sandstorm|[from] ability: Sand Stream|[of] p1a: Tyranitar
|turn|21
|
|t:|1661651261
|move|p1a: Tyranitar|Fire Blast|p2a: Buzzwole
|-supereffective|p2a: Buzzwole
|-damage|p2a: Buzzwole|0 fnt
|faint|p2a: Buzzwole
|
|-weather|Sandstorm|[upkeep]
|upkeep
|
|t:|1661651265
|switch|p2a: Electro kid|Regieleki|100/100
|turn|22
|
|t:|1661651280
|switch|p1a: Landorus|Landorus-Therian, M|100/100
|-damage|p1a: Landorus|88/100|[from] Stealth Rock
|-ability|p1a: Landorus|Intimidate|boost
|-unboost|p2a: Electro kid|atk|1
|move|p2a: Electro kid|Rising Voltage|p1a: Landorus
|-immune|p1a: Landorus
|
|-weather|Sandstorm|[upkeep]
|-damage|p2a: Electro kid|95/100|[from] Sandstorm
|upkeep
|turn|23
|
|t:|1661651282
|switch|p2a: Zapdos|Zapdos|78/100
|move|p1a: Landorus|U-turn|p2a: Zapdos
|-resisted|p2a: Zapdos
|-damage|p2a: Zapdos|67/100
|
|t:|1661651284
|switch|p1a: Tyranitar|Tyranitar, M|88/100|[from]move: U-turn
|-damage|p1a: Tyranitar|76/100|[from] Stealth Rock
|
|-weather|Sandstorm|[upkeep]
|-damage|p2a: Zapdos|61/100|[from] Sandstorm
|upkeep
|turn|24
|
|t:|1661651289
|move|p2a: Zapdos|Volt Switch|p1a: Tyranitar
|-damage|p1a: Tyranitar|57/100
|
|t:|1661651291
|switch|p2a: Electro kid|Regieleki|95/100|[from]move: Volt Switch
|move|p1a: Tyranitar|Stone Edge|p2a: Electro kid|[miss]
|-miss|p1a: Tyranitar|p2a: Electro kid
|
|-weather|Sandstorm|[upkeep]
|-damage|p2a: Electro kid|89/100|[from] Sandstorm
|upkeep
|turn|25
|
|t:|1661651307
|switch|p1a: Landorus|Landorus-Therian, M|88/100
|-damage|p1a: Landorus|76/100|[from] Stealth Rock
|-ability|p1a: Landorus|Intimidate|boost
|-unboost|p2a: Electro kid|atk|1
|move|p2a: Electro kid|Hyper Beam|p1a: Landorus|[miss]
|-miss|p2a: Electro kid|p1a: Landorus
|
|-weather|none
|upkeep
|turn|26
|
|t:|1661651313
|move|p2a: Electro kid|Hyper Beam|p1a: Landorus
|-damage|p1a: Landorus|0 fnt
|-mustrecharge|p2a: Electro kid
|faint|p1a: Landorus
|
|-fieldend|move: Electric Terrain
|upkeep
|
|t:|1661651342
|switch|p1a: Tyranitar|Tyranitar, M|57/100
|-damage|p1a: Tyranitar|45/100|[from] Stealth Rock
|-weather|Sandstorm|[from] ability: Sand Stream|[of] p1a: Tyranitar
|turn|27
|
|t:|1661651346
|cant|p2a: Electro kid|recharge
|move|p1a: Tyranitar|Earthquake|p2a: Electro kid
|-supereffective|p2a: Electro kid
|-damage|p2a: Electro kid|0 fnt
|faint|p2a: Electro kid
|
|-weather|Sandstorm|[upkeep]
|upkeep
|
|t:|1661651349
|switch|p2a: Zapdos|Zapdos|61/100
|turn|28
|
|t:|1661651351
|move|p2a: Zapdos|Roost|p2a: Zapdos
|-heal|p2a: Zapdos|100/100
|-singleturn|p2a: Zapdos|move: Roost
|move|p1a: Tyranitar|Stone Edge|p2a: Zapdos
|-damage|p2a: Zapdos|50/100
|
|-weather|Sandstorm|[upkeep]
|-damage|p2a: Zapdos|44/100|[from] Sandstorm
|upkeep
|turn|29
|
|t:|1661651353
|move|p2a: Zapdos|Roost|p2a: Zapdos
|-heal|p2a: Zapdos|94/100
|-singleturn|p2a: Zapdos|move: Roost
|move|p1a: Tyranitar|Earthquake|p2a: Zapdos
|-supereffective|p2a: Zapdos
|-damage|p2a: Zapdos|33/100
|
|-weather|Sandstorm|[upkeep]
|-damage|p2a: Zapdos|27/100|[from] Sandstorm
|upkeep
|turn|30
|
|t:|1661651356
|move|p2a: Zapdos|Roost|p2a: Zapdos
|-heal|p2a: Zapdos|78/100
|-singleturn|p2a: Zapdos|move: Roost
|move|p1a: Tyranitar|Earthquake|p2a: Zapdos
|-supereffective|p2a: Zapdos
|-damage|p2a: Zapdos|20/100
|
|-weather|Sandstorm|[upkeep]
|-damage|p2a: Zapdos|14/100|[from] Sandstorm
|upkeep
|turn|31
|
|t:|1661651360
|move|p2a: Zapdos|Roost|p2a: Zapdos
|-heal|p2a: Zapdos|64/100
|-singleturn|p2a: Zapdos|move: Roost
|move|p1a: Tyranitar|Stone Edge|p2a: Zapdos|[miss]
|-miss|p1a: Tyranitar|p2a: Zapdos
|
|-weather|none
|upkeep
|turn|32
|
|t:|1661651363
|move|p2a: Zapdos|Volt Switch|p1a: Tyranitar
|-damage|p1a: Tyranitar|14/100
|move|p1a: Tyranitar|Stone Edge|p2a: Zapdos
|-supereffective|p2a: Zapdos
|-damage|p2a: Zapdos|0 fnt
|faint|p2a: Zapdos
|
|win|GGeorgie◕‿◕
|raw|GGeorgie◕‿◕'s rating: 1672 &rarr; <strong>1693</strong><br />(+21 for winning)
|raw|LT94JEJabberjaw888's rating: 1696 &rarr; <strong>1675</strong><br />(-21 for losing)
