|raw|<div class="broadcast-blue"><strong>This battle is required to be public due to a player having a name starting with 'LT74PF'.</div>
|j|☆relic stone
|j|☆lt74pf byron
|t:|1599030559
|player|p1|relic stone|lusamine-nihilego|1876
|player|p2|lt74pf byron|265|1726
|teamsize|p1|6
|teamsize|p2|6
|gametype|singles
|gen|8
|tier|[Gen 8] OU
|rated|
|clearpoke
|poke|p1|Urshifu-*, M|
|poke|p1|Togekiss, M|
|poke|p1|Rillaboom, M|
|poke|p1|Rotom-Heat|
|poke|p1|Aegislash, M|
|poke|p1|Krookodile, M|
|poke|p2|Excadrill, F|
|poke|p2|Magnezone|
|poke|p2|Skarmory, M|
|poke|p2|Tyranitar, M|
|poke|p2|Amoonguss, F|
|poke|p2|Clefable, M|
|rule|Sleep Clause Mod: Limit one foe put to sleep
|rule|Species Clause: Limit one of each Pokémon
|rule|OHKO Clause: OHKO moves are banned
|rule|Evasion Moves Clause: Evasion moves are banned
|rule|Endless Battle Clause: Forcing endless battles is banned
|rule|HP Percentage Mod: HP is shown in percentages
|rule|Dynamax Clause: You cannot dynamax
|teampreview
|j| kura92
|c|☆relic stone|hf
|c|☆relic stone|:D
|j| thesupercooldude
|
|t:|1599030586
|start
|switch|p1a: Achilles|Aegislash, M|100/100
|switch|p2a: Clefable|Clefable, M, shiny|100/100
|turn|1
|
|t:|1599030598
|-formechange|p1a: Achilles|Aegislash-Blade||[from] ability: Stance Change
|move|p1a: Achilles|Flash Cannon|p2a: Clefable
|-supereffective|p2a: Clefable
|-damage|p2a: Clefable|0 fnt
|faint|p2a: Clefable
|
|upkeep
|
|t:|1599030605
|switch|p2a: Magnezone|Magnezone, shiny|100/100
|turn|2
|
|t:|1599030609
|switch|p1a: Phantom|Rotom-Heat, shiny|100/100
|move|p2a: Magnezone|Iron Defense|p2a: Magnezone
|-boost|p2a: Magnezone|def|2
|
|upkeep
|turn|3
|
|t:|1599030614
|move|p2a: Magnezone|Body Press|p1a: Phantom
|-damage|p1a: Phantom|41/100
|move|p1a: Phantom|Volt Switch|p2a: Magnezone
|-resisted|p2a: Magnezone
|-damage|p2a: Magnezone|85/100
|
|t:|1599030618
|switch|p1a: Achilles|Aegislash, M|100/100|[from]move: Volt Switch
|
|-heal|p2a: Magnezone|92/100|[from] item: Leftovers
|upkeep
|turn|4
|
|t:|1599030623
|-formechange|p1a: Achilles|Aegislash-Blade||[from] ability: Stance Change
|move|p1a: Achilles|Shadow Ball|p2a: Magnezone
|-damage|p2a: Magnezone|0 fnt
|faint|p2a: Magnezone
|
|upkeep
|
|t:|1599030638
|switch|p2a: Excadrill|Excadrill, F|100/100
|turn|5
|
|t:|1599030642
|switch|p1a: Raider|Krookodile, M|100/100
|-ability|p1a: Raider|Intimidate|boost
|-unboost|p2a: Excadrill|atk|1
|move|p2a: Excadrill|Iron Head|p1a: Raider
|-damage|p1a: Raider|80/100
|-damage|p2a: Excadrill|84/100|[from] item: Rocky Helmet|[of] p1a: Raider
|
|-heal|p2a: Excadrill|90/100|[from] item: Leftovers
|upkeep
|turn|6
|
|t:|1599030647
|switch|p2a: Amoonguss|Amoonguss, F, shiny|100/100
|move|p1a: Raider|Earthquake|p2a: Amoonguss
|-damage|p2a: Amoonguss|68/100
|
|-heal|p2a: Amoonguss|74/100|[from] item: Black Sludge
|upkeep
|turn|7
|
|t:|1599030653
|move|p1a: Raider|Taunt|p2a: Amoonguss
|-start|p2a: Amoonguss|move: Taunt
|cant|p2a: Amoonguss|move: Taunt|Spore
|
|-heal|p2a: Amoonguss|80/100|[from] item: Black Sludge
|upkeep
|turn|8
|
|t:|1599030656
|move|p1a: Raider|Stealth Rock|p2a: Amoonguss
|-sidestart|p2: lt74pf byron|move: Stealth Rock
|move|p2a: Amoonguss|Giga Drain|p1a: Raider
|-supereffective|p1a: Raider
|-damage|p1a: Raider|24/100
|-heal|p2a: Amoonguss|100/100|[from] drain|[of] p1a: Raider
|
|upkeep
|turn|9
|
|t:|1599030658
|move|p1a: Raider|Knock Off|p2a: Amoonguss
|-damage|p2a: Amoonguss|71/100
|-enditem|p2a: Amoonguss|Black Sludge|[from] move: Knock Off|[of] p1a: Raider
|move|p2a: Amoonguss|Sludge Bomb|p1a: Raider
|-resisted|p1a: Raider
|-damage|p1a: Raider|8/100
|
|-end|p2a: Amoonguss|move: Taunt
|upkeep
|turn|10
|
|t:|1599030662
|move|p1a: Raider|Earthquake|p2a: Amoonguss
|-damage|p2a: Amoonguss|39/100
|move|p2a: Amoonguss|Giga Drain|p1a: Raider
|-supereffective|p1a: Raider
|-damage|p1a: Raider|0 fnt
|-heal|p2a: Amoonguss|43/100|[from] drain|[of] p1a: Raider
|faint|p1a: Raider
|
|upkeep
|
|t:|1599030672
|switch|p1a: Achilles|Aegislash, M|100/100
|turn|11
|
|t:|1599030677
|switch|p2a: Tyranitar|Tyranitar, M|100/100
|-damage|p2a: Tyranitar|88/100|[from] Stealth Rock
|-weather|Sandstorm|[from] ability: Sand Stream|[of] p2a: Tyranitar
|-formechange|p1a: Achilles|Aegislash-Blade||[from] ability: Stance Change
|move|p1a: Achilles|Shadow Ball|p2a: Tyranitar
|-resisted|p2a: Tyranitar
|-damage|p2a: Tyranitar|73/100
|
|-weather|Sandstorm|[upkeep]
|-heal|p2a: Tyranitar|79/100|[from] item: Leftovers
|upkeep
|turn|12
|
|t:|1599030686
|switch|p1a: Tama Tonga|Rillaboom, M|100/100
|-fieldstart|move: Grassy Terrain|[from] ability: Grassy Surge|[of] p1a: Tama Tonga
|move|p2a: Tyranitar|Stealth Rock|p1a: Tama Tonga
|-sidestart|p1: relic stone|move: Stealth Rock
|
|-weather|Sandstorm|[upkeep]
|-damage|p1a: Tama Tonga|94/100|[from] Sandstorm
|-heal|p1a: Tama Tonga|100/100|[from] Grassy Terrain
|-heal|p2a: Tyranitar|85/100|[from] item: Leftovers
|-heal|p2a: Tyranitar|91/100|[from] Grassy Terrain
|upkeep
|turn|13
|j| Livio ElTito
|
|t:|1599030700
|switch|p2a: Amoonguss|Amoonguss, F, shiny|76/100
|-damage|p2a: Amoonguss|64/100|[from] Stealth Rock
|move|p1a: Tama Tonga|U-turn|p2a: Amoonguss
|-damage|p2a: Amoonguss|31/100
|
|t:|1599030705
|switch|p1a: Achilles|Aegislash, M|100/100|[from]move: U-turn
|-damage|p1a: Achilles|94/100|[from] Stealth Rock
|
|-weather|Sandstorm|[upkeep]
|-damage|p2a: Amoonguss|25/100|[from] Sandstorm
|-heal|p1a: Achilles|100/100|[from] Grassy Terrain
|-heal|p2a: Amoonguss|31/100|[from] Grassy Terrain
|upkeep
|turn|14
|
|t:|1599030711
|switch|p2a: Excadrill|Excadrill, F|90/100
|-damage|p2a: Excadrill|87/100|[from] Stealth Rock
|-formechange|p1a: Achilles|Aegislash-Blade||[from] ability: Stance Change
|move|p1a: Achilles|Shadow Ball|p2a: Excadrill
|-crit|p2a: Excadrill
|-damage|p2a: Excadrill|0 fnt
|faint|p2a: Excadrill
|
|-weather|Sandstorm|[upkeep]
|upkeep
|-message|lt74pf byron forfeited.
|
|win|relic stone
|l|☆lt74pf byron
|raw|relic stone's rating: 1876 &rarr; <strong>1888</strong><br />(+12 for winning)
|raw|lt74pf byron's rating: 1726 &rarr; <strong>1714</strong><br />(-12 for losing)
|c|☆relic stone|gg
