|j|☆Daevank5
|j|☆Ill Leave
|t:|1659398345
|gametype|singles
|player|p1|Daevank5|101|1563
|player|p2|Ill Leave|1|1633
|teamsize|p1|6
|teamsize|p2|6
|gen|8
|tier|[Gen 8] OU
|rated|
|rule|Sleep Clause Mod: Limit one foe put to sleep
|rule|Species Clause: Limit one of each Pokémon
|rule|OHKO Clause: OHKO moves are banned
|rule|Evasion Moves Clause: Evasion moves are banned
|rule|Endless Battle Clause: Forcing endless battles is banned
|rule|HP Percentage Mod: HP is shown in percentages
|rule|Dynamax Clause: You cannot dynamax
|clearpoke
|poke|p1|Bisharp, M|
|poke|p1|Corviknight, F|
|poke|p1|Terrakion|
|poke|p1|Toxapex, M|
|poke|p1|Zeraora|
|poke|p1|Mamoswine, M|
|poke|p2|Nihilego|
|poke|p2|Slowking-Galar, M|
|poke|p2|Buzzwole|
|poke|p2|Corviknight, F|
|poke|p2|Landorus-Therian, M|
|poke|p2|Zapdos-Galar|
|teampreview
|
|t:|1659398352
|start
|switch|p1a: Toxapex|Toxapex, M|100/100
|switch|p2a: Landorus|Landorus-Therian, M|100/100
|-ability|p2a: Landorus|Intimidate|boost
|-unboost|p1a: Toxapex|atk|1
|turn|1
|
|t:|1659398359
|move|p2a: Landorus|Stealth Rock|p1a: Toxapex
|-sidestart|p1: Daevank5|move: Stealth Rock
|move|p1a: Toxapex|Toxic|p2a: Landorus
|-status|p2a: Landorus|tox
|
|-damage|p2a: Landorus|94/100 tox|[from] psn
|upkeep
|turn|2
|
|t:|1659398370
|move|p2a: Landorus|U-turn|p1a: Toxapex
|-resisted|p1a: Toxapex
|-damage|p1a: Toxapex|93/100
|-enditem|p1a: Toxapex|Eject Button
|
|t:|1659398372
|switch|p1a: Mamoswine|Mamoswine, M|100/100
|-damage|p1a: Mamoswine|88/100|[from] Stealth Rock
|
|-heal|p2a: Landorus|100/100 tox|[from] item: Leftovers
|-damage|p2a: Landorus|88/100 tox|[from] psn
|upkeep
|turn|3
|inactive|Battle timer is ON: inactive players will automatically lose when time's up. (requested by Daevank5)
|
|t:|1659398378
|switch|p2a: Corviknight|Corviknight, F|100/100
|-ability|p2a: Corviknight|Pressure
|move|p1a: Mamoswine|Stealth Rock|p2a: Corviknight
|-sidestart|p2: Ill Leave|move: Stealth Rock
|
|upkeep
|turn|4
|
|t:|1659398387
|switch|p1a: Toxapex|Toxapex, M|100/100
|-damage|p1a: Toxapex|88/100|[from] Stealth Rock
|move|p2a: Corviknight|Bulk Up|p2a: Corviknight
|-boost|p2a: Corviknight|atk|1
|-boost|p2a: Corviknight|def|1
|
|upkeep
|turn|5
|
|t:|1659398389
|move|p2a: Corviknight|Substitute|p2a: Corviknight
|-start|p2a: Corviknight|Substitute
|-damage|p2a: Corviknight|75/100
|move|p1a: Toxapex|Scald|p2a: Corviknight
|-activate|p2a: Corviknight|move: Substitute|[damage]
|
|-heal|p2a: Corviknight|82/100|[from] item: Leftovers
|upkeep
|turn|6
|
|t:|1659398394
|move|p2a: Corviknight|Bulk Up|p2a: Corviknight
|-boost|p2a: Corviknight|atk|1
|-boost|p2a: Corviknight|def|1
|move|p1a: Toxapex|Haze|p1a: Toxapex
|-clearallboost
|
|-heal|p2a: Corviknight|88/100|[from] item: Leftovers
|upkeep
|turn|7
|
|t:|1659398397
|move|p2a: Corviknight|Bulk Up|p2a: Corviknight
|-boost|p2a: Corviknight|atk|1
|-boost|p2a: Corviknight|def|1
|move|p1a: Toxapex|Scald|p2a: Corviknight
|-activate|p2a: Corviknight|move: Substitute|[damage]
|
|-heal|p2a: Corviknight|94/100|[from] item: Leftovers
|upkeep
|turn|8
|
|t:|1659398402
|move|p2a: Corviknight|Bulk Up|p2a: Corviknight
|-boost|p2a: Corviknight|atk|1
|-boost|p2a: Corviknight|def|1
|move|p1a: Toxapex|Haze|p1a: Toxapex
|-clearallboost
|
|-heal|p2a: Corviknight|100/100|[from] item: Leftovers
|upkeep
|turn|9
|
|t:|1659398406
|switch|p1a: Corviknight|Corviknight, F|100/100
|-damage|p1a: Corviknight|88/100|[from] Stealth Rock
|-ability|p1a: Corviknight|Pressure
|move|p2a: Corviknight|Bulk Up|p2a: Corviknight
|-boost|p2a: Corviknight|atk|1
|-boost|p2a: Corviknight|def|1
|
|-heal|p1a: Corviknight|94/100|[from] item: Leftovers
|upkeep
|turn|10
|
|t:|1659398410
|move|p2a: Corviknight|Bulk Up|p2a: Corviknight
|-boost|p2a: Corviknight|atk|1
|-boost|p2a: Corviknight|def|1
|move|p1a: Corviknight|U-turn|p2a: Corviknight
|-resisted|p2a: Corviknight
|-activate|p2a: Corviknight|move: Substitute|[damage]
|
|t:|1659398412
|switch|p1a: Toxapex|Toxapex, M|100/100|[from]move: U-turn
|-damage|p1a: Toxapex|88/100|[from] Stealth Rock
|
|upkeep
|turn|11
|
|t:|1659398415
|move|p2a: Corviknight|Brave Bird|p1a: Toxapex
|-damage|p1a: Toxapex|46/100
|-damage|p2a: Corviknight|90/100|[from] Recoil
|move|p1a: Toxapex|Haze|p1a: Toxapex
|-clearallboost
|
|-heal|p2a: Corviknight|96/100|[from] item: Leftovers
|upkeep
|turn|12
|
|t:|1659398421
|switch|p1a: Corviknight|Corviknight, F|94/100
|-damage|p1a: Corviknight|82/100|[from] Stealth Rock
|-ability|p1a: Corviknight|Pressure
|move|p2a: Corviknight|Bulk Up|p2a: Corviknight
|-boost|p2a: Corviknight|atk|1
|-boost|p2a: Corviknight|def|1
|
|-heal|p2a: Corviknight|100/100|[from] item: Leftovers
|-heal|p1a: Corviknight|88/100|[from] item: Leftovers
|upkeep
|turn|13
|
|t:|1659398424
|move|p2a: Corviknight|Bulk Up|p2a: Corviknight
|-boost|p2a: Corviknight|atk|1
|-boost|p2a: Corviknight|def|1
|move|p1a: Corviknight|U-turn|p2a: Corviknight
|-resisted|p2a: Corviknight
|-end|p2a: Corviknight|Substitute
|
|t:|1659398426
|switch|p1a: Toxapex|Toxapex, M|79/100|[from]move: U-turn
|-damage|p1a: Toxapex|66/100|[from] Stealth Rock
|
|upkeep
|turn|14
|
|t:|1659398428
|move|p2a: Corviknight|Brave Bird|p1a: Toxapex
|-damage|p1a: Toxapex|21/100
|-damage|p2a: Corviknight|89/100|[from] Recoil
|move|p1a: Toxapex|Haze|p1a: Toxapex
|-clearallboost
|
|-heal|p2a: Corviknight|95/100|[from] item: Leftovers
|upkeep
|turn|15
|
|t:|1659398435
|switch|p1a: Zeraora|Zeraora|100/100
|move|p2a: Corviknight|Brave Bird|p1a: Zeraora
|-resisted|p1a: Zeraora
|-damage|p1a: Zeraora|76/100
|-damage|p2a: Corviknight|89/100|[from] Recoil
|
|-heal|p2a: Corviknight|95/100|[from] item: Leftovers
|upkeep
|turn|16
|
|t:|1659398441
|switch|p2a: Landorus|Landorus-Therian, M|88/100 tox
|-damage|p2a: Landorus|76/100 tox|[from] Stealth Rock
|-ability|p2a: Landorus|Intimidate|boost
|-unboost|p1a: Zeraora|atk|1
|move|p1a: Zeraora|Knock Off|p2a: Landorus
|-damage|p2a: Landorus|57/100 tox
|-enditem|p2a: Landorus|Leftovers|[from] move: Knock Off|[of] p1a: Zeraora
|
|-damage|p2a: Landorus|51/100 tox|[from] psn
|upkeep
|turn|17
|
|t:|1659398444
|switch|p1a: Toxapex|Toxapex, M|54/100
|-damage|p1a: Toxapex|42/100|[from] Stealth Rock
|move|p2a: Landorus|U-turn|p1a: Toxapex
|-resisted|p1a: Toxapex
|-damage|p1a: Toxapex|35/100
|
|t:|1659398455
|switch|p2a: Zapdos|Zapdos-Galar|100/100|[from]move: U-turn
|-damage|p2a: Zapdos|88/100|[from] Stealth Rock
|
|upkeep
|turn|18
|
|t:|1659398466
|switch|p1a: Corviknight|Corviknight, F|88/100
|-damage|p1a: Corviknight|75/100|[from] Stealth Rock
|-ability|p1a: Corviknight|Pressure
|move|p2a: Zapdos|Close Combat|p1a: Corviknight
|-damage|p1a: Corviknight|18/100
|-unboost|p2a: Zapdos|def|1
|-unboost|p2a: Zapdos|spd|1
|
|-heal|p1a: Corviknight|25/100|[from] item: Leftovers
|upkeep
|turn|19
|
|t:|1659398472
|switch|p1a: Toxapex|Toxapex, M|68/100
|-damage|p1a: Toxapex|56/100|[from] Stealth Rock
|move|p2a: Zapdos|Close Combat|p1a: Toxapex
|-resisted|p1a: Toxapex
|-damage|p1a: Toxapex|27/100
|-unboost|p2a: Zapdos|def|1
|-unboost|p2a: Zapdos|spd|1
|
|upkeep
|turn|20
|
|t:|1659398484
|switch|p1a: Corviknight|Corviknight, F|25/100
|-damage|p1a: Corviknight|12/100|[from] Stealth Rock
|-ability|p1a: Corviknight|Pressure
|move|p2a: Zapdos|Close Combat|p1a: Corviknight
|-damage|p1a: Corviknight|0 fnt
|-unboost|p2a: Zapdos|def|1
|-unboost|p2a: Zapdos|spd|1
|faint|p1a: Corviknight
|
|upkeep
|
|t:|1659398487
|switch|p1a: Toxapex|Toxapex, M|60/100
|-damage|p1a: Toxapex|48/100|[from] Stealth Rock
|turn|21
|
|t:|1659398492
|switch|p2a: Slowking|Slowking-Galar, M|100/100
|-damage|p2a: Slowking|88/100|[from] Stealth Rock
|move|p1a: Toxapex|Recover|p1a: Toxapex
|-heal|p1a: Toxapex|98/100
|
|upkeep
|turn|22
|
|t:|1659398498
|switch|p1a: Bisharp|Bisharp, M|100/100
|-damage|p1a: Bisharp|95/100|[from] Stealth Rock
|move|p2a: Slowking|Future Sight|p1a: Bisharp
|-start|p2a: Slowking|move: Future Sight
|
|upkeep
|turn|23
|
|t:|1659398500
|switch|p2a: Buzzwole|Buzzwole|100/100
|-damage|p2a: Buzzwole|88/100|[from] Stealth Rock
|move|p1a: Bisharp|Knock Off|p2a: Buzzwole
|-resisted|p2a: Buzzwole
|-damage|p2a: Buzzwole|72/100
|-damage|p1a: Bisharp|78/100|[from] item: Rocky Helmet|[of] p2a: Buzzwole
|-enditem|p2a: Buzzwole|Rocky Helmet|[from] move: Knock Off|[of] p1a: Bisharp
|-damage|p1a: Bisharp|68/100|[from] item: Life Orb
|
|upkeep
|turn|24
|
|t:|1659398509
|move|p1a: Bisharp|Iron Head|p2a: Buzzwole
|-damage|p2a: Buzzwole|45/100
|-damage|p1a: Bisharp|58/100|[from] item: Life Orb
|move|p2a: Buzzwole|Drain Punch|p1a: Bisharp
|-supereffective|p1a: Bisharp
|-damage|p1a: Bisharp|0 fnt
|-heal|p2a: Buzzwole|63/100|[from] drain|[of] p1a: Bisharp
|faint|p1a: Bisharp
|-ability|p2a: Buzzwole|Beast Boost|boost
|-boost|p2a: Buzzwole|def|1
|
|-hint|Future Sight did not hit because the target is fainted.
|upkeep
|
|t:|1659398513
|switch|p1a: Toxapex|Toxapex, M|100/100
|-damage|p1a: Toxapex|88/100|[from] Stealth Rock
|turn|25
|
|t:|1659398524
|switch|p2a: Slowking|Slowking-Galar, M|100/100
|-damage|p2a: Slowking|88/100|[from] Stealth Rock
|switch|p1a: Mamoswine|Mamoswine, M|88/100
|-damage|p1a: Mamoswine|76/100|[from] Stealth Rock
|
|upkeep
|turn|26
|inactive|Ill Leave has 120 seconds left.
|
|t:|1659398570
|switch|p2a: Corviknight|Corviknight, F|95/100
|-damage|p2a: Corviknight|82/100|[from] Stealth Rock
|-ability|p2a: Corviknight|Pressure
|move|p1a: Mamoswine|Icicle Crash|p2a: Corviknight
|-damage|p2a: Corviknight|31/100
|-damage|p1a: Mamoswine|66/100|[from] item: Life Orb
|
|-heal|p2a: Corviknight|37/100|[from] item: Leftovers
|upkeep
|turn|27
|
|t:|1659398577
|move|p1a: Mamoswine|Icicle Crash|p2a: Corviknight
|-damage|p2a: Corviknight|0 fnt
|faint|p2a: Corviknight
|-damage|p1a: Mamoswine|56/100|[from] item: Life Orb
|
|upkeep
|
|t:|1659398585
|switch|p2a: Buzzwole|Buzzwole|63/100
|-damage|p2a: Buzzwole|51/100|[from] Stealth Rock
|turn|28
|
|t:|1659398587
|move|p1a: Mamoswine|Icicle Crash|p2a: Buzzwole
|-damage|p2a: Buzzwole|18/100
|-damage|p1a: Mamoswine|46/100|[from] item: Life Orb
|move|p2a: Buzzwole|Drain Punch|p1a: Mamoswine
|-supereffective|p1a: Mamoswine
|-damage|p1a: Mamoswine|0 fnt
|-heal|p2a: Buzzwole|38/100|[from] drain|[of] p1a: Mamoswine
|faint|p1a: Mamoswine
|-ability|p2a: Buzzwole|Beast Boost|boost
|-boost|p2a: Buzzwole|def|1
|
|upkeep
|
|t:|1659398590
|switch|p1a: Terrakion|Terrakion|100/100
|-damage|p1a: Terrakion|94/100|[from] Stealth Rock
|turn|29
|inactive|Ill Leave has 120 seconds left.
|
|t:|1659398606
|move|p1a: Terrakion|Stone Edge|p2a: Buzzwole
|-crit|p2a: Buzzwole
|-damage|p2a: Buzzwole|0 fnt
|faint|p2a: Buzzwole
|
|upkeep
|
|t:|1659398610
|switch|p2a: Landorus|Landorus-Therian, M|51/100 tox
|-damage|p2a: Landorus|39/100 tox|[from] Stealth Rock
|-ability|p2a: Landorus|Intimidate|boost
|-unboost|p1a: Terrakion|atk|1
|turn|30
|
|t:|1659398612
|move|p1a: Terrakion|Stone Edge|p2a: Landorus
|-damage|p2a: Landorus|0 fnt
|faint|p2a: Landorus
|
|upkeep
|
|t:|1659398619
|switch|p2a: Nihilego|Nihilego|100/100
|-damage|p2a: Nihilego|88/100|[from] Stealth Rock
|turn|31
|
|t:|1659398624
|move|p1a: Terrakion|Stone Edge|p2a: Nihilego
|-damage|p2a: Nihilego|15/100
|move|p2a: Nihilego|Meteor Beam||[still]
|-prepare|p2a: Nihilego|Meteor Beam
|-boost|p2a: Nihilego|spa|1
|-enditem|p2a: Nihilego|Power Herb
|-anim|p2a: Nihilego|Meteor Beam|p1a: Terrakion
|-resisted|p1a: Terrakion
|-damage|p1a: Terrakion|43/100
|
|upkeep
|turn|32
|
|t:|1659398639
|move|p1a: Terrakion|Stone Edge|p2a: Nihilego
|-damage|p2a: Nihilego|0 fnt
|faint|p2a: Nihilego
|
|upkeep
|
|t:|1659398644
|switch|p2a: Slowking|Slowking-Galar, M|100/100
|-damage|p2a: Slowking|88/100|[from] Stealth Rock
|turn|33
|
|t:|1659398656
|move|p1a: Terrakion|Stone Edge|p2a: Slowking|[miss]
|-miss|p1a: Terrakion|p2a: Slowking
|move|p2a: Slowking|Future Sight|p1a: Terrakion
|-start|p2a: Slowking|move: Future Sight
|
|upkeep
|turn|34
|
|t:|1659398671
|move|p1a: Terrakion|Stone Edge|p2a: Slowking
|-damage|p2a: Slowking|32/100
|move|p2a: Slowking|Earthquake|p1a: Terrakion
|-supereffective|p1a: Terrakion
|-damage|p1a: Terrakion|4/100
|
|upkeep
|turn|35
|
|t:|1659398693
|switch|p2a: Zapdos|Zapdos-Galar|88/100
|-damage|p2a: Zapdos|76/100|[from] Stealth Rock
|move|p1a: Terrakion|Stone Edge|p2a: Zapdos
|-damage|p2a: Zapdos|10/100
|
|-end|p1a: Terrakion|move: Future Sight
|-supereffective|p1a: Terrakion
|-damage|p1a: Terrakion|0 fnt
|faint|p1a: Terrakion
|upkeep
|
|t:|1659398705
|switch|p1a: Toxapex|Toxapex, M|100/100
|-damage|p1a: Toxapex|88/100|[from] Stealth Rock
|turn|36
|
|t:|1659398720
|switch|p2a: Slowking|Slowking-Galar, M|65/100
|-damage|p2a: Slowking|53/100|[from] Stealth Rock
|move|p1a: Toxapex|Scald|p2a: Slowking
|-damage|p2a: Slowking|46/100
|-status|p2a: Slowking|brn
|
|-damage|p2a: Slowking|40/100 brn|[from] brn
|upkeep
|turn|37
|
|t:|1659398723
|move|p1a: Toxapex|Scald|p2a: Slowking
|-damage|p2a: Slowking|32/100 brn
|move|p2a: Slowking|Future Sight|p1a: Toxapex
|-start|p2a: Slowking|move: Future Sight
|
|-damage|p2a: Slowking|26/100 brn|[from] brn
|upkeep
|turn|38
|
|t:|1659398729
|move|p1a: Toxapex|Scald|p2a: Slowking
|-damage|p2a: Slowking|18/100 brn
|move|p2a: Slowking|Earthquake|p1a: Toxapex
|-supereffective|p1a: Toxapex
|-damage|p1a: Toxapex|78/100
|
|-damage|p2a: Slowking|12/100 brn|[from] brn
|upkeep
|turn|39
|
|t:|1659398732
|switch|p2a: Zapdos|Zapdos-Galar|10/100
|-damage|p2a: Zapdos|0 fnt|[from] Stealth Rock
|faint|p2a: Zapdos
|move|p1a: Toxapex|Recover|p1a: Toxapex
|-heal|p1a: Toxapex|100/100
|
|-end|p1a: Toxapex|move: Future Sight
|-supereffective|p1a: Toxapex
|-damage|p1a: Toxapex|15/100
|upkeep
|
|t:|1659398735
|switch|p2a: Slowking|Slowking-Galar, M|45/100 brn
|-damage|p2a: Slowking|33/100 brn|[from] Stealth Rock
|turn|40
|
|t:|1659398740
|move|p1a: Toxapex|Scald|p2a: Slowking
|-damage|p2a: Slowking|26/100 brn
|move|p2a: Slowking|Future Sight|p1a: Toxapex
|-start|p2a: Slowking|move: Future Sight
|
|-damage|p2a: Slowking|20/100 brn|[from] brn
|upkeep
|turn|41
|
|t:|1659398742
|move|p1a: Toxapex|Scald|p2a: Slowking
|-damage|p2a: Slowking|12/100 brn
|move|p2a: Slowking|Earthquake|p1a: Toxapex
|-supereffective|p1a: Toxapex
|-damage|p1a: Toxapex|5/100
|
|-damage|p2a: Slowking|6/100 brn|[from] brn
|upkeep
|turn|42
|
|t:|1659398746
|move|p1a: Toxapex|Scald|p2a: Slowking
|-damage|p2a: Slowking|0 fnt
|faint|p2a: Slowking
|
|win|Daevank5
|raw|Daevank5's rating: 1563 &rarr; <strong>1587</strong><br />(+24 for winning)
|raw|Ill Leave's rating: 1633 &rarr; <strong>1609</strong><br />(-24 for losing)
|c|☆Daevank5|gg
|l|☆Ill Leave
||Ladder isn't responding, score probably updated but might not have (Request timeout).
