|j|☆Run For Me Plz
|j|☆arceus 404
|t:|1643820768
|gametype|singles
|player|p1|Run For Me Plz|evelyn|1593
|player|p2|arceus 404|gambler|1661
|teamsize|p1|6
|teamsize|p2|6
|gen|8
|tier|[Gen 8] OU
|rated|
|rule|Sleep Clause Mod: Limit one foe put to sleep
|rule|Species Clause: Limit one of each Pokémon
|rule|OHKO Clause: OHKO moves are banned
|rule|Evasion Moves Clause: Evasion moves are banned
|rule|Endless Battle Clause: Forcing endless battles is banned
|rule|HP Percentage Mod: HP is shown in percentages
|rule|Dynamax Clause: You cannot dynamax
|clearpoke
|poke|p1|Buzzwole|
|poke|p1|Victini|
|poke|p1|Slowbro, F|
|poke|p1|Hippowdon, M|
|poke|p1|Corviknight, F|
|poke|p1|Weavile, M|
|poke|p2|Tapu Lele|
|poke|p2|Victini|
|poke|p2|Landorus-Therian, M|
|poke|p2|Kartana|
|poke|p2|Melmetal|
|poke|p2|Dragapult, M|
|teampreview
|inactive|Battle timer is ON: inactive players will automatically lose when time's up. (requested by Run For Me Plz)
|j| DA COME UP
|inactive|arceus 404 has 120 seconds left.
|j| Grimmisnarl
|
|t:|1643820824
|start
|switch|p1a: Victini|Victini|100/100
|switch|p2a: Dragapult|Dragapult, M|100/100
|turn|1
|
|t:|1643820829
|switch|p1a: Hippowdon|Hippowdon, M, shiny|100/100
|-weather|Sandstorm|[from] ability: Sand Stream|[of] p1a: Hippowdon
|move|p2a: Dragapult|Shadow Ball|p1a: Hippowdon
|-damage|p1a: Hippowdon|65/100
|
|-weather|Sandstorm|[upkeep]
|-damage|p2a: Dragapult|95/100|[from] Sandstorm
|-heal|p1a: Hippowdon|71/100|[from] item: Leftovers
|upkeep
|turn|2
|
|t:|1643820840
|switch|p2a: Landorus|Landorus-Therian, M|100/100
|-ability|p2a: Landorus|Intimidate|boost
|-unboost|p1a: Hippowdon|atk|1
|move|p1a: Hippowdon|Stealth Rock|p2a: Landorus
|-sidestart|p2: arceus 404|move: Stealth Rock
|
|-weather|Sandstorm|[upkeep]
|-heal|p1a: Hippowdon|77/100|[from] item: Leftovers
|upkeep
|turn|3
|
|t:|1643820843
|move|p2a: Landorus|Stealth Rock|p1a: Hippowdon
|-sidestart|p1: Run For Me Plz|move: Stealth Rock
|move|p1a: Hippowdon|Toxic|p2a: Landorus
|-status|p2a: Landorus|tox
|
|-weather|Sandstorm|[upkeep]
|-heal|p1a: Hippowdon|83/100|[from] item: Leftovers
|-damage|p2a: Landorus|94/100 tox|[from] psn
|upkeep
|turn|4
|
|t:|1643820847
|switch|p1a: Corviknight|Corviknight, F|100/100
|-damage|p1a: Corviknight|88/100|[from] Stealth Rock
|-ability|p1a: Corviknight|Pressure
|move|p2a: Landorus|U-turn|p1a: Corviknight
|-resisted|p1a: Corviknight
|-damage|p1a: Corviknight|82/100
|
|t:|1643820852
|switch|p2a: Victini|Victini|100/100|[from]move: U-turn
|
|-weather|Sandstorm|[upkeep]
|-damage|p2a: Victini|94/100|[from] Sandstorm
|-heal|p1a: Corviknight|88/100|[from] item: Leftovers
|upkeep
|turn|5
|
|t:|1643820859
|switch|p2a: Dragapult|Dragapult, M|95/100
|-damage|p2a: Dragapult|82/100|[from] Stealth Rock
|switch|p1a: Slowbro|Slowbro, F|100/100
|-damage|p1a: Slowbro|88/100|[from] Stealth Rock
|
|-weather|none
|upkeep
|turn|6
|
|t:|1643820865
|switch|p1a: Corviknight|Corviknight, F|88/100
|-damage|p1a: Corviknight|76/100|[from] Stealth Rock
|-ability|p1a: Corviknight|Pressure
|move|p2a: Dragapult|Shadow Ball|p1a: Corviknight
|-damage|p1a: Corviknight|38/100
|-unboost|p1a: Corviknight|spd|1
|
|-heal|p1a: Corviknight|44/100|[from] item: Leftovers
|upkeep
|turn|7
|
|t:|1643820874
|switch|p1a: Weavile|Weavile, M|100/100
|-ability|p1a: Weavile|Pressure
|move|p2a: Dragapult|Shadow Ball|p1a: Weavile
|-resisted|p1a: Weavile
|-damage|p1a: Weavile|61/100
|
|upkeep
|turn|8
|
|t:|1643820888
|switch|p2a: Melmetal|Melmetal|100/100
|-damage|p2a: Melmetal|94/100|[from] Stealth Rock
|move|p1a: Weavile|Knock Off|p2a: Melmetal
|-damage|p2a: Melmetal|69/100
|-enditem|p2a: Melmetal|Assault Vest|[from] move: Knock Off|[of] p1a: Weavile
|
|upkeep
|turn|9
|
|t:|1643820898
|switch|p1a: Slowbro|Slowbro, F|100/100
|-damage|p1a: Slowbro|88/100|[from] Stealth Rock
|switch|p2a: Tapu Lele|Tapu Lele|100/100
|-damage|p2a: Tapu Lele|88/100|[from] Stealth Rock
|-fieldstart|move: Psychic Terrain|[from] ability: Psychic Surge|[of] p2a: Tapu Lele
|
|upkeep
|turn|10
|
|t:|1643820902
|move|p2a: Tapu Lele|Moonblast|p1a: Slowbro
|-crit|p1a: Slowbro
|-damage|p1a: Slowbro|0 fnt
|faint|p1a: Slowbro
|
|upkeep
|
|t:|1643820906
|switch|p1a: Victini|Victini|100/100
|turn|11
|
|t:|1643820916
|switch|p2a: Landorus|Landorus-Therian, M|94/100 tox
|-damage|p2a: Landorus|82/100 tox|[from] Stealth Rock
|-ability|p2a: Landorus|Intimidate|boost
|-unboost|p1a: Victini|atk|1
|move|p1a: Victini|Bolt Strike|p2a: Landorus
|-immune|p2a: Landorus
|
|-damage|p2a: Landorus|76/100 tox|[from] psn
|upkeep
|turn|12
|
|t:|1643820925
|move|p1a: Victini|Glaciate|p2a: Landorus
|-supereffective|p2a: Landorus
|-damage|p2a: Landorus|18/100 tox
|-unboost|p2a: Landorus|spe|1
|move|p2a: Landorus|U-turn|p1a: Victini
|-damage|p1a: Victini|71/100
|l| Grimmisnarl
|
|t:|1643820929
|switch|p2a: Dragapult|Dragapult, M|82/100|[from]move: U-turn
|-damage|p2a: Dragapult|70/100|[from] Stealth Rock
|
|upkeep
|turn|13
|inactive|Run For Me Plz has 120 seconds left.
|j| Grimmisnarl
|
|t:|1643820987
|switch|p1a: Weavile|Weavile, M|61/100
|-ability|p1a: Weavile|Pressure
|move|p2a: Dragapult|Shadow Ball|p1a: Weavile
|-resisted|p1a: Weavile
|-damage|p1a: Weavile|27/100
|
|-fieldend|move: Psychic Terrain
|upkeep
|turn|14
|inactive|Run For Me Plz has 90 seconds left.
|
|t:|1643821014
|switch|p2a: Melmetal|Melmetal|69/100
|-damage|p2a: Melmetal|63/100|[from] Stealth Rock
|move|p1a: Weavile|Ice Shard|p2a: Melmetal
|-resisted|p2a: Melmetal
|-damage|p2a: Melmetal|57/100
|
|upkeep
|turn|15
|
|t:|1643821034
|switch|p1a: Buzzwole|Buzzwole|100/100
|move|p2a: Melmetal|Thunder Punch|p1a: Buzzwole
|-damage|p1a: Buzzwole|85/100
|
|upkeep
|turn|16
|
|t:|1643821053
|switch|p2a: Landorus|Landorus-Therian, M|18/100 tox
|-damage|p2a: Landorus|6/100 tox|[from] Stealth Rock
|-ability|p2a: Landorus|Intimidate|boost
|-unboost|p1a: Buzzwole|atk|1
|move|p1a: Buzzwole|Thunder Punch|p2a: Landorus
|-immune|p2a: Landorus
|
|-damage|p2a: Landorus|0 fnt|[from] psn
|faint|p2a: Landorus
|upkeep
|
|t:|1643821067
|switch|p2a: Tapu Lele|Tapu Lele|88/100
|-damage|p2a: Tapu Lele|76/100|[from] Stealth Rock
|-fieldstart|move: Psychic Terrain|[from] ability: Psychic Surge|[of] p2a: Tapu Lele
|turn|17
|
|t:|1643821072
|switch|p1a: Victini|Victini|71/100
|move|p2a: Tapu Lele|Moonblast|p1a: Victini
|-resisted|p1a: Victini
|-crit|p1a: Victini
|-damage|p1a: Victini|6/100
|
|upkeep
|turn|18
|
|t:|1643821080
|switch|p2a: Victini|Victini|94/100
|move|p1a: Victini|V-create|p2a: Victini
|-resisted|p2a: Victini
|-damage|p2a: Victini|49/100
|-unboost|p1a: Victini|spe|1
|-unboost|p1a: Victini|def|1
|-unboost|p1a: Victini|spd|1
|
|upkeep
|turn|19
|
|t:|1643821088
|switch|p1a: Hippowdon|Hippowdon, M, shiny|83/100
|-damage|p1a: Hippowdon|77/100|[from] Stealth Rock
|-weather|Sandstorm|[from] ability: Sand Stream|[of] p1a: Hippowdon
|move|p2a: Victini|Expanding Force|p1a: Hippowdon
|-damage|p1a: Hippowdon|27/100
|
|-weather|Sandstorm|[upkeep]
|-damage|p2a: Victini|43/100|[from] Sandstorm
|-heal|p1a: Hippowdon|33/100|[from] item: Leftovers
|upkeep
|turn|20
|
|t:|1643821098
|switch|p1a: Weavile|Weavile, M|27/100
|-ability|p1a: Weavile|Pressure
|move|p2a: Victini|V-create|p1a: Weavile
|-supereffective|p1a: Weavile
|-damage|p1a: Weavile|0 fnt
|-unboost|p2a: Victini|spe|1
|-unboost|p2a: Victini|def|1
|-unboost|p2a: Victini|spd|1
|faint|p1a: Weavile
|
|-weather|Sandstorm|[upkeep]
|-damage|p2a: Victini|37/100|[from] Sandstorm
|upkeep
|
|t:|1643821104
|switch|p1a: Victini|Victini|6/100
|turn|21
|l| DA COME UP
|
|t:|1643821121
|switch|p2a: Melmetal|Melmetal|57/100
|-damage|p2a: Melmetal|51/100|[from] Stealth Rock
|move|p1a: Victini|U-turn|p2a: Melmetal
|-resisted|p2a: Melmetal
|-damage|p2a: Melmetal|45/100
|
|t:|1643821125
|switch|p1a: Buzzwole|Buzzwole|85/100|[from]move: U-turn
|
|-weather|Sandstorm|[upkeep]
|-damage|p1a: Buzzwole|78/100|[from] Sandstorm
|-fieldend|move: Psychic Terrain
|upkeep
|turn|22
|
|t:|1643821133
|move|p1a: Buzzwole|Ice Punch|p2a: Melmetal
|-resisted|p2a: Melmetal
|-damage|p2a: Melmetal|38/100
|move|p2a: Melmetal|Double Iron Bash|p1a: Buzzwole
|-crit|p1a: Buzzwole
|-damage|p1a: Buzzwole|50/100
|-damage|p1a: Buzzwole|32/100
|-hitcount|p1a: Buzzwole|2
|
|-weather|Sandstorm|[upkeep]
|-damage|p1a: Buzzwole|25/100|[from] Sandstorm
|upkeep
|turn|23
|c|☆arceus 404|gg
|
|t:|1643821143
|move|p1a: Buzzwole|Roost|p1a: Buzzwole
|-heal|p1a: Buzzwole|75/100
|-singleturn|p1a: Buzzwole|move: Roost
|move|p2a: Melmetal|Double Iron Bash|p1a: Buzzwole
|-damage|p1a: Buzzwole|58/100
|-damage|p1a: Buzzwole|38/100
|-hitcount|p1a: Buzzwole|2
|
|-weather|none
|upkeep
|turn|24
|
|t:|1643821148
|move|p1a: Buzzwole|Roost|p1a: Buzzwole
|-heal|p1a: Buzzwole|88/100
|-singleturn|p1a: Buzzwole|move: Roost
|move|p2a: Melmetal|Double Iron Bash|p1a: Buzzwole
|-damage|p1a: Buzzwole|68/100
|-damage|p1a: Buzzwole|50/100
|-hitcount|p1a: Buzzwole|2
|
|upkeep
|turn|25
|
|t:|1643821151
|move|p1a: Buzzwole|Roost|p1a: Buzzwole
|-heal|p1a: Buzzwole|100/100
|-singleturn|p1a: Buzzwole|move: Roost
|move|p2a: Melmetal|Double Iron Bash|p1a: Buzzwole
|-damage|p1a: Buzzwole|82/100
|-damage|p1a: Buzzwole|63/100
|-hitcount|p1a: Buzzwole|2
|
|upkeep
|turn|26
|
|t:|1643821154
|move|p1a: Buzzwole|Close Combat|p2a: Melmetal
|-supereffective|p2a: Melmetal
|-damage|p2a: Melmetal|0 fnt
|-unboost|p1a: Buzzwole|def|1
|-unboost|p1a: Buzzwole|spd|1
|faint|p2a: Melmetal
|-ability|p1a: Buzzwole|Beast Boost|boost
|-boost|p1a: Buzzwole|def|1
|
|upkeep
|
|t:|1643821157
|switch|p2a: Tapu Lele|Tapu Lele|76/100
|-damage|p2a: Tapu Lele|63/100|[from] Stealth Rock
|-fieldstart|move: Psychic Terrain|[from] ability: Psychic Surge|[of] p2a: Tapu Lele
|turn|27
|
|t:|1643821160
|switch|p1a: Corviknight|Corviknight, F|44/100
|-damage|p1a: Corviknight|32/100|[from] Stealth Rock
|-ability|p1a: Corviknight|Pressure
|move|p2a: Tapu Lele|Psychic|p1a: Corviknight
|-resisted|p1a: Corviknight
|-damage|p1a: Corviknight|0 fnt
|faint|p1a: Corviknight
|
|upkeep
|
|t:|1643821163
|switch|p1a: Victini|Victini|6/100
|turn|28
|
|t:|1643821169
|switch|p2a: Dragapult|Dragapult, M|70/100
|-damage|p2a: Dragapult|58/100|[from] Stealth Rock
|move|p1a: Victini|V-create|p2a: Dragapult
|-resisted|p2a: Dragapult
|-damage|p2a: Dragapult|7/100
|-unboost|p1a: Victini|spe|1
|-unboost|p1a: Victini|def|1
|-unboost|p1a: Victini|spd|1
|
|upkeep
|turn|29
|
|t:|1643821173
|move|p2a: Dragapult|Shadow Ball|p1a: Victini
|-supereffective|p1a: Victini
|-damage|p1a: Victini|0 fnt
|faint|p1a: Victini
|
|upkeep
|
|t:|1643821175
|switch|p1a: Hippowdon|Hippowdon, M, shiny|33/100
|-damage|p1a: Hippowdon|27/100|[from] Stealth Rock
|-weather|Sandstorm|[from] ability: Sand Stream|[of] p1a: Hippowdon
|turn|30
|
|t:|1643821178
|move|p2a: Dragapult|Shadow Ball|p1a: Hippowdon
|-damage|p1a: Hippowdon|0 fnt
|faint|p1a: Hippowdon
|
|-weather|Sandstorm|[upkeep]
|-damage|p2a: Dragapult|1/100|[from] Sandstorm
|upkeep
|
|t:|1643821180
|switch|p1a: Buzzwole|Buzzwole|63/100
|turn|31
|
|t:|1643821182
|move|p2a: Dragapult|Shadow Ball|p1a: Buzzwole
|-damage|p1a: Buzzwole|0 fnt
|faint|p1a: Buzzwole
|
|win|arceus 404
|raw|Run For Me Plz's rating: 1593 &rarr; <strong>1577</strong><br />(-16 for losing)
|raw|arceus 404's rating: 1661 &rarr; <strong>1677</strong><br />(+16 for winning)
|l|☆Run For Me Plz
|l| Grimmisnarl
||Ladder isn't responding, score probably updated but might not have (Request timeout).
