|j|☆Lemon Ginger
|j|☆gotsnsd
|t:|1655782168
|gametype|singles
|player|p1|Lemon Ginger|169|1627
|player|p2|gotsnsd|beauty-gen2jp|1639
|teamsize|p1|6
|teamsize|p2|6
|gen|8
|tier|[Gen 8] OU
|rated|
|rule|Sleep Clause Mod: Limit one foe put to sleep
|rule|Species Clause: Limit one of each Pokémon
|rule|OHKO Clause: OHKO moves are banned
|rule|Evasion Moves Clause: Evasion moves are banned
|rule|Endless Battle Clause: Forcing endless battles is banned
|rule|HP Percentage Mod: HP is shown in percentages
|rule|Dynamax Clause: You cannot dynamax
|clearpoke
|poke|p1|Blaziken, F|
|poke|p1|Weavile, M|
|poke|p1|Garchomp, M|
|poke|p1|Ninetales-Alola, F|
|poke|p1|Tapu Fini|
|poke|p1|Ferrothorn, F|
|poke|p2|Kartana|
|poke|p2|Landorus-Therian, M|
|poke|p2|Dragapult, M|
|poke|p2|Weavile, M|
|poke|p2|Tyranitar, F|
|poke|p2|Melmetal|
|teampreview
|
|t:|1655782198
|start
|switch|p1a: Ferrothorn|Ferrothorn, F|100/100
|switch|p2a: Tyranitar|Tyranitar, F|100/100
|-weather|Sandstorm|[from] ability: Sand Stream|[of] p2a: Tyranitar
|turn|1
|j| Nelsonlib
|
|t:|1655782205
|switch|p2a: Landorus|Landorus-Therian, M|100/100
|-ability|p2a: Landorus|Intimidate|boost
|-unboost|p1a: Ferrothorn|atk|1
|move|p1a: Ferrothorn|Body Press|p2a: Landorus
|-resisted|p2a: Landorus
|-damage|p2a: Landorus|84/100
|-enditem|p2a: Landorus|Eject Button
|
|t:|1655782217
|switch|p2a: Kartana|Kartana|100/100
|
|-weather|Sandstorm|[upkeep]
|upkeep
|turn|2
|
|t:|1655782224
|switch|p1a: Tapu Fini|Tapu Fini|100/100
|-fieldstart|move: Misty Terrain|[from] ability: Misty Surge|[of] p1a: Tapu Fini
|move|p2a: Kartana|Knock Off|p1a: Tapu Fini
|-resisted|p1a: Tapu Fini
|-damage|p1a: Tapu Fini|86/100
|-enditem|p1a: Tapu Fini|Leftovers|[from] move: Knock Off|[of] p2a: Kartana
|
|-weather|Sandstorm|[upkeep]
|-damage|p1a: Tapu Fini|80/100|[from] Sandstorm
|upkeep
|turn|3
|
|t:|1655782232
|switch|p2a: Melmetal|Melmetal|100/100
|switch|p1a: Ninetales|Ninetales-Alola, F|100/100
|-weather|Hail|[from] ability: Snow Warning|[of] p1a: Ninetales
|
|-weather|Hail|[upkeep]
|-damage|p2a: Melmetal|94/100|[from] Hail
|upkeep
|turn|4
|
|t:|1655782237
|move|p1a: Ninetales|Aurora Veil|p1a: Ninetales
|-sidestart|p1: Lemon Ginger|move: Aurora Veil
|move|p2a: Melmetal|Double Iron Bash|p1a: Ninetales
|-supereffective|p1a: Ninetales
|-damage|p1a: Ninetales|0 fnt
|faint|p1a: Ninetales
|-hitcount|p1: Ninetales|1
|
|-weather|Hail|[upkeep]
|-damage|p2a: Melmetal|88/100|[from] Hail
|upkeep
|
|t:|1655782240
|switch|p1a: Blaziken|Blaziken, F|100/100
|turn|5
|
|t:|1655782243
|switch|p2a: Landorus|Landorus-Therian, M|84/100
|-ability|p2a: Landorus|Intimidate|boost
|-unboost|p1a: Blaziken|atk|1
|move|p1a: Blaziken|Swords Dance|p1a: Blaziken
|-boost|p1a: Blaziken|atk|2
|
|-weather|Hail|[upkeep]
|-damage|p2a: Landorus|78/100|[from] Hail
|-damage|p1a: Blaziken|95/100|[from] Hail
|-ability|p1a: Blaziken|Speed Boost|boost
|-boost|p1a: Blaziken|spe|1
|upkeep
|turn|6
|
|t:|1655782251
|switch|p2a: Tyranitar|Tyranitar, F|100/100
|-weather|Sandstorm|[from] ability: Sand Stream|[of] p2a: Tyranitar
|move|p1a: Blaziken|Flare Blitz|p2a: Tyranitar
|-resisted|p2a: Tyranitar
|-damage|p2a: Tyranitar|43/100
|-damage|p1a: Blaziken|73/100|[from] Recoil
|-damage|p1a: Blaziken|63/100|[from] item: Life Orb
|
|-weather|Sandstorm|[upkeep]
|-damage|p1a: Blaziken|57/100|[from] Sandstorm
|-fieldend|Misty Terrain
|-ability|p1a: Blaziken|Speed Boost|boost
|-boost|p1a: Blaziken|spe|1
|upkeep
|turn|7
|
|t:|1655782258
|switch|p2a: Landorus|Landorus-Therian, M|78/100
|-ability|p2a: Landorus|Intimidate|boost
|-unboost|p1a: Blaziken|atk|1
|move|p1a: Blaziken|Close Combat|p2a: Landorus
|-resisted|p2a: Landorus
|-damage|p2a: Landorus|41/100
|-unboost|p1a: Blaziken|def|1
|-unboost|p1a: Blaziken|spd|1
|-damage|p1a: Blaziken|47/100|[from] item: Life Orb
|
|-weather|Sandstorm|[upkeep]
|-damage|p1a: Blaziken|41/100|[from] Sandstorm
|-ability|p1a: Blaziken|Speed Boost|boost
|-boost|p1a: Blaziken|spe|1
|upkeep
|turn|8
|
|t:|1655782265
|move|p1a: Blaziken|Flare Blitz|p2a: Landorus
|-damage|p2a: Landorus|0 fnt
|faint|p2a: Landorus
|-damage|p1a: Blaziken|24/100|[from] Recoil
|-damage|p1a: Blaziken|14/100|[from] item: Life Orb
|
|-weather|Sandstorm|[upkeep]
|-damage|p1a: Blaziken|8/100|[from] Sandstorm
|-ability|p1a: Blaziken|Speed Boost|boost
|-boost|p1a: Blaziken|spe|1
|upkeep
|
|t:|1655782277
|switch|p2a: Dragapult|Dragapult, M|100/100
|turn|9
|
|t:|1655782281
|move|p2a: Dragapult|Sucker Punch|p1a: Blaziken
|-resisted|p1a: Blaziken
|-damage|p1a: Blaziken|0 fnt
|faint|p1a: Blaziken
|
|-weather|Sandstorm|[upkeep]
|-damage|p2a: Dragapult|95/100|[from] Sandstorm
|upkeep
|
|t:|1655782285
|switch|p1a: Weavile|Weavile, M|100/100
|-ability|p1a: Weavile|Pressure
|turn|10
|
|t:|1655782290
|switch|p2a: Kartana|Kartana|100/100
|move|p1a: Weavile|Swords Dance|p1a: Weavile
|-boost|p1a: Weavile|atk|2
|
|-weather|none
|upkeep
|turn|11
|
|t:|1655782293
|move|p1a: Weavile|Knock Off|p2a: Kartana
|-damage|p2a: Kartana|17/100
|-damage|p1a: Weavile|84/100|[from] item: Rocky Helmet|[of] p2a: Kartana
|-enditem|p2a: Kartana|Rocky Helmet|[from] move: Knock Off|[of] p1a: Weavile
|move|p2a: Kartana|Leaf Blade|p1a: Weavile
|-damage|p1a: Weavile|39/100
|
|-sideend|p1: Lemon Ginger|move: Aurora Veil
|upkeep
|turn|12
|
|t:|1655782297
|move|p1a: Weavile|Knock Off|p2a: Kartana
|-damage|p2a: Kartana|0 fnt
|faint|p2a: Kartana
|
|upkeep
|
|t:|1655782308
|switch|p2a: Weavile|Weavile, M|100/100
|-ability|p2a: Weavile|Pressure
|turn|13
|
|t:|1655782319
|switch|p1a: Tapu Fini|Tapu Fini|80/100
|-fieldstart|move: Misty Terrain|[from] ability: Misty Surge|[of] p1a: Tapu Fini
|switch|p2a: Tyranitar|Tyranitar, F|43/100
|-weather|Sandstorm|[from] ability: Sand Stream|[of] p2a: Tyranitar
|
|-weather|Sandstorm|[upkeep]
|-damage|p1a: Tapu Fini|73/100|[from] Sandstorm
|upkeep
|turn|14
|
|t:|1655782324
|switch|p1a: Garchomp|Garchomp, M|100/100
|switch|p2a: Melmetal|Melmetal|88/100
|
|-weather|Sandstorm|[upkeep]
|upkeep
|turn|15
|
|t:|1655782330
|switch|p1a: Ferrothorn|Ferrothorn, F|100/100
|switch|p2a: Dragapult|Dragapult, M|95/100
|
|-weather|Sandstorm|[upkeep]
|-damage|p2a: Dragapult|89/100|[from] Sandstorm
|upkeep
|turn|16
|
|t:|1655782333
|switch|p2a: Melmetal|Melmetal|88/100
|move|p1a: Ferrothorn|Iron Defense|p1a: Ferrothorn
|-boost|p1a: Ferrothorn|def|2
|
|-weather|Sandstorm|[upkeep]
|upkeep
|turn|17
|
|t:|1655782341
|move|p2a: Melmetal|Double Iron Bash|p1a: Ferrothorn
|-resisted|p1a: Ferrothorn
|-damage|p1a: Ferrothorn|95/100
|-activate|p1a: Ferrothorn|ability: Iron Barbs
|-activate|p2a: Melmetal|item: Protective Pads
|-resisted|p1a: Ferrothorn
|-damage|p1a: Ferrothorn|88/100
|-activate|p1a: Ferrothorn|ability: Iron Barbs
|-activate|p2a: Melmetal|item: Protective Pads
|-hitcount|p1a: Ferrothorn|2
|move|p1a: Ferrothorn|Leech Seed|p2a: Melmetal
|-start|p2a: Melmetal|move: Leech Seed
|
|-weather|none
|-heal|p1a: Ferrothorn|94/100|[from] item: Leftovers
|-damage|p2a: Melmetal|76/100|[from] Leech Seed|[of] p1a: Ferrothorn
|-heal|p1a: Ferrothorn|100/100|[silent]
|-fieldend|Misty Terrain
|upkeep
|turn|18
|
|t:|1655782345
|move|p2a: Melmetal|Thunder Wave|p1a: Ferrothorn
|-status|p1a: Ferrothorn|par
|cant|p1a: Ferrothorn|par
|
|-damage|p2a: Melmetal|63/100|[from] Leech Seed|[of] p1a: Ferrothorn
|upkeep
|turn|19
|
|t:|1655782349
|switch|p2a: Dragapult|Dragapult, M|89/100
|move|p1a: Ferrothorn|Stealth Rock|p2a: Dragapult
|-sidestart|p2: gotsnsd|move: Stealth Rock
|
|upkeep
|turn|20
|
|t:|1655782356
|move|p2a: Dragapult|Phantom Force||[still]
|-prepare|p2a: Dragapult|Phantom Force
|cant|p1a: Ferrothorn|par
|
|upkeep
|turn|21
|
|t:|1655782359
|move|p2a: Dragapult|Phantom Force|p1a: Ferrothorn|[from]lockedmove
|-damage|p1a: Ferrothorn|79/100 par
|-damage|p2a: Dragapult|76/100|[from] ability: Iron Barbs|[of] p1a: Ferrothorn
|cant|p1a: Ferrothorn|par
|
|-heal|p1a: Ferrothorn|85/100 par|[from] item: Leftovers
|upkeep
|turn|22
|
|t:|1655782364
|move|p2a: Dragapult|Phantom Force||[still]
|-prepare|p2a: Dragapult|Phantom Force
|move|p1a: Ferrothorn|Iron Defense|p1a: Ferrothorn
|-boost|p1a: Ferrothorn|def|2
|
|-heal|p1a: Ferrothorn|92/100 par|[from] item: Leftovers
|upkeep
|turn|23
|
|t:|1655782367
|move|p2a: Dragapult|Phantom Force|p1a: Ferrothorn|[from]lockedmove
|-damage|p1a: Ferrothorn|79/100 par
|-damage|p2a: Dragapult|64/100|[from] ability: Iron Barbs|[of] p1a: Ferrothorn
|move|p1a: Ferrothorn|Leech Seed|p2a: Dragapult
|-start|p2a: Dragapult|move: Leech Seed
|
|-heal|p1a: Ferrothorn|86/100 par|[from] item: Leftovers
|-damage|p2a: Dragapult|52/100|[from] Leech Seed|[of] p1a: Ferrothorn
|-heal|p1a: Ferrothorn|97/100 par|[silent]
|upkeep
|turn|24
|j| squirtin n farting
|
|t:|1655782373
|move|p2a: Dragapult|Phantom Force||[still]
|-prepare|p2a: Dragapult|Phantom Force
|move|p1a: Ferrothorn|Body Press|p2a: Dragapult|[miss]
|-miss|p1a: Ferrothorn|p2a: Dragapult
|
|-heal|p1a: Ferrothorn|100/100 par|[from] item: Leftovers
|-damage|p2a: Dragapult|39/100|[from] Leech Seed|[of] p1a: Ferrothorn
|upkeep
|turn|25
|
|t:|1655782377
|move|p2a: Dragapult|Phantom Force|p1a: Ferrothorn|[from]lockedmove
|-damage|p1a: Ferrothorn|87/100 par
|-damage|p2a: Dragapult|27/100|[from] ability: Iron Barbs|[of] p1a: Ferrothorn
|move|p1a: Ferrothorn|Iron Defense|p1a: Ferrothorn
|-boost|p1a: Ferrothorn|def|2
|
|-heal|p1a: Ferrothorn|93/100 par|[from] item: Leftovers
|-damage|p2a: Dragapult|15/100|[from] Leech Seed|[of] p1a: Ferrothorn
|-heal|p1a: Ferrothorn|100/100 par|[silent]
|upkeep
|turn|26
|l| squirtin n farting
|
|t:|1655782384
|move|p2a: Dragapult|Phantom Force||[still]
|-prepare|p2a: Dragapult|Phantom Force
|move|p1a: Ferrothorn|Leech Seed|p2a: Dragapult|[miss]
|-miss|p1a: Ferrothorn|p2a: Dragapult
|
|-damage|p2a: Dragapult|2/100|[from] Leech Seed|[of] p1a: Ferrothorn
|upkeep
|turn|27
|j| LT_Alt1
|
|t:|1655782387
|move|p2a: Dragapult|Phantom Force|p1a: Ferrothorn|[from]lockedmove
|-damage|p1a: Ferrothorn|90/100 par
|-damage|p2a: Dragapult|0 fnt|[from] ability: Iron Barbs|[of] p1a: Ferrothorn
|faint|p2a: Dragapult
|move|p1a: Ferrothorn|Body Press|p2: Dragapult|[notarget]
|-fail|p1a: Ferrothorn
|
|-heal|p1a: Ferrothorn|96/100 par|[from] item: Leftovers
|upkeep
|
|t:|1655782393
|switch|p2a: Melmetal|Melmetal|63/100
|-damage|p2a: Melmetal|57/100|[from] Stealth Rock
|turn|28
|
|t:|1655782395
|move|p2a: Melmetal|Double Iron Bash|p1a: Ferrothorn
|-resisted|p1a: Ferrothorn
|-damage|p1a: Ferrothorn|93/100 par
|-activate|p1a: Ferrothorn|ability: Iron Barbs
|-activate|p2a: Melmetal|item: Protective Pads
|-resisted|p1a: Ferrothorn
|-damage|p1a: Ferrothorn|89/100 par
|-activate|p1a: Ferrothorn|ability: Iron Barbs
|-activate|p2a: Melmetal|item: Protective Pads
|-hitcount|p1a: Ferrothorn|2
|cant|p1a: Ferrothorn|flinch
|
|-heal|p1a: Ferrothorn|96/100 par|[from] item: Leftovers
|upkeep
|turn|29
|
|t:|1655782398
|move|p2a: Melmetal|Double Iron Bash|p1a: Ferrothorn
|-resisted|p1a: Ferrothorn
|-damage|p1a: Ferrothorn|92/100 par
|-activate|p1a: Ferrothorn|ability: Iron Barbs
|-activate|p2a: Melmetal|item: Protective Pads
|-resisted|p1a: Ferrothorn
|-damage|p1a: Ferrothorn|89/100 par
|-activate|p1a: Ferrothorn|ability: Iron Barbs
|-activate|p2a: Melmetal|item: Protective Pads
|-hitcount|p1a: Ferrothorn|2
|cant|p1a: Ferrothorn|flinch
|
|-heal|p1a: Ferrothorn|95/100 par|[from] item: Leftovers
|upkeep
|turn|30
|
|t:|1655782403
|move|p2a: Melmetal|Double Iron Bash|p1a: Ferrothorn
|-resisted|p1a: Ferrothorn
|-damage|p1a: Ferrothorn|92/100 par
|-activate|p1a: Ferrothorn|ability: Iron Barbs
|-activate|p2a: Melmetal|item: Protective Pads
|-resisted|p1a: Ferrothorn
|-damage|p1a: Ferrothorn|89/100 par
|-activate|p1a: Ferrothorn|ability: Iron Barbs
|-activate|p2a: Melmetal|item: Protective Pads
|-hitcount|p1a: Ferrothorn|2
|cant|p1a: Ferrothorn|flinch
|
|-heal|p1a: Ferrothorn|95/100 par|[from] item: Leftovers
|upkeep
|turn|31
|
|t:|1655782408
|move|p2a: Melmetal|Double Iron Bash|p1a: Ferrothorn
|-resisted|p1a: Ferrothorn
|-damage|p1a: Ferrothorn|91/100 par
|-activate|p1a: Ferrothorn|ability: Iron Barbs
|-activate|p2a: Melmetal|item: Protective Pads
|-resisted|p1a: Ferrothorn
|-damage|p1a: Ferrothorn|88/100 par
|-activate|p1a: Ferrothorn|ability: Iron Barbs
|-activate|p2a: Melmetal|item: Protective Pads
|-hitcount|p1a: Ferrothorn|2
|move|p1a: Ferrothorn|Leech Seed|p2a: Melmetal
|-start|p2a: Melmetal|move: Leech Seed
|
|-heal|p1a: Ferrothorn|95/100 par|[from] item: Leftovers
|-damage|p2a: Melmetal|45/100|[from] Leech Seed|[of] p1a: Ferrothorn
|-heal|p1a: Ferrothorn|100/100 par|[silent]
|upkeep
|turn|32
|
|t:|1655782414
|move|p2a: Melmetal|Double Iron Bash|p1a: Ferrothorn
|-resisted|p1a: Ferrothorn
|-damage|p1a: Ferrothorn|97/100 par
|-activate|p1a: Ferrothorn|ability: Iron Barbs
|-activate|p2a: Melmetal|item: Protective Pads
|-resisted|p1a: Ferrothorn
|-damage|p1a: Ferrothorn|94/100 par
|-activate|p1a: Ferrothorn|ability: Iron Barbs
|-activate|p2a: Melmetal|item: Protective Pads
|-hitcount|p1a: Ferrothorn|2
|move|p1a: Ferrothorn|Body Press|p2a: Melmetal
|-supereffective|p2a: Melmetal
|-damage|p2a: Melmetal|0 fnt
|faint|p2a: Melmetal
|
|-heal|p1a: Ferrothorn|99/100 par|[from] item: Leftovers
|upkeep
|
|t:|1655782417
|switch|p2a: Weavile|Weavile, M|100/100
|-damage|p2a: Weavile|76/100|[from] Stealth Rock
|-ability|p2a: Weavile|Pressure
|turn|33
|
|t:|1655782419
|move|p2a: Weavile|Low Kick|p1a: Ferrothorn
|-supereffective|p1a: Ferrothorn
|-damage|p1a: Ferrothorn|82/100 par
|-damage|p2a: Weavile|63/100|[from] ability: Iron Barbs|[of] p1a: Ferrothorn
|move|p1a: Ferrothorn|Body Press|p2a: Weavile
|-supereffective|p2a: Weavile
|-damage|p2a: Weavile|0 fnt
|faint|p2a: Weavile
|
|-heal|p1a: Ferrothorn|89/100 par|[from] item: Leftovers
|upkeep
|-message|gotsnsd forfeited.
|
|win|Lemon Ginger
|raw|Lemon Ginger's rating: 1627 &rarr; <strong>1648</strong><br />(+21 for winning)
|raw|gotsnsd's rating: 1639 &rarr; <strong>1618</strong><br />(-21 for losing)
|l|☆gotsnsd
