|j|☆EZ$Sniper
|j|☆galarian dragapult
|t:|1635908278
|gametype|singles
|player|p1|EZ$Sniper|170|1629
|player|p2|galarian dragapult|1|1678
|teamsize|p1|6
|teamsize|p2|6
|gen|8
|tier|[Gen 8] OU
|rated|
|rule|Sleep Clause Mod: Limit one foe put to sleep
|rule|Species Clause: Limit one of each Pokémon
|rule|OHKO Clause: OHKO moves are banned
|rule|Evasion Moves Clause: Evasion moves are banned
|rule|Endless Battle Clause: Forcing endless battles is banned
|rule|HP Percentage Mod: HP is shown in percentages
|rule|Dynamax Clause: You cannot dynamax
|clearpoke
|poke|p1|Blacephalon|
|poke|p1|Weavile, M|
|poke|p1|Garchomp, F|
|poke|p1|Slowbro, M|
|poke|p1|Corviknight, F|
|poke|p1|Kartana|
|poke|p2|Buzzwole|
|poke|p2|Toxapex, M|
|poke|p2|Clefable, F|
|poke|p2|Corviknight, F|
|poke|p2|Slowking, F|
|poke|p2|Garchomp, M|
|teampreview
|inactive|Battle timer is ON: inactive players will automatically lose when time's up. (requested by EZ$Sniper)
|
|t:|1635908308
|start
|switch|p1a: Kartana|Kartana|100/100
|switch|p2a: Garchomp|Garchomp, M|100/100
|turn|1
|
|t:|1635908323
|switch|p2a: Toxapex|Toxapex, M|100/100
|move|p1a: Kartana|Knock Off|p2a: Toxapex
|-damage|p2a: Toxapex|65/100
|-enditem|p2a: Toxapex|Shed Shell|[from] move: Knock Off|[of] p1a: Kartana
|
|upkeep
|turn|2
|
|t:|1635908332
|switch|p1a: Slowbro|Slowbro, M|100/100
|move|p2a: Toxapex|Knock Off|p1a: Slowbro
|-supereffective|p1a: Slowbro
|-damage|p1a: Slowbro|81/100
|-damage|p2a: Toxapex|48/100|[from] item: Rocky Helmet|[of] p1a: Slowbro
|-enditem|p1a: Slowbro|Rocky Helmet|[from] move: Knock Off|[of] p2a: Toxapex
|
|upkeep
|turn|3
|
|t:|1635908337
|move|p2a: Toxapex|Recover|p2a: Toxapex
|-heal|p2a: Toxapex|98/100
|move|p1a: Slowbro|Future Sight|p2a: Toxapex
|-start|p1a: Slowbro|move: Future Sight
|
|upkeep
|turn|4
|
|t:|1635908342
|move|p2a: Toxapex|Poison Jab|p1a: Slowbro
|-damage|p1a: Slowbro|71/100
|move|p1a: Slowbro|Teleport|p1a: Slowbro
|
|t:|1635908366
|switch|p1a: Garchomp|Garchomp, F|100/100|[from]move: Teleport
|
|upkeep
|turn|5
|
|t:|1635908370
|switch|p2a: Corviknight|Corviknight, F|100/100
|-ability|p2a: Corviknight|Pressure
|move|p1a: Garchomp|Stealth Rock|p2a: Corviknight
|-sidestart|p2: galarian dragapult|move: Stealth Rock
|
|-end|p2a: Corviknight|move: Future Sight
|-resisted|p2a: Corviknight
|-damage|p2a: Corviknight|80/100
|-heal|p2a: Corviknight|87/100|[from] item: Leftovers
|upkeep
|turn|6
|
|t:|1635908383
|move|p1a: Garchomp|Swords Dance|p1a: Garchomp
|-boost|p1a: Garchomp|atk|2
|move|p2a: Corviknight|Defog|p1a: Garchomp
|-unboost|p1a: Garchomp|evasion|1
|-sideend|p2: galarian dragapult|Stealth Rock|[from] move: Defog|[of] p2a: Corviknight
|
|-heal|p2a: Corviknight|93/100|[from] item: Leftovers
|upkeep
|turn|7
|
|t:|1635908387
|move|p1a: Garchomp|Stone Edge|p2a: Corviknight
|-damage|p2a: Corviknight|58/100
|move|p2a: Corviknight|Iron Defense|p2a: Corviknight
|-boost|p2a: Corviknight|def|2
|
|-heal|p2a: Corviknight|64/100|[from] item: Leftovers
|upkeep
|turn|8
|
|t:|1635908391
|switch|p1a: Blacephalon|Blacephalon|100/100
|move|p2a: Corviknight|Roost|p2a: Corviknight
|-heal|p2a: Corviknight|100/100
|-singleturn|p2a: Corviknight|move: Roost
|
|upkeep
|turn|9
|j| Nesnot
|
|t:|1635908398
|switch|p2a: Slowking|Slowking, F|100/100
|move|p1a: Blacephalon|Shadow Ball|p2a: Slowking
|-supereffective|p2a: Slowking
|-damage|p2a: Slowking|62/100
|
|upkeep
|turn|10
|
|t:|1635908407
|move|p1a: Blacephalon|Shadow Ball|p2a: Slowking
|-supereffective|p2a: Slowking
|-damage|p2a: Slowking|19/100
|move|p2a: Slowking|Earthquake|p1a: Blacephalon
|-supereffective|p1a: Blacephalon
|-damage|p1a: Blacephalon|22/100
|
|upkeep
|turn|11
|
|t:|1635908410
|switch|p2a: Garchomp|Garchomp, M|100/100
|move|p1a: Blacephalon|Shadow Ball|p2a: Garchomp
|-damage|p2a: Garchomp|68/100
|
|-heal|p2a: Garchomp|75/100|[from] item: Leftovers
|upkeep
|turn|12
|
|t:|1635908417
|switch|p1a: Slowbro|Slowbro, M|100/100
|move|p2a: Garchomp|Stealth Rock|p1a: Slowbro
|-sidestart|p1: EZ$Sniper|move: Stealth Rock
|
|-heal|p2a: Garchomp|81/100|[from] item: Leftovers
|upkeep
|turn|13
|
|t:|1635908422
|move|p2a: Garchomp|Toxic|p1a: Slowbro
|-status|p1a: Slowbro|tox
|move|p1a: Slowbro|Future Sight|p2a: Garchomp
|-start|p1a: Slowbro|move: Future Sight
|
|-heal|p2a: Garchomp|87/100|[from] item: Leftovers
|-damage|p1a: Slowbro|94/100 tox|[from] psn
|upkeep
|turn|14
|
|t:|1635908425
|switch|p2a: Slowking|Slowking, F|53/100
|move|p1a: Slowbro|Teleport|p1a: Slowbro
|
|t:|1635908427
|switch|p1a: Corviknight|Corviknight, F|100/100|[from]move: Teleport
|-damage|p1a: Corviknight|88/100|[from] Stealth Rock
|-ability|p1a: Corviknight|Pressure
|
|-heal|p1a: Corviknight|94/100|[from] item: Leftovers
|upkeep
|turn|15
|
|t:|1635908438
|switch|p2a: Toxapex|Toxapex, M|100/100
|move|p1a: Corviknight|Defog|p2a: Toxapex
|-unboost|p2a: Toxapex|evasion|1
|-sideend|p1: EZ$Sniper|Stealth Rock|[from] move: Defog|[of] p1a: Corviknight
|
|-end|p2a: Toxapex|move: Future Sight
|-supereffective|p2a: Toxapex
|-damage|p2a: Toxapex|33/100
|-heal|p1a: Corviknight|100/100|[from] item: Leftovers
|upkeep
|turn|16
|
|t:|1635908445
|move|p1a: Corviknight|Brave Bird|p2a: Toxapex
|-damage|p2a: Toxapex|10/100
|-damage|p1a: Corviknight|95/100|[from] Recoil
|move|p2a: Toxapex|Recover|p2a: Toxapex
|-heal|p2a: Toxapex|61/100
|
|-heal|p1a: Corviknight|100/100|[from] item: Leftovers
|upkeep
|turn|17
|
|t:|1635908447
|move|p1a: Corviknight|U-turn|p2a: Toxapex
|-resisted|p2a: Toxapex
|-damage|p2a: Toxapex|56/100
|
|t:|1635908450
|switch|p1a: Slowbro|Slowbro, M|100/100 tox|[from]move: U-turn
|move|p2a: Toxapex|Recover|p2a: Toxapex
|-heal|p2a: Toxapex|100/100
|
|-damage|p1a: Slowbro|94/100 tox|[from] psn
|upkeep
|turn|18
|
|t:|1635908454
|switch|p2a: Slowking|Slowking, F|86/100
|move|p1a: Slowbro|Future Sight|p2a: Slowking
|-start|p1a: Slowbro|move: Future Sight
|
|-damage|p1a: Slowbro|82/100 tox|[from] psn
|upkeep
|turn|19
|
|t:|1635908455
|move|p2a: Slowking|Future Sight|p1a: Slowbro
|-start|p2a: Slowking|move: Future Sight
|move|p1a: Slowbro|Teleport|p1a: Slowbro
|
|t:|1635908465
|switch|p1a: Weavile|Weavile, M|100/100|[from]move: Teleport
|-ability|p1a: Weavile|Pressure
|
|upkeep
|turn|20
|
|t:|1635908475
|switch|p2a: Corviknight|Corviknight, F|100/100
|-ability|p2a: Corviknight|Pressure
|move|p1a: Weavile|Knock Off|p2a: Corviknight
|-damage|p2a: Corviknight|71/100
|-enditem|p2a: Corviknight|Leftovers|[from] move: Knock Off|[of] p1a: Weavile
|
|-end|p2a: Corviknight|move: Future Sight
|-resisted|p2a: Corviknight
|-damage|p2a: Corviknight|52/100
|upkeep
|turn|21
|
|t:|1635908485
|switch|p1a: Blacephalon|Blacephalon|22/100
|move|p2a: Corviknight|Roost|p2a: Corviknight
|-heal|p2a: Corviknight|100/100
|-singleturn|p2a: Corviknight|move: Roost
|
|-end|p1a: Blacephalon|move: Future Sight
|-damage|p1a: Blacephalon|0 fnt
|faint|p1a: Blacephalon
|upkeep
|
|t:|1635908495
|switch|p1a: Slowbro|Slowbro, M|100/100 tox
|turn|22
|
|t:|1635908504
|switch|p2a: Slowking|Slowking, F|100/100
|move|p1a: Slowbro|Future Sight|p2a: Slowking
|-start|p1a: Slowbro|move: Future Sight
|
|-damage|p1a: Slowbro|94/100 tox|[from] psn
|upkeep
|turn|23
|
|t:|1635908505
|move|p2a: Slowking|Future Sight|p1a: Slowbro
|-start|p2a: Slowking|move: Future Sight
|move|p1a: Slowbro|Teleport|p1a: Slowbro
|
|t:|1635908507
|switch|p1a: Kartana|Kartana|100/100|[from]move: Teleport
|
|upkeep
|turn|24
|
|t:|1635908516
|switch|p2a: Corviknight|Corviknight, F|100/100
|-ability|p2a: Corviknight|Pressure
|move|p1a: Kartana|Leaf Blade|p2a: Corviknight
|-resisted|p2a: Corviknight
|-damage|p2a: Corviknight|85/100
|
|-end|p2a: Corviknight|move: Future Sight
|-resisted|p2a: Corviknight
|-damage|p2a: Corviknight|67/100
|upkeep
|turn|25
|
|t:|1635908524
|switch|p1a: Garchomp|Garchomp, F|100/100
|move|p2a: Corviknight|Roost|p2a: Corviknight
|-heal|p2a: Corviknight|100/100
|-singleturn|p2a: Corviknight|move: Roost
|
|-end|p1a: Garchomp|move: Future Sight
|-damage|p1a: Garchomp|63/100
|-heal|p1a: Garchomp|69/100|[from] item: Leftovers
|upkeep
|turn|26
|j| Scale Shit
|
|t:|1635908527
|switch|p2a: Clefable|Clefable, F|100/100
|move|p1a: Garchomp|Swords Dance|p1a: Garchomp
|-boost|p1a: Garchomp|atk|2
|
|-heal|p1a: Garchomp|75/100|[from] item: Leftovers
|upkeep
|turn|27
|
|t:|1635908530
|move|p1a: Garchomp|Earthquake|p2a: Clefable
|-damage|p2a: Clefable|65/100
|move|p2a: Clefable|Moonblast|p1a: Garchomp
|-supereffective|p1a: Garchomp
|-damage|p1a: Garchomp|15/100
|
|-heal|p1a: Garchomp|21/100|[from] item: Leftovers
|upkeep
|turn|28
|
|t:|1635908536
|switch|p1a: Corviknight|Corviknight, F|100/100
|-ability|p1a: Corviknight|Pressure
|move|p2a: Clefable|Soft-Boiled|p2a: Clefable
|-heal|p2a: Clefable|100/100
|
|upkeep
|turn|29
|
|t:|1635908540
|move|p2a: Clefable|Calm Mind|p2a: Clefable
|-boost|p2a: Clefable|spa|1
|-boost|p2a: Clefable|spd|1
|move|p1a: Corviknight|U-turn|p2a: Clefable
|-resisted|p2a: Clefable
|-damage|p2a: Clefable|95/100
|
|t:|1635908543
|switch|p1a: Kartana|Kartana|100/100|[from]move: U-turn
|
|upkeep
|turn|30
|
|t:|1635908546
|switch|p1a: Garchomp|Garchomp, F|21/100
|switch|p2a: Corviknight|Corviknight, F|100/100
|-ability|p2a: Corviknight|Pressure
|
|-heal|p1a: Garchomp|27/100|[from] item: Leftovers
|upkeep
|turn|31
|
|t:|1635908549
|switch|p2a: Clefable|Clefable, F|95/100
|move|p1a: Garchomp|Stealth Rock|p2a: Clefable
|-sidestart|p2: galarian dragapult|move: Stealth Rock
|
|-heal|p1a: Garchomp|34/100|[from] item: Leftovers
|upkeep
|turn|32
|
|t:|1635908554
|switch|p1a: Corviknight|Corviknight, F|100/100
|-ability|p1a: Corviknight|Pressure
|move|p2a: Clefable|Moonblast|p1a: Corviknight
|-resisted|p1a: Corviknight
|-damage|p1a: Corviknight|90/100
|
|-heal|p1a: Corviknight|97/100|[from] item: Leftovers
|upkeep
|turn|33
|
|t:|1635908556
|move|p2a: Clefable|Calm Mind|p2a: Clefable
|-boost|p2a: Clefable|spa|1
|-boost|p2a: Clefable|spd|1
|move|p1a: Corviknight|U-turn|p2a: Clefable
|-resisted|p2a: Clefable
|-damage|p2a: Clefable|89/100
|
|t:|1635908557
|switch|p1a: Kartana|Kartana|100/100|[from]move: U-turn
|
|upkeep
|turn|34
|
|t:|1635908562
|switch|p2a: Corviknight|Corviknight, F|100/100
|-damage|p2a: Corviknight|88/100|[from] Stealth Rock
|-ability|p2a: Corviknight|Pressure
|move|p1a: Kartana|Smart Strike|p2a: Corviknight
|-resisted|p2a: Corviknight
|-damage|p2a: Corviknight|66/100
|
|upkeep
|turn|35
|
|t:|1635908567
|switch|p1a: Garchomp|Garchomp, F|34/100
|move|p2a: Corviknight|Defog|p1a: Garchomp
|-unboost|p1a: Garchomp|evasion|1
|-sideend|p2: galarian dragapult|Stealth Rock|[from] move: Defog|[of] p2a: Corviknight
|
|-heal|p1a: Garchomp|40/100|[from] item: Leftovers
|upkeep
|turn|36
|
|t:|1635908574
|move|p1a: Garchomp|Stealth Rock|p2a: Corviknight
|-sidestart|p2: galarian dragapult|move: Stealth Rock
|move|p2a: Corviknight|Iron Defense|p2a: Corviknight
|-boost|p2a: Corviknight|def|2
|
|-heal|p1a: Garchomp|46/100|[from] item: Leftovers
|upkeep
|turn|37
|
|t:|1635908577
|switch|p1a: Slowbro|Slowbro, M|100/100 tox
|move|p2a: Corviknight|Defog|p1a: Slowbro
|-unboost|p1a: Slowbro|evasion|1
|-sideend|p2: galarian dragapult|Stealth Rock|[from] move: Defog|[of] p2a: Corviknight
|
|-damage|p1a: Slowbro|94/100 tox|[from] psn
|upkeep
|turn|38
|
|t:|1635908579
|move|p2a: Corviknight|Roost|p2a: Corviknight
|-heal|p2a: Corviknight|100/100
|-singleturn|p2a: Corviknight|move: Roost
|move|p1a: Slowbro|Teleport|p1a: Slowbro
|j| AwadJJ
|
|t:|1635908597
|switch|p1a: Garchomp|Garchomp, F|46/100|[from]move: Teleport
|
|-heal|p1a: Garchomp|52/100|[from] item: Leftovers
|upkeep
|turn|39
|
|t:|1635908607
|switch|p1a: Slowbro|Slowbro, M|100/100 tox
|switch|p2a: Garchomp|Garchomp, M|87/100
|
|-heal|p2a: Garchomp|93/100|[from] item: Leftovers
|-damage|p1a: Slowbro|94/100 tox|[from] psn
|upkeep
|turn|40
|
|t:|1635908611
|move|p2a: Garchomp|Stealth Rock|p1a: Slowbro
|-sidestart|p1: EZ$Sniper|move: Stealth Rock
|move|p1a: Slowbro|Scald|p2a: Garchomp
|-damage|p2a: Garchomp|75/100
|
|-heal|p2a: Garchomp|81/100|[from] item: Leftovers
|-damage|p1a: Slowbro|82/100 tox|[from] psn
|upkeep
|turn|41
|
|t:|1635908616
|switch|p2a: Slowking|Slowking, F|100/100
|move|p1a: Slowbro|Scald|p2a: Slowking
|-resisted|p2a: Slowking
|-damage|p2a: Slowking|95/100
|
|-damage|p1a: Slowbro|64/100 tox|[from] psn
|upkeep
|turn|42
|
|t:|1635908619
|move|p2a: Slowking|Future Sight|p1a: Slowbro
|-start|p2a: Slowking|move: Future Sight
|move|p1a: Slowbro|Teleport|p1a: Slowbro
|
|t:|1635908621
|switch|p1a: Corviknight|Corviknight, F|97/100|[from]move: Teleport
|-damage|p1a: Corviknight|84/100|[from] Stealth Rock
|-ability|p1a: Corviknight|Pressure
|
|-heal|p1a: Corviknight|90/100|[from] item: Leftovers
|upkeep
|turn|43
|
|t:|1635908624
|switch|p2a: Clefable|Clefable, F|89/100
|move|p1a: Corviknight|Defog|p2a: Clefable
|-unboost|p2a: Clefable|evasion|1
|-sideend|p1: EZ$Sniper|Stealth Rock|[from] move: Defog|[of] p1a: Corviknight
|
|-heal|p1a: Corviknight|97/100|[from] item: Leftovers
|upkeep
|turn|44
|
|t:|1635908633
|move|p2a: Clefable|Calm Mind|p2a: Clefable
|-boost|p2a: Clefable|spa|1
|-boost|p2a: Clefable|spd|1
|move|p1a: Corviknight|Brave Bird|p2a: Clefable
|-damage|p2a: Clefable|59/100
|-damage|p1a: Corviknight|87/100|[from] Recoil
|
|-end|p1a: Corviknight|move: Future Sight
|-resisted|p1a: Corviknight
|-damage|p1a: Corviknight|73/100
|-heal|p1a: Corviknight|79/100|[from] item: Leftovers
|upkeep
|turn|45
|
|t:|1635908637
|move|p2a: Clefable|Soft-Boiled|p2a: Clefable
|-heal|p2a: Clefable|100/100
|move|p1a: Corviknight|U-turn|p2a: Clefable
|-resisted|p2a: Clefable
|-damage|p2a: Clefable|95/100
|
|t:|1635908639
|switch|p1a: Kartana|Kartana|100/100|[from]move: U-turn
|
|upkeep
|turn|46
|
|t:|1635908645
|move|p1a: Kartana|Smart Strike|p2a: Clefable
|-supereffective|p2a: Clefable
|-damage|p2a: Clefable|0 fnt
|faint|p2a: Clefable
|-ability|p1a: Kartana|Beast Boost|boost
|-boost|p1a: Kartana|atk|1
|
|upkeep
|
|t:|1635908648
|switch|p2a: Buzzwole|Buzzwole|100/100
|turn|47
|
|t:|1635908656
|switch|p1a: Slowbro|Slowbro, M|97/100 tox
|move|p2a: Buzzwole|Leech Life|p1a: Slowbro
|-supereffective|p1a: Slowbro
|-damage|p1a: Slowbro|45/100 tox
|
|-damage|p1a: Slowbro|39/100 tox|[from] psn
|upkeep
|turn|48
|
|t:|1635908664
|switch|p1a: Corviknight|Corviknight, F|79/100
|-ability|p1a: Corviknight|Pressure
|move|p2a: Buzzwole|Drain Punch|p1a: Corviknight
|-damage|p1a: Corviknight|52/100
|
|-heal|p1a: Corviknight|59/100|[from] item: Leftovers
|upkeep
|turn|49
|
|t:|1635908670
|switch|p2a: Slowking|Slowking, F|100/100
|move|p1a: Corviknight|Brave Bird|p2a: Slowking
|-damage|p2a: Slowking|65/100
|-damage|p1a: Corviknight|47/100|[from] Recoil
|
|-heal|p1a: Corviknight|53/100|[from] item: Leftovers
|upkeep
|turn|50
|
|t:|1635908672
|move|p1a: Corviknight|Roost|p1a: Corviknight
|-heal|p1a: Corviknight|100/100
|-singleturn|p1a: Corviknight|move: Roost
|move|p2a: Slowking|Future Sight|p1a: Corviknight
|-start|p2a: Slowking|move: Future Sight
|
|upkeep
|turn|51
|
|t:|1635908677
|move|p1a: Corviknight|U-turn|p2a: Slowking
|-supereffective|p2a: Slowking
|-damage|p2a: Slowking|36/100
|
|t:|1635908681
|switch|p1a: Garchomp|Garchomp, F|52/100|[from]move: U-turn
|move|p2a: Slowking|Flamethrower|p1a: Garchomp
|-resisted|p1a: Garchomp
|-damage|p1a: Garchomp|42/100
|
|-heal|p1a: Garchomp|48/100|[from] item: Leftovers
|upkeep
|turn|52
|
|t:|1635908688
|switch|p1a: Weavile|Weavile, M|100/100
|-ability|p1a: Weavile|Pressure
|switch|p2a: Corviknight|Corviknight, F|100/100
|-ability|p2a: Corviknight|Pressure
|
|-end|p1a: Weavile|move: Future Sight
|-immune|p1a: Weavile
|upkeep
|turn|53
|
|t:|1635908699
|switch|p2a: Slowking|Slowking, F|69/100
|move|p1a: Weavile|Swords Dance|p1a: Weavile
|-boost|p1a: Weavile|atk|2
|
|upkeep
|turn|54
|
|t:|1635908703
|switch|p2a: Corviknight|Corviknight, F|100/100
|-ability|p2a: Corviknight|Pressure
|move|p1a: Weavile|Knock Off|p2a: Corviknight
|-damage|p2a: Corviknight|58/100
|
|upkeep
|turn|55
|
|t:|1635908706
|move|p1a: Weavile|Triple Axel|p2a: Corviknight|[miss]
|-miss|p1a: Weavile|p2a: Corviknight
|move|p2a: Corviknight|Body Press|p1a: Weavile
|-supereffective|p1a: Weavile
|-damage|p1a: Weavile|0 fnt
|faint|p1a: Weavile
|
|upkeep
|
|t:|1635908711
|switch|p1a: Garchomp|Garchomp, F|48/100
|turn|56
|
|t:|1635908714
|move|p1a: Garchomp|Swords Dance|p1a: Garchomp
|-boost|p1a: Garchomp|atk|2
|move|p2a: Corviknight|Roost|p2a: Corviknight
|-heal|p2a: Corviknight|100/100
|-singleturn|p2a: Corviknight|move: Roost
|
|-heal|p1a: Garchomp|54/100|[from] item: Leftovers
|upkeep
|turn|57
|
|t:|1635908717
|move|p1a: Garchomp|Swords Dance|p1a: Garchomp
|-boost|p1a: Garchomp|atk|2
|move|p2a: Corviknight|Iron Defense|p2a: Corviknight
|-boost|p2a: Corviknight|def|2
|
|-heal|p1a: Garchomp|60/100|[from] item: Leftovers
|upkeep
|turn|58
|
|t:|1635908720
|move|p1a: Garchomp|Swords Dance|p1a: Garchomp
|-boost|p1a: Garchomp|atk|2
|move|p2a: Corviknight|Iron Defense|p2a: Corviknight
|-boost|p2a: Corviknight|def|2
|
|-heal|p1a: Garchomp|67/100|[from] item: Leftovers
|upkeep
|turn|59
|
|t:|1635908723
|move|p1a: Garchomp|Stone Edge|p2a: Corviknight
|-damage|p2a: Corviknight|76/100
|move|p2a: Corviknight|Iron Defense|p2a: Corviknight
|-boost|p2a: Corviknight|def|2
|
|-heal|p1a: Garchomp|73/100|[from] item: Leftovers
|upkeep
|turn|60
|
|t:|1635908725
|move|p1a: Garchomp|Stone Edge|p2a: Corviknight
|-damage|p2a: Corviknight|59/100
|move|p2a: Corviknight|Body Press|p1a: Garchomp
|-damage|p1a: Garchomp|3/100
|-damage|p2a: Corviknight|46/100|[from] ability: Rough Skin|[of] p1a: Garchomp
|
|-heal|p1a: Garchomp|9/100|[from] item: Leftovers
|upkeep
|turn|61
|
|t:|1635908728
|move|p1a: Garchomp|Stone Edge|p2a: Corviknight
|-damage|p2a: Corviknight|28/100
|move|p2a: Corviknight|Roost|p2a: Corviknight
|-heal|p2a: Corviknight|78/100
|-singleturn|p2a: Corviknight|move: Roost
|
|-heal|p1a: Garchomp|15/100|[from] item: Leftovers
|upkeep
|turn|62
|
|t:|1635908732
|move|p1a: Garchomp|Stealth Rock|p2a: Corviknight
|-sidestart|p2: galarian dragapult|move: Stealth Rock
|move|p2a: Corviknight|Body Press|p1a: Garchomp
|-damage|p1a: Garchomp|0 fnt
|-damage|p2a: Corviknight|66/100|[from] ability: Rough Skin|[of] p1a: Garchomp
|faint|p1a: Garchomp
|
|upkeep
|
|t:|1635908733
|switch|p1a: Slowbro|Slowbro, M|73/100 tox
|turn|63
|
|t:|1635908736
|move|p2a: Corviknight|Defog|p1a: Slowbro
|-unboost|p1a: Slowbro|evasion|1
|-sideend|p2: galarian dragapult|Stealth Rock|[from] move: Defog|[of] p2a: Corviknight
|move|p1a: Slowbro|Future Sight|p2a: Corviknight
|-start|p1a: Slowbro|move: Future Sight
|
|-damage|p1a: Slowbro|66/100 tox|[from] psn
|upkeep
|turn|64
|
|t:|1635908738
|move|p2a: Corviknight|Roost|p2a: Corviknight
|-heal|p2a: Corviknight|100/100
|-singleturn|p2a: Corviknight|move: Roost
|move|p1a: Slowbro|Scald|p2a: Corviknight
|-damage|p2a: Corviknight|75/100
|
|-damage|p1a: Slowbro|54/100 tox|[from] psn
|upkeep
|turn|65
|
|t:|1635908741
|move|p2a: Corviknight|Body Press|p1a: Slowbro
|-resisted|p1a: Slowbro
|-damage|p1a: Slowbro|27/100 tox
|move|p1a: Slowbro|Slack Off|p1a: Slowbro
|-heal|p1a: Slowbro|77/100 tox
|
|-end|p2a: Corviknight|move: Future Sight
|-resisted|p2a: Corviknight
|-damage|p2a: Corviknight|56/100
|-damage|p1a: Slowbro|59/100 tox|[from] psn
|upkeep
|turn|66
|
|t:|1635908744
|move|p2a: Corviknight|Roost|p2a: Corviknight
|-heal|p2a: Corviknight|100/100
|-singleturn|p2a: Corviknight|move: Roost
|move|p1a: Slowbro|Teleport|p1a: Slowbro
|
|t:|1635908746
|switch|p1a: Corviknight|Corviknight, F|100/100|[from]move: Teleport
|-ability|p1a: Corviknight|Pressure
|
|upkeep
|turn|67
|
|t:|1635908747
|switch|p1a: Slowbro|Slowbro, M|92/100 tox
|move|p2a: Corviknight|Body Press|p1a: Slowbro
|-resisted|p1a: Slowbro
|-damage|p1a: Slowbro|64/100 tox
|
|-damage|p1a: Slowbro|58/100 tox|[from] psn
|upkeep
|turn|68
|
|t:|1635908749
|move|p2a: Corviknight|Body Press|p1a: Slowbro
|-resisted|p1a: Slowbro
|-damage|p1a: Slowbro|28/100 tox
|move|p1a: Slowbro|Scald|p2a: Corviknight
|-damage|p2a: Corviknight|76/100
|
|-damage|p1a: Slowbro|15/100 tox|[from] psn
|upkeep
|turn|69
|
|t:|1635908753
|switch|p1a: Corviknight|Corviknight, F|100/100
|-ability|p1a: Corviknight|Pressure
|move|p2a: Corviknight|Body Press|p1a: Corviknight
|-damage|p1a: Corviknight|12/100
|
|-heal|p1a: Corviknight|18/100|[from] item: Leftovers
|upkeep
|turn|70
|-message|EZ$Sniper forfeited.
|
|win|galarian dragapult
|raw|EZ$Sniper's rating: 1629 &rarr; <strong>1612</strong><br />(-17 for losing)
|raw|galarian dragapult's rating: 1678 &rarr; <strong>1695</strong><br />(+17 for winning)
|l|☆EZ$Sniper
|l|☆galarian dragapult
|l| AwadJJ
