|raw|<div class="broadcast-blue"><strong>This battle is required to be public due to a player having a name starting with 'lt91bb'.</div>
|j|☆LT91BB xray
|j|☆Elite4Donovan
|t:|1658928144
|gametype|singles
|player|p1|LT91BB xray|#npl2022ballermannbierbaren|1755
|player|p2|Elite4Donovan|lucas|1751
|teamsize|p1|6
|teamsize|p2|6
|gen|8
|tier|[Gen 8] OU
|rated|
|rule|Sleep Clause Mod: Limit one foe put to sleep
|rule|Species Clause: Limit one of each Pokémon
|rule|OHKO Clause: OHKO moves are banned
|rule|Evasion Moves Clause: Evasion moves are banned
|rule|Endless Battle Clause: Forcing endless battles is banned
|rule|HP Percentage Mod: HP is shown in percentages
|rule|Dynamax Clause: You cannot dynamax
|clearpoke
|poke|p1|Rillaboom, F|
|poke|p1|Tornadus-Therian, M|
|poke|p1|Blaziken, M|
|poke|p1|Melmetal|
|poke|p1|Garchomp, M|
|poke|p1|Slowbro, M|
|poke|p2|Charizard, M|
|poke|p2|Seismitoad, M|
|poke|p2|Aegislash, F|
|poke|p2|Haxorus, M|
|poke|p2|Rillaboom, M|
|poke|p2|Dragapult, F|
|teampreview
|inactive|Battle timer is ON: inactive players will automatically lose when time's up. (requested by LT91BB xray)
|
|t:|1658928165
|start
|switch|p1a: Tornadus|Tornadus-Therian, M|100/100
|switch|p2a: Dragapult|Dragapult, F|100/100
|turn|1
|
|t:|1658928170
|move|p2a: Dragapult|U-turn|p1a: Tornadus
|-resisted|p1a: Tornadus
|-damage|p1a: Tornadus|92/100
|j| vkhss
|
|t:|1658928172
|switch|p2a: Seismitoad|Seismitoad, M|100/100|[from]move: U-turn
|move|p1a: Tornadus|Knock Off|p2a: Seismitoad
|-damage|p2a: Seismitoad|86/100
|-enditem|p2a: Seismitoad|Leftovers|[from] move: Knock Off|[of] p1a: Tornadus
|
|upkeep
|turn|2
|
|t:|1658928177
|move|p1a: Tornadus|U-turn|p2a: Seismitoad
|-damage|p2a: Seismitoad|76/100
|
|t:|1658928180
|switch|p1a: Garchomp|Garchomp, M|100/100|[from]move: U-turn
|move|p2a: Seismitoad|Toxic|p1a: Garchomp
|-status|p1a: Garchomp|tox
|
|-damage|p1a: Garchomp|94/100 tox|[from] psn
|upkeep
|turn|3
|j| LT91BB Paz
|j| CAPS OLT ENJOYER
|
|t:|1658928184
|move|p1a: Garchomp|Toxic|p2a: Seismitoad
|-status|p2a: Seismitoad|tox
|move|p2a: Seismitoad|Stealth Rock|p1a: Garchomp
|-sidestart|p1: LT91BB xray|move: Stealth Rock
|
|-heal|p1a: Garchomp|100/100 tox|[from] item: Leftovers
|-damage|p1a: Garchomp|88/100 tox|[from] psn
|-damage|p2a: Seismitoad|70/100 tox|[from] psn
|upkeep
|turn|4
|j| LT91BB Jase Duken
|j| Welli0u
|j| SABELLA
|j| arbok13
|j| crosschampion
|j| Pragorius
|j| Suishom4ru
|
|t:|1658928197
|switch|p2a: Rillaboom|Rillaboom, M|100/100
|-fieldstart|move: Grassy Terrain|[from] ability: Grassy Surge|[of] p2a: Rillaboom
|move|p1a: Garchomp|Stealth Rock|p2a: Rillaboom
|-sidestart|p2: Elite4Donovan|move: Stealth Rock
|
|-heal|p1a: Garchomp|94/100 tox|[from] Grassy Terrain
|-heal|p1a: Garchomp|100/100 tox|[from] item: Leftovers
|-damage|p1a: Garchomp|82/100 tox|[from] psn
|upkeep
|turn|5
|j| Separation
|j| mars and back
|
|t:|1658928205
|switch|p1a: Tornadus|Tornadus-Therian, M|100/100
|switch|p2a: Aegislash|Aegislash, F|100/100
|-damage|p2a: Aegislash|94/100|[from] Stealth Rock
|
|-heal|p2a: Aegislash|100/100|[from] Grassy Terrain
|upkeep
|turn|6
|j| Fantos13
|j| LT91BB Oschi
|j| LT91BB Sensory
|c| SABELLA|dope team and avatar jonas
|c|☆LT91BB xray|ty
|j| 7aminTenerife
|j| Aurella
|j| LT91BB Tace
|c| CAPS OLT ENJOYER|dope team and avatar Elite4Donovan
|c|☆Elite4Donovan|thanks m8
|inactive|Elite4Donovan has 120 seconds left.
|j| LT91BB Raizen
|
|t:|1658928236
|move|p2a: Aegislash|King's Shield|p2a: Aegislash
|-singleturn|p2a: Aegislash|Protect
|move|p1a: Tornadus|Knock Off|p2a: Aegislash
|-activate|p2a: Aegislash|move: Protect
|-unboost|p1a: Tornadus|atk|1
|
|upkeep
|turn|7
|j| reje
|
|t:|1658928239
|move|p1a: Tornadus|Knock Off|p2a: Aegislash
|-supereffective|p2a: Aegislash
|-damage|p2a: Aegislash|78/100
|-enditem|p2a: Aegislash|Leftovers|[from] move: Knock Off|[of] p1a: Tornadus
|-formechange|p2a: Aegislash|Aegislash-Blade||[from] ability: Stance Change
|move|p2a: Aegislash|Shadow Ball|p1a: Tornadus
|-damage|p1a: Tornadus|67/100
|
|-heal|p2a: Aegislash|84/100|[from] Grassy Terrain
|upkeep
|turn|8
|l| mars and back
|j| Buraq
|c| Suishom4ru|dope team and avatar Elite4Donovan
|c| CAPS OLT ENJOYER|but thats the champs team right
|c|☆Elite4Donovan|yea
|l| LT91BB Paz
|
|t:|1658928252
|-formechange|p2a: Aegislash|Aegislash||[from] ability: Stance Change
|move|p2a: Aegislash|King's Shield|p2a: Aegislash
|-singleturn|p2a: Aegislash|Protect
|move|p1a: Tornadus|Heat Wave|p2a: Aegislash
|-activate|p2a: Aegislash|move: Protect
|
|-heal|p2a: Aegislash|90/100|[from] Grassy Terrain
|-fieldend|move: Grassy Terrain
|upkeep
|turn|9
|c| CAPS OLT ENJOYER|not elite 4
|j| Musashi 109
|
|t:|1658928256
|move|p1a: Tornadus|Heat Wave|p2a: Aegislash
|-supereffective|p2a: Aegislash
|-damage|p2a: Aegislash|50/100
|-formechange|p2a: Aegislash|Aegislash-Blade||[from] ability: Stance Change
|move|p2a: Aegislash|Shadow Ball|p1a: Tornadus
|-damage|p1a: Tornadus|32/100
|
|upkeep
|turn|10
|l| Musashi 109
|
|t:|1658928267
|switch|p1a: Melmetal|Melmetal|100/100
|-damage|p1a: Melmetal|94/100|[from] Stealth Rock
|-formechange|p2a: Aegislash|Aegislash||[from] ability: Stance Change
|move|p2a: Aegislash|King's Shield||[still]
|-fail|p2a: Aegislash
|
|-heal|p1a: Melmetal|100/100|[from] item: Leftovers
|upkeep
|turn|11
|j| mars and back
|
|t:|1658928274
|switch|p2a: Charizard|Charizard, M|100/100
|move|p1a: Melmetal|Protect||[still]
|-fail|p1a: Melmetal
|
|upkeep
|turn|12
|
|t:|1658928279
|switch|p1a: Slowbro|Slowbro, M|100/100
|-damage|p1a: Slowbro|88/100|[from] Stealth Rock
|move|p2a: Charizard|Flamethrower|p1a: Slowbro
|-resisted|p1a: Slowbro
|-damage|p1a: Slowbro|67/100
|-status|p1a: Slowbro|brn
|
|-damage|p1a: Slowbro|61/100 brn|[from] brn
|upkeep
|turn|13
|j| Lost123456789
|l| vkhss
|
|t:|1658928286
|move|p2a: Charizard|Hurricane|p1a: Slowbro
|-damage|p1a: Slowbro|7/100 brn
|-start|p1a: Slowbro|confusion
|-activate|p1a: Slowbro|confusion
|-damage|p1a: Slowbro|3/100 brn|[from] confusion
|
|-damage|p1a: Slowbro|0 fnt|[from] brn
|faint|p1a: Slowbro
|upkeep
|c| Fantos13|dope team suishom4ru, nächste gpl season dabei
|c|☆LT91BB xray|nooo
|
|t:|1658928293
|switch|p1a: Tornadus|Tornadus-Therian, M|65/100
|turn|14
|
|t:|1658928299
|move|p1a: Tornadus|Knock Off|p2a: Charizard
|-damage|p2a: Charizard|70/100
|-enditem|p2a: Charizard|Heavy-Duty Boots|[from] move: Knock Off|[of] p1a: Tornadus
|move|p2a: Charizard|Flamethrower|p1a: Tornadus
|-crit|p1a: Tornadus
|-damage|p1a: Tornadus|6/100
|
|upkeep
|turn|15
|
|t:|1658928305
|move|p1a: Tornadus|U-turn|p2a: Charizard
|-resisted|p2a: Charizard
|-damage|p2a: Charizard|65/100
|
|t:|1658928307
|switch|p1a: Garchomp|Garchomp, M|82/100 tox|[from]move: U-turn
|-damage|p1a: Garchomp|76/100 tox|[from] Stealth Rock
|move|p2a: Charizard|Hurricane|p1a: Garchomp
|-damage|p1a: Garchomp|41/100 tox
|
|-heal|p1a: Garchomp|47/100 tox|[from] item: Leftovers
|-damage|p1a: Garchomp|41/100 tox|[from] psn
|upkeep
|turn|16
|
|t:|1658928313
|move|p2a: Charizard|Roost|p2a: Charizard
|-heal|p2a: Charizard|100/100
|-singleturn|p2a: Charizard|move: Roost
|move|p1a: Garchomp|Toxic|p2a: Charizard
|-status|p2a: Charizard|tox
|
|-heal|p1a: Garchomp|47/100 tox|[from] item: Leftovers
|-damage|p2a: Charizard|94/100 tox|[from] psn
|-damage|p1a: Garchomp|35/100 tox|[from] psn
|upkeep
|turn|17
|c| Suishom4ru|nein aber ne neue Arenaleiterburg
|
|t:|1658928319
|move|p2a: Charizard|Hurricane|p1a: Garchomp
|-damage|p1a: Garchomp|0 fnt
|faint|p1a: Garchomp
|
|-damage|p2a: Charizard|82/100 tox|[from] psn
|upkeep
|j| Curryisnotgood
|c| LT91BB Jase Duken|Char is a threat
|
|t:|1658928327
|switch|p1a: Melmetal|Melmetal|100/100
|-damage|p1a: Melmetal|94/100|[from] Stealth Rock
|turn|18
|j| babyprimarina
|
|t:|1658928332
|move|p1a: Melmetal|Protect|p1a: Melmetal
|-singleturn|p1a: Melmetal|Protect
|move|p2a: Charizard|Flamethrower|p1a: Melmetal
|-activate|p1a: Melmetal|move: Protect
|
|-heal|p1a: Melmetal|100/100|[from] item: Leftovers
|-damage|p2a: Charizard|64/100 tox|[from] psn
|upkeep
|turn|19
|c|☆LT91BB xray|it is if it lands every hurri and crits/confuses you
|j| revesfdv
|c|☆LT91BB xray|:(
|inactive|LT91BB xray has 120 seconds left.
|
|t:|1658928363
|switch|p1a: Blaziken|Blaziken, M|100/100
|-damage|p1a: Blaziken|88/100|[from] Stealth Rock
|move|p2a: Charizard|Flamethrower|p1a: Blaziken
|-resisted|p1a: Blaziken
|-damage|p1a: Blaziken|61/100
|
|-heal|p1a: Blaziken|67/100|[from] item: Leftovers
|-damage|p2a: Charizard|40/100 tox|[from] psn
|upkeep
|turn|20
|
|t:|1658928367
|move|p1a: Blaziken|Protect|p1a: Blaziken
|-singleturn|p1a: Blaziken|Protect
|move|p2a: Charizard|Hurricane|p1a: Blaziken
|-activate|p1a: Blaziken|move: Protect
|
|-heal|p1a: Blaziken|73/100|[from] item: Leftovers
|-damage|p2a: Charizard|10/100 tox|[from] psn
|-ability|p1a: Blaziken|Speed Boost|boost
|-boost|p1a: Blaziken|spe|1
|upkeep
|turn|21
|c| LT91BB Jase Duken|Ong
|c| LT91BB Oschi|nah bro this chari also have dp
|
|t:|1658928372
|move|p1a: Blaziken|Flare Blitz|p2a: Charizard
|-resisted|p2a: Charizard
|-damage|p2a: Charizard|0 fnt
|faint|p2a: Charizard
|-damage|p1a: Blaziken|71/100|[from] Recoil
|
|-heal|p1a: Blaziken|77/100|[from] item: Leftovers
|-ability|p1a: Blaziken|Speed Boost|boost
|-boost|p1a: Blaziken|spe|1
|upkeep
|
|t:|1658928379
|switch|p2a: Dragapult|Dragapult, F|100/100
|-damage|p2a: Dragapult|88/100|[from] Stealth Rock
|turn|22
|
|t:|1658928382
|move|p1a: Blaziken|Protect|p1a: Blaziken
|-singleturn|p1a: Blaziken|Protect
|move|p2a: Dragapult|Shadow Ball|p1a: Blaziken
|-activate|p1a: Blaziken|move: Protect
|
|-heal|p1a: Blaziken|83/100|[from] item: Leftovers
|-ability|p1a: Blaziken|Speed Boost|boost
|-boost|p1a: Blaziken|spe|1
|upkeep
|turn|23
|j| LT91BB AlI
|j| Bad Luck Inbound
|j| Bug-T
|
|t:|1658928408
|switch|p1a: Tornadus|Tornadus-Therian, M|39/100
|move|p2a: Dragapult|Shadow Ball|p1a: Tornadus
|-damage|p1a: Tornadus|0 fnt
|faint|p1a: Tornadus
|
|upkeep
|j|+Raiza
|j| Ernstbusch
|inactive|LT91BB xray has 120 seconds left.
|j| LT91BB Poeh
|j| DrasticLightning
|
|t:|1658928439
|switch|p1a: Rillaboom|Rillaboom, F|100/100
|-damage|p1a: Rillaboom|88/100|[from] Stealth Rock
|-fieldstart|move: Grassy Terrain|[from] ability: Grassy Surge|[of] p1a: Rillaboom
|turn|24
|
|t:|1658928446
|switch|p2a: Rillaboom|Rillaboom, M|100/100
|-damage|p2a: Rillaboom|88/100|[from] Stealth Rock
|move|p1a: Rillaboom|Knock Off|p2a: Rillaboom
|-damage|p2a: Rillaboom|55/100
|-enditem|p2a: Rillaboom|Leftovers|[from] move: Knock Off|[of] p1a: Rillaboom
|
|-heal|p2a: Rillaboom|62/100|[from] Grassy Terrain
|-heal|p1a: Rillaboom|94/100|[from] Grassy Terrain
|-heal|p1a: Rillaboom|100/100|[from] item: Leftovers
|upkeep
|turn|25
|l| Bug-T
|
|t:|1658928451
|move|p1a: Rillaboom|Swords Dance|p1a: Rillaboom
|-boost|p1a: Rillaboom|atk|2
|move|p2a: Rillaboom|Swords Dance|p2a: Rillaboom
|-boost|p2a: Rillaboom|atk|2
|
|-heal|p2a: Rillaboom|68/100|[from] Grassy Terrain
|upkeep
|turn|26
|j| Kaikai Kitan
|j| saki X toki
|j| LT91BB Int
|inactive|LT91BB xray has 120 seconds left.
|j| MPEKAS
|j| Riquelme✧14
|j| amimec
|inactive|LT91BB xray has 90 seconds left.
|
|t:|1658928495
|move|p2a: Rillaboom|Knock Off|p1a: Rillaboom
|-damage|p1a: Rillaboom|36/100
|-enditem|p1a: Rillaboom|Leftovers|[from] move: Knock Off|[of] p2a: Rillaboom
|move|p1a: Rillaboom|Drain Punch|p2a: Rillaboom
|-damage|p2a: Rillaboom|13/100
|-heal|p1a: Rillaboom|63/100|[from] drain|[of] p2a: Rillaboom
|
|-heal|p1a: Rillaboom|69/100|[from] Grassy Terrain
|-heal|p2a: Rillaboom|20/100|[from] Grassy Terrain
|upkeep
|turn|27
|j| vkhss
|
|t:|1658928502
|move|p1a: Rillaboom|Grassy Glide|p2a: Rillaboom
|-resisted|p2a: Rillaboom
|-damage|p2a: Rillaboom|0 fnt
|faint|p2a: Rillaboom
|
|-heal|p1a: Rillaboom|76/100|[from] Grassy Terrain
|upkeep
|l| vkhss
|j| LT91BB Dasher
|j| pokemonmastersergi
|
|t:|1658928522
|switch|p2a: Haxorus|Haxorus, M|100/100
|-damage|p2a: Haxorus|88/100|[from] Stealth Rock
|-ability|p2a: Haxorus|Mold Breaker
|turn|28
|
|t:|1658928534
|move|p2a: Haxorus|Close Combat|p1a: Rillaboom
|-damage|p1a: Rillaboom|8/100
|-unboost|p2a: Haxorus|def|1
|-unboost|p2a: Haxorus|spd|1
|move|p1a: Rillaboom|Knock Off|p2a: Haxorus
|-damage|p2a: Haxorus|0 fnt
|-enditem|p2a: Haxorus|Choice Band|[from] move: Knock Off|[of] p1a: Rillaboom
|faint|p2a: Haxorus
|
|-heal|p1a: Rillaboom|14/100|[from] Grassy Terrain
|-fieldend|move: Grassy Terrain
|upkeep
|
|t:|1658928543
|switch|p2a: Dragapult|Dragapult, F|88/100
|-damage|p2a: Dragapult|76/100|[from] Stealth Rock
|turn|29
|c| pokemonmastersergi|the LT91BB code what is it ?
|
|t:|1658928556
|switch|p1a: Melmetal|Melmetal|100/100
|-damage|p1a: Melmetal|94/100|[from] Stealth Rock
|move|p2a: Dragapult|Shadow Ball|p1a: Melmetal
|-damage|p1a: Melmetal|49/100
|
|-heal|p1a: Melmetal|55/100|[from] item: Leftovers
|upkeep
|turn|30
|
|t:|1658928560
|switch|p2a: Aegislash|Aegislash, F|50/100
|-damage|p2a: Aegislash|44/100|[from] Stealth Rock
|move|p1a: Melmetal|Double Iron Bash|p2a: Aegislash
|-resisted|p2a: Aegislash
|-damage|p2a: Aegislash|27/100
|-resisted|p2a: Aegislash
|-damage|p2a: Aegislash|8/100
|-hitcount|p2a: Aegislash|2
|
|-heal|p1a: Melmetal|61/100|[from] item: Leftovers
|upkeep
|turn|31
|inactive|LT91BB xray has 120 seconds left.
|
|t:|1658928566
|move|p1a: Melmetal|Protect|p1a: Melmetal
|-singleturn|p1a: Melmetal|Protect
|-formechange|p2a: Aegislash|Aegislash-Blade||[from] ability: Stance Change
|move|p2a: Aegislash|Shadow Ball|p1a: Melmetal
|-activate|p1a: Melmetal|move: Protect
|
|-heal|p1a: Melmetal|67/100|[from] item: Leftovers
|upkeep
|turn|32
|
|t:|1658928571
|move|p2a: Aegislash|Close Combat|p1a: Melmetal
|-supereffective|p1a: Melmetal
|-damage|p1a: Melmetal|11/100
|-unboost|p2a: Aegislash|def|1
|-unboost|p2a: Aegislash|spd|1
|move|p1a: Melmetal|Double Iron Bash|p2a: Aegislash
|-resisted|p2a: Aegislash
|-damage|p2a: Aegislash|0 fnt
|faint|p2a: Aegislash
|-hitcount|p2: Aegislash|1
|
|-heal|p1a: Melmetal|17/100|[from] item: Leftovers
|upkeep
|
|t:|1658928576
|switch|p2a: Dragapult|Dragapult, F|76/100
|-damage|p2a: Dragapult|64/100|[from] Stealth Rock
|turn|33
|
|t:|1658928581
|move|p1a: Melmetal|Protect|p1a: Melmetal
|-singleturn|p1a: Melmetal|Protect
|move|p2a: Dragapult|Shadow Ball|p1a: Melmetal
|-activate|p1a: Melmetal|move: Protect
|
|-heal|p1a: Melmetal|24/100|[from] item: Leftovers
|upkeep
|turn|34
|j| ownerfloor
|l| ownerfloor
|c| Aurella|https://www.smogon.com/forums/forums/official-ladder-tournament.465/ pokemonmastersergi
|inactive|LT91BB xray has 120 seconds left.
|l| Riquelme✧14
|
|t:|1658928632
|switch|p1a: Rillaboom|Rillaboom, F|14/100
|-damage|p1a: Rillaboom|1/100|[from] Stealth Rock
|-fieldstart|move: Grassy Terrain|[from] ability: Grassy Surge|[of] p1a: Rillaboom
|move|p2a: Dragapult|Shadow Ball|p1a: Rillaboom
|-damage|p1a: Rillaboom|0 fnt
|faint|p1a: Rillaboom
|
|-heal|p2a: Dragapult|70/100|[from] Grassy Terrain
|upkeep
|
|t:|1658928633
|switch|p1a: Blaziken|Blaziken, M|83/100
|-damage|p1a: Blaziken|71/100|[from] Stealth Rock
|turn|35
|
|t:|1658928642
|move|p1a: Blaziken|Protect|p1a: Blaziken
|-singleturn|p1a: Blaziken|Protect
|move|p2a: Dragapult|Shadow Ball|p1a: Blaziken
|-activate|p1a: Blaziken|move: Protect
|
|-heal|p2a: Dragapult|76/100|[from] Grassy Terrain
|-heal|p1a: Blaziken|77/100|[from] Grassy Terrain
|-heal|p1a: Blaziken|83/100|[from] item: Leftovers
|-ability|p1a: Blaziken|Speed Boost|boost
|-boost|p1a: Blaziken|spe|1
|upkeep
|turn|36
|
|t:|1658928646
|move|p2a: Dragapult|Shadow Ball|p1a: Blaziken
|-damage|p1a: Blaziken|11/100
|move|p1a: Blaziken|Swords Dance|p1a: Blaziken
|-boost|p1a: Blaziken|atk|2
|
|-heal|p2a: Dragapult|82/100|[from] Grassy Terrain
|-heal|p1a: Blaziken|17/100|[from] Grassy Terrain
|-heal|p1a: Blaziken|24/100|[from] item: Leftovers
|-ability|p1a: Blaziken|Speed Boost|boost
|-boost|p1a: Blaziken|spe|1
|upkeep
|turn|37
|c| CAPS OLT ENJOYER|this is so intense, im shaking
|inactive|LT91BB xray has 120 seconds left.
|j| Hsjakjshejakakkaiw
|l| Lost123456789
|j| Too Cald
|j| TooBadImBad
|
|t:|1658928691
|move|p1a: Blaziken|Protect|p1a: Blaziken
|-singleturn|p1a: Blaziken|Protect
|move|p2a: Dragapult|Shadow Ball|p1a: Blaziken
|-activate|p1a: Blaziken|move: Protect
|
|-heal|p1a: Blaziken|30/100|[from] Grassy Terrain
|-heal|p1a: Blaziken|36/100|[from] item: Leftovers
|-heal|p2a: Dragapult|88/100|[from] Grassy Terrain
|-ability|p1a: Blaziken|Speed Boost|boost
|-boost|p1a: Blaziken|spe|1
|upkeep
|turn|38
|j| LT91BB yama
|j| Venositile
|c|☆LT91BB xray|+2 252+ Atk Blaziken Flare Blitz vs. 0 HP / 0 Def Dragapult: 258-303 (81.3 - 95.5%) -- guaranteed 2HKO
|inactive|LT91BB xray has 90 seconds left.
|c|☆LT91BB xray|:v
|
|t:|1658928708
|move|p1a: Blaziken|Flare Blitz|p2a: Dragapult
|-resisted|p2a: Dragapult
|-damage|p2a: Dragapult|6/100
|-damage|p1a: Blaziken|11/100|[from] Recoil
|move|p2a: Dragapult|Shadow Ball|p1a: Blaziken
|-damage|p1a: Blaziken|0 fnt
|faint|p1a: Blaziken
|
|-heal|p2a: Dragapult|12/100|[from] Grassy Terrain
|-fieldend|move: Grassy Terrain
|upkeep
|j| Nmnert
|c| MPEKAS|protect lost u the game
|inactive|LT91BB xray has 90 seconds left.
|c|☆LT91BB xray|no
|c|☆LT91BB xray|I die to recoil otherwise
|l|+Raiza
|
|t:|1658928735
|switch|p1a: Melmetal|Melmetal|24/100
|-damage|p1a: Melmetal|17/100|[from] Stealth Rock
|turn|39
|
|t:|1658928737
|move|p1a: Melmetal|Protect|p1a: Melmetal
|-singleturn|p1a: Melmetal|Protect
|move|p2a: Dragapult|Shadow Ball|p1a: Melmetal
|-activate|p1a: Melmetal|move: Protect
|
|-heal|p1a: Melmetal|24/100|[from] item: Leftovers
|upkeep
|turn|40
|c|☆LT91BB xray|gg
|
|t:|1658928744
|move|p1a: Melmetal|Protect||[still]
|-fail|p1a: Melmetal
|move|p2a: Dragapult|Shadow Ball|p1a: Melmetal
|-damage|p1a: Melmetal|0 fnt
|faint|p1a: Melmetal
|
|win|Elite4Donovan
|raw|LT91BB xray's rating: 1755 &rarr; <strong>1735</strong><br />(-20 for losing)
|raw|Elite4Donovan's rating: 1751 &rarr; <strong>1771</strong><br />(+20 for winning)
|c|☆Elite4Donovan|gg
|j| LT91BB Eule
|l|☆LT91BB xray
|c| Suishom4ru|the champ title remains
|l| Fantos13
|l| LT91BB Tace
|l| CAPS OLT ENJOYER
|l| Venositile
|l| Bad Luck Inbound
|l| LT91BB Eule
|l| DrasticLightning
|l| Too Cald
|l| crosschampion
|l| Hsjakjshejakakkaiw
|l| LT91BB Jase Duken
|j| ownerfloor
|l| Pragorius
|c|☆Elite4Donovan|Leon has a really strong team he's just in a game that gives you a billion options
|l| LT91BB AlI
|c|☆Elite4Donovan|so he doesn't feel as strong as other champs
|j| Hsjakjshejakakkaiw
|l| Hsjakjshejakakkaiw
|l| arbok13
||Ladder isn't responding, score probably updated but might not have (Request timeout).
|l| ownerfloor
|l| LT91BB Sensory
|l| Ernstbusch
|l| Suishom4ru
|l| reje
|j| ownerfloor
|l| ownerfloor
|l| 7aminTenerife
|l| LT91BB Int
|l| TooBadImBad
