|j|‽HQSTest
|j|☆Zd'XC
|t:|1648935837
|gametype|singles
|player|p1|HQSTest|cynthia|1306
|player|p2|Zd'XC|101|1300
|teamsize|p1|6
|teamsize|p2|6
|gen|8
|tier|[Gen 8] OU
|rated|
|rule|Sleep Clause Mod: Limit one foe put to sleep
|rule|Species Clause: Limit one of each Pokémon
|rule|OHKO Clause: OHKO moves are banned
|rule|Evasion Moves Clause: Evasion moves are banned
|rule|Endless Battle Clause: Forcing endless battles is banned
|rule|HP Percentage Mod: HP is shown in percentages
|rule|Dynamax Clause: You cannot dynamax
|clearpoke
|poke|p1|Omastar, M|
|poke|p1|Kartana|
|poke|p1|Landorus-Therian, M|
|poke|p1|Moltres-Galar|
|poke|p1|Ninetales-Alola, M|
|poke|p1|Dragapult, M|
|poke|p2|Kartana|
|poke|p2|Magnezone|
|poke|p2|Landorus-Therian, M|
|poke|p2|Tapu Lele|
|poke|p2|Tapu Fini|
|poke|p2|Dragonite, M|
|teampreview
|inactive|Battle timer is ON: inactive players will automatically lose when time's up. (requested by Zd'XC)
|
|t:|1648935858
|start
|switch|p1a: Landorus|Landorus-Therian, M|100/100
|switch|p2a: Raven|Tapu Lele, shiny|100/100
|-fieldstart|move: Psychic Terrain|[from] ability: Psychic Surge|[of] p2a: Raven
|-ability|p1a: Landorus|Intimidate|boost
|-unboost|p2a: Raven|atk|1
|turn|1
|
|t:|1648935876
|switch|p2a: Enten|Landorus-Therian, M, shiny|100/100
|-ability|p2a: Enten|Intimidate|boost
|-unboost|p1a: Landorus|atk|1
|move|p1a: Landorus|U-turn|p2a: Enten
|-resisted|p2a: Enten
|-damage|p2a: Enten|91/100
|
|t:|1648935880
|switch|p1a: Ninetales|Ninetales-Alola, M|100/100|[from]move: U-turn
|-weather|Hail|[from] ability: Snow Warning|[of] p1a: Ninetales
|
|-weather|Hail|[upkeep]
|-damage|p2a: Enten|85/100|[from] Hail
|-heal|p2a: Enten|91/100|[from] item: Leftovers
|upkeep
|turn|2
|
|t:|1648935904
|switch|p2a: Raven|Tapu Lele, shiny|100/100
|move|p1a: Ninetales|Aurora Veil|p1a: Ninetales
|-sidestart|p1: HQSTest|move: Aurora Veil
|
|-weather|Hail|[upkeep]
|-damage|p2a: Raven|94/100|[from] Hail
|upkeep
|turn|3
|
|t:|1648935911
|move|p1a: Ninetales|Freeze-Dry|p2a: Raven
|-damage|p2a: Raven|71/100
|move|p2a: Raven|Psyshock|p1a: Ninetales
|-damage|p1a: Ninetales|47/100
|
|-weather|Hail|[upkeep]
|-damage|p2a: Raven|65/100|[from] Hail
|upkeep
|turn|4
|inactive|HQSTest has 120 seconds left.
|
|t:|1648935954
|switch|p1a: Landorus|Landorus-Therian, M|100/100
|-ability|p1a: Landorus|Intimidate|boost
|-unboost|p2a: Raven|atk|1
|move|p2a: Raven|Psyshock|p1a: Landorus
|-damage|p1a: Landorus|52/100
|
|-weather|Hail|[upkeep]
|-damage|p2a: Raven|59/100|[from] Hail
|-damage|p1a: Landorus|46/100|[from] Hail
|upkeep
|turn|5
|
|t:|1648935959
|switch|p1a: Moltres|Moltres-Galar|100/100
|move|p2a: Raven|Psyshock|p1a: Moltres
|-immune|p1a: Moltres
|
|-weather|none
|-fieldend|move: Psychic Terrain
|upkeep
|turn|6
|
|t:|1648935973
|switch|p2a: Dark Calamity|Tapu Fini, shiny|100/100
|-fieldstart|move: Misty Terrain|[from] ability: Misty Surge|[of] p2a: Dark Calamity
|move|p1a: Moltres|Nasty Plot|p1a: Moltres
|-boost|p1a: Moltres|spa|2
|
|upkeep
|turn|7
|
|t:|1648935986
|move|p2a: Dark Calamity|Moonblast|p1a: Moltres
|-supereffective|p1a: Moltres
|-damage|p1a: Moltres|69/100
|-unboost|p1a: Moltres|spa|1
|move|p1a: Moltres|Hurricane|p2a: Dark Calamity
|-damage|p2a: Dark Calamity|24/100
|
|upkeep
|turn|8
|
|t:|1648936000
|move|p2a: Dark Calamity|Moonblast|p1a: Moltres
|-supereffective|p1a: Moltres
|-damage|p1a: Moltres|39/100
|-ability|p1a: Moltres|Berserk|boost
|-boost|p1a: Moltres|spa|1
|move|p1a: Moltres|Agility|p1a: Moltres
|-boost|p1a: Moltres|spe|2
|
|upkeep
|turn|9
|
|t:|1648936023
|move|p1a: Moltres|Fiery Wrath|p2a: Dark Calamity
|-resisted|p2a: Dark Calamity
|-damage|p2a: Dark Calamity|0 fnt
|faint|p2a: Dark Calamity
|
|-sideend|p1: HQSTest|move: Aurora Veil
|upkeep
|
|t:|1648936025
|switch|p2a: Leviathan|Dragonite, M, shiny|100/100
|turn|10
|
|t:|1648936031
|move|p1a: Moltres|Fiery Wrath|p2a: Leviathan
|-damage|p2a: Leviathan|58/100
|move|p2a: Leviathan|Dual Wingbeat|p1a: Moltres|[miss]
|-miss|p2a: Leviathan|p1a: Moltres
|
|-fieldend|Misty Terrain
|upkeep
|turn|11
|
|t:|1648936037
|move|p1a: Moltres|Fiery Wrath|p2a: Leviathan
|-damage|p2a: Leviathan|0 fnt
|faint|p2a: Leviathan
|
|upkeep
|
|t:|1648936050
|switch|p2a: Grimlock|Magnezone, shiny|100/100
|turn|12
|
|t:|1648936053
|move|p1a: Moltres|Fiery Wrath|p2a: Grimlock
|-damage|p2a: Grimlock|1/100
|move|p2a: Grimlock|Discharge|p1a: Moltres
|-supereffective|p1a: Moltres
|-damage|p1a: Moltres|0 fnt
|faint|p1a: Moltres
|
|upkeep
|
|t:|1648936062
|switch|p1a: Ninetales|Ninetales-Alola, M|47/100
|-weather|Hail|[from] ability: Snow Warning|[of] p1a: Ninetales
|turn|13
|
|t:|1648936070
|move|p1a: Ninetales|Aurora Veil|p1a: Ninetales
|-sidestart|p1: HQSTest|move: Aurora Veil
|move|p2a: Grimlock|Discharge|p1a: Ninetales
|-damage|p1a: Ninetales|29/100
|
|-weather|Hail|[upkeep]
|-damage|p2a: Grimlock|0 fnt|[from] Hail
|faint|p2a: Grimlock
|upkeep
|
|t:|1648936076
|switch|p2a: Deathstroke|Kartana, shiny|100/100
|turn|14
|
|t:|1648936088
|switch|p1a: Landorus|Landorus-Therian, M|46/100
|-ability|p1a: Landorus|Intimidate|boost
|-unboost|p2a: Deathstroke|atk|1
|move|p2a: Deathstroke|Leaf Blade|p1a: Landorus
|-damage|p1a: Landorus|9/100
|
|-weather|Hail|[upkeep]
|-damage|p2a: Deathstroke|94/100|[from] Hail
|-damage|p1a: Landorus|3/100|[from] Hail
|upkeep
|turn|15
|
|t:|1648936091
|switch|p1a: Kartana|Kartana|100/100
|move|p2a: Deathstroke|Leaf Blade|p1a: Kartana
|-resisted|p1a: Kartana
|-damage|p1a: Kartana|94/100
|
|-weather|Hail|[upkeep]
|-damage|p1a: Kartana|87/100|[from] Hail
|-damage|p2a: Deathstroke|88/100|[from] Hail
|upkeep
|turn|16
|
|t:|1648936096
|switch|p2a: Enten|Landorus-Therian, M, shiny|91/100
|-ability|p2a: Enten|Intimidate|boost
|-unboost|p1a: Kartana|atk|1
|-enditem|p1a: Kartana|Adrenaline Orb
|-boost|p1a: Kartana|spe|1|[from] item: Adrenaline Orb
|move|p1a: Kartana|Swords Dance|p1a: Kartana
|-boost|p1a: Kartana|atk|2
|
|-weather|Hail|[upkeep]
|-damage|p1a: Kartana|81/100|[from] Hail
|-damage|p2a: Enten|85/100|[from] Hail
|-heal|p2a: Enten|91/100|[from] item: Leftovers
|upkeep
|turn|17
|
|t:|1648936113
|move|p1a: Kartana|Swords Dance|p1a: Kartana
|-boost|p1a: Kartana|atk|2
|move|p2a: Enten|Earthquake|p1a: Kartana
|-damage|p1a: Kartana|55/100
|
|-weather|none
|-heal|p2a: Enten|97/100|[from] item: Leftovers
|upkeep
|turn|18
|-message|Zd'XC forfeited.
|
|win|HQSTest
|raw|HQSTest's rating: 1306 &rarr; <strong>1326</strong><br />(+20 for winning)
|raw|Zd&apos;XC's rating: 1300 &rarr; <strong>1275</strong><br />(-25 for losing)
|l|☆Zd'XC
||Ladder isn't responding, score probably updated but might not have (Request timeout).
