|j|☆N30N3
|j|☆afakedugong
|player|p1|N30N3|266|1931
|player|p2|afakedugong|2|1835
|teamsize|p1|6
|teamsize|p2|6
|gametype|singles
|gen|8
|tier|[Gen 8] OU
|rated|
|clearpoke
|poke|p1|Mimikyu, M|
|poke|p1|Hippowdon, F|
|poke|p1|Excadrill, F|
|poke|p1|Tyranitar, F|
|poke|p1|Kyurem|
|poke|p1|Ferrothorn, M|
|poke|p2|Grimmsnarl, M|
|poke|p2|Mew|
|poke|p2|Kommo-o, M|
|poke|p2|Silvally-*|
|poke|p2|Incineroar, F|
|poke|p2|Keldeo-Resolute|
|rule|Sleep Clause Mod: Limit one foe put to sleep
|rule|Species Clause: Limit one of each Pokémon
|rule|OHKO Clause: OHKO moves are banned
|rule|Evasion Moves Clause: Evasion moves are banned
|rule|Endless Battle Clause: Forcing endless battles is banned
|rule|HP Percentage Mod: HP is shown in percentages
|rule|Dynamax Clause: You cannot dynamax
|teampreview
|inactive|Battle timer is ON: inactive players will automatically lose when time's up. (requested by afakedugong)
|inactive|N30N3 has 120 seconds left.
|
|start
|switch|p1a: Kyurem|Kyurem|100/100
|switch|p2a: Mew|Mew|100/100
|-ability|p1a: Kyurem|Pressure
|turn|1
|
|move|p2a: Mew|Stealth Rock|p1a: Kyurem
|-sidestart|p1: N30N3|move: Stealth Rock
|move|p1a: Kyurem|Draco Meteor|p2a: Mew
|-damage|p2a: Mew|7/100
|-unboost|p1a: Kyurem|spa|2
|-enditem|p2a: Mew|Red Card|[of] p1a: Kyurem
|drag|p1a: Mimikyu|Mimikyu, M|100/100
|-damage|p1a: Mimikyu|88/100|[from] Stealth Rock
|
|upkeep
|turn|2
|
|move|p1a: Mimikyu|Shadow Sneak|p2a: Mew
|-supereffective|p2a: Mew
|-damage|p2a: Mew|0 fnt
|-damage|p1a: Mimikyu|78/100|[from] item: Life Orb
|faint|p2a: Mew
|
|upkeep
|
|switch|p2a: Incineroar|Incineroar, F|100/100
|-ability|p2a: Incineroar|Intimidate|boost
|-unboost|p1a: Mimikyu|atk|1
|turn|3
|
|switch|p1a: Hippowdon|Hippowdon, F|100/100
|-damage|p1a: Hippowdon|94/100|[from] Stealth Rock
|-weather|Sandstorm|[from] ability: Sand Stream|[of] p1a: Hippowdon
|move|p2a: Incineroar|Flame Charge|p1a: Hippowdon
|-damage|p1a: Hippowdon|83/100
|-boost|p2a: Incineroar|spe|1
|
|-weather|Sandstorm|[upkeep]
|-damage|p2a: Incineroar|94/100|[from] Sandstorm
|upkeep
|turn|4
|
|switch|p2a: Keldeo|Keldeo-Resolute|100/100
|move|p1a: Hippowdon|Stealth Rock|p2a: Keldeo
|-sidestart|p2: afakedugong|move: Stealth Rock
|
|-weather|Sandstorm|[upkeep]
|-damage|p2a: Keldeo|94/100|[from] Sandstorm
|upkeep
|turn|5
|j| abz minn dan tbh
|
|switch|p1a: Ferrothorn|Ferrothorn, M|100/100
|-damage|p1a: Ferrothorn|94/100|[from] Stealth Rock
|move|p2a: Keldeo|Scald|p1a: Ferrothorn
|-resisted|p1a: Ferrothorn
|-damage|p1a: Ferrothorn|72/100
|-damage|p2a: Keldeo|84/100|[from] item: Life Orb
|
|-weather|Sandstorm|[upkeep]
|-damage|p2a: Keldeo|78/100|[from] Sandstorm
|-heal|p1a: Ferrothorn|79/100|[from] item: Leftovers
|upkeep
|turn|6
|
|switch|p2a: Grimmsnarl|Grimmsnarl, M|100/100
|-damage|p2a: Grimmsnarl|88/100|[from] Stealth Rock
|switch|p1a: Mimikyu|Mimikyu, M|78/100
|-damage|p1a: Mimikyu|66/100|[from] Stealth Rock
|
|-weather|Sandstorm|[upkeep]
|-damage|p1a: Mimikyu|60/100|[from] Sandstorm
|-damage|p2a: Grimmsnarl|82/100|[from] Sandstorm
|upkeep
|turn|7
|
|move|p2a: Grimmsnarl|Reflect|p2a: Grimmsnarl
|-sidestart|p2: afakedugong|Reflect
|move|p1a: Mimikyu|Swords Dance|p1a: Mimikyu
|-boost|p1a: Mimikyu|atk|2
|
|-weather|Sandstorm|[upkeep]
|-damage|p1a: Mimikyu|54/100|[from] Sandstorm
|-damage|p2a: Grimmsnarl|76/100|[from] Sandstorm
|upkeep
|turn|8
|
|move|p1a: Mimikyu|Play Rough|p2a: Grimmsnarl
|-supereffective|p2a: Grimmsnarl
|-damage|p2a: Grimmsnarl|0 fnt
|-damage|p1a: Mimikyu|44/100|[from] item: Life Orb
|faint|p2a: Grimmsnarl
|
|-weather|Sandstorm|[upkeep]
|-damage|p1a: Mimikyu|38/100|[from] Sandstorm
|upkeep
|j| tapu moxo
|
|switch|p2a: Incineroar|Incineroar, F|94/100
|-damage|p2a: Incineroar|70/100|[from] Stealth Rock
|-ability|p2a: Incineroar|Intimidate|boost
|-unboost|p1a: Mimikyu|atk|1
|turn|9
|
|move|p1a: Mimikyu|Drain Punch|p2a: Incineroar
|-supereffective|p2a: Incineroar
|-damage|p2a: Incineroar|35/100
|-heal|p1a: Mimikyu|65/100|[from] drain|[of] p2a: Incineroar
|-enditem|p2a: Incineroar|Weakness Policy
|-boost|p2a: Incineroar|atk|2|[from] item: Weakness Policy
|-boost|p2a: Incineroar|spa|2|[from] item: Weakness Policy
|-damage|p1a: Mimikyu|55/100|[from] item: Life Orb
|move|p2a: Incineroar|Flame Charge|p1a: Mimikyu
|-activate|p1a: Mimikyu|ability: Disguise
|-damage|p1a: Mimikyu|55/100
|-boost|p2a: Incineroar|spe|1
|detailschange|p1a: Mimikyu|Mimikyu-Busted, M
|-damage|p1a: Mimikyu|43/100|[from] pokemon: Mimikyu-Busted
|
|-weather|Sandstorm|[upkeep]
|-damage|p2a: Incineroar|29/100|[from] Sandstorm
|-damage|p1a: Mimikyu|37/100|[from] Sandstorm
|upkeep
|turn|10
|j| alegamer2004
|
|switch|p1a: Ferrothorn|Ferrothorn, M|79/100
|-damage|p1a: Ferrothorn|72/100|[from] Stealth Rock
|move|p2a: Incineroar|Flame Charge|p1a: Ferrothorn
|-supereffective|p1a: Ferrothorn
|-damage|p1a: Ferrothorn|0 fnt
|-boost|p2a: Incineroar|spe|1
|-damage|p2a: Incineroar|17/100|[from] ability: Iron Barbs|[of] p1a: Ferrothorn
|faint|p1a: Ferrothorn
|
|-weather|none
|upkeep
|
|switch|p1a: Hippowdon|Hippowdon, F|83/100
|-damage|p1a: Hippowdon|77/100|[from] Stealth Rock
|-weather|Sandstorm|[from] ability: Sand Stream|[of] p1a: Hippowdon
|turn|11
|
|move|p2a: Incineroar|Power Trip|p1a: Hippowdon
|-damage|p1a: Hippowdon|23/100
|move|p1a: Hippowdon|Earthquake|p2a: Incineroar
|-supereffective|p2a: Incineroar
|-damage|p2a: Incineroar|0 fnt
|faint|p2a: Incineroar
|
|-weather|Sandstorm|[upkeep]
|upkeep
|j| slobadd
|
|switch|p2a: Keldeo|Keldeo-Resolute|78/100
|-damage|p2a: Keldeo|72/100|[from] Stealth Rock
|turn|12
|
|switch|p1a: Kyurem|Kyurem|100/100
|-damage|p1a: Kyurem|76/100|[from] Stealth Rock
|-ability|p1a: Kyurem|Pressure
|move|p2a: Keldeo|Scald|p1a: Kyurem
|-resisted|p1a: Kyurem
|-damage|p1a: Kyurem|50/100
|-damage|p2a: Keldeo|62/100|[from] item: Life Orb
|
|-weather|Sandstorm|[upkeep]
|-damage|p2a: Keldeo|56/100|[from] Sandstorm
|-damage|p1a: Kyurem|44/100|[from] Sandstorm
|upkeep
|turn|13
|
|move|p2a: Keldeo|Secret Sword|p1a: Kyurem
|-supereffective|p1a: Kyurem
|-damage|p1a: Kyurem|0 fnt
|-damage|p2a: Keldeo|46/100|[from] item: Life Orb
|faint|p1a: Kyurem
|
|-weather|Sandstorm|[upkeep]
|-damage|p2a: Keldeo|40/100|[from] Sandstorm
|upkeep
|
|switch|p1a: Excadrill|Excadrill, F|100/100
|-damage|p1a: Excadrill|97/100|[from] Stealth Rock
|turn|14
|
|move|p1a: Excadrill|Earthquake|p2a: Keldeo
|-damage|p2a: Keldeo|0 fnt
|-damage|p1a: Excadrill|87/100|[from] item: Life Orb
|faint|p2a: Keldeo
|
|-weather|Sandstorm|[upkeep]
|-sideend|p2: afakedugong|Reflect
|upkeep
|inactive|afakedugong has 120 seconds left.
|
|switch|p2a: Silvally|Silvally-Ghost|100/100
|-damage|p2a: Silvally|88/100|[from] Stealth Rock
|turn|15
|inactive|N30N3 has 120 seconds left.
|j| ithrowrocksatkids
|l| ithrowrocksatkids
|inactive|N30N3 has 90 seconds left.
|j| your stepbro
|
|move|p1a: Excadrill|Earthquake|p2a: Silvally
|-damage|p2a: Silvally|0 fnt
|-damage|p1a: Excadrill|78/100|[from] item: Life Orb
|faint|p2a: Silvally
|
|-weather|Sandstorm|[upkeep]
|upkeep
|
|switch|p2a: Kommo-o|Kommo-o, M|100/100
|-damage|p2a: Kommo-o|94/100|[from] Stealth Rock
|turn|16
|
|move|p1a: Excadrill|Earthquake|p2a: Kommo-o
|-damage|p2a: Kommo-o|21/100
|-damage|p1a: Excadrill|68/100|[from] item: Life Orb
|move|p2a: Kommo-o|Clangorous Soul||[still]
|-fail|p2a: Kommo-o
|
|-weather|Sandstorm|[upkeep]
|-damage|p2a: Kommo-o|15/100|[from] Sandstorm
|upkeep
|turn|17
|c|☆afakedugong|gg
|-message|afakedugong forfeited.
|
|win|N30N3
|l|☆afakedugong
|l| alegamer2004
|l| your stepbro
|c| tapu moxo|u2
||Ladder (probably) updated, but score could not be retrieved (Response not received).
|l|☆N30N3
