|j|☆Stads
|j|☆Spectre Ace
|t:|1663958263
|gametype|singles
|player|p1|Stads|101|1753
|player|p2|Spectre Ace|juggler|1694
|teamsize|p1|6
|teamsize|p2|6
|gen|8
|tier|[Gen 8] OU
|rated|
|rule|Sleep Clause Mod: Limit one foe put to sleep
|rule|Species Clause: Limit one of each Pokémon
|rule|OHKO Clause: OHKO moves are banned
|rule|Evasion Items Clause: Evasion items are banned
|rule|Evasion Moves Clause: Evasion moves are banned
|rule|Endless Battle Clause: Forcing endless battles is banned
|rule|HP Percentage Mod: HP is shown in percentages
|rule|Dynamax Clause: You cannot dynamax
|clearpoke
|poke|p1|Tornadus-Therian, M|
|poke|p1|Corviknight, F|
|poke|p1|Kartana|
|poke|p1|Toxapex, M|
|poke|p1|Hippowdon, M|
|poke|p1|Heatran, M|
|poke|p2|Landorus-Therian, M|
|poke|p2|Weavile, F|
|poke|p2|Ferrothorn, M|
|poke|p2|Heatran, F|
|poke|p2|Raichu-Alola, F|
|poke|p2|Tapu Koko|
|teampreview
|inactive|Battle timer is ON: inactive players will automatically lose when time's up. (requested by Stads)
|
|t:|1663958277
|start
|switch|p1a: Tornadus|Tornadus-Therian, M|100/100
|switch|p2a: Booker|Tapu Koko|100/100
|-fieldstart|move: Electric Terrain|[from] ability: Electric Surge|[of] p2a: Booker
|turn|1
|
|t:|1663958281
|switch|p1a: Heatran|Heatran, M|100/100
|move|p2a: Booker|U-turn|p1a: Heatran
|-resisted|p1a: Heatran
|-damage|p1a: Heatran|97/100
|
|t:|1663958287
|switch|p2a: Amadeus|Landorus-Therian, M|100/100|[from]move: U-turn
|-ability|p2a: Amadeus|Intimidate|boost
|-unboost|p1a: Heatran|atk|1
|
|-heal|p1a: Heatran|100/100|[from] item: Leftovers
|upkeep
|turn|2
|
|t:|1663958293
|switch|p1a: Corviknight|Corviknight, F|100/100
|-ability|p1a: Corviknight|Pressure
|move|p2a: Amadeus|Earthquake|p1a: Corviknight
|-immune|p1a: Corviknight
|
|upkeep
|turn|3
|
|t:|1663958298
|move|p2a: Amadeus|U-turn|p1a: Corviknight
|-resisted|p1a: Corviknight
|-damage|p1a: Corviknight|97/100
|
|t:|1663958300
|switch|p2a: Sundowner|Ferrothorn, M, shiny|100/100|[from]move: U-turn
|move|p1a: Corviknight|Body Press|p2a: Sundowner
|-supereffective|p2a: Sundowner
|-damage|p2a: Sundowner|74/100
|-damage|p1a: Corviknight|84/100|[from] ability: Iron Barbs|[of] p2a: Sundowner
|
|-heal|p1a: Corviknight|91/100|[from] item: Leftovers
|-heal|p2a: Sundowner|80/100|[from] item: Leftovers
|upkeep
|turn|4
|
|t:|1663958306
|switch|p1a: Tornadus|Tornadus-Therian, M|100/100
|move|p2a: Sundowner|Spikes|p1a: Tornadus
|-sidestart|p1: Stads|Spikes
|
|-heal|p2a: Sundowner|86/100|[from] item: Leftovers
|upkeep
|turn|5
|
|t:|1663958315
|switch|p2a: Booker|Tapu Koko|100/100
|move|p1a: Tornadus|Knock Off|p2a: Booker
|-resisted|p2a: Booker
|-damage|p2a: Booker|86/100
|-enditem|p2a: Booker|Terrain Extender|[from] move: Knock Off|[of] p1a: Tornadus
|
|upkeep
|turn|6
|
|t:|1663958319
|move|p2a: Booker|Thunderbolt|p1a: Tornadus
|-supereffective|p1a: Tornadus
|-damage|p1a: Tornadus|16/100
|-status|p1a: Tornadus|par
|cant|p1a: Tornadus|par
|
|upkeep
|turn|7
|
|t:|1663958330
|switch|p1a: Hippowdon|Hippowdon, M|100/100
|-damage|p1a: Hippowdon|88/100|[from] Spikes
|-weather|Sandstorm|[from] ability: Sand Stream|[of] p1a: Hippowdon
|move|p2a: Booker|U-turn|p1a: Hippowdon
|-damage|p1a: Hippowdon|76/100
|
|t:|1663958337
|switch|p2a: Ocelot|Weavile, F|100/100|[from]move: U-turn
|-ability|p2a: Ocelot|Pressure
|
|-weather|Sandstorm|[upkeep]
|-damage|p2a: Ocelot|94/100|[from] Sandstorm
|-heal|p1a: Hippowdon|82/100|[from] item: Leftovers
|upkeep
|turn|8
|
|t:|1663958344
|switch|p1a: Toxapex|Toxapex, M|100/100
|-damage|p1a: Toxapex|88/100|[from] Spikes
|move|p2a: Ocelot|Knock Off|p1a: Toxapex
|-damage|p1a: Toxapex|58/100
|-enditem|p1a: Toxapex|Shed Shell|[from] move: Knock Off|[of] p2a: Ocelot
|
|-weather|Sandstorm|[upkeep]
|-damage|p2a: Ocelot|88/100|[from] Sandstorm
|-damage|p1a: Toxapex|52/100|[from] Sandstorm
|-fieldend|move: Electric Terrain
|upkeep
|turn|9
|
|t:|1663958352
|switch|p2a: Booker|Tapu Koko|86/100
|-fieldstart|move: Electric Terrain|[from] ability: Electric Surge|[of] p2a: Booker
|switch|p1a: Corviknight|Corviknight, F|91/100
|-ability|p1a: Corviknight|Pressure
|
|-weather|Sandstorm|[upkeep]
|-damage|p2a: Booker|80/100|[from] Sandstorm
|-heal|p1a: Corviknight|97/100|[from] item: Leftovers
|upkeep
|turn|10
|
|t:|1663958355
|switch|p1a: Hippowdon|Hippowdon, M|82/100
|-damage|p1a: Hippowdon|70/100|[from] Spikes
|move|p2a: Booker|Thunderbolt|p1a: Hippowdon
|-immune|p1a: Hippowdon
|
|-weather|Sandstorm|[upkeep]
|-damage|p2a: Booker|74/100|[from] Sandstorm
|-heal|p1a: Hippowdon|76/100|[from] item: Leftovers
|upkeep
|turn|11
|
|t:|1663958356
|move|p2a: Booker|U-turn|p1a: Hippowdon
|-damage|p1a: Hippowdon|64/100
|
|t:|1663958359
|switch|p2a: Ocelot|Weavile, F|88/100|[from]move: U-turn
|-ability|p2a: Ocelot|Pressure
|move|p1a: Hippowdon|Slack Off|p1a: Hippowdon
|-heal|p1a: Hippowdon|100/100
|
|-weather|none
|upkeep
|turn|12
|
|t:|1663958361
|switch|p1a: Toxapex|Toxapex, M|85/100
|-damage|p1a: Toxapex|73/100|[from] Spikes
|move|p2a: Ocelot|Swords Dance|p2a: Ocelot
|-boost|p2a: Ocelot|atk|2
|
|upkeep
|turn|13
|
|t:|1663958363
|move|p2a: Ocelot|Knock Off|p1a: Toxapex
|-damage|p1a: Toxapex|36/100
|move|p1a: Toxapex|Recover|p1a: Toxapex
|-heal|p1a: Toxapex|86/100
|
|-fieldend|move: Electric Terrain
|upkeep
|turn|14
|
|t:|1663958367
|switch|p2a: Booker|Tapu Koko|74/100
|-fieldstart|move: Electric Terrain|[from] ability: Electric Surge|[of] p2a: Booker
|move|p1a: Toxapex|Haze|p1a: Toxapex
|-clearallboost
|
|upkeep
|turn|15
|
|t:|1663958371
|switch|p1a: Hippowdon|Hippowdon, M|100/100
|-damage|p1a: Hippowdon|88/100|[from] Spikes
|-weather|Sandstorm|[from] ability: Sand Stream|[of] p1a: Hippowdon
|move|p2a: Booker|U-turn|p1a: Hippowdon
|-damage|p1a: Hippowdon|77/100
|
|t:|1663958374
|switch|p2a: Ocelot|Weavile, F|88/100|[from]move: U-turn
|-ability|p2a: Ocelot|Pressure
|
|-weather|Sandstorm|[upkeep]
|-damage|p2a: Ocelot|82/100|[from] Sandstorm
|-heal|p1a: Hippowdon|84/100|[from] item: Leftovers
|upkeep
|turn|16
|
|t:|1663958376
|switch|p2a: Valentine|Raichu-Alola, F, shiny|100/100
|switch|p1a: Toxapex|Toxapex, M|100/100
|-damage|p1a: Toxapex|88/100|[from] Spikes
|
|-weather|Sandstorm|[upkeep]
|-damage|p2a: Valentine|94/100|[from] Sandstorm
|-damage|p1a: Toxapex|82/100|[from] Sandstorm
|upkeep
|turn|17
|
|t:|1663958383
|move|p2a: Valentine|Nasty Plot|p2a: Valentine
|-boost|p2a: Valentine|spa|2
|move|p1a: Toxapex|Haze|p1a: Toxapex
|-clearallboost
|
|-weather|Sandstorm|[upkeep]
|-damage|p2a: Valentine|88/100|[from] Sandstorm
|-damage|p1a: Toxapex|75/100|[from] Sandstorm
|upkeep
|turn|18
|
|t:|1663958390
|switch|p1a: Heatran|Heatran, M|100/100
|-damage|p1a: Heatran|88/100|[from] Spikes
|move|p2a: Valentine|Rising Voltage|p1a: Heatran
|-hint|Rising Voltage's BP doubled on grounded target.
|-damage|p1a: Heatran|17/100
|-damage|p2a: Valentine|78/100|[from] item: Life Orb
|
|-weather|Sandstorm|[upkeep]
|-damage|p2a: Valentine|72/100|[from] Sandstorm
|-heal|p1a: Heatran|24/100|[from] item: Leftovers
|-fieldend|move: Electric Terrain
|upkeep
|turn|19
|
|t:|1663958394
|move|p2a: Valentine|Surf|p1a: Heatran
|-supereffective|p1a: Heatran
|-damage|p1a: Heatran|0 fnt
|faint|p1a: Heatran
|-damage|p2a: Valentine|62/100|[from] item: Life Orb
|
|-weather|none
|upkeep
|
|t:|1663958398
|switch|p1a: Kartana|Kartana|100/100
|-damage|p1a: Kartana|88/100|[from] Spikes
|turn|20
|
|t:|1663958402
|switch|p2a: Amadeus|Landorus-Therian, M|100/100
|-ability|p2a: Amadeus|Intimidate|boost
|-unboost|p1a: Kartana|atk|1
|move|p1a: Kartana|Knock Off|p2a: Amadeus
|-damage|p2a: Amadeus|70/100
|-enditem|p2a: Amadeus|Leftovers|[from] move: Knock Off|[of] p1a: Kartana
|
|upkeep
|turn|21
|
|t:|1663958405
|switch|p1a: Tornadus|Tornadus-Therian, M|49/100 par
|move|p2a: Amadeus|U-turn|p1a: Tornadus
|-resisted|p1a: Tornadus
|-damage|p1a: Tornadus|35/100 par
|
|t:|1663958407
|switch|p2a: Booker|Tapu Koko|74/100|[from]move: U-turn
|-fieldstart|move: Electric Terrain|[from] ability: Electric Surge|[of] p2a: Booker
|
|upkeep
|turn|22
|
|t:|1663958410
|move|p2a: Booker|Thunderbolt|p1a: Tornadus
|-supereffective|p1a: Tornadus
|-damage|p1a: Tornadus|0 fnt
|faint|p1a: Tornadus
|
|upkeep
|-message|Stads forfeited.
|
|win|Spectre Ace
|raw|Stads's rating: 1753 &rarr; <strong>1730</strong><br />(-23 for losing)
|raw|Spectre Ace's rating: 1694 &rarr; <strong>1717</strong><br />(+23 for winning)
|l|☆Stads
||Ladder isn't responding, score probably updated but might not have (Request timeout).
