|raw|<div class="broadcast-blue"><strong>This battle is required to be public due to a player having a name starting with 'lt94je'.</div>
|j|☆Plasmeek
|j|☆lt94je bj
|t:|1661475526
|gametype|singles
|player|p1|Plasmeek|170|1829
|player|p2|lt94je bj|colress|1800
|teamsize|p1|6
|teamsize|p2|6
|gen|8
|tier|[Gen 8] OU
|rated|
|rule|Sleep Clause Mod: Limit one foe put to sleep
|rule|Species Clause: Limit one of each Pokémon
|rule|OHKO Clause: OHKO moves are banned
|rule|Evasion Items Clause: Evasion items are banned
|rule|Evasion Moves Clause: Evasion moves are banned
|rule|Endless Battle Clause: Forcing endless battles is banned
|rule|HP Percentage Mod: HP is shown in percentages
|rule|Dynamax Clause: You cannot dynamax
|clearpoke
|poke|p1|Victini|
|poke|p1|Zapdos|
|poke|p1|Tapu Fini|
|poke|p1|Ferrothorn, M|
|poke|p1|Dragapult, M|
|poke|p1|Landorus-Therian, M|
|poke|p2|Garchomp, M|
|poke|p2|Volcarona, M|
|poke|p2|Kartana|
|poke|p2|Tapu Fini|
|poke|p2|Heatran, M|
|poke|p2|Tornadus-Therian, M|
|teampreview
|
|t:|1661475538
|start
|switch|p1a: Zapdos|Zapdos|100/100
|switch|p2a: Tornadus|Tornadus-Therian, M|100/100
|turn|1
|
|t:|1661475545
|switch|p2a: Heatran|Heatran, M|100/100
|move|p1a: Zapdos|Toxic|p2a: Heatran
|-immune|p2a: Heatran
|
|upkeep
|turn|2
|
|t:|1661475548
|move|p1a: Zapdos|Volt Switch|p2a: Heatran
|-damage|p2a: Heatran|72/100
|
|t:|1661475550
|switch|p1a: Landorus|Landorus-Therian, M|100/100|[from]move: Volt Switch
|-ability|p1a: Landorus|Intimidate|boost
|-unboost|p2a: Heatran|atk|1
|move|p2a: Heatran|Stealth Rock|p1a: Landorus
|-sidestart|p1: Plasmeek|move: Stealth Rock
|
|-heal|p2a: Heatran|78/100|[from] item: Leftovers
|upkeep
|turn|3
|j| hump
|
|t:|1661475555
|switch|p2a: Tornadus|Tornadus-Therian, M|100/100
|move|p1a: Landorus|Earthquake|p2a: Tornadus
|-immune|p2a: Tornadus
|
|upkeep
|turn|4
|j| LT94JE Chisato ❤
|
|t:|1661475557
|move|p2a: Tornadus|Knock Off|p1a: Landorus
|-damage|p1a: Landorus|82/100
|-enditem|p1a: Landorus|Leftovers|[from] move: Knock Off|[of] p2a: Tornadus
|move|p1a: Landorus|Stealth Rock|p2a: Tornadus
|-sidestart|p2: lt94je bj|move: Stealth Rock
|
|upkeep
|turn|5
|j| lt94je pwns
|
|t:|1661475559
|move|p2a: Tornadus|Knock Off|p1a: Landorus
|-damage|p1a: Landorus|69/100
|move|p1a: Landorus|Knock Off|p2a: Tornadus
|-damage|p2a: Tornadus|65/100
|-enditem|p2a: Tornadus|Assault Vest|[from] move: Knock Off|[of] p1a: Landorus
|
|upkeep
|turn|6
|
|t:|1661475564
|switch|p1a: Zapdos|Zapdos|100/100
|move|p2a: Tornadus|Knock Off|p1a: Zapdos
|-damage|p1a: Zapdos|81/100
|-enditem|p1a: Zapdos|Heavy-Duty Boots|[from] move: Knock Off|[of] p2a: Tornadus
|
|upkeep
|turn|7
|
|t:|1661475578
|switch|p2a: Heatran|Heatran, M|78/100
|-damage|p2a: Heatran|66/100|[from] Stealth Rock
|move|p1a: Zapdos|Hurricane|p2a: Heatran|[miss]
|-miss|p1a: Zapdos|p2a: Heatran
|
|-heal|p2a: Heatran|72/100|[from] item: Leftovers
|upkeep
|turn|8
|
|t:|1661475587
|move|p1a: Zapdos|Volt Switch|p2a: Heatran
|-damage|p2a: Heatran|43/100
|
|t:|1661475591
|switch|p1a: Landorus|Landorus-Therian, M|69/100|[from]move: Volt Switch
|-damage|p1a: Landorus|57/100|[from] Stealth Rock
|-ability|p1a: Landorus|Intimidate|boost
|-unboost|p2a: Heatran|atk|1
|move|p2a: Heatran|Toxic|p1a: Landorus
|-status|p1a: Landorus|tox
|
|-heal|p2a: Heatran|49/100|[from] item: Leftovers
|-damage|p1a: Landorus|51/100 tox|[from] psn
|upkeep
|turn|9
|
|t:|1661475598
|move|p1a: Landorus|Earthquake|p2a: Heatran
|-supereffective|p2a: Heatran
|-damage|p2a: Heatran|0 fnt
|faint|p2a: Heatran
|
|-damage|p1a: Landorus|39/100 tox|[from] psn
|upkeep
|
|t:|1661475607
|switch|p2a: Tornadus|Tornadus-Therian, M|98/100
|-damage|p2a: Tornadus|73/100|[from] Stealth Rock
|turn|10
|inactive|Battle timer is ON: inactive players will automatically lose when time's up. (requested by Plasmeek)
|
|t:|1661475610
|move|p2a: Tornadus|Heat Wave|p1a: Landorus
|-damage|p1a: Landorus|18/100 tox
|move|p1a: Landorus|U-turn|p2a: Tornadus
|-resisted|p2a: Tornadus
|-damage|p2a: Tornadus|60/100
|
|t:|1661475612
|switch|p1a: Zapdos|Zapdos|81/100|[from]move: U-turn
|-damage|p1a: Zapdos|56/100|[from] Stealth Rock
|
|upkeep
|turn|11
|j| isabela000◥▶_◀◤
|inactive|lt94je bj has 120 seconds left.
|
|t:|1661475647
|switch|p2a: Garchomp|Garchomp, M|100/100
|-damage|p2a: Garchomp|94/100|[from] Stealth Rock
|move|p1a: Zapdos|Roost|p1a: Zapdos
|-heal|p1a: Zapdos|100/100
|-singleturn|p1a: Zapdos|move: Roost
|
|upkeep
|turn|12
|inactive|lt94je bj has 120 seconds left.
|j| Boulicrok
|j| egalvanc
|
|t:|1661475666
|move|p2a: Garchomp|Scale Shot|p1a: Zapdos
|-damage|p1a: Zapdos|82/100
|-damage|p1a: Zapdos|62/100
|-damage|p1a: Zapdos|42/100
|-damage|p1a: Zapdos|23/100
|-hitcount|p1a: Zapdos|4
|-unboost|p2a: Garchomp|def|1
|-boost|p2a: Garchomp|spe|1
|-damage|p2a: Garchomp|85/100|[from] item: Life Orb
|move|p1a: Zapdos|Hurricane|p2a: Garchomp|[miss]
|-miss|p1a: Zapdos|p2a: Garchomp
|
|upkeep
|turn|13
|
|t:|1661475675
|switch|p1a: Tapu Fini|Tapu Fini|100/100
|-damage|p1a: Tapu Fini|88/100|[from] Stealth Rock
|-fieldstart|move: Misty Terrain|[from] ability: Misty Surge|[of] p1a: Tapu Fini
|move|p2a: Garchomp|Scale Shot|p1a: Tapu Fini
|-immune|p1a: Tapu Fini
|
|upkeep
|turn|14
|j| lou dort(
|
|t:|1661475683
|move|p2a: Garchomp|Swords Dance|p2a: Garchomp
|-boost|p2a: Garchomp|atk|2
|move|p1a: Tapu Fini|Moonblast|p2a: Garchomp
|-supereffective|p2a: Garchomp
|-damage|p2a: Garchomp|17/100
|
|upkeep
|turn|15
|
|t:|1661475691
|switch|p1a: Landorus|Landorus-Therian, M|18/100 tox
|-damage|p1a: Landorus|6/100 tox|[from] Stealth Rock
|-ability|p1a: Landorus|Intimidate|boost
|-unboost|p2a: Garchomp|atk|1
|move|p2a: Garchomp|Earthquake|p1a: Landorus
|-immune|p1a: Landorus
|
|-damage|p1a: Landorus|0 fnt|[from] psn
|faint|p1a: Landorus
|upkeep
|
|t:|1661475704
|switch|p1a: Ferrothorn|Ferrothorn, M|100/100
|-damage|p1a: Ferrothorn|95/100|[from] Stealth Rock
|turn|16
|
|t:|1661475713
|switch|p1a: Tapu Fini|Tapu Fini|88/100
|-damage|p1a: Tapu Fini|76/100|[from] Stealth Rock
|move|p2a: Garchomp|Fire Fang|p1a: Tapu Fini
|-resisted|p1a: Tapu Fini
|-damage|p1a: Tapu Fini|56/100
|-damage|p2a: Garchomp|7/100|[from] item: Life Orb
|
|upkeep
|turn|17
|
|t:|1661475718
|move|p2a: Garchomp|Earthquake|p1a: Tapu Fini
|-damage|p1a: Tapu Fini|0 fnt
|faint|p1a: Tapu Fini
|-damage|p2a: Garchomp|0 fnt|[from] item: Life Orb
|faint|p2a: Garchomp
|
|-fieldend|Misty Terrain
|upkeep
|
|t:|1661475727
|switch|p2a: Tapu Fini|Tapu Fini|100/100
|switch|p1a: Ferrothorn|Ferrothorn, M|95/100
|-damage|p2a: Tapu Fini|88/100|[from] Stealth Rock
|-fieldstart|move: Misty Terrain|[from] ability: Misty Surge|[of] p2a: Tapu Fini
|-damage|p1a: Ferrothorn|89/100|[from] Stealth Rock
|turn|18
|
|t:|1661475732
|move|p2a: Tapu Fini|Taunt|p1a: Ferrothorn
|-start|p1a: Ferrothorn|move: Taunt
|move|p1a: Ferrothorn|Gyro Ball|p2a: Tapu Fini
|-damage|p2a: Tapu Fini|56/100
|
|-heal|p2a: Tapu Fini|62/100|[from] item: Leftovers
|-heal|p1a: Ferrothorn|95/100|[from] item: Leftovers
|upkeep
|turn|19
|
|t:|1661475740
|switch|p2a: Tornadus|Tornadus-Therian, M|93/100
|-damage|p2a: Tornadus|68/100|[from] Stealth Rock
|switch|p1a: Dragapult|Dragapult, M|100/100
|-damage|p1a: Dragapult|88/100|[from] Stealth Rock
|
|upkeep
|turn|20
|
|t:|1661475744
|move|p1a: Dragapult|Draco Meteor|p2a: Tornadus
|-damage|p2a: Tornadus|0 fnt
|-unboost|p1a: Dragapult|spa|2
|faint|p2a: Tornadus
|
|upkeep
|
|t:|1661475746
|switch|p2a: Volcarona|Volcarona, M|100/100
|turn|21
|
|t:|1661475748
|switch|p1a: Victini|Victini|100/100
|move|p2a: Volcarona|Quiver Dance|p2a: Volcarona
|-boost|p2a: Volcarona|spa|1
|-boost|p2a: Volcarona|spd|1
|-boost|p2a: Volcarona|spe|1
|
|upkeep
|turn|22
|
|t:|1661475753
|move|p2a: Volcarona|Substitute|p2a: Volcarona
|-start|p2a: Volcarona|Substitute
|-damage|p2a: Volcarona|76/100
|move|p1a: Victini|Bolt Strike|p2a: Volcarona
|-end|p2a: Volcarona|Substitute
|
|-fieldend|Misty Terrain
|upkeep
|turn|23
|l| lou dort(
|
|t:|1661475757
|move|p2a: Volcarona|Substitute|p2a: Volcarona
|-start|p2a: Volcarona|Substitute
|-damage|p2a: Volcarona|51/100
|move|p1a: Victini|Bolt Strike|p2a: Volcarona
|-end|p2a: Volcarona|Substitute
|
|upkeep
|turn|24
|
|t:|1661475761
|move|p2a: Volcarona|Substitute|p2a: Volcarona
|-start|p2a: Volcarona|Substitute
|-damage|p2a: Volcarona|26/100
|move|p1a: Victini|Bolt Strike|p2a: Volcarona
|-end|p2a: Volcarona|Substitute
|
|upkeep
|turn|25
|
|t:|1661475765
|move|p2a: Volcarona|Bug Buzz|p1a: Victini
|-damage|p1a: Victini|0 fnt
|faint|p1a: Victini
|
|upkeep
|
|t:|1661475771
|switch|p1a: Dragapult|Dragapult, M|88/100
|-damage|p1a: Dragapult|76/100|[from] Stealth Rock
|turn|26
|
|t:|1661475773
|move|p2a: Volcarona|Bug Buzz|p1a: Dragapult
|-resisted|p1a: Dragapult
|-damage|p1a: Dragapult|3/100
|move|p1a: Dragapult|Shadow Ball|p2a: Volcarona
|-damage|p2a: Volcarona|0 fnt
|faint|p2a: Volcarona
|
|upkeep
|
|t:|1661475781
|switch|p2a: Kartana|Kartana|100/100
|-damage|p2a: Kartana|94/100|[from] Stealth Rock
|turn|27
|
|t:|1661475790
|move|p2a: Kartana|Knock Off|p1a: Dragapult
|-supereffective|p1a: Dragapult
|-damage|p1a: Dragapult|0 fnt
|-enditem|p1a: Dragapult|Choice Specs|[from] move: Knock Off|[of] p2a: Kartana
|faint|p1a: Dragapult
|-ability|p2a: Kartana|Beast Boost|boost
|-boost|p2a: Kartana|atk|1
|
|upkeep
|
|t:|1661475792
|switch|p1a: Ferrothorn|Ferrothorn, M|95/100
|-damage|p1a: Ferrothorn|89/100|[from] Stealth Rock
|turn|28
|
|t:|1661475796
|move|p2a: Kartana|Knock Off|p1a: Ferrothorn
|-damage|p1a: Ferrothorn|45/100
|-damage|p2a: Kartana|82/100|[from] ability: Iron Barbs|[of] p1a: Ferrothorn
|-enditem|p1a: Ferrothorn|Leftovers|[from] move: Knock Off|[of] p2a: Kartana
|move|p1a: Ferrothorn|Body Press|p2a: Kartana
|-supereffective|p2a: Kartana
|-damage|p2a: Kartana|32/100
|
|upkeep
|turn|29
|
|t:|1661475802
|switch|p2a: Tapu Fini|Tapu Fini|62/100
|-damage|p2a: Tapu Fini|49/100|[from] Stealth Rock
|-fieldstart|move: Misty Terrain|[from] ability: Misty Surge|[of] p2a: Tapu Fini
|move|p1a: Ferrothorn|Leech Seed|p2a: Tapu Fini
|-start|p2a: Tapu Fini|move: Leech Seed
|
|-heal|p2a: Tapu Fini|55/100|[from] item: Leftovers
|-damage|p2a: Tapu Fini|43/100|[from] Leech Seed|[of] p1a: Ferrothorn
|-heal|p1a: Ferrothorn|57/100|[silent]
|upkeep
|turn|30
|l| lt94je pwns
|
|t:|1661475814
|move|p2a: Tapu Fini|Taunt|p1a: Ferrothorn
|-start|p1a: Ferrothorn|move: Taunt
|cant|p1a: Ferrothorn|move: Taunt|Spikes
|
|-heal|p2a: Tapu Fini|49/100|[from] item: Leftovers
|-damage|p2a: Tapu Fini|37/100|[from] Leech Seed|[of] p1a: Ferrothorn
|-heal|p1a: Ferrothorn|69/100|[silent]
|upkeep
|turn|31
|
|t:|1661475817
|move|p2a: Tapu Fini|Nature's Madness|p1a: Ferrothorn
|-damage|p1a: Ferrothorn|35/100
|move|p1a: Ferrothorn|Gyro Ball|p2a: Tapu Fini
|-damage|p2a: Tapu Fini|5/100
|
|-heal|p2a: Tapu Fini|11/100|[from] item: Leftovers
|-damage|p2a: Tapu Fini|0 fnt|[from] Leech Seed|[of] p1a: Ferrothorn
|-heal|p1a: Ferrothorn|46/100|[silent]
|faint|p2a: Tapu Fini
|upkeep
|
|t:|1661475820
|switch|p2a: Kartana|Kartana|32/100
|-damage|p2a: Kartana|26/100|[from] Stealth Rock
|turn|32
|
|t:|1661475821
|move|p2a: Kartana|Sacred Sword|p1a: Ferrothorn
|-supereffective|p1a: Ferrothorn
|-crit|p1a: Ferrothorn
|-damage|p1a: Ferrothorn|0 fnt
|-damage|p2a: Kartana|13/100|[from] ability: Iron Barbs|[of] p1a: Ferrothorn
|faint|p1a: Ferrothorn
|-ability|p2a: Kartana|Beast Boost|boost
|-boost|p2a: Kartana|atk|1
|
|upkeep
|
|t:|1661475827
|switch|p1a: Zapdos|Zapdos|23/100
|-damage|p1a: Zapdos|0 fnt|[from] Stealth Rock
|faint|p1a: Zapdos
|
|win|lt94je bj
|raw|Plasmeek's rating: 1829 &rarr; <strong>1809</strong><br />(-20 for losing)
|raw|lt94je bj's rating: 1827 &rarr; <strong>1847</strong><br />(+20 for winning)
|l| isabela000◥▶_◀◤
