|j|☆4funaccount
|j|☆Pavijo28
|player|p1|4funaccount|hilda-dueldisk|1846
|player|p2|Pavijo28|282|1774
|teamsize|p1|6
|teamsize|p2|6
|gametype|singles
|gen|8
|tier|[Gen 8] OU
|rated|
|clearpoke
|poke|p1|Centiskorch, M|
|poke|p1|Rotom-Wash|
|poke|p1|Dragapult, F|
|poke|p1|Ferrothorn, M|
|poke|p1|Excadrill, M|
|poke|p1|Hydreigon, F|
|poke|p2|Mimikyu, M|
|poke|p2|Hatterene, F|
|poke|p2|Indeedee, M|
|poke|p2|Arctozolt|
|poke|p2|Jellicent, F|
|poke|p2|Diggersby, M|
|rule|Sleep Clause Mod: Limit one foe put to sleep
|rule|Species Clause: Limit one of each Pokémon
|rule|OHKO Clause: OHKO moves are banned
|rule|Evasion Moves Clause: Evasion moves are banned
|rule|Endless Battle Clause: Forcing endless battles is banned
|rule|HP Percentage Mod: HP is shown in percentages
|rule|Dynamax Clause: You cannot dynamax
|teampreview
|inactive|Battle timer is ON: inactive players will automatically lose when time's up. (requested by Pavijo28)
|j| tourbearing
|j| LionmanXX5
|j| LitAFdonkeyPUNCH
|
|start
|switch|p1a: gen 8 rotom|Rotom-Wash|100/100
|switch|p2a: Diggersby|Diggersby, M|100/100
|turn|1
|j| tapu moxo
|
|switch|p2a: Jellicent|Jellicent, F|100/100
|move|p1a: gen 8 rotom|Hydro Pump|p2a: Jellicent
|-immune|p2a: Jellicent|[from] ability: Water Absorb
|
|upkeep
|turn|2
|j| alt of the week
|
|move|p1a: gen 8 rotom|Will-O-Wisp|p2a: Jellicent
|-status|p2a: Jellicent|brn
|move|p2a: Jellicent|Trick Room|p2a: Jellicent
|-fieldstart|move: Trick Room|[of] p2a: Jellicent
|
|-damage|p2a: Jellicent|94/100 brn|[from] brn
|upkeep
|turn|3
|j| Adicire
|
|switch|p2a: Hatterene|Hatterene, F|100/100
|move|p1a: gen 8 rotom|Volt Switch|p2a: Hatterene
|-damage|p2a: Hatterene|75/100
|
|switch|p1a: gen 8 excadrill|Excadrill, M|100/100|[from]move: Volt Switch
|-ability|p1a: gen 8 excadrill|Mold Breaker
|
|-heal|p2a: Hatterene|81/100|[from] item: Leftovers
|upkeep
|turn|4
|
|move|p2a: Hatterene|Mystical Fire|p1a: gen 8 excadrill
|-supereffective|p1a: gen 8 excadrill
|-damage|p1a: gen 8 excadrill|61/100
|-unboost|p1a: gen 8 excadrill|spa|1
|move|p1a: gen 8 excadrill|Iron Head|p2a: Hatterene
|-supereffective|p2a: Hatterene
|-damage|p2a: Hatterene|28/100
|
|-heal|p2a: Hatterene|34/100|[from] item: Leftovers
|-heal|p1a: gen 8 excadrill|67/100|[from] item: Leftovers
|upkeep
|turn|5
|
|switch|p2a: Diggersby|Diggersby, M|100/100
|move|p1a: gen 8 excadrill|Earthquake|p2a: Diggersby
|-damage|p2a: Diggersby|50/100
|
|-heal|p1a: gen 8 excadrill|74/100|[from] item: Leftovers
|upkeep
|turn|6
|
|switch|p1a: gen 8 rotom|Rotom-Wash|100/100
|move|p2a: Diggersby|Thunder Punch|p1a: gen 8 rotom
|-damage|p1a: gen 8 rotom|69/100
|
|-fieldend|move: Trick Room
|upkeep
|turn|7
|
|switch|p2a: Jellicent|Jellicent, F|94/100 brn
|move|p1a: gen 8 rotom|Hydro Pump|p2a: Jellicent
|-heal|p2a: Jellicent|100/100 brn|[from] ability: Water Absorb|[of] p1a: gen 8 rotom
|
|-damage|p2a: Jellicent|94/100 brn|[from] brn
|upkeep
|turn|8
|
|move|p1a: gen 8 rotom|Volt Switch|p2a: Jellicent
|-supereffective|p2a: Jellicent
|-damage|p2a: Jellicent|54/100 brn
|
|switch|p1a: Hydreigon|Hydreigon, F|100/100|[from]move: Volt Switch
|move|p2a: Jellicent|Trick Room|p2a: Jellicent
|-fieldstart|move: Trick Room|[of] p2a: Jellicent
|
|-heal|p2a: Jellicent|60/100 brn|[from] item: Leftovers
|-damage|p2a: Jellicent|54/100 brn|[from] brn
|upkeep
|turn|9
|
|move|p2a: Jellicent|Will-O-Wisp|p1a: Hydreigon
|-status|p1a: Hydreigon|brn
|move|p1a: Hydreigon|Flash Cannon|p2a: Jellicent
|-resisted|p2a: Jellicent
|-damage|p2a: Jellicent|38/100 brn
|-damage|p1a: Hydreigon|91/100 brn|[from] item: Life Orb
|
|-heal|p2a: Jellicent|44/100 brn|[from] item: Leftovers
|-damage|p2a: Jellicent|38/100 brn|[from] brn
|-damage|p1a: Hydreigon|84/100 brn|[from] brn
|upkeep
|turn|10
|
|move|p2a: Jellicent|Hex|p1a: Hydreigon
|-resisted|p1a: Hydreigon
|-damage|p1a: Hydreigon|61/100 brn
|move|p1a: Hydreigon|Draco Meteor|p2a: Jellicent|[miss]
|-miss|p1a: Hydreigon|p2a: Jellicent
|
|-heal|p2a: Jellicent|44/100 brn|[from] item: Leftovers
|-damage|p2a: Jellicent|38/100 brn|[from] brn
|-damage|p1a: Hydreigon|55/100 brn|[from] brn
|upkeep
|turn|11
|
|move|p2a: Jellicent|Strength Sap|p1a: Hydreigon
|-unboost|p1a: Hydreigon|atk|1
|-heal|p2a: Jellicent|86/100 brn
|move|p1a: Hydreigon|Draco Meteor|p2a: Jellicent
|-damage|p2a: Jellicent|11/100 brn
|-unboost|p1a: Hydreigon|spa|2
|-damage|p1a: Hydreigon|45/100 brn|[from] item: Life Orb
|
|-heal|p2a: Jellicent|17/100 brn|[from] item: Leftovers
|-damage|p2a: Jellicent|11/100 brn|[from] brn
|-damage|p1a: Hydreigon|39/100 brn|[from] brn
|upkeep
|turn|12
|
|move|p2a: Jellicent|Strength Sap|p1a: Hydreigon
|-unboost|p1a: Hydreigon|atk|1
|-heal|p2a: Jellicent|42/100 brn
|move|p1a: Hydreigon|Nasty Plot|p1a: Hydreigon
|-boost|p1a: Hydreigon|spa|2
|
|-heal|p2a: Jellicent|49/100 brn|[from] item: Leftovers
|-damage|p2a: Jellicent|42/100 brn|[from] brn
|-damage|p1a: Hydreigon|33/100 brn|[from] brn
|-fieldend|move: Trick Room
|upkeep
|turn|13
|
|move|p1a: Hydreigon|Draco Meteor|p2a: Jellicent
|-damage|p2a: Jellicent|0 fnt
|-unboost|p1a: Hydreigon|spa|2
|-damage|p1a: Hydreigon|23/100 brn|[from] item: Life Orb
|faint|p2a: Jellicent
|
|-damage|p1a: Hydreigon|17/100 brn|[from] brn
|upkeep
|
|switch|p2a: Hatterene|Hatterene, F|34/100
|turn|14
|
|move|p1a: Hydreigon|Flash Cannon|p2a: Hatterene
|-supereffective|p2a: Hatterene
|-damage|p2a: Hatterene|0 fnt
|-damage|p1a: Hydreigon|7/100 brn|[from] item: Life Orb
|faint|p2a: Hatterene
|
|-damage|p1a: Hydreigon|1/100 brn|[from] brn
|upkeep
|
|switch|p2a: Dayo|Mimikyu, M|100/100
|turn|15
|j| lolxddd6969420
|
|switch|p1a: gen 8 ferrothorn|Ferrothorn, M|100/100
|move|p2a: Dayo|Shadow Sneak|p1a: gen 8 ferrothorn
|-crit|p1a: gen 8 ferrothorn
|-damage|p1a: gen 8 ferrothorn|83/100
|-damage|p2a: Dayo|88/100|[from] ability: Iron Barbs|[of] p1a: gen 8 ferrothorn
|
|-heal|p1a: gen 8 ferrothorn|89/100|[from] item: Leftovers
|upkeep
|turn|16
|
|switch|p2a: Indeedee|Indeedee, M|100/100
|-fieldstart|move: Psychic Terrain|[from] ability: Psychic Surge|[of] p2a: Indeedee
|move|p1a: gen 8 ferrothorn|Knock Off|p2a: Indeedee
|-supereffective|p2a: Indeedee
|-damage|p2a: Indeedee|22/100
|-enditem|p2a: Indeedee|Focus Sash|[from] move: Knock Off|[of] p1a: gen 8 ferrothorn
|
|-heal|p1a: gen 8 ferrothorn|96/100|[from] item: Leftovers
|upkeep
|turn|17
|
|move|p2a: Indeedee|Psychic|p1a: gen 8 ferrothorn
|-resisted|p1a: gen 8 ferrothorn
|-damage|p1a: gen 8 ferrothorn|75/100
|move|p1a: gen 8 ferrothorn|Knock Off|p2a: Indeedee
|-supereffective|p2a: Indeedee
|-damage|p2a: Indeedee|0 fnt
|faint|p2a: Indeedee
|
|-heal|p1a: gen 8 ferrothorn|81/100|[from] item: Leftovers
|upkeep
|
|switch|p2a: Diggersby|Diggersby, M|50/100
|turn|18
|
|switch|p1a: Hydreigon|Hydreigon, F|1/100 brn
|move|p2a: Diggersby|Earthquake|p1a: Hydreigon
|-immune|p1a: Hydreigon|[from] ability: Levitate
|
|-damage|p1a: Hydreigon|0 fnt|[from] brn
|faint|p1a: Hydreigon
|upkeep
|
|switch|p1a: gen 8 rotom|Rotom-Wash|69/100
|turn|19
|
|switch|p2a: Dayo|Mimikyu, M|88/100
|move|p1a: gen 8 rotom|Will-O-Wisp|p2a: Dayo
|-status|p2a: Dayo|brn
|
|-damage|p2a: Dayo|82/100 brn|[from] brn
|upkeep
|turn|20
|
|move|p1a: gen 8 rotom|Volt Switch|p2a: Dayo
|-activate|p2a: Dayo|ability: Disguise
|-damage|p2a: Dayo|82/100 brn
|detailschange|p2a: Dayo|Mimikyu-Busted, M
|-damage|p2a: Dayo|70/100 brn|[from] ability: Disguise|[of] p2a: Dayo
|-enditem|p2a: Dayo|Red Card|[of] p1a: gen 8 rotom
|drag|p1a: Gen 8 heatran|Centiskorch, M|100/100
|move|p2a: Dayo|Trick Room|p2a: Dayo
|-fieldstart|move: Trick Room|[of] p2a: Dayo
|
|-damage|p2a: Dayo|64/100 brn|[from] brn
|-fieldend|move: Psychic Terrain
|upkeep
|turn|21
|
|switch|p1a: gen 8 ferrothorn|Ferrothorn, M|81/100
|move|p2a: Dayo|Destiny Bond|p2a: Dayo
|-singlemove|p2a: Dayo|Destiny Bond
|
|-heal|p1a: gen 8 ferrothorn|87/100|[from] item: Leftovers
|-damage|p2a: Dayo|58/100 brn|[from] brn
|upkeep
|turn|22
|
|move|p1a: gen 8 ferrothorn|Spikes|p2a: Dayo
|-sidestart|p2: Pavijo28|Spikes
|move|p2a: Dayo|Trick Room|p2a: Dayo
|-fieldend|move: Trick Room
|
|-heal|p1a: gen 8 ferrothorn|93/100|[from] item: Leftovers
|-damage|p2a: Dayo|51/100 brn|[from] brn
|upkeep
|turn|23
|-message|Pavijo28 forfeited.
|
|win|4funaccount
|l|☆Pavijo28
|j|‽Darek851
|l| alt of the week
|j|☆Pavijo28
|player|p2|Pavijo28|282
|l|☆Pavijo28
|player|p2|
|l| LitAFdonkeyPUNCH
||Ladder (probably) updated, but score could not be retrieved (Response not received).
