|j|☆Pinkacross
|j|☆mobb deeper
|inactive|Battle timer is ON: inactive players will automatically lose when time's up.
|t:|1649727427
|gametype|singles
|player|p1|Pinkacross|artist|
|player|p2|mobb deeper|red|
|teamsize|p1|6
|teamsize|p2|6
|gen|8
|tier|[Gen 8] OU
|rated|Tournament battle
|rule|Sleep Clause Mod: Limit one foe put to sleep
|rule|Species Clause: Limit one of each Pokémon
|rule|OHKO Clause: OHKO moves are banned
|rule|Evasion Moves Clause: Evasion moves are banned
|rule|Endless Battle Clause: Forcing endless battles is banned
|rule|HP Percentage Mod: HP is shown in percentages
|rule|Dynamax Clause: You cannot dynamax
|clearpoke
|poke|p1|Landorus-Therian, M|
|poke|p1|Clefable, M|
|poke|p1|Dragapult, M|
|poke|p1|Nidoking, M|
|poke|p1|Ferrothorn, M|
|poke|p1|Urshifu-*, M|
|poke|p2|Hippowdon, M|
|poke|p2|Tyranitar, M|
|poke|p2|Excadrill, M|
|poke|p2|Dracozolt|
|poke|p2|Buzzwole|
|poke|p2|Zapdos|
|teampreview
|j|+SetsuStsna
|j| AlZev2002
|c|☆Pinkacross|hf
|j| SKIP THE DRIP
|j| psychoshawk
|j| angell chick
|j| Cachooch
|c|☆mobb deeper|never do
|j| VonC_YJX
|
|t:|1649727440
|start
|switch|p1a: Urshifu|Urshifu-Rapid-Strike, M|100/100
|switch|p2a: black thought|Tyranitar, M|100/100
|-weather|Sandstorm|[from] ability: Sand Stream|[of] p2a: black thought
|turn|1
|j|%Sp0oNl0rD
|j| ppev
|l| SKIP THE DRIP
|
|t:|1649727444
|switch|p2a: 50 cent|Buzzwole|100/100
|move|p1a: Urshifu|Surging Strikes|p2a: 50 cent
|-crit|p2a: 50 cent
|-damage|p2a: 50 cent|88/100
|-crit|p2a: 50 cent
|-damage|p2a: 50 cent|76/100
|-crit|p2a: 50 cent
|-damage|p2a: 50 cent|65/100
|-hitcount|p2a: 50 cent|3
|
|-weather|Sandstorm|[upkeep]
|-damage|p1a: Urshifu|94/100|[from] Sandstorm
|-damage|p2a: 50 cent|59/100|[from] Sandstorm
|upkeep
|turn|2
|j| Seasons In the Sun
|
|t:|1649727448
|move|p1a: Urshifu|Taunt|p2a: 50 cent
|-start|p2a: 50 cent|move: Taunt
|cant|p2a: 50 cent|move: Taunt|Roost
|
|-weather|Sandstorm|[upkeep]
|-damage|p1a: Urshifu|88/100|[from] Sandstorm
|-damage|p2a: 50 cent|53/100|[from] Sandstorm
|upkeep
|turn|3
|
|t:|1649727451
|switch|p2a: nate dogg|Zapdos|100/100
|move|p1a: Urshifu|Surging Strikes|p2a: nate dogg
|-crit|p2a: nate dogg
|-damage|p2a: nate dogg|79/100
|-crit|p2a: nate dogg
|-damage|p2a: nate dogg|60/100
|-crit|p2a: nate dogg
|-damage|p2a: nate dogg|39/100
|-hitcount|p2a: nate dogg|3
|
|-weather|Sandstorm|[upkeep]
|-damage|p1a: Urshifu|82/100|[from] Sandstorm
|-damage|p2a: nate dogg|33/100|[from] Sandstorm
|upkeep
|turn|4
|
|t:|1649727457
|switch|p1a: Clefable|Clefable, M|100/100
|move|p2a: nate dogg|Volt Switch|p1a: Clefable
|-damage|p1a: Clefable|74/100
|
|t:|1649727460
|switch|p2a: mos def|Excadrill, M|100/100|[from]move: Volt Switch
|
|-weather|Sandstorm|[upkeep]
|-heal|p1a: Clefable|80/100|[from] item: Leftovers
|upkeep
|turn|5
|
|t:|1649727466
|switch|p2a: nate dogg|Zapdos|33/100
|switch|p1a: Landorus|Landorus-Therian, M|100/100
|-ability|p1a: Landorus|Intimidate|boost
|-unboost|p2a: nate dogg|atk|1
|
|-weather|none
|upkeep
|turn|6
|
|t:|1649727468
|move|p2a: nate dogg|Hurricane|p1a: Landorus
|-damage|p1a: Landorus|46/100
|-start|p1a: Landorus|confusion
|-activate|p1a: Landorus|confusion
|move|p1a: Landorus|Toxic|p2a: nate dogg
|-status|p2a: nate dogg|tox
|
|-heal|p1a: Landorus|52/100|[from] item: Leftovers
|-damage|p2a: nate dogg|27/100 tox|[from] psn
|upkeep
|turn|7
|l| angell chick
|j| Arxc
|
|t:|1649727474
|switch|p2a: big pun|Hippowdon, M|100/100
|-weather|Sandstorm|[from] ability: Sand Stream|[of] p2a: big pun
|switch|p1a: Clefable|Clefable, M|80/100
|
|-weather|Sandstorm|[upkeep]
|-heal|p1a: Clefable|87/100|[from] item: Leftovers
|upkeep
|turn|8
|l| Arxc
|
|t:|1649727478
|switch|p2a: black thought|Tyranitar, M|100/100
|move|p1a: Clefable|Wish|p1a: Clefable
|
|-weather|Sandstorm|[upkeep]
|-heal|p1a: Clefable|93/100|[from] item: Leftovers
|upkeep
|turn|9
|
|t:|1649727489
|move|p2a: black thought|Rock Blast|p1a: Clefable
|-damage|p1a: Clefable|80/100
|-damage|p1a: Clefable|66/100
|-damage|p1a: Clefable|52/100
|-hitcount|p1a: Clefable|3
|move|p1a: Clefable|Teleport|p1a: Clefable
|j| LordXen VII
|
|t:|1649727491
|switch|p1a: Landorus|Landorus-Therian, M|52/100|[from]move: Teleport
|-ability|p1a: Landorus|Intimidate|boost
|-unboost|p2a: black thought|atk|1
|
|-weather|Sandstorm|[upkeep]
|-heal|p1a: Landorus|100/100|[from] move: Wish|[wisher] Clefable
|upkeep
|turn|10
|j|^nyost13
|
|t:|1649727498
|move|p1a: Landorus|U-turn|p2a: black thought
|-supereffective|p2a: black thought
|-damage|p2a: black thought|67/100
|
|t:|1649727501
|switch|p1a: Urshifu|Urshifu-Rapid-Strike, M|82/100|[from]move: U-turn
|move|p2a: black thought|Ice Beam|p1a: Urshifu
|-resisted|p1a: Urshifu
|-damage|p1a: Urshifu|64/100
|
|-weather|Sandstorm|[upkeep]
|-damage|p1a: Urshifu|57/100|[from] Sandstorm
|upkeep
|turn|11
|
|t:|1649727503
|switch|p2a: nate dogg|Zapdos|27/100 tox
|move|p1a: Urshifu|Surging Strikes|p2a: nate dogg
|-crit|p2a: nate dogg
|-damage|p2a: nate dogg|7/100 tox
|-crit|p2a: nate dogg
|-damage|p2a: nate dogg|0 fnt
|faint|p2a: nate dogg
|-hitcount|p2: nate dogg|2
|
|-weather|Sandstorm|[upkeep]
|-damage|p1a: Urshifu|51/100|[from] Sandstorm
|upkeep
|
|t:|1649727506
|switch|p2a: po and dangerous|Dracozolt|100/100
|turn|12
|
|t:|1649727509
|switch|p1a: Landorus|Landorus-Therian, M|100/100
|-ability|p1a: Landorus|Intimidate|boost
|-unboost|p2a: po and dangerous|atk|1
|move|p2a: po and dangerous|Draco Meteor|p1a: Landorus
|-damage|p1a: Landorus|42/100
|-unboost|p2a: po and dangerous|spa|2
|-damage|p2a: po and dangerous|91/100|[from] item: Life Orb
|
|-weather|Sandstorm|[upkeep]
|-heal|p1a: Landorus|48/100|[from] item: Leftovers
|upkeep
|turn|13
|
|t:|1649727516
|switch|p2a: 50 cent|Buzzwole|53/100
|move|p1a: Landorus|U-turn|p2a: 50 cent
|-resisted|p2a: 50 cent
|-damage|p2a: 50 cent|46/100
|-damage|p1a: Landorus|31/100|[from] item: Rocky Helmet|[of] p2a: 50 cent
|j| clapfest
|inactive|Pinkacross has 120 seconds left.
|
|t:|1649727557
|switch|p1a: Nidoking|Nidoking, M|100/100|[from]move: U-turn
|
|-weather|Sandstorm|[upkeep]
|-damage|p2a: 50 cent|40/100|[from] Sandstorm
|upkeep
|turn|14
|
|t:|1649727572
|move|p1a: Nidoking|Ice Beam|p2a: 50 cent
|-damage|p2a: 50 cent|0 fnt
|faint|p2a: 50 cent
|
|-weather|none
|upkeep
|
|t:|1649727574
|switch|p2a: black thought|Tyranitar, M|67/100
|-weather|Sandstorm|[from] ability: Sand Stream|[of] p2a: black thought
|turn|15
|j| passthatj
|
|t:|1649727580
|move|p1a: Nidoking|Earth Power|p2a: black thought
|-supereffective|p2a: black thought
|-damage|p2a: black thought|16/100
|move|p2a: black thought|Earthquake|p1a: Nidoking
|-supereffective|p1a: Nidoking
|-crit|p1a: Nidoking
|-damage|p1a: Nidoking|0 fnt
|faint|p1a: Nidoking
|
|-weather|Sandstorm|[upkeep]
|upkeep
|
|t:|1649727587
|switch|p1a: Urshifu|Urshifu-Rapid-Strike, M|51/100
|turn|16
|c|☆mobb deeper|thank god
|
|t:|1649727595
|move|p1a: Urshifu|U-turn|p2a: black thought
|-supereffective|p2a: black thought
|-damage|p2a: black thought|0 fnt
|faint|p2a: black thought
|j| Tuskany
|
|t:|1649727609
|switch|p1a: Ferrothorn|Ferrothorn, M|100/100|[from]move: U-turn
|
|-weather|Sandstorm|[upkeep]
|upkeep
|
|t:|1649727612
|switch|p2a: po and dangerous|Dracozolt|91/100
|turn|17
|
|t:|1649727615
|switch|p1a: Clefable|Clefable, M|52/100
|move|p2a: po and dangerous|Fire Blast|p1a: Clefable
|-damage|p1a: Clefable|26/100
|-damage|p2a: po and dangerous|81/100|[from] item: Life Orb
|
|-weather|Sandstorm|[upkeep]
|-heal|p1a: Clefable|32/100|[from] item: Leftovers
|upkeep
|turn|18
|j| Cra3k
|inactive|mobb deeper has 120 seconds left.
|
|t:|1649727659
|move|p1a: Clefable|Protect|p1a: Clefable
|-singleturn|p1a: Clefable|Protect
|move|p2a: po and dangerous|Earthquake|p1a: Clefable
|-activate|p1a: Clefable|move: Protect
|
|-weather|Sandstorm|[upkeep]
|-heal|p1a: Clefable|38/100|[from] item: Leftovers
|upkeep
|turn|19
|c| passthatj|yooo wheres prdigy
|c| passthatj|prodigy
|c|☆mobb deeper|i ran out of space
|
|t:|1649727685
|move|p1a: Clefable|Protect|p1a: Clefable
|-singleturn|p1a: Clefable|Protect
|move|p2a: po and dangerous|Bolt Beak|p1a: Clefable
|-activate|p1a: Clefable|move: Protect
|
|-weather|none
|-heal|p1a: Clefable|44/100|[from] item: Leftovers
|upkeep
|turn|20
|c| psychoshawk|nicknames still hard tho
|c|☆mobb deeper|sweet
|
|t:|1649727697
|move|p2a: po and dangerous|Bolt Beak|p1a: Clefable
|-damage|p1a: Clefable|0 fnt
|faint|p1a: Clefable
|-damage|p2a: po and dangerous|71/100|[from] item: Life Orb
|
|upkeep
|
|t:|1649727699
|switch|p1a: Dragapult|Dragapult, M|100/100
|turn|21
|
|t:|1649727701
|switch|p2a: big pun|Hippowdon, M|100/100
|-weather|Sandstorm|[from] ability: Sand Stream|[of] p2a: big pun
|move|p1a: Dragapult|Dragon Darts|p2a: big pun
|-damage|p2a: big pun|78/100
|-anim|p1a: Dragapult|Dragon Darts|p2a: big pun
|-damage|p2a: big pun|56/100
|
|-weather|Sandstorm|[upkeep]
|-damage|p1a: Dragapult|95/100|[from] Sandstorm
|upkeep
|turn|22
|j| Atlhoe
|inactive|mobb deeper has 120 seconds left.
|
|t:|1649727706
|switch|p1a: Urshifu|Urshifu-Rapid-Strike, M|51/100
|move|p2a: big pun|Slack Off|p2a: big pun
|-heal|p2a: big pun|100/100
|
|-weather|Sandstorm|[upkeep]
|-damage|p1a: Urshifu|45/100|[from] Sandstorm
|upkeep
|turn|23
|c| Atlhoe|finals?
|j| Down$hift
|c|%Sp0oNl0rD|ye
|
|t:|1649727715
|switch|p2a: mos def|Excadrill, M|100/100
|move|p1a: Urshifu|Surging Strikes|p2a: mos def
|-supereffective|p2a: mos def
|-crit|p2a: mos def
|-damage|p2a: mos def|43/100
|-supereffective|p2a: mos def
|-crit|p2a: mos def
|-damage|p2a: mos def|0 fnt
|faint|p2a: mos def
|-hitcount|p2: mos def|2
|
|-weather|Sandstorm|[upkeep]
|-damage|p1a: Urshifu|39/100|[from] Sandstorm
|upkeep
|
|t:|1649727718
|switch|p2a: po and dangerous|Dracozolt|71/100
|turn|24
|c|%Sp0oNl0rD|this is for all the marbles
|c| Down$hift|this zolt is scary
|inactive|mobb deeper has 120 seconds left.
|l| Down$hift
|c| VonC_YJX|he has lando to stall sand out
|
|t:|1649727749
|switch|p1a: Ferrothorn|Ferrothorn, M|100/100
|move|p2a: po and dangerous|Bolt Beak|p1a: Ferrothorn
|-resisted|p1a: Ferrothorn
|-damage|p1a: Ferrothorn|76/100
|-damage|p2a: po and dangerous|58/100|[from] ability: Iron Barbs|[of] p1a: Ferrothorn
|-damage|p2a: po and dangerous|48/100|[from] item: Life Orb
|
|-weather|Sandstorm|[upkeep]
|-heal|p1a: Ferrothorn|82/100|[from] item: Leftovers
|upkeep
|turn|25
|c| psychoshawk|people be sleepin on zolt
|inactive|mobb deeper has 120 seconds left.
|
|t:|1649727761
|switch|p1a: Urshifu|Urshifu-Rapid-Strike, M|39/100
|move|p2a: po and dangerous|Fire Blast|p1a: Urshifu
|-resisted|p1a: Urshifu
|-damage|p1a: Urshifu|11/100
|-damage|p2a: po and dangerous|38/100|[from] item: Life Orb
|
|-weather|Sandstorm|[upkeep]
|-damage|p1a: Urshifu|5/100|[from] Sandstorm
|upkeep
|turn|26
|c| Atlhoe|pride play
|inactive|mobb deeper has 120 seconds left.
|
|t:|1649727776
|switch|p1a: Landorus|Landorus-Therian, M|31/100
|-ability|p1a: Landorus|Intimidate|boost
|-unboost|p2a: po and dangerous|atk|1
|move|p2a: po and dangerous|Earthquake|p1a: Landorus
|-immune|p1a: Landorus
|
|-weather|Sandstorm|[upkeep]
|-heal|p1a: Landorus|37/100|[from] item: Leftovers
|upkeep
|turn|27
|c| Atlhoe|that seals it
|inactive|mobb deeper has 120 seconds left.
|
|t:|1649727783
|switch|p1a: Ferrothorn|Ferrothorn, M|82/100
|move|p2a: po and dangerous|Fire Blast|p1a: Ferrothorn
|-supereffective|p1a: Ferrothorn
|-damage|p1a: Ferrothorn|0 fnt
|faint|p1a: Ferrothorn
|-damage|p2a: po and dangerous|28/100|[from] item: Life Orb
|
|-weather|Sandstorm|[upkeep]
|upkeep
|
|t:|1649727790
|switch|p1a: Landorus|Landorus-Therian, M|37/100
|-ability|p1a: Landorus|Intimidate|boost
|-unboost|p2a: po and dangerous|atk|1
|turn|28
|j| gewwge
|
|t:|1649727805
|move|p2a: po and dangerous|Draco Meteor|p1a: Landorus
|-damage|p1a: Landorus|0 fnt
|-unboost|p2a: po and dangerous|spa|2
|faint|p1a: Landorus
|-damage|p2a: po and dangerous|18/100|[from] item: Life Orb
|
|-weather|none
|upkeep
|inactive|Pinkacross has 120 seconds left.
|c| Atlhoe|cheesed out
|c| Atlhoe|out of cheese
|c| Atlhoe|refill on the fondu
|inactive|Pinkacross has 90 seconds left.
|
|t:|1649727864
|switch|p1a: Dragapult|Dragapult, M|95/100
|turn|29
|
|t:|1649727866
|switch|p2a: big pun|Hippowdon, M|100/100
|-weather|Sandstorm|[from] ability: Sand Stream|[of] p2a: big pun
|move|p1a: Dragapult|Dragon Darts|p2a: big pun
|-damage|p2a: big pun|78/100
|-anim|p1a: Dragapult|Dragon Darts|p2a: big pun
|-damage|p2a: big pun|58/100
|
|-weather|Sandstorm|[upkeep]
|-damage|p1a: Dragapult|89/100|[from] Sandstorm
|upkeep
|turn|30
|
|t:|1649727877
|move|p1a: Dragapult|Dragon Darts|p2a: big pun
|-damage|p2a: big pun|38/100
|-anim|p1a: Dragapult|Dragon Darts|p2a: big pun
|-damage|p2a: big pun|18/100
|move|p2a: big pun|Stealth Rock|p1a: Dragapult
|-sidestart|p1: Pinkacross|move: Stealth Rock
|
|-weather|Sandstorm|[upkeep]
|-damage|p1a: Dragapult|83/100|[from] Sandstorm
|upkeep
|turn|31
|
|t:|1649727880
|move|p1a: Dragapult|Dragon Darts|p2a: big pun
|-damage|p2a: big pun|0 fnt
|faint|p2a: big pun
|
|-weather|Sandstorm|[upkeep]
|-damage|p1a: Dragapult|77/100|[from] Sandstorm
|upkeep
|
|t:|1649727882
|switch|p2a: po and dangerous|Dracozolt|18/100
|turn|32
|c|☆mobb deeper|oh god please hit
|c|☆mobb deeper|please
|
|t:|1649727892
|switch|p1a: Urshifu|Urshifu-Rapid-Strike, M|5/100
|-damage|p1a: Urshifu|0 fnt|[from] Stealth Rock
|faint|p1a: Urshifu
|move|p2a: po and dangerous|Draco Meteor|p1: Urshifu|[notarget]
|-fail|p2a: po and dangerous
|
|-weather|Sandstorm|[upkeep]
|upkeep
|c|%Sp0oNl0rD|mobb there's a good chance you just thew
|
|t:|1649727893
|switch|p1a: Dragapult|Dragapult, M|77/100
|-damage|p1a: Dragapult|64/100|[from] Stealth Rock
|turn|33
|
|t:|1649727895
|move|p1a: Dragapult|Sucker Punch|p2a: po and dangerous
|-damage|p2a: po and dangerous|0 fnt
|faint|p2a: po and dangerous
|
|win|Pinkacross
|n|☆Pinkacross|pinkacross
|n|☆mobb deeper|mobbdeeper
|n| SetsuStsna|setsustsna
|n| AlZev2002|alzev2002
|n| psychoshawk|psychoshawk
|n| Cachooch|cachooch
|n| VonC_YJX|voncyjx
|n| Sp0oNl0rD|sp0onl0rd
|n| ppev|ppev
|n| Seasons In the Sun|seasonsinthesun
|n| LordXen VII|lordxenvii
|n| nyost13|nyost13
|n| clapfest|clapfest
|n| passthatj|passthatj
|n| Tuskany|tuskany
|n| Cra3k|cra3k
|n| Atlhoe|atlhoe
|n| gewwge|gewwge
|c|☆Pinkacross|gg
|c| Sp0oNl0rD|this thing is sucker punching you
|c|☆mobb deeper|fuck
|c|☆mobb deeper|me
|c|☆Pinkacross|yea we both threw there at the endgame
|l| SetsuStsna
|c|☆mobb deeper|god
|c|☆Pinkacross|me first, then u
|c| Cra3k|oh shi-
|l| Tuskany
|c| Sp0oNl0rD|yeah that was misplayed badly
|c|☆Pinkacross|but ur odds of never getting hippo crit were low
|c| Sp0oNl0rD|unfortunate
|c|☆Pinkacross|like 1 dart crit and he lost
|c|☆Pinkacross|or if I doubled
|c|☆Pinkacross|so his odds werent crazy good anyway
|c|☆mobb deeper|gg
|c|☆Pinkacross|gg
|l| VonC_YJX
