|raw|<div class="broadcast-blue"><strong>This battle is required to be public due to a player having a name starting with 'lt81yl'.</div>
|j|☆LT81YL Hervalt-GX
|j|‽lonietzzz
|t:|1625235598
|gametype|singles
|player|p1|LT81YL Hervalt-GX|ethan|1774
|player|p2|lonietzzz|pokemonbreederf|1766
|teamsize|p1|6
|teamsize|p2|6
|gen|8
|tier|[Gen 8] OU
|rated|
|rule|Sleep Clause Mod: Limit one foe put to sleep
|rule|Species Clause: Limit one of each Pokémon
|rule|OHKO Clause: OHKO moves are banned
|rule|Evasion Moves Clause: Evasion moves are banned
|rule|Endless Battle Clause: Forcing endless battles is banned
|rule|HP Percentage Mod: HP is shown in percentages
|rule|Dynamax Clause: You cannot dynamax
|clearpoke
|poke|p1|Melmetal|
|poke|p1|Cresselia, F|
|poke|p1|Crawdaunt, M|
|poke|p1|Hatterene, F|
|poke|p1|Marowak-Alola, M|
|poke|p1|Porygon2|
|poke|p2|Hatterene, F|
|poke|p2|Marowak-Alola, M|
|poke|p2|Melmetal|
|poke|p2|Crawdaunt, M|
|poke|p2|Porygon2|
|poke|p2|Cresselia, F|
|teampreview
|inactive|Battle timer is ON: inactive players will automatically lose when time's up. (requested by LT81YL Hervalt-GX)
|
|t:|1625235607
|start
|switch|p1a: Hatterene|Hatterene, F|100/100
|switch|p2a: Melmetal|Melmetal|100/100
|turn|1
|
|t:|1625235615
|move|p2a: Melmetal|Double Iron Bash|p1a: Hatterene
|-supereffective|p1a: Hatterene
|-enditem|p1a: Hatterene|Focus Sash
|-damage|p1a: Hatterene|1/100
|-supereffective|p1a: Hatterene
|-damage|p1a: Hatterene|0 fnt
|faint|p1a: Hatterene
|-hitcount|p1: Hatterene|2
|
|upkeep
|
|t:|1625235620
|switch|p1a: Marowak|Marowak-Alola, M|100/100
|turn|2
|
|t:|1625235628
|switch|p2a: Crawdaunt|Crawdaunt, M|100/100
|move|p1a: Marowak|Flare Blitz|p2a: Crawdaunt
|-resisted|p2a: Crawdaunt
|-damage|p2a: Crawdaunt|43/100
|
|upkeep
|turn|3
|
|t:|1625235635
|switch|p1a: Crawdaunt|Crawdaunt, M|100/100
|move|p2a: Crawdaunt|Knock Off|p1a: Crawdaunt
|-resisted|p1a: Crawdaunt
|-damage|p1a: Crawdaunt|49/100
|-enditem|p1a: Crawdaunt|Life Orb|[from] move: Knock Off|[of] p2a: Crawdaunt
|-damage|p2a: Crawdaunt|33/100|[from] item: Life Orb
|
|upkeep
|turn|4
|
|t:|1625235642
|move|p1a: Crawdaunt|Crabhammer|p2a: Crawdaunt|[miss]
|-miss|p1a: Crawdaunt|p2a: Crawdaunt
|move|p2a: Crawdaunt|Crabhammer|p1a: Crawdaunt
|-resisted|p1a: Crawdaunt
|-damage|p1a: Crawdaunt|0 fnt
|faint|p1a: Crawdaunt
|-damage|p2a: Crawdaunt|23/100|[from] item: Life Orb
|
|upkeep
|
|t:|1625235647
|switch|p1a: Porygon2|Porygon2|100/100
|-ability|p1a: Porygon2|Download|boost
|-boost|p1a: Porygon2|spa|1
|turn|5
|
|t:|1625235651
|switch|p2a: Melmetal|Melmetal|100/100
|move|p1a: Porygon2|Thunderbolt|p2a: Melmetal
|-damage|p2a: Melmetal|55/100
|
|upkeep
|turn|6
|
|t:|1625235657
|move|p1a: Porygon2|Thunderbolt|p2a: Melmetal
|-damage|p2a: Melmetal|7/100
|move|p2a: Melmetal|Double Iron Bash|p1a: Porygon2
|-damage|p1a: Porygon2|56/100
|-damage|p1a: Porygon2|10/100
|-hitcount|p1a: Porygon2|2
|
|upkeep
|turn|7
|
|t:|1625235665
|switch|p2a: Cresselia|Cresselia, F|100/100
|move|p1a: Porygon2|Thunderbolt|p2a: Cresselia
|-damage|p2a: Cresselia|72/100
|-status|p2a: Cresselia|par
|
|upkeep
|turn|8
|
|t:|1625235674
|move|p1a: Porygon2|Thunderbolt|p2a: Cresselia
|-damage|p2a: Cresselia|44/100 par
|move|p2a: Cresselia|Ice Beam|p1a: Porygon2
|-crit|p1a: Porygon2
|-damage|p1a: Porygon2|0 fnt
|faint|p1a: Porygon2
|
|upkeep
|
|t:|1625235680
|switch|p1a: Marowak|Marowak-Alola, M|100/100
|turn|9
|
|t:|1625235687
|switch|p2a: Hatterene|Hatterene, F|100/100
|move|p1a: Marowak|Poltergeist|p2a: Hatterene
|-activate|p2a: Hatterene|move: Poltergeist|Focus Sash
|-supereffective|p2a: Hatterene
|-enditem|p2a: Hatterene|Focus Sash
|-damage|p2a: Hatterene|1/100
|
|upkeep
|turn|10
|
|t:|1625235695
|move|p1a: Marowak|Flare Blitz|p2a: Hatterene
|-damage|p2a: Hatterene|0 fnt
|faint|p2a: Hatterene
|
|upkeep
|
|t:|1625235699
|switch|p2a: Crawdaunt|Crawdaunt, M|23/100
|turn|11
|
|t:|1625235703
|switch|p1a: Cresselia|Cresselia, F|100/100
|move|p2a: Crawdaunt|Knock Off|p1a: Cresselia
|-supereffective|p1a: Cresselia
|-damage|p1a: Cresselia|13/100
|-enditem|p1a: Cresselia|Mental Herb|[from] move: Knock Off|[of] p2a: Crawdaunt
|-damage|p2a: Crawdaunt|13/100|[from] item: Life Orb
|
|upkeep
|turn|12
|
|t:|1625235716
|move|p2a: Crawdaunt|Aqua Jet|p1a: Cresselia
|-damage|p1a: Cresselia|0 fnt
|faint|p1a: Cresselia
|-damage|p2a: Crawdaunt|3/100|[from] item: Life Orb
|
|upkeep
|
|t:|1625235722
|switch|p1a: Melmetal|Melmetal|100/100
|turn|13
|inactive|lonietzzz has 120 seconds left.
|
|t:|1625235754
|switch|p2a: Cresselia|Cresselia, F|44/100 par
|move|p1a: Melmetal|Double Iron Bash|p2a: Cresselia
|-damage|p2a: Cresselia|11/100 par
|-crit|p2a: Cresselia
|-damage|p2a: Cresselia|0 fnt
|faint|p2a: Cresselia
|-hitcount|p2: Cresselia|2
|
|upkeep
|
|t:|1625235756
|switch|p2a: Marowak|Marowak-Alola, M|100/100
|turn|14
|
|t:|1625235766
|move|p2a: Marowak|Flare Blitz|p1a: Melmetal
|-supereffective|p1a: Melmetal
|-damage|p1a: Melmetal|0 fnt
|faint|p1a: Melmetal
|
|upkeep
|
|t:|1625235769
|switch|p1a: Marowak|Marowak-Alola, M|100/100
|turn|15
|
|t:|1625235773
|move|p1a: Marowak|Poltergeist|p2a: Marowak
|-activate|p2a: Marowak|move: Poltergeist|Thick Club
|-supereffective|p2a: Marowak
|-damage|p2a: Marowak|0 fnt
|faint|p2a: Marowak
|
|upkeep
|
|t:|1625235775
|switch|p2a: Crawdaunt|Crawdaunt, M|3/100
|turn|16
|
|t:|1625235778
|move|p2a: Crawdaunt|Knock Off|p1a: Marowak
|-supereffective|p1a: Marowak
|-damage|p1a: Marowak|0 fnt
|-enditem|p1a: Marowak|Thick Club|[from] move: Knock Off|[of] p2a: Crawdaunt
|faint|p1a: Marowak
|-damage|p2a: Crawdaunt|0 fnt|[from] item: Life Orb
|faint|p2a: Crawdaunt
|
|win|lonietzzz
|raw|LT81YL Hervalt-GX's rating: 1774 &rarr; <strong>1754</strong><br />(-20 for losing)
|raw|lonietzzz's rating: 1766 &rarr; <strong>1786</strong><br />(+20 for winning)
|l|☆LT81YL Hervalt-GX
