|j|☆minimax_ai
|j|☆ghecisbestvillain
|t:|1662107169
|gametype|singles
|player|p1|minimax_ai|lusamine-nihilego|1477
|player|p2|ghecisbestvillain|scientist-gen4|1480
|teamsize|p1|6
|teamsize|p2|6
|gen|8
|tier|[Gen 8] OU
|rated|
|rule|Sleep Clause Mod: Limit one foe put to sleep
|rule|Species Clause: Limit one of each Pokémon
|rule|OHKO Clause: OHKO moves are banned
|rule|Evasion Items Clause: Evasion items are banned
|rule|Evasion Moves Clause: Evasion moves are banned
|rule|Endless Battle Clause: Forcing endless battles is banned
|rule|HP Percentage Mod: HP is shown in percentages
|rule|Dynamax Clause: You cannot dynamax
|clearpoke
|poke|p1|Rotom-Wash|
|poke|p1|Weavile, M|
|poke|p1|Landorus-Therian, M|
|poke|p1|Heatran, M|
|poke|p1|Tangrowth, M|
|poke|p1|Melmetal|
|poke|p2|Chansey, F|
|poke|p2|Quagsire, M|
|poke|p2|Zapdos|
|poke|p2|Corviknight, M|
|poke|p2|Toxapex, M|
|poke|p2|Buzzwole|
|teampreview
|c|☆minimax_ai|hf
|inactive|Battle timer is ON: inactive players will automatically lose when time's up. (requested by minimax_ai)
|
|t:|1662107188
|start
|switch|p1a: landorustherian|Landorus-Therian, M|100/100
|switch|p2a: Quagsire|Quagsire, M|100/100
|-ability|p1a: landorustherian|Intimidate|boost
|-unboost|p2a: Quagsire|atk|1
|turn|1
|
|t:|1662107194
|move|p1a: landorustherian|Toxic|p2a: Quagsire
|-status|p2a: Quagsire|tox
|move|p2a: Quagsire|Toxic|p1a: landorustherian
|-status|p1a: landorustherian|tox
|
|-damage|p1a: landorustherian|94/100 tox|[from] psn
|-damage|p2a: Quagsire|94/100 tox|[from] psn
|upkeep
|turn|2
|
|t:|1662107202
|switch|p2a: Chansey|Chansey, F|100/100
|move|p1a: landorustherian|U-turn|p2a: Chansey
|-damage|p2a: Chansey|83/100
|
|t:|1662107202
|switch|p1a: Melmetal|Melmetal|100/100|[from]move: U-turn
|
|upkeep
|turn|3
|
|t:|1662107210
|switch|p2a: Toxapex|Toxapex, M|100/100
|move|p1a: Melmetal|Double Iron Bash|p2a: Toxapex
|-resisted|p2a: Toxapex
|-damage|p2a: Toxapex|89/100
|-damage|p1a: Melmetal|84/100|[from] item: Rocky Helmet|[of] p2a: Toxapex
|-resisted|p2a: Toxapex
|-damage|p2a: Toxapex|77/100
|-damage|p1a: Melmetal|67/100|[from] item: Rocky Helmet|[of] p2a: Toxapex
|-hitcount|p2a: Toxapex|2
|
|upkeep
|turn|4
|
|t:|1662107221
|move|p1a: Melmetal|Double Iron Bash|p2a: Toxapex
|-resisted|p2a: Toxapex
|-damage|p2a: Toxapex|66/100
|-damage|p1a: Melmetal|51/100|[from] item: Rocky Helmet|[of] p2a: Toxapex
|-resisted|p2a: Toxapex
|-damage|p2a: Toxapex|53/100
|-damage|p1a: Melmetal|34/100|[from] item: Rocky Helmet|[of] p2a: Toxapex
|-hitcount|p2a: Toxapex|2
|cant|p2a: Toxapex|flinch
|
|upkeep
|turn|5
|
|t:|1662107229
|move|p1a: Melmetal|Double Iron Bash|p2a: Toxapex
|-resisted|p2a: Toxapex
|-damage|p2a: Toxapex|41/100
|-damage|p1a: Melmetal|18/100|[from] item: Rocky Helmet|[of] p2a: Toxapex
|-resisted|p2a: Toxapex
|-damage|p2a: Toxapex|29/100
|-damage|p1a: Melmetal|1/100|[from] item: Rocky Helmet|[of] p2a: Toxapex
|-hitcount|p2a: Toxapex|2
|cant|p2a: Toxapex|flinch
|
|upkeep
|turn|6
|
|t:|1662107241
|switch|p1a: rotomwash|Rotom-Wash|100/100
|move|p2a: Toxapex|Recover|p2a: Toxapex
|-heal|p2a: Toxapex|79/100
|
|upkeep
|turn|7
|
|t:|1662107249
|switch|p2a: Chansey|Chansey, F|83/100
|move|p1a: rotomwash|Nasty Plot|p1a: rotomwash
|-boost|p1a: rotomwash|spa|2
|
|upkeep
|turn|8
|
|t:|1662107255
|move|p1a: rotomwash|Nasty Plot|p1a: rotomwash
|-boost|p1a: rotomwash|spa|2
|move|p2a: Chansey|Aromatherapy|p2a: Chansey
|-activate|p2a: Chansey|move: Aromatherapy
|-curestatus|p2: Quagsire|tox|[msg]
|
|upkeep
|turn|9
|
|t:|1662107263
|move|p1a: rotomwash|Thunderbolt|p2a: Chansey
|-damage|p2a: Chansey|53/100
|move|p2a: Chansey|Seismic Toss|p1a: rotomwash
|-damage|p1a: rotomwash|68/100
|
|-heal|p1a: rotomwash|74/100|[from] item: Leftovers
|upkeep
|turn|10
|
|t:|1662107271
|move|p1a: rotomwash|Thunderbolt|p2a: Chansey
|-damage|p2a: Chansey|25/100
|move|p2a: Chansey|Soft-Boiled|p2a: Chansey
|-heal|p2a: Chansey|75/100
|
|-heal|p1a: rotomwash|80/100|[from] item: Leftovers
|upkeep
|turn|11
|
|t:|1662107279
|move|p1a: rotomwash|Hydro Pump|p2a: Chansey
|-damage|p2a: Chansey|36/100
|move|p2a: Chansey|Soft-Boiled|p2a: Chansey
|-heal|p2a: Chansey|87/100
|
|-heal|p1a: rotomwash|86/100|[from] item: Leftovers
|upkeep
|turn|12
|
|t:|1662107289
|move|p1a: rotomwash|Thunderbolt|p2a: Chansey
|-damage|p2a: Chansey|60/100
|move|p2a: Chansey|Seismic Toss|p1a: rotomwash
|-damage|p1a: rotomwash|53/100
|
|-heal|p1a: rotomwash|60/100|[from] item: Leftovers
|upkeep
|turn|13
|
|t:|1662107297
|move|p1a: rotomwash|Thunderbolt|p2a: Chansey
|-damage|p2a: Chansey|33/100
|move|p2a: Chansey|Soft-Boiled|p2a: Chansey
|-heal|p2a: Chansey|83/100
|
|-heal|p1a: rotomwash|66/100|[from] item: Leftovers
|upkeep
|turn|14
|
|t:|1662107305
|move|p1a: rotomwash|Pain Split|p2a: Chansey
|-sethp|p2a: Chansey|56/100|[from] move: Pain Split|[silent]
|-sethp|p1a: rotomwash|100/100|[from] move: Pain Split
|move|p2a: Chansey|Seismic Toss|p1a: rotomwash
|-damage|p1a: rotomwash|68/100
|
|-heal|p1a: rotomwash|74/100|[from] item: Leftovers
|upkeep
|turn|15
|
|t:|1662107314
|move|p1a: rotomwash|Pain Split|p2a: Chansey
|-sethp|p2a: Chansey|44/100|[from] move: Pain Split|[silent]
|-sethp|p1a: rotomwash|100/100|[from] move: Pain Split
|move|p2a: Chansey|Soft-Boiled|p2a: Chansey
|-heal|p2a: Chansey|94/100
|
|upkeep
|turn|16
|
|t:|1662107320
|move|p1a: rotomwash|Thunderbolt|p2a: Chansey
|-damage|p2a: Chansey|64/100
|move|p2a: Chansey|Stealth Rock|p1a: rotomwash
|-sidestart|p1: minimax_ai|move: Stealth Rock
|
|upkeep
|turn|17
|
|t:|1662107326
|move|p1a: rotomwash|Thunderbolt|p2a: Chansey
|-damage|p2a: Chansey|34/100
|move|p2a: Chansey|Soft-Boiled|p2a: Chansey
|-heal|p2a: Chansey|84/100
|
|upkeep
|turn|18
|
|t:|1662107331
|switch|p2a: Quagsire|Quagsire, M|94/100
|move|p1a: rotomwash|Thunderbolt|p2a: Quagsire
|-immune|p2a: Quagsire
|
|-heal|p2a: Quagsire|100/100|[from] item: Leftovers
|upkeep
|turn|19
|
|t:|1662107339
|move|p1a: rotomwash|Hydro Pump|p2a: Quagsire
|-damage|p2a: Quagsire|52/100
|move|p2a: Quagsire|Recover|p2a: Quagsire
|-heal|p2a: Quagsire|100/100
|
|upkeep
|turn|20
|
|t:|1662107344
|move|p1a: rotomwash|Hydro Pump|p2a: Quagsire
|-damage|p2a: Quagsire|50/100
|move|p2a: Quagsire|Toxic|p1a: rotomwash
|-status|p1a: rotomwash|tox
|
|-heal|p2a: Quagsire|56/100|[from] item: Leftovers
|-damage|p1a: rotomwash|94/100 tox|[from] psn
|upkeep
|turn|21
|
|t:|1662107352
|move|p1a: rotomwash|Hydro Pump|p2a: Quagsire
|-damage|p2a: Quagsire|8/100
|move|p2a: Quagsire|Recover|p2a: Quagsire
|-heal|p2a: Quagsire|58/100
|
|-heal|p1a: rotomwash|100/100 tox|[from] item: Leftovers
|-heal|p2a: Quagsire|64/100|[from] item: Leftovers
|-damage|p1a: rotomwash|88/100 tox|[from] psn
|upkeep
|turn|22
|
|t:|1662107362
|move|p1a: rotomwash|Hydro Pump|p2a: Quagsire
|-damage|p2a: Quagsire|15/100
|move|p2a: Quagsire|Recover|p2a: Quagsire
|-heal|p2a: Quagsire|65/100
|
|-heal|p1a: rotomwash|94/100 tox|[from] item: Leftovers
|-heal|p2a: Quagsire|71/100|[from] item: Leftovers
|-damage|p1a: rotomwash|75/100 tox|[from] psn
|upkeep
|turn|23
|
|t:|1662107371
|move|p1a: rotomwash|Hydro Pump|p2a: Quagsire|[miss]
|-miss|p1a: rotomwash|p2a: Quagsire
|move|p2a: Quagsire|Recover|p2a: Quagsire
|-heal|p2a: Quagsire|100/100
|
|-heal|p1a: rotomwash|82/100 tox|[from] item: Leftovers
|-damage|p1a: rotomwash|57/100 tox|[from] psn
|upkeep
|turn|24
|
|t:|1662107379
|move|p1a: rotomwash|Thunderbolt|p2a: Quagsire
|-immune|p2a: Quagsire
|move|p2a: Quagsire|Scald|p1a: rotomwash
|-resisted|p1a: rotomwash
|-damage|p1a: rotomwash|46/100 tox
|
|-heal|p1a: rotomwash|52/100 tox|[from] item: Leftovers
|-damage|p1a: rotomwash|21/100 tox|[from] psn
|upkeep
|turn|25
|
|t:|1662107389
|move|p1a: rotomwash|Hydro Pump|p2a: Quagsire|[miss]
|-miss|p1a: rotomwash|p2a: Quagsire
|move|p2a: Quagsire|Recover||[still]
|-fail|p2a: Quagsire|heal
|
|-heal|p1a: rotomwash|27/100 tox|[from] item: Leftovers
|-damage|p1a: rotomwash|0 fnt|[from] psn
|faint|p1a: rotomwash
|upkeep
|
|t:|1662107389
|switch|p1a: landorustherian|Landorus-Therian, M|94/100 tox
|-damage|p1a: landorustherian|82/100 tox|[from] Stealth Rock
|-ability|p1a: landorustherian|Intimidate|boost
|-unboost|p2a: Quagsire|atk|1
|turn|26
|
|t:|1662107403
|switch|p2a: Corviknight|Corviknight, M|100/100
|-ability|p2a: Corviknight|Pressure
|move|p1a: landorustherian|Defog|p2a: Corviknight
|-unboost|p2a: Corviknight|evasion|1
|-sideend|p1: minimax_ai|Stealth Rock|[from] move: Defog|[of] p1a: landorustherian
|
|-heal|p1a: landorustherian|88/100 tox|[from] item: Leftovers
|-damage|p1a: landorustherian|82/100 tox|[from] psn
|upkeep
|turn|27
|
|t:|1662107421
|switch|p1a: Tangrowth|Tangrowth, M|100/100
|switch|p2a: Quagsire|Quagsire, M|100/100
|
|upkeep
|turn|28
|
|t:|1662107426
|switch|p2a: Chansey|Chansey, F|84/100
|move|p1a: Tangrowth|Sleep Powder|p2a: Chansey
|-status|p2a: Chansey|slp|[from] move: Sleep Powder
|
|upkeep
|turn|29
|
|t:|1662107432
|cant|p2a: Chansey|slp
|move|p1a: Tangrowth|Giga Drain|p2a: Chansey
|-damage|p2a: Chansey|75/100 slp
|
|upkeep
|turn|30
|
|t:|1662107437
|cant|p2a: Chansey|slp
|move|p1a: Tangrowth|Giga Drain|p2a: Chansey
|-damage|p2a: Chansey|67/100 slp
|
|upkeep
|turn|31
|
|t:|1662107442
|cant|p2a: Chansey|slp
|move|p1a: Tangrowth|Giga Drain|p2a: Chansey
|-damage|p2a: Chansey|59/100 slp
|
|upkeep
|turn|32
|
|t:|1662107447
|-curestatus|p2a: Chansey|slp|[msg]
|move|p2a: Chansey|Soft-Boiled|p2a: Chansey
|-heal|p2a: Chansey|100/100
|move|p1a: Tangrowth|Sleep Powder|p2a: Chansey
|-status|p2a: Chansey|slp|[from] move: Sleep Powder
|
|upkeep
|turn|33
|
|t:|1662107454
|cant|p2a: Chansey|slp
|move|p1a: Tangrowth|Giga Drain|p2a: Chansey
|-damage|p2a: Chansey|92/100 slp
|
|upkeep
|turn|34
|
|t:|1662107459
|cant|p2a: Chansey|slp
|move|p1a: Tangrowth|Giga Drain|p2a: Chansey
|-damage|p2a: Chansey|84/100 slp
|
|upkeep
|turn|35
|
|t:|1662107464
|cant|p2a: Chansey|slp
|move|p1a: Tangrowth|Giga Drain|p2a: Chansey
|-damage|p2a: Chansey|76/100 slp
|
|upkeep
|turn|36
|
|t:|1662107468
|-curestatus|p2a: Chansey|slp|[msg]
|move|p2a: Chansey|Stealth Rock|p1a: Tangrowth
|-sidestart|p1: minimax_ai|move: Stealth Rock
|move|p1a: Tangrowth|Giga Drain|p2a: Chansey
|-damage|p2a: Chansey|69/100
|
|upkeep
|turn|37
|
|t:|1662107477
|move|p2a: Chansey|Soft-Boiled|p2a: Chansey
|-heal|p2a: Chansey|100/100
|move|p1a: Tangrowth|Focus Blast|p2a: Chansey|[miss]
|-miss|p1a: Tangrowth|p2a: Chansey
|
|upkeep
|turn|38
|
|t:|1662107487
|move|p2a: Chansey|Seismic Toss|p1a: Tangrowth
|-damage|p1a: Tangrowth|76/100
|-damage|p2a: Chansey|84/100|[from] item: Rocky Helmet|[of] p1a: Tangrowth
|move|p1a: Tangrowth|Sleep Powder|p2a: Chansey
|-status|p2a: Chansey|slp|[from] move: Sleep Powder
|
|upkeep
|turn|39
|
|t:|1662107494
|cant|p2a: Chansey|slp
|move|p1a: Tangrowth|Sleep Powder|p2a: Chansey
|-fail|p2a: Chansey|slp
|
|upkeep
|turn|40
|
|t:|1662107499
|-curestatus|p2a: Chansey|slp|[msg]
|move|p2a: Chansey|Stealth Rock||[still]
|-fail|p2a: Chansey
|move|p1a: Tangrowth|Sleep Powder|p2a: Chansey
|-status|p2a: Chansey|slp|[from] move: Sleep Powder
|
|upkeep
|turn|41
|
|t:|1662107506
|cant|p2a: Chansey|slp
|move|p1a: Tangrowth|Sleep Powder|p2a: Chansey|[miss]
|-miss|p1a: Tangrowth|p2a: Chansey
|
|upkeep
|turn|42
|
|t:|1662107511
|-curestatus|p2a: Chansey|slp|[msg]
|move|p2a: Chansey|Stealth Rock||[still]
|-fail|p2a: Chansey
|move|p1a: Tangrowth|Sleep Powder|p2a: Chansey
|-status|p2a: Chansey|slp|[from] move: Sleep Powder
|
|upkeep
|turn|43
|
|t:|1662107517
|cant|p2a: Chansey|slp
|move|p1a: Tangrowth|Sleep Powder|p2a: Chansey|[miss]
|-miss|p1a: Tangrowth|p2a: Chansey
|
|upkeep
|turn|44
|
|t:|1662107524
|-curestatus|p2a: Chansey|slp|[msg]
|move|p2a: Chansey|Stealth Rock||[still]
|-fail|p2a: Chansey
|move|p1a: Tangrowth|Sleep Powder|p2a: Chansey
|-status|p2a: Chansey|slp|[from] move: Sleep Powder
|
|upkeep
|turn|45
|
|t:|1662107531
|cant|p2a: Chansey|slp
|move|p1a: Tangrowth|Sleep Powder|p2a: Chansey
|-fail|p2a: Chansey|slp
|
|upkeep
|turn|46
|
|t:|1662107535
|-curestatus|p2a: Chansey|slp|[msg]
|move|p2a: Chansey|Stealth Rock||[still]
|-fail|p2a: Chansey
|move|p1a: Tangrowth|Sleep Powder|p2a: Chansey
|-status|p2a: Chansey|slp|[from] move: Sleep Powder
|
|upkeep
|turn|47
|
|t:|1662107542
|cant|p2a: Chansey|slp
|move|p1a: Tangrowth|Sleep Powder|p2a: Chansey
|-fail|p2a: Chansey|slp
|
|upkeep
|turn|48
|
|t:|1662107547
|-curestatus|p2a: Chansey|slp|[msg]
|move|p2a: Chansey|Stealth Rock||[still]
|-fail|p2a: Chansey
|move|p1a: Tangrowth|Sleep Powder|p2a: Chansey
|-status|p2a: Chansey|slp|[from] move: Sleep Powder
|
|upkeep
|turn|49
|
|t:|1662107554
|cant|p2a: Chansey|slp
|move|p1a: Tangrowth|Sleep Powder|p2a: Chansey
|-fail|p2a: Chansey|slp
|
|upkeep
|turn|50
|
|t:|1662107559
|-curestatus|p2a: Chansey|slp|[msg]
|move|p2a: Chansey|Seismic Toss|p1a: Tangrowth
|-damage|p1a: Tangrowth|51/100
|-damage|p2a: Chansey|67/100|[from] item: Rocky Helmet|[of] p1a: Tangrowth
|move|p1a: Tangrowth|Sleep Powder|p2a: Chansey|[miss]
|-miss|p1a: Tangrowth|p2a: Chansey
|
|upkeep
|turn|51
|
|t:|1662107568
|move|p2a: Chansey|Soft-Boiled|p2a: Chansey
|-heal|p2a: Chansey|100/100
|move|p1a: Tangrowth|Giga Drain|p2a: Chansey
|-damage|p2a: Chansey|92/100
|-heal|p1a: Tangrowth|58/100|[from] drain|[of] p2a: Chansey
|
|upkeep
|turn|52
|
|t:|1662107576
|move|p2a: Chansey|Seismic Toss|p1a: Tangrowth
|-damage|p1a: Tangrowth|34/100
|-damage|p2a: Chansey|75/100|[from] item: Rocky Helmet|[of] p1a: Tangrowth
|move|p1a: Tangrowth|Giga Drain|p2a: Chansey
|-damage|p2a: Chansey|68/100
|-heal|p1a: Tangrowth|40/100|[from] drain|[of] p2a: Chansey
|
|upkeep
|turn|53
|
|t:|1662107584
|move|p2a: Chansey|Seismic Toss|p1a: Tangrowth
|-damage|p1a: Tangrowth|16/100
|-damage|p2a: Chansey|51/100|[from] item: Rocky Helmet|[of] p1a: Tangrowth
|move|p1a: Tangrowth|Giga Drain|p2a: Chansey
|-damage|p2a: Chansey|44/100
|-heal|p1a: Tangrowth|22/100|[from] drain|[of] p2a: Chansey
|
|upkeep
|turn|54
|
|t:|1662107592
|switch|p1a: landorustherian|Landorus-Therian, M|82/100 tox
|-damage|p1a: landorustherian|70/100 tox|[from] Stealth Rock
|-ability|p1a: landorustherian|Intimidate|boost
|-unboost|p2a: Chansey|atk|1
|move|p2a: Chansey|Soft-Boiled|p2a: Chansey
|-heal|p2a: Chansey|94/100
|
|-heal|p1a: landorustherian|76/100 tox|[from] item: Leftovers
|-damage|p1a: landorustherian|70/100 tox|[from] psn
|upkeep
|turn|55
|
|t:|1662107602
|move|p1a: landorustherian|Defog|p2a: Chansey
|-unboost|p2a: Chansey|evasion|1
|-sideend|p1: minimax_ai|Stealth Rock|[from] move: Defog|[of] p1a: landorustherian
|move|p2a: Chansey|Seismic Toss|p1a: landorustherian
|-damage|p1a: landorustherian|44/100 tox
|
|-heal|p1a: landorustherian|50/100 tox|[from] item: Leftovers
|-damage|p1a: landorustherian|38/100 tox|[from] psn
|upkeep
|turn|56
|
|t:|1662107612
|switch|p1a: Tangrowth|Tangrowth, M|55/100
|move|p2a: Chansey|Stealth Rock|p1a: Tangrowth
|-sidestart|p1: minimax_ai|move: Stealth Rock
|
|upkeep
|turn|57
|
|t:|1662107621
|switch|p2a: Toxapex|Toxapex, M|100/100
|move|p1a: Tangrowth|Sleep Powder|p2a: Toxapex
|-status|p2a: Toxapex|slp|[from] move: Sleep Powder
|
|upkeep
|turn|58
|
|t:|1662107633
|switch|p2a: Zapdos|Zapdos|100/100
|-ability|p2a: Zapdos|Pressure
|move|p1a: Tangrowth|Giga Drain|p2a: Zapdos
|-resisted|p2a: Zapdos
|-damage|p2a: Zapdos|90/100
|-heal|p1a: Tangrowth|60/100|[from] drain|[of] p2a: Zapdos
|
|upkeep
|turn|59
|
|t:|1662107645
|switch|p2a: Chansey|Chansey, F|94/100
|switch|p1a: landorustherian|Landorus-Therian, M|38/100 tox
|-damage|p1a: landorustherian|25/100 tox|[from] Stealth Rock
|-ability|p1a: landorustherian|Intimidate|boost
|-unboost|p2a: Chansey|atk|1
|
|-heal|p1a: landorustherian|31/100 tox|[from] item: Leftovers
|-damage|p1a: landorustherian|25/100 tox|[from] psn
|upkeep
|turn|60
|
|t:|1662107656
|move|p1a: landorustherian|Defog|p2a: Chansey
|-unboost|p2a: Chansey|evasion|1
|-sideend|p1: minimax_ai|Stealth Rock|[from] move: Defog|[of] p1a: landorustherian
|move|p2a: Chansey|Aromatherapy|p2a: Chansey
|-activate|p2a: Chansey|move: Aromatherapy
|-curestatus|p2: Toxapex|slp|[msg]
|
|-heal|p1a: landorustherian|31/100 tox|[from] item: Leftovers
|-damage|p1a: landorustherian|19/100 tox|[from] psn
|upkeep
|turn|61
|
|t:|1662107665
|switch|p1a: Tangrowth|Tangrowth, M|93/100
|move|p2a: Chansey|Stealth Rock|p1a: Tangrowth
|-sidestart|p1: minimax_ai|move: Stealth Rock
|
|upkeep
|turn|62
|
|t:|1662107674
|switch|p2a: Corviknight|Corviknight, M|100/100
|-ability|p2a: Corviknight|Pressure
|move|p1a: Tangrowth|Sleep Powder|p2a: Corviknight
|-status|p2a: Corviknight|slp|[from] move: Sleep Powder
|
|upkeep
|turn|63
|
|t:|1662107681
|switch|p2a: Chansey|Chansey, F|94/100
|move|p1a: Tangrowth|Giga Drain|p2a: Chansey
|-damage|p2a: Chansey|86/100
|-heal|p1a: Tangrowth|99/100|[from] drain|[of] p2a: Chansey
|
|upkeep
|turn|64
|
|t:|1662107687
|switch|p2a: Corviknight|Corviknight, M|100/100 slp
|-ability|p2a: Corviknight|Pressure
|move|p1a: Tangrowth|Knock Off|p2a: Corviknight
|-damage|p2a: Corviknight|86/100 slp
|-enditem|p2a: Corviknight|Leftovers|[from] move: Knock Off|[of] p1a: Tangrowth
|
|upkeep
|turn|65
|
|t:|1662107697
|switch|p2a: Zapdos|Zapdos|90/100
|-ability|p2a: Zapdos|Pressure
|move|p1a: Tangrowth|Knock Off|p2a: Zapdos
|-damage|p2a: Zapdos|68/100
|-enditem|p2a: Zapdos|Heavy-Duty Boots|[from] move: Knock Off|[of] p1a: Tangrowth
|
|upkeep
|turn|66
|
|t:|1662107706
|switch|p1a: landorustherian|Landorus-Therian, M|19/100 tox
|-damage|p1a: landorustherian|7/100 tox|[from] Stealth Rock
|-ability|p1a: landorustherian|Intimidate|boost
|-unboost|p2a: Zapdos|atk|1
|move|p2a: Zapdos|Discharge|p1a: landorustherian
|-immune|p1a: landorustherian
|
|-heal|p1a: landorustherian|13/100 tox|[from] item: Leftovers
|-damage|p1a: landorustherian|7/100 tox|[from] psn
|upkeep
|turn|67
|
|t:|1662107717
|move|p2a: Zapdos|Heat Wave|p1a: landorustherian
|-damage|p1a: landorustherian|0 fnt
|faint|p1a: landorustherian
|
|upkeep
|
|t:|1662107717
|switch|p1a: Heatran|Heatran, M|100/100
|-damage|p1a: Heatran|88/100|[from] Stealth Rock
|-item|p1a: Heatran|Air Balloon
|turn|68
|j| toetoe828
|
|t:|1662107725
|switch|p2a: Quagsire|Quagsire, M|100/100
|move|p1a: Heatran|Magma Storm|p2a: Quagsire
|-resisted|p2a: Quagsire
|-damage|p2a: Quagsire|69/100
|-activate|p2a: Quagsire|move: Magma Storm|[of] p1a: Heatran
|
|-heal|p2a: Quagsire|75/100|[from] item: Leftovers
|-damage|p2a: Quagsire|62/100|[from] move: Magma Storm|[partiallytrapped]
|upkeep
|turn|69
|
|t:|1662107734
|move|p1a: Heatran|Magma Storm|p2a: Quagsire|[miss]
|-miss|p1a: Heatran|p2a: Quagsire
|move|p2a: Quagsire|Scald|p1a: Heatran
|-supereffective|p1a: Heatran
|-damage|p1a: Heatran|49/100
|-enditem|p1a: Heatran|Air Balloon
|
|-heal|p2a: Quagsire|68/100|[from] item: Leftovers
|-damage|p2a: Quagsire|56/100|[from] move: Magma Storm|[partiallytrapped]
|upkeep
|turn|70
|
|t:|1662107744
|switch|p1a: Tangrowth|Tangrowth, M|100/100
|-damage|p1a: Tangrowth|88/100|[from] Stealth Rock
|move|p2a: Quagsire|Earth Power|p1a: Tangrowth
|-resisted|p1a: Tangrowth
|-damage|p1a: Tangrowth|71/100
|
|-heal|p2a: Quagsire|62/100|[from] item: Leftovers
|-end|p2a: Quagsire|Magma Storm|[partiallytrapped]|[silent]
|upkeep
|turn|71
|
|t:|1662107754
|switch|p2a: Corviknight|Corviknight, M|86/100 slp
|-ability|p2a: Corviknight|Pressure
|move|p1a: Tangrowth|Giga Drain|p2a: Corviknight
|-resisted|p2a: Corviknight
|-damage|p2a: Corviknight|79/100 slp
|-heal|p1a: Tangrowth|75/100|[from] drain|[of] p2a: Corviknight
|
|upkeep
|turn|72
|
|t:|1662107766
|switch|p2a: Zapdos|Zapdos|68/100
|-ability|p2a: Zapdos|Pressure
|switch|p1a: Melmetal|Melmetal|1/100
|-damage|p1a: Melmetal|0 fnt|[from] Stealth Rock
|faint|p1a: Melmetal
|
|upkeep
|
|t:|1662107766
|switch|p1a: Heatran|Heatran, M|49/100
|-damage|p1a: Heatran|37/100|[from] Stealth Rock
|turn|73
|
|t:|1662107778
|switch|p2a: Quagsire|Quagsire, M|62/100
|move|p1a: Heatran|Magma Storm|p2a: Quagsire|[miss]
|-miss|p1a: Heatran|p2a: Quagsire
|
|-heal|p2a: Quagsire|68/100|[from] item: Leftovers
|upkeep
|turn|74
|
|t:|1662107785
|move|p1a: Heatran|Stealth Rock|p2a: Quagsire
|-sidestart|p2: ghecisbestvillain|move: Stealth Rock
|move|p2a: Quagsire|Toxic|p1a: Heatran
|-immune|p1a: Heatran
|
|-heal|p2a: Quagsire|74/100|[from] item: Leftovers
|upkeep
|turn|75
|
|t:|1662107791
|switch|p1a: Tangrowth|Tangrowth, M|100/100
|-damage|p1a: Tangrowth|88/100|[from] Stealth Rock
|move|p2a: Quagsire|Toxic|p1a: Tangrowth
|-status|p1a: Tangrowth|tox
|
|-heal|p2a: Quagsire|80/100|[from] item: Leftovers
|-damage|p1a: Tangrowth|82/100 tox|[from] psn
|upkeep
|turn|76
|
|t:|1662107803
|switch|p2a: Chansey|Chansey, F|86/100
|-damage|p2a: Chansey|74/100|[from] Stealth Rock
|move|p1a: Tangrowth|Giga Drain|p2a: Chansey
|-damage|p2a: Chansey|66/100
|-heal|p1a: Tangrowth|88/100 tox|[from] drain|[of] p2a: Chansey
|
|-damage|p1a: Tangrowth|76/100 tox|[from] psn
|upkeep
|turn|77
|
|t:|1662107814
|switch|p1a: Weavile|Weavile, M|100/100
|-damage|p1a: Weavile|76/100|[from] Stealth Rock
|-ability|p1a: Weavile|Pressure
|move|p2a: Chansey|Seismic Toss|p1a: Weavile
|-damage|p1a: Weavile|40/100
|
|upkeep
|turn|78
|
|t:|1662107823
|switch|p2a: Toxapex|Toxapex, M|100/100
|-damage|p2a: Toxapex|88/100|[from] Stealth Rock
|move|p1a: Weavile|Triple Axel|p2a: Toxapex
|-resisted|p2a: Toxapex
|-crit|p2a: Toxapex
|-damage|p2a: Toxapex|82/100
|-damage|p1a: Weavile|24/100|[from] item: Rocky Helmet|[of] p2a: Toxapex
|-resisted|p2a: Toxapex
|-damage|p2a: Toxapex|73/100
|-damage|p1a: Weavile|7/100|[from] item: Rocky Helmet|[of] p2a: Toxapex
|-hitcount|p2a: Toxapex|2
|
|upkeep
|turn|79
|
|t:|1662107836
|switch|p1a: Tangrowth|Tangrowth, M|100/100 tox
|-damage|p1a: Tangrowth|88/100 tox|[from] Stealth Rock
|move|p2a: Toxapex|Knock Off|p1a: Tangrowth
|-damage|p1a: Tangrowth|81/100 tox
|-damage|p2a: Toxapex|57/100|[from] item: Rocky Helmet|[of] p1a: Tangrowth
|-enditem|p1a: Tangrowth|Rocky Helmet|[from] move: Knock Off|[of] p2a: Toxapex
|
|-damage|p1a: Tangrowth|75/100 tox|[from] psn
|upkeep
|turn|80
|
|t:|1662107851
|switch|p1a: Heatran|Heatran, M|37/100
|-damage|p1a: Heatran|24/100|[from] Stealth Rock
|switch|p2a: Chansey|Chansey, F|66/100
|-damage|p2a: Chansey|54/100|[from] Stealth Rock
|
|upkeep
|turn|81
|
|t:|1662107860
|move|p1a: Heatran|Magma Storm|p2a: Chansey|[miss]
|-miss|p1a: Heatran|p2a: Chansey
|move|p2a: Chansey|Seismic Toss|p1a: Heatran
|-damage|p1a: Heatran|0 fnt
|faint|p1a: Heatran
|
|upkeep
|
|t:|1662107860
|switch|p1a: Tangrowth|Tangrowth, M|100/100 tox
|-damage|p1a: Tangrowth|88/100 tox|[from] Stealth Rock
|turn|82
|
|t:|1662107870
|move|p2a: Chansey|Soft-Boiled|p2a: Chansey
|-heal|p2a: Chansey|100/100
|move|p1a: Tangrowth|Focus Blast|p2a: Chansey
|-supereffective|p2a: Chansey
|-damage|p2a: Chansey|82/100
|
|-damage|p1a: Tangrowth|82/100 tox|[from] psn
|upkeep
|turn|83
|
|t:|1662107878
|move|p2a: Chansey|Aromatherapy|p2a: Chansey
|-activate|p2a: Chansey|move: Aromatherapy
|-curestatus|p2: Corviknight|slp|[msg]
|move|p1a: Tangrowth|Focus Blast|p2a: Chansey|[miss]
|-miss|p1a: Tangrowth|p2a: Chansey
|
|-damage|p1a: Tangrowth|70/100 tox|[from] psn
|upkeep
|turn|84
|
|t:|1662107887
|move|p2a: Chansey|Seismic Toss|p1a: Tangrowth
|-damage|p1a: Tangrowth|45/100 tox
|move|p1a: Tangrowth|Sleep Powder|p2a: Chansey
|-status|p2a: Chansey|slp|[from] move: Sleep Powder
|
|-damage|p1a: Tangrowth|26/100 tox|[from] psn
|upkeep
|turn|85
|
|t:|1662107901
|-curestatus|p2a: Chansey|slp|[from] ability: Natural Cure
|switch|p2a: Corviknight|Corviknight, M|79/100
|-damage|p2a: Corviknight|67/100|[from] Stealth Rock
|-ability|p2a: Corviknight|Pressure
|switch|p1a: Weavile|Weavile, M|7/100
|-damage|p1a: Weavile|0 fnt|[from] Stealth Rock
|faint|p1a: Weavile
|
|upkeep
|
|t:|1662107901
|switch|p1a: Tangrowth|Tangrowth, M|59/100 tox
|-damage|p1a: Tangrowth|47/100 tox|[from] Stealth Rock
|turn|86
|
|t:|1662107915
|move|p2a: Corviknight|Brave Bird|p1a: Tangrowth
|-supereffective|p1a: Tangrowth
|-crit|p1a: Tangrowth
|-damage|p1a: Tangrowth|0 fnt
|faint|p1a: Tangrowth
|-damage|p2a: Corviknight|51/100|[from] Recoil
|
|win|ghecisbestvillain
|raw|minimax_ai's rating: 1449 &rarr; <strong>1431</strong><br />(-18 for losing)
|raw|ghecisbestvillain's rating: 1480 &rarr; <strong>1498</strong><br />(+18 for winning)
|c|☆minimax_ai|gg
