|j|☆big boss 447
|j|☆daheatahfajita
|t:|1647676634
|gametype|singles
|player|p1|big boss 447|harlequin|1701
|player|p2|daheatahfajita|169|1737
|teamsize|p1|6
|teamsize|p2|6
|gen|8
|tier|[Gen 8] OU
|rated|
|rule|Sleep Clause Mod: Limit one foe put to sleep
|rule|Species Clause: Limit one of each Pokémon
|rule|OHKO Clause: OHKO moves are banned
|rule|Evasion Moves Clause: Evasion moves are banned
|rule|Endless Battle Clause: Forcing endless battles is banned
|rule|HP Percentage Mod: HP is shown in percentages
|rule|Dynamax Clause: You cannot dynamax
|clearpoke
|poke|p1|Zeraora|
|poke|p1|Tapu Koko|
|poke|p1|Urshifu-*, F|
|poke|p1|Tornadus-Therian, M|
|poke|p1|Melmetal|
|poke|p1|Ferrothorn, F|
|poke|p2|Volcarona, M|
|poke|p2|Slowbro, M|
|poke|p2|Tornadus-Therian, M|
|poke|p2|Garchomp, F|
|poke|p2|Blissey, F|
|poke|p2|Aegislash, M|
|teampreview
|inactive|Battle timer is ON: inactive players will automatically lose when time's up. (requested by big boss 447)
|
|t:|1647676654
|start
|switch|p1a: Tornadus|Tornadus-Therian, M|100/100
|switch|p2a: Garchomp|Garchomp, F|100/100
|turn|1
|j| yly333
|
|t:|1647676659
|move|p1a: Tornadus|Icy Wind|p2a: Garchomp
|-supereffective|p2a: Garchomp
|-crit|p2a: Garchomp
|-damage|p2a: Garchomp|45/100
|-unboost|p2a: Garchomp|spe|1
|move|p2a: Garchomp|Toxic|p1a: Tornadus
|-status|p1a: Tornadus|tox
|
|-heal|p2a: Garchomp|51/100|[from] item: Leftovers
|-damage|p1a: Tornadus|94/100 tox|[from] psn
|upkeep
|turn|2
|
|t:|1647676668
|switch|p2a: Blissey|Blissey, F|100/100
|move|p1a: Tornadus|Knock Off|p2a: Blissey
|-damage|p2a: Blissey|83/100
|-enditem|p2a: Blissey|Heavy-Duty Boots|[from] move: Knock Off|[of] p1a: Tornadus
|
|-damage|p1a: Tornadus|82/100 tox|[from] psn
|upkeep
|turn|3
|
|t:|1647676690
|switch|p2a: Garchomp|Garchomp, F|51/100
|move|p1a: Tornadus|U-turn|p2a: Garchomp
|-damage|p2a: Garchomp|39/100
|-damage|p1a: Tornadus|69/100 tox|[from] ability: Rough Skin|[of] p2a: Garchomp
|
|t:|1647676697
|switch|p1a: Zeraora|Zeraora|100/100|[from]move: U-turn
|
|-heal|p2a: Garchomp|45/100|[from] item: Leftovers
|upkeep
|turn|4
|
|t:|1647676704
|move|p1a: Zeraora|Knock Off|p2a: Garchomp
|-damage|p2a: Garchomp|4/100
|-damage|p1a: Zeraora|88/100|[from] ability: Rough Skin|[of] p2a: Garchomp
|-enditem|p2a: Garchomp|Leftovers|[from] move: Knock Off|[of] p1a: Zeraora
|move|p2a: Garchomp|Earthquake|p1a: Zeraora
|-supereffective|p1a: Zeraora
|-crit|p1a: Zeraora
|-damage|p1a: Zeraora|0 fnt
|faint|p1a: Zeraora
|
|upkeep
|l| yly333
|j| alola420
|
|t:|1647676716
|switch|p1a: Tapu Koko|Tapu Koko|100/100
|-fieldstart|move: Electric Terrain|[from] ability: Electric Surge|[of] p1a: Tapu Koko
|turn|5
|
|t:|1647676721
|switch|p2a: Aegislash|Aegislash, M|100/100
|move|p1a: Tapu Koko|Volt Switch|p2a: Aegislash
|-damage|p2a: Aegislash|66/100
|
|t:|1647676726
|switch|p1a: Urshifu|Urshifu-Rapid-Strike, F|100/100|[from]move: Volt Switch
|
|-heal|p2a: Aegislash|72/100|[from] item: Leftovers
|upkeep
|turn|6
|
|t:|1647676733
|switch|p2a: Slowbro|Slowbro, M|100/100
|move|p1a: Urshifu|Thunder Punch|p2a: Slowbro
|-supereffective|p2a: Slowbro
|-damage|p2a: Slowbro|38/100
|
|upkeep
|turn|7
|
|t:|1647676750
|switch|p1a: Ferrothorn|Ferrothorn, F|100/100
|switch|p2a: Aegislash|Aegislash, M|72/100
|
|-heal|p2a: Aegislash|78/100|[from] item: Leftovers
|upkeep
|turn|8
|
|t:|1647676758
|switch|p2a: Volcarona|Volcarona, M|100/100
|move|p1a: Ferrothorn|Stealth Rock|p2a: Volcarona
|-sidestart|p2: daheatahfajita|move: Stealth Rock
|
|upkeep
|turn|9
|
|t:|1647676769
|switch|p1a: Urshifu|Urshifu-Rapid-Strike, F|100/100
|move|p2a: Volcarona|Flamethrower|p1a: Urshifu
|-resisted|p1a: Urshifu
|-damage|p1a: Urshifu|70/100
|
|-fieldend|move: Electric Terrain
|upkeep
|turn|10
|
|t:|1647676778
|move|p1a: Urshifu|Surging Strikes|p2a: Volcarona
|-supereffective|p2a: Volcarona
|-crit|p2a: Volcarona
|-damage|p2a: Volcarona|49/100
|-status|p1a: Urshifu|brn|[from] ability: Flame Body|[of] p2a: Volcarona
|-supereffective|p2a: Volcarona
|-crit|p2a: Volcarona
|-damage|p2a: Volcarona|21/100
|-supereffective|p2a: Volcarona
|-crit|p2a: Volcarona
|-damage|p2a: Volcarona|0 fnt
|faint|p2a: Volcarona
|-hitcount|p2: Volcarona|3
|
|-damage|p1a: Urshifu|64/100 brn|[from] brn
|upkeep
|
|t:|1647676783
|switch|p2a: Tornadus|Tornadus-Therian, M, shiny|100/100
|turn|11
|
|t:|1647676787
|move|p2a: Tornadus|Defog|p1a: Urshifu
|-unboost|p1a: Urshifu|evasion|1
|-sideend|p2: daheatahfajita|Stealth Rock|[from] move: Defog|[of] p2a: Tornadus
|move|p1a: Urshifu|Surging Strikes|p2a: Tornadus
|-crit|p2a: Tornadus
|-damage|p2a: Tornadus|84/100
|-crit|p2a: Tornadus
|-damage|p2a: Tornadus|67/100
|-crit|p2a: Tornadus
|-damage|p2a: Tornadus|51/100
|-hitcount|p2a: Tornadus|3
|
|-damage|p1a: Urshifu|58/100 brn|[from] brn
|upkeep
|turn|12
|
|t:|1647676791
|switch|p1a: Ferrothorn|Ferrothorn, F|100/100
|move|p2a: Tornadus|Hurricane|p1a: Ferrothorn
|-damage|p1a: Ferrothorn|75/100
|-start|p1a: Ferrothorn|confusion
|
|-heal|p1a: Ferrothorn|81/100|[from] item: Leftovers
|upkeep
|turn|13
|
|t:|1647676798
|switch|p2a: Garchomp|Garchomp, F|4/100
|-activate|p1a: Ferrothorn|confusion
|move|p1a: Ferrothorn|Leech Seed|p2a: Garchomp
|-start|p2a: Garchomp|move: Leech Seed
|
|-heal|p1a: Ferrothorn|87/100|[from] item: Leftovers
|-damage|p2a: Garchomp|0 fnt|[from] Leech Seed|[of] p1a: Ferrothorn
|-heal|p1a: Ferrothorn|91/100|[silent]
|faint|p2a: Garchomp
|upkeep
|
|t:|1647676808
|switch|p2a: Aegislash|Aegislash, M|78/100
|turn|14
|
|t:|1647676813
|move|p2a: Aegislash|Substitute|p2a: Aegislash
|-start|p2a: Aegislash|Substitute
|-damage|p2a: Aegislash|53/100
|-end|p1a: Ferrothorn|confusion
|move|p1a: Ferrothorn|Stealth Rock|p2a: Aegislash
|-sidestart|p2: daheatahfajita|move: Stealth Rock
|
|-heal|p2a: Aegislash|59/100|[from] item: Leftovers
|-heal|p1a: Ferrothorn|97/100|[from] item: Leftovers
|upkeep
|turn|15
|
|t:|1647676818
|-formechange|p2a: Aegislash|Aegislash-Blade||[from] ability: Stance Change
|move|p2a: Aegislash|Shadow Ball|p1a: Ferrothorn
|-damage|p1a: Ferrothorn|72/100
|move|p1a: Ferrothorn|Leech Seed||[still]
|-fail|p1a: Ferrothorn
|
|-heal|p2a: Aegislash|66/100|[from] item: Leftovers
|-heal|p1a: Ferrothorn|79/100|[from] item: Leftovers
|upkeep
|turn|16
|
|t:|1647676827
|move|p2a: Aegislash|Shadow Ball|p1a: Ferrothorn
|-damage|p1a: Ferrothorn|54/100
|move|p1a: Ferrothorn|Knock Off|p2a: Aegislash
|-supereffective|p2a: Aegislash
|-crit|p2a: Aegislash
|-end|p2a: Aegislash|Substitute
|
|-heal|p2a: Aegislash|72/100|[from] item: Leftovers
|-heal|p1a: Ferrothorn|61/100|[from] item: Leftovers
|upkeep
|turn|17
|
|t:|1647676834
|-formechange|p2a: Aegislash|Aegislash||[from] ability: Stance Change
|move|p2a: Aegislash|King's Shield|p2a: Aegislash
|-singleturn|p2a: Aegislash|Protect
|move|p1a: Ferrothorn|Leech Seed|p2a: Aegislash
|-start|p2a: Aegislash|move: Leech Seed
|
|-heal|p2a: Aegislash|78/100|[from] item: Leftovers
|-heal|p1a: Ferrothorn|67/100|[from] item: Leftovers
|-damage|p2a: Aegislash|66/100|[from] Leech Seed|[of] p1a: Ferrothorn
|-heal|p1a: Ferrothorn|78/100|[silent]
|upkeep
|turn|18
|j| Arnaud senju vgc
|
|t:|1647676846
|switch|p2a: Tornadus|Tornadus-Therian, M, shiny|85/100
|move|p1a: Ferrothorn|Knock Off|p2a: Tornadus
|-damage|p2a: Tornadus|62/100
|-enditem|p2a: Tornadus|Heavy-Duty Boots|[from] move: Knock Off|[of] p1a: Ferrothorn
|
|-heal|p1a: Ferrothorn|85/100|[from] item: Leftovers
|upkeep
|turn|19
|
|t:|1647676853
|move|p2a: Tornadus|Defog|p1a: Ferrothorn
|-unboost|p1a: Ferrothorn|evasion|1
|-sideend|p2: daheatahfajita|Stealth Rock|[from] move: Defog|[of] p2a: Tornadus
|move|p1a: Ferrothorn|Leech Seed|p2a: Tornadus
|-start|p2a: Tornadus|move: Leech Seed
|
|-heal|p1a: Ferrothorn|91/100|[from] item: Leftovers
|-damage|p2a: Tornadus|49/100|[from] Leech Seed|[of] p1a: Ferrothorn
|-heal|p1a: Ferrothorn|100/100|[silent]
|upkeep
|turn|20
|
|t:|1647676858
|switch|p2a: Slowbro|Slowbro, M|71/100
|move|p1a: Ferrothorn|Leech Seed|p2a: Slowbro
|-start|p2a: Slowbro|move: Leech Seed
|
|-damage|p2a: Slowbro|58/100|[from] Leech Seed|[of] p1a: Ferrothorn
|upkeep
|turn|21
|
|t:|1647676862
|move|p1a: Ferrothorn|Knock Off|p2a: Slowbro
|-supereffective|p2a: Slowbro
|-enditem|p2a: Slowbro|Colbur Berry|[eat]
|-enditem|p2a: Slowbro|Colbur Berry|[weaken]
|-damage|p2a: Slowbro|47/100
|move|p2a: Slowbro|Teleport|p2a: Slowbro
|
|t:|1647676865
|switch|p2a: Aegislash|Aegislash, M|66/100|[from]move: Teleport
|
|-heal|p2a: Aegislash|72/100|[from] item: Leftovers
|upkeep
|turn|22
|
|t:|1647676868
|move|p2a: Aegislash|Substitute|p2a: Aegislash
|-start|p2a: Aegislash|Substitute
|-damage|p2a: Aegislash|47/100
|move|p1a: Ferrothorn|Stealth Rock|p2a: Aegislash
|-sidestart|p2: daheatahfajita|move: Stealth Rock
|
|-heal|p2a: Aegislash|53/100|[from] item: Leftovers
|upkeep
|turn|23
|
|t:|1647676874
|move|p2a: Aegislash|King's Shield|p2a: Aegislash
|-singleturn|p2a: Aegislash|Protect
|move|p1a: Ferrothorn|Leech Seed||[still]
|-fail|p1a: Ferrothorn
|
|-heal|p2a: Aegislash|59/100|[from] item: Leftovers
|upkeep
|turn|24
|
|t:|1647676881
|-formechange|p2a: Aegislash|Aegislash-Blade||[from] ability: Stance Change
|move|p2a: Aegislash|Shadow Ball|p1a: Ferrothorn
|-damage|p1a: Ferrothorn|75/100
|-unboost|p1a: Ferrothorn|spd|1
|move|p1a: Ferrothorn|Knock Off|p2a: Aegislash
|-supereffective|p2a: Aegislash
|-end|p2a: Aegislash|Substitute
|
|-heal|p2a: Aegislash|65/100|[from] item: Leftovers
|-heal|p1a: Ferrothorn|81/100|[from] item: Leftovers
|upkeep
|turn|25
|
|t:|1647676888
|move|p2a: Aegislash|Substitute|p2a: Aegislash
|-start|p2a: Aegislash|Substitute
|-damage|p2a: Aegislash|40/100
|move|p1a: Ferrothorn|Knock Off|p2a: Aegislash
|-supereffective|p2a: Aegislash
|-end|p2a: Aegislash|Substitute
|
|-heal|p2a: Aegislash|46/100|[from] item: Leftovers
|-heal|p1a: Ferrothorn|87/100|[from] item: Leftovers
|upkeep
|turn|26
|
|t:|1647676898
|switch|p1a: Urshifu|Urshifu-Rapid-Strike, F|58/100 brn
|move|p2a: Aegislash|Substitute|p2a: Aegislash
|-start|p2a: Aegislash|Substitute
|-damage|p2a: Aegislash|21/100
|
|-heal|p2a: Aegislash|28/100|[from] item: Leftovers
|-damage|p1a: Urshifu|51/100 brn|[from] brn
|upkeep
|turn|27
|
|t:|1647676901
|-formechange|p2a: Aegislash|Aegislash||[from] ability: Stance Change
|move|p2a: Aegislash|King's Shield|p2a: Aegislash
|-singleturn|p2a: Aegislash|Protect
|move|p1a: Urshifu|Surging Strikes|p2a: Aegislash
|-crit|p2a: Aegislash
|-activate|p2a: Aegislash|move: Substitute|[damage]
|-crit|p2a: Aegislash
|-end|p2a: Aegislash|Substitute
|-crit|p2a: Aegislash
|-damage|p2a: Aegislash|16/100
|-hitcount|p2a: Aegislash|3
|
|-heal|p2a: Aegislash|22/100|[from] item: Leftovers
|-damage|p1a: Urshifu|45/100 brn|[from] brn
|upkeep
|turn|28
|
|t:|1647676917
|switch|p1a: Tapu Koko|Tapu Koko|100/100
|-fieldstart|move: Electric Terrain|[from] ability: Electric Surge|[of] p1a: Tapu Koko
|switch|p2a: Slowbro|Slowbro, M|80/100
|-damage|p2a: Slowbro|68/100|[from] Stealth Rock
|
|upkeep
|turn|29
|
|t:|1647676923
|switch|p2a: Blissey|Blissey, F|83/100
|-damage|p2a: Blissey|71/100|[from] Stealth Rock
|move|p1a: Tapu Koko|Thunderbolt|p2a: Blissey
|-damage|p2a: Blissey|45/100
|
|upkeep
|turn|30
|
|t:|1647676933
|switch|p1a: Melmetal|Melmetal|100/100
|move|p2a: Blissey|Soft-Boiled|p2a: Blissey
|-heal|p2a: Blissey|95/100
|
|upkeep
|turn|31
|
|t:|1647676938
|switch|p2a: Slowbro|Slowbro, M|100/100
|-damage|p2a: Slowbro|88/100|[from] Stealth Rock
|move|p1a: Melmetal|Thunder Punch|p2a: Slowbro
|-supereffective|p2a: Slowbro
|-damage|p2a: Slowbro|33/100
|
|upkeep
|turn|32
|j| Golem Rising
|
|t:|1647676944
|move|p1a: Melmetal|Thunder Punch|p2a: Slowbro
|-supereffective|p2a: Slowbro
|-damage|p2a: Slowbro|0 fnt
|faint|p2a: Slowbro
|
|-fieldend|move: Electric Terrain
|upkeep
|
|t:|1647676947
|switch|p2a: Tornadus|Tornadus-Therian, M, shiny|82/100
|-damage|p2a: Tornadus|58/100|[from] Stealth Rock
|turn|33
|
|t:|1647676952
|switch|p1a: Ferrothorn|Ferrothorn, F|87/100
|move|p2a: Tornadus|Knock Off|p1a: Ferrothorn
|-damage|p1a: Ferrothorn|72/100
|-damage|p2a: Tornadus|45/100|[from] ability: Iron Barbs|[of] p1a: Ferrothorn
|-enditem|p1a: Ferrothorn|Leftovers|[from] move: Knock Off|[of] p2a: Tornadus
|
|upkeep
|turn|34
|
|t:|1647676957
|move|p2a: Tornadus|Hurricane|p1a: Ferrothorn
|-damage|p1a: Ferrothorn|45/100
|move|p1a: Ferrothorn|Leech Seed|p2a: Tornadus
|-start|p2a: Tornadus|move: Leech Seed
|
|-damage|p2a: Tornadus|33/100|[from] Leech Seed|[of] p1a: Ferrothorn
|-heal|p1a: Ferrothorn|58/100|[silent]
|upkeep
|turn|35
|
|t:|1647676961
|move|p2a: Tornadus|Hurricane|p1a: Ferrothorn
|-damage|p1a: Ferrothorn|31/100
|move|p1a: Ferrothorn|Leech Seed||[still]
|-fail|p1a: Ferrothorn
|
|-damage|p2a: Tornadus|20/100|[from] Leech Seed|[of] p1a: Ferrothorn
|-heal|p1a: Ferrothorn|44/100|[silent]
|upkeep
|turn|36
|
|t:|1647676967
|move|p2a: Tornadus|Hurricane|p1a: Ferrothorn
|-damage|p1a: Ferrothorn|16/100
|-start|p1a: Ferrothorn|confusion
|-activate|p1a: Ferrothorn|confusion
|move|p1a: Ferrothorn|Knock Off|p2a: Tornadus
|-damage|p2a: Tornadus|6/100
|
|-damage|p2a: Tornadus|0 fnt|[from] Leech Seed|[of] p1a: Ferrothorn
|-heal|p1a: Ferrothorn|22/100|[silent]
|faint|p2a: Tornadus
|upkeep
|
|t:|1647676975
|switch|p2a: Blissey|Blissey, F|95/100
|-damage|p2a: Blissey|83/100|[from] Stealth Rock
|turn|37
|
|t:|1647676982
|move|p2a: Blissey|Seismic Toss|p1a: Ferrothorn
|-damage|p1a: Ferrothorn|0 fnt
|-damage|p2a: Blissey|71/100|[from] ability: Iron Barbs|[of] p1a: Ferrothorn
|faint|p1a: Ferrothorn
|
|upkeep
|
|t:|1647676986
|switch|p1a: Melmetal|Melmetal|100/100
|turn|38
|l| Golem Rising
|j| Golem Rising
|
|t:|1647676992
|move|p2a: Blissey|Seismic Toss|p1a: Melmetal
|-damage|p1a: Melmetal|78/100
|move|p1a: Melmetal|Double Iron Bash|p2a: Blissey
|-damage|p2a: Blissey|35/100
|-damage|p2a: Blissey|0 fnt
|faint|p2a: Blissey
|-hitcount|p2: Blissey|2
|
|-heal|p1a: Melmetal|85/100|[from] item: Leftovers
|upkeep
|
|t:|1647676995
|switch|p2a: Aegislash|Aegislash, M|22/100
|-damage|p2a: Aegislash|16/100|[from] Stealth Rock
|turn|39
|
|t:|1647677005
|-formechange|p2a: Aegislash|Aegislash-Blade||[from] ability: Stance Change
|move|p2a: Aegislash|Shadow Ball|p1a: Melmetal
|-damage|p1a: Melmetal|48/100
|move|p1a: Melmetal|Double Iron Bash|p2a: Aegislash
|-resisted|p2a: Aegislash
|-crit|p2a: Aegislash
|-damage|p2a: Aegislash|0 fnt
|faint|p2a: Aegislash
|-hitcount|p2: Aegislash|1
|
|win|big boss 447
|raw|big boss 447's rating: 1701 &rarr; <strong>1723</strong><br />(+22 for winning)
|raw|daheatahfajita's rating: 1737 &rarr; <strong>1715</strong><br />(-22 for losing)
|c|☆big boss 447|gg
|c|☆daheatahfajita|gg
