|j|☆uto RAR
|j|☆machugen
|t:|1667452706
|gametype|singles
|player|p1|uto RAR|hilbert|1695
|player|p2|machugen|brock-gen1rb|1730
|teamsize|p1|6
|teamsize|p2|6
|gen|8
|tier|[Gen 8] OU
|rated|
|rule|Sleep Clause Mod: Limit one foe put to sleep
|rule|Species Clause: Limit one of each Pokémon
|rule|OHKO Clause: OHKO moves are banned
|rule|Evasion Items Clause: Evasion items are banned
|rule|Evasion Moves Clause: Evasion moves are banned
|rule|Endless Battle Clause: Forcing endless battles is banned
|rule|HP Percentage Mod: HP is shown in percentages
|rule|Dynamax Clause: You cannot dynamax
|clearpoke
|poke|p1|Tyranitar, F|
|poke|p1|Excadrill, M|
|poke|p1|Buzzwole|
|poke|p1|Ferrothorn, F|
|poke|p1|Tornadus-Therian, M|
|poke|p1|Slowbro, F|
|poke|p2|Urshifu-*, M|
|poke|p2|Tapu Koko|
|poke|p2|Slowking-Galar, M|
|poke|p2|Ferrothorn, M|
|poke|p2|Landorus-Therian, M|
|poke|p2|Mandibuzz, F|
|teampreview
|
|t:|1667452717
|start
|switch|p1a: Tornadus|Tornadus-Therian, M|100/100
|switch|p2a: Tapu Koko|Tapu Koko, shiny|100/100
|-fieldstart|move: Electric Terrain|[from] ability: Electric Surge|[of] p2a: Tapu Koko
|turn|1
|inactive|Battle timer is ON: inactive players will automatically lose when time's up. (requested by uto RAR)
|
|t:|1667452726
|switch|p1a: Ferrothorn|Ferrothorn, F|100/100
|move|p2a: Tapu Koko|U-turn|p1a: Ferrothorn
|-damage|p1a: Ferrothorn|90/100
|-damage|p2a: Tapu Koko|88/100|[from] ability: Iron Barbs|[of] p1a: Ferrothorn
|
|t:|1667452727
|switch|p2a: Urshifu|Urshifu-Rapid-Strike, M|100/100|[from]move: U-turn
|
|-heal|p1a: Ferrothorn|96/100|[from] item: Leftovers
|upkeep
|turn|2
|
|t:|1667452737
|switch|p1a: Buzzwole|Buzzwole|100/100
|move|p2a: Urshifu|U-turn|p1a: Buzzwole
|-resisted|p1a: Buzzwole
|-damage|p1a: Buzzwole|89/100
|-damage|p2a: Urshifu|84/100|[from] item: Rocky Helmet|[of] p1a: Buzzwole
|
|t:|1667452739
|switch|p2a: Slowking|Slowking-Galar, M|100/100|[from]move: U-turn
|
|upkeep
|turn|3
|
|t:|1667452745
|switch|p1a: Tyranitar|Tyranitar, F|100/100
|-weather|Sandstorm|[from] ability: Sand Stream|[of] p1a: Tyranitar
|move|p2a: Slowking|Future Sight|p1a: Tyranitar
|-start|p2a: Slowking|move: Future Sight
|
|-weather|Sandstorm|[upkeep]
|-damage|p2a: Slowking|94/100|[from] Sandstorm
|upkeep
|turn|4
|
|t:|1667452751
|switch|p2a: Ferrothorn|Ferrothorn, M|100/100
|move|p1a: Tyranitar|Stone Edge|p2a: Ferrothorn
|-resisted|p2a: Ferrothorn
|-damage|p2a: Ferrothorn|77/100
|
|-weather|Sandstorm|[upkeep]
|-heal|p2a: Ferrothorn|83/100|[from] item: Leftovers
|upkeep
|turn|5
|
|t:|1667452758
|switch|p1a: Ferrothorn|Ferrothorn, F|96/100
|move|p2a: Ferrothorn|Spikes|p1a: Ferrothorn
|-sidestart|p1: uto RAR|Spikes
|
|-weather|Sandstorm|[upkeep]
|-end|p1a: Ferrothorn|move: Future Sight
|-resisted|p1a: Ferrothorn
|-damage|p1a: Ferrothorn|74/100
|-heal|p2a: Ferrothorn|89/100|[from] item: Leftovers
|-heal|p1a: Ferrothorn|80/100|[from] item: Leftovers
|-fieldend|move: Electric Terrain
|upkeep
|turn|6
|
|t:|1667452763
|move|p2a: Ferrothorn|Knock Off|p1a: Ferrothorn
|-damage|p1a: Ferrothorn|67/100
|-damage|p2a: Ferrothorn|77/100|[from] ability: Iron Barbs|[of] p1a: Ferrothorn
|-enditem|p1a: Ferrothorn|Leftovers|[from] move: Knock Off|[of] p2a: Ferrothorn
|move|p1a: Ferrothorn|Stealth Rock|p2a: Ferrothorn
|-sidestart|p2: machugen|move: Stealth Rock
|
|-weather|Sandstorm|[upkeep]
|-heal|p2a: Ferrothorn|83/100|[from] item: Leftovers
|upkeep
|turn|7
|
|t:|1667452769
|switch|p1a: Tornadus|Tornadus-Therian, M|100/100
|move|p2a: Ferrothorn|Spikes|p1a: Tornadus
|-sidestart|p1: uto RAR|Spikes
|
|-weather|none
|-heal|p2a: Ferrothorn|89/100|[from] item: Leftovers
|upkeep
|turn|8
|
|t:|1667452773
|switch|p2a: Tapu Koko|Tapu Koko, shiny|88/100
|-fieldstart|move: Electric Terrain|[from] ability: Electric Surge|[of] p2a: Tapu Koko
|move|p1a: Tornadus|Knock Off|p2a: Tapu Koko
|-resisted|p2a: Tapu Koko
|-crit|p2a: Tapu Koko
|-damage|p2a: Tapu Koko|66/100
|-enditem|p2a: Tapu Koko|Heavy-Duty Boots|[from] move: Knock Off|[of] p1a: Tornadus
|
|upkeep
|turn|9
|
|t:|1667452783
|switch|p1a: Excadrill|Excadrill, M|100/100
|-damage|p1a: Excadrill|84/100|[from] Spikes
|move|p2a: Tapu Koko|Roost|p2a: Tapu Koko
|-heal|p2a: Tapu Koko|100/100
|-singleturn|p2a: Tapu Koko|move: Roost
|
|-heal|p1a: Excadrill|90/100|[from] item: Leftovers
|upkeep
|turn|10
|
|t:|1667452790
|move|p2a: Tapu Koko|U-turn|p1a: Excadrill
|-resisted|p1a: Excadrill
|-damage|p1a: Excadrill|79/100
|
|t:|1667452792
|switch|p2a: Ferrothorn|Ferrothorn, M|89/100|[from]move: U-turn
|-damage|p2a: Ferrothorn|83/100|[from] Stealth Rock
|move|p1a: Excadrill|Rapid Spin|p2a: Ferrothorn
|-resisted|p2a: Ferrothorn
|-damage|p2a: Ferrothorn|78/100
|-boost|p1a: Excadrill|spe|1
|-damage|p1a: Excadrill|67/100|[from] ability: Iron Barbs|[of] p2a: Ferrothorn
|-sideend|p1: uto RAR|Spikes|[from] move: Rapid Spin|[of] p1a: Excadrill
|
|-heal|p1a: Excadrill|73/100|[from] item: Leftovers
|-heal|p2a: Ferrothorn|84/100|[from] item: Leftovers
|upkeep
|turn|11
|
|t:|1667452796
|switch|p1a: Buzzwole|Buzzwole|89/100
|move|p2a: Ferrothorn|Spikes|p1a: Buzzwole
|-sidestart|p1: uto RAR|Spikes
|
|-heal|p2a: Ferrothorn|90/100|[from] item: Leftovers
|upkeep
|turn|12
|
|t:|1667452805
|switch|p2a: Slowking|Slowking-Galar, M|100/100
|-damage|p2a: Slowking|88/100|[from] Stealth Rock
|move|p1a: Buzzwole|Close Combat|p2a: Slowking
|-resisted|p2a: Slowking
|-damage|p2a: Slowking|71/100
|-unboost|p1a: Buzzwole|def|1
|-unboost|p1a: Buzzwole|spd|1
|
|-fieldend|move: Electric Terrain
|upkeep
|turn|13
|
|t:|1667452809
|switch|p1a: Tyranitar|Tyranitar, F|100/100
|-damage|p1a: Tyranitar|88/100|[from] Spikes
|-weather|Sandstorm|[from] ability: Sand Stream|[of] p1a: Tyranitar
|move|p2a: Slowking|Scald|p1a: Tyranitar
|-supereffective|p1a: Tyranitar
|-damage|p1a: Tyranitar|54/100
|-status|p1a: Tyranitar|brn
|
|-weather|Sandstorm|[upkeep]
|-damage|p2a: Slowking|65/100|[from] Sandstorm
|-damage|p1a: Tyranitar|48/100 brn|[from] brn
|upkeep
|turn|14
|
|t:|1667452819
|switch|p2a: Ferrothorn|Ferrothorn, M|90/100
|-damage|p2a: Ferrothorn|84/100|[from] Stealth Rock
|move|p1a: Tyranitar|Stone Edge|p2a: Ferrothorn
|-resisted|p2a: Ferrothorn
|-damage|p2a: Ferrothorn|70/100
|
|-weather|Sandstorm|[upkeep]
|-heal|p2a: Ferrothorn|76/100|[from] item: Leftovers
|-damage|p1a: Tyranitar|42/100 brn|[from] brn
|upkeep
|turn|15
|
|t:|1667452825
|switch|p1a: Slowbro|Slowbro, F|100/100
|move|p2a: Ferrothorn|Knock Off|p1a: Slowbro
|-supereffective|p1a: Slowbro
|-damage|p1a: Slowbro|69/100
|-enditem|p1a: Slowbro|Heavy-Duty Boots|[from] move: Knock Off|[of] p2a: Ferrothorn
|
|-weather|Sandstorm|[upkeep]
|-damage|p1a: Slowbro|63/100|[from] Sandstorm
|-heal|p2a: Ferrothorn|82/100|[from] item: Leftovers
|upkeep
|turn|16
|
|t:|1667452830
|switch|p2a: Slowking|Slowking-Galar, M|98/100
|-damage|p2a: Slowking|86/100|[from] Stealth Rock
|move|p1a: Slowbro|Future Sight|p2a: Slowking
|-start|p1a: Slowbro|move: Future Sight
|
|-weather|Sandstorm|[upkeep]
|-damage|p2a: Slowking|80/100|[from] Sandstorm
|-damage|p1a: Slowbro|57/100|[from] Sandstorm
|upkeep
|turn|17
|
|t:|1667452833
|move|p2a: Slowking|Sludge Bomb|p1a: Slowbro
|-damage|p1a: Slowbro|21/100
|move|p1a: Slowbro|Teleport|p1a: Slowbro
|
|t:|1667452837
|switch|p1a: Excadrill|Excadrill, M|73/100|[from]move: Teleport
|-damage|p1a: Excadrill|60/100|[from] Spikes
|
|-weather|none
|-heal|p1a: Excadrill|66/100|[from] item: Leftovers
|upkeep
|turn|18
|
|t:|1667452843
|switch|p2a: Mandibuzz|Mandibuzz, F|100/100
|move|p1a: Excadrill|Earthquake|p2a: Mandibuzz
|-immune|p2a: Mandibuzz
|
|-end|p2a: Mandibuzz|move: Future Sight
|-immune|p2a: Mandibuzz
|-heal|p1a: Excadrill|73/100|[from] item: Leftovers
|upkeep
|turn|19
|
|t:|1667452852
|switch|p1a: Buzzwole|Buzzwole|89/100
|-damage|p1a: Buzzwole|77/100|[from] Spikes
|switch|p2a: Ferrothorn|Ferrothorn, M|82/100
|-damage|p2a: Ferrothorn|76/100|[from] Stealth Rock
|
|-heal|p2a: Ferrothorn|82/100|[from] item: Leftovers
|upkeep
|turn|20
|
|t:|1667452859
|switch|p2a: Slowking|Slowking-Galar, M|100/100
|-damage|p2a: Slowking|88/100|[from] Stealth Rock
|move|p1a: Buzzwole|Toxic|p2a: Slowking
|-immune|p2a: Slowking
|
|upkeep
|turn|21
|
|t:|1667452864
|switch|p1a: Slowbro|Slowbro, F|54/100
|-damage|p1a: Slowbro|42/100|[from] Spikes
|move|p2a: Slowking|Future Sight|p1a: Slowbro
|-start|p2a: Slowking|move: Future Sight
|
|upkeep
|turn|22
|
|t:|1667452868
|move|p2a: Slowking|Sludge Bomb|p1a: Slowbro
|-damage|p1a: Slowbro|8/100
|move|p1a: Slowbro|Teleport|p1a: Slowbro
|j| sddfssdsssaa
|
|t:|1667452871
|switch|p1a: Tyranitar|Tyranitar, F|42/100 brn|[from]move: Teleport
|-damage|p1a: Tyranitar|30/100 brn|[from] Spikes
|-weather|Sandstorm|[from] ability: Sand Stream|[of] p1a: Tyranitar
|
|-weather|Sandstorm|[upkeep]
|-damage|p2a: Slowking|82/100|[from] Sandstorm
|-damage|p1a: Tyranitar|23/100 brn|[from] brn
|upkeep
|turn|23
|
|t:|1667452876
|move|p1a: Tyranitar|Fire Punch|p2a: Slowking
|-damage|p2a: Slowking|59/100
|move|p2a: Slowking|Scald|p1a: Tyranitar
|-supereffective|p1a: Tyranitar
|-damage|p1a: Tyranitar|0 fnt
|faint|p1a: Tyranitar
|
|-weather|Sandstorm|[upkeep]
|-damage|p2a: Slowking|52/100|[from] Sandstorm
|-hint|Future Sight did not hit because the target is fainted.
|upkeep
|-message|uto RAR forfeited.
|
|win|machugen
|raw|uto RAR's rating: 1695 &rarr; <strong>1677</strong><br />(-18 for losing)
|raw|machugen's rating: 1730 &rarr; <strong>1748</strong><br />(+18 for winning)
|l|☆uto RAR
