|j|☆Makuryu
|j|☆TraintheTrainer1
|t:|1654597194
|gametype|singles
|player|p1|Makuryu|koga|1751
|player|p2|TraintheTrainer1|102|1687
|teamsize|p1|6
|teamsize|p2|6
|gen|8
|tier|[Gen 8] OU
|rated|
|rule|Sleep Clause Mod: Limit one foe put to sleep
|rule|Species Clause: Limit one of each Pokémon
|rule|OHKO Clause: OHKO moves are banned
|rule|Evasion Moves Clause: Evasion moves are banned
|rule|Endless Battle Clause: Forcing endless battles is banned
|rule|HP Percentage Mod: HP is shown in percentages
|rule|Dynamax Clause: You cannot dynamax
|clearpoke
|poke|p1|Nihilego|
|poke|p1|Zapdos-Galar|
|poke|p1|Kartana|
|poke|p1|Celesteela|
|poke|p1|Garchomp, M|
|poke|p1|Tapu Fini|
|poke|p2|Tyranitar, F|
|poke|p2|Zapdos|
|poke|p2|Ninetales-Alola, F|
|poke|p2|Urshifu-*, F|
|poke|p2|Nihilego|
|poke|p2|Aegislash, F|
|teampreview
|
|t:|1654597206
|start
|switch|p1a: Kartana|Kartana|100/100
|switch|p2a: Ninetales|Ninetales-Alola, F|100/100
|-weather|Hail|[from] ability: Snow Warning|[of] p2a: Ninetales
|turn|1
|inactive|Battle timer is ON: inactive players will automatically lose when time's up. (requested by Makuryu)
|
|t:|1654597213
|switch|p2a: Zapdos|Zapdos|100/100
|move|p1a: Kartana|Knock Off|p2a: Zapdos
|-damage|p2a: Zapdos|70/100
|-status|p1a: Kartana|par|[from] ability: Static|[of] p2a: Zapdos
|-enditem|p2a: Zapdos|Heavy-Duty Boots|[from] move: Knock Off|[of] p1a: Kartana
|
|-weather|Hail|[upkeep]
|-damage|p1a: Kartana|94/100 par|[from] Hail
|-damage|p2a: Zapdos|63/100|[from] Hail
|upkeep
|turn|2
|
|t:|1654597222
|switch|p1a: Garchomp|Garchomp, M|100/100
|move|p2a: Zapdos|Volt Switch|p1a: Garchomp
|-immune|p1a: Garchomp
|
|-weather|Hail|[upkeep]
|-damage|p1a: Garchomp|94/100|[from] Hail
|-damage|p2a: Zapdos|57/100|[from] Hail
|upkeep
|turn|3
|
|t:|1654597230
|move|p1a: Garchomp|Stealth Rock|p2a: Zapdos
|-sidestart|p2: TraintheTrainer1|move: Stealth Rock
|move|p2a: Zapdos|Weather Ball|p1a: Garchomp
|-supereffective|p1a: Garchomp
|-damage|p1a: Garchomp|0 fnt
|faint|p1a: Garchomp
|
|-weather|Hail|[upkeep]
|-damage|p2a: Zapdos|51/100|[from] Hail
|upkeep
|
|t:|1654597239
|switch|p1a: Nihilego|Nihilego|100/100
|turn|4
|
|t:|1654597245
|switch|p2a: Aegislash|Aegislash, F|100/100
|-damage|p2a: Aegislash|94/100|[from] Stealth Rock
|move|p1a: Nihilego|Power Gem|p2a: Aegislash
|-resisted|p2a: Aegislash
|-damage|p2a: Aegislash|78/100
|
|-weather|Hail|[upkeep]
|-damage|p1a: Nihilego|94/100|[from] Hail
|-damage|p2a: Aegislash|72/100|[from] Hail
|-heal|p2a: Aegislash|78/100|[from] item: Leftovers
|upkeep
|turn|5
|
|t:|1654597264
|switch|p1a: Celesteela|Celesteela|100/100
|-formechange|p2a: Aegislash|Aegislash-Blade||[from] ability: Stance Change
|move|p2a: Aegislash|Flash Cannon|p1a: Celesteela
|-resisted|p1a: Celesteela
|-damage|p1a: Celesteela|75/100
|
|-weather|none
|-heal|p2a: Aegislash|84/100|[from] item: Leftovers
|upkeep
|turn|6
|j| ghs777
|
|t:|1654597288
|switch|p1a: Zapdos|Zapdos-Galar|100/100
|-formechange|p2a: Aegislash|Aegislash||[from] ability: Stance Change
|move|p2a: Aegislash|King's Shield||[still]
|-fail|p2a: Aegislash
|
|-heal|p2a: Aegislash|90/100|[from] item: Leftovers
|upkeep
|turn|7
|
|t:|1654597296
|move|p1a: Zapdos|Stomping Tantrum|p2a: Aegislash
|-supereffective|p2a: Aegislash
|-damage|p2a: Aegislash|30/100
|-formechange|p2a: Aegislash|Aegislash-Blade||[from] ability: Stance Change
|move|p2a: Aegislash|Shadow Ball|p1a: Zapdos
|-damage|p1a: Zapdos|47/100
|
|-heal|p2a: Aegislash|36/100|[from] item: Leftovers
|upkeep
|turn|8
|
|t:|1654597309
|switch|p1a: Celesteela|Celesteela|75/100
|-formechange|p2a: Aegislash|Aegislash||[from] ability: Stance Change
|move|p2a: Aegislash|King's Shield||[still]
|-fail|p2a: Aegislash
|
|-heal|p2a: Aegislash|42/100|[from] item: Leftovers
|upkeep
|turn|9
|
|t:|1654597316
|move|p1a: Celesteela|Flamethrower|p2a: Aegislash
|-supereffective|p2a: Aegislash
|-damage|p2a: Aegislash|0 fnt
|faint|p2a: Aegislash
|-ability|p1a: Celesteela|Beast Boost|boost
|-boost|p1a: Celesteela|spa|1
|
|upkeep
|
|t:|1654597330
|switch|p2a: Urshifu|Urshifu-Rapid-Strike, F|100/100
|-damage|p2a: Urshifu|94/100|[from] Stealth Rock
|turn|10
|
|t:|1654597335
|switch|p1a: Tapu Fini|Tapu Fini|100/100
|-fieldstart|move: Misty Terrain|[from] ability: Misty Surge|[of] p1a: Tapu Fini
|move|p2a: Urshifu|Close Combat|p1a: Tapu Fini
|-resisted|p1a: Tapu Fini
|-damage|p1a: Tapu Fini|65/100
|-unboost|p2a: Urshifu|def|1
|-unboost|p2a: Urshifu|spd|1
|
|-heal|p1a: Tapu Fini|71/100|[from] item: Leftovers
|upkeep
|turn|11
|
|t:|1654597349
|switch|p2a: Tyranitar|Tyranitar, F|100/100
|-damage|p2a: Tyranitar|88/100|[from] Stealth Rock
|-weather|Sandstorm|[from] ability: Sand Stream|[of] p2a: Tyranitar
|move|p1a: Tapu Fini|Calm Mind|p1a: Tapu Fini
|-boost|p1a: Tapu Fini|spa|1
|-boost|p1a: Tapu Fini|spd|1
|
|-weather|Sandstorm|[upkeep]
|-damage|p1a: Tapu Fini|65/100|[from] Sandstorm
|-heal|p1a: Tapu Fini|71/100|[from] item: Leftovers
|-heal|p2a: Tyranitar|94/100|[from] item: Leftovers
|upkeep
|turn|12
|
|t:|1654597360
|move|p1a: Tapu Fini|Draining Kiss|p2a: Tyranitar
|-supereffective|p2a: Tyranitar
|-damage|p2a: Tyranitar|71/100
|-heal|p1a: Tapu Fini|92/100|[from] drain|[of] p2a: Tyranitar
|move|p2a: Tyranitar|Stealth Rock|p1a: Tapu Fini
|-sidestart|p1: Makuryu|move: Stealth Rock
|
|-weather|Sandstorm|[upkeep]
|-damage|p1a: Tapu Fini|86/100|[from] Sandstorm
|-heal|p1a: Tapu Fini|92/100|[from] item: Leftovers
|-heal|p2a: Tyranitar|77/100|[from] item: Leftovers
|upkeep
|turn|13
|
|t:|1654597370
|move|p1a: Tapu Fini|Calm Mind|p1a: Tapu Fini
|-boost|p1a: Tapu Fini|spa|1
|-boost|p1a: Tapu Fini|spd|1
|move|p2a: Tyranitar|Stone Edge|p1a: Tapu Fini
|-damage|p1a: Tapu Fini|56/100
|
|-weather|Sandstorm|[upkeep]
|-damage|p1a: Tapu Fini|50/100|[from] Sandstorm
|-heal|p1a: Tapu Fini|56/100|[from] item: Leftovers
|-heal|p2a: Tyranitar|83/100|[from] item: Leftovers
|upkeep
|turn|14
|j| YoSoyElxokas
|
|t:|1654597381
|switch|p2a: Nihilego|Nihilego|100/100
|-damage|p2a: Nihilego|88/100|[from] Stealth Rock
|move|p1a: Tapu Fini|Draining Kiss|p2a: Nihilego
|-resisted|p2a: Nihilego
|-crit|p2a: Nihilego
|-damage|p2a: Nihilego|75/100
|-heal|p1a: Tapu Fini|66/100|[from] drain|[of] p2a: Nihilego
|
|-weather|Sandstorm|[upkeep]
|-damage|p1a: Tapu Fini|60/100|[from] Sandstorm
|-heal|p1a: Tapu Fini|66/100|[from] item: Leftovers
|-fieldend|Misty Terrain
|upkeep
|turn|15
|
|t:|1654597392
|move|p2a: Nihilego|Meteor Beam||[still]
|-prepare|p2a: Nihilego|Meteor Beam
|-boost|p2a: Nihilego|spa|1
|-enditem|p2a: Nihilego|Power Herb
|-anim|p2a: Nihilego|Meteor Beam|p1a: Tapu Fini
|-damage|p1a: Tapu Fini|32/100
|move|p1a: Tapu Fini|Scald|p2a: Nihilego
|-supereffective|p2a: Nihilego
|-damage|p2a: Nihilego|20/100
|
|-weather|none
|-heal|p1a: Tapu Fini|38/100|[from] item: Leftovers
|upkeep
|turn|16
|
|t:|1654597402
|move|p2a: Nihilego|Thunderbolt|p1a: Tapu Fini
|-supereffective|p1a: Tapu Fini
|-damage|p1a: Tapu Fini|1/100
|move|p1a: Tapu Fini|Scald|p2a: Nihilego
|-supereffective|p2a: Nihilego
|-damage|p2a: Nihilego|0 fnt
|faint|p2a: Nihilego
|
|-heal|p1a: Tapu Fini|7/100|[from] item: Leftovers
|upkeep
|j| spookyz23
|
|t:|1654597412
|switch|p2a: Ninetales|Ninetales-Alola, F|100/100
|-weather|Hail|[from] ability: Snow Warning|[of] p2a: Ninetales
|turn|17
|
|t:|1654597419
|move|p2a: Ninetales|Freeze-Dry|p1a: Tapu Fini
|-supereffective|p1a: Tapu Fini
|-damage|p1a: Tapu Fini|0 fnt
|faint|p1a: Tapu Fini
|
|-weather|Hail|[upkeep]
|upkeep
|
|t:|1654597431
|switch|p1a: Nihilego|Nihilego|94/100
|-damage|p1a: Nihilego|82/100|[from] Stealth Rock
|turn|18
|
|t:|1654597437
|switch|p2a: Tyranitar|Tyranitar, F|83/100
|-damage|p2a: Tyranitar|71/100|[from] Stealth Rock
|-weather|Sandstorm|[from] ability: Sand Stream|[of] p2a: Tyranitar
|move|p1a: Nihilego|Meteor Beam||[still]
|-prepare|p1a: Nihilego|Meteor Beam
|-boost|p1a: Nihilego|spa|1
|-enditem|p1a: Nihilego|Power Herb
|-anim|p1a: Nihilego|Meteor Beam|p2a: Tyranitar
|-damage|p2a: Tyranitar|33/100
|
|-weather|Sandstorm|[upkeep]
|-heal|p2a: Tyranitar|40/100|[from] item: Leftovers
|upkeep
|turn|19
|
|t:|1654597450
|move|p1a: Nihilego|Grass Knot|p2a: Tyranitar
|-supereffective|p2a: Tyranitar
|-damage|p2a: Tyranitar|0 fnt
|faint|p2a: Tyranitar
|-ability|p1a: Nihilego|Beast Boost|boost
|-boost|p1a: Nihilego|spe|1
|
|-weather|Sandstorm|[upkeep]
|upkeep
|
|t:|1654597458
|switch|p2a: Urshifu|Urshifu-Rapid-Strike, F|94/100
|-damage|p2a: Urshifu|88/100|[from] Stealth Rock
|turn|20
|
|t:|1654597463
|switch|p1a: Kartana|Kartana|94/100 par
|-damage|p1a: Kartana|88/100 par|[from] Stealth Rock
|move|p2a: Urshifu|Aqua Jet|p1a: Kartana
|-resisted|p1a: Kartana
|-damage|p1a: Kartana|70/100 par
|
|-weather|Sandstorm|[upkeep]
|-damage|p2a: Urshifu|82/100|[from] Sandstorm
|upkeep
|turn|21
|
|t:|1654597473
|switch|p2a: Ninetales|Ninetales-Alola, F|100/100
|-weather|Hail|[from] ability: Snow Warning|[of] p2a: Ninetales
|move|p1a: Kartana|Leaf Blade|p2a: Ninetales
|-crit|p2a: Ninetales
|-damage|p2a: Ninetales|0 fnt
|faint|p2a: Ninetales
|-ability|p1a: Kartana|Beast Boost|boost
|-boost|p1a: Kartana|atk|1
|
|-weather|Hail|[upkeep]
|-damage|p1a: Kartana|63/100 par|[from] Hail
|upkeep
|
|t:|1654597477
|switch|p2a: Urshifu|Urshifu-Rapid-Strike, F|82/100
|-damage|p2a: Urshifu|76/100|[from] Stealth Rock
|turn|22
|
|t:|1654597490
|move|p2a: Urshifu|Close Combat|p1a: Kartana
|-supereffective|p1a: Kartana
|-damage|p1a: Kartana|0 fnt
|-unboost|p2a: Urshifu|def|1
|-unboost|p2a: Urshifu|spd|1
|faint|p1a: Kartana
|
|-weather|Hail|[upkeep]
|-damage|p2a: Urshifu|70/100|[from] Hail
|upkeep
|
|t:|1654597512
|switch|p1a: Nihilego|Nihilego|82/100
|-damage|p1a: Nihilego|70/100|[from] Stealth Rock
|turn|23
|
|t:|1654597517
|switch|p2a: Zapdos|Zapdos|51/100
|-damage|p2a: Zapdos|26/100|[from] Stealth Rock
|move|p1a: Nihilego|Sludge Wave|p2a: Zapdos
|-damage|p2a: Zapdos|0 fnt
|faint|p2a: Zapdos
|-ability|p1a: Nihilego|Beast Boost|boost
|-boost|p1a: Nihilego|spe|1
|
|-weather|Hail|[upkeep]
|-damage|p1a: Nihilego|64/100|[from] Hail
|upkeep
|
|t:|1654597520
|switch|p2a: Urshifu|Urshifu-Rapid-Strike, F|70/100
|-damage|p2a: Urshifu|63/100|[from] Stealth Rock
|turn|24
|
|t:|1654597530
|move|p2a: Urshifu|Aqua Jet|p1a: Nihilego
|-supereffective|p1a: Nihilego
|-damage|p1a: Nihilego|0 fnt
|faint|p1a: Nihilego
|
|-weather|Hail|[upkeep]
|-damage|p2a: Urshifu|57/100|[from] Hail
|upkeep
|
|t:|1654597538
|switch|p1a: Celesteela|Celesteela|75/100
|-damage|p1a: Celesteela|63/100|[from] Stealth Rock
|turn|25
|
|t:|1654597542
|move|p2a: Urshifu|Aqua Jet|p1a: Celesteela
|-damage|p1a: Celesteela|28/100
|move|p1a: Celesteela|Air Slash|p2a: Urshifu
|-supereffective|p2a: Urshifu
|-damage|p2a: Urshifu|0 fnt
|faint|p2a: Urshifu
|
|win|Makuryu
|raw|Makuryu's rating: 1751 &rarr; <strong>1767</strong><br />(+16 for winning)
|raw|TraintheTrainer1's rating: 1687 &rarr; <strong>1671</strong><br />(-16 for losing)
|l|☆TraintheTrainer1
