|raw|<div class="broadcast-blue"><strong>This battle is required to be public due to a player having a name starting with 'lt93oq'.</div>
|j|☆LT93OQ Futility
|j|☆Orangesss
|t:|1660412197
|gametype|singles
|player|p1|LT93OQ Futility|cynthia-gen4|1664
|player|p2|Orangesss|silver|1723
|teamsize|p1|6
|teamsize|p2|6
|gen|8
|tier|[Gen 8] OU
|rated|
|rule|Sleep Clause Mod: Limit one foe put to sleep
|rule|Species Clause: Limit one of each Pokémon
|rule|OHKO Clause: OHKO moves are banned
|rule|Evasion Items Clause: Evasion items are banned
|rule|Evasion Moves Clause: Evasion moves are banned
|rule|Endless Battle Clause: Forcing endless battles is banned
|rule|HP Percentage Mod: HP is shown in percentages
|rule|Dynamax Clause: You cannot dynamax
|clearpoke
|poke|p1|Heatran, F|
|poke|p1|Rotom-Wash|
|poke|p1|Landorus-Therian, M|
|poke|p1|Buzzwole|
|poke|p1|Dragapult, M|
|poke|p1|Tapu Lele|
|poke|p2|Pelipper, M|
|poke|p2|Barraskewda, F|
|poke|p2|Ferrothorn, M|
|poke|p2|Seismitoad, M|
|poke|p2|Tapu Koko|
|poke|p2|Tornadus-Therian, M|
|teampreview
|inactive|Battle timer is ON: inactive players will automatically lose when time's up. (requested by LT93OQ Futility)
|inactive|Orangesss also wants the timer to be on.
|
|t:|1660412201
|start
|switch|p1a: Dragapult|Dragapult, M|100/100
|switch|p2a: Speed Overdose|Tapu Koko|100/100
|-fieldstart|move: Electric Terrain|[from] ability: Electric Surge|[of] p2a: Speed Overdose
|turn|1
|
|t:|1660412207
|move|p2a: Speed Overdose|Dazzling Gleam|p1a: Dragapult
|-supereffective|p1a: Dragapult
|-damage|p1a: Dragapult|0 fnt
|faint|p1a: Dragapult
|
|upkeep
|
|t:|1660412211
|switch|p1a: Heatran|Heatran, F|100/100
|turn|2
|
|t:|1660412215
|switch|p2a: Big Gulp sponsor|Pelipper, M|100/100
|-weather|RainDance|[from] ability: Drizzle|[of] p2a: Big Gulp sponsor
|move|p1a: Heatran|Stealth Rock|p2a: Big Gulp sponsor
|-sidestart|p2: Orangesss|move: Stealth Rock
|
|-weather|RainDance|[upkeep]
|upkeep
|turn|3
|
|t:|1660412221
|switch|p1a: Rotom|Rotom-Wash|100/100
|move|p2a: Big Gulp sponsor|U-turn|p1a: Rotom
|-damage|p1a: Rotom|94/100
|
|t:|1660412226
|switch|p2a: Speed Overdose|Tapu Koko|100/100|[from]move: U-turn
|-damage|p2a: Speed Overdose|88/100|[from] Stealth Rock
|
|-weather|RainDance|[upkeep]
|-heal|p1a: Rotom|99/100|[from] item: Leftovers
|upkeep
|turn|4
|
|t:|1660412229
|switch|p1a: Landorus|Landorus-Therian, M|100/100
|-ability|p1a: Landorus|Intimidate|boost
|-unboost|p2a: Speed Overdose|atk|1
|move|p2a: Speed Overdose|Dazzling Gleam|p1a: Landorus
|-damage|p1a: Landorus|64/100
|
|-weather|RainDance|[upkeep]
|-heal|p1a: Landorus|70/100|[from] item: Leftovers
|upkeep
|turn|5
|
|t:|1660412233
|move|p2a: Speed Overdose|Dazzling Gleam|p1a: Landorus
|-damage|p1a: Landorus|35/100
|move|p1a: Landorus|Knock Off|p2a: Speed Overdose
|-resisted|p2a: Speed Overdose
|-damage|p2a: Speed Overdose|68/100
|-enditem|p2a: Speed Overdose|Choice Specs|[from] move: Knock Off|[of] p1a: Landorus
|
|-weather|RainDance|[upkeep]
|-heal|p1a: Landorus|41/100|[from] item: Leftovers
|-fieldend|move: Electric Terrain
|upkeep
|turn|6
|j| Pepega Trainer
|
|t:|1660412255
|switch|p2a: Lando Black sheep|Tornadus-Therian, M|100/100
|move|p1a: Landorus|Knock Off|p2a: Lando Black sheep
|-damage|p2a: Lando Black sheep|70/100
|-enditem|p2a: Lando Black sheep|Heavy-Duty Boots|[from] move: Knock Off|[of] p1a: Landorus
|
|-weather|RainDance|[upkeep]
|-heal|p1a: Landorus|47/100|[from] item: Leftovers
|upkeep
|turn|7
|
|t:|1660412261
|switch|p1a: Heatran|Heatran, F|100/100
|move|p2a: Lando Black sheep|Defog|p1a: Heatran
|-unboost|p1a: Heatran|evasion|1
|-sideend|p2: Orangesss|Stealth Rock|[from] move: Defog|[of] p2a: Lando Black sheep
|
|-weather|RainDance|[upkeep]
|upkeep
|turn|8
|j| arnavgupta
|
|t:|1660412268
|move|p2a: Lando Black sheep|U-turn|p1a: Heatran
|-resisted|p1a: Heatran
|-damage|p1a: Heatran|98/100
|j|+kino
|
|t:|1660412271
|switch|p2a: Agent ¥|Seismitoad, M, shiny|100/100|[from]move: U-turn
|move|p1a: Heatran|Stealth Rock|p2a: Agent ¥
|-sidestart|p2: Orangesss|move: Stealth Rock
|
|-weather|RainDance|[upkeep]
|-heal|p1a: Heatran|100/100|[from] item: Leftovers
|upkeep
|turn|9
|
|t:|1660412275
|switch|p1a: Rotom|Rotom-Wash|99/100
|move|p2a: Agent ¥|Weather Ball|p1a: Rotom
|-resisted|p1a: Rotom
|-damage|p1a: Rotom|57/100
|-damage|p2a: Agent ¥|91/100|[from] item: Life Orb
|
|-weather|none
|-heal|p1a: Rotom|63/100|[from] item: Leftovers
|upkeep
|turn|10
|l| arnavgupta
|
|t:|1660412281
|move|p2a: Agent ¥|Stealth Rock|p1a: Rotom
|-sidestart|p1: LT93OQ Futility|move: Stealth Rock
|move|p1a: Rotom|Pain Split|p2a: Agent ¥
|-sethp|p2a: Agent ¥|73/100|[from] move: Pain Split|[silent]
|-sethp|p1a: Rotom|84/100|[from] move: Pain Split
|
|-heal|p1a: Rotom|90/100|[from] item: Leftovers
|upkeep
|turn|11
|
|t:|1660412285
|switch|p2a: Hates rain|Ferrothorn, M|100/100
|-damage|p2a: Hates rain|94/100|[from] Stealth Rock
|move|p1a: Rotom|Will-O-Wisp|p2a: Hates rain
|-status|p2a: Hates rain|brn
|
|-heal|p1a: Rotom|96/100|[from] item: Leftovers
|-heal|p2a: Hates rain|100/100 brn|[from] item: Leftovers
|-damage|p2a: Hates rain|94/100 brn|[from] brn
|upkeep
|turn|12
|
|t:|1660412291
|move|p1a: Rotom|Volt Switch|p2a: Hates rain
|-resisted|p2a: Hates rain
|-damage|p2a: Hates rain|83/100 brn
|
|t:|1660412294
|switch|p1a: Buzzwole|Buzzwole|100/100|[from]move: Volt Switch
|-damage|p1a: Buzzwole|88/100|[from] Stealth Rock
|move|p2a: Hates rain|Spikes|p1a: Buzzwole
|-sidestart|p1: LT93OQ Futility|Spikes
|
|-heal|p2a: Hates rain|89/100 brn|[from] item: Leftovers
|-damage|p2a: Hates rain|83/100 brn|[from] brn
|upkeep
|turn|13
|
|t:|1660412302
|switch|p2a: Speed Overdose|Tapu Koko|68/100
|-damage|p2a: Speed Overdose|56/100|[from] Stealth Rock
|-fieldstart|move: Electric Terrain|[from] ability: Electric Surge|[of] p2a: Speed Overdose
|move|p1a: Buzzwole|Close Combat|p2a: Speed Overdose
|-resisted|p2a: Speed Overdose
|-damage|p2a: Speed Overdose|0 fnt
|-unboost|p1a: Buzzwole|def|1
|-unboost|p1a: Buzzwole|spd|1
|faint|p2a: Speed Overdose
|-ability|p1a: Buzzwole|Beast Boost|boost
|-boost|p1a: Buzzwole|atk|1
|
|upkeep
|
|t:|1660412317
|switch|p2a: Big Gulp sponsor|Pelipper, M|100/100
|-damage|p2a: Big Gulp sponsor|76/100|[from] Stealth Rock
|-weather|RainDance|[from] ability: Drizzle|[of] p2a: Big Gulp sponsor
|turn|14
|
|t:|1660412320
|switch|p2a: Lando Black sheep|Tornadus-Therian, M|100/100
|-damage|p2a: Lando Black sheep|76/100|[from] Stealth Rock
|move|p1a: Buzzwole|Close Combat|p2a: Lando Black sheep
|-resisted|p2a: Lando Black sheep
|-damage|p2a: Lando Black sheep|0 fnt
|-unboost|p1a: Buzzwole|def|1
|-unboost|p1a: Buzzwole|spd|1
|faint|p2a: Lando Black sheep
|-ability|p1a: Buzzwole|Beast Boost|boost
|-boost|p1a: Buzzwole|atk|1
|
|-weather|RainDance|[upkeep]
|upkeep
|
|t:|1660412323
|switch|p2a: One fish two fish|Barraskewda, F|100/100
|-damage|p2a: One fish two fish|88/100|[from] Stealth Rock
|turn|15
|
|t:|1660412347
|switch|p1a: Heatran|Heatran, F|100/100
|-damage|p1a: Heatran|88/100|[from] Stealth Rock
|-damage|p1a: Heatran|76/100|[from] Spikes
|move|p2a: One fish two fish|Liquidation|p1a: Heatran
|-supereffective|p1a: Heatran
|-damage|p1a: Heatran|0 fnt
|faint|p1a: Heatran
|
|-weather|RainDance|[upkeep]
|upkeep
|
|t:|1660412349
|switch|p1a: Rotom|Rotom-Wash|96/100
|-damage|p1a: Rotom|84/100|[from] Stealth Rock
|turn|16
|
|t:|1660412357
|move|p2a: One fish two fish|Liquidation|p1a: Rotom
|-resisted|p1a: Rotom
|-damage|p1a: Rotom|42/100
|move|p1a: Rotom|Hydro Pump|p2a: One fish two fish
|-resisted|p2a: One fish two fish
|-damage|p2a: One fish two fish|17/100
|
|-weather|RainDance|[upkeep]
|-heal|p1a: Rotom|48/100|[from] item: Leftovers
|upkeep
|turn|17
|
|t:|1660412368
|move|p2a: One fish two fish|Liquidation|p1a: Rotom
|-resisted|p1a: Rotom
|-damage|p1a: Rotom|8/100
|move|p1a: Rotom|Volt Switch|p2a: One fish two fish
|-supereffective|p2a: One fish two fish
|-damage|p2a: One fish two fish|0 fnt
|faint|p2a: One fish two fish
|
|t:|1660412374
|switch|p1a: Landorus|Landorus-Therian, M|47/100|[from]move: Volt Switch
|-damage|p1a: Landorus|35/100|[from] Stealth Rock
|
|-weather|RainDance|[upkeep]
|-heal|p1a: Landorus|41/100|[from] item: Leftovers
|-fieldend|move: Electric Terrain
|upkeep
|
|t:|1660412382
|switch|p2a: Agent ¥|Seismitoad, M, shiny|73/100
|-damage|p2a: Agent ¥|67/100|[from] Stealth Rock
|turn|18
|c|☆Orangesss|Gg
|
|t:|1660412392
|switch|p1a: Rotom|Rotom-Wash|8/100
|-damage|p1a: Rotom|0 fnt|[from] Stealth Rock
|faint|p1a: Rotom
|move|p2a: Agent ¥|Weather Ball|p1: Rotom|[notarget]
|-fail|p2a: Agent ¥
|
|-weather|RainDance|[upkeep]
|upkeep
|
|t:|1660412394
|switch|p1a: Tapu Lele|Tapu Lele|100/100
|-damage|p1a: Tapu Lele|88/100|[from] Stealth Rock
|-damage|p1a: Tapu Lele|76/100|[from] Spikes
|-fieldstart|move: Psychic Terrain|[from] ability: Psychic Surge|[of] p1a: Tapu Lele
|turn|19
|
|t:|1660412401
|move|p2a: Agent ¥|Weather Ball|p1a: Tapu Lele
|-damage|p1a: Tapu Lele|0 fnt
|faint|p1a: Tapu Lele
|-damage|p2a: Agent ¥|57/100|[from] item: Life Orb
|
|-weather|RainDance|[upkeep]
|upkeep
|-message|LT93OQ Futility forfeited.
|
|win|Orangesss
|raw|LT93OQ Futility's rating: 1664 &rarr; <strong>1647</strong><br />(-17 for losing)
|raw|Orangesss's rating: 1723 &rarr; <strong>1740</strong><br />(+17 for winning)
|l|☆LT93OQ Futility
