|j|☆Delibird Heart
|j|☆mayhem2001
|inactive|Battle timer is ON: inactive players will automatically lose when time's up.
|t:|1668003767
|gametype|singles
|player|p1|Delibird Heart|guitarist-gen4|
|player|p2|mayhem2001|1|
|teamsize|p1|6
|teamsize|p2|6
|gen|8
|tier|[Gen 8] OU
|rated|Tournament battle
|rule|Sleep Clause Mod: Limit one foe put to sleep
|rule|Species Clause: Limit one of each Pokémon
|rule|OHKO Clause: OHKO moves are banned
|rule|Evasion Items Clause: Evasion items are banned
|rule|Evasion Moves Clause: Evasion moves are banned
|rule|Endless Battle Clause: Forcing endless battles is banned
|rule|HP Percentage Mod: HP is shown in percentages
|rule|Dynamax Clause: You cannot dynamax
|clearpoke
|poke|p1|Sandaconda, F|
|poke|p1|Togekiss, M|
|poke|p1|Jirachi|
|poke|p1|Corviknight, F|
|poke|p1|Melmetal|
|poke|p1|Slowbro-Galar, M|
|poke|p2|Tyranitar, F|
|poke|p2|Dracozolt|
|poke|p2|Ferrothorn, F|
|poke|p2|Tornadus-Therian, M|
|poke|p2|Tapu Fini|
|poke|p2|Clefable, F|
|teampreview
|inactive|Delibird Heart also wants the timer to be on.
|inactive|mayhem2001 also wants the timer to be on.
|j| trxgic★
|j| PikaYumCute
|j| 228i996
|l| PikaYumCute
|
|t:|1668003790
|start
|switch|p1a: Mr. Sandman|Sandaconda, F|100/100
|switch|p2a: Ferrothorn|Ferrothorn, F|100/100
|turn|1
|
|t:|1668003793
|move|p1a: Mr. Sandman|Glare|p2a: Ferrothorn
|-status|p2a: Ferrothorn|par
|move|p2a: Ferrothorn|Leech Seed|p1a: Mr. Sandman
|-start|p1a: Mr. Sandman|move: Leech Seed
|
|-damage|p1a: Mr. Sandman|88/100|[from] Leech Seed|[of] p2a: Ferrothorn
|upkeep
|turn|2
|j| cypherstest
|
|t:|1668003800
|switch|p1a: Polaris|Jirachi|100/100
|move|p2a: Ferrothorn|Spikes|p1a: Polaris
|-sidestart|p1: Delibird Heart|Spikes
|
|upkeep
|turn|3
|j| PikaYumCute
|
|t:|1668003807
|switch|p2a: Tapu Fini|Tapu Fini|100/100
|-fieldstart|move: Misty Terrain|[from] ability: Misty Surge|[of] p2a: Tapu Fini
|move|p1a: Polaris|Iron Head|p2a: Tapu Fini
|-crit|p2a: Tapu Fini
|-damage|p2a: Tapu Fini|42/100
|
|-heal|p2a: Tapu Fini|48/100|[from] item: Leftovers
|upkeep
|turn|4
|l| PikaYumCute
|
|t:|1668003819
|switch|p2a: Ferrothorn|Ferrothorn, F|100/100 par
|move|p1a: Polaris|Wish|p1a: Polaris
|
|upkeep
|turn|5
|
|t:|1668003823
|move|p1a: Polaris|Iron Head|p2a: Ferrothorn
|-resisted|p2a: Ferrothorn
|-damage|p2a: Ferrothorn|90/100 par
|-activate|p2a: Ferrothorn|ability: Iron Barbs
|-activate|p1a: Polaris|item: Protective Pads
|cant|p2a: Ferrothorn|flinch
|
|-heal|p2a: Ferrothorn|96/100 par|[from] item: Leftovers
|upkeep
|turn|6
|
|t:|1668003832
|move|p1a: Polaris|Fire Punch|p2a: Ferrothorn
|-supereffective|p2a: Ferrothorn
|-crit|p2a: Ferrothorn
|-damage|p2a: Ferrothorn|16/100 par
|-activate|p2a: Ferrothorn|ability: Iron Barbs
|-activate|p1a: Polaris|item: Protective Pads
|cant|p2a: Ferrothorn|par
|
|-heal|p2a: Ferrothorn|23/100 par|[from] item: Leftovers
|upkeep
|turn|7
|
|t:|1668003840
|switch|p2a: Clefable|Clefable, F|100/100
|move|p1a: Polaris|Fire Punch|p2a: Clefable
|-damage|p2a: Clefable|83/100
|
|-heal|p2a: Clefable|89/100|[from] item: Leftovers
|-fieldend|Misty Terrain
|upkeep
|turn|8
|
|t:|1668003843
|move|p1a: Polaris|Iron Head|p2a: Clefable
|-supereffective|p2a: Clefable
|-damage|p2a: Clefable|31/100
|cant|p2a: Clefable|flinch
|
|-heal|p2a: Clefable|37/100|[from] item: Leftovers
|upkeep
|turn|9
|
|t:|1668003849
|switch|p2a: Tornadus|Tornadus-Therian, M|100/100
|move|p1a: Polaris|Iron Head|p2a: Tornadus
|-damage|p2a: Tornadus|56/100
|
|upkeep
|turn|10
|
|t:|1668003855
|move|p2a: Tornadus|Knock Off|p1a: Polaris
|-supereffective|p1a: Polaris
|-damage|p1a: Polaris|64/100
|-enditem|p1a: Polaris|Protective Pads|[from] move: Knock Off|[of] p2a: Tornadus
|move|p1a: Polaris|Body Slam|p2a: Tornadus
|-damage|p2a: Tornadus|28/100
|-status|p2a: Tornadus|par
|
|upkeep
|turn|11
|
|t:|1668003864
|switch|p2a: Ferrothorn|Ferrothorn, F|23/100 par
|move|p1a: Polaris|Wish|p1a: Polaris
|
|-heal|p2a: Ferrothorn|29/100 par|[from] item: Leftovers
|upkeep
|turn|12
|
|t:|1668003867
|move|p1a: Polaris|Fire Punch|p2a: Ferrothorn
|-supereffective|p2a: Ferrothorn
|-damage|p2a: Ferrothorn|0 fnt
|-damage|p1a: Polaris|52/100|[from] ability: Iron Barbs|[of] p2a: Ferrothorn
|faint|p2a: Ferrothorn
|
|-heal|p1a: Polaris|100/100|[from] move: Wish|[wisher] Polaris
|upkeep
|
|t:|1668003870
|switch|p2a: Tyranitar|Tyranitar, F|100/100
|-weather|Sandstorm|[from] ability: Sand Stream|[of] p2a: Tyranitar
|turn|13
|
|t:|1668003875
|switch|p1a: Emo Dove|Corviknight, F|100/100
|-ability|p1a: Emo Dove|Pressure
|move|p2a: Tyranitar|Earthquake|p1a: Emo Dove
|-immune|p1a: Emo Dove
|
|-weather|Sandstorm|[upkeep]
|upkeep
|turn|14
|
|t:|1668003880
|switch|p1a: Mr. Sandman|Sandaconda, F|88/100
|-damage|p1a: Mr. Sandman|76/100|[from] Spikes
|move|p2a: Tyranitar|Thunder Wave|p1a: Mr. Sandman
|-immune|p1a: Mr. Sandman
|
|-weather|Sandstorm|[upkeep]
|-heal|p1a: Mr. Sandman|82/100|[from] item: Leftovers
|upkeep
|turn|15
|
|t:|1668003892
|move|p1a: Mr. Sandman|Glare|p2a: Tyranitar
|-status|p2a: Tyranitar|par
|move|p2a: Tyranitar|Stealth Rock|p1a: Mr. Sandman
|-sidestart|p1: Delibird Heart|move: Stealth Rock
|
|-weather|Sandstorm|[upkeep]
|-heal|p1a: Mr. Sandman|88/100|[from] item: Leftovers
|upkeep
|turn|16
|
|t:|1668003899
|switch|p2a: Dracozolt|Dracozolt|100/100
|move|p1a: Mr. Sandman|Stealth Rock|p2a: Dracozolt
|-sidestart|p2: mayhem2001|move: Stealth Rock
|
|-weather|Sandstorm|[upkeep]
|-heal|p1a: Mr. Sandman|94/100|[from] item: Leftovers
|upkeep
|turn|17
|
|t:|1668003905
|move|p2a: Dracozolt|Draco Meteor|p1a: Mr. Sandman
|-damage|p1a: Mr. Sandman|48/100
|-unboost|p2a: Dracozolt|spa|2
|-damage|p2a: Dracozolt|91/100|[from] item: Life Orb
|move|p1a: Mr. Sandman|Earthquake|p2a: Dracozolt
|-supereffective|p2a: Dracozolt
|-damage|p2a: Dracozolt|0 fnt
|faint|p2a: Dracozolt
|
|-weather|none
|-heal|p1a: Mr. Sandman|54/100|[from] item: Leftovers
|upkeep
|
|t:|1668003918
|switch|p2a: Clefable|Clefable, F|37/100
|turn|18
|
|t:|1668003922
|move|p1a: Mr. Sandman|Glare|p2a: Clefable
|-status|p2a: Clefable|par
|cant|p2a: Clefable|par
|
|-heal|p1a: Mr. Sandman|60/100|[from] item: Leftovers
|-heal|p2a: Clefable|43/100 par|[from] item: Leftovers
|upkeep
|turn|19
|
|t:|1668003933
|move|p1a: Mr. Sandman|Earthquake|p2a: Clefable
|-damage|p2a: Clefable|13/100 par
|move|p2a: Clefable|Soft-Boiled|p2a: Clefable
|-heal|p2a: Clefable|63/100 par
|
|-heal|p1a: Mr. Sandman|66/100|[from] item: Leftovers
|-heal|p2a: Clefable|69/100 par|[from] item: Leftovers
|upkeep
|turn|20
|
|t:|1668003947
|switch|p1a: Polaris|Jirachi|100/100
|-damage|p1a: Polaris|88/100|[from] Spikes
|-damage|p1a: Polaris|82/100|[from] Stealth Rock
|move|p2a: Clefable|Soft-Boiled|p2a: Clefable
|-heal|p2a: Clefable|100/100 par
|
|upkeep
|turn|21
|
|t:|1668003953
|move|p1a: Polaris|Iron Head|p2a: Clefable
|-supereffective|p2a: Clefable
|-damage|p2a: Clefable|43/100 par
|cant|p2a: Clefable|flinch
|
|-heal|p2a: Clefable|49/100 par|[from] item: Leftovers
|upkeep
|turn|22
|
|t:|1668003958
|move|p1a: Polaris|Iron Head|p2a: Clefable
|-supereffective|p2a: Clefable
|-damage|p2a: Clefable|0 fnt
|faint|p2a: Clefable
|
|upkeep
|
|t:|1668003967
|switch|p2a: Tapu Fini|Tapu Fini|48/100
|-damage|p2a: Tapu Fini|35/100|[from] Stealth Rock
|-fieldstart|move: Misty Terrain|[from] ability: Misty Surge|[of] p2a: Tapu Fini
|turn|23
|
|t:|1668003969
|move|p2a: Tapu Fini|Scald|p1a: Polaris
|-damage|p1a: Polaris|55/100
|move|p1a: Polaris|Wish|p1a: Polaris
|
|-heal|p2a: Tapu Fini|41/100|[from] item: Leftovers
|upkeep
|turn|24
|
|t:|1668003975
|move|p2a: Tapu Fini|Scald|p1a: Polaris
|-damage|p1a: Polaris|28/100
|move|p1a: Polaris|Iron Head|p2a: Tapu Fini
|-damage|p2a: Tapu Fini|0 fnt
|faint|p2a: Tapu Fini
|
|-heal|p1a: Polaris|78/100|[from] move: Wish|[wisher] Polaris
|upkeep
|
|t:|1668003980
|switch|p2a: Tyranitar|Tyranitar, F|100/100 par
|-damage|p2a: Tyranitar|88/100 par|[from] Stealth Rock
|-weather|Sandstorm|[from] ability: Sand Stream|[of] p2a: Tyranitar
|turn|25
|-message|mayhem2001 forfeited.
|
|win|Delibird Heart
|n|☆Delibird Heart|delibirdheart
|n|☆mayhem2001|mayhem2001
|n| trxgic★|trxgic
|n| 228i996|228i996
|n| cypherstest|cypherstest
|l|☆mayhem2001
|c|☆Delibird Heart|gg
