|j|☆Oryen
|j|☆working atm
|inactive|Battle timer is ON: inactive players will automatically lose when time's up.
|t:|1663938703
|gametype|singles
|player|p1|Oryen|lucas|
|player|p2|working atm|wattson|
|teamsize|p1|6
|teamsize|p2|6
|gen|8
|tier|[Gen 8] OU
|rated|Tournament battle
|rule|Sleep Clause Mod: Limit one foe put to sleep
|rule|Species Clause: Limit one of each Pokémon
|rule|OHKO Clause: OHKO moves are banned
|rule|Evasion Items Clause: Evasion items are banned
|rule|Evasion Moves Clause: Evasion moves are banned
|rule|Endless Battle Clause: Forcing endless battles is banned
|rule|HP Percentage Mod: HP is shown in percentages
|rule|Dynamax Clause: You cannot dynamax
|clearpoke
|poke|p1|Clefable, M|
|poke|p1|Gastrodon, F|
|poke|p1|Tornadus-Therian, M|
|poke|p1|Mew|
|poke|p1|Weavile, M|
|poke|p1|Ferrothorn, M|
|poke|p2|Landorus-Therian, M|
|poke|p2|Blissey, F|
|poke|p2|Blacephalon|
|poke|p2|Volcanion|
|poke|p2|Kartana|
|poke|p2|Toxapex, M|
|teampreview
|j|*Lady Monita
|j|^ETJX
|
|t:|1663938733
|start
|switch|p1a: Tornadus|Tornadus-Therian, M, shiny|100/100
|switch|p2a: Blacephalon|Blacephalon|100/100
|turn|1
|
|t:|1663938737
|move|p2a: Blacephalon|Fire Blast|p1a: Tornadus
|-damage|p1a: Tornadus|37/100
|move|p1a: Tornadus|Knock Off|p2a: Blacephalon
|-supereffective|p2a: Blacephalon
|-damage|p2a: Blacephalon|8/100
|-enditem|p2a: Blacephalon|Choice Scarf|[from] move: Knock Off|[of] p1a: Tornadus
|
|upkeep
|turn|2
|
|t:|1663938741
|move|p1a: Tornadus|Knock Off|p2a: Blacephalon
|-supereffective|p2a: Blacephalon
|-damage|p2a: Blacephalon|0 fnt
|faint|p2a: Blacephalon
|
|upkeep
|
|t:|1663938749
|switch|p2a: Volcanion|Volcanion|100/100
|turn|3
|
|t:|1663938752
|switch|p1a: Gastrodon|Gastrodon, F|100/100
|move|p2a: Volcanion|Substitute|p2a: Volcanion
|-start|p2a: Volcanion|Substitute
|-damage|p2a: Volcanion|76/100
|
|upkeep
|turn|4
|j| MetalReferencesMan
|
|t:|1663938774
|move|p2a: Volcanion|Earth Power|p1a: Gastrodon
|-damage|p1a: Gastrodon|71/100
|move|p1a: Gastrodon|Earth Power|p2a: Volcanion
|-supereffective|p2a: Volcanion
|-end|p2a: Volcanion|Substitute
|
|-heal|p1a: Gastrodon|77/100|[from] item: Leftovers
|upkeep
|turn|5
|j| Arquill Row@!
|
|t:|1663938794
|switch|p2a: Blissey|Blissey, F|100/100
|move|p1a: Gastrodon|Recover|p1a: Gastrodon
|-heal|p1a: Gastrodon|100/100
|
|upkeep
|turn|6
|
|t:|1663938806
|switch|p1a: Ferrothorn|Ferrothorn, M|100/100
|move|p2a: Blissey|Teleport|p2a: Blissey
|
|t:|1663938811
|switch|p2a: Volcanion|Volcanion|76/100|[from]move: Teleport
|
|upkeep
|turn|7
|
|t:|1663938817
|switch|p2a: Kartana|Kartana|100/100
|switch|p1a: Gastrodon|Gastrodon, F|100/100
|
|upkeep
|turn|8
|l|^ETJX
|
|t:|1663938836
|switch|p1a: Ferrothorn|Ferrothorn, M|100/100
|move|p2a: Kartana|Swords Dance|p2a: Kartana
|-boost|p2a: Kartana|atk|2
|
|upkeep
|turn|9
|
|t:|1663938844
|move|p2a: Kartana|Sacred Sword|p1a: Ferrothorn
|-supereffective|p1a: Ferrothorn
|-damage|p1a: Ferrothorn|0 fnt
|-damage|p2a: Kartana|88/100|[from] ability: Iron Barbs|[of] p1a: Ferrothorn
|faint|p1a: Ferrothorn
|-ability|p2a: Kartana|Beast Boost|boost
|-boost|p2a: Kartana|atk|1
|-damage|p2a: Kartana|78/100|[from] item: Life Orb
|
|upkeep
|
|t:|1663938852
|switch|p1a: Tornadus|Tornadus-Therian, M, shiny|70/100
|turn|10
|
|t:|1663938872
|switch|p2a: Blissey|Blissey, F|100/100
|move|p1a: Tornadus|Hurricane|p2a: Blissey
|-damage|p2a: Blissey|86/100
|
|upkeep
|turn|11
|
|t:|1663938876
|move|p1a: Tornadus|U-turn|p2a: Blissey
|-damage|p2a: Blissey|74/100
|
|t:|1663938885
|switch|p1a: Weavile|Weavile, M|100/100|[from]move: U-turn
|-ability|p1a: Weavile|Pressure
|move|p2a: Blissey|Thunder Wave|p1a: Weavile
|-status|p1a: Weavile|par
|
|upkeep
|turn|12
|
|t:|1663938897
|switch|p2a: Kartana|Kartana|78/100
|move|p1a: Weavile|Knock Off|p2a: Kartana
|-damage|p2a: Kartana|28/100
|-enditem|p2a: Kartana|Life Orb|[from] move: Knock Off|[of] p1a: Weavile
|
|upkeep
|turn|13
|
|t:|1663938904
|switch|p1a: Tornadus|Tornadus-Therian, M, shiny|100/100
|move|p2a: Kartana|Knock Off|p1a: Tornadus
|-damage|p1a: Tornadus|53/100
|-enditem|p1a: Tornadus|Heavy-Duty Boots|[from] move: Knock Off|[of] p2a: Kartana
|
|upkeep
|turn|14
|
|t:|1663938932
|switch|p2a: Toxapex|Toxapex, M|100/100
|move|p1a: Tornadus|U-turn|p2a: Toxapex
|-resisted|p2a: Toxapex
|-damage|p2a: Toxapex|96/100
|
|t:|1663938940
|switch|p1a: Mew|Mew|100/100|[from]move: U-turn
|
|-heal|p2a: Toxapex|100/100|[from] item: Black Sludge
|upkeep
|turn|15
|
|t:|1663938954
|move|p1a: Mew|Taunt|p2a: Toxapex
|-start|p2a: Toxapex|move: Taunt
|cant|p2a: Toxapex|move: Taunt|Toxic
|
|upkeep
|turn|16
|
|t:|1663938961
|switch|p2a: Volcanion|Volcanion|76/100
|move|p1a: Mew|Cosmic Power|p1a: Mew
|-boost|p1a: Mew|def|1
|-boost|p1a: Mew|spd|1
|
|upkeep
|turn|17
|
|t:|1663938981
|move|p1a: Mew|Cosmic Power|p1a: Mew
|-boost|p1a: Mew|def|1
|-boost|p1a: Mew|spd|1
|move|p2a: Volcanion|Substitute|p2a: Volcanion
|-start|p2a: Volcanion|Substitute
|-damage|p2a: Volcanion|51/100
|
|upkeep
|turn|18
|
|t:|1663938983
|move|p1a: Mew|Cosmic Power|p1a: Mew
|-boost|p1a: Mew|def|1
|-boost|p1a: Mew|spd|1
|move|p2a: Volcanion|Steam Eruption|p1a: Mew
|-damage|p1a: Mew|81/100
|-status|p1a: Mew|brn
|-activate|p1a: Mew|ability: Synchronize
|-immune|p2a: Volcanion
|
|-damage|p1a: Mew|75/100 brn|[from] brn
|upkeep
|turn|19
|
|t:|1663938990
|move|p1a: Mew|Cosmic Power|p1a: Mew
|-boost|p1a: Mew|def|1
|-boost|p1a: Mew|spd|1
|move|p2a: Volcanion|Steam Eruption|p1a: Mew
|-damage|p1a: Mew|57/100 brn
|
|-damage|p1a: Mew|51/100 brn|[from] brn
|upkeep
|turn|20
|j| EZigma
|
|t:|1663939000
|move|p1a: Mew|Roost|p1a: Mew
|-heal|p1a: Mew|100/100 brn
|-singleturn|p1a: Mew|move: Roost
|move|p2a: Volcanion|Steam Eruption|p1a: Mew
|-damage|p1a: Mew|85/100 brn
|
|-damage|p1a: Mew|79/100 brn|[from] brn
|upkeep
|turn|21
|-message|working atm forfeited.
|
|win|Oryen
|n|☆Oryen|oryen
|n|☆working atm|workingatm
|n|*Lady Monita|ladymonita
|n| MetalReferencesMan|metalreferencesman
|n| Arquill Row@!|arquillrow
|n| EZigma|ezigma
