|html|<div class="broadcast-blue"><strong>[Gen 8] OU is currently suspecting Melmetal! For information on how to participate check out the <a href="https://www.smogon.com/forums/threads/np-ss-ou-suspect-process-round-12-monster-mash.3709234/">suspect thread</a>.</strong></div>
|j|☆Bunch24
|j|☆ChandosH
|t:|1666822799
|gametype|singles
|player|p1|Bunch24|101|1772
|player|p2|ChandosH|n-masters|1772
|teamsize|p1|6
|teamsize|p2|6
|gen|8
|tier|[Gen 8] OU
|rated|
|rule|Sleep Clause Mod: Limit one foe put to sleep
|rule|Species Clause: Limit one of each Pokémon
|rule|OHKO Clause: OHKO moves are banned
|rule|Evasion Items Clause: Evasion items are banned
|rule|Evasion Moves Clause: Evasion moves are banned
|rule|Endless Battle Clause: Forcing endless battles is banned
|rule|HP Percentage Mod: HP is shown in percentages
|rule|Dynamax Clause: You cannot dynamax
|clearpoke
|poke|p1|Tyranitar, M|
|poke|p1|Dugtrio-Alola, M|
|poke|p1|Excadrill, F|
|poke|p1|Corviknight, M|
|poke|p1|Tornadus-Therian, M|
|poke|p1|Dragapult, F|
|poke|p2|Toxapex, M|
|poke|p2|Skarmory, F|
|poke|p2|Clefable, M|
|poke|p2|Tapu Koko|
|poke|p2|Hippowdon, F|
|poke|p2|Reuniclus, F|
|teampreview
|inactive|Battle timer is ON: inactive players will automatically lose when time's up. (requested by ChandosH)
|
|t:|1666822873
|start
|switch|p1a: Dragapult|Dragapult, F|100/100
|switch|p2a: Clefable|Clefable, M|100/100
|turn|1
|
|t:|1666822885
|switch|p1a: Corviknight|Corviknight, M|100/100
|-ability|p1a: Corviknight|Pressure
|move|p2a: Clefable|Calm Mind|p2a: Clefable
|-boost|p2a: Clefable|spa|1
|-boost|p2a: Clefable|spd|1
|
|upkeep
|turn|2
|
|t:|1666822893
|move|p2a: Clefable|Flamethrower|p1a: Corviknight
|-supereffective|p1a: Corviknight
|-damage|p1a: Corviknight|41/100
|move|p1a: Corviknight|U-turn|p2a: Clefable
|-resisted|p2a: Clefable
|-damage|p2a: Clefable|95/100
|
|t:|1666822898
|switch|p1a: Dugtrio|Dugtrio-Alola, M|100/100|[from]move: U-turn
|
|-heal|p2a: Clefable|100/100|[from] item: Leftovers
|upkeep
|turn|3
|
|t:|1666822907
|switch|p2a: Skarmory|Skarmory, F|100/100
|move|p1a: Dugtrio|Iron Head|p2a: Skarmory
|-resisted|p2a: Skarmory
|-damage|p2a: Skarmory|86/100
|-damage|p1a: Dugtrio|84/100|[from] item: Rocky Helmet|[of] p2a: Skarmory
|-damage|p1a: Dugtrio|74/100|[from] item: Life Orb
|
|upkeep
|turn|4
|
|t:|1666822920
|switch|p1a: Dragapult|Dragapult, F|100/100
|move|p2a: Skarmory|Spikes|p1a: Dragapult
|-sidestart|p1: Bunch24|Spikes
|
|upkeep
|turn|5
|
|t:|1666822944
|switch|p2a: Hippowdon|Hippowdon, F|100/100
|-weather|Sandstorm|[from] ability: Sand Stream|[of] p2a: Hippowdon
|move|p1a: Dragapult|Will-O-Wisp|p2a: Hippowdon
|-status|p2a: Hippowdon|brn
|
|-weather|Sandstorm|[upkeep]
|-damage|p1a: Dragapult|95/100|[from] Sandstorm
|-damage|p2a: Hippowdon|94/100 brn|[from] brn
|upkeep
|turn|6
|j| monkaSaur
|
|t:|1666822963
|switch|p1a: Corviknight|Corviknight, M|41/100
|-ability|p1a: Corviknight|Pressure
|move|p2a: Hippowdon|Stealth Rock|p1a: Corviknight
|-sidestart|p1: Bunch24|move: Stealth Rock
|
|-weather|Sandstorm|[upkeep]
|-heal|p2a: Hippowdon|100/100 brn|[from] item: Leftovers
|-damage|p2a: Hippowdon|94/100 brn|[from] brn
|upkeep
|turn|7
|
|t:|1666822970
|switch|p2a: Tapu Koko|Tapu Koko|100/100
|-fieldstart|move: Electric Terrain|[from] ability: Electric Surge|[of] p2a: Tapu Koko
|move|p1a: Corviknight|Defog|p2a: Tapu Koko
|-unboost|p2a: Tapu Koko|evasion|1
|-sideend|p1: Bunch24|Spikes|[from] move: Defog|[of] p1a: Corviknight
|-sideend|p1: Bunch24|Stealth Rock|[from] move: Defog|[of] p1a: Corviknight
|-fieldend|move: Electric Terrain
|
|-weather|Sandstorm|[upkeep]
|-damage|p2a: Tapu Koko|94/100|[from] Sandstorm
|upkeep
|turn|8
|
|t:|1666822977
|move|p2a: Tapu Koko|Dazzling Gleam|p1a: Corviknight
|-resisted|p1a: Corviknight
|-damage|p1a: Corviknight|24/100
|move|p1a: Corviknight|Roost|p1a: Corviknight
|-heal|p1a: Corviknight|74/100
|-singleturn|p1a: Corviknight|move: Roost
|
|-weather|Sandstorm|[upkeep]
|-damage|p2a: Tapu Koko|88/100|[from] Sandstorm
|upkeep
|turn|9
|
|t:|1666822985
|switch|p1a: Dugtrio|Dugtrio-Alola, M|74/100
|move|p2a: Tapu Koko|Thunderbolt|p1a: Dugtrio
|-immune|p1a: Dugtrio
|
|-weather|none
|upkeep
|turn|10
|
|t:|1666822990
|switch|p2a: Skarmory|Skarmory, F|86/100
|switch|p1a: Corviknight|Corviknight, M|74/100
|-ability|p1a: Corviknight|Pressure
|
|upkeep
|turn|11
|
|t:|1666822997
|move|p2a: Skarmory|Spikes|p1a: Corviknight
|-sidestart|p1: Bunch24|Spikes
|move|p1a: Corviknight|Defog|p2a: Skarmory
|-unboost|p2a: Skarmory|evasion|1
|-sideend|p1: Bunch24|Spikes|[from] move: Defog|[of] p1a: Corviknight
|
|upkeep
|turn|12
|
|t:|1666823009
|switch|p1a: Tornadus|Tornadus-Therian, M|100/100
|move|p2a: Skarmory|Spikes|p1a: Tornadus
|-sidestart|p1: Bunch24|Spikes
|
|upkeep
|turn|13
|
|t:|1666823018
|switch|p1a: Corviknight|Corviknight, M|74/100
|-ability|p1a: Corviknight|Pressure
|switch|p2a: Tapu Koko|Tapu Koko|88/100
|-fieldstart|move: Electric Terrain|[from] ability: Electric Surge|[of] p2a: Tapu Koko
|
|upkeep
|turn|14
|
|t:|1666823024
|switch|p1a: Excadrill|Excadrill, F|100/100
|-damage|p1a: Excadrill|88/100|[from] Spikes
|move|p2a: Tapu Koko|Thunderbolt|p1a: Excadrill
|-immune|p1a: Excadrill
|
|-heal|p1a: Excadrill|94/100|[from] item: Leftovers
|upkeep
|turn|15
|
|t:|1666823030
|switch|p2a: Skarmory|Skarmory, F|86/100
|move|p1a: Excadrill|Rock Slide|p2a: Skarmory
|-damage|p2a: Skarmory|71/100
|
|-heal|p1a: Excadrill|99/100|[from] item: Leftovers
|upkeep
|turn|16
|
|t:|1666823044
|switch|p1a: Corviknight|Corviknight, M|74/100
|-ability|p1a: Corviknight|Pressure
|move|p2a: Skarmory|Roost|p2a: Skarmory
|-heal|p2a: Skarmory|100/100
|-singleturn|p2a: Skarmory|move: Roost
|
|upkeep
|turn|17
|
|t:|1666823051
|move|p2a: Skarmory|Body Press|p1a: Corviknight
|-damage|p1a: Corviknight|55/100
|-damage|p2a: Skarmory|84/100|[from] item: Rocky Helmet|[of] p1a: Corviknight
|move|p1a: Corviknight|Defog|p2a: Skarmory
|-unboost|p2a: Skarmory|evasion|1
|-sideend|p1: Bunch24|Spikes|[from] move: Defog|[of] p1a: Corviknight
|-fieldend|move: Electric Terrain
|
|upkeep
|turn|18
|
|t:|1666823059
|move|p2a: Skarmory|Spikes|p1a: Corviknight
|-sidestart|p1: Bunch24|Spikes
|move|p1a: Corviknight|Roost|p1a: Corviknight
|-heal|p1a: Corviknight|100/100
|-singleturn|p1a: Corviknight|move: Roost
|
|upkeep
|turn|19
|
|t:|1666823065
|switch|p2a: Tapu Koko|Tapu Koko|88/100
|-fieldstart|move: Electric Terrain|[from] ability: Electric Surge|[of] p2a: Tapu Koko
|move|p1a: Corviknight|Defog|p2a: Tapu Koko
|-unboost|p2a: Tapu Koko|evasion|1
|-sideend|p1: Bunch24|Spikes|[from] move: Defog|[of] p1a: Corviknight
|-fieldend|move: Electric Terrain
|
|upkeep
|turn|20
|
|t:|1666823077
|switch|p2a: Skarmory|Skarmory, F|84/100
|switch|p1a: Excadrill|Excadrill, F|99/100
|
|-heal|p1a: Excadrill|100/100|[from] item: Leftovers
|upkeep
|turn|21
|
|t:|1666823084
|switch|p1a: Corviknight|Corviknight, M|100/100
|-ability|p1a: Corviknight|Pressure
|move|p2a: Skarmory|Spikes|p1a: Corviknight
|-sidestart|p1: Bunch24|Spikes
|
|upkeep
|turn|22
|
|t:|1666823102
|switch|p2a: Tapu Koko|Tapu Koko|88/100
|-fieldstart|move: Electric Terrain|[from] ability: Electric Surge|[of] p2a: Tapu Koko
|move|p1a: Corviknight|Defog|p2a: Tapu Koko
|-unboost|p2a: Tapu Koko|evasion|1
|-sideend|p1: Bunch24|Spikes|[from] move: Defog|[of] p1a: Corviknight
|-fieldend|move: Electric Terrain
|
|upkeep
|turn|23
|
|t:|1666823112
|switch|p1a: Excadrill|Excadrill, F|100/100
|move|p2a: Tapu Koko|Thunderbolt|p1a: Excadrill
|-immune|p1a: Excadrill
|
|upkeep
|turn|24
|
|t:|1666823118
|switch|p2a: Skarmory|Skarmory, F|84/100
|switch|p1a: Dragapult|Dragapult, F|95/100
|
|upkeep
|turn|25
|
|t:|1666823139
|switch|p2a: Hippowdon|Hippowdon, F|94/100 brn
|-weather|Sandstorm|[from] ability: Sand Stream|[of] p2a: Hippowdon
|move|p1a: Dragapult|Hex|p2a: Hippowdon
|-damage|p2a: Hippowdon|55/100 brn
|
|-weather|Sandstorm|[upkeep]
|-damage|p1a: Dragapult|89/100|[from] Sandstorm
|-heal|p2a: Hippowdon|61/100 brn|[from] item: Leftovers
|-damage|p2a: Hippowdon|55/100 brn|[from] brn
|upkeep
|turn|26
|
|t:|1666823147
|move|p1a: Dragapult|Hydro Pump|p2a: Hippowdon
|-supereffective|p2a: Hippowdon
|-damage|p2a: Hippowdon|4/100 brn
|move|p2a: Hippowdon|Slack Off|p2a: Hippowdon
|-heal|p2a: Hippowdon|54/100 brn
|
|-weather|Sandstorm|[upkeep]
|-damage|p1a: Dragapult|83/100|[from] Sandstorm
|-heal|p2a: Hippowdon|60/100 brn|[from] item: Leftovers
|-damage|p2a: Hippowdon|54/100 brn|[from] brn
|upkeep
|turn|27
|inactive|ChandosH has 120 seconds left.
|
|t:|1666823186
|switch|p1a: Corviknight|Corviknight, M|100/100
|-ability|p1a: Corviknight|Pressure
|move|p2a: Hippowdon|Slack Off|p2a: Hippowdon
|-heal|p2a: Hippowdon|100/100 brn
|
|-weather|Sandstorm|[upkeep]
|-damage|p2a: Hippowdon|94/100 brn|[from] brn
|upkeep
|turn|28
|
|t:|1666823191
|move|p1a: Corviknight|Body Press|p2a: Hippowdon
|-damage|p2a: Hippowdon|76/100 brn
|move|p2a: Hippowdon|Stealth Rock|p1a: Corviknight
|-sidestart|p1: Bunch24|move: Stealth Rock
|
|-weather|Sandstorm|[upkeep]
|-heal|p2a: Hippowdon|82/100 brn|[from] item: Leftovers
|-damage|p2a: Hippowdon|76/100 brn|[from] brn
|upkeep
|turn|29
|inactive|ChandosH has 120 seconds left.
|
|t:|1666823202
|move|p1a: Corviknight|Defog|p2a: Hippowdon
|-unboost|p2a: Hippowdon|evasion|1
|-sideend|p1: Bunch24|Stealth Rock|[from] move: Defog|[of] p1a: Corviknight
|move|p2a: Hippowdon|Earthquake|p1a: Corviknight
|-immune|p1a: Corviknight
|
|-weather|none
|-heal|p2a: Hippowdon|82/100 brn|[from] item: Leftovers
|-damage|p2a: Hippowdon|76/100 brn|[from] brn
|upkeep
|turn|30
|
|t:|1666823215
|switch|p1a: Dragapult|Dragapult, F|83/100
|move|p2a: Hippowdon|Stealth Rock|p1a: Dragapult
|-sidestart|p1: Bunch24|move: Stealth Rock
|
|-heal|p2a: Hippowdon|82/100 brn|[from] item: Leftovers
|-damage|p2a: Hippowdon|76/100 brn|[from] brn
|upkeep
|turn|31
|
|t:|1666823219
|move|p1a: Dragapult|Hex|p2a: Hippowdon
|-damage|p2a: Hippowdon|33/100 brn
|move|p2a: Hippowdon|Slack Off|p2a: Hippowdon
|-heal|p2a: Hippowdon|83/100 brn
|
|-heal|p2a: Hippowdon|89/100 brn|[from] item: Leftovers
|-damage|p2a: Hippowdon|83/100 brn|[from] brn
|upkeep
|turn|32
|
|t:|1666823225
|move|p1a: Dragapult|Hex|p2a: Hippowdon
|-damage|p2a: Hippowdon|45/100 brn
|move|p2a: Hippowdon|Slack Off|p2a: Hippowdon
|-heal|p2a: Hippowdon|95/100 brn
|
|-heal|p2a: Hippowdon|100/100 brn|[from] item: Leftovers
|-damage|p2a: Hippowdon|94/100 brn|[from] brn
|upkeep
|turn|33
|
|t:|1666823232
|switch|p1a: Corviknight|Corviknight, M|100/100
|-damage|p1a: Corviknight|88/100|[from] Stealth Rock
|-ability|p1a: Corviknight|Pressure
|move|p2a: Hippowdon|Toxic|p1a: Corviknight
|-immune|p1a: Corviknight
|
|-heal|p2a: Hippowdon|100/100 brn|[from] item: Leftovers
|-damage|p2a: Hippowdon|94/100 brn|[from] brn
|upkeep
|turn|34
|
|t:|1666823239
|move|p1a: Corviknight|Defog|p2a: Hippowdon
|-unboost|p2a: Hippowdon|evasion|1
|-sideend|p1: Bunch24|Stealth Rock|[from] move: Defog|[of] p1a: Corviknight
|move|p2a: Hippowdon|Stealth Rock|p1a: Corviknight
|-sidestart|p1: Bunch24|move: Stealth Rock
|
|-heal|p2a: Hippowdon|100/100 brn|[from] item: Leftovers
|-damage|p2a: Hippowdon|94/100 brn|[from] brn
|upkeep
|turn|35
|
|t:|1666823247
|move|p1a: Corviknight|Defog|p2a: Hippowdon
|-unboost|p2a: Hippowdon|evasion|1
|-sideend|p1: Bunch24|Stealth Rock|[from] move: Defog|[of] p1a: Corviknight
|move|p2a: Hippowdon|Toxic|p1a: Corviknight
|-immune|p1a: Corviknight
|
|-heal|p2a: Hippowdon|100/100 brn|[from] item: Leftovers
|-damage|p2a: Hippowdon|94/100 brn|[from] brn
|upkeep
|turn|36
|
|t:|1666823258
|switch|p1a: Dragapult|Dragapult, F|83/100
|move|p2a: Hippowdon|Stealth Rock|p1a: Dragapult
|-sidestart|p1: Bunch24|move: Stealth Rock
|
|-heal|p2a: Hippowdon|100/100 brn|[from] item: Leftovers
|-damage|p2a: Hippowdon|94/100 brn|[from] brn
|upkeep
|turn|37
|
|t:|1666823266
|switch|p1a: Corviknight|Corviknight, M|88/100
|-damage|p1a: Corviknight|76/100|[from] Stealth Rock
|-ability|p1a: Corviknight|Pressure
|move|p2a: Hippowdon|Toxic|p1a: Corviknight
|-immune|p1a: Corviknight
|
|-heal|p2a: Hippowdon|100/100 brn|[from] item: Leftovers
|-damage|p2a: Hippowdon|94/100 brn|[from] brn
|upkeep
|turn|38
|j| KokoCherryMango
|
|t:|1666823274
|switch|p2a: Tapu Koko|Tapu Koko|88/100
|-fieldstart|move: Electric Terrain|[from] ability: Electric Surge|[of] p2a: Tapu Koko
|move|p1a: Corviknight|Body Press|p2a: Tapu Koko
|-resisted|p2a: Tapu Koko
|-damage|p2a: Tapu Koko|71/100
|
|upkeep
|turn|39
|
|t:|1666823283
|switch|p1a: Excadrill|Excadrill, F|100/100
|-damage|p1a: Excadrill|97/100|[from] Stealth Rock
|move|p2a: Tapu Koko|Thunderbolt|p1a: Excadrill
|-immune|p1a: Excadrill
|
|-heal|p1a: Excadrill|100/100|[from] item: Leftovers
|upkeep
|turn|40
|
|t:|1666823292
|switch|p2a: Skarmory|Skarmory, F|84/100
|switch|p1a: Tornadus|Tornadus-Therian, M|100/100
|
|upkeep
|turn|41
|l| monkaSaur
|
|t:|1666823301
|switch|p2a: Tapu Koko|Tapu Koko|71/100
|move|p1a: Tornadus|Heat Wave|p2a: Tapu Koko
|-damage|p2a: Tapu Koko|26/100
|
|upkeep
|turn|42
|
|t:|1666823309
|move|p2a: Tapu Koko|Roost|p2a: Tapu Koko
|-heal|p2a: Tapu Koko|77/100
|-singleturn|p2a: Tapu Koko|move: Roost
|move|p1a: Tornadus|Heat Wave|p2a: Tapu Koko
|-damage|p2a: Tapu Koko|32/100
|-status|p2a: Tapu Koko|brn
|
|-damage|p2a: Tapu Koko|26/100 brn|[from] brn
|-fieldend|move: Electric Terrain
|upkeep
|turn|43
|j| sack2005
|inactive|Bunch24 has 120 seconds left.
|
|t:|1666823340
|move|p2a: Tapu Koko|Roost|p2a: Tapu Koko
|-heal|p2a: Tapu Koko|76/100 brn
|-singleturn|p2a: Tapu Koko|move: Roost
|move|p1a: Tornadus|Heat Wave|p2a: Tapu Koko
|-damage|p2a: Tapu Koko|27/100 brn
|
|-damage|p2a: Tapu Koko|21/100 brn|[from] brn
|upkeep
|turn|44
|
|t:|1666823349
|move|p2a: Tapu Koko|Roost|p2a: Tapu Koko
|-heal|p2a: Tapu Koko|71/100 brn
|-singleturn|p2a: Tapu Koko|move: Roost
|move|p1a: Tornadus|Heat Wave|p2a: Tapu Koko
|-damage|p2a: Tapu Koko|23/100 brn
|
|-damage|p2a: Tapu Koko|17/100 brn|[from] brn
|upkeep
|turn|45
|
|t:|1666823370
|move|p2a: Tapu Koko|Volt Switch|p1a: Tornadus
|-supereffective|p1a: Tornadus
|-damage|p1a: Tornadus|22/100
|
|t:|1666823381
|switch|p2a: Toxapex|Toxapex, M|100/100|[from]move: Volt Switch
|move|p1a: Tornadus|Heat Wave|p2a: Toxapex
|-resisted|p2a: Toxapex
|-damage|p2a: Toxapex|88/100
|
|upkeep
|turn|46
|
|t:|1666823391
|switch|p1a: Tyranitar|Tyranitar, M|100/100
|-damage|p1a: Tyranitar|88/100|[from] Stealth Rock
|-weather|Sandstorm|[from] ability: Sand Stream|[of] p1a: Tyranitar
|move|p2a: Toxapex|Knock Off|p1a: Tyranitar
|-resisted|p1a: Tyranitar
|-damage|p1a: Tyranitar|83/100
|-enditem|p1a: Tyranitar|Smooth Rock|[from] move: Knock Off|[of] p2a: Toxapex
|
|-weather|Sandstorm|[upkeep]
|-damage|p2a: Toxapex|82/100|[from] Sandstorm
|upkeep
|turn|47
|inactive|ChandosH has 120 seconds left.
|
|t:|1666823412
|move|p1a: Tyranitar|Thunder Wave|p2a: Toxapex
|-status|p2a: Toxapex|par
|move|p2a: Toxapex|Scald|p1a: Tyranitar
|-supereffective|p1a: Tyranitar
|-damage|p1a: Tyranitar|69/100
|
|-weather|Sandstorm|[upkeep]
|-damage|p2a: Toxapex|76/100 par|[from] Sandstorm
|upkeep
|turn|48
|inactive|ChandosH has 120 seconds left.
|
|t:|1666823422
|move|p1a: Tyranitar|Stealth Rock|p2a: Toxapex
|-sidestart|p2: ChandosH|move: Stealth Rock
|move|p2a: Toxapex|Scald|p1a: Tyranitar
|-supereffective|p1a: Tyranitar
|-damage|p1a: Tyranitar|54/100
|
|-weather|Sandstorm|[upkeep]
|-damage|p2a: Toxapex|70/100 par|[from] Sandstorm
|upkeep
|turn|49
|
|t:|1666823432
|move|p1a: Tyranitar|Earthquake|p2a: Toxapex
|-supereffective|p2a: Toxapex
|-damage|p2a: Toxapex|33/100 par
|move|p2a: Toxapex|Scald|p1a: Tyranitar
|-supereffective|p1a: Tyranitar
|-damage|p1a: Tyranitar|41/100
|
|-weather|Sandstorm|[upkeep]
|-damage|p2a: Toxapex|26/100 par|[from] Sandstorm
|upkeep
|turn|50
|
|t:|1666823443
|switch|p1a: Tornadus|Tornadus-Therian, M|55/100
|switch|p2a: Skarmory|Skarmory, F|84/100
|-damage|p2a: Skarmory|72/100|[from] Stealth Rock
|
|-weather|Sandstorm|[upkeep]
|-damage|p1a: Tornadus|49/100|[from] Sandstorm
|upkeep
|turn|51
|inactive|ChandosH has 120 seconds left.
|j| israviso07
|
|t:|1666823462
|switch|p2a: Hippowdon|Hippowdon, F|94/100 brn
|-damage|p2a: Hippowdon|88/100 brn|[from] Stealth Rock
|move|p1a: Tornadus|Nasty Plot|p1a: Tornadus
|-boost|p1a: Tornadus|spa|2
|
|-weather|Sandstorm|[upkeep]
|-damage|p1a: Tornadus|43/100|[from] Sandstorm
|-heal|p2a: Hippowdon|94/100 brn|[from] item: Leftovers
|-damage|p2a: Hippowdon|88/100 brn|[from] brn
|upkeep
|turn|52
|inactive|ChandosH has 120 seconds left.
|
|t:|1666823472
|move|p1a: Tornadus|Hurricane|p2a: Hippowdon
|-damage|p2a: Hippowdon|9/100 brn
|move|p2a: Hippowdon|Toxic|p1a: Tornadus|[miss]
|-miss|p2a: Hippowdon|p1a: Tornadus
|
|-weather|Sandstorm|[upkeep]
|-damage|p1a: Tornadus|37/100|[from] Sandstorm
|-heal|p2a: Hippowdon|15/100 brn|[from] item: Leftovers
|-damage|p2a: Hippowdon|9/100 brn|[from] brn
|upkeep
|turn|53
|
|t:|1666823481
|move|p1a: Tornadus|Heat Wave|p2a: Hippowdon
|-damage|p2a: Hippowdon|0 fnt
|faint|p2a: Hippowdon
|
|-weather|none
|upkeep
|
|t:|1666823486
|switch|p2a: Tapu Koko|Tapu Koko|17/100 brn
|-fieldstart|move: Electric Terrain|[from] ability: Electric Surge|[of] p2a: Tapu Koko
|turn|54
|l| israviso07
|
|t:|1666823498
|switch|p1a: Excadrill|Excadrill, F|100/100
|-damage|p1a: Excadrill|97/100|[from] Stealth Rock
|move|p2a: Tapu Koko|Roost|p2a: Tapu Koko
|-heal|p2a: Tapu Koko|67/100 brn
|-singleturn|p2a: Tapu Koko|move: Roost
|
|-heal|p1a: Excadrill|100/100|[from] item: Leftovers
|-damage|p2a: Tapu Koko|61/100 brn|[from] brn
|upkeep
|turn|55
|j| charge Q
|
|t:|1666823505
|switch|p2a: Skarmory|Skarmory, F|72/100
|-damage|p2a: Skarmory|59/100|[from] Stealth Rock
|move|p1a: Excadrill|Rock Slide|p2a: Skarmory
|-damage|p2a: Skarmory|42/100
|
|upkeep
|turn|56
|
|t:|1666823515
|switch|p1a: Tornadus|Tornadus-Therian, M|70/100
|move|p2a: Skarmory|Roost|p2a: Skarmory
|-heal|p2a: Skarmory|92/100
|-singleturn|p2a: Skarmory|move: Roost
|
|upkeep
|turn|57
|
|t:|1666823524
|switch|p2a: Tapu Koko|Tapu Koko|61/100 brn
|move|p1a: Tornadus|Hurricane|p2a: Tapu Koko
|-resisted|p2a: Tapu Koko
|-damage|p2a: Tapu Koko|23/100 brn
|
|-damage|p2a: Tapu Koko|17/100 brn|[from] brn
|upkeep
|turn|58
|
|t:|1666823537
|switch|p1a: Excadrill|Excadrill, F|100/100
|-damage|p1a: Excadrill|97/100|[from] Stealth Rock
|move|p2a: Tapu Koko|Roost|p2a: Tapu Koko
|-heal|p2a: Tapu Koko|67/100 brn
|-singleturn|p2a: Tapu Koko|move: Roost
|
|-heal|p1a: Excadrill|100/100|[from] item: Leftovers
|-damage|p2a: Tapu Koko|61/100 brn|[from] brn
|-fieldend|move: Electric Terrain
|upkeep
|turn|59
|
|t:|1666823543
|switch|p2a: Skarmory|Skarmory, F|92/100
|-damage|p2a: Skarmory|80/100|[from] Stealth Rock
|move|p1a: Excadrill|Rock Slide|p2a: Skarmory
|-damage|p2a: Skarmory|63/100
|
|upkeep
|turn|60
|
|t:|1666823554
|switch|p1a: Tornadus|Tornadus-Therian, M|100/100
|move|p2a: Skarmory|Spikes|p1a: Tornadus
|-sidestart|p1: Bunch24|Spikes
|
|upkeep
|turn|61
|
|t:|1666823561
|switch|p2a: Tapu Koko|Tapu Koko|61/100 brn
|-fieldstart|move: Electric Terrain|[from] ability: Electric Surge|[of] p2a: Tapu Koko
|move|p1a: Tornadus|Heat Wave|p2a: Tapu Koko
|-damage|p2a: Tapu Koko|13/100 brn
|
|-damage|p2a: Tapu Koko|7/100 brn|[from] brn
|upkeep
|turn|62
|
|t:|1666823572
|move|p2a: Tapu Koko|Thunderbolt|p1a: Tornadus
|-supereffective|p1a: Tornadus
|-damage|p1a: Tornadus|0 fnt
|faint|p1a: Tornadus
|
|-damage|p2a: Tapu Koko|0 fnt|[from] brn
|faint|p2a: Tapu Koko
|upkeep
|c|☆ChandosH|Nice
|
|t:|1666823591
|switch|p2a: Clefable|Clefable, M|100/100
|switch|p1a: Corviknight|Corviknight, M|76/100
|-damage|p1a: Corviknight|64/100|[from] Stealth Rock
|-ability|p1a: Corviknight|Pressure
|turn|63
|
|t:|1666823607
|move|p2a: Clefable|Calm Mind|p2a: Clefable
|-boost|p2a: Clefable|spa|1
|-boost|p2a: Clefable|spd|1
|move|p1a: Corviknight|Defog|p2a: Clefable
|-unboost|p2a: Clefable|evasion|1
|-sideend|p2: ChandosH|Stealth Rock|[from] move: Defog|[of] p1a: Corviknight
|-sideend|p1: Bunch24|Spikes|[from] move: Defog|[of] p1a: Corviknight
|-sideend|p1: Bunch24|Stealth Rock|[from] move: Defog|[of] p1a: Corviknight
|-fieldend|move: Electric Terrain
|
|upkeep
|turn|64
|
|t:|1666823615
|switch|p1a: Tyranitar|Tyranitar, M|41/100
|-weather|Sandstorm|[from] ability: Sand Stream|[of] p1a: Tyranitar
|move|p2a: Clefable|Flamethrower|p1a: Tyranitar
|-resisted|p1a: Tyranitar
|-crit|p1a: Tyranitar
|-damage|p1a: Tyranitar|32/100
|
|-weather|Sandstorm|[upkeep]
|upkeep
|turn|65
|
|t:|1666823620
|move|p2a: Clefable|Moonblast|p1a: Tyranitar
|-supereffective|p1a: Tyranitar
|-damage|p1a: Tyranitar|0 fnt
|faint|p1a: Tyranitar
|
|-weather|Sandstorm|[upkeep]
|upkeep
|
|t:|1666823622
|switch|p1a: Dugtrio|Dugtrio-Alola, M|74/100
|turn|66
|
|t:|1666823628
|switch|p2a: Skarmory|Skarmory, F|63/100
|move|p1a: Dugtrio|Stone Edge|p2a: Skarmory|[miss]
|-miss|p1a: Dugtrio|p2a: Skarmory
|
|-weather|Sandstorm|[upkeep]
|upkeep
|turn|67
|
|t:|1666823634
|move|p1a: Dugtrio|Stone Edge|p2a: Skarmory|[miss]
|-miss|p1a: Dugtrio|p2a: Skarmory
|move|p2a: Skarmory|Roost|p2a: Skarmory
|-heal|p2a: Skarmory|100/100
|-singleturn|p2a: Skarmory|move: Roost
|
|-weather|Sandstorm|[upkeep]
|upkeep
|turn|68
|
|t:|1666823642
|switch|p1a: Dragapult|Dragapult, F|83/100
|move|p2a: Skarmory|Spikes|p1a: Dragapult
|-sidestart|p1: Bunch24|Spikes
|
|-weather|none
|upkeep
|turn|69
|
|t:|1666823650
|switch|p2a: Clefable|Clefable, M|100/100
|move|p1a: Dragapult|Hex|p2a: Clefable
|-damage|p2a: Clefable|75/100
|
|-heal|p2a: Clefable|81/100|[from] item: Leftovers
|upkeep
|turn|70
|
|t:|1666823659
|switch|p1a: Excadrill|Excadrill, F|100/100
|-damage|p1a: Excadrill|88/100|[from] Spikes
|move|p2a: Clefable|Flamethrower|p1a: Excadrill
|-supereffective|p1a: Excadrill
|-damage|p1a: Excadrill|36/100
|
|-heal|p1a: Excadrill|42/100|[from] item: Leftovers
|-heal|p2a: Clefable|87/100|[from] item: Leftovers
|upkeep
|turn|71
|
|t:|1666823671
|switch|p1a: Dragapult|Dragapult, F|83/100
|-damage|p1a: Dragapult|70/100|[from] Spikes
|switch|p2a: Skarmory|Skarmory, F|100/100
|
|upkeep
|turn|72
|
|t:|1666823684
|switch|p2a: Toxapex|Toxapex, M|60/100 par
|move|p1a: Dragapult|Will-O-Wisp||[still]
|-fail|p1a: Dragapult
|
|upkeep
|turn|73
|
|t:|1666823704
|switch|p1a: Dugtrio|Dugtrio-Alola, M|74/100
|-damage|p1a: Dugtrio|62/100|[from] Spikes
|move|p2a: Toxapex|Knock Off|p1a: Dugtrio
|-damage|p1a: Dugtrio|30/100
|-enditem|p1a: Dugtrio|Life Orb|[from] move: Knock Off|[of] p2a: Toxapex
|
|upkeep
|turn|74
|
|t:|1666823715
|switch|p1a: Corviknight|Corviknight, M|64/100
|-ability|p1a: Corviknight|Pressure
|switch|p2a: Skarmory|Skarmory, F|100/100
|
|upkeep
|turn|75
|
|t:|1666823728
|move|p2a: Skarmory|Body Press|p1a: Corviknight
|-crit|p1a: Corviknight
|-damage|p1a: Corviknight|36/100
|-damage|p2a: Skarmory|84/100|[from] item: Rocky Helmet|[of] p1a: Corviknight
|move|p1a: Corviknight|Defog|p2a: Skarmory
|-unboost|p2a: Skarmory|evasion|1
|-sideend|p1: Bunch24|Spikes|[from] move: Defog|[of] p1a: Corviknight
|
|upkeep
|turn|76
|
|t:|1666823739
|switch|p1a: Dragapult|Dragapult, F|70/100
|move|p2a: Skarmory|Spikes|p1a: Dragapult
|-sidestart|p1: Bunch24|Spikes
|
|upkeep
|turn|77
|
|t:|1666823748
|switch|p2a: Clefable|Clefable, M|87/100
|move|p1a: Dragapult|Hex|p2a: Clefable
|-damage|p2a: Clefable|61/100
|
|-heal|p2a: Clefable|67/100|[from] item: Leftovers
|upkeep
|turn|78
|
|t:|1666823756
|move|p1a: Dragapult|Will-O-Wisp|p2a: Clefable
|-status|p2a: Clefable|brn
|move|p2a: Clefable|Soft-Boiled|p2a: Clefable
|-heal|p2a: Clefable|100/100 brn
|
|upkeep
|turn|79
|
|t:|1666823766
|switch|p1a: Dugtrio|Dugtrio-Alola, M|30/100
|-damage|p1a: Dugtrio|18/100|[from] Spikes
|move|p2a: Clefable|Calm Mind|p2a: Clefable
|-boost|p2a: Clefable|spa|1
|-boost|p2a: Clefable|spd|1
|
|upkeep
|turn|80
|
|t:|1666823770
|switch|p1a: Dragapult|Dragapult, F|70/100
|-damage|p1a: Dragapult|58/100|[from] Spikes
|switch|p2a: Skarmory|Skarmory, F|84/100
|
|upkeep
|turn|81
|
|t:|1666823778
|switch|p2a: Toxapex|Toxapex, M|93/100 par
|move|p1a: Dragapult|Hex|p2a: Toxapex
|-damage|p2a: Toxapex|46/100 par
|
|upkeep
|turn|82
|
|t:|1666823789
|move|p1a: Dragapult|Hex|p2a: Toxapex
|-damage|p2a: Toxapex|2/100 par
|move|p2a: Toxapex|Knock Off|p1a: Dragapult
|-supereffective|p1a: Dragapult
|-damage|p1a: Dragapult|21/100
|-enditem|p1a: Dragapult|Expert Belt|[from] move: Knock Off|[of] p2a: Toxapex
|
|upkeep
|turn|83
|
|t:|1666823814
|move|p1a: Dragapult|Hex|p2a: Toxapex
|-damage|p2a: Toxapex|0 fnt
|faint|p2a: Toxapex
|
|upkeep
|inactive|ChandosH has 120 seconds left.
|
|t:|1666823826
|switch|p2a: Clefable|Clefable, M|100/100 brn
|turn|84
|j| Milkman2101
|inactive|ChandosH has 120 seconds left.
|
|t:|1666823841
|switch|p1a: Dugtrio|Dugtrio-Alola, M|18/100
|-damage|p1a: Dugtrio|6/100|[from] Spikes
|move|p2a: Clefable|Moonblast|p1a: Dugtrio
|-resisted|p1a: Dugtrio
|-damage|p1a: Dugtrio|0 fnt
|faint|p1a: Dugtrio
|
|upkeep
|
|t:|1666823844
|switch|p1a: Excadrill|Excadrill, F|42/100
|-damage|p1a: Excadrill|30/100|[from] Spikes
|turn|85
|inactive|ChandosH has 120 seconds left.
|
|t:|1666823865
|move|p1a: Excadrill|Iron Head|p2a: Clefable
|-supereffective|p2a: Clefable
|-damage|p2a: Clefable|24/100 brn
|move|p2a: Clefable|Flamethrower|p1a: Excadrill
|-supereffective|p1a: Excadrill
|-damage|p1a: Excadrill|0 fnt
|faint|p1a: Excadrill
|
|-heal|p2a: Clefable|30/100 brn|[from] item: Leftovers
|upkeep
|
|t:|1666823871
|switch|p1a: Dragapult|Dragapult, F|21/100
|-damage|p1a: Dragapult|8/100|[from] Spikes
|turn|86
|inactive|ChandosH has 120 seconds left.
|l| Milkman2101
|
|t:|1666823884
|move|p1a: Dragapult|Hex|p2a: Clefable
|-damage|p2a: Clefable|0 fnt
|faint|p2a: Clefable
|
|upkeep
|
|t:|1666823887
|switch|p2a: Reuniclus|Reuniclus, F|100/100
|turn|87
|
|t:|1666823896
|move|p1a: Dragapult|Hex|p2a: Reuniclus
|-supereffective|p2a: Reuniclus
|-damage|p2a: Reuniclus|45/100
|move|p2a: Reuniclus|Psyshock|p1a: Dragapult
|-damage|p1a: Dragapult|0 fnt
|faint|p1a: Dragapult
|
|-heal|p2a: Reuniclus|51/100|[from] item: Leftovers
|upkeep
|
|t:|1666823898
|switch|p1a: Corviknight|Corviknight, M|36/100
|-ability|p1a: Corviknight|Pressure
|turn|88
|
|t:|1666823902
|move|p1a: Corviknight|U-turn|p2a: Reuniclus
|-supereffective|p2a: Reuniclus
|-damage|p2a: Reuniclus|32/100
|move|p2a: Reuniclus|Recover|p2a: Reuniclus
|-heal|p2a: Reuniclus|82/100
|
|-heal|p2a: Reuniclus|88/100|[from] item: Leftovers
|upkeep
|turn|89
|
|t:|1666823909
|move|p1a: Corviknight|Roost|p1a: Corviknight
|-heal|p1a: Corviknight|86/100
|-singleturn|p1a: Corviknight|move: Roost
|move|p2a: Reuniclus|Calm Mind|p2a: Reuniclus
|-boost|p2a: Reuniclus|spa|1
|-boost|p2a: Reuniclus|spd|1
|
|-heal|p2a: Reuniclus|94/100|[from] item: Leftovers
|upkeep
|turn|90
|
|t:|1666823913
|move|p1a: Corviknight|U-turn|p2a: Reuniclus
|-supereffective|p2a: Reuniclus
|-damage|p2a: Reuniclus|72/100
|move|p2a: Reuniclus|Thunder|p1a: Corviknight
|-supereffective|p1a: Corviknight
|-damage|p1a: Corviknight|0 fnt
|faint|p1a: Corviknight
|
|win|ChandosH
|raw|Bunch24's rating: 1772 &rarr; <strong>1752</strong><br />(-20 for losing)
|raw|ChandosH's rating: 1772 &rarr; <strong>1792</strong><br />(+20 for winning)
|c|☆ChandosH|Gg
|c|☆Bunch24|Gg
|l| sack2005
||Ladder isn't responding, score probably updated but might not have (Request timeout).
