|raw|<div class="broadcast-blue"><strong>This battle is required to be public due to a player having a name starting with 'lt91bb'.</div>
|j|☆Dondisagio
|j|☆LT91BB animefan
|t:|1658972394
|gametype|singles
|player|p1|Dondisagio|proton|1833
|player|p2|LT91BB animefan|170|1821
|teamsize|p1|6
|teamsize|p2|6
|gen|8
|tier|[Gen 8] OU
|rated|
|rule|Sleep Clause Mod: Limit one foe put to sleep
|rule|Species Clause: Limit one of each Pokémon
|rule|OHKO Clause: OHKO moves are banned
|rule|Evasion Moves Clause: Evasion moves are banned
|rule|Endless Battle Clause: Forcing endless battles is banned
|rule|HP Percentage Mod: HP is shown in percentages
|rule|Dynamax Clause: You cannot dynamax
|clearpoke
|poke|p1|Ninetales-Alola, M|
|poke|p1|Zapdos-Galar|
|poke|p1|Klefki, F|
|poke|p1|Latias, F|
|poke|p1|Arctozolt|
|poke|p1|Landorus-Therian, M|
|poke|p2|Melmetal|
|poke|p2|Clefable, M|
|poke|p2|Quagsire, M|
|poke|p2|Skarmory, F|
|poke|p2|Zapdos|
|poke|p2|Toxapex, F|
|teampreview
|inactive|Battle timer is ON: inactive players will automatically lose when time's up. (requested by LT91BB animefan)
|j| isza
|j| omicorio
|j| LT91BB pop smoke
|c| LT91BB pop smoke|bro fardin
|inactive|LT91BB animefan has 120 seconds left.
|c| LT91BB pop smoke|go watch anime
|j| Only Shedinja ツ
|
|t:|1658972434
|start
|switch|p1a: Landorus|Landorus-Therian, M|100/100
|switch|p2a: Melmetal|Melmetal|100/100
|-ability|p1a: Landorus|Intimidate|boost
|-unboost|p2a: Melmetal|atk|1
|turn|1
|j| DrasticLightning
|
|t:|1658972441
|switch|p2a: Skarmory|Skarmory, F|100/100
|move|p1a: Landorus|Earthquake|p2a: Skarmory
|-immune|p2a: Skarmory
|
|upkeep
|turn|2
|
|t:|1658972447
|switch|p1a: Ninetales|Ninetales-Alola, M|100/100
|-weather|Hail|[from] ability: Snow Warning|[of] p1a: Ninetales
|move|p2a: Skarmory|Toxic|p1a: Ninetales
|-status|p1a: Ninetales|tox
|
|-weather|Hail|[upkeep]
|-damage|p2a: Skarmory|94/100|[from] Hail
|-damage|p1a: Ninetales|95/100 tox|[from] psn
|upkeep
|turn|3
|
|t:|1658972453
|move|p1a: Ninetales|Blizzard|p2a: Skarmory
|-damage|p2a: Skarmory|3/100
|move|p2a: Skarmory|Spikes|p1a: Ninetales
|-sidestart|p1: Dondisagio|Spikes
|
|-weather|Hail|[upkeep]
|-damage|p2a: Skarmory|0 fnt|[from] Hail
|faint|p2a: Skarmory
|-damage|p1a: Ninetales|83/100 tox|[from] psn
|upkeep
|j| lt91bb adf
|l| Only Shedinja ツ
|j| rachel19738
|
|t:|1658972461
|switch|p2a: Melmetal|Melmetal|100/100
|turn|4
|j| LT91BB Tace
|j| lmaoyougotrekt
|j| Wee Hours
|
|t:|1658972480
|switch|p1a: Landorus|Landorus-Therian, M|100/100
|-ability|p1a: Landorus|Intimidate|boost
|-unboost|p2a: Melmetal|atk|1
|move|p2a: Melmetal|Double Iron Bash|p1a: Landorus
|-damage|p1a: Landorus|68/100
|-damage|p1a: Landorus|36/100
|-hitcount|p1a: Landorus|2
|
|-weather|Hail|[upkeep]
|-damage|p1a: Landorus|30/100|[from] Hail
|-damage|p2a: Melmetal|94/100|[from] Hail
|-heal|p2a: Melmetal|100/100|[from] item: Leftovers
|upkeep
|turn|5
|j| LT91BB Bird
|
|t:|1658972485
|switch|p2a: Zapdos|Zapdos|100/100
|-ability|p2a: Zapdos|Pressure
|move|p1a: Landorus|Earthquake|p2a: Zapdos
|-immune|p2a: Zapdos
|
|-weather|Hail|[upkeep]
|-damage|p1a: Landorus|24/100|[from] Hail
|-damage|p2a: Zapdos|94/100|[from] Hail
|upkeep
|turn|6
|l| omicorio
|
|t:|1658972493
|switch|p2a: Melmetal|Melmetal|100/100
|move|p1a: Landorus|Explosion|p2a: Melmetal
|-resisted|p2a: Melmetal
|-damage|p2a: Melmetal|72/100
|faint|p1a: Landorus
|
|-weather|none
|-heal|p2a: Melmetal|78/100|[from] item: Leftovers
|upkeep
|
|t:|1658972502
|switch|p1a: Klefki|Klefki, F|100/100
|-damage|p1a: Klefki|88/100|[from] Spikes
|turn|7
|
|t:|1658972505
|move|p1a: Klefki|Reflect|p1a: Klefki
|-sidestart|p1: Dondisagio|Reflect
|move|p2a: Melmetal|Double Iron Bash|p1a: Klefki
|-crit|p1a: Klefki
|-damage|p1a: Klefki|32/100
|-damage|p1a: Klefki|12/100
|-hitcount|p1a: Klefki|2
|
|-heal|p2a: Melmetal|84/100|[from] item: Leftovers
|upkeep
|turn|8
|j| legend for a fall
|
|t:|1658972510
|move|p1a: Klefki|Spikes|p2a: Melmetal
|-sidestart|p2: LT91BB animefan|Spikes
|move|p2a: Melmetal|Double Iron Bash|p1a: Klefki
|-damage|p1a: Klefki|0 fnt
|faint|p1a: Klefki
|-hitcount|p1: Klefki|1
|
|-heal|p2a: Melmetal|90/100|[from] item: Leftovers
|upkeep
|
|t:|1658972513
|switch|p1a: Zapdos|Zapdos-Galar, shiny|100/100
|turn|9
|j|+Aberforth
|l| legend for a fall
|
|t:|1658972517
|switch|p1a: Ninetales|Ninetales-Alola, M|83/100 tox
|-damage|p1a: Ninetales|71/100 tox|[from] Spikes
|-weather|Hail|[from] ability: Snow Warning|[of] p1a: Ninetales
|switch|p2a: Zapdos|Zapdos|94/100
|-ability|p2a: Zapdos|Pressure
|
|-weather|Hail|[upkeep]
|-damage|p2a: Zapdos|88/100|[from] Hail
|-damage|p1a: Ninetales|65/100 tox|[from] psn
|upkeep
|turn|10
|
|t:|1658972522
|switch|p2a: Melmetal|Melmetal|90/100
|-damage|p2a: Melmetal|77/100|[from] Spikes
|move|p1a: Ninetales|Blizzard|p2a: Melmetal
|-resisted|p2a: Melmetal
|-damage|p2a: Melmetal|51/100
|
|-weather|Hail|[upkeep]
|-damage|p2a: Melmetal|45/100|[from] Hail
|-heal|p2a: Melmetal|51/100|[from] item: Leftovers
|-damage|p1a: Ninetales|53/100 tox|[from] psn
|upkeep
|turn|11
|
|t:|1658972526
|move|p1a: Ninetales|Blizzard|p2a: Melmetal
|-resisted|p2a: Melmetal
|-damage|p2a: Melmetal|25/100
|move|p2a: Melmetal|Double Iron Bash|p1a: Ninetales
|-supereffective|p1a: Ninetales
|-damage|p1a: Ninetales|0 fnt
|faint|p1a: Ninetales
|-hitcount|p1: Ninetales|1
|
|-weather|Hail|[upkeep]
|-damage|p2a: Melmetal|19/100|[from] Hail
|-heal|p2a: Melmetal|25/100|[from] item: Leftovers
|upkeep
|
|t:|1658972528
|switch|p1a: Arctozolt|Arctozolt|100/100
|-damage|p1a: Arctozolt|88/100|[from] Spikes
|turn|12
|j| Venositile
|
|t:|1658972533
|move|p2a: Melmetal|Protect|p2a: Melmetal
|-singleturn|p2a: Melmetal|Protect
|move|p1a: Arctozolt|Bolt Beak|p2a: Melmetal
|-activate|p2a: Melmetal|move: Protect
|
|-weather|Hail|[upkeep]
|-damage|p2a: Melmetal|19/100|[from] Hail
|-heal|p1a: Arctozolt|94/100|[from] item: Leftovers
|-heal|p2a: Melmetal|25/100|[from] item: Leftovers
|upkeep
|turn|13
|
|t:|1658972535
|switch|p2a: Quagsire|Quagsire, M|100/100
|-damage|p2a: Quagsire|88/100|[from] Spikes
|move|p1a: Arctozolt|Bolt Beak|p2a: Quagsire
|-immune|p2a: Quagsire
|
|-weather|none
|-heal|p1a: Arctozolt|100/100|[from] item: Leftovers
|-heal|p2a: Quagsire|94/100|[from] item: Leftovers
|upkeep
|turn|14
|j|+keys
|
|t:|1658972540
|switch|p1a: Zapdos|Zapdos-Galar, shiny|100/100
|switch|p2a: Zapdos|Zapdos|88/100
|-ability|p2a: Zapdos|Pressure
|
|-sideend|p1: Dondisagio|Reflect
|upkeep
|turn|15
|
|t:|1658972543
|switch|p1a: Latias|Latias, F|100/100
|move|p2a: Zapdos|Volt Switch|p1a: Latias
|-resisted|p1a: Latias
|-damage|p1a: Latias|89/100
|
|t:|1658972546
|switch|p2a: Toxapex|Toxapex, F|100/100|[from]move: Volt Switch
|-damage|p2a: Toxapex|88/100|[from] Spikes
|
|upkeep
|turn|16
|
|t:|1658972549
|switch|p1a: Arctozolt|Arctozolt|100/100
|-damage|p1a: Arctozolt|88/100|[from] Spikes
|move|p2a: Toxapex|Toxic|p1a: Arctozolt
|-status|p1a: Arctozolt|tox
|
|-heal|p1a: Arctozolt|94/100 tox|[from] item: Leftovers
|-damage|p1a: Arctozolt|88/100 tox|[from] psn
|upkeep
|turn|17
|
|t:|1658972553
|switch|p2a: Quagsire|Quagsire, M|94/100
|-damage|p2a: Quagsire|82/100|[from] Spikes
|move|p1a: Arctozolt|Hail|p1a: Arctozolt
|-weather|Hail
|
|-weather|Hail|[upkeep]
|-damage|p2a: Quagsire|76/100|[from] Hail
|-heal|p1a: Arctozolt|94/100 tox|[from] item: Leftovers
|-heal|p2a: Quagsire|82/100|[from] item: Leftovers
|-damage|p1a: Arctozolt|82/100 tox|[from] psn
|upkeep
|turn|18
|
|t:|1658972555
|move|p1a: Arctozolt|Blizzard|p2a: Quagsire
|-damage|p2a: Quagsire|46/100
|-status|p2a: Quagsire|frz
|cant|p2a: Quagsire|frz
|
|-weather|Hail|[upkeep]
|-damage|p2a: Quagsire|40/100 frz|[from] Hail
|-heal|p1a: Arctozolt|88/100 tox|[from] item: Leftovers
|-heal|p2a: Quagsire|46/100 frz|[from] item: Leftovers
|-damage|p1a: Arctozolt|69/100 tox|[from] psn
|upkeep
|turn|19
|l| DrasticLightning
|
|t:|1658972563
|move|p1a: Arctozolt|Blizzard|p2a: Quagsire
|-damage|p2a: Quagsire|9/100 frz
|-curestatus|p2a: Quagsire|frz|[from] move: Scald
|move|p2a: Quagsire|Scald|p1a: Arctozolt
|-damage|p1a: Arctozolt|44/100 tox
|
|-weather|Hail|[upkeep]
|-damage|p2a: Quagsire|3/100|[from] Hail
|-heal|p1a: Arctozolt|50/100 tox|[from] item: Leftovers
|-heal|p2a: Quagsire|9/100|[from] item: Leftovers
|-damage|p1a: Arctozolt|25/100 tox|[from] psn
|upkeep
|turn|20
|j| JusALowladderB0t
|
|t:|1658972567
|move|p1a: Arctozolt|Blizzard|p2a: Quagsire
|-damage|p2a: Quagsire|0 fnt
|faint|p2a: Quagsire
|
|-weather|Hail|[upkeep]
|-heal|p1a: Arctozolt|31/100 tox|[from] item: Leftovers
|-damage|p1a: Arctozolt|0 fnt|[from] psn
|faint|p1a: Arctozolt
|upkeep
|
|t:|1658972569
|switch|p1a: Latias|Latias, F|89/100
|switch|p2a: Toxapex|Toxapex, F|100/100
|-damage|p2a: Toxapex|88/100|[from] Spikes
|turn|21
|j| Congwuyu
|
|t:|1658972571
|switch|p1a: Zapdos|Zapdos-Galar, shiny|100/100
|move|p2a: Toxapex|Toxic|p1a: Zapdos
|-status|p1a: Zapdos|tox
|
|-weather|none
|-damage|p1a: Zapdos|94/100 tox|[from] psn
|upkeep
|turn|22
|
|t:|1658972573
|move|p1a: Zapdos|Thunderous Kick|p2a: Toxapex
|-resisted|p2a: Toxapex
|-damage|p2a: Toxapex|70/100
|-unboost|p2a: Toxapex|def|1
|move|p2a: Toxapex|Recover|p2a: Toxapex
|-heal|p2a: Toxapex|100/100
|
|-heal|p1a: Zapdos|100/100 tox|[from] item: Leftovers
|-damage|p1a: Zapdos|88/100 tox|[from] psn
|upkeep
|turn|23
|
|t:|1658972575
|switch|p2a: Zapdos|Zapdos|88/100
|-ability|p2a: Zapdos|Pressure
|move|p1a: Zapdos|Brave Bird|p2a: Zapdos
|-resisted|p2a: Zapdos
|-damage|p2a: Zapdos|58/100
|-damage|p1a: Zapdos|76/100 tox|[from] Recoil
|
|-heal|p1a: Zapdos|82/100 tox|[from] item: Leftovers
|-damage|p1a: Zapdos|63/100 tox|[from] psn
|upkeep
|turn|24
|
|t:|1658972579
|move|p1a: Zapdos|Thunderous Kick|p2a: Zapdos
|-resisted|p2a: Zapdos
|-damage|p2a: Zapdos|35/100
|-unboost|p2a: Zapdos|def|1
|move|p2a: Zapdos|Defog|p1a: Zapdos
|-unboost|p1a: Zapdos|evasion|1
|-ability|p1a: Zapdos|Defiant
|-boost|p1a: Zapdos|atk|2
|-sideend|p1: Dondisagio|Spikes|[from] move: Defog|[of] p2a: Zapdos
|-sideend|p2: LT91BB animefan|Spikes|[from] move: Defog|[of] p2a: Zapdos
|
|-heal|p1a: Zapdos|70/100 tox|[from] item: Leftovers
|-damage|p1a: Zapdos|45/100 tox|[from] psn
|upkeep
|turn|25
|
|t:|1658972583
|move|p1a: Zapdos|Brave Bird|p2a: Zapdos
|-resisted|p2a: Zapdos
|-damage|p2a: Zapdos|0 fnt
|faint|p2a: Zapdos
|-damage|p1a: Zapdos|31/100 tox|[from] Recoil
|
|-heal|p1a: Zapdos|37/100 tox|[from] item: Leftovers
|-damage|p1a: Zapdos|6/100 tox|[from] psn
|upkeep
|
|t:|1658972585
|switch|p2a: Melmetal|Melmetal|25/100
|turn|26
|
|t:|1658972589
|move|p2a: Melmetal|Protect|p2a: Melmetal
|-singleturn|p2a: Melmetal|Protect
|move|p1a: Zapdos|Thunderous Kick|p2a: Melmetal
|-activate|p2a: Melmetal|move: Protect
|
|-heal|p1a: Zapdos|12/100 tox|[from] item: Leftovers
|-heal|p2a: Melmetal|31/100|[from] item: Leftovers
|-damage|p1a: Zapdos|0 fnt|[from] psn
|faint|p1a: Zapdos
|upkeep
|
|t:|1658972590
|switch|p1a: Latias|Latias, F|89/100
|turn|27
|
|t:|1658972592
|move|p1a: Latias|Calm Mind|p1a: Latias
|-boost|p1a: Latias|spa|1
|-boost|p1a: Latias|spd|1
|move|p2a: Melmetal|Double Iron Bash|p1a: Latias
|-crit|p1a: Latias
|-damage|p1a: Latias|42/100
|-damage|p1a: Latias|12/100
|-hitcount|p1a: Latias|2
|
|-heal|p2a: Melmetal|37/100|[from] item: Leftovers
|upkeep
|turn|28
|l| Congwuyu
|j| noudle soop
|
|t:|1658972609
|move|p1a: Latias|Aura Sphere|p2a: Melmetal
|-supereffective|p2a: Melmetal
|-damage|p2a: Melmetal|0 fnt
|faint|p2a: Melmetal
|
|upkeep
|j| CALL THE CREW
|
|t:|1658972615
|switch|p2a: Toxapex|Toxapex, F|100/100
|turn|29
|
|t:|1658972618
|move|p1a: Latias|Stored Power|p2a: Toxapex
|-supereffective|p2a: Toxapex
|-damage|p2a: Toxapex|55/100
|move|p2a: Toxapex|Toxic|p1a: Latias
|-status|p1a: Latias|tox
|
|-damage|p1a: Latias|6/100 tox|[from] psn
|upkeep
|turn|30
|
|t:|1658972620
|move|p1a: Latias|Stored Power|p2a: Toxapex
|-supereffective|p2a: Toxapex
|-damage|p2a: Toxapex|15/100
|move|p2a: Toxapex|Light Screen|p2a: Toxapex
|-sidestart|p2: LT91BB animefan|move: Light Screen
|
|-damage|p1a: Latias|0 fnt|[from] psn
|faint|p1a: Latias
|
|win|LT91BB animefan
|upkeep
|raw|Dondisagio's rating: 1833 &rarr; <strong>1812</strong><br />(-21 for losing)
|raw|LT91BB animefan's rating: 1821 &rarr; <strong>1842</strong><br />(+21 for winning)
|l| LT91BB Tace
|l| noudle soop
|l| Venositile
|l|☆Dondisagio
|l|☆LT91BB animefan
|l| rachel19738
|l| LT91BB pop smoke
|l|+keys
