|j|☆Pok et glace
|j|☆NiZZaYe
|t:|1662229277
|gametype|singles
|player|p1|Pok et glace|cynthia-masters|1782
|player|p2|NiZZaYe|169|1820
|teamsize|p1|6
|teamsize|p2|6
|gen|8
|tier|[Gen 8] OU
|rated|
|rule|Sleep Clause Mod: Limit one foe put to sleep
|rule|Species Clause: Limit one of each Pokémon
|rule|OHKO Clause: OHKO moves are banned
|rule|Evasion Items Clause: Evasion items are banned
|rule|Evasion Moves Clause: Evasion moves are banned
|rule|Endless Battle Clause: Forcing endless battles is banned
|rule|HP Percentage Mod: HP is shown in percentages
|rule|Dynamax Clause: You cannot dynamax
|clearpoke
|poke|p1|Mew|
|poke|p1|Crawdaunt, F|
|poke|p1|Celesteela|
|poke|p1|Garchomp, F|
|poke|p1|Weavile, M|
|poke|p1|Blacephalon|
|poke|p2|Pelipper, M|
|poke|p2|Barraskewda, M|
|poke|p2|Landorus-Therian, M|
|poke|p2|Corviknight, M|
|poke|p2|Blissey, F|
|poke|p2|Tapu Lele|
|teampreview
|j| 0zorcNecropHADES
|inactive|Battle timer is ON: inactive players will automatically lose when time's up. (requested by NiZZaYe)
|j| Zombini62
|
|t:|1662229310
|start
|switch|p1a: Sperm thing|Mew|100/100
|switch|p2a: Landorus|Landorus-Therian, M|100/100
|-ability|p2a: Landorus|Intimidate|boost
|-unboost|p1a: Sperm thing|atk|1
|turn|1
|
|t:|1662229320
|move|p2a: Landorus|Knock Off|p1a: Sperm thing
|-supereffective|p1a: Sperm thing
|-enditem|p1a: Sperm thing|Colbur Berry|[eat]
|-enditem|p1a: Sperm thing|Colbur Berry|[weaken]
|-damage|p1a: Sperm thing|67/100
|move|p1a: Sperm thing|Stealth Rock|p2a: Landorus
|-sidestart|p2: NiZZaYe|move: Stealth Rock
|
|upkeep
|turn|2
|j| wooot
|
|t:|1662229336
|switch|p2a: Barraskewda|Barraskewda, M|100/100
|-damage|p2a: Barraskewda|88/100|[from] Stealth Rock
|move|p1a: Sperm thing|Spikes|p2a: Barraskewda
|-sidestart|p2: NiZZaYe|Spikes
|
|upkeep
|turn|3
|
|t:|1662229343
|move|p2a: Barraskewda|Liquidation|p1a: Sperm thing
|-damage|p1a: Sperm thing|3/100
|move|p1a: Sperm thing|Spikes|p2a: Barraskewda
|-sidestart|p2: NiZZaYe|Spikes
|
|upkeep
|turn|4
|
|t:|1662229348
|move|p2a: Barraskewda|Liquidation|p1a: Sperm thing
|-damage|p1a: Sperm thing|0 fnt
|faint|p1a: Sperm thing
|
|upkeep
|
|t:|1662229351
|switch|p1a: Jaw|Crawdaunt, F|100/100
|turn|5
|
|t:|1662229379
|switch|p2a: Landorus|Landorus-Therian, M|100/100
|-damage|p2a: Landorus|88/100|[from] Stealth Rock
|-ability|p2a: Landorus|Intimidate|boost
|-unboost|p1a: Jaw|atk|1
|move|p1a: Jaw|Knock Off|p2a: Landorus
|-damage|p2a: Landorus|18/100
|-enditem|p2a: Landorus|Choice Scarf|[from] move: Knock Off|[of] p1a: Jaw
|-damage|p1a: Jaw|91/100|[from] item: Life Orb
|
|upkeep
|turn|6
|
|t:|1662229397
|switch|p2a: Tapu Lele|Tapu Lele|100/100
|-damage|p2a: Tapu Lele|88/100|[from] Stealth Rock
|-damage|p2a: Tapu Lele|72/100|[from] Spikes
|-fieldstart|move: Psychic Terrain|[from] ability: Psychic Surge|[of] p2a: Tapu Lele
|move|p1a: Jaw|Knock Off|p2a: Tapu Lele
|-damage|p2a: Tapu Lele|0 fnt
|-enditem|p2a: Tapu Lele|Choice Specs|[from] move: Knock Off|[of] p1a: Jaw
|faint|p2a: Tapu Lele
|-damage|p1a: Jaw|81/100|[from] item: Life Orb
|
|upkeep
|inactive|NiZZaYe has 120 seconds left.
|
|t:|1662229419
|switch|p2a: Landorus|Landorus-Therian, M|18/100
|-damage|p2a: Landorus|6/100|[from] Stealth Rock
|-ability|p2a: Landorus|Intimidate|boost
|-unboost|p1a: Jaw|atk|1
|turn|7
|
|t:|1662229423
|move|p1a: Jaw|Aqua Jet|p2a: Landorus
|-hint|Psychic Terrain doesn't affect Pokémon immune to Ground.
|-supereffective|p2a: Landorus
|-damage|p2a: Landorus|0 fnt
|faint|p2a: Landorus
|-damage|p1a: Jaw|71/100|[from] item: Life Orb
|
|upkeep
|inactive|NiZZaYe has 120 seconds left.
|
|t:|1662229435
|switch|p2a: Corviknight|Corviknight, M|100/100
|-damage|p2a: Corviknight|88/100|[from] Stealth Rock
|-ability|p2a: Corviknight|Pressure
|turn|8
|
|t:|1662229438
|switch|p1a: Blacephalon|Blacephalon|100/100
|move|p2a: Corviknight|Defog|p1a: Blacephalon
|-unboost|p1a: Blacephalon|evasion|1
|-sideend|p2: NiZZaYe|Spikes|[from] move: Defog|[of] p2a: Corviknight
|-sideend|p2: NiZZaYe|Stealth Rock|[from] move: Defog|[of] p2a: Corviknight
|-fieldend|move: Psychic Terrain
|
|upkeep
|turn|9
|
|t:|1662229442
|switch|p2a: Blissey|Blissey, F|100/100
|move|p1a: Blacephalon|Trick|p2a: Blissey
|-activate|p1a: Blacephalon|move: Trick|[of] p2a: Blissey
|-item|p2a: Blissey|Choice Scarf|[from] move: Trick
|-item|p1a: Blacephalon|Heavy-Duty Boots|[from] move: Trick
|
|upkeep
|turn|10
|
|t:|1662229445
|move|p1a: Blacephalon|Taunt|p2a: Blissey
|-start|p2a: Blissey|move: Taunt
|cant|p2a: Blissey|move: Taunt|Teleport
|
|upkeep
|turn|11
|
|t:|1662229453
|switch|p2a: Pelipper|Pelipper, M|100/100
|-weather|RainDance|[from] ability: Drizzle|[of] p2a: Pelipper
|move|p1a: Blacephalon|Shadow Ball|p2a: Pelipper
|-damage|p2a: Pelipper|24/100
|
|-weather|RainDance|[upkeep]
|upkeep
|turn|12
|
|t:|1662229458
|switch|p2a: Blissey|Blissey, F|100/100
|move|p1a: Blacephalon|Shadow Ball|p2a: Blissey
|-immune|p2a: Blissey
|
|-weather|RainDance|[upkeep]
|upkeep
|turn|13
|
|t:|1662229463
|switch|p2a: Barraskewda|Barraskewda, M|88/100
|move|p1a: Blacephalon|Shadow Ball|p2a: Barraskewda
|-damage|p2a: Barraskewda|0 fnt
|faint|p2a: Barraskewda
|-ability|p1a: Blacephalon|Beast Boost|boost
|-boost|p1a: Blacephalon|spa|1
|
|-weather|RainDance|[upkeep]
|upkeep
|-message|NiZZaYe forfeited.
|
|win|Pok et glace
|raw|Pok et glace's rating: 1800 &rarr; <strong>1821</strong><br />(+21 for winning)
|raw|NiZZaYe's rating: 1820 &rarr; <strong>1799</strong><br />(-21 for losing)
|l|☆NiZZaYe
|l|☆Pok et glace
