|j|☆LoSconosciuto
|j|☆xSkelly34
|inactive|Battle timer is ON: inactive players will automatically lose when time's up.
|t:|1652472847
|gametype|singles
|player|p1|LoSconosciuto|#teamgapdos|
|player|p2|xSkelly34|bugsy|
|teamsize|p1|6
|teamsize|p2|6
|gen|8
|tier|[Gen 8] OU
|rated|Tournament battle
|rule|Sleep Clause Mod: Limit one foe put to sleep
|rule|Species Clause: Limit one of each Pokémon
|rule|OHKO Clause: OHKO moves are banned
|rule|Evasion Moves Clause: Evasion moves are banned
|rule|Endless Battle Clause: Forcing endless battles is banned
|rule|HP Percentage Mod: HP is shown in percentages
|rule|Dynamax Clause: You cannot dynamax
|clearpoke
|poke|p1|Kartana|
|poke|p1|Tapu Lele|
|poke|p1|Moltres-Galar|
|poke|p1|Cloyster, M|
|poke|p1|Landorus-Therian, M|
|poke|p1|Heatran, F|
|poke|p2|Reuniclus, M|
|poke|p2|Weavile, M|
|poke|p2|Buzzwole|
|poke|p2|Heatran, F|
|poke|p2|Landorus-Therian, M|
|poke|p2|Tapu Fini|
|teampreview
|j|*Lady Monita ✿
|j| NeverNotCope
|j| MOHAMEDALL
|j|@Daki
|j| dsghdh
|c|☆LoSconosciuto|hf
|j|+heroictobias
|j| Alejandro Paz VGC
|j| NoTollsNoRolls
|inactive|LoSconosciuto has 120 seconds left.
|
|t:|1652472889
|start
|switch|p1a: Heatran|Heatran, F|100/100
|switch|p2a: Weavile|Weavile, M|100/100
|-ability|p2a: Weavile|Pressure
|-item|p1a: Heatran|Air Balloon
|turn|1
|
|t:|1652472901
|switch|p2a: Tapu Fini|Tapu Fini|100/100
|-fieldstart|move: Misty Terrain|[from] ability: Misty Surge|[of] p2a: Tapu Fini
|move|p1a: Heatran|Magma Storm|p2a: Tapu Fini
|-resisted|p2a: Tapu Fini
|-damage|p2a: Tapu Fini|83/100
|-activate|p2a: Tapu Fini|move: Magma Storm|[of] p1a: Heatran
|
|-heal|p2a: Tapu Fini|89/100|[from] item: Leftovers
|-damage|p2a: Tapu Fini|77/100|[from] move: Magma Storm|[partiallytrapped]
|upkeep
|turn|2
|j| paolode99
|
|t:|1652472922
|switch|p1a: Kartana|Kartana|100/100
|move|p2a: Tapu Fini|Whirlpool|p1a: Kartana
|-resisted|p1a: Kartana
|-damage|p1a: Kartana|84/100
|-activate|p1a: Kartana|move: Whirlpool|[of] p2a: Tapu Fini
|
|-heal|p2a: Tapu Fini|83/100|[from] item: Leftovers
|-damage|p1a: Kartana|71/100|[from] move: Whirlpool|[partiallytrapped]
|-end|p2a: Tapu Fini|Magma Storm|[partiallytrapped]|[silent]
|upkeep
|turn|3
|
|t:|1652472933
|switch|p2a: Buzzwole|Buzzwole|100/100
|move|p1a: Kartana|Leaf Blade|p2a: Buzzwole
|-resisted|p2a: Buzzwole
|-damage|p2a: Buzzwole|79/100
|
|-end|p1a: Kartana|Whirlpool|[partiallytrapped]|[silent]
|upkeep
|turn|4
|l| NeverNotCope
|c| Alejandro Paz VGC|lessgo
|inactive|LoSconosciuto has 120 seconds left.
|
|t:|1652472961
|switch|p1a: Tapu Lele|Tapu Lele|100/100
|-fieldstart|move: Psychic Terrain|[from] ability: Psychic Surge|[of] p1a: Tapu Lele
|move|p2a: Buzzwole|Ice Punch|p1a: Tapu Lele
|-damage|p1a: Tapu Lele|58/100
|
|upkeep
|turn|5
|j| NeverNotCope
|inactive|LoSconosciuto has 120 seconds left.
|
|t:|1652472990
|switch|p2a: Reuniclus|Reuniclus, M|100/100
|move|p1a: Tapu Lele|Calm Mind|p1a: Tapu Lele
|-boost|p1a: Tapu Lele|spa|1
|-boost|p1a: Tapu Lele|spd|1
|
|upkeep
|turn|6
|inactive|LoSconosciuto has 120 seconds left.
|inactive|xSkelly34 has 120 seconds left.
|
|t:|1652473009
|move|p1a: Tapu Lele|Draining Kiss|p2a: Reuniclus
|-crit|p2a: Reuniclus
|-damage|p2a: Reuniclus|45/100
|-heal|p1a: Tapu Lele|100/100|[from] drain|[of] p2a: Reuniclus
|move|p2a: Reuniclus|Psyshock|p1a: Tapu Lele
|-resisted|p1a: Tapu Lele
|-damage|p1a: Tapu Lele|74/100
|
|upkeep
|turn|7
|
|t:|1652473016
|move|p1a: Tapu Lele|Calm Mind|p1a: Tapu Lele
|-boost|p1a: Tapu Lele|spa|1
|-boost|p1a: Tapu Lele|spd|1
|move|p2a: Reuniclus|Recover|p2a: Reuniclus
|-heal|p2a: Reuniclus|95/100
|
|upkeep
|turn|8
|inactive|LoSconosciuto has 120 seconds left.
|
|t:|1652473022
|move|p1a: Tapu Lele|Draining Kiss|p2a: Reuniclus
|-damage|p2a: Reuniclus|41/100
|-heal|p1a: Tapu Lele|100/100|[from] drain|[of] p2a: Reuniclus
|move|p2a: Reuniclus|Calm Mind|p2a: Reuniclus
|-boost|p2a: Reuniclus|spa|1
|-boost|p2a: Reuniclus|spd|1
|
|-fieldend|move: Psychic Terrain
|upkeep
|turn|9
|
|t:|1652473028
|move|p1a: Tapu Lele|Psyshock|p2a: Reuniclus
|-resisted|p2a: Reuniclus
|-damage|p2a: Reuniclus|14/100
|move|p2a: Reuniclus|Recover|p2a: Reuniclus
|-heal|p2a: Reuniclus|64/100
|
|upkeep
|turn|10
|
|t:|1652473037
|move|p1a: Tapu Lele|Draining Kiss|p2a: Reuniclus
|-damage|p2a: Reuniclus|28/100
|move|p2a: Reuniclus|Psyshock|p1a: Tapu Lele
|-resisted|p1a: Tapu Lele
|-damage|p1a: Tapu Lele|64/100
|
|upkeep
|turn|11
|j| ciro napoli
|
|t:|1652473048
|move|p1a: Tapu Lele|Draining Kiss|p2a: Reuniclus
|-damage|p2a: Reuniclus|0 fnt
|-heal|p1a: Tapu Lele|93/100|[from] drain|[of] p2a: Reuniclus
|faint|p2a: Reuniclus
|
|upkeep
|
|t:|1652473050
|switch|p2a: Weavile|Weavile, M|100/100
|-ability|p2a: Weavile|Pressure
|turn|12
|
|t:|1652473054
|switch|p1a: Heatran|Heatran, F|100/100
|-item|p1a: Heatran|Air Balloon
|move|p2a: Weavile|Knock Off|p1a: Heatran
|-damage|p1a: Heatran|49/100
|-status|p2a: Weavile|brn|[from] ability: Flame Body|[of] p1a: Heatran
|-enditem|p1a: Heatran|Air Balloon
|
|-damage|p2a: Weavile|94/100 brn|[from] brn
|upkeep
|turn|13
|c|☆xSkelly34|cmon
|l| ciro napoli
|
|t:|1652473071
|switch|p2a: Tapu Fini|Tapu Fini|83/100
|-fieldstart|move: Misty Terrain|[from] ability: Misty Surge|[of] p2a: Tapu Fini
|move|p1a: Heatran|Stealth Rock|p2a: Tapu Fini
|-sidestart|p2: xSkelly34|move: Stealth Rock
|
|-heal|p2a: Tapu Fini|89/100|[from] item: Leftovers
|upkeep
|turn|14
|
|t:|1652473084
|switch|p1a: Kartana|Kartana|71/100
|move|p2a: Tapu Fini|Moonblast|p1a: Kartana
|-resisted|p1a: Kartana
|-damage|p1a: Kartana|23/100
|
|-heal|p2a: Tapu Fini|95/100|[from] item: Leftovers
|upkeep
|turn|15
|
|t:|1652473089
|switch|p2a: Buzzwole|Buzzwole|79/100
|move|p1a: Kartana|Leaf Blade|p2a: Buzzwole
|-resisted|p2a: Buzzwole
|-damage|p2a: Buzzwole|59/100
|
|upkeep
|turn|16
|
|t:|1652473100
|switch|p1a: Heatran|Heatran, F|49/100
|move|p2a: Buzzwole|Roost|p2a: Buzzwole
|-heal|p2a: Buzzwole|100/100
|-singleturn|p2a: Buzzwole|move: Roost
|
|upkeep
|turn|17
|
|t:|1652473112
|switch|p2a: Tapu Fini|Tapu Fini|95/100
|-damage|p2a: Tapu Fini|82/100|[from] Stealth Rock
|move|p1a: Heatran|Magma Storm|p2a: Tapu Fini|[miss]
|-miss|p1a: Heatran|p2a: Tapu Fini
|
|-heal|p2a: Tapu Fini|89/100|[from] item: Leftovers
|-fieldend|Misty Terrain
|upkeep
|turn|18
|
|t:|1652473126
|switch|p1a: Landorus|Landorus-Therian, M|100/100
|-ability|p1a: Landorus|Intimidate|boost
|-unboost|p2a: Tapu Fini|atk|1
|move|p2a: Tapu Fini|Whirlpool|p1a: Landorus
|-supereffective|p1a: Landorus
|-damage|p1a: Landorus|70/100
|-activate|p1a: Landorus|move: Whirlpool|[of] p2a: Tapu Fini
|
|-heal|p1a: Landorus|76/100|[from] item: Leftovers
|-heal|p2a: Tapu Fini|95/100|[from] item: Leftovers
|-damage|p1a: Landorus|64/100|[from] move: Whirlpool|[partiallytrapped]
|upkeep
|turn|19
|
|t:|1652473133
|move|p1a: Landorus|Earthquake|p2a: Tapu Fini
|-damage|p2a: Tapu Fini|52/100
|move|p2a: Tapu Fini|Moonblast|p1a: Landorus
|-damage|p1a: Landorus|24/100
|-unboost|p1a: Landorus|spa|1
|
|-heal|p1a: Landorus|30/100|[from] item: Leftovers
|-heal|p2a: Tapu Fini|58/100|[from] item: Leftovers
|-damage|p1a: Landorus|17/100|[from] move: Whirlpool|[partiallytrapped]
|upkeep
|turn|20
|
|t:|1652473146
|switch|p2a: Buzzwole|Buzzwole|100/100
|move|p1a: Landorus|Earthquake|p2a: Buzzwole
|-resisted|p2a: Buzzwole
|-damage|p2a: Buzzwole|81/100
|
|-heal|p1a: Landorus|23/100|[from] item: Leftovers
|-end|p1a: Landorus|Whirlpool|[partiallytrapped]|[silent]
|upkeep
|turn|21
|inactive|LoSconosciuto has 120 seconds left.
|
|t:|1652473182
|switch|p1a: Tapu Lele|Tapu Lele|93/100
|-fieldstart|move: Psychic Terrain|[from] ability: Psychic Surge|[of] p1a: Tapu Lele
|move|p2a: Buzzwole|Close Combat|p1a: Tapu Lele
|-resisted|p1a: Tapu Lele
|-damage|p1a: Tapu Lele|68/100
|-unboost|p2a: Buzzwole|def|1
|-unboost|p2a: Buzzwole|spd|1
|
|upkeep
|turn|22
|j| Tech10
|inactive|LoSconosciuto has 120 seconds left.
|l| NeverNotCope
|
|t:|1652473194
|switch|p2a: Heatran|Heatran, F|100/100
|-damage|p2a: Heatran|88/100|[from] Stealth Rock
|move|p1a: Tapu Lele|Draining Kiss|p2a: Heatran
|-resisted|p2a: Heatran
|-damage|p2a: Heatran|84/100
|-heal|p1a: Tapu Lele|72/100|[from] drain|[of] p2a: Heatran
|
|-heal|p2a: Heatran|90/100|[from] item: Leftovers
|upkeep
|turn|23
|j| ciro napoli
|l| Tech10
|
|t:|1652473201
|switch|p1a: Heatran|Heatran, F|49/100
|move|p2a: Heatran|Magma Storm|p1a: Heatran|[miss]
|-miss|p2a: Heatran|p1a: Heatran
|
|-heal|p2a: Heatran|96/100|[from] item: Leftovers
|upkeep
|turn|24
|
|t:|1652473209
|move|p1a: Heatran|Earth Power|p2a: Heatran
|-supereffective|p2a: Heatran
|-damage|p2a: Heatran|32/100
|move|p2a: Heatran|Earth Power|p1a: Heatran
|-supereffective|p1a: Heatran
|-damage|p1a: Heatran|0 fnt
|faint|p1a: Heatran
|
|-heal|p2a: Heatran|38/100|[from] item: Leftovers
|upkeep
|
|t:|1652473219
|switch|p1a: Landorus|Landorus-Therian, M|23/100
|-ability|p1a: Landorus|Intimidate|boost
|-unboost|p2a: Heatran|atk|1
|turn|25
|
|t:|1652473224
|switch|p2a: Buzzwole|Buzzwole|81/100
|move|p1a: Landorus|Knock Off|p2a: Buzzwole
|-resisted|p2a: Buzzwole
|-crit|p2a: Buzzwole
|-damage|p2a: Buzzwole|61/100
|-enditem|p2a: Buzzwole|Heavy-Duty Boots|[from] move: Knock Off|[of] p1a: Landorus
|
|-heal|p1a: Landorus|29/100|[from] item: Leftovers
|-fieldend|move: Psychic Terrain
|upkeep
|turn|26
|
|t:|1652473231
|switch|p1a: Moltres|Moltres-Galar|100/100
|move|p2a: Buzzwole|Ice Punch|p1a: Moltres
|-supereffective|p1a: Moltres
|-damage|p1a: Moltres|40/100
|-ability|p1a: Moltres|Berserk|boost
|-boost|p1a: Moltres|spa|1
|
|upkeep
|turn|27
|
|t:|1652473243
|move|p1a: Moltres|Fiery Wrath|p2a: Buzzwole
|-resisted|p2a: Buzzwole
|-damage|p2a: Buzzwole|10/100
|move|p2a: Buzzwole|Close Combat|p1a: Moltres
|-damage|p1a: Moltres|0 fnt
|-unboost|p2a: Buzzwole|def|1
|-unboost|p2a: Buzzwole|spd|1
|faint|p1a: Moltres
|-ability|p2a: Buzzwole|Beast Boost|boost
|-boost|p2a: Buzzwole|atk|1
|
|upkeep
|
|t:|1652473257
|switch|p1a: Kartana|Kartana|23/100
|turn|28
|j| ubers D RANK
|
|t:|1652473278
|switch|p2a: Heatran|Heatran, F|38/100
|-damage|p2a: Heatran|26/100|[from] Stealth Rock
|move|p1a: Kartana|Leaf Blade|p2a: Heatran
|-resisted|p2a: Heatran
|-damage|p2a: Heatran|14/100
|
|-heal|p2a: Heatran|20/100|[from] item: Leftovers
|upkeep
|turn|29
|c| ubers D RANK|Gl Kelly
|
|t:|1652473301
|switch|p1a: Landorus|Landorus-Therian, M|29/100
|-ability|p1a: Landorus|Intimidate|boost
|-unboost|p2a: Heatran|atk|1
|move|p2a: Heatran|Magma Storm|p1a: Landorus|[miss]
|-miss|p2a: Heatran|p1a: Landorus
|
|-heal|p1a: Landorus|35/100|[from] item: Leftovers
|-heal|p2a: Heatran|27/100|[from] item: Leftovers
|upkeep
|turn|30
|j| finoguf
|c|☆xSkelly34|yeah thats not happening
|
|t:|1652473312
|switch|p2a: Landorus|Landorus-Therian, M|100/100
|-damage|p2a: Landorus|88/100|[from] Stealth Rock
|-ability|p2a: Landorus|Intimidate|boost
|-unboost|p1a: Landorus|atk|1
|move|p1a: Landorus|Substitute|p1a: Landorus
|-start|p1a: Landorus|Substitute
|-damage|p1a: Landorus|11/100
|
|-heal|p1a: Landorus|16/100|[from] item: Leftovers
|-heal|p2a: Landorus|94/100|[from] item: Leftovers
|upkeep
|turn|31
|
|t:|1652473315
|move|p1a: Landorus|Knock Off|p2a: Landorus
|-damage|p2a: Landorus|71/100
|-enditem|p2a: Landorus|Leftovers|[from] move: Knock Off|[of] p1a: Landorus
|move|p2a: Landorus|U-turn|p1a: Landorus
|-resisted|p1a: Landorus
|-activate|p1a: Landorus|move: Substitute|[damage]
|
|t:|1652473316
|switch|p2a: Weavile|Weavile, M|94/100 brn|[from]move: U-turn
|-damage|p2a: Weavile|70/100 brn|[from] Stealth Rock
|-ability|p2a: Weavile|Pressure
|
|-heal|p1a: Landorus|22/100|[from] item: Leftovers
|-damage|p2a: Weavile|63/100 brn|[from] brn
|upkeep
|turn|32
|
|t:|1652473328
|switch|p1a: Cloyster|Cloyster, M|100/100
|move|p2a: Weavile|Triple Axel|p1a: Cloyster
|-resisted|p1a: Cloyster
|-damage|p1a: Cloyster|99/100
|-resisted|p1a: Cloyster
|-damage|p1a: Cloyster|96/100
|-hitcount|p1a: Cloyster|2
|
|-damage|p2a: Weavile|57/100 brn|[from] brn
|upkeep
|turn|33
|-message|xSkelly34 forfeited.
|
|win|LoSconosciuto
|n|☆LoSconosciuto|losconosciuto
|n|☆xSkelly34|xskelly34
|n|*Lady Monita ✿|ladymonita
|n| MOHAMEDALL|mohamedall
|n|+Daki|daki
|n| dsghdh|dsghdh
|n|+heroictobias|heroictobias
|n| Alejandro Paz VGC|alejandropazvgc
|n| NoTollsNoRolls|notollsnorolls
|n| paolode99|paolode99
|n| ciro napoli|cironapoli
|n| ubers D RANK|ubersdrank
|n| finoguf|finoguf
|l|*Lady Monita ✿
|l|☆xSkelly34
|c| ubers D RANK|Oh I didn't see the status of your team
|l| NoTollsNoRolls
|l| ubers D RANK
|l| finoguf
|l|☆LoSconosciuto
|l| MOHAMEDALL
|l| paolode99
|l|+heroictobias
|l|+Daki
