|j|☆sadchatot
|j|☆TheLindomar
|player|p1|sadchatot|baker|1537
|player|p2|TheLindomar|red|1518
|teamsize|p1|6
|teamsize|p2|6
|gametype|singles
|gen|8
|tier|[Gen 8] OU
|rated|
|clearpoke
|poke|p1|Conkeldurr, F|
|poke|p1|Toxtricity, M|
|poke|p1|Cinderace, M|
|poke|p1|Clefable, M|
|poke|p1|Seismitoad, F|
|poke|p1|Excadrill, M|
|poke|p2|Dugtrio, M|
|poke|p2|Cinderace, M|
|poke|p2|Torkoal, M|
|poke|p2|Venusaur, M|
|poke|p2|Mandibuzz, F|
|poke|p2|Dragapult, M|
|rule|Sleep Clause Mod: Limit one foe put to sleep
|rule|Species Clause: Limit one of each Pokémon
|rule|OHKO Clause: OHKO moves are banned
|rule|Evasion Moves Clause: Evasion moves are banned
|rule|Endless Battle Clause: Forcing endless battles is banned
|rule|HP Percentage Mod: HP is shown in percentages
|rule|Dynamax Clause: You cannot dynamax
|teampreview
|inactive|Battle timer is ON: inactive players will automatically lose when time's up. (requested by sadchatot)
|j| Hygg
|inactive|TheLindomar has 120 seconds left.
|
|start
|switch|p1a: Seismitoad|Seismitoad, F|100/100
|switch|p2a: MONKEY D. DRAGON|Dragapult, M, shiny|100/100
|turn|1
|
|move|p2a: MONKEY D. DRAGON|Draco Meteor|p1a: Seismitoad
|-damage|p1a: Seismitoad|31/100
|-unboost|p2a: MONKEY D. DRAGON|spa|2
|move|p1a: Seismitoad|Earthquake|p2a: MONKEY D. DRAGON
|-damage|p2a: MONKEY D. DRAGON|58/100
|
|-heal|p1a: Seismitoad|37/100|[from] item: Leftovers
|upkeep
|turn|2
|
|switch|p2a: AKAINU|Torkoal, M|100/100
|-weather|SunnyDay|[from] ability: Drought|[of] p2a: AKAINU
|move|p1a: Seismitoad|Stealth Rock|p2a: AKAINU
|-sidestart|p2: TheLindomar|move: Stealth Rock
|
|-weather|SunnyDay|[upkeep]
|-heal|p1a: Seismitoad|43/100|[from] item: Leftovers
|upkeep
|turn|3
|
|move|p1a: Seismitoad|Toxic|p2a: AKAINU
|-status|p2a: AKAINU|tox
|move|p2a: AKAINU|Stealth Rock|p1a: Seismitoad
|-sidestart|p1: sadchatot|move: Stealth Rock
|
|-weather|SunnyDay|[upkeep]
|-heal|p1a: Seismitoad|49/100|[from] item: Leftovers
|-damage|p2a: AKAINU|94/100 tox|[from] psn
|upkeep
|turn|4
|
|switch|p1a: Cinderace|Cinderace, M|100/100
|switch|p2a: 1ST HOKAGE|Venusaur, M|100/100
|-damage|p2a: 1ST HOKAGE|88/100|[from] Stealth Rock
|
|-weather|SunnyDay|[upkeep]
|upkeep
|turn|5
|
|switch|p2a: AKAINU|Torkoal, M|94/100 tox
|-damage|p2a: AKAINU|70/100 tox|[from] Stealth Rock
|move|p1a: Cinderace|Pyro Ball|p2a: AKAINU
|-resisted|p2a: AKAINU
|-damage|p2a: AKAINU|43/100 tox
|
|-weather|SunnyDay|[upkeep]
|-damage|p2a: AKAINU|37/100 tox|[from] psn
|upkeep
|turn|6
|
|move|p1a: Cinderace|Pyro Ball|p2a: AKAINU
|-resisted|p2a: AKAINU
|-damage|p2a: AKAINU|14/100 tox
|move|p2a: AKAINU|Rest|p2a: AKAINU
|-status|p2a: AKAINU|slp|[from] move: Rest
|-heal|p2a: AKAINU|100/100 slp|[silent]
|
|-weather|SunnyDay|[upkeep]
|upkeep
|turn|7
|
|move|p1a: Cinderace|Taunt|p2a: AKAINU
|-start|p2a: AKAINU|move: Taunt
|cant|p2a: AKAINU|slp
|cant|p2a: AKAINU|move: Taunt|Sleep Talk
|
|-weather|SunnyDay|[upkeep]
|upkeep
|turn|8
|
|move|p1a: Cinderace|U-turn|p2a: AKAINU
|-resisted|p2a: AKAINU
|-damage|p2a: AKAINU|95/100 slp
|
|switch|p1a: Excadrill|Excadrill, M|100/100|[from]move: U-turn
|-damage|p1a: Excadrill|97/100|[from] Stealth Rock
|-ability|p1a: Excadrill|Mold Breaker
|cant|p2a: AKAINU|slp
|
|-weather|SunnyDay|[upkeep]
|-heal|p1a: Excadrill|100/100|[from] item: Leftovers
|upkeep
|turn|9
|
|move|p1a: Excadrill|Swords Dance|p1a: Excadrill
|-boost|p1a: Excadrill|atk|2
|-curestatus|p2a: AKAINU|slp|[msg]
|move|p2a: AKAINU|Lava Plume|p1a: Excadrill
|-supereffective|p1a: Excadrill
|-damage|p1a: Excadrill|0 fnt
|faint|p1a: Excadrill
|
|-weather|none
|-end|p2a: AKAINU|move: Taunt
|upkeep
|
|switch|p1a: Toxtricity|Toxtricity, M|100/100
|-damage|p1a: Toxtricity|88/100|[from] Stealth Rock
|turn|10
|
|switch|p2a: MONKEY D. DRAGON|Dragapult, M, shiny|58/100
|-damage|p2a: MONKEY D. DRAGON|45/100|[from] Stealth Rock
|move|p1a: Toxtricity|Boomburst|p2a: MONKEY D. DRAGON
|-immune|p2a: MONKEY D. DRAGON
|
|upkeep
|turn|11
|
|switch|p1a: Seismitoad|Seismitoad, F|49/100
|-damage|p1a: Seismitoad|43/100|[from] Stealth Rock
|move|p2a: MONKEY D. DRAGON|U-turn|p1a: Seismitoad
|-damage|p1a: Seismitoad|32/100
|
|switch|p2a: THE 3 ADMIRALS|Dugtrio, M|100/100|[from]move: U-turn
|-damage|p2a: THE 3 ADMIRALS|94/100|[from] Stealth Rock
|
|-heal|p1a: Seismitoad|38/100|[from] item: Leftovers
|upkeep
|turn|12
|
|move|p2a: THE 3 ADMIRALS|Earthquake|p1a: Seismitoad
|-damage|p1a: Seismitoad|0 fnt
|faint|p1a: Seismitoad
|
|upkeep
|
|switch|p1a: Conkeldurr|Conkeldurr, F|100/100
|-damage|p1a: Conkeldurr|94/100|[from] Stealth Rock
|turn|13
|
|switch|p2a: JEWELRY BONNEY|Mandibuzz, F, shiny|100/100
|move|p1a: Conkeldurr|Earthquake|p2a: JEWELRY BONNEY
|-immune|p2a: JEWELRY BONNEY
|
|-status|p1a: Conkeldurr|brn|[from] item: Flame Orb
|upkeep
|turn|14
|
|switch|p1a: Toxtricity|Toxtricity, M|88/100
|-damage|p1a: Toxtricity|76/100|[from] Stealth Rock
|move|p2a: JEWELRY BONNEY|U-turn|p1a: Toxtricity
|-resisted|p1a: Toxtricity
|-damage|p1a: Toxtricity|67/100
|
|switch|p2a: THE 3 ADMIRALS|Dugtrio, M|94/100|[from]move: U-turn
|-damage|p2a: THE 3 ADMIRALS|88/100|[from] Stealth Rock
|
|upkeep
|turn|15
|
|move|p2a: THE 3 ADMIRALS|Earthquake|p1a: Toxtricity
|-supereffective|p1a: Toxtricity
|-damage|p1a: Toxtricity|0 fnt
|faint|p1a: Toxtricity
|
|upkeep
|
|switch|p1a: Conkeldurr|Conkeldurr, F|94/100 brn
|-damage|p1a: Conkeldurr|88/100 brn|[from] Stealth Rock
|turn|16
|
|switch|p2a: JEWELRY BONNEY|Mandibuzz, F, shiny|100/100
|move|p1a: Conkeldurr|Drain Punch|p2a: JEWELRY BONNEY
|-damage|p2a: JEWELRY BONNEY|44/100
|-heal|p1a: Conkeldurr|100/100 brn|[from] drain|[of] p2a: JEWELRY BONNEY
|
|-damage|p1a: Conkeldurr|94/100 brn|[from] brn
|upkeep
|turn|17
|
|move|p2a: JEWELRY BONNEY|U-turn|p1a: Conkeldurr
|-resisted|p1a: Conkeldurr
|-damage|p1a: Conkeldurr|90/100 brn
|
|switch|p2a: MONKEY D. DRAGON|Dragapult, M, shiny|45/100|[from]move: U-turn
|-damage|p2a: MONKEY D. DRAGON|33/100|[from] Stealth Rock
|move|p1a: Conkeldurr|Drain Punch|p2a: MONKEY D. DRAGON
|-immune|p2a: MONKEY D. DRAGON
|
|-damage|p1a: Conkeldurr|84/100 brn|[from] brn
|upkeep
|turn|18
|
|switch|p1a: Clefable|Clefable, M|100/100
|move|p2a: MONKEY D. DRAGON|Draco Meteor|p1a: Clefable
|-immune|p1a: Clefable
|
|upkeep
|turn|19
|
|switch|p2a: AKAINU|Torkoal, M|95/100
|-damage|p2a: AKAINU|70/100|[from] Stealth Rock
|-weather|SunnyDay|[from] ability: Drought|[of] p2a: AKAINU
|move|p1a: Clefable|Moonblast|p2a: AKAINU
|-resisted|p2a: AKAINU
|-damage|p2a: AKAINU|34/100
|
|-weather|SunnyDay|[upkeep]
|upkeep
|turn|20
|
|switch|p2a: FIRE FIST ACE|Cinderace, M|100/100
|move|p1a: Clefable|Moonblast|p2a: FIRE FIST ACE
|-resisted|p2a: FIRE FIST ACE
|-damage|p2a: FIRE FIST ACE|60/100
|
|-weather|SunnyDay|[upkeep]
|upkeep
|turn|21
|
|switch|p1a: Cinderace|Cinderace, M|100/100
|move|p2a: FIRE FIST ACE|Pyro Ball|p1a: Cinderace
|-resisted|p1a: Cinderace
|-damage|p1a: Cinderace|35/100
|
|-weather|SunnyDay|[upkeep]
|upkeep
|turn|22
|
|move|p2a: FIRE FIST ACE|Pyro Ball|p1a: Cinderace
|-resisted|p1a: Cinderace
|-crit|p1a: Cinderace
|-damage|p1a: Cinderace|0 fnt
|faint|p1a: Cinderace
|
|-weather|SunnyDay|[upkeep]
|upkeep
|
|switch|p1a: Conkeldurr|Conkeldurr, F|84/100 brn
|-damage|p1a: Conkeldurr|78/100 brn|[from] Stealth Rock
|turn|23
|
|move|p1a: Conkeldurr|Mach Punch|p2a: FIRE FIST ACE
|-damage|p2a: FIRE FIST ACE|7/100
|move|p2a: FIRE FIST ACE|Pyro Ball|p1a: Conkeldurr
|-damage|p1a: Conkeldurr|0 fnt
|faint|p1a: Conkeldurr
|
|-weather|SunnyDay|[upkeep]
|upkeep
|
|switch|p1a: Clefable|Clefable, M|100/100
|turn|24
|
|move|p2a: FIRE FIST ACE|Pyro Ball|p1a: Clefable
|-damage|p1a: Clefable|0 fnt
|faint|p1a: Clefable
|
|win|TheLindomar
|l|☆sadchatot
|raw|sadchatot's rating: 1537 &rarr; <strong>1516</strong><br />(-21 for losing)
|raw|TheLindomar's rating: 1518 &rarr; <strong>1539</strong><br />(+21 for winning)
