|raw|<div class="broadcast-blue"><strong>This battle is required to be public due to a player having a name starting with 'lt94je'.</div>
|j|☆LudwigFrog
|j|☆LT94JECRYANDHIDE
|t:|1661543900
|gametype|singles
|player|p1|LudwigFrog|hilbert-wonderlauncher|1812
|player|p2|LT94JECRYANDHIDE|sonia-masters|1896
|teamsize|p1|6
|teamsize|p2|6
|gen|8
|tier|[Gen 8] OU
|rated|
|rule|Sleep Clause Mod: Limit one foe put to sleep
|rule|Species Clause: Limit one of each Pokémon
|rule|OHKO Clause: OHKO moves are banned
|rule|Evasion Items Clause: Evasion items are banned
|rule|Evasion Moves Clause: Evasion moves are banned
|rule|Endless Battle Clause: Forcing endless battles is banned
|rule|HP Percentage Mod: HP is shown in percentages
|rule|Dynamax Clause: You cannot dynamax
|clearpoke
|poke|p1|Dragapult, M|
|poke|p1|Tyranitar, M|
|poke|p1|Ferrothorn, M|
|poke|p1|Rillaboom, M|
|poke|p1|Corviknight, M|
|poke|p1|Gastrodon-East, M|
|poke|p2|Scizor, M|
|poke|p2|Tapu Bulu|
|poke|p2|Crawdaunt, F|
|poke|p2|Togekiss, F|
|poke|p2|Raikou|
|poke|p2|Necrozma|
|teampreview
|inactive|Battle timer is ON: inactive players will automatically lose when time's up. (requested by LT94JECRYANDHIDE)
|inactive|LudwigFrog also wants the timer to be on.
|j| Testing Tommy
|inactive|LT94JECRYANDHIDE has 120 seconds left.
|
|t:|1661543938
|start
|switch|p1a: Tyranitar|Tyranitar, M|100/100
|switch|p2a: Crawdaunt|Crawdaunt, F|100/100
|-weather|Sandstorm|[from] ability: Sand Stream|[of] p1a: Tyranitar
|turn|1
|
|t:|1661543953
|move|p2a: Crawdaunt|Crabhammer|p1a: Tyranitar|[miss]
|-miss|p2a: Crawdaunt|p1a: Tyranitar
|move|p1a: Tyranitar|Stone Edge|p2a: Crawdaunt|[miss]
|-miss|p1a: Tyranitar|p2a: Crawdaunt
|
|-weather|Sandstorm|[upkeep]
|-damage|p2a: Crawdaunt|95/100|[from] Sandstorm
|upkeep
|turn|2
|
|t:|1661543958
|switch|p1a: Ferrothorn|Ferrothorn, M|100/100
|move|p2a: Crawdaunt|Knock Off|p1a: Ferrothorn
|-crit|p1a: Ferrothorn
|-damage|p1a: Ferrothorn|22/100
|-damage|p2a: Crawdaunt|82/100|[from] ability: Iron Barbs|[of] p1a: Ferrothorn
|-damage|p2a: Crawdaunt|66/100|[from] item: Rocky Helmet|[of] p1a: Ferrothorn
|-enditem|p1a: Ferrothorn|Rocky Helmet|[from] move: Knock Off|[of] p2a: Crawdaunt
|-damage|p2a: Crawdaunt|56/100|[from] item: Life Orb
|
|-weather|Sandstorm|[upkeep]
|-damage|p2a: Crawdaunt|50/100|[from] Sandstorm
|upkeep
|turn|3
|j| Mollymiltoast
|
|t:|1661543964
|move|p2a: Crawdaunt|Knock Off|p1a: Ferrothorn
|-damage|p1a: Ferrothorn|0 fnt
|-damage|p2a: Crawdaunt|38/100|[from] ability: Iron Barbs|[of] p1a: Ferrothorn
|faint|p1a: Ferrothorn
|-damage|p2a: Crawdaunt|28/100|[from] item: Life Orb
|
|-weather|Sandstorm|[upkeep]
|-damage|p2a: Crawdaunt|22/100|[from] Sandstorm
|upkeep
|
|t:|1661543965
|switch|p1a: Dragapult|Dragapult, M|100/100
|turn|4
|
|t:|1661543970
|switch|p2a: Togekiss|Togekiss, F|100/100
|move|p1a: Dragapult|Shadow Ball|p2a: Togekiss
|-damage|p2a: Togekiss|45/100
|-unboost|p2a: Togekiss|spd|1
|
|-weather|Sandstorm|[upkeep]
|-damage|p2a: Togekiss|38/100|[from] Sandstorm
|-damage|p1a: Dragapult|95/100|[from] Sandstorm
|upkeep
|turn|5
|j| LT94JE Tace
|
|t:|1661543975
|switch|p1a: Corviknight|Corviknight, M|100/100
|-ability|p1a: Corviknight|Pressure
|move|p2a: Togekiss|Dazzling Gleam|p1a: Corviknight
|-resisted|p1a: Corviknight
|-damage|p1a: Corviknight|84/100
|
|-weather|none
|-heal|p1a: Corviknight|90/100|[from] item: Leftovers
|upkeep
|turn|6
|
|t:|1661543986
|switch|p2a: Necrozma|Necrozma|100/100
|move|p1a: Corviknight|U-turn|p2a: Necrozma
|-supereffective|p2a: Necrozma
|-damage|p2a: Necrozma|81/100
|j| storm zone
|j| ThapuXT
|
|t:|1661543990
|switch|p1a: Dragapult|Dragapult, M|95/100|[from]move: U-turn
|
|upkeep
|turn|7
|
|t:|1661543994
|move|p1a: Dragapult|Shadow Ball|p2a: Necrozma
|-supereffective|p2a: Necrozma
|-damage|p2a: Necrozma|0 fnt
|faint|p2a: Necrozma
|
|upkeep
|j| Rubiaa
|
|t:|1661544001
|switch|p2a: Togekiss|Togekiss, F|38/100
|turn|8
|j| wish kisser
|
|t:|1661544003
|switch|p1a: Tyranitar|Tyranitar, M|100/100
|-weather|Sandstorm|[from] ability: Sand Stream|[of] p1a: Tyranitar
|move|p2a: Togekiss|Trick|p1a: Tyranitar
|-activate|p2a: Togekiss|move: Trick|[of] p1a: Tyranitar
|-item|p1a: Tyranitar|Choice Scarf|[from] move: Trick
|-item|p2a: Togekiss|Choice Band|[from] move: Trick
|
|-weather|Sandstorm|[upkeep]
|-damage|p2a: Togekiss|32/100|[from] Sandstorm
|upkeep
|turn|9
|
|t:|1661544018
|switch|p2a: Crawdaunt|Crawdaunt, F|22/100
|move|p1a: Tyranitar|Fire Punch|p2a: Crawdaunt
|-resisted|p2a: Crawdaunt
|-damage|p2a: Crawdaunt|2/100
|
|-weather|Sandstorm|[upkeep]
|-damage|p2a: Crawdaunt|0 fnt|[from] Sandstorm
|faint|p2a: Crawdaunt
|upkeep
|
|t:|1661544022
|switch|p2a: Raikou|Raikou|100/100
|-ability|p2a: Raikou|Pressure
|turn|10
|
|t:|1661544038
|switch|p1a: Gastrodon|Gastrodon-East, M|100/100
|switch|p2a: Tapu Bulu|Tapu Bulu|100/100
|-fieldstart|move: Grassy Terrain|[from] ability: Grassy Surge|[of] p2a: Tapu Bulu
|
|-weather|Sandstorm|[upkeep]
|-damage|p2a: Tapu Bulu|94/100|[from] Sandstorm
|-heal|p2a: Tapu Bulu|100/100|[from] Grassy Terrain
|upkeep
|turn|11
|
|t:|1661544043
|switch|p1a: Corviknight|Corviknight, M|90/100
|-ability|p1a: Corviknight|Pressure
|move|p2a: Tapu Bulu|Swords Dance|p2a: Tapu Bulu
|-boost|p2a: Tapu Bulu|atk|2
|
|-weather|Sandstorm|[upkeep]
|-damage|p2a: Tapu Bulu|94/100|[from] Sandstorm
|-heal|p2a: Tapu Bulu|100/100|[from] Grassy Terrain
|-heal|p1a: Corviknight|96/100|[from] item: Leftovers
|upkeep
|turn|12
|j| LT94JE LOOR
|inactive|LT94JECRYANDHIDE has 120 seconds left.
|
|t:|1661544080
|move|p2a: Tapu Bulu|Stone Edge|p1a: Corviknight|[miss]
|-miss|p2a: Tapu Bulu|p1a: Corviknight
|move|p1a: Corviknight|Brave Bird|p2a: Tapu Bulu
|-supereffective|p2a: Tapu Bulu
|-damage|p2a: Tapu Bulu|27/100
|-damage|p1a: Corviknight|79/100|[from] Recoil
|
|-weather|none
|-heal|p2a: Tapu Bulu|33/100|[from] Grassy Terrain
|-heal|p1a: Corviknight|85/100|[from] item: Leftovers
|upkeep
|turn|13
|l| Rubiaa
|
|t:|1661544084
|move|p2a: Tapu Bulu|Stone Edge|p1a: Corviknight
|-damage|p1a: Corviknight|29/100
|move|p1a: Corviknight|U-turn|p2a: Tapu Bulu
|-damage|p2a: Tapu Bulu|19/100
|
|t:|1661544087
|switch|p1a: Dragapult|Dragapult, M|95/100|[from]move: U-turn
|
|-heal|p1a: Dragapult|100/100|[from] Grassy Terrain
|-heal|p2a: Tapu Bulu|25/100|[from] Grassy Terrain
|upkeep
|turn|14
|
|t:|1661544099
|switch|p2a: Togekiss|Togekiss, F|32/100
|move|p1a: Dragapult|Flamethrower|p2a: Togekiss
|-damage|p2a: Togekiss|0 fnt
|faint|p2a: Togekiss
|
|-fieldend|move: Grassy Terrain
|upkeep
|
|t:|1661544100
|switch|p2a: Raikou|Raikou|100/100
|-ability|p2a: Raikou|Pressure
|turn|15
|j| Santiago Bernabeu
|
|t:|1661544107
|switch|p1a: Tyranitar|Tyranitar, M|100/100
|-weather|Sandstorm|[from] ability: Sand Stream|[of] p1a: Tyranitar
|move|p2a: Raikou|Calm Mind|p2a: Raikou
|-boost|p2a: Raikou|spa|1
|-boost|p2a: Raikou|spd|1
|
|-weather|Sandstorm|[upkeep]
|-damage|p2a: Raikou|94/100|[from] Sandstorm
|upkeep
|turn|16
|
|t:|1661544110
|move|p1a: Tyranitar|Crunch|p2a: Raikou
|-damage|p2a: Raikou|35/100
|-unboost|p2a: Raikou|def|1
|move|p2a: Raikou|Aura Sphere|p1a: Tyranitar
|-supereffective|p1a: Tyranitar
|-damage|p1a: Tyranitar|0 fnt
|faint|p1a: Tyranitar
|
|-weather|Sandstorm|[upkeep]
|-damage|p2a: Raikou|29/100|[from] Sandstorm
|upkeep
|j|+QWILY
|
|t:|1661544119
|switch|p1a: Rillaboom|Rillaboom, M|100/100
|-fieldstart|move: Grassy Terrain|[from] ability: Grassy Surge|[of] p1a: Rillaboom
|turn|17
|j| LT92PF Raizen
|
|t:|1661544121
|move|p1a: Rillaboom|Grassy Glide|p2a: Raikou
|-damage|p2a: Raikou|0 fnt
|faint|p2a: Raikou
|-damage|p1a: Rillaboom|91/100|[from] item: Life Orb
|
|-weather|Sandstorm|[upkeep]
|-damage|p1a: Rillaboom|84/100|[from] Sandstorm
|-heal|p1a: Rillaboom|91/100|[from] Grassy Terrain
|upkeep
|
|t:|1661544125
|switch|p2a: Scizor|Scizor, M|100/100
|turn|18
|
|t:|1661544133
|switch|p2a: Tapu Bulu|Tapu Bulu|25/100
|move|p1a: Rillaboom|Swords Dance|p1a: Rillaboom
|-boost|p1a: Rillaboom|atk|2
|
|-weather|Sandstorm|[upkeep]
|-damage|p1a: Rillaboom|84/100|[from] Sandstorm
|-damage|p2a: Tapu Bulu|19/100|[from] Sandstorm
|-heal|p1a: Rillaboom|91/100|[from] Grassy Terrain
|-heal|p2a: Tapu Bulu|25/100|[from] Grassy Terrain
|upkeep
|turn|19
|
|t:|1661544137
|move|p1a: Rillaboom|Grassy Glide|p2a: Tapu Bulu
|-resisted|p2a: Tapu Bulu
|-damage|p2a: Tapu Bulu|0 fnt
|faint|p2a: Tapu Bulu
|-damage|p1a: Rillaboom|81/100|[from] item: Life Orb
|
|-weather|none
|-heal|p1a: Rillaboom|87/100|[from] Grassy Terrain
|upkeep
|
|t:|1661544139
|switch|p2a: Scizor|Scizor, M|100/100
|turn|20
|
|t:|1661544142
|move|p1a: Rillaboom|Superpower|p2a: Scizor
|-damage|p2a: Scizor|0 fnt
|-unboost|p1a: Rillaboom|atk|1
|-unboost|p1a: Rillaboom|def|1
|faint|p2a: Scizor
|-damage|p1a: Rillaboom|77/100|[from] item: Life Orb
|
|win|LudwigFrog
|raw|LudwigFrog's rating: 1812 &rarr; <strong>1837</strong><br />(+25 for winning)
|raw|LT94JECRYANDHIDE's rating: 1896 &rarr; <strong>1871</strong><br />(-25 for losing)
|l|☆LudwigFrog
|l| LT94JE Tace
|l|☆LT94JECRYANDHIDE
|l|+QWILY
