|j|☆PQPP214
|j|☆Bernie
|t:|1645536856
|gametype|singles
|player|p1|PQPP214|265|1414
|player|p2|Bernie|guzma|1470
|teamsize|p1|6
|teamsize|p2|6
|gen|8
|tier|[Gen 8] OU
|rated|
|rule|Sleep Clause Mod: Limit one foe put to sleep
|rule|Species Clause: Limit one of each Pokémon
|rule|OHKO Clause: OHKO moves are banned
|rule|Evasion Moves Clause: Evasion moves are banned
|rule|Endless Battle Clause: Forcing endless battles is banned
|rule|HP Percentage Mod: HP is shown in percentages
|rule|Dynamax Clause: You cannot dynamax
|clearpoke
|poke|p1|Landorus-Therian, M|
|poke|p1|Tornadus-Therian, M|
|poke|p1|Zeraora|
|poke|p1|Zapdos-Galar|
|poke|p1|Jirachi|
|poke|p1|Toxapex, M|
|poke|p2|Landorus-Therian, M|
|poke|p2|Dragapult, F|
|poke|p2|Tapu Lele|
|poke|p2|Volcanion|
|poke|p2|Zapdos-Galar|
|poke|p2|Bisharp, F|
|teampreview
|
|t:|1645536866
|start
|switch|p1a: Zapdos|Zapdos-Galar|100/100
|switch|p2a: Landorus|Landorus-Therian, M|100/100
|-ability|p2a: Landorus|Intimidate|boost
|-unboost|p1a: Zapdos|atk|1
|-ability|p1a: Zapdos|Defiant
|-boost|p1a: Zapdos|atk|2
|turn|1
|inactive|Battle timer is ON: inactive players will automatically lose when time's up. (requested by PQPP214)
|
|t:|1645536870
|move|p1a: Zapdos|Brave Bird|p2a: Landorus
|-enditem|p2a: Landorus|Focus Sash
|-damage|p2a: Landorus|1/100
|-damage|p1a: Zapdos|68/100|[from] Recoil
|move|p2a: Landorus|Explosion|p1a: Zapdos
|-damage|p1a: Zapdos|0 fnt
|faint|p2a: Landorus
|faint|p1a: Zapdos
|
|upkeep
|
|t:|1645536884
|switch|p1a: Zeraora|Zeraora, shiny|100/100
|switch|p2a: Tapu Lele|Tapu Lele|100/100
|-fieldstart|move: Psychic Terrain|[from] ability: Psychic Surge|[of] p2a: Tapu Lele
|turn|2
|
|t:|1645536889
|switch|p1a: Jirachi|Jirachi, shiny|100/100
|move|p2a: Tapu Lele|Psychic|p1a: Jirachi
|-resisted|p1a: Jirachi
|-damage|p1a: Jirachi|92/100
|
|-heal|p1a: Jirachi|98/100|[from] item: Leftovers
|upkeep
|turn|3
|
|t:|1645536897
|switch|p2a: Volcanion|Volcanion|100/100
|move|p1a: Jirachi|U-turn|p2a: Volcanion
|-resisted|p2a: Volcanion
|-damage|p2a: Volcanion|93/100
|
|t:|1645536902
|switch|p1a: Zeraora|Zeraora, shiny|100/100|[from]move: U-turn
|
|upkeep
|turn|4
|
|t:|1645536917
|move|p1a: Zeraora|Plasma Fists|p2a: Volcanion
|-supereffective|p2a: Volcanion
|-damage|p2a: Volcanion|5/100
|-fieldactivate|move: Ion Deluge
|-hint|Normal-type moves become Electric-type after using Plasma Fists.
|move|p2a: Volcanion|Steam Eruption|p1a: Zeraora
|-damage|p1a: Zeraora|24/100
|
|upkeep
|turn|5
|
|t:|1645536929
|move|p1a: Zeraora|Knock Off|p2a: Volcanion
|-crit|p2a: Volcanion
|-damage|p2a: Volcanion|0 fnt
|-enditem|p2a: Volcanion|Heavy-Duty Boots|[from] move: Knock Off|[of] p1a: Zeraora
|faint|p2a: Volcanion
|
|upkeep
|
|t:|1645536934
|switch|p2a: Tapu Lele|Tapu Lele|100/100
|turn|6
|
|t:|1645536939
|switch|p1a: Jirachi|Jirachi, shiny|98/100
|move|p2a: Tapu Lele|Moonblast|p1a: Jirachi
|-resisted|p1a: Jirachi
|-damage|p1a: Jirachi|82/100
|-unboost|p1a: Jirachi|spa|1
|
|-heal|p1a: Jirachi|88/100|[from] item: Leftovers
|-fieldend|move: Psychic Terrain
|upkeep
|turn|7
|
|t:|1645536950
|switch|p2a: Bisharp|Bisharp, F|100/100
|move|p1a: Jirachi|U-turn|p2a: Bisharp
|-damage|p2a: Bisharp|82/100
|
|t:|1645536957
|switch|p1a: Tornadus|Tornadus-Therian, M, shiny|100/100|[from]move: U-turn
|
|upkeep
|turn|8
|
|t:|1645536963
|switch|p2a: Dragapult|Dragapult, F|100/100
|move|p1a: Tornadus|Heat Wave|p2a: Dragapult
|-resisted|p2a: Dragapult
|-damage|p2a: Dragapult|85/100
|
|upkeep
|turn|9
|
|t:|1645536973
|switch|p1a: Toxapex|Toxapex, M, shiny|100/100
|move|p2a: Dragapult|Shadow Ball|p1a: Toxapex
|-damage|p1a: Toxapex|59/100
|-unboost|p1a: Toxapex|spd|1
|
|upkeep
|turn|10
|
|t:|1645536980
|switch|p1a: Tornadus|Tornadus-Therian, M, shiny|100/100
|move|p2a: Dragapult|Shadow Ball|p1a: Tornadus
|-damage|p1a: Tornadus|47/100
|-unboost|p1a: Tornadus|spd|1
|
|upkeep
|turn|11
|
|t:|1645536986
|switch|p1a: Toxapex|Toxapex, M, shiny|92/100
|move|p2a: Dragapult|Shadow Ball|p1a: Toxapex
|-damage|p1a: Toxapex|52/100
|
|upkeep
|turn|12
|
|t:|1645536994
|switch|p2a: Bisharp|Bisharp, F|82/100
|move|p1a: Toxapex|Recover|p1a: Toxapex
|-heal|p1a: Toxapex|100/100
|
|upkeep
|turn|13
|
|t:|1645537000
|move|p2a: Bisharp|Swords Dance|p2a: Bisharp
|-boost|p2a: Bisharp|atk|2
|move|p1a: Toxapex|Scald|p2a: Bisharp
|-damage|p2a: Bisharp|56/100
|
|upkeep
|turn|14
|
|t:|1645537004
|move|p2a: Bisharp|Knock Off|p1a: Toxapex
|-crit|p1a: Toxapex
|-damage|p1a: Toxapex|5/100
|-damage|p2a: Bisharp|39/100|[from] item: Rocky Helmet|[of] p1a: Toxapex
|-enditem|p1a: Toxapex|Rocky Helmet|[from] move: Knock Off|[of] p2a: Bisharp
|move|p1a: Toxapex|Haze|p1a: Toxapex
|-clearallboost
|
|upkeep
|turn|15
|
|t:|1645537013
|switch|p1a: Tornadus|Tornadus-Therian, M, shiny|81/100
|move|p2a: Bisharp|Knock Off|p1a: Tornadus
|-damage|p1a: Tornadus|23/100
|-enditem|p1a: Tornadus|Heavy-Duty Boots|[from] move: Knock Off|[of] p2a: Bisharp
|
|upkeep
|turn|16
|
|t:|1645537026
|switch|p1a: Toxapex|Toxapex, M, shiny|38/100
|move|p2a: Bisharp|Knock Off|p1a: Toxapex
|-damage|p1a: Toxapex|17/100
|
|upkeep
|turn|17
|
|t:|1645537037
|move|p2a: Bisharp|Swords Dance|p2a: Bisharp
|-boost|p2a: Bisharp|atk|2
|move|p1a: Toxapex|Recover|p1a: Toxapex
|-heal|p1a: Toxapex|67/100
|
|upkeep
|turn|18
|
|t:|1645537043
|move|p2a: Bisharp|Knock Off|p1a: Toxapex
|-damage|p1a: Toxapex|24/100
|move|p1a: Toxapex|Haze|p1a: Toxapex
|-clearallboost
|
|upkeep
|turn|19
|
|t:|1645537047
|move|p2a: Bisharp|Knock Off|p1a: Toxapex
|-damage|p1a: Toxapex|2/100
|move|p1a: Toxapex|Recover|p1a: Toxapex
|-heal|p1a: Toxapex|52/100
|
|upkeep
|turn|20
|
|t:|1645537050
|switch|p2a: Tapu Lele|Tapu Lele|100/100
|-fieldstart|move: Psychic Terrain|[from] ability: Psychic Surge|[of] p2a: Tapu Lele
|move|p1a: Toxapex|Recover|p1a: Toxapex
|-heal|p1a: Toxapex|100/100
|
|upkeep
|turn|21
|
|t:|1645537055
|switch|p2a: Bisharp|Bisharp, F|39/100
|switch|p1a: Jirachi|Jirachi, shiny|88/100
|
|-heal|p1a: Jirachi|95/100|[from] item: Leftovers
|upkeep
|turn|22
|
|t:|1645537058
|switch|p1a: Toxapex|Toxapex, M, shiny|100/100
|move|p2a: Bisharp|Knock Off|p1a: Toxapex
|-damage|p1a: Toxapex|77/100
|
|upkeep
|turn|23
|
|t:|1645537063
|move|p2a: Bisharp|Swords Dance|p2a: Bisharp
|-boost|p2a: Bisharp|atk|2
|move|p1a: Toxapex|Scald|p2a: Bisharp
|-crit|p2a: Bisharp
|-damage|p2a: Bisharp|0 fnt
|faint|p2a: Bisharp
|
|upkeep
|
|t:|1645537074
|switch|p2a: Tapu Lele|Tapu Lele|100/100
|turn|24
|
|t:|1645537079
|switch|p1a: Jirachi|Jirachi, shiny|95/100
|move|p2a: Tapu Lele|Future Sight|p1a: Jirachi
|-start|p2a: Tapu Lele|move: Future Sight
|
|-heal|p1a: Jirachi|100/100|[from] item: Leftovers
|-fieldend|move: Psychic Terrain
|upkeep
|turn|25
|
|t:|1645537087
|switch|p2a: Dragapult|Dragapult, F|85/100
|move|p1a: Jirachi|Stealth Rock|p2a: Dragapult
|-sidestart|p2: Bernie|move: Stealth Rock
|
|upkeep
|turn|26
|
|t:|1645537102
|move|p2a: Dragapult|Shadow Ball|p1a: Jirachi
|-supereffective|p1a: Jirachi
|-damage|p1a: Jirachi|34/100
|move|p1a: Jirachi|U-turn|p2a: Dragapult
|-resisted|p2a: Dragapult
|-damage|p2a: Dragapult|75/100
|
|t:|1645537111
|switch|p1a: Landorus|Landorus-Therian, M, shiny|100/100|[from]move: U-turn
|-ability|p1a: Landorus|Intimidate|boost
|-unboost|p2a: Dragapult|atk|1
|
|-end|p1a: Landorus|move: Future Sight
|-damage|p1a: Landorus|51/100
|-heal|p1a: Landorus|57/100|[from] item: Leftovers
|upkeep
|turn|27
|
|t:|1645537120
|switch|p1a: Toxapex|Toxapex, M, shiny|100/100
|move|p2a: Dragapult|Shadow Ball|p1a: Toxapex
|-damage|p1a: Toxapex|56/100
|
|upkeep
|turn|28
|
|t:|1645537125
|move|p2a: Dragapult|Shadow Ball|p1a: Toxapex
|-damage|p1a: Toxapex|13/100
|move|p1a: Toxapex|Knock Off|p2a: Dragapult
|-supereffective|p2a: Dragapult
|-damage|p2a: Dragapult|34/100
|-enditem|p2a: Dragapult|Choice Specs|[from] move: Knock Off|[of] p1a: Toxapex
|
|upkeep
|turn|29
|
|t:|1645537136
|switch|p1a: Landorus|Landorus-Therian, M, shiny|57/100
|-ability|p1a: Landorus|Intimidate|boost
|-unboost|p2a: Dragapult|atk|1
|move|p2a: Dragapult|Draco Meteor|p1a: Landorus
|-damage|p1a: Landorus|15/100
|-unboost|p2a: Dragapult|spa|2
|
|-heal|p1a: Landorus|21/100|[from] item: Leftovers
|upkeep
|turn|30
|
|t:|1645537146
|move|p2a: Dragapult|U-turn|p1a: Landorus
|-resisted|p1a: Landorus
|-damage|p1a: Landorus|17/100
|
|t:|1645537149
|switch|p2a: Tapu Lele|Tapu Lele|100/100|[from]move: U-turn
|-damage|p2a: Tapu Lele|88/100|[from] Stealth Rock
|-fieldstart|move: Psychic Terrain|[from] ability: Psychic Surge|[of] p2a: Tapu Lele
|move|p1a: Landorus|Earthquake|p2a: Tapu Lele
|-damage|p2a: Tapu Lele|10/100
|
|-heal|p1a: Landorus|23/100|[from] item: Leftovers
|upkeep
|turn|31
|
|t:|1645537166
|move|p2a: Tapu Lele|Focus Blast|p1a: Landorus
|-resisted|p1a: Landorus
|-damage|p1a: Landorus|7/100
|move|p1a: Landorus|U-turn|p2a: Tapu Lele
|-damage|p2a: Tapu Lele|0 fnt
|faint|p2a: Tapu Lele
|
|t:|1645537175
|switch|p1a: Zeraora|Zeraora, shiny|24/100|[from]move: U-turn
|
|upkeep
|
|t:|1645537183
|switch|p2a: Dragapult|Dragapult, F|34/100
|-damage|p2a: Dragapult|21/100|[from] Stealth Rock
|turn|32
|
|t:|1645537189
|move|p1a: Zeraora|Knock Off|p2a: Dragapult
|-supereffective|p2a: Dragapult
|-damage|p2a: Dragapult|0 fnt
|faint|p2a: Dragapult
|
|upkeep
|
|t:|1645537192
|switch|p2a: Zapdos|Zapdos-Galar|100/100
|-damage|p2a: Zapdos|88/100|[from] Stealth Rock
|turn|33
|
|t:|1645537196
|move|p1a: Zeraora|Plasma Fists|p2a: Zapdos
|-supereffective|p2a: Zapdos
|-damage|p2a: Zapdos|0 fnt
|-fieldactivate|move: Ion Deluge
|-hint|Normal-type moves become Electric-type after using Plasma Fists.
|faint|p2a: Zapdos
|
|win|PQPP214
|raw|PQPP214's rating: 1414 &rarr; <strong>1437</strong><br />(+23 for winning)
|raw|Bernie's rating: 1470 &rarr; <strong>1447</strong><br />(-23 for losing)
