|j|☆Mutako Z
|j|☆Genadij
|inactive|Battle timer is ON: inactive players will automatically lose when time's up.
|t:|1618588994
|gametype|singles
|player|p1|Mutako Z|28|
|player|p2|Genadij|steven|
|teamsize|p1|6
|teamsize|p2|6
|gen|8
|tier|[Gen 8] OU
|rated|Tournament battle
|clearpoke
|poke|p1|Zapdos-Galar|
|poke|p1|Ferrothorn, F|
|poke|p1|Hydreigon, M|
|poke|p1|Landorus-Therian, M|
|poke|p1|Rillaboom, M|
|poke|p1|Heatran, M|
|poke|p2|Magnezone|
|poke|p2|Garchomp, M|
|poke|p2|Salamence, M|
|poke|p2|Kyurem|
|poke|p2|Hydreigon, F|
|poke|p2|Dragonite, M|
|rule|Sleep Clause Mod: Limit one foe put to sleep
|rule|Species Clause: Limit one of each Pokémon
|rule|OHKO Clause: OHKO moves are banned
|rule|Evasion Moves Clause: Evasion moves are banned
|rule|Endless Battle Clause: Forcing endless battles is banned
|rule|HP Percentage Mod: HP is shown in percentages
|rule|Dynamax Clause: You cannot dynamax
|teampreview
|j| kisian
|j| quagsireperson
|j| Doctor Meskito
|c| quagsireperson|FINALS
|
|t:|1618589013
|start
|switch|p1a: Landorus|Landorus-Therian, M|100/100
|switch|p2a: Kyurem|Kyurem|100/100
|-ability|p1a: Landorus|Intimidate|boost
|-unboost|p2a: Kyurem|atk|1
|-ability|p2a: Kyurem|Pressure
|turn|1
|j| DanyussDojos
|l| Doctor Meskito
|
|t:|1618589021
|switch|p1a: Heatran|Heatran, M|100/100
|move|p2a: Kyurem|Focus Blast|p1a: Heatran
|-supereffective|p1a: Heatran
|-damage|p1a: Heatran|0 fnt
|faint|p1a: Heatran
|
|upkeep
|j| Doctor Meskito
|c| Doctor Meskito|dragmag in finals
|
|t:|1618589032
|switch|p1a: Landorus|Landorus-Therian, M|100/100
|-ability|p1a: Landorus|Intimidate|boost
|-unboost|p2a: Kyurem|atk|1
|turn|2
|
|t:|1618589036
|switch|p2a: Garchomp|Garchomp, M|100/100
|move|p1a: Landorus|Stone Edge|p2a: Garchomp
|-resisted|p2a: Garchomp
|-crit|p2a: Garchomp
|-damage|p2a: Garchomp|70/100
|
|upkeep
|turn|3
|
|t:|1618589044
|switch|p1a: Rillaboom|Rillaboom, M|100/100
|-fieldstart|move: Grassy Terrain|[from] ability: Grassy Surge|[of] p1a: Rillaboom
|move|p2a: Garchomp|Stone Edge|p1a: Rillaboom
|-damage|p1a: Rillaboom|60/100
|
|-heal|p2a: Garchomp|76/100|[from] Grassy Terrain
|-heal|p1a: Rillaboom|66/100|[from] Grassy Terrain
|upkeep
|turn|4
|
|t:|1618589053
|move|p2a: Garchomp|Fire Blast|p1a: Rillaboom
|-supereffective|p1a: Rillaboom
|-damage|p1a: Rillaboom|8/100
|move|p1a: Rillaboom|Knock Off|p2a: Garchomp
|-damage|p2a: Garchomp|36/100
|-damage|p1a: Rillaboom|0 fnt|[from] ability: Rough Skin|[of] p2a: Garchomp
|faint|p1a: Rillaboom
|
|-heal|p2a: Garchomp|42/100|[from] Grassy Terrain
|upkeep
|
|t:|1618589069
|switch|p1a: Zapdos|Zapdos-Galar|100/100
|turn|5
|
|t:|1618589076
|move|p1a: Zapdos|Brave Bird|p2a: Garchomp
|-damage|p2a: Garchomp|0 fnt
|-damage|p1a: Zapdos|88/100|[from] ability: Rough Skin|[of] p2a: Garchomp
|-damage|p1a: Zapdos|72/100|[from] item: Rocky Helmet|[of] p2a: Garchomp
|-damage|p1a: Zapdos|56/100|[from] Recoil
|faint|p2a: Garchomp
|
|upkeep
|c| quagsireperson|what item can't get knocked off
|
|t:|1618589082
|switch|p2a: Magnezone|Magnezone|100/100
|turn|6
|
|t:|1618589089
|switch|p1a: Ferrothorn|Ferrothorn, F|100/100
|move|p2a: Magnezone|Flash Cannon|p1a: Ferrothorn
|-resisted|p1a: Ferrothorn
|-damage|p1a: Ferrothorn|79/100
|
|-heal|p1a: Ferrothorn|86/100|[from] Grassy Terrain
|upkeep
|turn|7
|c| Doctor Meskito|was it itemless
|
|t:|1618589097
|switch|p2a: Hydreigon|Hydreigon, F|100/100
|move|p1a: Ferrothorn|Knock Off|p2a: Hydreigon
|-resisted|p2a: Hydreigon
|-damage|p2a: Hydreigon|89/100
|-enditem|p2a: Hydreigon|Choice Scarf|[from] move: Knock Off|[of] p1a: Ferrothorn
|
|-heal|p1a: Ferrothorn|92/100|[from] Grassy Terrain
|-fieldend|move: Grassy Terrain
|upkeep
|turn|8
|c| quagsireperson|maybe
|c| Doctor Meskito|look
|
|t:|1618589120
|move|p2a: Hydreigon|Fire Blast|p1a: Ferrothorn|[miss]
|-miss|p2a: Hydreigon|p1a: Ferrothorn
|move|p1a: Ferrothorn|Gyro Ball|p2a: Hydreigon
|-damage|p2a: Hydreigon|36/100
|
|upkeep
|turn|9
|c| Doctor Meskito|once every status move in the game is banned
|c| Doctor Meskito|dragmag is restored to its gen5 glory
|
|t:|1618589144
|switch|p1a: Landorus|Landorus-Therian, M|100/100
|-ability|p1a: Landorus|Intimidate|boost
|-unboost|p2a: Hydreigon|atk|1
|move|p2a: Hydreigon|U-turn|p1a: Landorus
|-resisted|p1a: Landorus
|-damage|p1a: Landorus|95/100
|j| gglrg
|
|t:|1618589152
|switch|p2a: Kyurem|Kyurem|100/100|[from]move: U-turn
|-ability|p2a: Kyurem|Pressure
|
|upkeep
|turn|10
|
|t:|1618589159
|move|p1a: Landorus|Stone Edge|p2a: Kyurem|[miss]
|-miss|p1a: Landorus|p2a: Kyurem
|move|p2a: Kyurem|Ice Beam|p1a: Landorus
|-supereffective|p1a: Landorus
|-damage|p1a: Landorus|0 fnt
|faint|p1a: Landorus
|
|upkeep
|c| quagsireperson|ok
|
|t:|1618589168
|switch|p1a: Zapdos|Zapdos-Galar|56/100
|turn|11
|
|t:|1618589177
|switch|p2a: Hydreigon|Hydreigon, F|36/100
|move|p1a: Zapdos|U-turn|p2a: Hydreigon
|-supereffective|p2a: Hydreigon
|-damage|p2a: Hydreigon|0 fnt
|faint|p2a: Hydreigon
|
|t:|1618589184
|switch|p1a: Hydreigon|Hydreigon, M|100/100|[from]move: U-turn
|
|upkeep
|
|t:|1618589191
|switch|p2a: Magnezone|Magnezone|100/100
|turn|12
|c| DanyussDojos|apparently im not old enough to know about this 'dragmag' gen 5 stuff :(
|
|t:|1618589194
|move|p1a: Hydreigon|Fire Blast|p2a: Magnezone
|-supereffective|p2a: Magnezone
|-damage|p2a: Magnezone|5/100
|move|p2a: Magnezone|Volt Switch|p1a: Hydreigon
|-resisted|p1a: Hydreigon
|-damage|p1a: Hydreigon|64/100
|
|t:|1618589203
|switch|p2a: Dragonite|Dragonite, M|100/100|[from]move: Volt Switch
|
|-heal|p1a: Hydreigon|70/100|[from] item: Leftovers
|upkeep
|turn|13
|
|t:|1618589212
|move|p1a: Hydreigon|Draco Meteor|p2a: Dragonite
|-supereffective|p2a: Dragonite
|-damage|p2a: Dragonite|27/100
|-unboost|p1a: Hydreigon|spa|2
|move|p2a: Dragonite|Dual Wingbeat|p1a: Hydreigon
|-damage|p1a: Hydreigon|43/100
|-damage|p1a: Hydreigon|15/100
|-hitcount|p1a: Hydreigon|2
|
|-heal|p1a: Hydreigon|21/100|[from] item: Leftovers
|upkeep
|turn|14
|
|t:|1618589223
|switch|p1a: Ferrothorn|Ferrothorn, F|92/100
|move|p2a: Dragonite|Extreme Speed|p1a: Ferrothorn
|-resisted|p1a: Ferrothorn
|-damage|p1a: Ferrothorn|79/100
|-damage|p2a: Dragonite|15/100|[from] ability: Iron Barbs|[of] p1a: Ferrothorn
|-damage|p2a: Dragonite|0 fnt|[from] item: Rocky Helmet|[of] p1a: Ferrothorn
|faint|p2a: Dragonite
|
|upkeep
|
|t:|1618589228
|switch|p2a: Kyurem|Kyurem|100/100
|-ability|p2a: Kyurem|Pressure
|turn|15
|
|t:|1618589239
|move|p2a: Kyurem|Ice Beam|p1a: Ferrothorn
|-damage|p1a: Ferrothorn|37/100
|move|p1a: Ferrothorn|Gyro Ball|p2a: Kyurem
|-supereffective|p2a: Kyurem
|-damage|p2a: Kyurem|10/100
|
|upkeep
|turn|16
|
|t:|1618589266
|switch|p1a: Hydreigon|Hydreigon, M|21/100
|move|p2a: Kyurem|Ice Beam|p1a: Hydreigon
|-supereffective|p1a: Hydreigon
|-damage|p1a: Hydreigon|0 fnt
|faint|p1a: Hydreigon
|
|upkeep
|
|t:|1618589273
|switch|p1a: Zapdos|Zapdos-Galar|56/100
|turn|17
|
|t:|1618589276
|move|p1a: Zapdos|Brave Bird|p2a: Kyurem
|-damage|p2a: Kyurem|0 fnt
|-damage|p1a: Zapdos|53/100|[from] Recoil
|faint|p2a: Kyurem
|
|upkeep
|
|t:|1618589279
|switch|p2a: Salamence|Salamence, M|100/100
|turn|18
|
|t:|1618589286
|switch|p1a: Ferrothorn|Ferrothorn, F|37/100
|move|p2a: Salamence|Dual Wingbeat|p1a: Ferrothorn
|-damage|p1a: Ferrothorn|20/100
|-damage|p2a: Salamence|88/100|[from] ability: Iron Barbs|[of] p1a: Ferrothorn
|-damage|p2a: Salamence|71/100|[from] item: Rocky Helmet|[of] p1a: Ferrothorn
|-damage|p1a: Ferrothorn|4/100
|-damage|p2a: Salamence|59/100|[from] ability: Iron Barbs|[of] p1a: Ferrothorn
|-damage|p2a: Salamence|42/100|[from] item: Rocky Helmet|[of] p1a: Ferrothorn
|-hitcount|p1a: Ferrothorn|2
|
|upkeep
|turn|19
|c| quagsireperson|oof
|
|t:|1618589306
|move|p2a: Salamence|Dual Wingbeat|p1a: Ferrothorn
|-damage|p1a: Ferrothorn|0 fnt
|-damage|p2a: Salamence|30/100|[from] ability: Iron Barbs|[of] p1a: Ferrothorn
|-damage|p2a: Salamence|13/100|[from] item: Rocky Helmet|[of] p1a: Ferrothorn
|-hitcount|p1a: Ferrothorn|1
|faint|p1a: Ferrothorn
|-ability|p2a: Salamence|Moxie|boost
|-boost|p2a: Salamence|atk|1
|
|upkeep
|c| Doctor Meskito|not like this
|
|t:|1618589314
|switch|p1a: Zapdos|Zapdos-Galar|53/100
|turn|20
|
|t:|1618589319
|move|p2a: Salamence|Dual Wingbeat|p1a: Zapdos
|-supereffective|p1a: Zapdos
|-damage|p1a: Zapdos|0 fnt
|-hitcount|p1a: Zapdos|1
|faint|p1a: Zapdos
|
|win|Genadij
|n|☆Mutako Z|mutakoz
|n|☆Genadij|genadij
|n| kisian|kisian
|n| quagsireperson|quagsireperson
|n| DanyussDojos|danyussdojos
|n| Doctor Meskito|doctormeskito
|n| gglrg|gglrg
