|j|☆Spectre Ace
|j|☆LT94JE Allistair
|t:|1664835513
|gametype|singles
|player|p1|Spectre Ace|juggler|1655
|player|p2|LT94JE Allistair|265|1672
|teamsize|p1|6
|teamsize|p2|6
|gen|8
|tier|[Gen 8] OU
|rated|
|rule|Sleep Clause Mod: Limit one foe put to sleep
|rule|Species Clause: Limit one of each Pokémon
|rule|OHKO Clause: OHKO moves are banned
|rule|Evasion Items Clause: Evasion items are banned
|rule|Evasion Moves Clause: Evasion moves are banned
|rule|Endless Battle Clause: Forcing endless battles is banned
|rule|HP Percentage Mod: HP is shown in percentages
|rule|Dynamax Clause: You cannot dynamax
|clearpoke
|poke|p1|Landorus-Therian, M|
|poke|p1|Ferrothorn, M|
|poke|p1|Volcanion|
|poke|p1|Raichu-Alola, F|
|poke|p1|Tapu Koko|
|poke|p1|Clefable, M|
|poke|p2|Mew|
|poke|p2|Slurpuff, F|
|poke|p2|Vanilluxe, F|
|poke|p2|Weavile, M|
|poke|p2|Heatran, M|
|poke|p2|Jirachi|
|teampreview
|j| DJStankyJunk
|
|t:|1664835531
|start
|switch|p1a: Booker|Tapu Koko|100/100
|switch|p2a: Slurpuff|Slurpuff, F|100/100
|-fieldstart|move: Electric Terrain|[from] ability: Electric Surge|[of] p1a: Booker
|turn|1
|
|t:|1664835535
|move|p1a: Booker|U-turn|p2a: Slurpuff
|-resisted|p2a: Slurpuff
|-damage|p2a: Slurpuff|92/100
|
|t:|1664835537
|switch|p1a: Valentine|Raichu-Alola, F, shiny|100/100|[from]move: U-turn
|move|p2a: Slurpuff|Sticky Web|p1a: Valentine
|-sidestart|p1: Spectre Ace|move: Sticky Web
|
|upkeep
|turn|2
|
|t:|1664835543
|move|p1a: Valentine|Rising Voltage|p2a: Slurpuff
|-hint|Rising Voltage's BP doubled on grounded target.
|-damage|p2a: Slurpuff|0 fnt
|faint|p2a: Slurpuff
|-damage|p1a: Valentine|91/100|[from] item: Life Orb
|
|upkeep
|
|t:|1664835550
|switch|p2a: Weavile|Weavile, M|100/100
|-ability|p2a: Weavile|Pressure
|turn|3
|
|t:|1664835558
|switch|p1a: Clefable|Clefable, M|100/100
|move|p2a: Weavile|Knock Off|p1a: Clefable
|-resisted|p1a: Clefable
|-damage|p1a: Clefable|81/100
|-enditem|p1a: Clefable|Heavy-Duty Boots|[from] move: Knock Off|[of] p2a: Weavile
|
|upkeep
|turn|4
|
|t:|1664835563
|switch|p2a: Vanilluxe|Vanilluxe, F|100/100
|-weather|Hail|[from] ability: Snow Warning|[of] p2a: Vanilluxe
|move|p1a: Clefable|Stealth Rock|p2a: Vanilluxe
|-sidestart|p2: LT94JE Allistair|move: Stealth Rock
|
|-weather|Hail|[upkeep]
|-damage|p1a: Clefable|75/100|[from] Hail
|upkeep
|turn|5
|
|t:|1664835566
|move|p2a: Vanilluxe|Aurora Veil|p2a: Vanilluxe
|-sidestart|p2: LT94JE Allistair|move: Aurora Veil
|move|p1a: Clefable|Moonblast|p2a: Vanilluxe
|-damage|p2a: Vanilluxe|81/100
|
|-weather|Hail|[upkeep]
|-damage|p1a: Clefable|69/100|[from] Hail
|upkeep
|turn|6
|
|t:|1664835571
|switch|p1a: Sundowner|Ferrothorn, M, shiny|100/100
|-activate|p1a: Sundowner|move: Sticky Web
|-unboost|p1a: Sundowner|spe|1
|move|p2a: Vanilluxe|Taunt|p1a: Sundowner
|-start|p1a: Sundowner|move: Taunt
|
|-weather|Hail|[upkeep]
|-damage|p1a: Sundowner|94/100|[from] Hail
|-heal|p1a: Sundowner|100/100|[from] item: Leftovers
|upkeep
|turn|7
|
|t:|1664835579
|move|p2a: Vanilluxe|Explosion|p1a: Sundowner
|-resisted|p1a: Sundowner
|-damage|p1a: Sundowner|72/100
|faint|p2a: Vanilluxe
|move|p1a: Sundowner|Knock Off|p2: Vanilluxe|[notarget]
|-fail|p1a: Sundowner
|
|-weather|Hail|[upkeep]
|-damage|p1a: Sundowner|65/100|[from] Hail
|-heal|p1a: Sundowner|72/100|[from] item: Leftovers
|upkeep
|
|t:|1664835588
|switch|p2a: Mew|Mew|100/100
|-damage|p2a: Mew|88/100|[from] Stealth Rock
|turn|8
|
|t:|1664835599
|switch|p1a: Amadeus|Landorus-Therian, M|100/100
|-ability|p1a: Amadeus|Intimidate|boost
|-unboost|p2a: Mew|atk|1
|move|p2a: Mew|Cosmic Power|p2a: Mew
|-boost|p2a: Mew|def|1
|-boost|p2a: Mew|spd|1
|
|-weather|none
|-fieldend|move: Electric Terrain
|upkeep
|turn|9
|
|t:|1664835601
|move|p2a: Mew|Taunt|p1a: Amadeus
|-start|p1a: Amadeus|move: Taunt
|cant|p1a: Amadeus|move: Taunt|Toxic
|
|upkeep
|turn|10
|
|t:|1664835605
|switch|p1a: Booker|Tapu Koko|100/100
|-activate|p1a: Booker|move: Sticky Web
|-unboost|p1a: Booker|spe|1
|-fieldstart|move: Electric Terrain|[from] ability: Electric Surge|[of] p1a: Booker
|move|p2a: Mew|Cosmic Power|p2a: Mew
|-boost|p2a: Mew|def|1
|-boost|p2a: Mew|spd|1
|
|upkeep
|turn|11
|
|t:|1664835608
|switch|p1a: Valentine|Raichu-Alola, F, shiny|91/100
|-activate|p1a: Valentine|move: Sticky Web
|-unboost|p1a: Valentine|spe|1
|move|p2a: Mew|Taunt|p1a: Valentine
|-start|p1a: Valentine|move: Taunt
|
|upkeep
|turn|12
|
|t:|1664835614
|move|p1a: Valentine|Rising Voltage|p2a: Mew
|-hint|Rising Voltage's BP doubled on grounded target.
|-damage|p2a: Mew|65/100
|-damage|p1a: Valentine|81/100|[from] item: Life Orb
|move|p2a: Mew|Cosmic Power|p2a: Mew
|-boost|p2a: Mew|def|1
|-boost|p2a: Mew|spd|1
|
|-sideend|p2: LT94JE Allistair|move: Aurora Veil
|upkeep
|turn|13
|
|t:|1664835621
|move|p1a: Valentine|Rising Voltage|p2a: Mew
|-hint|Rising Voltage's BP doubled on grounded target.
|-damage|p2a: Mew|27/100
|-damage|p1a: Valentine|71/100|[from] item: Life Orb
|move|p2a: Mew|Roost|p2a: Mew
|-heal|p2a: Mew|77/100
|-singleturn|p2a: Mew|move: Roost
|
|-end|p1a: Valentine|move: Taunt
|upkeep
|turn|14
|
|t:|1664835626
|move|p1a: Valentine|Nasty Plot|p1a: Valentine
|-boost|p1a: Valentine|spa|2
|move|p2a: Mew|Roost|p2a: Mew
|-heal|p2a: Mew|100/100
|-singleturn|p2a: Mew|move: Roost
|
|upkeep
|turn|15
|
|t:|1664835639
|move|p1a: Valentine|Rising Voltage|p2a: Mew
|-hint|Rising Voltage's BP doubled on grounded target.
|-damage|p2a: Mew|21/100
|-damage|p1a: Valentine|61/100|[from] item: Life Orb
|move|p2a: Mew|Stored Power|p1a: Valentine
|-resisted|p1a: Valentine
|-damage|p1a: Valentine|22/100
|
|upkeep
|turn|16
|
|t:|1664835646
|move|p1a: Valentine|Rising Voltage|p2a: Mew
|-hint|Rising Voltage's BP doubled on grounded target.
|-damage|p2a: Mew|0 fnt
|faint|p2a: Mew
|-damage|p1a: Valentine|12/100|[from] item: Life Orb
|
|upkeep
|
|t:|1664835650
|switch|p2a: Weavile|Weavile, M|100/100
|-damage|p2a: Weavile|76/100|[from] Stealth Rock
|-ability|p2a: Weavile|Pressure
|turn|17
|
|t:|1664835658
|move|p2a: Weavile|Ice Shard|p1a: Valentine
|-damage|p1a: Valentine|0 fnt
|faint|p1a: Valentine
|
|-fieldend|move: Electric Terrain
|upkeep
|
|t:|1664835664
|switch|p1a: Engine|Volcanion|100/100
|turn|18
|j| Synergy=NaN
|l| Synergy=NaN
|
|t:|1664835675
|move|p2a: Weavile|Knock Off|p1a: Engine
|-damage|p1a: Engine|57/100
|-enditem|p1a: Engine|Heavy-Duty Boots|[from] move: Knock Off|[of] p2a: Weavile
|move|p1a: Engine|Steam Eruption|p2a: Weavile
|-damage|p2a: Weavile|0 fnt
|faint|p2a: Weavile
|
|upkeep
|
|t:|1664835691
|switch|p2a: Heatran|Heatran, M|100/100
|-damage|p2a: Heatran|88/100|[from] Stealth Rock
|turn|19
|
|t:|1664835693
|move|p2a: Heatran|Sunny Day|p2a: Heatran
|-weather|SunnyDay
|move|p1a: Engine|Earth Power|p2a: Heatran
|-supereffective|p2a: Heatran
|-damage|p2a: Heatran|0 fnt
|faint|p2a: Heatran
|
|-weather|SunnyDay|[upkeep]
|upkeep
|
|t:|1664835697
|switch|p2a: Jirachi|Jirachi|100/100
|-damage|p2a: Jirachi|94/100|[from] Stealth Rock
|turn|20
|
|t:|1664835700
|move|p2a: Jirachi|Cosmic Power|p2a: Jirachi
|-boost|p2a: Jirachi|def|1
|-boost|p2a: Jirachi|spd|1
|move|p1a: Engine|Steam Eruption|p2a: Jirachi
|-damage|p2a: Jirachi|77/100
|-status|p2a: Jirachi|brn
|
|-weather|SunnyDay|[upkeep]
|-damage|p2a: Jirachi|71/100 brn|[from] brn
|upkeep
|turn|21
|
|t:|1664835706
|move|p2a: Jirachi|Wish|p2a: Jirachi
|move|p1a: Engine|Steam Eruption|p2a: Jirachi
|-damage|p2a: Jirachi|51/100 brn
|
|-weather|SunnyDay|[upkeep]
|-damage|p2a: Jirachi|45/100 brn|[from] brn
|upkeep
|turn|22
|
|t:|1664835716
|move|p2a: Jirachi|Cosmic Power|p2a: Jirachi
|-boost|p2a: Jirachi|def|1
|-boost|p2a: Jirachi|spd|1
|move|p1a: Engine|Steam Eruption|p2a: Jirachi
|-damage|p2a: Jirachi|30/100 brn
|
|-weather|SunnyDay|[upkeep]
|-heal|p2a: Jirachi|79/100 brn|[from] move: Wish|[wisher] Jirachi
|-damage|p2a: Jirachi|73/100 brn|[from] brn
|upkeep
|turn|23
|
|t:|1664835724
|move|p2a: Jirachi|Wish|p2a: Jirachi
|move|p1a: Engine|Flamethrower|p2a: Jirachi
|-supereffective|p2a: Jirachi
|-damage|p2a: Jirachi|8/100 brn
|-enditem|p2a: Jirachi|Weakness Policy
|-boost|p2a: Jirachi|atk|2|[from] item: Weakness Policy
|-boost|p2a: Jirachi|spa|2|[from] item: Weakness Policy
|
|-weather|SunnyDay|[upkeep]
|-damage|p2a: Jirachi|2/100 brn|[from] brn
|upkeep
|turn|24
|
|t:|1664835729
|move|p2a: Jirachi|Stored Power|p1a: Engine
|-damage|p1a: Engine|0 fnt
|faint|p1a: Engine
|
|-weather|SunnyDay|[upkeep]
|-heal|p2a: Jirachi|52/100 brn|[from] move: Wish|[wisher] Jirachi
|-damage|p2a: Jirachi|46/100 brn|[from] brn
|upkeep
|
|t:|1664835732
|switch|p1a: Clefable|Clefable, M|69/100
|-activate|p1a: Clefable|move: Sticky Web
|-unboost|p1a: Clefable|spe|1
|turn|25
|
|t:|1664835739
|move|p2a: Jirachi|Stored Power|p1a: Clefable
|-damage|p1a: Clefable|10/100
|move|p1a: Clefable|Flamethrower|p2a: Jirachi
|-supereffective|p2a: Jirachi
|-damage|p2a: Jirachi|0 fnt
|faint|p2a: Jirachi
|
|win|Spectre Ace
|raw|Spectre Ace's rating: 1655 &rarr; <strong>1676</strong><br />(+21 for winning)
|raw|LT94JE Allistair's rating: 1672 &rarr; <strong>1651</strong><br />(-21 for losing)
|c|☆Spectre Ace|Gg
|l|☆LT94JE Allistair
|l| DJStankyJunk
||Ladder isn't responding, score probably updated but might not have (Request timeout).
