|j|☆PedroGrug
|j|☆Because Meta
|t:|1607806528
|player|p1|PedroGrug|lyra|1730
|player|p2|Because Meta|linebacker|1670
|teamsize|p1|6
|teamsize|p2|6
|gametype|singles
|gen|8
|tier|[Gen 8] OU
|rated|
|clearpoke
|poke|p1|Tapu Lele|
|poke|p1|Ferrothorn, M|
|poke|p1|Mandibuzz, F|
|poke|p1|Toxapex, M|
|poke|p1|Cinderace, M|
|poke|p1|Landorus-Therian, M|
|poke|p2|Klinklang|
|poke|p2|Magnezone|
|poke|p2|Grimmsnarl, M|
|poke|p2|Nihilego|
|poke|p2|Dragonite, F|
|poke|p2|Urshifu-*, M|
|rule|Sleep Clause Mod: Limit one foe put to sleep
|rule|Species Clause: Limit one of each Pokémon
|rule|OHKO Clause: OHKO moves are banned
|rule|Evasion Moves Clause: Evasion moves are banned
|rule|Endless Battle Clause: Forcing endless battles is banned
|rule|HP Percentage Mod: HP is shown in percentages
|rule|Dynamax Clause: You cannot dynamax
|teampreview
|
|t:|1607806552
|start
|switch|p1a: Tapu Lele|Tapu Lele|100/100
|switch|p2a: Master Shifu|Urshifu, M|100/100
|-fieldstart|move: Psychic Terrain|[from] ability: Psychic Surge|[of] p1a: Tapu Lele
|turn|1
|
|t:|1607806558
|switch|p1a: Toxapex|Toxapex, M|100/100
|move|p2a: Master Shifu|Wicked Blow|p1a: Toxapex
|-crit|p1a: Toxapex
|-damage|p1a: Toxapex|50/100
|-damage|p2a: Master Shifu|84/100|[from] item: Rocky Helmet|[of] p1a: Toxapex
|-damage|p2a: Master Shifu|74/100|[from] item: Life Orb
|
|upkeep
|turn|2
|
|t:|1607806564
|switch|p1a: Mandibuzz|Mandibuzz, F|100/100
|move|p2a: Master Shifu|Wicked Blow|p1a: Mandibuzz
|-resisted|p1a: Mandibuzz
|-crit|p1a: Mandibuzz
|-damage|p1a: Mandibuzz|75/100
|-damage|p2a: Master Shifu|64/100|[from] item: Life Orb
|
|upkeep
|turn|3
|
|t:|1607806568
|move|p2a: Master Shifu|Close Combat|p1a: Mandibuzz
|-damage|p1a: Mandibuzz|16/100
|-unboost|p2a: Master Shifu|def|1
|-unboost|p2a: Master Shifu|spd|1
|-damage|p2a: Master Shifu|54/100|[from] item: Life Orb
|move|p1a: Mandibuzz|U-turn|p2a: Master Shifu
|-damage|p2a: Master Shifu|38/100
|
|t:|1607806575
|switch|p1a: Landorus|Landorus-Therian, M|100/100|[from]move: U-turn
|-ability|p1a: Landorus|Intimidate|boost
|-unboost|p2a: Master Shifu|atk|1
|
|upkeep
|turn|4
|
|t:|1607806581
|move|p1a: Landorus|U-turn|p2a: Master Shifu
|-damage|p2a: Master Shifu|0 fnt
|faint|p2a: Master Shifu
|
|t:|1607806588
|switch|p1a: Cinderace|Cinderace, M|100/100|[from]move: U-turn
|
|upkeep
|
|t:|1607806593
|switch|p2a: Thicc|Dragonite, F|100/100
|turn|5
|
|t:|1607806596
|move|p1a: Cinderace|U-turn|p2a: Thicc
|-start|p1a: Cinderace|typechange|Bug|[from] ability: Libero
|-resisted|p2a: Thicc
|-damage|p2a: Thicc|91/100
|
|t:|1607806598
|switch|p1a: Landorus|Landorus-Therian, M|100/100|[from]move: U-turn
|-ability|p1a: Landorus|Intimidate|boost
|-unboost|p2a: Thicc|atk|1
|move|p2a: Thicc|Dragon Dance|p2a: Thicc
|-boost|p2a: Thicc|atk|1
|-boost|p2a: Thicc|spe|1
|
|-fieldend|move: Psychic Terrain
|upkeep
|turn|6
|
|t:|1607806607
|move|p1a: Landorus|U-turn|p2a: Thicc
|-resisted|p2a: Thicc
|-damage|p2a: Thicc|76/100
|
|t:|1607806610
|switch|p1a: Ferrothorn|Ferrothorn, M|100/100|[from]move: U-turn
|move|p2a: Thicc|Dragon Dance|p2a: Thicc
|-boost|p2a: Thicc|atk|1
|-boost|p2a: Thicc|spe|1
|
|upkeep
|turn|7
|
|t:|1607806613
|switch|p2a: In The Zone|Magnezone|100/100
|move|p1a: Ferrothorn|Gyro Ball|p2a: In The Zone
|-resisted|p2a: In The Zone
|-damage|p2a: In The Zone|93/100
|
|-heal|p2a: In The Zone|99/100|[from] item: Leftovers
|upkeep
|turn|8
|
|t:|1607806617
|move|p2a: In The Zone|Substitute|p2a: In The Zone
|-start|p2a: In The Zone|Substitute
|-damage|p2a: In The Zone|74/100
|move|p1a: Ferrothorn|Stealth Rock|p2a: In The Zone
|-sidestart|p2: Because Meta|move: Stealth Rock
|
|-heal|p2a: In The Zone|80/100|[from] item: Leftovers
|upkeep
|turn|9
|
|t:|1607806620
|move|p2a: In The Zone|Iron Defense|p2a: In The Zone
|-boost|p2a: In The Zone|def|2
|move|p1a: Ferrothorn|Gyro Ball|p2a: In The Zone
|-resisted|p2a: In The Zone
|-activate|p2a: In The Zone|move: Substitute|[damage]
|
|-heal|p2a: In The Zone|86/100|[from] item: Leftovers
|upkeep
|turn|10
|
|t:|1607806623
|move|p2a: In The Zone|Iron Defense|p2a: In The Zone
|-boost|p2a: In The Zone|def|2
|move|p1a: Ferrothorn|Gyro Ball|p2a: In The Zone
|-resisted|p2a: In The Zone
|-activate|p2a: In The Zone|move: Substitute|[damage]
|
|-heal|p2a: In The Zone|92/100|[from] item: Leftovers
|upkeep
|turn|11
|
|t:|1607806625
|move|p2a: In The Zone|Iron Defense|p2a: In The Zone
|-boost|p2a: In The Zone|def|2
|move|p1a: Ferrothorn|Gyro Ball|p2a: In The Zone
|-resisted|p2a: In The Zone
|-activate|p2a: In The Zone|move: Substitute|[damage]
|
|-heal|p2a: In The Zone|98/100|[from] item: Leftovers
|upkeep
|turn|12
|
|t:|1607806627
|move|p2a: In The Zone|Body Press|p1a: Ferrothorn
|-supereffective|p1a: Ferrothorn
|-damage|p1a: Ferrothorn|0 fnt
|-damage|p2a: In The Zone|86/100|[from] ability: Iron Barbs|[of] p1a: Ferrothorn
|faint|p1a: Ferrothorn
|
|-heal|p2a: In The Zone|92/100|[from] item: Leftovers
|upkeep
|
|t:|1607806643
|switch|p1a: Toxapex|Toxapex, M|84/100
|turn|13
|j| King_Ttarr
|
|t:|1607806646
|move|p2a: In The Zone|Discharge|p1a: Toxapex
|-supereffective|p1a: Toxapex
|-damage|p1a: Toxapex|26/100
|move|p1a: Toxapex|Haze|p1a: Toxapex
|-clearallboost
|
|-heal|p2a: In The Zone|98/100|[from] item: Leftovers
|upkeep
|turn|14
|
|t:|1607806652
|switch|p1a: Landorus|Landorus-Therian, M|100/100
|-ability|p1a: Landorus|Intimidate|boost
|-immune|p2a: In The Zone
|move|p2a: In The Zone|Iron Defense|p2a: In The Zone
|-boost|p2a: In The Zone|def|2
|
|-heal|p2a: In The Zone|100/100|[from] item: Leftovers
|upkeep
|turn|15
|l| King_Ttarr
|
|t:|1607806657
|move|p1a: Landorus|Earthquake|p2a: In The Zone
|-supereffective|p2a: In The Zone
|-end|p2a: In The Zone|Substitute
|move|p2a: In The Zone|Body Press|p1a: Landorus
|-resisted|p1a: Landorus
|-damage|p1a: Landorus|66/100
|
|upkeep
|turn|16
|
|t:|1607806663
|switch|p2a: Thicc|Dragonite, F|76/100
|move|p1a: Landorus|Earthquake|p2a: Thicc
|-immune|p2a: Thicc
|
|upkeep
|turn|17
|
|t:|1607806670
|switch|p1a: Toxapex|Toxapex, M|59/100
|move|p2a: Thicc|Dragon Dance|p2a: Thicc
|-boost|p2a: Thicc|atk|1
|-boost|p2a: Thicc|spe|1
|
|upkeep
|turn|18
|
|t:|1607806673
|move|p2a: Thicc|Earthquake|p1a: Toxapex
|-supereffective|p1a: Toxapex
|-damage|p1a: Toxapex|0 fnt
|faint|p1a: Toxapex
|
|upkeep
|
|t:|1607806675
|switch|p1a: Landorus|Landorus-Therian, M|66/100
|-ability|p1a: Landorus|Intimidate|boost
|-unboost|p2a: Thicc|atk|1
|turn|19
|
|t:|1607806680
|switch|p2a: In The Zone|Magnezone|100/100
|-damage|p2a: In The Zone|94/100|[from] Stealth Rock
|move|p1a: Landorus|Stone Edge|p2a: In The Zone
|-resisted|p2a: In The Zone
|-damage|p2a: In The Zone|80/100
|
|-heal|p2a: In The Zone|86/100|[from] item: Leftovers
|upkeep
|turn|20
|
|t:|1607806689
|switch|p1a: Tapu Lele|Tapu Lele|100/100
|-fieldstart|move: Psychic Terrain|[from] ability: Psychic Surge|[of] p1a: Tapu Lele
|move|p2a: In The Zone|Discharge|p1a: Tapu Lele
|-damage|p1a: Tapu Lele|59/100
|
|-heal|p2a: In The Zone|92/100|[from] item: Leftovers
|upkeep
|turn|21
|
|t:|1607806697
|move|p1a: Tapu Lele|Focus Blast|p2a: In The Zone
|-supereffective|p2a: In The Zone
|-damage|p2a: In The Zone|0 fnt
|faint|p2a: In The Zone
|
|upkeep
|
|t:|1607806702
|switch|p2a: Thicc|Dragonite, F|76/100
|turn|22
|
|t:|1607806707
|switch|p1a: Landorus|Landorus-Therian, M|66/100
|-ability|p1a: Landorus|Intimidate|boost
|-unboost|p2a: Thicc|atk|1
|move|p2a: Thicc|Dragon Dance|p2a: Thicc
|-boost|p2a: Thicc|atk|1
|-boost|p2a: Thicc|spe|1
|
|upkeep
|turn|23
|
|t:|1607806714
|move|p1a: Landorus|Stone Edge|p2a: Thicc
|-supereffective|p2a: Thicc
|-damage|p2a: Thicc|0 fnt
|faint|p2a: Thicc
|
|upkeep
|
|t:|1607806717
|switch|p2a: Clockwork|Klinklang|100/100
|-damage|p2a: Clockwork|94/100|[from] Stealth Rock
|turn|24
|
|t:|1607806723
|switch|p1a: Cinderace|Cinderace, M|100/100
|move|p2a: Clockwork|Shift Gear|p2a: Clockwork
|-boost|p2a: Clockwork|spe|2
|-boost|p2a: Clockwork|atk|1
|
|-heal|p2a: Clockwork|100/100|[from] item: Leftovers
|-fieldend|move: Psychic Terrain
|upkeep
|turn|25
|
|t:|1607806730
|switch|p2a: Jelly Ultra|Nihilego|100/100
|-damage|p2a: Jelly Ultra|88/100|[from] Stealth Rock
|switch|p1a: Landorus|Landorus-Therian, M|66/100
|-ability|p1a: Landorus|Intimidate|boost
|-unboost|p2a: Jelly Ultra|atk|1
|
|upkeep
|turn|26
|
|t:|1607806733
|move|p1a: Landorus|Earthquake|p2a: Jelly Ultra
|-supereffective|p2a: Jelly Ultra
|-damage|p2a: Jelly Ultra|0 fnt
|faint|p2a: Jelly Ultra
|
|upkeep
|
|t:|1607806736
|switch|p2a: Imp possible|Grimmsnarl, M|100/100
|-damage|p2a: Imp possible|88/100|[from] Stealth Rock
|turn|27
|
|t:|1607806738
|move|p2a: Imp possible|Reflect|p2a: Imp possible
|-sidestart|p2: Because Meta|Reflect
|move|p1a: Landorus|Earthquake|p2a: Imp possible
|-damage|p2a: Imp possible|52/100
|
|upkeep
|turn|28
|
|t:|1607806756
|move|p2a: Imp possible|Light Screen|p2a: Imp possible
|-sidestart|p2: Because Meta|move: Light Screen
|move|p1a: Landorus|Earthquake|p2a: Imp possible
|-damage|p2a: Imp possible|15/100
|
|upkeep
|turn|29
|
|t:|1607806765
|switch|p1a: Cinderace|Cinderace, M|100/100
|move|p2a: Imp possible|Spirit Break|p1a: Cinderace
|-resisted|p1a: Cinderace
|-damage|p1a: Cinderace|78/100
|-unboost|p1a: Cinderace|spa|1
|
|upkeep
|turn|30
|
|t:|1607806776
|move|p2a: Imp possible|Taunt|p1a: Cinderace
|-start|p1a: Cinderace|move: Taunt
|move|p1a: Cinderace|Pyro Ball|p2a: Imp possible
|-damage|p2a: Imp possible|0 fnt
|faint|p2a: Imp possible
|
|upkeep
|
|t:|1607806780
|switch|p2a: Clockwork|Klinklang|100/100
|-damage|p2a: Clockwork|94/100|[from] Stealth Rock
|turn|31
|
|t:|1607806784
|move|p1a: Cinderace|U-turn|p2a: Clockwork
|-start|p1a: Cinderace|typechange|Bug|[from] ability: Libero
|-resisted|p2a: Clockwork
|-damage|p2a: Clockwork|85/100
|
|t:|1607806788
|switch|p1a: Landorus|Landorus-Therian, M|66/100|[from]move: U-turn
|-ability|p1a: Landorus|Intimidate|boost
|-fail|p2a: Clockwork|unboost|[from] ability: Clear Body|[of] p2a: Clockwork
|move|p2a: Clockwork|Shift Gear|p2a: Clockwork
|-boost|p2a: Clockwork|spe|2
|-boost|p2a: Clockwork|atk|1
|
|-heal|p2a: Clockwork|91/100|[from] item: Leftovers
|upkeep
|turn|32
|
|t:|1607806793
|move|p2a: Clockwork|Magnet Rise|p2a: Clockwork
|-start|p2a: Clockwork|Magnet Rise
|move|p1a: Landorus|Earthquake|p2a: Clockwork
|-immune|p2a: Clockwork
|
|-heal|p2a: Clockwork|98/100|[from] item: Leftovers
|upkeep
|turn|33
|
|t:|1607806796
|switch|p1a: Mandibuzz|Mandibuzz, F|16/100
|move|p2a: Clockwork|Shift Gear|p2a: Clockwork
|-boost|p2a: Clockwork|spe|2
|-boost|p2a: Clockwork|atk|1
|
|-heal|p2a: Clockwork|100/100|[from] item: Leftovers
|upkeep
|turn|34
|
|t:|1607806800
|move|p2a: Clockwork|Wild Charge|p1a: Mandibuzz
|-supereffective|p1a: Mandibuzz
|-damage|p1a: Mandibuzz|0 fnt
|-damage|p2a: Clockwork|95/100|[from] Recoil
|faint|p1a: Mandibuzz
|
|-heal|p2a: Clockwork|100/100|[from] item: Leftovers
|-sideend|p2: Because Meta|Reflect
|upkeep
|
|t:|1607806804
|switch|p1a: Cinderace|Cinderace, M|78/100
|turn|35
|
|t:|1607806807
|move|p2a: Clockwork|Wild Charge|p1a: Cinderace
|-damage|p1a: Cinderace|0 fnt
|-damage|p2a: Clockwork|82/100|[from] Recoil
|faint|p1a: Cinderace
|
|-heal|p2a: Clockwork|88/100|[from] item: Leftovers
|-sideend|p2: Because Meta|move: Light Screen
|upkeep
|-message|PedroGrug forfeited.
|
|win|Because Meta
|l|☆PedroGrug
|c|☆Because Meta|:0
||Ladder (probably) updated, but score could not be retrieved (Request timeout).
