|raw|<div class="broadcast-blue"><strong>This battle is required to be public due to a player having a name starting with 'lt94je'.</div>
|j|☆return nirvana
|j|☆LT94JE PZZ
|t:|1661656620
|gametype|singles
|player|p1|return nirvana|cynthia-masters2|1771
|player|p2|LT94JE PZZ|1|1804
|teamsize|p1|6
|teamsize|p2|6
|gen|8
|tier|[Gen 8] OU
|rated|
|rule|Sleep Clause Mod: Limit one foe put to sleep
|rule|Species Clause: Limit one of each Pokémon
|rule|OHKO Clause: OHKO moves are banned
|rule|Evasion Items Clause: Evasion items are banned
|rule|Evasion Moves Clause: Evasion moves are banned
|rule|Endless Battle Clause: Forcing endless battles is banned
|rule|HP Percentage Mod: HP is shown in percentages
|rule|Dynamax Clause: You cannot dynamax
|clearpoke
|poke|p1|Mew|
|poke|p1|Weavile, F|
|poke|p1|Celesteela|
|poke|p1|Crawdaunt, F|
|poke|p1|Garchomp, M|
|poke|p1|Blacephalon|
|poke|p2|Tapu Fini|
|poke|p2|Weavile, M|
|poke|p2|Landorus-Therian, M|
|poke|p2|Melmetal|
|poke|p2|Zapdos|
|poke|p2|Buzzwole|
|teampreview
|inactive|Battle timer is ON: inactive players will automatically lose when time's up. (requested by LT94JE PZZ)
|c|☆LT94JE PZZ|damn you really tilted
|c|☆LT94JE PZZ|unfort
|c|☆return nirvana|ye i raged last night
|c|☆LT94JE PZZ|I just remember you were at 1900s yesterday
|c|☆return nirvana|i was 1600s earlier
|c|☆LT94JE PZZ|ouch
|c|☆return nirvana|i was 2030 lmao
|c|☆LT94JE PZZ|gl hf
|c|☆return nirvana|u2
|inactive|return nirvana has 120 seconds left.
|
|t:|1661656661
|start
|switch|p1a: Crawdaunt|Crawdaunt, F, shiny|100/100
|switch|p2a: Weavile|Weavile, M|100/100
|-ability|p2a: Weavile|Pressure
|turn|1
|
|t:|1661656669
|switch|p2a: Tapu Fini|Tapu Fini|100/100
|-fieldstart|move: Misty Terrain|[from] ability: Misty Surge|[of] p2a: Tapu Fini
|move|p1a: Crawdaunt|Knock Off|p2a: Tapu Fini
|-resisted|p2a: Tapu Fini
|-damage|p2a: Tapu Fini|69/100
|-enditem|p2a: Tapu Fini|Leftovers|[from] move: Knock Off|[of] p1a: Crawdaunt
|-damage|p1a: Crawdaunt|91/100|[from] item: Life Orb
|
|upkeep
|turn|2
|
|t:|1661656673
|switch|p2a: Weavile|Weavile, M|100/100
|-ability|p2a: Weavile|Pressure
|move|p1a: Crawdaunt|Crabhammer|p2a: Weavile
|-crit|p2a: Weavile
|-damage|p2a: Weavile|0 fnt
|faint|p2a: Weavile
|-damage|p1a: Crawdaunt|81/100|[from] item: Life Orb
|
|upkeep
|c|☆LT94JE PZZ|shit
|
|t:|1661656685
|switch|p2a: Tapu Fini|Tapu Fini|69/100
|turn|3
|
|t:|1661656689
|switch|p1a: Mew|Mew, shiny|100/100
|move|p2a: Tapu Fini|Moonblast|p1a: Mew
|-damage|p1a: Mew|73/100
|-unboost|p1a: Mew|spa|1
|
|upkeep
|turn|4
|
|t:|1661656697
|move|p1a: Mew|Stealth Rock|p2a: Tapu Fini
|-sidestart|p2: LT94JE PZZ|move: Stealth Rock
|move|p2a: Tapu Fini|Nature's Madness|p1a: Mew
|-damage|p1a: Mew|37/100
|
|upkeep
|turn|5
|
|t:|1661656706
|switch|p2a: Melmetal|Melmetal|100/100
|-damage|p2a: Melmetal|94/100|[from] Stealth Rock
|move|p1a: Mew|Spikes|p2a: Melmetal
|-sidestart|p2: LT94JE PZZ|Spikes
|
|-heal|p2a: Melmetal|100/100|[from] item: Leftovers
|-fieldend|Misty Terrain
|upkeep
|turn|6
|
|t:|1661656712
|move|p1a: Mew|Will-O-Wisp|p2a: Melmetal
|-status|p2a: Melmetal|brn
|move|p2a: Melmetal|Double Iron Bash|p1a: Mew
|-damage|p1a: Mew|21/100
|-damage|p1a: Mew|6/100
|-hitcount|p1a: Mew|2
|
|-damage|p2a: Melmetal|94/100 brn|[from] brn
|upkeep
|turn|7
|
|t:|1661656715
|move|p1a: Mew|Spikes|p2a: Melmetal
|-sidestart|p2: LT94JE PZZ|Spikes
|move|p2a: Melmetal|Double Iron Bash|p1a: Mew
|-damage|p1a: Mew|0 fnt
|faint|p1a: Mew
|-hitcount|p1: Mew|1
|
|-heal|p2a: Melmetal|100/100 brn|[from] item: Leftovers
|-damage|p2a: Melmetal|94/100 brn|[from] brn
|upkeep
|
|t:|1661656719
|switch|p1a: Celesteela|Celesteela, shiny|100/100
|turn|8
|
|t:|1661656722
|switch|p2a: Zapdos|Zapdos|100/100
|move|p1a: Celesteela|Autotomize|p1a: Celesteela
|-boost|p1a: Celesteela|spe|2
|-start|p1a: Celesteela|Autotomize
|
|upkeep
|turn|9
|
|t:|1661656727
|switch|p2a: Melmetal|Melmetal|94/100 brn
|-damage|p2a: Melmetal|88/100 brn|[from] Stealth Rock
|-damage|p2a: Melmetal|72/100 brn|[from] Spikes
|move|p1a: Celesteela|Meteor Beam||[still]
|-prepare|p1a: Celesteela|Meteor Beam
|-boost|p1a: Celesteela|spa|1
|-enditem|p1a: Celesteela|Power Herb
|-anim|p1a: Celesteela|Meteor Beam|p2a: Melmetal
|-resisted|p2a: Melmetal
|-damage|p2a: Melmetal|50/100 brn
|
|-heal|p2a: Melmetal|56/100 brn|[from] item: Leftovers
|-damage|p2a: Melmetal|50/100 brn|[from] brn
|upkeep
|turn|10
|
|t:|1661656735
|move|p1a: Celesteela|Flamethrower|p2a: Melmetal
|-supereffective|p2a: Melmetal
|-damage|p2a: Melmetal|0 fnt
|faint|p2a: Melmetal
|-ability|p1a: Celesteela|Beast Boost|boost
|-boost|p1a: Celesteela|spa|1
|
|upkeep
|
|t:|1661656738
|switch|p2a: Zapdos|Zapdos|100/100
|turn|11
|
|t:|1661656741
|move|p1a: Celesteela|Flamethrower|p2a: Zapdos
|-damage|p2a: Zapdos|29/100
|move|p2a: Zapdos|Volt Switch|p1a: Celesteela
|-supereffective|p1a: Celesteela
|-crit|p1a: Celesteela
|-damage|p1a: Celesteela|0 fnt
|faint|p1a: Celesteela
|
|t:|1661656764
|switch|p2a: Landorus|Landorus-Therian, M|100/100|[from]move: Volt Switch
|-damage|p2a: Landorus|88/100|[from] Stealth Rock
|
|-heal|p2a: Landorus|94/100|[from] item: Leftovers
|upkeep
|
|t:|1661656767
|switch|p1a: Weavile|Weavile, F, shiny|100/100
|-ability|p1a: Weavile|Pressure
|turn|12
|
|t:|1661656775
|move|p1a: Weavile|Triple Axel|p2a: Landorus
|-supereffective|p2a: Landorus
|-damage|p2a: Landorus|40/100
|-supereffective|p2a: Landorus
|-damage|p2a: Landorus|0 fnt
|faint|p2a: Landorus
|-hitcount|p2: Landorus|2
|-damage|p1a: Weavile|91/100|[from] item: Life Orb
|
|upkeep
|c|☆LT94JE PZZ|where's my dodge
|j| ripreckful
|c|☆LT94JE PZZ|gg
|c|☆return nirvana|gg
|-message|LT94JE PZZ forfeited.
|
|win|return nirvana
|raw|return nirvana's rating: 1771 &rarr; <strong>1793</strong><br />(+22 for winning)
|raw|LT94JE PZZ's rating: 1804 &rarr; <strong>1782</strong><br />(-22 for losing)
|l|☆LT94JE PZZ
