|j|‽Omari P alt
|j|☆cump7
|t:|1666979470
|gametype|singles
|player|p1|Omari P alt|pokemonrangerf|1707
|player|p2|cump7|schoolkid-gen4|1697
|teamsize|p1|6
|teamsize|p2|6
|gen|8
|tier|[Gen 8] OU
|rated|
|rule|Sleep Clause Mod: Limit one foe put to sleep
|rule|Species Clause: Limit one of each Pokémon
|rule|OHKO Clause: OHKO moves are banned
|rule|Evasion Items Clause: Evasion items are banned
|rule|Evasion Moves Clause: Evasion moves are banned
|rule|Endless Battle Clause: Forcing endless battles is banned
|rule|HP Percentage Mod: HP is shown in percentages
|rule|Dynamax Clause: You cannot dynamax
|clearpoke
|poke|p1|Porygon-Z|
|poke|p1|Tapu Lele|
|poke|p1|Darmanitan, F|
|poke|p1|Mandibuzz, F|
|poke|p1|Nidoking, M|
|poke|p1|Dragapult, F|
|poke|p2|Seismitoad, M|
|poke|p2|Dragonite, F|
|poke|p2|Umbreon, F|
|poke|p2|Melmetal|
|poke|p2|Magnezone|
|poke|p2|Tapu Lele|
|teampreview
|c|☆cump7|hf
|j| Le Herbo
|
|t:|1666979494
|start
|switch|p1a: Porygon-Z|Porygon-Z, shiny|100/100
|switch|p2a: Melmetal|Melmetal|100/100
|turn|1
|
|t:|1666979515
|switch|p1a: Mandibuzz|Mandibuzz, F, shiny|100/100
|move|p2a: Melmetal|Toxic|p1a: Mandibuzz
|-status|p1a: Mandibuzz|tox
|
|-damage|p1a: Mandibuzz|94/100 tox|[from] psn
|upkeep
|turn|2
|
|t:|1666979520
|switch|p1a: Porygon-Z|Porygon-Z, shiny|100/100
|move|p2a: Melmetal|Protect||[still]
|-fail|p2a: Melmetal
|
|upkeep
|turn|3
|
|t:|1666979522
|switch|p1a: Nidoking|Nidoking, M, shiny|100/100
|move|p2a: Melmetal|Toxic|p1a: Nidoking
|-immune|p1a: Nidoking
|
|upkeep
|turn|4
|
|t:|1666979527
|switch|p2a: Seismitoad|Seismitoad, M|100/100
|move|p1a: Nidoking|Earth Power|p2a: Seismitoad
|-damage|p2a: Seismitoad|63/100
|
|-heal|p2a: Seismitoad|69/100|[from] item: Leftovers
|upkeep
|turn|5
|
|t:|1666979529
|move|p1a: Nidoking|Earth Power|p2a: Seismitoad
|-crit|p2a: Seismitoad
|-damage|p2a: Seismitoad|19/100
|move|p2a: Seismitoad|Earthquake|p1a: Nidoking
|-supereffective|p1a: Nidoking
|-damage|p1a: Nidoking|11/100
|
|-heal|p2a: Seismitoad|25/100|[from] item: Leftovers
|upkeep
|turn|6
|
|t:|1666979537
|move|p1a: Nidoking|Earth Power|p2a: Seismitoad
|-damage|p2a: Seismitoad|0 fnt
|faint|p2a: Seismitoad
|
|upkeep
|
|t:|1666979541
|switch|p2a: Tapu Lele|Tapu Lele, shiny|100/100
|-fieldstart|move: Psychic Terrain|[from] ability: Psychic Surge|[of] p2a: Tapu Lele
|turn|7
|
|t:|1666979549
|move|p2a: Tapu Lele|Moonblast|p1a: Nidoking
|-resisted|p1a: Nidoking
|-damage|p1a: Nidoking|0 fnt
|faint|p1a: Nidoking
|
|upkeep
|
|t:|1666979551
|switch|p1a: Darmanitan|Darmanitan, F|100/100
|turn|8
|
|t:|1666979562
|switch|p2a: Dragonite|Dragonite, F|100/100
|move|p1a: Darmanitan|Flare Blitz|p2a: Dragonite
|-resisted|p2a: Dragonite
|-damage|p2a: Dragonite|81/100
|-damage|p1a: Darmanitan|93/100|[from] Recoil
|
|upkeep
|turn|9
|
|t:|1666979567
|move|p1a: Darmanitan|Toxic|p2a: Dragonite
|-status|p2a: Dragonite|tox
|move|p2a: Dragonite|Earthquake|p1a: Darmanitan
|-supereffective|p1a: Darmanitan
|-damage|p1a: Darmanitan|4/100
|
|-damage|p2a: Dragonite|75/100 tox|[from] psn
|upkeep
|turn|10
|l| Le Herbo
|
|t:|1666979572
|switch|p2a: Magnezone|Magnezone, shiny|100/100
|move|p1a: Darmanitan|Rock Slide|p2a: Magnezone
|-resisted|p2a: Magnezone
|-damage|p2a: Magnezone|83/100
|
|upkeep
|turn|11
|
|t:|1666979577
|switch|p2a: Dragonite|Dragonite, F|75/100 tox
|move|p1a: Darmanitan|Flare Blitz|p2a: Dragonite
|-resisted|p2a: Dragonite
|-damage|p2a: Dragonite|38/100 tox
|-damage|p1a: Darmanitan|0 fnt|[from] Recoil
|faint|p1a: Darmanitan
|
|-damage|p2a: Dragonite|31/100 tox|[from] psn
|-fieldend|move: Psychic Terrain
|upkeep
|
|t:|1666979583
|switch|p1a: Porygon-Z|Porygon-Z, shiny|100/100
|turn|12
|
|t:|1666979587
|switch|p2a: Melmetal|Melmetal|100/100
|move|p1a: Porygon-Z|Nasty Plot|p1a: Porygon-Z
|-boost|p1a: Porygon-Z|spa|2
|
|upkeep
|turn|13
|
|t:|1666979592
|move|p1a: Porygon-Z|Hyper Beam|p2a: Melmetal
|-resisted|p2a: Melmetal
|-damage|p2a: Melmetal|0 fnt
|-mustrecharge|p1a: Porygon-Z
|faint|p2a: Melmetal
|-damage|p1a: Porygon-Z|91/100|[from] item: Life Orb
|
|upkeep
|
|t:|1666979601
|switch|p2a: Tapu Lele|Tapu Lele, shiny|100/100
|-fieldstart|move: Psychic Terrain|[from] ability: Psychic Surge|[of] p2a: Tapu Lele
|turn|14
|
|t:|1666979603
|move|p2a: Tapu Lele|Moonblast|p1a: Porygon-Z
|-damage|p1a: Porygon-Z|11/100
|cant|p1a: Porygon-Z|recharge
|
|upkeep
|turn|15
|
|t:|1666979607
|switch|p1a: Mandibuzz|Mandibuzz, F, shiny|94/100 tox
|move|p2a: Tapu Lele|Moonblast|p1a: Mandibuzz
|-supereffective|p1a: Mandibuzz
|-damage|p1a: Mandibuzz|0 fnt
|faint|p1a: Mandibuzz
|
|upkeep
|
|t:|1666979608
|switch|p1a: Tapu Lele|Tapu Lele|100/100
|turn|16
|
|t:|1666979611
|switch|p2a: Dragonite|Dragonite, F|31/100 tox
|move|p1a: Tapu Lele|Moonblast|p2a: Dragonite
|-supereffective|p2a: Dragonite
|-damage|p2a: Dragonite|0 fnt
|faint|p2a: Dragonite
|
|upkeep
|
|t:|1666979613
|switch|p2a: Magnezone|Magnezone, shiny|83/100
|turn|17
|
|t:|1666979615
|switch|p1a: Porygon-Z|Porygon-Z, shiny|11/100
|move|p2a: Magnezone|Thunderbolt|p1a: Porygon-Z
|-damage|p1a: Porygon-Z|0 fnt
|faint|p1a: Porygon-Z
|
|upkeep
|
|t:|1666979619
|switch|p1a: Dragapult|Dragapult, F|100/100
|turn|18
|
|t:|1666979620
|switch|p2a: Umbreon|Umbreon, F, shiny|100/100
|move|p1a: Dragapult|Dragon Dance|p1a: Dragapult
|-boost|p1a: Dragapult|atk|1
|-boost|p1a: Dragapult|spe|1
|
|-fieldend|move: Psychic Terrain
|upkeep
|turn|19
|
|t:|1666979623
|switch|p1a: Tapu Lele|Tapu Lele|100/100
|-fieldstart|move: Psychic Terrain|[from] ability: Psychic Surge|[of] p1a: Tapu Lele
|move|p2a: Umbreon|Foul Play|p1a: Tapu Lele
|-damage|p1a: Tapu Lele|65/100
|
|upkeep
|turn|20
|
|t:|1666979625
|move|p2a: Umbreon|Protect|p2a: Umbreon
|-singleturn|p2a: Umbreon|Protect
|move|p1a: Tapu Lele|Magic Room|p1a: Tapu Lele
|-fieldstart|move: Magic Room|[of] p1a: Tapu Lele
|
|upkeep
|turn|21
|c|☆cump7|whoa
|c|☆cump7|swag
|
|t:|1666979640
|switch|p2a: Magnezone|Magnezone, shiny|83/100
|move|p1a: Tapu Lele|Moonblast|p2a: Magnezone
|-resisted|p2a: Magnezone
|-damage|p2a: Magnezone|52/100
|
|upkeep
|turn|22
|
|t:|1666979642
|move|p1a: Tapu Lele|Focus Blast|p2a: Magnezone
|-supereffective|p2a: Magnezone
|-damage|p2a: Magnezone|0 fnt
|faint|p2a: Magnezone
|
|upkeep
|
|t:|1666979647
|switch|p2a: Tapu Lele|Tapu Lele, shiny|100/100
|turn|23
|
|t:|1666979648
|move|p2a: Tapu Lele|Moonblast|p1a: Tapu Lele
|-damage|p1a: Tapu Lele|8/100
|move|p1a: Tapu Lele|Moonblast|p2a: Tapu Lele
|-damage|p2a: Tapu Lele|44/100
|
|-fieldend|move: Psychic Terrain
|upkeep
|turn|24
|
|t:|1666979656
|switch|p2a: Umbreon|Umbreon, F, shiny|100/100
|move|p1a: Tapu Lele|Moonblast|p2a: Umbreon
|-supereffective|p2a: Umbreon
|-damage|p2a: Umbreon|25/100
|
|-fieldend|move: Magic Room|[of] p1a: Tapu Lele
|upkeep
|turn|25
|
|t:|1666979667
|move|p1a: Tapu Lele|Magic Room|p1a: Tapu Lele
|-fieldstart|move: Magic Room|[of] p1a: Tapu Lele
|move|p2a: Umbreon|Wish|p2a: Umbreon
|
|upkeep
|turn|26
|
|t:|1666979670
|move|p2a: Umbreon|Protect|p2a: Umbreon
|-singleturn|p2a: Umbreon|Protect
|move|p1a: Tapu Lele|Moonblast|p2a: Umbreon
|-activate|p2a: Umbreon|move: Protect
|
|-heal|p2a: Umbreon|75/100|[from] move: Wish|[wisher] Umbreon
|upkeep
|turn|27
|
|t:|1666979672
|move|p1a: Tapu Lele|Moonblast|p2a: Umbreon
|-supereffective|p2a: Umbreon
|-damage|p2a: Umbreon|0 fnt
|faint|p2a: Umbreon
|
|upkeep
|
|t:|1666979674
|switch|p2a: Tapu Lele|Tapu Lele, shiny|44/100
|-fieldstart|move: Psychic Terrain|[from] ability: Psychic Surge|[of] p2a: Tapu Lele
|turn|28
|
|t:|1666979676
|move|p1a: Tapu Lele|Moonblast|p2a: Tapu Lele
|-damage|p2a: Tapu Lele|0 fnt
|faint|p2a: Tapu Lele
|
|win|Omari P alt
|raw|Omari P alt's rating: 1707 &rarr; <strong>1726</strong><br />(+19 for winning)
|raw|cump7's rating: 1697 &rarr; <strong>1678</strong><br />(-19 for losing)
|c|☆cump7|gg
||Ladder isn't responding, score probably updated but might not have (Request timeout).
