|raw|<div class="broadcast-blue"><strong>This battle is required to be public due to a player having a name starting with 'lt94je'.</div>
|j|☆LT94JE Insurgencia
|j|☆return nirvana
|t:|1661657744
|gametype|singles
|player|p1|LT94JE Insurgencia|ingo|1758
|player|p2|return nirvana|cynthia-masters2|1827
|teamsize|p1|6
|teamsize|p2|6
|gen|8
|tier|[Gen 8] OU
|rated|
|rule|Sleep Clause Mod: Limit one foe put to sleep
|rule|Species Clause: Limit one of each Pokémon
|rule|OHKO Clause: OHKO moves are banned
|rule|Evasion Items Clause: Evasion items are banned
|rule|Evasion Moves Clause: Evasion moves are banned
|rule|Endless Battle Clause: Forcing endless battles is banned
|rule|HP Percentage Mod: HP is shown in percentages
|rule|Dynamax Clause: You cannot dynamax
|clearpoke
|poke|p1|Magnezone|
|poke|p1|Garchomp, M|
|poke|p1|Tornadus-Therian, M|
|poke|p1|Clefable, M|
|poke|p1|Slowbro, F|
|poke|p1|Melmetal|
|poke|p2|Mew|
|poke|p2|Weavile, M|
|poke|p2|Celesteela|
|poke|p2|Crawdaunt, F|
|poke|p2|Garchomp, F|
|poke|p2|Blacephalon|
|teampreview
|j| MeaslyMamo
|c| MeaslyMamo|gl
|
|t:|1661657799
|start
|switch|p1a: Magnezone|Magnezone|100/100
|switch|p2a: Mew|Mew, shiny|100/100
|turn|1
|
|t:|1661657806
|move|p2a: Mew|Will-O-Wisp|p1a: Magnezone
|-status|p1a: Magnezone|brn
|move|p1a: Magnezone|Discharge|p2a: Mew
|-damage|p2a: Mew|74/100
|
|-damage|p1a: Magnezone|94/100 brn|[from] brn
|upkeep
|turn|2
|
|t:|1661657814
|move|p2a: Mew|Spikes|p1a: Magnezone
|-sidestart|p1: LT94JE Insurgencia|Spikes
|move|p1a: Magnezone|Toxic||[still]
|-status|p2a: Mew|tox
|-activate|p2a: Mew|ability: Synchronize
|-fail|p2a: Mew
|
|-heal|p1a: Magnezone|100/100 brn|[from] item: Leftovers
|-damage|p2a: Mew|68/100 tox|[from] psn
|-damage|p1a: Magnezone|94/100 brn|[from] brn
|upkeep
|turn|3
|
|t:|1661657816
|move|p2a: Mew|Stealth Rock|p1a: Magnezone
|-sidestart|p1: LT94JE Insurgencia|move: Stealth Rock
|move|p1a: Magnezone|Discharge|p2a: Mew
|-damage|p2a: Mew|38/100 tox
|
|-heal|p1a: Magnezone|100/100 brn|[from] item: Leftovers
|-damage|p2a: Mew|25/100 tox|[from] psn
|-damage|p1a: Magnezone|94/100 brn|[from] brn
|upkeep
|turn|4
|
|t:|1661657818
|switch|p1a: Tornadus|Tornadus-Therian, M|100/100
|move|p2a: Mew|Explosion|p1a: Tornadus
|-damage|p1a: Tornadus|41/100
|faint|p2a: Mew
|
|upkeep
|
|t:|1661657828
|switch|p2a: Blacephalon|Blacephalon, shiny|100/100
|turn|5
|
|t:|1661657833
|switch|p1a: Clefable|Clefable, M|100/100
|move|p2a: Blacephalon|Shadow Ball|p1a: Clefable
|-damage|p1a: Clefable|53/100
|
|upkeep
|turn|6
|
|t:|1661657839
|move|p2a: Blacephalon|Shadow Ball|p1a: Clefable
|-damage|p1a: Clefable|6/100
|-unboost|p1a: Clefable|spd|1
|move|p1a: Clefable|Knock Off|p2a: Blacephalon
|-supereffective|p2a: Blacephalon
|-damage|p2a: Blacephalon|24/100
|-enditem|p2a: Blacephalon|Choice Scarf|[from] move: Knock Off|[of] p1a: Clefable
|
|upkeep
|turn|7
|l| MeaslyMamo
|
|t:|1661657847
|move|p2a: Blacephalon|Flamethrower|p1a: Clefable
|-damage|p1a: Clefable|0 fnt
|faint|p1a: Clefable
|-ability|p2a: Blacephalon|Beast Boost|boost
|-boost|p2a: Blacephalon|spa|1
|
|upkeep
|
|t:|1661657848
|switch|p1a: Tornadus|Tornadus-Therian, M|74/100
|turn|8
|
|t:|1661657853
|move|p1a: Tornadus|Heat Wave|p2a: Blacephalon
|-resisted|p2a: Blacephalon
|-damage|p2a: Blacephalon|4/100
|move|p2a: Blacephalon|Flamethrower|p1a: Tornadus
|-damage|p1a: Tornadus|0 fnt
|faint|p1a: Tornadus
|-ability|p2a: Blacephalon|Beast Boost|boost
|-boost|p2a: Blacephalon|spa|1
|
|upkeep
|c|☆LT94JE Insurgencia|p sad
|c|☆LT94JE Insurgencia|im not knock
|-message|LT94JE Insurgencia forfeited.
|
|win|return nirvana
|raw|LT94JE Insurgencia's rating: 1758 &rarr; <strong>1742</strong><br />(-16 for losing)
|raw|return nirvana's rating: 1827 &rarr; <strong>1843</strong><br />(+16 for winning)
|l|☆LT94JE Insurgencia
