|j|☆Elite4Donovan
|j|☆comfey guy
|t:|1651557371
|gametype|singles
|player|p1|Elite4Donovan|lucas|1764
|player|p2|comfey guy|janitor|1719
|teamsize|p1|6
|teamsize|p2|6
|gen|8
|tier|[Gen 8] OU
|rated|
|rule|Sleep Clause Mod: Limit one foe put to sleep
|rule|Species Clause: Limit one of each Pokémon
|rule|OHKO Clause: OHKO moves are banned
|rule|Evasion Moves Clause: Evasion moves are banned
|rule|Endless Battle Clause: Forcing endless battles is banned
|rule|HP Percentage Mod: HP is shown in percentages
|rule|Dynamax Clause: You cannot dynamax
|clearpoke
|poke|p1|Wishiwashi, M|
|poke|p1|Landorus-Therian, M|
|poke|p1|Dragapult, F|
|poke|p1|Kartana|
|poke|p1|Ferrothorn, M|
|poke|p1|Victini|
|poke|p2|Diggersby, F|
|poke|p2|Dragapult, F|
|poke|p2|Magnezone|
|poke|p2|Moltres|
|poke|p2|Slowking, M|
|poke|p2|Tapu Bulu|
|teampreview
|c|☆comfey guy|whatttt
|c|☆comfey guy|daddy wish is here
|c|☆comfey guy|love it
|
|t:|1651557409
|start
|switch|p1a: Kartana|Kartana|100/100
|switch|p2a: Dragapult|Dragapult, F|100/100
|turn|1
|j| Roboris
|
|t:|1651557417
|switch|p2a: Moltres|Moltres|100/100
|switch|p1a: Wishiwashi|Wishiwashi, M|100/100
|-formechange|p1a: Wishiwashi|Wishiwashi-School||[from] ability: Schooling
|
|upkeep
|turn|2
|j| Fart Stinky
|j| ffluent
|j| dieMoldau
|j| Finnyiii
|
|t:|1651557428
|move|p2a: Moltres|Mystical Fire|p1a: Wishiwashi
|-resisted|p1a: Wishiwashi
|-damage|p1a: Wishiwashi|86/100
|-unboost|p1a: Wishiwashi|spa|1
|move|p1a: Wishiwashi|Beat Up|p2a: Moltres
|-damage|p2a: Moltres|91/100
|-damage|p2a: Moltres|82/100
|-damage|p2a: Moltres|73/100
|-damage|p2a: Moltres|62/100
|-damage|p2a: Moltres|54/100
|-damage|p2a: Moltres|47/100
|-hitcount|p2a: Moltres|6
|
|upkeep
|turn|3
|c| Fart Stinky|wishiwasdhi i love it
|c|☆comfey guy|excuse me
|c|☆comfey guy|lol
|
|t:|1651557466
|move|p2a: Moltres|Roost|p2a: Moltres
|-heal|p2a: Moltres|97/100
|-singleturn|p2a: Moltres|move: Roost
|move|p1a: Wishiwashi|Beat Up|p2a: Moltres
|-damage|p2a: Moltres|87/100
|-damage|p2a: Moltres|78/100
|-damage|p2a: Moltres|68/100
|-damage|p2a: Moltres|57/100
|-damage|p2a: Moltres|50/100
|-damage|p2a: Moltres|43/100
|-hitcount|p2a: Moltres|6
|
|upkeep
|turn|4
|c| Fart Stinky|i love wishiwashi
|
|t:|1651557483
|switch|p2a: comf|Tapu Bulu|100/100
|-fieldstart|move: Grassy Terrain|[from] ability: Grassy Surge|[of] p2a: comf
|move|p1a: Wishiwashi|Beat Up|p2a: comf
|-resisted|p2a: comf
|-damage|p2a: comf|94/100
|-resisted|p2a: comf
|-damage|p2a: comf|88/100
|-resisted|p2a: comf
|-damage|p2a: comf|82/100
|-resisted|p2a: comf
|-crit|p2a: comf
|-damage|p2a: comf|70/100
|-resisted|p2a: comf
|-damage|p2a: comf|65/100
|-resisted|p2a: comf
|-damage|p2a: comf|61/100
|-hitcount|p2a: comf|6
|
|-heal|p2a: comf|67/100|[from] Grassy Terrain
|-heal|p1a: Wishiwashi|92/100|[from] Grassy Terrain
|upkeep
|turn|5
|l| Roboris
|
|t:|1651557500
|switch|p1a: Ferrothorn|Ferrothorn, M|100/100
|move|p2a: comf|Swords Dance|p2a: comf
|-boost|p2a: comf|atk|2
|
|-heal|p2a: comf|73/100|[from] Grassy Terrain
|upkeep
|turn|6
|
|t:|1651557504
|switch|p1a: Dragapult|Dragapult, F|100/100
|move|p2a: comf|Superpower|p1a: Dragapult
|-immune|p1a: Dragapult
|
|-heal|p2a: comf|79/100|[from] Grassy Terrain
|upkeep
|turn|7
|j| Roboris
|
|t:|1651557509
|move|p1a: Dragapult|Flamethrower|p2a: comf
|-supereffective|p2a: comf
|-damage|p2a: comf|0 fnt
|faint|p2a: comf
|
|upkeep
|
|t:|1651557518
|switch|p2a: Slowking|Slowking, M|100/100
|turn|8
|
|t:|1651557520
|switch|p1a: Wishiwashi|Wishiwashi, M|92/100
|-formechange|p1a: Wishiwashi|Wishiwashi-School||[from] ability: Schooling
|move|p2a: Slowking|Future Sight|p1a: Wishiwashi
|-start|p2a: Slowking|move: Future Sight
|
|-heal|p1a: Wishiwashi|98/100|[from] Grassy Terrain
|-fieldend|move: Grassy Terrain
|upkeep
|turn|9
|
|t:|1651557526
|switch|p2a: Magnezone|Magnezone|100/100
|move|p1a: Wishiwashi|Beat Up|p2a: Magnezone
|-damage|p2a: Magnezone|88/100
|-crit|p2a: Magnezone
|-damage|p2a: Magnezone|71/100
|-damage|p2a: Magnezone|62/100
|-damage|p2a: Magnezone|47/100
|-damage|p2a: Magnezone|36/100
|-damage|p2a: Magnezone|27/100
|-hitcount|p2a: Magnezone|6
|
|upkeep
|turn|10
|j| filthy xenos
|
|t:|1651557542
|switch|p1a: Victini|Victini|100/100
|move|p2a: Magnezone|Flash Cannon|p1a: Victini
|-resisted|p1a: Victini
|-damage|p1a: Victini|74/100
|-damage|p2a: Magnezone|17/100|[from] item: Life Orb
|
|-end|p1a: Victini|move: Future Sight
|-resisted|p1a: Victini
|-damage|p1a: Victini|51/100
|upkeep
|turn|11
|
|t:|1651557550
|switch|p2a: Slowking|Slowking, M|100/100
|move|p1a: Victini|Bolt Strike|p2a: Slowking|[miss]
|-miss|p1a: Victini|p2a: Slowking
|
|upkeep
|turn|12
|j| RobAmazing
|
|t:|1651557553
|move|p1a: Victini|Bolt Strike|p2a: Slowking
|-supereffective|p2a: Slowking
|-crit|p2a: Slowking
|-damage|p2a: Slowking|26/100
|-status|p2a: Slowking|par
|move|p2a: Slowking|Scald|p1a: Victini
|-supereffective|p1a: Victini
|-damage|p1a: Victini|0 fnt
|faint|p1a: Victini
|
|upkeep
|
|t:|1651557558
|switch|p1a: Wishiwashi|Wishiwashi, M|98/100
|-formechange|p1a: Wishiwashi|Wishiwashi-School||[from] ability: Schooling
|turn|13
|
|t:|1651557563
|move|p1a: Wishiwashi|Liquidation|p2a: Slowking
|-resisted|p2a: Slowking
|-damage|p2a: Slowking|0 fnt
|faint|p2a: Slowking
|
|upkeep
|
|t:|1651557568
|switch|p2a: Dragapult|Dragapult, F|100/100
|turn|14
|
|t:|1651557573
|switch|p1a: Ferrothorn|Ferrothorn, M|100/100
|move|p2a: Dragapult|Dragon Darts|p1a: Ferrothorn
|-resisted|p1a: Ferrothorn
|-damage|p1a: Ferrothorn|89/100
|-anim|p2a: Dragapult|Dragon Darts|p1a: Ferrothorn
|-resisted|p1a: Ferrothorn
|-damage|p1a: Ferrothorn|79/100
|
|-heal|p1a: Ferrothorn|85/100|[from] item: Leftovers
|upkeep
|turn|15
|
|t:|1651557580
|switch|p2a: Moltres|Moltres|43/100
|move|p1a: Ferrothorn|Knock Off|p2a: Moltres
|-damage|p2a: Moltres|26/100
|-enditem|p2a: Moltres|Heavy-Duty Boots|[from] move: Knock Off|[of] p1a: Ferrothorn
|
|-heal|p1a: Ferrothorn|91/100|[from] item: Leftovers
|upkeep
|turn|16
|
|t:|1651557586
|switch|p1a: Dragapult|Dragapult, F|100/100
|move|p2a: Moltres|Roost|p2a: Moltres
|-heal|p2a: Moltres|76/100
|-singleturn|p2a: Moltres|move: Roost
|
|upkeep
|turn|17
|j| DrJoeBroni
|
|t:|1651557589
|switch|p2a: Diggersby|Diggersby, F|100/100
|move|p1a: Dragapult|Draco Meteor|p2a: Diggersby
|-damage|p2a: Diggersby|26/100
|-unboost|p1a: Dragapult|spa|2
|-enditem|p2a: Diggersby|Sitrus Berry|[eat]
|-heal|p2a: Diggersby|51/100|[from] item: Sitrus Berry
|-heal|p2a: Diggersby|84/100|[from] ability: Cheek Pouch
|
|upkeep
|turn|18
|j| Voice625
|
|t:|1651557603
|switch|p1a: Wishiwashi|Wishiwashi, M|98/100
|-formechange|p1a: Wishiwashi|Wishiwashi-School||[from] ability: Schooling
|move|p2a: Diggersby|Spikes|p1a: Wishiwashi
|-sidestart|p1: Elite4Donovan|Spikes
|
|upkeep
|turn|19
|
|t:|1651557615
|move|p2a: Diggersby|U-turn|p1a: Wishiwashi
|-damage|p1a: Wishiwashi|88/100
|l| RobAmazing
|
|t:|1651557623
|switch|p2a: Dragapult|Dragapult, F|100/100|[from]move: U-turn
|move|p1a: Wishiwashi|Liquidation|p2a: Dragapult
|-resisted|p2a: Dragapult
|-damage|p2a: Dragapult|49/100
|
|upkeep
|turn|20
|
|t:|1651557632
|switch|p2a: Magnezone|Magnezone|17/100
|move|p1a: Wishiwashi|Liquidation|p2a: Magnezone
|-damage|p2a: Magnezone|0 fnt
|faint|p2a: Magnezone
|
|upkeep
|
|t:|1651557634
|switch|p2a: Dragapult|Dragapult, F|49/100
|turn|21
|
|t:|1651557636
|move|p2a: Dragapult|Dragon Darts|p1a: Wishiwashi
|-damage|p1a: Wishiwashi|49/100
|-anim|p2a: Dragapult|Dragon Darts|p1a: Wishiwashi
|-damage|p1a: Wishiwashi|4/100
|move|p1a: Wishiwashi|Liquidation|p2a: Dragapult
|-resisted|p2a: Dragapult
|-damage|p2a: Dragapult|0 fnt
|faint|p2a: Dragapult
|
|-formechange|p1a: Wishiwashi|Wishiwashi||[from] ability: Schooling
|upkeep
|-message|comfey guy forfeited.
|
|win|Elite4Donovan
|raw|Elite4Donovan's rating: 1764 &rarr; <strong>1781</strong><br />(+17 for winning)
|raw|comfey guy's rating: 1719 &rarr; <strong>1702</strong><br />(-17 for losing)
|l|☆comfey guy
|c|☆Elite4Donovan|gg
