|j|☆CrunchiesMD
|j|☆LolzMachine
|t:|1610635439
|player|p1|CrunchiesMD|youngn|1764
|player|p2|LolzMachine|294|1737
|teamsize|p1|6
|teamsize|p2|6
|gametype|singles
|gen|8
|tier|[Gen 8] OU
|rated|
|clearpoke
|poke|p1|Dragapult, F|
|poke|p1|Slowbro, M|
|poke|p1|Moltres|
|poke|p1|Melmetal|
|poke|p1|Tapu Lele|
|poke|p1|Blissey, F|
|poke|p2|Blaziken, M|
|poke|p2|Garchomp, M|
|poke|p2|Salamence, F|
|poke|p2|Melmetal|
|poke|p2|Zarude|
|poke|p2|Regieleki|
|rule|Sleep Clause Mod: Limit one foe put to sleep
|rule|Species Clause: Limit one of each Pokémon
|rule|OHKO Clause: OHKO moves are banned
|rule|Evasion Moves Clause: Evasion moves are banned
|rule|Endless Battle Clause: Forcing endless battles is banned
|rule|HP Percentage Mod: HP is shown in percentages
|rule|Dynamax Clause: You cannot dynamax
|teampreview
|
|t:|1610635448
|start
|switch|p1a: Tapu Lele|Tapu Lele|100/100
|switch|p2a: Regieleki|Regieleki|100/100
|-fieldstart|move: Psychic Terrain|[from] ability: Psychic Surge|[of] p1a: Tapu Lele
|turn|1
|
|t:|1610635453
|switch|p1a: Blissey|Blissey, F|100/100
|move|p2a: Regieleki|Volt Switch|p1a: Blissey
|-damage|p1a: Blissey|81/100
|
|t:|1610635456
|switch|p2a: Melmetal|Melmetal|100/100|[from]move: Volt Switch
|
|upkeep
|turn|2
|
|t:|1610635461
|switch|p1a: Moltres|Moltres|100/100
|move|p2a: Melmetal|Rock Slide|p1a: Moltres
|-supereffective|p1a: Moltres
|-damage|p1a: Moltres|0 fnt
|faint|p1a: Moltres
|
|upkeep
|
|t:|1610635467
|switch|p1a: Dragapult|Dragapult, F|100/100
|turn|3
|
|t:|1610635470
|move|p1a: Dragapult|Dragon Dance|p1a: Dragapult
|-boost|p1a: Dragapult|atk|1
|-boost|p1a: Dragapult|spe|1
|move|p2a: Melmetal|Rock Slide|p1a: Dragapult
|-damage|p1a: Dragapult|34/100
|
|upkeep
|turn|4
|
|t:|1610635476
|move|p1a: Dragapult|Phantom Force||[still]
|-prepare|p1a: Dragapult|Phantom Force
|move|p2a: Melmetal|Rock Slide|p1a: Dragapult|[miss]
|-miss|p2a: Melmetal|p1a: Dragapult
|
|upkeep
|turn|5
|
|t:|1610635478
|move|p1a: Dragapult|Phantom Force|p2a: Melmetal|[from]lockedmove
|-damage|p2a: Melmetal|47/100
|-damage|p1a: Dragapult|24/100|[from] item: Life Orb
|move|p2a: Melmetal|Rock Slide|p1a: Dragapult
|-damage|p1a: Dragapult|0 fnt
|faint|p1a: Dragapult
|
|-fieldend|move: Psychic Terrain
|upkeep
|
|t:|1610635483
|switch|p1a: Tapu Lele|Tapu Lele|100/100
|-fieldstart|move: Psychic Terrain|[from] ability: Psychic Surge|[of] p1a: Tapu Lele
|turn|6
|
|t:|1610635491
|move|p1a: Tapu Lele|Psychic|p2a: Melmetal
|-resisted|p2a: Melmetal
|-damage|p2a: Melmetal|0 fnt
|faint|p2a: Melmetal
|
|upkeep
|
|t:|1610635494
|switch|p2a: Zarude|Zarude|100/100
|turn|7
|
|t:|1610635496
|switch|p2a: Salamence|Salamence, F|100/100
|-ability|p2a: Salamence|Intimidate|boost
|-unboost|p1a: Tapu Lele|atk|1
|switch|p1a: Slowbro|Slowbro, M|100/100
|
|upkeep
|turn|8
|
|t:|1610635522
|move|p2a: Salamence|Hurricane|p1a: Slowbro
|-damage|p1a: Slowbro|36/100
|-start|p1a: Slowbro|confusion
|-damage|p2a: Salamence|91/100|[from] item: Life Orb
|-activate|p1a: Slowbro|confusion
|move|p1a: Slowbro|Future Sight|p2a: Salamence
|-start|p1a: Slowbro|move: Future Sight
|
|upkeep
|turn|9
|
|t:|1610635529
|switch|p1a: Blissey|Blissey, F|81/100
|move|p2a: Salamence|Outrage|p1a: Blissey
|-damage|p1a: Blissey|0 fnt
|-damage|p2a: Salamence|81/100|[from] item: Life Orb
|faint|p1a: Blissey
|
|upkeep
|j| TROIKAA
|
|t:|1610635537
|switch|p1a: Melmetal|Melmetal|100/100
|turn|10
|j| Johnnysam
|
|t:|1610635556
|move|p1a: Melmetal|Protect|p1a: Melmetal
|-singleturn|p1a: Melmetal|Protect
|move|p2a: Salamence|Outrage|p1a: Melmetal|[from]lockedmove
|-activate|p1a: Melmetal|move: Protect
|
|-end|p2a: Salamence|move: Future Sight
|-damage|p2a: Salamence|9/100
|-fieldend|move: Psychic Terrain
|upkeep
|turn|11
|
|t:|1610635565
|switch|p1a: Slowbro|Slowbro, M|70/100
|move|p2a: Salamence|Fire Blast|p1a: Slowbro
|-resisted|p1a: Slowbro
|-damage|p1a: Slowbro|46/100
|-status|p1a: Slowbro|brn
|-damage|p2a: Salamence|0 fnt|[from] item: Life Orb
|faint|p2a: Salamence
|
|-damage|p1a: Slowbro|40/100 brn|[from] brn
|upkeep
|l| Johnnysam
|
|t:|1610635604
|switch|p2a: Regieleki|Regieleki|100/100
|turn|12
|
|t:|1610635611
|move|p2a: Regieleki|Volt Switch|p1a: Slowbro
|-supereffective|p1a: Slowbro
|-damage|p1a: Slowbro|0 fnt
|faint|p1a: Slowbro
|j| epsilon_xd
|inactive|Battle timer is ON: inactive players will automatically lose when time's up. (requested by CrunchiesMD)
|j| Guho
|l| Guho
|
|t:|1610635659
|switch|p2a: Blaziken|Blaziken, M|100/100|[from]move: Volt Switch
|
|upkeep
|
|t:|1610635665
|switch|p1a: Tapu Lele|Tapu Lele|100/100
|-fieldstart|move: Psychic Terrain|[from] ability: Psychic Surge|[of] p1a: Tapu Lele
|turn|13
|
|t:|1610635677
|move|p1a: Tapu Lele|Moonblast|p2a: Blaziken
|-enditem|p2a: Blaziken|Focus Sash
|-damage|p2a: Blaziken|1/100
|move|p2a: Blaziken|Flare Blitz|p1a: Tapu Lele
|-damage|p1a: Tapu Lele|3/100
|-status|p1a: Tapu Lele|brn
|-damage|p2a: Blaziken|0 fnt|[from] Recoil
|faint|p2a: Blaziken
|
|-damage|p1a: Tapu Lele|0 fnt|[from] brn
|faint|p1a: Tapu Lele
|upkeep
|
|t:|1610635699
|switch|p1a: Melmetal|Melmetal|100/100
|switch|p2a: Garchomp|Garchomp, M|100/100
|turn|14
|
|t:|1610635704
|move|p2a: Garchomp|Earthquake|p1a: Melmetal
|-supereffective|p1a: Melmetal
|-damage|p1a: Melmetal|49/100
|move|p1a: Melmetal|Double Iron Bash|p2a: Garchomp
|-damage|p2a: Garchomp|65/100
|-damage|p1a: Melmetal|37/100|[from] ability: Rough Skin|[of] p2a: Garchomp
|-damage|p1a: Melmetal|20/100|[from] item: Rocky Helmet|[of] p2a: Garchomp
|-damage|p2a: Garchomp|26/100
|-damage|p1a: Melmetal|8/100|[from] ability: Rough Skin|[of] p2a: Garchomp
|-damage|p1a: Melmetal|0 fnt|[from] item: Rocky Helmet|[of] p2a: Garchomp
|-hitcount|p2a: Garchomp|2
|faint|p1a: Melmetal
|
|win|LolzMachine
|l|☆CrunchiesMD
|l| TROIKAA
||Ladder (probably) updated, but score could not be retrieved (Request timeout).
