|j|☆Alloutdragadarts
|j|☆A
|player|p1|Alloutdragadarts|benga|1544
|player|p2|A|clemont|1656
|teamsize|p1|6
|teamsize|p2|6
|gametype|singles
|gen|8
|tier|[Gen 8] OU
|rated|
|clearpoke
|poke|p1|Pelipper, M|
|poke|p1|Ferrothorn, M|
|poke|p1|Azumarill, M|
|poke|p1|Kingdra, M|
|poke|p1|Clefable, M|
|poke|p1|Drednaw, M|
|poke|p2|Chansey, F|
|poke|p2|Arcanine, F|
|poke|p2|Toxapex, F|
|poke|p2|Magearna|
|poke|p2|Kommo-o, M|
|poke|p2|Urshifu, F|
|rule|Sleep Clause Mod: Limit one foe put to sleep
|rule|Species Clause: Limit one of each Pokémon
|rule|OHKO Clause: OHKO moves are banned
|rule|Evasion Moves Clause: Evasion moves are banned
|rule|Endless Battle Clause: Forcing endless battles is banned
|rule|HP Percentage Mod: HP is shown in percentages
|rule|Dynamax Clause: You cannot dynamax
|teampreview
|inactive|Battle timer is ON: inactive players will automatically lose when time's up. (requested by A)
|
|start
|switch|p1a: Clefable|Clefable, M, shiny|100/100
|switch|p2a: cancer|Urshifu, F|100/100
|turn|1
|
|move|p2a: cancer|Iron Head|p1a: Clefable
|-supereffective|p1a: Clefable
|-damage|p1a: Clefable|8/100
|cant|p1a: Clefable|flinch
|
|-heal|p1a: Clefable|14/100|[from] item: Leftovers
|upkeep
|turn|2
|
|switch|p1a: Ferrothorn|Ferrothorn, M, shiny|100/100
|move|p2a: cancer|Iron Head|p1a: Ferrothorn
|-resisted|p1a: Ferrothorn
|-damage|p1a: Ferrothorn|89/100
|-damage|p2a: cancer|88/100|[from] ability: Iron Barbs|[of] p1a: Ferrothorn
|-damage|p2a: cancer|72/100|[from] item: Rocky Helmet|[of] p1a: Ferrothorn
|
|upkeep
|turn|3
|
|switch|p2a: cool laddy|Kommo-o, M|100/100
|move|p1a: Ferrothorn|Knock Off|p2a: cool laddy
|-resisted|p2a: cool laddy
|-damage|p2a: cool laddy|93/100
|-damage|p1a: Ferrothorn|73/100|[from] item: Rocky Helmet|[of] p2a: cool laddy
|-enditem|p2a: cool laddy|Rocky Helmet|[from] move: Knock Off|[of] p1a: Ferrothorn
|
|upkeep
|turn|4
|
|switch|p1a: Pelipper|Pelipper, M, shiny|100/100
|-weather|RainDance|[from] ability: Drizzle|[of] p1a: Pelipper
|move|p2a: cool laddy|Stealth Rock|p1a: Pelipper
|-sidestart|p1: Alloutdragadarts|move: Stealth Rock
|
|-weather|RainDance|[upkeep]
|upkeep
|turn|5
|
|switch|p2a: reverse alembic|Magearna|100/100
|move|p1a: Pelipper|Defog|p2a: reverse alembic
|-unboost|p2a: reverse alembic|evasion|1
|-sideend|p1: Alloutdragadarts|Stealth Rock|[from] move: Defog|[of] p1a: Pelipper
|
|-weather|RainDance|[upkeep]
|upkeep
|turn|6
|
|switch|p1a: Ferrothorn|Ferrothorn, M, shiny|73/100
|move|p2a: reverse alembic|Volt Switch|p1a: Ferrothorn
|-resisted|p1a: Ferrothorn
|-damage|p1a: Ferrothorn|64/100
|
|switch|p2a: cancer|Urshifu, F|72/100|[from]move: Volt Switch
|
|-weather|RainDance|[upkeep]
|upkeep
|turn|7
|
|switch|p1a: Clefable|Clefable, M, shiny|14/100
|move|p2a: cancer|Close Combat|p1a: Clefable
|-resisted|p1a: Clefable
|-damage|p1a: Clefable|0 fnt
|-unboost|p2a: cancer|def|1
|-unboost|p2a: cancer|spd|1
|faint|p1a: Clefable
|
|-weather|RainDance|[upkeep]
|upkeep
|
|switch|p1a: Drednaw|Drednaw, M, shiny|100/100
|turn|8
|
|switch|p1a: Ferrothorn|Ferrothorn, M, shiny|64/100
|switch|p2a: lamer than me|Toxapex, F|100/100
|
|-weather|RainDance|[upkeep]
|upkeep
|turn|9
|
|switch|p2a: cool laddy|Kommo-o, M|93/100
|move|p1a: Ferrothorn|Spikes|p2a: cool laddy
|-sidestart|p2: A|Spikes
|
|-weather|RainDance|[upkeep]
|upkeep
|turn|10
|
|move|p2a: cool laddy|Stealth Rock|p1a: Ferrothorn
|-sidestart|p1: Alloutdragadarts|move: Stealth Rock
|move|p1a: Ferrothorn|Spikes|p2a: cool laddy
|-sidestart|p2: A|Spikes
|
|-weather|RainDance|[upkeep]
|upkeep
|turn|11
|
|switch|p2a: gamer girl|Arcanine, F, shiny|100/100
|-ability|p2a: gamer girl|Intimidate|boost
|-unboost|p1a: Ferrothorn|atk|1
|move|p1a: Ferrothorn|Spikes|p2a: gamer girl
|-sidestart|p2: A|Spikes
|
|-weather|none
|upkeep
|turn|12
|
|switch|p1a: Pelipper|Pelipper, M, shiny|100/100
|-damage|p1a: Pelipper|75/100|[from] Stealth Rock
|-weather|RainDance|[from] ability: Drizzle|[of] p1a: Pelipper
|move|p2a: gamer girl|Teleport|p2a: gamer girl
|
|switch|p2a: cancer|Urshifu, F|72/100|[from]move: Teleport
|-damage|p2a: cancer|47/100|[from] Spikes
|
|-weather|RainDance|[upkeep]
|upkeep
|turn|13
|
|move|p2a: cancer|Wicked Blow|p1a: Pelipper
|-crit|p1a: Pelipper
|-damage|p1a: Pelipper|8/100
|move|p1a: Pelipper|U-turn|p2a: cancer
|-damage|p2a: cancer|39/100
|
|switch|p1a: Azumarill|Azumarill, M, shiny|100/100|[from]move: U-turn
|-damage|p1a: Azumarill|88/100|[from] Stealth Rock
|
|-weather|RainDance|[upkeep]
|upkeep
|turn|14
|
|switch|p2a: lamer than me|Toxapex, F|100/100
|-damage|p2a: lamer than me|75/100|[from] Spikes
|move|p1a: Azumarill|Belly Drum|p1a: Azumarill
|-damage|p1a: Azumarill|38/100
|-setboost|p1a: Azumarill|atk|6|[from] move: Belly Drum
|-enditem|p1a: Azumarill|Sitrus Berry|[eat]
|-heal|p1a: Azumarill|63/100|[from] item: Sitrus Berry
|
|-weather|RainDance|[upkeep]
|-heal|p2a: lamer than me|82/100|[from] item: Black Sludge
|upkeep
|turn|15
|
|switch|p2a: cancer|Urshifu, F|39/100
|-damage|p2a: cancer|14/100|[from] Spikes
|move|p1a: Azumarill|Knock Off|p2a: cancer
|-resisted|p2a: cancer
|-damage|p2a: cancer|0 fnt
|-enditem|p2a: cancer|Choice Band|[from] move: Knock Off|[of] p1a: Azumarill
|faint|p2a: cancer
|
|-weather|RainDance|[upkeep]
|upkeep
|
|switch|p2a: gamer girl|Arcanine, F, shiny|100/100
|-ability|p2a: gamer girl|Intimidate|boost
|-unboost|p1a: Azumarill|atk|1
|turn|16
|
|move|p2a: gamer girl|Will-O-Wisp|p1a: Azumarill
|-status|p1a: Azumarill|brn
|move|p1a: Azumarill|Knock Off|p2a: gamer girl
|-damage|p2a: gamer girl|41/100
|-enditem|p2a: gamer girl|Heavy-Duty Boots|[from] move: Knock Off|[of] p1a: Azumarill
|
|-weather|RainDance|[upkeep]
|-damage|p1a: Azumarill|57/100 brn|[from] brn
|upkeep
|turn|17
|
|switch|p2a: lamer than me|Toxapex, F|100/100
|-damage|p2a: lamer than me|75/100|[from] Spikes
|move|p1a: Azumarill|Aqua Jet|p2a: lamer than me
|-resisted|p2a: lamer than me
|-damage|p2a: lamer than me|57/100
|
|-weather|RainDance|[upkeep]
|-heal|p2a: lamer than me|63/100|[from] item: Black Sludge
|-damage|p1a: Azumarill|51/100 brn|[from] brn
|upkeep
|turn|18
|
|move|p1a: Azumarill|Knock Off|p2a: lamer than me
|-damage|p2a: lamer than me|19/100
|-enditem|p2a: lamer than me|Black Sludge|[from] move: Knock Off|[of] p1a: Azumarill
|move|p2a: lamer than me|Recover|p2a: lamer than me
|-heal|p2a: lamer than me|69/100
|
|-weather|RainDance|[upkeep]
|-damage|p1a: Azumarill|45/100 brn|[from] brn
|upkeep
|turn|19
|-message|Alloutdragadarts forfeited.
|
|win|A
|l|☆Alloutdragadarts
