|html|<div class="broadcast-blue"><strong>[Gen 8] OU is currently suspecting Melmetal! For information on how to participate check out the <a href="https://www.smogon.com/forums/threads/np-ss-ou-suspect-process-round-12-monster-mash.3709234/">suspect thread</a>.</strong></div>
|j|☆d18l
|j|☆PANDA EXPRESS HR
|t:|1666143914
|gametype|singles
|player|p1|d18l|backpacker|1632
|player|p2|PANDA EXPRESS HR|170|1653
|teamsize|p1|6
|teamsize|p2|6
|gen|8
|tier|[Gen 8] OU
|rated|
|rule|Sleep Clause Mod: Limit one foe put to sleep
|rule|Species Clause: Limit one of each Pokémon
|rule|OHKO Clause: OHKO moves are banned
|rule|Evasion Items Clause: Evasion items are banned
|rule|Evasion Moves Clause: Evasion moves are banned
|rule|Endless Battle Clause: Forcing endless battles is banned
|rule|HP Percentage Mod: HP is shown in percentages
|rule|Dynamax Clause: You cannot dynamax
|clearpoke
|poke|p1|Tapu Koko|
|poke|p1|Victini|
|poke|p1|Landorus-Therian, M|
|poke|p1|Tornadus-Therian, M|
|poke|p1|Rotom-Wash|
|poke|p1|Ferrothorn, F|
|poke|p2|Ninetales, M|
|poke|p2|Pelipper, M|
|poke|p2|Tyranitar, F|
|poke|p2|Polteageist|
|poke|p2|Landorus-Therian, M|
|poke|p2|Ferrothorn, F|
|teampreview
|
|t:|1666143930
|start
|switch|p1a: Tapu Koko|Tapu Koko|100/100
|switch|p2a: HEATED BLANKET|Ninetales, M|100/100
|-fieldstart|move: Electric Terrain|[from] ability: Electric Surge|[of] p1a: Tapu Koko
|-weather|SunnyDay|[from] ability: Drought|[of] p2a: HEATED BLANKET
|turn|1
|j| GalarianN00b3
|inactive|Battle timer is ON: inactive players will automatically lose when time's up. (requested by d18l)
|
|t:|1666143990
|move|p1a: Tapu Koko|Volt Switch|p2a: HEATED BLANKET
|-damage|p2a: HEATED BLANKET|38/100
|-enditem|p2a: HEATED BLANKET|Eject Button
|
|t:|1666143994
|switch|p2a: CARAMEL CREAM|Landorus-Therian, M|100/100
|-ability|p2a: CARAMEL CREAM|Intimidate|boost
|-unboost|p1a: Tapu Koko|atk|1
|
|-weather|SunnyDay|[upkeep]
|upkeep
|turn|2
|
|t:|1666144000
|switch|p1a: Landorus|Landorus-Therian, M|100/100
|-ability|p1a: Landorus|Intimidate|boost
|-unboost|p2a: CARAMEL CREAM|atk|1
|move|p2a: CARAMEL CREAM|U-turn|p1a: Landorus
|-resisted|p1a: Landorus
|-damage|p1a: Landorus|93/100
|
|t:|1666144016
|switch|p2a: PNEUMONIA|Pelipper, M|100/100|[from]move: U-turn
|-weather|RainDance|[from] ability: Drizzle|[of] p2a: PNEUMONIA
|
|-weather|RainDance|[upkeep]
|-heal|p1a: Landorus|99/100|[from] item: Leftovers
|upkeep
|turn|3
|
|t:|1666144020
|switch|p1a: Rotom|Rotom-Wash|100/100
|move|p2a: PNEUMONIA|Weather Ball|p1a: Rotom
|-resisted|p1a: Rotom
|-damage|p1a: Rotom|55/100
|
|-weather|RainDance|[upkeep]
|-heal|p1a: Rotom|61/100|[from] item: Leftovers
|upkeep
|turn|4
|
|t:|1666144026
|switch|p2a: MIXED VITAMINS|Tyranitar, F|100/100
|-weather|Sandstorm|[from] ability: Sand Stream|[of] p2a: MIXED VITAMINS
|move|p1a: Rotom|Volt Switch|p2a: MIXED VITAMINS
|-damage|p2a: MIXED VITAMINS|86/100
|
|t:|1666144034
|switch|p1a: Landorus|Landorus-Therian, M|99/100|[from]move: Volt Switch
|-ability|p1a: Landorus|Intimidate|boost
|-unboost|p2a: MIXED VITAMINS|atk|1
|
|-weather|Sandstorm|[upkeep]
|-heal|p1a: Landorus|100/100|[from] item: Leftovers
|upkeep
|turn|5
|
|t:|1666144037
|move|p1a: Landorus|U-turn|p2a: MIXED VITAMINS
|-supereffective|p2a: MIXED VITAMINS
|-damage|p2a: MIXED VITAMINS|51/100
|
|t:|1666144041
|switch|p1a: Ferrothorn|Ferrothorn, F|100/100|[from]move: U-turn
|move|p2a: MIXED VITAMINS|Ice Punch|p1a: Ferrothorn
|-damage|p1a: Ferrothorn|84/100
|-damage|p2a: MIXED VITAMINS|38/100|[from] ability: Iron Barbs|[of] p1a: Ferrothorn
|-damage|p2a: MIXED VITAMINS|22/100|[from] item: Rocky Helmet|[of] p1a: Ferrothorn
|
|-weather|Sandstorm|[upkeep]
|-fieldend|move: Electric Terrain
|upkeep
|turn|6
|
|t:|1666144061
|switch|p2a: HEATED BLANKET|Ninetales, M|38/100
|-weather|SunnyDay|[from] ability: Drought|[of] p2a: HEATED BLANKET
|move|p1a: Ferrothorn|Stealth Rock|p2a: HEATED BLANKET
|-sidestart|p2: PANDA EXPRESS HR|move: Stealth Rock
|
|-weather|SunnyDay|[upkeep]
|upkeep
|turn|7
|
|t:|1666144065
|switch|p1a: Victini|Victini|100/100
|move|p2a: HEATED BLANKET|Flamethrower|p1a: Victini
|-resisted|p1a: Victini
|-damage|p1a: Victini|76/100
|
|-weather|SunnyDay|[upkeep]
|upkeep
|turn|8
|
|t:|1666144069
|move|p2a: HEATED BLANKET|Memento|p1a: Victini
|-unboost|p1a: Victini|atk|2
|-unboost|p1a: Victini|spa|2
|faint|p2a: HEATED BLANKET
|move|p1a: Victini|Bolt Strike|p2: HEATED BLANKET|[notarget]
|-fail|p1a: Victini
|
|-weather|SunnyDay|[upkeep]
|upkeep
|
|t:|1666144072
|switch|p2a: ENGLISH BREAKFAST|Polteageist|100/100
|-damage|p2a: ENGLISH BREAKFAST|88/100|[from] Stealth Rock
|turn|9
|
|t:|1666144095
|switch|p1a: Tornadus|Tornadus-Therian, M|100/100
|move|p2a: ENGLISH BREAKFAST|Shell Smash|p2a: ENGLISH BREAKFAST
|-unboost|p2a: ENGLISH BREAKFAST|def|1
|-unboost|p2a: ENGLISH BREAKFAST|spd|1
|-boost|p2a: ENGLISH BREAKFAST|atk|2
|-boost|p2a: ENGLISH BREAKFAST|spa|2
|-boost|p2a: ENGLISH BREAKFAST|spe|2
|
|-weather|SunnyDay|[upkeep]
|-heal|p2a: ENGLISH BREAKFAST|94/100|[from] item: Leftovers
|upkeep
|turn|10
|
|t:|1666144102
|move|p2a: ENGLISH BREAKFAST|Substitute|p2a: ENGLISH BREAKFAST
|-start|p2a: ENGLISH BREAKFAST|Substitute
|-damage|p2a: ENGLISH BREAKFAST|69/100
|move|p1a: Tornadus|Knock Off|p2a: ENGLISH BREAKFAST
|-supereffective|p2a: ENGLISH BREAKFAST
|-end|p2a: ENGLISH BREAKFAST|Substitute
|
|-weather|none
|-heal|p2a: ENGLISH BREAKFAST|76/100|[from] item: Leftovers
|upkeep
|turn|11
|
|t:|1666144105
|move|p2a: ENGLISH BREAKFAST|Stored Power|p1a: Tornadus
|-damage|p1a: Tornadus|37/100
|move|p1a: Tornadus|Knock Off|p2a: ENGLISH BREAKFAST
|-supereffective|p2a: ENGLISH BREAKFAST
|-damage|p2a: ENGLISH BREAKFAST|0 fnt
|-start|p1a: Tornadus|Disable|Knock Off|[from] ability: Cursed Body|[of] p2a: ENGLISH BREAKFAST
|-enditem|p2a: ENGLISH BREAKFAST|Leftovers|[from] move: Knock Off|[of] p1a: Tornadus
|faint|p2a: ENGLISH BREAKFAST
|
|upkeep
|-message|PANDA EXPRESS HR forfeited.
|
|win|d18l
|raw|d18l's rating: 1632 &rarr; <strong>1653</strong><br />(+21 for winning)
|raw|PANDA EXPRESS HR's rating: 1653 &rarr; <strong>1632</strong><br />(-21 for losing)
|l|☆PANDA EXPRESS HR
||Ladder isn't responding, score probably updated but might not have (Request timeout).
