|j|☆PQPP214
|j|☆HotPotatoPockets
|t:|1645536130
|gametype|singles
|player|p1|PQPP214|265|1396
|player|p2|HotPotatoPockets|101|1343
|teamsize|p1|6
|teamsize|p2|6
|gen|8
|tier|[Gen 8] OU
|rated|
|rule|Sleep Clause Mod: Limit one foe put to sleep
|rule|Species Clause: Limit one of each Pokémon
|rule|OHKO Clause: OHKO moves are banned
|rule|Evasion Moves Clause: Evasion moves are banned
|rule|Endless Battle Clause: Forcing endless battles is banned
|rule|HP Percentage Mod: HP is shown in percentages
|rule|Dynamax Clause: You cannot dynamax
|clearpoke
|poke|p1|Landorus-Therian, M|
|poke|p1|Tornadus-Therian, M|
|poke|p1|Zeraora|
|poke|p1|Zapdos-Galar|
|poke|p1|Jirachi|
|poke|p1|Toxapex, F|
|poke|p2|Tapu Koko|
|poke|p2|Regieleki|
|poke|p2|Jirachi|
|poke|p2|Landorus-Therian, M|
|poke|p2|Weavile, M|
|poke|p2|Blacephalon|
|teampreview
|inactive|Battle timer is ON: inactive players will automatically lose when time's up. (requested by HotPotatoPockets)
|
|t:|1645536138
|start
|switch|p1a: Zapdos|Zapdos-Galar|100/100
|switch|p2a: Jirachi|Jirachi|100/100
|turn|1
|
|t:|1645536148
|switch|p1a: Landorus|Landorus-Therian, M, shiny|100/100
|-ability|p1a: Landorus|Intimidate|boost
|-unboost|p2a: Jirachi|atk|1
|move|p2a: Jirachi|Ice Punch|p1a: Landorus
|-supereffective|p1a: Landorus
|-damage|p1a: Landorus|52/100
|
|-heal|p1a: Landorus|58/100|[from] item: Leftovers
|upkeep
|turn|2
|
|t:|1645536154
|move|p2a: Jirachi|Trick|p1a: Landorus
|-activate|p2a: Jirachi|move: Trick|[of] p1a: Landorus
|-item|p1a: Landorus|Ring Target|[from] move: Trick
|-item|p2a: Jirachi|Leftovers|[from] move: Trick
|move|p1a: Landorus|Earthquake|p2a: Jirachi
|-supereffective|p2a: Jirachi
|-damage|p2a: Jirachi|25/100
|
|-heal|p2a: Jirachi|31/100|[from] item: Leftovers
|upkeep
|turn|3
|
|t:|1645536160
|move|p2a: Jirachi|Ice Punch|p1a: Landorus
|-supereffective|p1a: Landorus
|-damage|p1a: Landorus|11/100
|move|p1a: Landorus|Earthquake|p2a: Jirachi
|-supereffective|p2a: Jirachi
|-damage|p2a: Jirachi|0 fnt
|faint|p2a: Jirachi
|
|upkeep
|
|t:|1645536163
|switch|p2a: Tapu Koko|Tapu Koko|100/100
|-fieldstart|move: Electric Terrain|[from] ability: Electric Surge|[of] p2a: Tapu Koko
|turn|4
|
|t:|1645536166
|move|p2a: Tapu Koko|U-turn|p1a: Landorus
|-resisted|p1a: Landorus
|-damage|p1a: Landorus|3/100
|
|t:|1645536171
|switch|p2a: Landorus|Landorus-Therian, M|100/100|[from]move: U-turn
|-ability|p2a: Landorus|Intimidate|boost
|-unboost|p1a: Landorus|atk|1
|move|p1a: Landorus|Earthquake|p2a: Landorus
|-immune|p2a: Landorus
|
|upkeep
|turn|5
|
|t:|1645536175
|move|p2a: Landorus|U-turn|p1a: Landorus
|-resisted|p1a: Landorus
|-damage|p1a: Landorus|0 fnt
|faint|p1a: Landorus
|
|t:|1645536181
|switch|p2a: Weavile|Weavile, M|100/100|[from]move: U-turn
|-ability|p2a: Weavile|Pressure
|
|upkeep
|
|t:|1645536191
|switch|p1a: Zapdos|Zapdos-Galar|100/100
|turn|6
|
|t:|1645536195
|move|p2a: Weavile|Swords Dance|p2a: Weavile
|-boost|p2a: Weavile|atk|2
|move|p1a: Zapdos|Close Combat|p2a: Weavile
|-supereffective|p2a: Weavile
|-enditem|p2a: Weavile|Focus Sash
|-damage|p2a: Weavile|1/100
|-unboost|p1a: Zapdos|def|1
|-unboost|p1a: Zapdos|spd|1
|
|upkeep
|turn|7
|
|t:|1645536201
|switch|p1a: Toxapex|Toxapex, F, shiny|100/100
|move|p2a: Weavile|Ice Shard|p1a: Toxapex
|-resisted|p1a: Toxapex
|-damage|p1a: Toxapex|87/100
|
|upkeep
|turn|8
|
|t:|1645536208
|move|p2a: Weavile|Knock Off|p1a: Toxapex
|-damage|p1a: Toxapex|23/100
|-damage|p2a: Weavile|0 fnt|[from] item: Rocky Helmet|[of] p1a: Toxapex
|faint|p2a: Weavile
|move|p1a: Toxapex|Recover|p1a: Toxapex
|-heal|p1a: Toxapex|73/100
|
|-fieldend|move: Electric Terrain
|upkeep
|
|t:|1645536212
|switch|p2a: Landorus|Landorus-Therian, M|100/100
|-ability|p2a: Landorus|Intimidate|boost
|-unboost|p1a: Toxapex|atk|1
|turn|9
|
|t:|1645536217
|move|p2a: Landorus|Toxic|p1a: Toxapex
|-immune|p1a: Toxapex
|move|p1a: Toxapex|Scald|p2a: Landorus
|-supereffective|p2a: Landorus
|-damage|p2a: Landorus|76/100
|
|-heal|p2a: Landorus|82/100|[from] item: Leftovers
|upkeep
|turn|10
|
|t:|1645536224
|switch|p1a: Tornadus|Tornadus-Therian, M, shiny|100/100
|move|p2a: Landorus|Earthquake|p1a: Tornadus
|-immune|p1a: Tornadus
|
|-heal|p2a: Landorus|88/100|[from] item: Leftovers
|upkeep
|turn|11
|
|t:|1645536230
|move|p1a: Tornadus|Knock Off|p2a: Landorus
|-crit|p2a: Landorus
|-damage|p2a: Landorus|57/100
|-enditem|p2a: Landorus|Leftovers|[from] move: Knock Off|[of] p1a: Tornadus
|move|p2a: Landorus|Toxic|p1a: Tornadus
|-status|p1a: Tornadus|tox
|
|-damage|p1a: Tornadus|94/100 tox|[from] psn
|upkeep
|turn|12
|
|t:|1645536236
|move|p1a: Tornadus|Hurricane|p2a: Landorus
|-damage|p2a: Landorus|25/100
|move|p2a: Landorus|U-turn|p1a: Tornadus
|-resisted|p1a: Tornadus
|-damage|p1a: Tornadus|84/100 tox
|
|t:|1645536239
|switch|p2a: Blacephalon|Blacephalon|100/100|[from]move: U-turn
|
|-damage|p1a: Tornadus|72/100 tox|[from] psn
|upkeep
|turn|13
|
|t:|1645536244
|move|p1a: Tornadus|Knock Off|p2a: Blacephalon
|-supereffective|p2a: Blacephalon
|-damage|p2a: Blacephalon|3/100
|-enditem|p2a: Blacephalon|Ring Target|[from] move: Knock Off|[of] p1a: Tornadus
|move|p2a: Blacephalon|Fire Blast|p1a: Tornadus
|-damage|p1a: Tornadus|4/100 tox
|
|-damage|p1a: Tornadus|0 fnt|[from] psn
|faint|p1a: Tornadus
|upkeep
|
|t:|1645536259
|switch|p1a: Zeraora|Zeraora, shiny|100/100
|turn|14
|
|t:|1645536263
|move|p1a: Zeraora|Knock Off|p2a: Blacephalon
|-supereffective|p2a: Blacephalon
|-damage|p2a: Blacephalon|0 fnt
|faint|p2a: Blacephalon
|
|upkeep
|
|t:|1645536265
|switch|p2a: Landorus|Landorus-Therian, M|25/100
|-ability|p2a: Landorus|Intimidate|boost
|-unboost|p1a: Zeraora|atk|1
|turn|15
|
|t:|1645536273
|switch|p1a: Zapdos|Zapdos-Galar|100/100
|move|p2a: Landorus|Earthquake|p1a: Zapdos
|-immune|p1a: Zapdos
|
|upkeep
|turn|16
|
|t:|1645536281
|move|p1a: Zapdos|Stomping Tantrum|p2a: Landorus
|-immune|p2a: Landorus
|move|p2a: Landorus|Toxic|p1a: Zapdos
|-status|p1a: Zapdos|tox
|
|-damage|p1a: Zapdos|94/100 tox|[from] psn
|upkeep
|turn|17
|
|t:|1645536290
|switch|p1a: Jirachi|Jirachi, shiny|100/100
|switch|p2a: Tapu Koko|Tapu Koko|100/100
|-fieldstart|move: Electric Terrain|[from] ability: Electric Surge|[of] p2a: Tapu Koko
|
|upkeep
|turn|18
|
|t:|1645536297
|move|p2a: Tapu Koko|U-turn|p1a: Jirachi
|-damage|p1a: Jirachi|87/100
|
|t:|1645536299
|switch|p2a: Landorus|Landorus-Therian, M|25/100|[from]move: U-turn
|-ability|p2a: Landorus|Intimidate|boost
|-unboost|p1a: Jirachi|atk|1
|move|p1a: Jirachi|Stealth Rock|p2a: Landorus
|-sidestart|p2: HotPotatoPockets|move: Stealth Rock
|
|-heal|p1a: Jirachi|93/100|[from] item: Leftovers
|upkeep
|turn|19
|
|t:|1645536308
|switch|p1a: Zapdos|Zapdos-Galar|94/100 tox
|move|p2a: Landorus|Earthquake|p1a: Zapdos
|-immune|p1a: Zapdos
|
|-damage|p1a: Zapdos|88/100 tox|[from] psn
|upkeep
|turn|20
|
|t:|1645536312
|move|p1a: Zapdos|Close Combat|p2a: Landorus
|-resisted|p2a: Landorus
|-damage|p2a: Landorus|0 fnt
|-unboost|p1a: Zapdos|def|1
|-unboost|p1a: Zapdos|spd|1
|faint|p2a: Landorus
|
|-damage|p1a: Zapdos|76/100 tox|[from] psn
|upkeep
|
|t:|1645536317
|switch|p2a: Tapu Koko|Tapu Koko|100/100
|turn|21
|
|t:|1645536322
|switch|p1a: Jirachi|Jirachi, shiny|93/100
|move|p2a: Tapu Koko|Dazzling Gleam|p1a: Jirachi
|-resisted|p1a: Jirachi
|-damage|p1a: Jirachi|82/100
|
|-heal|p1a: Jirachi|89/100|[from] item: Leftovers
|-fieldend|move: Electric Terrain
|upkeep
|turn|22
|
|t:|1645536329
|move|p2a: Tapu Koko|Thunderbolt|p1a: Jirachi
|-damage|p1a: Jirachi|67/100
|move|p1a: Jirachi|Iron Head|p2a: Tapu Koko
|-damage|p2a: Tapu Koko|63/100
|
|-heal|p1a: Jirachi|73/100|[from] item: Leftovers
|upkeep
|turn|23
|-message|HotPotatoPockets forfeited.
|
|win|PQPP214
|raw|PQPP214's rating: 1396 &rarr; <strong>1413</strong><br />(+17 for winning)
|raw|HotPotatoPockets's rating: 1343 &rarr; <strong>1326</strong><br />(-17 for losing)
|l|☆HotPotatoPockets
