|j|‽i know im horrible
|j|☆blueneighborhood
|t:|1623742265
|gametype|singles
|player|p1|i know im horrible|1|1608
|player|p2|blueneighborhood|acetrainer-gen4dp|1654
|teamsize|p1|6
|teamsize|p2|6
|gen|8
|tier|[Gen 8] OU
|rated|
|rule|Sleep Clause Mod: Limit one foe put to sleep
|rule|Species Clause: Limit one of each Pokémon
|rule|OHKO Clause: OHKO moves are banned
|rule|Evasion Moves Clause: Evasion moves are banned
|rule|Endless Battle Clause: Forcing endless battles is banned
|rule|HP Percentage Mod: HP is shown in percentages
|rule|Dynamax Clause: You cannot dynamax
|clearpoke
|poke|p1|Ferrothorn, F|
|poke|p1|Landorus-Therian, M|
|poke|p1|Blissey, F|
|poke|p1|Latias, F|
|poke|p1|Slowking, M|
|poke|p1|Tapu Lele|
|poke|p2|Garchomp, M|
|poke|p2|Latios, M|
|poke|p2|Weavile, F|
|poke|p2|Heatran, M|
|poke|p2|Tapu Fini|
|poke|p2|Skarmory, M|
|teampreview
|inactive|Battle timer is ON: inactive players will automatically lose when time's up. (requested by blueneighborhood)
|j| Gamergirlie123
|j| Unanana
|
|t:|1623742281
|start
|switch|p1a: Latias|Latias, F|100/100
|switch|p2a: Weavile|Weavile, F|100/100
|-ability|p2a: Weavile|Pressure
|turn|1
|c|☆blueneighborhood|Don't stall me please
|
|t:|1623742289
|move|p1a: Latias|Aura Sphere|p2a: Weavile
|-supereffective|p2a: Weavile
|-enditem|p2a: Weavile|Focus Sash
|-damage|p2a: Weavile|1/100
|move|p2a: Weavile|Knock Off|p1a: Latias
|-supereffective|p1a: Latias
|-damage|p1a: Latias|6/100
|-enditem|p1a: Latias|Choice Scarf|[from] move: Knock Off|[of] p2a: Weavile
|
|upkeep
|turn|2
|j| Sun's wrath
|
|t:|1623742296
|switch|p1a: Ferrothorn|Ferrothorn, F|100/100
|move|p2a: Weavile|Low Kick|p1a: Ferrothorn
|-supereffective|p1a: Ferrothorn
|-damage|p1a: Ferrothorn|65/100
|-damage|p2a: Weavile|0 fnt|[from] ability: Iron Barbs|[of] p1a: Ferrothorn
|faint|p2a: Weavile
|
|-heal|p1a: Ferrothorn|72/100|[from] item: Leftovers
|upkeep
|
|t:|1623742299
|switch|p2a: Heatran|Heatran, M|100/100
|turn|3
|c| Sun's wrath|he gonna stall u
|
|t:|1623742304
|switch|p1a: Slowking|Slowking, M|100/100
|move|p2a: Heatran|Lava Plume|p1a: Slowking
|-resisted|p1a: Slowking
|-damage|p1a: Slowking|87/100
|
|upkeep
|turn|4
|c| Sun's wrath|look at that
|
|t:|1623742309
|move|p2a: Heatran|Lava Plume|p1a: Slowking
|-resisted|p1a: Slowking
|-damage|p1a: Slowking|74/100
|move|p1a: Slowking|Scald|p2a: Heatran
|-supereffective|p2a: Heatran
|-damage|p2a: Heatran|69/100
|
|upkeep
|turn|5
|
|t:|1623742313
|move|p2a: Heatran|Lava Plume|p1a: Slowking
|-resisted|p1a: Slowking
|-damage|p1a: Slowking|61/100
|move|p1a: Slowking|Scald|p2a: Heatran
|-supereffective|p2a: Heatran
|-damage|p2a: Heatran|39/100
|
|upkeep
|turn|6
|
|t:|1623742316
|move|p2a: Heatran|Lava Plume|p1a: Slowking
|-resisted|p1a: Slowking
|-damage|p1a: Slowking|47/100
|move|p1a: Slowking|Scald|p2a: Heatran
|-supereffective|p2a: Heatran
|-damage|p2a: Heatran|8/100
|
|upkeep
|turn|7
|
|t:|1623742319
|move|p2a: Heatran|Lava Plume|p1a: Slowking
|-resisted|p1a: Slowking
|-crit|p1a: Slowking
|-damage|p1a: Slowking|27/100
|move|p1a: Slowking|Scald|p2a: Heatran
|-supereffective|p2a: Heatran
|-damage|p2a: Heatran|0 fnt
|faint|p2a: Heatran
|
|upkeep
|c| Sun's wrath|lava stall
|
|t:|1623742322
|switch|p2a: Latios|Latios, M, shiny|100/100
|turn|8
|c| Sun's wrath|rofl
|-message|blueneighborhood forfeited.
|
|win|i know im horrible
|raw|i know im horrible's rating: 1608 &rarr; <strong>1631</strong><br />(+23 for winning)
|raw|blueneighborhood's rating: 1654 &rarr; <strong>1631</strong><br />(-23 for losing)
|l|☆blueneighborhood
|l|‽i know im horrible
|c| Sun's wrath|passive burns
|l| Sun's wrath
