|j|☆yung mirio
|j|☆Kazt_5
|inactive|Battle timer is ON: inactive players will automatically lose when time's up.
|t:|1610443131
|player|p1|yung mirio|preschooler|
|player|p2|Kazt_5|dawn|
|teamsize|p1|6
|teamsize|p2|6
|gametype|singles
|gen|8
|tier|[Gen 8] OU
|rated|Tournament battle
|clearpoke
|poke|p1|Aegislash, F|
|poke|p1|Venusaur, M|
|poke|p1|Umbreon, F|
|poke|p1|Heracross, M|
|poke|p1|Melmetal|
|poke|p1|Corviknight, F|
|poke|p2|Aegislash, F|
|poke|p2|Corviknight, F|
|poke|p2|Heracross, M|
|poke|p2|Melmetal|
|poke|p2|Umbreon, F|
|poke|p2|Venusaur, M|
|rule|Sleep Clause Mod: Limit one foe put to sleep
|rule|Species Clause: Limit one of each Pokémon
|rule|OHKO Clause: OHKO moves are banned
|rule|Evasion Moves Clause: Evasion moves are banned
|rule|Endless Battle Clause: Forcing endless battles is banned
|rule|HP Percentage Mod: HP is shown in percentages
|rule|Dynamax Clause: You cannot dynamax
|teampreview
|j| milk is sour
|j|+georgiethefirst
|j|@pastagirl☁
|j| AarnavRegmi
|c|☆Kazt_5|can we agree to dont use corviknight?
|c| AarnavRegmi|gl hf
|j| Luckpup
|inactive|Kazt_5 has 120 seconds left.
|j| Mimikyu Stardust
|c| AarnavRegmi|whats wrong with corvinight?
|
|t:|1610443176
|start
|switch|p1a: Heracross|Heracross, M|100/100
|switch|p2a: Heracross|Heracross, M|100/100
|turn|1
|c|@pastagirl☁|sub id/bulk up corv is like lowkey
|c|@pastagirl☁|so busted in this lool
|inactive|yung mirio has 120 seconds left.
|j| Piyush21
|c|☆Kazt_5|i wont send out corvi even if it is the best option
|c|☆Kazt_5|ill do like it doesnt exist
|c| AarnavRegmi|but aegislash is immune to press?
|c| Piyush21|Power trip maybe
|
|t:|1610443229
|switch|p1a: Aegislash|Aegislash, F, shiny|100/100
|move|p2a: Heracross|Spikes|p1a: Aegislash
|-sidestart|p1: yung mirio|Spikes
|
|upkeep
|turn|2
|c|@pastagirl☁|aegislash can't rly beat it tho
|c| Mimikyu Stardust|STEEL BEEEEM
|c| AarnavRegmi|ook
|
|t:|1610443245
|switch|p1a: Corviknight|Corviknight, F|100/100
|-ability|p1a: Corviknight|Pressure
|move|p2a: Heracross|Earthquake|p1a: Corviknight
|-immune|p1a: Corviknight
|
|upkeep
|turn|3
|c| AarnavRegmi|dafaq
|c|☆Kazt_5|no agreement :(
|c|+georgiethefirst|welp time to 1v1 corv with corv
|c| milk is sour|gotta get hazards up no matter what
|l| Luckpup
|inactive|Kazt_5 has 120 seconds left.
|
|t:|1610443278
|switch|p2a: Aegislash|Aegislash, F|100/100
|move|p1a: Corviknight|Bulk Up|p1a: Corviknight
|-boost|p1a: Corviknight|atk|1
|-boost|p1a: Corviknight|def|1
|
|upkeep
|turn|4
|
|t:|1610443283
|switch|p2a: Corviknight|Corviknight, F|100/100
|-ability|p2a: Corviknight|Pressure
|move|p1a: Corviknight|Bulk Up|p1a: Corviknight
|-boost|p1a: Corviknight|atk|1
|-boost|p1a: Corviknight|def|1
|
|upkeep
|turn|5
|c| AarnavRegmi|same set
|
|t:|1610443288
|move|p1a: Corviknight|Bulk Up|p1a: Corviknight
|-boost|p1a: Corviknight|atk|1
|-boost|p1a: Corviknight|def|1
|move|p2a: Corviknight|Bulk Up|p2a: Corviknight
|-boost|p2a: Corviknight|atk|1
|-boost|p2a: Corviknight|def|1
|
|upkeep
|turn|6
|
|t:|1610443291
|move|p1a: Corviknight|Bulk Up|p1a: Corviknight
|-boost|p1a: Corviknight|atk|1
|-boost|p1a: Corviknight|def|1
|move|p2a: Corviknight|Bulk Up|p2a: Corviknight
|-boost|p2a: Corviknight|atk|1
|-boost|p2a: Corviknight|def|1
|
|upkeep
|turn|7
|c|☆Kazt_5|well, this isnt fun
|c| AarnavRegmi|so busted
|c| Piyush21|Lets see who crits first
|c|@pastagirl☁|lmfao
|
|t:|1610443299
|move|p1a: Corviknight|Bulk Up|p1a: Corviknight
|-boost|p1a: Corviknight|atk|1
|-boost|p1a: Corviknight|def|1
|move|p2a: Corviknight|Bulk Up|p2a: Corviknight
|-boost|p2a: Corviknight|atk|1
|-boost|p2a: Corviknight|def|1
|
|upkeep
|turn|8
|
|t:|1610443301
|move|p1a: Corviknight|Power Trip|p2a: Corviknight
|-damage|p2a: Corviknight|60/100
|-damage|p1a: Corviknight|84/100|[from] item: Rocky Helmet|[of] p2a: Corviknight
|move|p2a: Corviknight|Bulk Up|p2a: Corviknight
|-boost|p2a: Corviknight|atk|1
|-boost|p2a: Corviknight|def|1
|
|-heal|p1a: Corviknight|90/100|[from] item: Leftovers
|upkeep
|turn|9
|c|+georgiethefirst|kazt should win
|c|+georgiethefirst|he has more pp
|
|t:|1610443311
|move|p1a: Corviknight|Bulk Up|p1a: Corviknight
|-boost|p1a: Corviknight|atk|1
|-boost|p1a: Corviknight|def|1
|move|p2a: Corviknight|Roost|p2a: Corviknight
|-heal|p2a: Corviknight|100/100
|-singleturn|p2a: Corviknight|move: Roost
|
|-heal|p1a: Corviknight|96/100|[from] item: Leftovers
|upkeep
|turn|10
|
|t:|1610443314
|move|p1a: Corviknight|Power Trip|p2a: Corviknight
|-damage|p2a: Corviknight|60/100
|-damage|p1a: Corviknight|80/100|[from] item: Rocky Helmet|[of] p2a: Corviknight
|move|p2a: Corviknight|Bulk Up|p2a: Corviknight
|-boost|p2a: Corviknight|atk|1
|-boost|p2a: Corviknight|def|1
|
|-heal|p1a: Corviknight|86/100|[from] item: Leftovers
|upkeep
|turn|11
|c|+georgiethefirst|oh but power trip o.o
|c| AarnavRegmi|damn
|c|@pastagirl☁|yea at least they have
|
|t:|1610443321
|move|p2a: Corviknight|Roost|p2a: Corviknight
|-heal|p2a: Corviknight|100/100
|-singleturn|p2a: Corviknight|move: Roost
|move|p1a: Corviknight|Body Press|p2a: Corviknight
|-supereffective|p2a: Corviknight
|-damage|p2a: Corviknight|73/100
|-damage|p1a: Corviknight|70/100|[from] item: Rocky Helmet|[of] p2a: Corviknight
|
|-heal|p1a: Corviknight|76/100|[from] item: Leftovers
|upkeep
|turn|12
|c|@pastagirl☁|pressure tho
|
|t:|1610443330
|move|p1a: Corviknight|Body Press|p2a: Corviknight
|-damage|p2a: Corviknight|60/100
|-damage|p1a: Corviknight|59/100|[from] item: Rocky Helmet|[of] p2a: Corviknight
|move|p2a: Corviknight|Bulk Up|p2a: Corviknight
|-boost|p2a: Corviknight|atk|1
|-boost|p2a: Corviknight|def|1
|
|-heal|p1a: Corviknight|66/100|[from] item: Leftovers
|upkeep
|turn|13
|c|@pastagirl☁|speeds it up a lil
|
|t:|1610443335
|move|p2a: Corviknight|Roost|p2a: Corviknight
|-heal|p2a: Corviknight|100/100
|-singleturn|p2a: Corviknight|move: Roost
|move|p1a: Corviknight|Body Press|p2a: Corviknight
|-supereffective|p2a: Corviknight
|-damage|p2a: Corviknight|78/100
|-damage|p1a: Corviknight|49/100|[from] item: Rocky Helmet|[of] p2a: Corviknight
|
|-heal|p1a: Corviknight|56/100|[from] item: Leftovers
|upkeep
|turn|14
|
|t:|1610443341
|move|p2a: Corviknight|Body Press|p1a: Corviknight
|-damage|p1a: Corviknight|32/100
|move|p1a: Corviknight|Roost|p1a: Corviknight
|-heal|p1a: Corviknight|82/100
|-singleturn|p1a: Corviknight|move: Roost
|
|-heal|p1a: Corviknight|88/100|[from] item: Leftovers
|upkeep
|turn|15
|c| Piyush21|Crit time
|
|t:|1610443354
|move|p1a: Corviknight|Bulk Up|p1a: Corviknight
|-boost|p1a: Corviknight|atk|0
|-boost|p1a: Corviknight|def|0
|move|p2a: Corviknight|Brave Bird|p1a: Corviknight
|-resisted|p1a: Corviknight
|-damage|p1a: Corviknight|73/100
|-damage|p2a: Corviknight|73/100|[from] Recoil
|
|-heal|p1a: Corviknight|79/100|[from] item: Leftovers
|upkeep
|turn|16
|c| AarnavRegmi|who will get crict they will be the victor
|j| wewqqqhwef
|c| AarnavRegmi|crit*
|c|☆Kazt_5|i shouldve brought power trip instead of bb
|c|+georgiethefirst|don't even think +6 BB crit will kill
|c|+georgiethefirst|e.e
|c|☆Kazt_5|thats nice
|
|t:|1610443383
|move|p1a: Corviknight|Body Press|p2a: Corviknight
|-damage|p2a: Corviknight|60/100
|-damage|p1a: Corviknight|62/100|[from] item: Rocky Helmet|[of] p2a: Corviknight
|move|p2a: Corviknight|Roost|p2a: Corviknight
|-heal|p2a: Corviknight|100/100
|-singleturn|p2a: Corviknight|move: Roost
|
|-heal|p1a: Corviknight|69/100|[from] item: Leftovers
|upkeep
|turn|17
|
|t:|1610443388
|move|p1a: Corviknight|Bulk Up|p1a: Corviknight
|-boost|p1a: Corviknight|atk|0
|-boost|p1a: Corviknight|def|0
|move|p2a: Corviknight|Body Press|p1a: Corviknight
|-damage|p1a: Corviknight|46/100
|
|-heal|p1a: Corviknight|52/100|[from] item: Leftovers
|upkeep
|turn|18
|c| AarnavRegmi|yeah...
|
|t:|1610443396
|move|p1a: Corviknight|Roost|p1a: Corviknight
|-heal|p1a: Corviknight|100/100
|-singleturn|p1a: Corviknight|move: Roost
|move|p2a: Corviknight|Body Press|p1a: Corviknight
|-supereffective|p1a: Corviknight
|-damage|p1a: Corviknight|53/100
|
|-heal|p1a: Corviknight|60/100|[from] item: Leftovers
|upkeep
|turn|19
|
|t:|1610443409
|move|p1a: Corviknight|Power Trip|p2a: Corviknight
|-damage|p2a: Corviknight|68/100
|-damage|p1a: Corviknight|43/100|[from] item: Rocky Helmet|[of] p2a: Corviknight
|move|p2a: Corviknight|Body Press|p1a: Corviknight
|-damage|p1a: Corviknight|22/100
|
|-heal|p1a: Corviknight|28/100|[from] item: Leftovers
|upkeep
|turn|20
|c| Piyush21|Body press crit will do
|
|t:|1610443413
|move|p2a: Corviknight|Body Press|p1a: Corviknight
|-damage|p1a: Corviknight|7/100
|move|p1a: Corviknight|Roost|p1a: Corviknight
|-heal|p1a: Corviknight|57/100
|-singleturn|p1a: Corviknight|move: Roost
|
|-heal|p1a: Corviknight|63/100|[from] item: Leftovers
|upkeep
|turn|21
|
|t:|1610443427
|move|p2a: Corviknight|Roost|p2a: Corviknight
|-heal|p2a: Corviknight|100/100
|-singleturn|p2a: Corviknight|move: Roost
|move|p1a: Corviknight|Power Trip|p2a: Corviknight
|-damage|p2a: Corviknight|70/100
|-damage|p1a: Corviknight|47/100|[from] item: Rocky Helmet|[of] p2a: Corviknight
|
|-heal|p1a: Corviknight|53/100|[from] item: Leftovers
|upkeep
|turn|22
|c| AarnavRegmi|i think instead of bb u should have brought power trip
|
|t:|1610443436
|move|p1a: Corviknight|Roost|p1a: Corviknight
|-heal|p1a: Corviknight|100/100
|-singleturn|p1a: Corviknight|move: Roost
|move|p2a: Corviknight|Body Press|p1a: Corviknight
|-supereffective|p1a: Corviknight
|-damage|p1a: Corviknight|57/100
|
|-heal|p1a: Corviknight|63/100|[from] item: Leftovers
|upkeep
|turn|23
|c|+georgiethefirst|that's literally what he said
|c|+georgiethefirst|e.e
|
|t:|1610443443
|move|p1a: Corviknight|Bulk Up|p1a: Corviknight
|-boost|p1a: Corviknight|atk|0
|-boost|p1a: Corviknight|def|0
|move|p2a: Corviknight|Roost|p2a: Corviknight
|-heal|p2a: Corviknight|100/100
|-singleturn|p2a: Corviknight|move: Roost
|
|-heal|p1a: Corviknight|69/100|[from] item: Leftovers
|upkeep
|turn|24
|l| wewqqqhwef
|c| Piyush21|He literally said that same rhing lol
|c| AarnavRegmi|ok
|c| AarnavRegmi|silly me
|
|t:|1610443457
|move|p2a: Corviknight|Bulk Up|p2a: Corviknight
|-boost|p2a: Corviknight|atk|0
|-boost|p2a: Corviknight|def|0
|move|p1a: Corviknight|Power Trip|p2a: Corviknight
|-damage|p2a: Corviknight|67/100
|-damage|p1a: Corviknight|52/100|[from] item: Rocky Helmet|[of] p2a: Corviknight
|
|-heal|p1a: Corviknight|59/100|[from] item: Leftovers
|upkeep
|turn|25
|c|+georgiethefirst|this brings me back to pre home
|
|t:|1610443471
|move|p1a: Corviknight|Bulk Up|p1a: Corviknight
|-boost|p1a: Corviknight|atk|0
|-boost|p1a: Corviknight|def|0
|move|p2a: Corviknight|Body Press|p1a: Corviknight
|-damage|p1a: Corviknight|37/100
|
|-heal|p1a: Corviknight|43/100|[from] item: Leftovers
|upkeep
|turn|26
|c|+georgiethefirst|fun times
|c| Mimikyu Stardust|who crittin first
|c|@pastagirl☁|yea loool
|
|t:|1610443478
|move|p1a: Corviknight|Roost|p1a: Corviknight
|-heal|p1a: Corviknight|93/100
|-singleturn|p1a: Corviknight|move: Roost
|move|p2a: Corviknight|Roost|p2a: Corviknight
|-heal|p2a: Corviknight|100/100
|-singleturn|p2a: Corviknight|move: Roost
|
|-heal|p1a: Corviknight|99/100|[from] item: Leftovers
|upkeep
|turn|27
|c| Mimikyu Stardust|pre home lol
|c|@pastagirl☁|next time maybe i'll try to
|
|t:|1610443484
|move|p1a: Corviknight|Bulk Up|p1a: Corviknight
|-boost|p1a: Corviknight|atk|0
|-boost|p1a: Corviknight|def|0
|move|p2a: Corviknight|Brave Bird|p1a: Corviknight
|-resisted|p1a: Corviknight
|-damage|p1a: Corviknight|86/100
|-damage|p2a: Corviknight|96/100|[from] Recoil
|
|-heal|p1a: Corviknight|92/100|[from] item: Leftovers
|upkeep
|turn|28
|c|@pastagirl☁|identify possibilities like this
|c| Piyush21|Ye
|c|@pastagirl☁|like if i could start this over i'd just ban bu and id
|
|t:|1610443502
|move|p1a: Corviknight|Power Trip|p2a: Corviknight
|-damage|p2a: Corviknight|64/100
|-damage|p1a: Corviknight|75/100|[from] item: Rocky Helmet|[of] p2a: Corviknight
|move|p2a: Corviknight|Bulk Up|p2a: Corviknight
|-boost|p2a: Corviknight|atk|0
|-boost|p2a: Corviknight|def|0
|
|-heal|p1a: Corviknight|82/100|[from] item: Leftovers
|upkeep
|turn|29
|c|☆Kazt_5|my two first matches ended up like this
|c| Piyush21|Just use twave melmetal
|
|t:|1610443515
|move|p1a: Corviknight|Body Press|p2a: Corviknight
|-damage|p2a: Corviknight|52/100
|-damage|p1a: Corviknight|65/100|[from] item: Rocky Helmet|[of] p2a: Corviknight
|move|p2a: Corviknight|Roost|p2a: Corviknight
|-heal|p2a: Corviknight|100/100
|-singleturn|p2a: Corviknight|move: Roost
|
|-heal|p1a: Corviknight|71/100|[from] item: Leftovers
|upkeep
|turn|30
|c|@pastagirl☁|facts
|c| Piyush21|And hope for para
|
|t:|1610443521
|move|p1a: Corviknight|Bulk Up|p1a: Corviknight
|-boost|p1a: Corviknight|atk|0
|-boost|p1a: Corviknight|def|0
|move|p2a: Corviknight|Bulk Up|p2a: Corviknight
|-boost|p2a: Corviknight|atk|0
|-boost|p2a: Corviknight|def|0
|
|-heal|p1a: Corviknight|78/100|[from] item: Leftovers
|upkeep
|turn|31
|j| supersam10001
|c|☆Kazt_5|i was thinking of using it lol
|
|t:|1610443533
|move|p1a: Corviknight|Bulk Up|p1a: Corviknight
|-boost|p1a: Corviknight|atk|0
|-boost|p1a: Corviknight|def|0
|move|p2a: Corviknight|Bulk Up|p2a: Corviknight
|-boost|p2a: Corviknight|atk|0
|-boost|p2a: Corviknight|def|0
|
|-heal|p1a: Corviknight|84/100|[from] item: Leftovers
|upkeep
|turn|32
|j| Spirit Master Y
|
|t:|1610443557
|move|p2a: Corviknight|Bulk Up|p2a: Corviknight
|-boost|p2a: Corviknight|atk|0
|-boost|p2a: Corviknight|def|0
|move|p1a: Corviknight|Power Trip|p2a: Corviknight
|-damage|p2a: Corviknight|66/100
|-damage|p1a: Corviknight|67/100|[from] item: Rocky Helmet|[of] p2a: Corviknight
|
|-heal|p1a: Corviknight|74/100|[from] item: Leftovers
|upkeep
|turn|33
|c|☆Kazt_5|bulk up till you dont have more
|c|+georgiethefirst|wait BB was the correct choice
|
|t:|1610443568
|move|p1a: Corviknight|Bulk Up|p1a: Corviknight
|-boost|p1a: Corviknight|atk|0
|-boost|p1a: Corviknight|def|0
|move|p2a: Corviknight|Roost|p2a: Corviknight
|-heal|p2a: Corviknight|100/100
|-singleturn|p2a: Corviknight|move: Roost
|
|-heal|p1a: Corviknight|80/100|[from] item: Leftovers
|upkeep
|turn|34
|c|+georgiethefirst|you genius
|c| supersam10001|crit win
|c|+georgiethefirst|huge pp
|c| Spirit Master Y|CRIT GODS
|c|@pastagirl☁|huge pp
|c| Piyush21|More pp
|
|t:|1610443581
|move|p1a: Corviknight|Bulk Up|p1a: Corviknight
|-boost|p1a: Corviknight|atk|0
|-boost|p1a: Corviknight|def|0
|move|p2a: Corviknight|Bulk Up|p2a: Corviknight
|-boost|p2a: Corviknight|atk|0
|-boost|p2a: Corviknight|def|0
|
|-heal|p1a: Corviknight|86/100|[from] item: Leftovers
|upkeep
|turn|35
|c|@pastagirl☁|-georgiethefirst
|c|+georgiethefirst|lmfao
|c| Mimikyu Stardust|did anyone bring  sunny day sash hera
|j| ALASio
|
|t:|1610443590
|move|p2a: Corviknight|Bulk Up|p2a: Corviknight
|-boost|p2a: Corviknight|atk|0
|-boost|p2a: Corviknight|def|0
|move|p1a: Corviknight|Body Press|p2a: Corviknight
|-damage|p2a: Corviknight|88/100
|-damage|p1a: Corviknight|70/100|[from] item: Rocky Helmet|[of] p2a: Corviknight
|
|-heal|p1a: Corviknight|76/100|[from] item: Leftovers
|upkeep
|turn|36
|c| Spirit Master Y|scarf hera woulda worked too
|c| supersam10001|i brought scarf venu
|c| supersam10001|and scarf hera
|c|☆yung mirio|so who's gonna land the crit
|
|t:|1610443610
|move|p1a: Corviknight|Bulk Up|p1a: Corviknight
|-boost|p1a: Corviknight|atk|0
|-boost|p1a: Corviknight|def|0
|move|p2a: Corviknight|Bulk Up|p2a: Corviknight
|-boost|p2a: Corviknight|atk|0
|-boost|p2a: Corviknight|def|0
|
|-heal|p1a: Corviknight|82/100|[from] item: Leftovers
|upkeep
|turn|37
|c|☆Kazt_5|not gonna lie this is kinda funny
|
|t:|1610443616
|move|p2a: Corviknight|Bulk Up|p2a: Corviknight
|-boost|p2a: Corviknight|atk|0
|-boost|p2a: Corviknight|def|0
|move|p1a: Corviknight|Power Trip|p2a: Corviknight
|-damage|p2a: Corviknight|58/100
|-damage|p1a: Corviknight|66/100|[from] item: Rocky Helmet|[of] p2a: Corviknight
|
|-heal|p1a: Corviknight|72/100|[from] item: Leftovers
|upkeep
|turn|38
|c| AarnavRegmi|yup
|
|t:|1610443622
|move|p2a: Corviknight|Roost|p2a: Corviknight
|-heal|p2a: Corviknight|100/100
|-singleturn|p2a: Corviknight|move: Roost
|move|p1a: Corviknight|Bulk Up|p1a: Corviknight
|-boost|p1a: Corviknight|atk|0
|-boost|p1a: Corviknight|def|0
|
|-heal|p1a: Corviknight|78/100|[from] item: Leftovers
|upkeep
|turn|39
|c| Spirit Master Y|rng gods bless
|
|t:|1610443627
|move|p2a: Corviknight|Bulk Up|p2a: Corviknight
|-boost|p2a: Corviknight|atk|0
|-boost|p2a: Corviknight|def|0
|move|p1a: Corviknight|Bulk Up|p1a: Corviknight
|-boost|p1a: Corviknight|atk|0
|-boost|p1a: Corviknight|def|0
|
|-heal|p1a: Corviknight|84/100|[from] item: Leftovers
|upkeep
|turn|40
|c| Piyush21|Nobody used yellow magic
|c| Piyush21|I am sad
|c|☆Kazt_5|wait
|c|+georgiethefirst|this corv is going to be useless after critting though
|
|t:|1610443639
|move|p2a: Corviknight|Bulk Up|p2a: Corviknight
|-boost|p2a: Corviknight|atk|0
|-boost|p2a: Corviknight|def|0
|move|p1a: Corviknight|Bulk Up|p1a: Corviknight
|-boost|p1a: Corviknight|atk|0
|-boost|p1a: Corviknight|def|0
|
|-heal|p1a: Corviknight|91/100|[from] item: Leftovers
|upkeep
|turn|41
|c|@pastagirl☁|neither one is sub yea so
|c|+georgiethefirst|has like 2 body presses left
|c| Mimikyu Stardust|i used t wave melm
|c|@pastagirl☁|if someone has sunny day on smth
|
|t:|1610443650
|move|p1a: Corviknight|Bulk Up|p1a: Corviknight
|-boost|p1a: Corviknight|atk|0
|-boost|p1a: Corviknight|def|0
|move|p2a: Corviknight|Bulk Up|p2a: Corviknight
|-boost|p2a: Corviknight|atk|0
|-boost|p2a: Corviknight|def|0
|
|-heal|p1a: Corviknight|97/100|[from] item: Leftovers
|upkeep
|turn|42
|j| Kazene
|c|@pastagirl☁|it's venu time
|
|t:|1610443665
|move|p2a: Corviknight|Bulk Up|p2a: Corviknight
|-boost|p2a: Corviknight|atk|0
|-boost|p2a: Corviknight|def|0
|move|p1a: Corviknight|Bulk Up|p1a: Corviknight
|-boost|p1a: Corviknight|atk|0
|-boost|p1a: Corviknight|def|0
|
|-heal|p1a: Corviknight|100/100|[from] item: Leftovers
|upkeep
|turn|43
|
|t:|1610443670
|move|p1a: Corviknight|Bulk Up|p1a: Corviknight
|-boost|p1a: Corviknight|atk|0
|-boost|p1a: Corviknight|def|0
|move|p2a: Corviknight|Bulk Up|p2a: Corviknight
|-boost|p2a: Corviknight|atk|0
|-boost|p2a: Corviknight|def|0
|
|upkeep
|turn|44
|
|t:|1610443672
|move|p1a: Corviknight|Bulk Up|p1a: Corviknight
|-boost|p1a: Corviknight|atk|0
|-boost|p1a: Corviknight|def|0
|move|p2a: Corviknight|Bulk Up|p2a: Corviknight
|-boost|p2a: Corviknight|atk|0
|-boost|p2a: Corviknight|def|0
|
|upkeep
|turn|45
|
|t:|1610443679
|move|p2a: Corviknight|Bulk Up|p2a: Corviknight
|-boost|p2a: Corviknight|atk|0
|-boost|p2a: Corviknight|def|0
|move|p1a: Corviknight|Body Press|p2a: Corviknight
|-damage|p2a: Corviknight|89/100
|-damage|p1a: Corviknight|84/100|[from] item: Rocky Helmet|[of] p2a: Corviknight
|
|-heal|p1a: Corviknight|90/100|[from] item: Leftovers
|upkeep
|turn|46
|c| Mimikyu Stardust|this is the definition of stall
|c| Piyush21|Does corviknight get whirlwind
|c| Spirit Master Y|2 more rolls
|c| Mimikyu Stardust|bb it
|c|☆Kazt_5|funny thing is that aegislash walls his corvi now
|
|t:|1610443701
|move|p2a: Corviknight|Body Press|p1a: Corviknight
|-damage|p1a: Corviknight|69/100
|move|p1a: Corviknight|Bulk Up|p1a: Corviknight
|-boost|p1a: Corviknight|atk|0
|-boost|p1a: Corviknight|def|0
|
|-heal|p1a: Corviknight|76/100|[from] item: Leftovers
|upkeep
|turn|47
|c| AarnavRegmi|once his bp ranks out, he is basically useless
|c|+georgiethefirst|!learn corviknight, whirlwind
|c| georgiethefirst|/raw <div class="infobox">In Gen 8, Corviknight <span class="message-learn-cannotlearn">can't</span> learn Whirlwind</div>
|j| Oiseau Bleu
|
|t:|1610443711
|switch|p2a: Aegislash|Aegislash, F|100/100
|move|p1a: Corviknight|Bulk Up|p1a: Corviknight
|-boost|p1a: Corviknight|atk|0
|-boost|p1a: Corviknight|def|0
|
|-heal|p1a: Corviknight|82/100|[from] item: Leftovers
|upkeep
|turn|48
|c|+georgiethefirst|so sad
|c| Piyush21|Oof
|c|@pastagirl☁|that's so sad yea
|c|@pastagirl☁|that would've made this like
|c|@pastagirl☁|a lot better
|c|+georgiethefirst|yo he cracked first o.o
|
|t:|1610443727
|move|p1a: Corviknight|Roost|p1a: Corviknight
|-heal|p1a: Corviknight|100/100
|-singleturn|p1a: Corviknight|move: Roost
|move|p2a: Aegislash|Swords Dance|p2a: Aegislash
|-boost|p2a: Aegislash|atk|2
|
|upkeep
|turn|49
|c| Mimikyu Stardust|headsmash owo
|c|+georgiethefirst|struggle finna win
|c|@pastagirl☁|cracked...
|
|t:|1610443734
|switch|p1a: Umbreon|Umbreon, F|100/100
|-damage|p1a: Umbreon|88/100|[from] Spikes
|move|p2a: Aegislash|Swords Dance|p2a: Aegislash
|-boost|p2a: Aegislash|atk|2
|
|-heal|p1a: Umbreon|94/100|[from] item: Leftovers
|upkeep
|turn|50
|j| PortugalTheDude
|
|t:|1610443739
|move|p1a: Umbreon|Foul Play|p2a: Aegislash
|-supereffective|p2a: Aegislash
|-damage|p2a: Aegislash|0 fnt
|faint|p2a: Aegislash
|
|-heal|p1a: Umbreon|99/100|[from] item: Leftovers
|upkeep
|c|+georgiethefirst|oh nvm sacred sword is broken
|c| supersam10001|be colbur berry
|c| Spirit Master Y|oof
|c|@pastagirl☁|oof.
|c| supersam10001|oof
|c| Mimikyu Stardust|SCARF?
|c|☆Kazt_5|fast umbreon nooooooooo
|c|+georgiethefirst|and fast umbreon
|c|@pastagirl☁|max speed loool
|c|+georgiethefirst|goat
|
|t:|1610443755
|switch|p2a: Heracross|Heracross, M|100/100
|turn|51
|c| AarnavRegmi|oof
|c| supersam10001|colbut berry better smfh
|c|@pastagirl☁|lmfao
|c| supersam10001|colbur
|c| Piyush21|Plot twist
|c| Spirit Master Y|bet it all on sunny day
|
|t:|1610443772
|switch|p1a: Aegislash|Aegislash, F, shiny|100/100
|-damage|p1a: Aegislash|88/100|[from] Spikes
|move|p2a: Heracross|Bulk Up|p2a: Heracross
|-boost|p2a: Heracross|atk|1
|-boost|p2a: Heracross|def|1
|
|-heal|p1a: Aegislash|94/100|[from] item: Leftovers
|upkeep
|turn|52
|l| Mimikyu Stardust
|c| Spirit Master Y|50/50 the game
|c|+georgiethefirst|this is restalk
|c|+georgiethefirst|o.o
|l| ALASio
|
|t:|1610443784
|move|p2a: Heracross|Earthquake|p1a: Aegislash
|-supereffective|p1a: Aegislash
|-damage|p1a: Aegislash|14/100
|move|p1a: Aegislash|Swords Dance|p1a: Aegislash
|-boost|p1a: Aegislash|atk|2
|
|-heal|p1a: Aegislash|20/100|[from] item: Leftovers
|upkeep
|turn|53
|c|@pastagirl☁|oof
|c|+georgiethefirst|wait nvm
|c|☆Kazt_5|forget what i said this was fun lol
|
|t:|1610443796
|-formechange|p1a: Aegislash|Aegislash-Blade||[from] ability: Stance Change
|move|p1a: Aegislash|Shadow Sneak|p2a: Heracross
|-damage|p2a: Heracross|53/100
|move|p2a: Heracross|Earthquake|p1a: Aegislash
|-supereffective|p1a: Aegislash
|-damage|p1a: Aegislash|0 fnt
|faint|p1a: Aegislash
|-ability|p2a: Heracross|Moxie|boost
|-boost|p2a: Heracross|atk|1
|
|-heal|p2a: Heracross|59/100|[from] item: Leftovers
|upkeep
|c| supersam10001|the aegis are useless now
|c|+georgiethefirst|dead*
|
|t:|1610443817
|switch|p1a: Venusaur|Venusaur, M|100/100
|-damage|p1a: Venusaur|88/100|[from] Spikes
|turn|54
|
|t:|1610443825
|move|p1a: Venusaur|Sludge Bomb|p2a: Heracross
|-damage|p2a: Heracross|5/100
|move|p2a: Heracross|Earthquake|p1a: Venusaur
|-damage|p1a: Venusaur|1/100
|
|-heal|p2a: Heracross|11/100|[from] item: Leftovers
|upkeep
|turn|55
|c|@pastagirl☁|oof
|c| AarnavRegmi|waitig for turn 69 >_<
|c| Spirit Master Y|omg
|c|+georgiethefirst|god evs
|c|+georgiethefirst|how you do that
|c| Spirit Master Y|the calcs
|c| supersam10001|scarf venu ?
|
|t:|1610443847
|switch|p2a: Melmetal|Melmetal|100/100
|move|p1a: Venusaur|Sludge Bomb|p2a: Melmetal
|-immune|p2a: Melmetal
|
|upkeep
|turn|56
|c| Piyush21|Expertly eved
|inactive|yung mirio has 120 seconds left.
|
|t:|1610443873
|switch|p1a: Corviknight|Corviknight, F|100/100
|-ability|p1a: Corviknight|Pressure
|move|p2a: Melmetal|Thunder Punch|p1a: Corviknight
|-supereffective|p1a: Corviknight
|-damage|p1a: Corviknight|5/100
|
|-heal|p1a: Corviknight|12/100|[from] item: Leftovers
|upkeep
|turn|57
|c| AarnavRegmi|oof
|c|@pastagirl☁|oooof
|
|t:|1610443885
|move|p1a: Corviknight|Body Press|p2a: Melmetal
|-supereffective|p2a: Melmetal
|-damage|p2a: Melmetal|77/100
|move|p2a: Melmetal|Thunder Punch|p1a: Corviknight
|-supereffective|p1a: Corviknight
|-damage|p1a: Corviknight|0 fnt
|faint|p1a: Corviknight
|
|upkeep
|
|t:|1610443889
|switch|p1a: Melmetal|Melmetal|100/100
|-damage|p1a: Melmetal|88/100|[from] Spikes
|turn|58
|c|+georgiethefirst|really had to save that 1% venu :/
|
|t:|1610443907
|switch|p2a: Corviknight|Corviknight, F|89/100
|-ability|p2a: Corviknight|Pressure
|move|p1a: Melmetal|Iron Defense|p1a: Melmetal
|-boost|p1a: Melmetal|def|2
|
|-heal|p1a: Melmetal|94/100|[from] item: Leftovers
|upkeep
|turn|59
|c| AarnavRegmi|cross has no fighting moves?
|c| Spirit Master Y|that venus could actually sweep
|
|t:|1610443914
|move|p2a: Corviknight|Bulk Up|p2a: Corviknight
|-boost|p2a: Corviknight|atk|1
|-boost|p2a: Corviknight|def|1
|move|p1a: Melmetal|Thunder Wave|p2a: Corviknight|[miss]
|-miss|p1a: Melmetal|p2a: Corviknight
|
|-heal|p1a: Melmetal|99/100|[from] item: Leftovers
|upkeep
|turn|60
|c| supersam10001|its a sack ig
|
|t:|1610443919
|move|p2a: Corviknight|Bulk Up|p2a: Corviknight
|-boost|p2a: Corviknight|atk|1
|-boost|p2a: Corviknight|def|1
|move|p1a: Melmetal|Thunder Wave|p2a: Corviknight
|-status|p2a: Corviknight|par
|
|-heal|p1a: Melmetal|100/100|[from] item: Leftovers
|upkeep
|turn|61
|c|@pastagirl☁|twave!
|c|@pastagirl☁|<3
|c| AarnavRegmi|venu dies to spikes
|c|☆Kazt_5|nice
|c|+georgiethefirst|yellow magic
|c| AarnavRegmi|so it is 3v5
|c| Piyush21|Georgie he needed that for morale support
|c| Spirit Master Y|wish umbreon
|c| AarnavRegmi|nah
|
|t:|1610443940
|switch|p1a: Venusaur|Venusaur, M|1/100
|-damage|p1a: Venusaur|0 fnt|[from] Spikes
|faint|p1a: Venusaur
|move|p2a: Corviknight|Bulk Up|p2a: Corviknight
|-boost|p2a: Corviknight|atk|1
|-boost|p2a: Corviknight|def|1
|
|upkeep
|
|t:|1610443942
|switch|p1a: Umbreon|Umbreon, F|99/100
|-damage|p1a: Umbreon|88/100|[from] Spikes
|turn|62
|c|+georgiethefirst|rip
|
|t:|1610443945
|move|p1a: Umbreon|Foul Play|p2a: Corviknight
|-damage|p2a: Corviknight|71/100 par
|-damage|p1a: Umbreon|71/100|[from] item: Rocky Helmet|[of] p2a: Corviknight
|move|p2a: Corviknight|Brave Bird|p1a: Umbreon
|-damage|p1a: Umbreon|0 fnt
|-damage|p2a: Corviknight|48/100 par|[from] Recoil
|faint|p1a: Umbreon
|
|upkeep
|c| AarnavRegmi|rip
|c| supersam10001|brave bird gonna do that amazing 4 percent
|
|t:|1610443960
|switch|p1a: Heracross|Heracross, M|100/100
|-damage|p1a: Heracross|88/100|[from] Spikes
|turn|63
|c| Spirit Master Y|oh wait it doesnt work that way lol
|
|t:|1610443966
|move|p1a: Heracross|Swords Dance|p1a: Heracross
|-boost|p1a: Heracross|atk|2
|move|p2a: Corviknight|Brave Bird|p1a: Heracross
|-supereffective|p1a: Heracross
|-damage|p1a: Heracross|0 fnt
|-damage|p2a: Corviknight|26/100 par|[from] Recoil
|faint|p1a: Heracross
|
|upkeep
|c| AarnavRegmi|endure prob
|
|t:|1610443968
|switch|p1a: Melmetal|Melmetal|100/100
|-damage|p1a: Melmetal|88/100|[from] Spikes
|turn|64
|c|☆Kazt_5|this is gg
|c| AarnavRegmi|yo what?
|
|t:|1610443979
|move|p1a: Melmetal|Iron Defense|p1a: Melmetal
|-boost|p1a: Melmetal|def|2
|move|p2a: Corviknight|Brave Bird|p1a: Melmetal
|-resisted|p1a: Melmetal
|-crit|p1a: Melmetal
|-damage|p1a: Melmetal|51/100
|-damage|p2a: Corviknight|11/100 par|[from] Recoil
|
|-heal|p1a: Melmetal|57/100|[from] item: Leftovers
|upkeep
|turn|65
|c| AarnavRegmi|ggs
|c|+georgiethefirst|that crit did nothing
|c| AarnavRegmi|crit on 1st wow
|
|t:|1610443993
|move|p1a: Melmetal|Body Press|p2a: Corviknight
|-damage|p2a: Corviknight|0 fnt
|-damage|p1a: Melmetal|41/100|[from] item: Rocky Helmet|[of] p2a: Corviknight
|faint|p2a: Corviknight
|
|-heal|p1a: Melmetal|47/100|[from] item: Leftovers
|upkeep
|
|t:|1610443997
|switch|p2a: Umbreon|Umbreon, F|100/100
|turn|66
|
|t:|1610444004
|move|p2a: Umbreon|Sunny Day|p2a: Umbreon
|-weather|SunnyDay
|move|p1a: Melmetal|Body Press|p2a: Umbreon
|-supereffective|p2a: Umbreon
|-damage|p2a: Umbreon|41/100
|
|-weather|SunnyDay|[upkeep]
|-heal|p1a: Melmetal|53/100|[from] item: Leftovers
|upkeep
|turn|67
|c| AarnavRegmi|i think heracross could finish this
|
|t:|1610444011
|move|p2a: Umbreon|Foul Play|p1a: Melmetal
|-damage|p1a: Melmetal|39/100
|move|p1a: Melmetal|Thunder Wave|p2a: Umbreon
|-status|p2a: Umbreon|par
|-activate|p2a: Umbreon|ability: Synchronize
|-status|p1a: Melmetal|par
|
|-weather|SunnyDay|[upkeep]
|-heal|p1a: Melmetal|45/100 par|[from] item: Leftovers
|upkeep
|turn|68
|c| supersam10001|nah venu wins
|c|@pastagirl☁|oof
|c| AarnavRegmi|rip
|
|t:|1610444032
|switch|p2a: Heracross|Heracross, M|11/100
|cant|p1a: Melmetal|par
|
|-weather|SunnyDay|[upkeep]
|-heal|p2a: Heracross|17/100|[from] item: Leftovers
|-heal|p1a: Melmetal|51/100 par|[from] item: Leftovers
|upkeep
|turn|69
|
|t:|1610444037
|move|p2a: Heracross|Close Combat|p1a: Melmetal
|-supereffective|p1a: Melmetal
|-damage|p1a: Melmetal|20/100 par
|-unboost|p2a: Heracross|def|1
|-unboost|p2a: Heracross|spd|1
|cant|p1a: Melmetal|par
|
|-weather|SunnyDay|[upkeep]
|-heal|p2a: Heracross|23/100|[from] item: Leftovers
|-heal|p1a: Melmetal|26/100 par|[from] item: Leftovers
|upkeep
|turn|70
|c|+georgiethefirst|live by the twave
|c| AarnavRegmi|ggs
|c|+georgiethefirst|die by the twave
|c|+georgiethefirst|ggs
|
|t:|1610444042
|move|p2a: Heracross|Close Combat|p1a: Melmetal
|-supereffective|p1a: Melmetal
|-damage|p1a: Melmetal|0 fnt
|-unboost|p2a: Heracross|def|1
|-unboost|p2a: Heracross|spd|1
|faint|p1a: Melmetal
|
|win|Kazt_5
|n|☆yung mirio|yungmirio
|n|☆Kazt_5|kazt5
|n| milk is sour|milkissour
|n| georgiethefirst|georgiethefirst
|n| pastagirl☁|pastagirl
|n| AarnavRegmi|aarnavregmi
|n| Piyush21|piyush21
|n| supersam10001|supersam10001
|n| Spirit Master Y|spiritmastery
|n| Kazene|kazene
|n| Oiseau Bleu|oiseaubleu
|n| PortugalTheDude|portugalthedude
|c|☆yung mirio|gg
|c| AarnavRegmi|wow
|l| georgiethefirst
|c|☆Kazt_5|gg
|c|☆Kazt_5|lol
|l| Spirit Master Y
|l| supersam10001
|c| AarnavRegmi|my rng is worse tho
|l| milk is sour
|l|☆Kazt_5
|c| AarnavRegmi|ggs
|l|☆yung mirio
|l| Piyush21
|l| AarnavRegmi
|l| pastagirl☁
|l| PortugalTheDude
