|j|☆angelscruelthesis
|j|☆big boss 447
|player|p1|angelscruelthesis|1|1849
|player|p2|big boss 447|76|1914
|teamsize|p1|6
|teamsize|p2|6
|gametype|singles
|gen|8
|tier|[Gen 8] OU
|rated|
|html|<div class="broadcast-red"><strong>OU is currently suspecting Arena Trap! For information on how to participate check out the <a href="https://www.smogon.com/forums/threads/3661134/">suspect thread</a>.</strong></div>
|clearpoke
|poke|p1|Mandibuzz, F|
|poke|p1|Corviknight, F|
|poke|p1|Seismitoad, M|
|poke|p1|Dugtrio, F|
|poke|p1|Clefable, F|
|poke|p1|Ditto|
|poke|p2|Hippowdon, F|
|poke|p2|Excadrill, M|
|poke|p2|Clefable, M|
|poke|p2|Dragapult, M|
|poke|p2|Kyurem|
|poke|p2|Conkeldurr, M|
|rule|Sleep Clause Mod: Limit one foe put to sleep
|rule|Species Clause: Limit one of each Pokémon
|rule|OHKO Clause: OHKO moves are banned
|rule|Evasion Moves Clause: Evasion moves are banned
|rule|Endless Battle Clause: Forcing endless battles is banned
|rule|HP Percentage Mod: HP is shown in percentages
|rule|Dynamax Clause: You cannot dynamax
|teampreview
|j| OUTY 3head
|j| catgirlenthousiast
|j| CheckrVomSchlecker
|
|start
|switch|p1a: Mandibuzz|Mandibuzz, F|100/100
|switch|p2a: Conkeldurr|Conkeldurr, M|100/100
|turn|1
|
|switch|p2a: Hippowdon|Hippowdon, F|100/100
|-weather|Sandstorm|[from] ability: Sand Stream|[of] p2a: Hippowdon
|move|p1a: Mandibuzz|Knock Off|p2a: Hippowdon
|-damage|p2a: Hippowdon|87/100
|-enditem|p2a: Hippowdon|Smooth Rock|[from] move: Knock Off|[of] p1a: Mandibuzz
|
|-weather|Sandstorm|[upkeep]
|upkeep
|turn|2
|c| CheckrVomSchlecker|im the highest in the room
|
|move|p1a: Mandibuzz|U-turn|p2a: Hippowdon
|-damage|p2a: Hippowdon|80/100
|c| CheckrVomSchlecker|robin: ITS LIT
|j| DaxWerew
|
|switch|p1a: Ditto|Ditto|100/100|[from]move: U-turn
|-transform|p1a: Ditto|p2a: Hippowdon|[from] ability: Imposter
|move|p2a: Hippowdon|Stealth Rock|p1a: Ditto
|-sidestart|p1: angelscruelthesis|move: Stealth Rock
|
|-weather|Sandstorm|[upkeep]
|upkeep
|turn|3
|
|switch|p2a: Kyurem|Kyurem|100/100
|-ability|p2a: Kyurem|Pressure
|move|p1a: Ditto|Stealth Rock|p2a: Kyurem
|-sidestart|p2: big boss 447|move: Stealth Rock
|
|-weather|Sandstorm|[upkeep]
|-damage|p2a: Kyurem|94/100|[from] Sandstorm
|upkeep
|turn|4
|
|switch|p1a: Corviknight|Corviknight, F|100/100
|-damage|p1a: Corviknight|88/100|[from] Stealth Rock
|-ability|p1a: Corviknight|Pressure
|move|p2a: Kyurem|Ice Beam|p1a: Corviknight
|-damage|p1a: Corviknight|39/100
|
|-weather|Sandstorm|[upkeep]
|-damage|p2a: Kyurem|88/100|[from] Sandstorm
|-heal|p1a: Corviknight|45/100|[from] item: Leftovers
|upkeep
|turn|5
|
|switch|p1a: Ditto|Ditto|100/100
|-damage|p1a: Ditto|88/100|[from] Stealth Rock
|-transform|p1a: Ditto|p2a: Kyurem|[from] ability: Imposter
|-ability|p1a: Ditto|Pressure
|move|p2a: Kyurem|Ice Beam|p1a: Ditto
|-damage|p1a: Ditto|0 fnt
|faint|p1a: Ditto
|
|-weather|Sandstorm|[upkeep]
|-damage|p2a: Kyurem|82/100|[from] Sandstorm
|upkeep
|
|switch|p1a: Dugtrio|Dugtrio, F|100/100
|-damage|p1a: Dugtrio|94/100|[from] Stealth Rock
|turn|6
|
|move|p1a: Dugtrio|Stone Edge|p2a: Kyurem
|-supereffective|p2a: Kyurem
|-crit|p2a: Kyurem
|-damage|p2a: Kyurem|0 fnt
|faint|p2a: Kyurem
|
|-weather|Sandstorm|[upkeep]
|upkeep
|j| Luxnuv08
|
|switch|p2a: Conkeldurr|Conkeldurr, M|100/100
|-damage|p2a: Conkeldurr|94/100|[from] Stealth Rock
|turn|7
|
|switch|p1a: Clefable|Clefable, F|100/100
|move|p2a: Conkeldurr|Close Combat|p1a: Clefable
|-resisted|p1a: Clefable
|-damage|p1a: Clefable|59/100
|-unboost|p2a: Conkeldurr|def|1
|-unboost|p2a: Conkeldurr|spd|1
|
|-weather|Sandstorm|[upkeep]
|-damage|p2a: Conkeldurr|88/100|[from] Sandstorm
|-status|p2a: Conkeldurr|brn|[from] item: Flame Orb
|upkeep
|turn|8
|
|switch|p2a: Clefable|Clefable, M|100/100
|move|p1a: Clefable|Moonblast|p2a: Clefable
|-damage|p2a: Clefable|49/100
|
|-weather|none
|upkeep
|turn|9
|
|move|p2a: Clefable|Moonblast|p1a: Clefable
|-damage|p1a: Clefable|7/100
|move|p1a: Clefable|Moonblast|p2a: Clefable
|-damage|p2a: Clefable|0 fnt
|faint|p2a: Clefable
|
|upkeep
|
|switch|p2a: Conkeldurr|Conkeldurr, M|88/100 brn
|-damage|p2a: Conkeldurr|82/100 brn|[from] Stealth Rock
|turn|10
|c| CheckrVomSchlecker|warum wird head smash aegi eig nicht gespielt
|
|move|p2a: Conkeldurr|Mach Punch|p1a: Clefable
|-resisted|p1a: Clefable
|-damage|p1a: Clefable|0 fnt
|faint|p1a: Clefable
|
|-damage|p2a: Conkeldurr|76/100 brn|[from] brn
|upkeep
|c| OUTY 3head|pex
|
|switch|p1a: Corviknight|Corviknight, F|45/100
|-damage|p1a: Corviknight|33/100|[from] Stealth Rock
|-ability|p1a: Corviknight|Pressure
|turn|11
|
|move|p1a: Corviknight|Brave Bird|p2a: Conkeldurr
|-supereffective|p2a: Conkeldurr
|-damage|p2a: Conkeldurr|15/100 brn
|-damage|p1a: Corviknight|12/100|[from] Recoil
|move|p2a: Conkeldurr|Close Combat|p1a: Corviknight
|-damage|p1a: Corviknight|0 fnt
|-unboost|p2a: Conkeldurr|def|1
|-unboost|p2a: Conkeldurr|spd|1
|faint|p1a: Corviknight
|
|-damage|p2a: Conkeldurr|9/100 brn|[from] brn
|upkeep
|
|switch|p1a: Dugtrio|Dugtrio, F|94/100
|-damage|p1a: Dugtrio|88/100|[from] Stealth Rock
|turn|12
|
|move|p1a: Dugtrio|Sucker Punch|p2a: Conkeldurr
|-resisted|p2a: Conkeldurr
|-damage|p2a: Conkeldurr|0 fnt
|faint|p2a: Conkeldurr
|
|upkeep
|j| 1337.SetoKaiba
|j| SNlTCH
|
|switch|p2a: Dragapult|Dragapult, M|100/100
|-damage|p2a: Dragapult|88/100|[from] Stealth Rock
|turn|13
|c| CheckrVomSchlecker|i like those balenciagas
|c| CheckrVomSchlecker|the ones that look like socks
|
|switch|p1a: Mandibuzz|Mandibuzz, F|100/100
|move|p2a: Dragapult|Dragon Darts|p1a: Mandibuzz
|-damage|p1a: Mandibuzz|74/100
|-anim|p2a: Dragapult|Dragon Darts|p1a: Mandibuzz
|-damage|p1a: Mandibuzz|46/100
|-damage|p2a: Dragapult|78/100|[from] item: Life Orb
|
|upkeep
|turn|14
|j| watr sucks
|
|move|p2a: Dragapult|Dragon Darts|p1a: Mandibuzz
|-damage|p1a: Mandibuzz|21/100
|-anim|p2a: Dragapult|Dragon Darts|p1a: Mandibuzz
|-damage|p1a: Mandibuzz|0 fnt
|-damage|p2a: Dragapult|69/100|[from] item: Life Orb
|faint|p1a: Mandibuzz
|
|upkeep
|
|switch|p1a: Dugtrio|Dugtrio, F|88/100
|-damage|p1a: Dugtrio|82/100|[from] Stealth Rock
|turn|15
|j| UserSlowbro
|
|switch|p2a: Hippowdon|Hippowdon, F|80/100
|-damage|p2a: Hippowdon|74/100|[from] Stealth Rock
|-weather|Sandstorm|[from] ability: Sand Stream|[of] p2a: Hippowdon
|move|p1a: Dugtrio|Sucker Punch||[still]
|-fail|p1a: Dugtrio
|
|-weather|Sandstorm|[upkeep]
|upkeep
|turn|16
|
|switch|p1a: Seismitoad|Seismitoad, M|100/100
|-damage|p1a: Seismitoad|94/100|[from] Stealth Rock
|move|p2a: Hippowdon|Roar|p1a: Seismitoad
|drag|p1a: Dugtrio|Dugtrio, F|82/100
|-damage|p1a: Dugtrio|76/100|[from] Stealth Rock
|
|-weather|Sandstorm|[upkeep]
|upkeep
|turn|17
|
|move|p1a: Dugtrio|Toxic|p2a: Hippowdon
|-status|p2a: Hippowdon|tox
|move|p2a: Hippowdon|Roar|p1a: Dugtrio
|drag|p1a: Seismitoad|Seismitoad, M|94/100
|-damage|p1a: Seismitoad|88/100|[from] Stealth Rock
|
|-weather|Sandstorm|[upkeep]
|-heal|p1a: Seismitoad|94/100|[from] item: Leftovers
|-damage|p2a: Hippowdon|68/100 tox|[from] psn
|upkeep
|turn|18
|
|switch|p2a: Dragapult|Dragapult, M|69/100
|-damage|p2a: Dragapult|56/100|[from] Stealth Rock
|move|p1a: Seismitoad|Scald|p2a: Dragapult
|-resisted|p2a: Dragapult
|-damage|p2a: Dragapult|37/100
|
|-weather|Sandstorm|[upkeep]
|-damage|p2a: Dragapult|31/100|[from] Sandstorm
|-heal|p1a: Seismitoad|100/100|[from] item: Leftovers
|upkeep
|turn|19
|
|move|p2a: Dragapult|Dragon Darts|p1a: Seismitoad
|-damage|p1a: Seismitoad|74/100
|-anim|p2a: Dragapult|Dragon Darts|p1a: Seismitoad
|-damage|p1a: Seismitoad|49/100
|-damage|p2a: Dragapult|21/100|[from] item: Life Orb
|move|p1a: Seismitoad|Knock Off|p2a: Dragapult
|-supereffective|p2a: Dragapult
|-damage|p2a: Dragapult|0 fnt
|-enditem|p2a: Dragapult|Life Orb|[from] move: Knock Off|[of] p1a: Seismitoad
|faint|p2a: Dragapult
|
|-weather|none
|-heal|p1a: Seismitoad|55/100|[from] item: Leftovers
|upkeep
|
|switch|p2a: Hippowdon|Hippowdon, F|68/100 tox
|-damage|p2a: Hippowdon|62/100 tox|[from] Stealth Rock
|-weather|Sandstorm|[from] ability: Sand Stream|[of] p2a: Hippowdon
|turn|20
|l| UserSlowbro
|j| CalielSkyX
|l| 1337.SetoKaiba
|
|move|p1a: Seismitoad|Knock Off|p2a: Hippowdon
|-damage|p2a: Hippowdon|55/100 tox
|move|p2a: Hippowdon|Earthquake|p1a: Seismitoad
|-damage|p1a: Seismitoad|26/100
|
|-weather|Sandstorm|[upkeep]
|-heal|p1a: Seismitoad|32/100|[from] item: Leftovers
|-damage|p2a: Hippowdon|49/100 tox|[from] psn
|upkeep
|turn|21
|j| itsprettysmall
|l| itsprettysmall
|
|move|p1a: Seismitoad|Scald|p2a: Hippowdon
|-supereffective|p2a: Hippowdon
|-damage|p2a: Hippowdon|0 fnt
|faint|p2a: Hippowdon
|
|-weather|Sandstorm|[upkeep]
|-heal|p1a: Seismitoad|38/100|[from] item: Leftovers
|upkeep
|
|switch|p2a: Excadrill|Excadrill, M|100/100
|-damage|p2a: Excadrill|97/100|[from] Stealth Rock
|turn|22
|c| CalielSkyX|gg
|
|move|p2a: Excadrill|Earthquake|p1a: Seismitoad
|-damage|p1a: Seismitoad|0 fnt
|-damage|p2a: Excadrill|87/100|[from] item: Life Orb
|faint|p1a: Seismitoad
|
|-weather|Sandstorm|[upkeep]
|upkeep
|
|switch|p1a: Dugtrio|Dugtrio, F|76/100
|-damage|p1a: Dugtrio|70/100|[from] Stealth Rock
|turn|23
|
|move|p2a: Excadrill|Earthquake|p1a: Dugtrio
|-damage|p1a: Dugtrio|0 fnt
|-damage|p2a: Excadrill|78/100|[from] item: Life Orb
|faint|p1a: Dugtrio
|
|win|big boss 447
|l|☆angelscruelthesis
|l| CalielSkyX
|l| OUTY 3head
|l| Luxnuv08
|l| CheckrVomSchlecker
|j|☆angelscruelthesis
|player|p1|angelscruelthesis|1
|j| CheckrVomSchlecker
|c| CheckrVomSchlecker|?
|c| CheckrVomSchlecker|leave
|l| CheckrVomSchlecker
|l| SNlTCH
||Ladder (probably) updated, but score could not be retrieved (Response not received).
