|raw|<div class="broadcast-blue"><strong>This battle is required to be public due to a player having a name starting with 'lt91bb'.</div>
|j|☆LT91BB Raizen
|j|☆antarctozolt
|t:|1659108008
|gametype|singles
|player|p1|LT91BB Raizen|worker-gen4|1956
|player|p2|antarctozolt|skier|1890
|teamsize|p1|6
|teamsize|p2|6
|gen|8
|tier|[Gen 8] OU
|rated|
|rule|Sleep Clause Mod: Limit one foe put to sleep
|rule|Species Clause: Limit one of each Pokémon
|rule|OHKO Clause: OHKO moves are banned
|rule|Evasion Moves Clause: Evasion moves are banned
|rule|Endless Battle Clause: Forcing endless battles is banned
|rule|HP Percentage Mod: HP is shown in percentages
|rule|Dynamax Clause: You cannot dynamax
|clearpoke
|poke|p1|Tornadus-Therian, M|
|poke|p1|Excadrill, M|
|poke|p1|Rotom-Wash|
|poke|p1|Volcanion|
|poke|p1|Tyranitar, M|
|poke|p1|Ferrothorn, F|
|poke|p2|Hippowdon, M|
|poke|p2|Zeraora|
|poke|p2|Xatu, F|
|poke|p2|Toxapex, F|
|poke|p2|Corviknight, M|
|poke|p2|Blissey, F|
|teampreview
|inactive|Battle timer is ON: inactive players will automatically lose when time's up. (requested by LT91BB Raizen)
|j| xuwuhanjun
|j| yovan33321
|j| LT91BB rejeff
|j| LT91BB Baddy
|j| LT91BB Zilla
|j| Confusien
|
|t:|1659108039
|start
|switch|p1a: Rotom|Rotom-Wash, shiny|100/100
|switch|p2a: Zeraora|Zeraora, shiny|100/100
|turn|1
|j| LT91BB Tace
|j| arbok13
|
|t:|1659108043
|move|p2a: Zeraora|Knock Off|p1a: Rotom
|-damage|p1a: Rotom|66/100
|-enditem|p1a: Rotom|Leftovers|[from] move: Knock Off|[of] p2a: Zeraora
|move|p1a: Rotom|Volt Switch|p2a: Zeraora
|-immune|p2a: Zeraora|[from] ability: Volt Absorb
|
|upkeep
|turn|2
|j| JooshP
|
|t:|1659108047
|move|p2a: Zeraora|Toxic|p1a: Rotom
|-status|p1a: Rotom|tox
|move|p1a: Rotom|Will-O-Wisp|p2a: Zeraora
|-status|p2a: Zeraora|brn
|
|-damage|p1a: Rotom|59/100 tox|[from] psn
|-damage|p2a: Zeraora|95/100 brn|[from] brn
|upkeep
|turn|3
|
|t:|1659108051
|move|p2a: Zeraora|Knock Off|p1a: Rotom
|-damage|p1a: Rotom|48/100 tox
|move|p1a: Rotom|Pain Split|p2a: Zeraora
|-sethp|p2a: Zeraora|70/100 brn|[from] move: Pain Split|[silent]
|-sethp|p1a: Rotom|73/100 tox|[from] move: Pain Split
|
|-heal|p2a: Zeraora|76/100 brn|[from] item: Leftovers
|-damage|p1a: Rotom|61/100 tox|[from] psn
|-damage|p2a: Zeraora|70/100 brn|[from] brn
|upkeep
|turn|4
|j|+kino
|
|t:|1659108055
|switch|p1a: Ferrothorn|Ferrothorn, F, shiny|100/100
|move|p2a: Zeraora|Plasma Fists|p1a: Ferrothorn
|-resisted|p1a: Ferrothorn
|-damage|p1a: Ferrothorn|93/100
|-fieldactivate|move: Ion Deluge
|-hint|Normal-type moves become Electric-type after using Plasma Fists.
|-damage|p2a: Zeraora|58/100 brn|[from] ability: Iron Barbs|[of] p1a: Ferrothorn
|-damage|p2a: Zeraora|42/100 brn|[from] item: Rocky Helmet|[of] p1a: Ferrothorn
|
|-heal|p2a: Zeraora|48/100 brn|[from] item: Leftovers
|-damage|p2a: Zeraora|42/100 brn|[from] brn
|upkeep
|turn|5
|l| xuwuhanjun
|j| edrala
|
|t:|1659108059
|switch|p2a: Toxapex|Toxapex, F, shiny|100/100
|move|p1a: Ferrothorn|Body Press|p2a: Toxapex
|-resisted|p2a: Toxapex
|-damage|p2a: Toxapex|91/100
|
|upkeep
|turn|6
|j| DrasticLightning
|
|t:|1659108062
|switch|p2a: Xatu|Xatu, F, shiny|100/100
|move|p1a: Ferrothorn|Knock Off|p2a: Xatu
|-supereffective|p2a: Xatu
|-damage|p2a: Xatu|43/100
|-enditem|p2a: Xatu|Leftovers|[from] move: Knock Off|[of] p1a: Ferrothorn
|
|upkeep
|turn|7
|
|t:|1659108065
|switch|p1a: Tyranitar|Tyranitar, M, shiny|100/100
|-weather|Sandstorm|[from] ability: Sand Stream|[of] p1a: Tyranitar
|move|p2a: Xatu|Roost|p2a: Xatu
|-heal|p2a: Xatu|93/100
|-singleturn|p2a: Xatu|move: Roost
|
|-weather|Sandstorm|[upkeep]
|-damage|p2a: Xatu|87/100|[from] Sandstorm
|upkeep
|turn|8
|j| CallMePrimal
|
|t:|1659108067
|switch|p2a: Hippowdon|Hippowdon, M, shiny|100/100
|move|p1a: Tyranitar|Crunch|p2a: Hippowdon
|-damage|p2a: Hippowdon|65/100
|
|-weather|Sandstorm|[upkeep]
|-heal|p2a: Hippowdon|71/100|[from] item: Leftovers
|upkeep
|turn|9
|j| Heinrich Kemmler
|j| LT91BB Hiko
|l| LT91BB Zilla
|
|t:|1659108072
|switch|p1a: Excadrill|Excadrill, M, shiny|100/100
|-item|p1a: Excadrill|Air Balloon
|move|p2a: Hippowdon|Stealth Rock|p1a: Excadrill
|-sidestart|p1: LT91BB Raizen|move: Stealth Rock
|
|-weather|Sandstorm|[upkeep]
|-heal|p2a: Hippowdon|77/100|[from] item: Leftovers
|upkeep
|turn|10
|l| Heinrich Kemmler
|
|t:|1659108078
|switch|p2a: Corviknight|Corviknight, M, shiny|100/100
|-ability|p2a: Corviknight|Pressure
|move|p1a: Excadrill|Rapid Spin|p2a: Corviknight
|-resisted|p2a: Corviknight
|-damage|p2a: Corviknight|95/100
|-boost|p1a: Excadrill|spe|1
|-sideend|p1: LT91BB Raizen|Stealth Rock|[from] move: Rapid Spin|[of] p1a: Excadrill
|
|-weather|Sandstorm|[upkeep]
|-heal|p2a: Corviknight|100/100|[from] item: Leftovers
|upkeep
|turn|11
|j| Drafeu-kun
|j| MNLL Neuro
|j| joeding
|
|t:|1659108086
|switch|p1a: Tornadus|Tornadus-Therian, M, shiny|100/100
|move|p2a: Corviknight|U-turn|p1a: Tornadus
|-resisted|p1a: Tornadus
|-damage|p1a: Tornadus|93/100
|j| BeastyJ157
|j| Miss.mushroom
|j| Welli0u
|j| More❀tto
|
|t:|1659108093
|switch|p2a: Blissey|Blissey, F, shiny|100/100|[from]move: U-turn
|
|-weather|none
|upkeep
|turn|12
|
|t:|1659108097
|move|p1a: Tornadus|Knock Off|p2a: Blissey
|-damage|p2a: Blissey|84/100
|-enditem|p2a: Blissey|Utility Umbrella|[from] move: Knock Off|[of] p1a: Tornadus
|move|p2a: Blissey|Aromatherapy|p2a: Blissey
|-activate|p2a: Blissey|move: Aromatherapy
|-curestatus|p2: Zeraora|brn|[msg]
|
|upkeep
|turn|13
|j| Heinrich Kemmler
|l| LT91BB Hiko
|l| BeastyJ157
|
|t:|1659108105
|move|p1a: Tornadus|U-turn|p2a: Blissey
|-damage|p2a: Blissey|71/100
|j| Zirpurze
|
|t:|1659108108
|switch|p1a: Ferrothorn|Ferrothorn, F, shiny|93/100|[from]move: U-turn
|move|p2a: Blissey|Soft-Boiled|p2a: Blissey
|-heal|p2a: Blissey|100/100
|
|upkeep
|turn|14
|j| LT91BB animefan
|
|t:|1659108113
|switch|p2a: Xatu|Xatu, F, shiny|87/100
|move|p1a: Ferrothorn|Knock Off|p2a: Xatu
|-supereffective|p2a: Xatu
|-damage|p2a: Xatu|50/100
|
|upkeep
|turn|15
|j| LT91BB ironwater
|l| Zirpurze
|
|t:|1659108117
|switch|p1a: Tyranitar|Tyranitar, M, shiny|100/100
|-weather|Sandstorm|[from] ability: Sand Stream|[of] p1a: Tyranitar
|move|p2a: Xatu|Roost|p2a: Xatu
|-heal|p2a: Xatu|99/100
|-singleturn|p2a: Xatu|move: Roost
|
|-weather|Sandstorm|[upkeep]
|-damage|p2a: Xatu|94/100|[from] Sandstorm
|upkeep
|turn|16
|
|t:|1659108120
|switch|p2a: Toxapex|Toxapex, F, shiny|100/100
|move|p1a: Tyranitar|Crunch|p2a: Toxapex
|-damage|p2a: Toxapex|62/100
|
|-weather|Sandstorm|[upkeep]
|-damage|p2a: Toxapex|55/100|[from] Sandstorm
|upkeep
|turn|17
|j| Enoryu
|j| Bad Luck Inbound
|
|t:|1659108124
|move|p1a: Tyranitar|Crunch|p2a: Toxapex
|-damage|p2a: Toxapex|15/100
|move|p2a: Toxapex|Recover|p2a: Toxapex
|-heal|p2a: Toxapex|65/100
|
|-weather|Sandstorm|[upkeep]
|-damage|p2a: Toxapex|58/100|[from] Sandstorm
|upkeep
|turn|18
|j| egal★vanc
|
|t:|1659108134
|switch|p1a: Ferrothorn|Ferrothorn, F, shiny|93/100
|move|p2a: Toxapex|Recover|p2a: Toxapex
|-heal|p2a: Toxapex|100/100
|
|-weather|Sandstorm|[upkeep]
|-damage|p2a: Toxapex|94/100|[from] Sandstorm
|upkeep
|turn|19
|
|t:|1659108137
|move|p2a: Toxapex|Scald|p1a: Ferrothorn
|-resisted|p1a: Ferrothorn
|-damage|p1a: Ferrothorn|86/100
|move|p1a: Ferrothorn|Knock Off|p2a: Toxapex
|-damage|p2a: Toxapex|81/100
|-enditem|p2a: Toxapex|Shed Shell|[from] move: Knock Off|[of] p1a: Ferrothorn
|
|-weather|none
|upkeep
|turn|20
|j| LT91BB AU
|
|t:|1659108142
|move|p2a: Toxapex|Scald|p1a: Ferrothorn
|-resisted|p1a: Ferrothorn
|-damage|p1a: Ferrothorn|79/100
|move|p1a: Ferrothorn|Knock Off|p2a: Toxapex
|-damage|p2a: Toxapex|72/100
|
|upkeep
|turn|21
|
|t:|1659108144
|switch|p2a: Xatu|Xatu, F, shiny|94/100
|move|p1a: Ferrothorn|Stealth Rock|p2a: Xatu
|move|p2a: Xatu|Stealth Rock|p1a: Ferrothorn|[from]ability: Magic Bounce
|-sidestart|p1: LT91BB Raizen|move: Stealth Rock
|
|upkeep
|turn|22
|
|t:|1659108148
|switch|p1a: Tornadus|Tornadus-Therian, M, shiny|100/100
|move|p2a: Xatu|Teleport|p2a: Xatu
|l| LT91BB Tace
|
|t:|1659108150
|switch|p2a: Zeraora|Zeraora, shiny|42/100|[from]move: Teleport
|
|-heal|p2a: Zeraora|48/100|[from] item: Leftovers
|upkeep
|turn|23
|
|t:|1659108152
|move|p2a: Zeraora|Plasma Fists|p1a: Tornadus
|-supereffective|p1a: Tornadus
|-damage|p1a: Tornadus|2/100
|-fieldactivate|move: Ion Deluge
|-hint|Normal-type moves become Electric-type after using Plasma Fists.
|move|p1a: Tornadus|Defog|p2a: Zeraora
|-unboost|p2a: Zeraora|evasion|1
|-sideend|p1: LT91BB Raizen|Stealth Rock|[from] move: Defog|[of] p1a: Tornadus
|
|-heal|p2a: Zeraora|53/100|[from] item: Leftovers
|upkeep
|turn|24
|
|t:|1659108158
|switch|p1a: Ferrothorn|Ferrothorn, F, shiny|79/100
|move|p2a: Zeraora|Blaze Kick|p1a: Ferrothorn
|-supereffective|p1a: Ferrothorn
|-damage|p1a: Ferrothorn|16/100
|-damage|p2a: Zeraora|41/100|[from] ability: Iron Barbs|[of] p1a: Ferrothorn
|-damage|p2a: Zeraora|25/100|[from] item: Rocky Helmet|[of] p1a: Ferrothorn
|
|-heal|p2a: Zeraora|31/100|[from] item: Leftovers
|upkeep
|turn|25
|j| Beka
|
|t:|1659108171
|switch|p1a: Volcanion|Volcanion|100/100
|move|p2a: Zeraora|Knock Off|p1a: Volcanion
|-damage|p1a: Volcanion|66/100
|-enditem|p1a: Volcanion|Choice Scarf|[from] move: Knock Off|[of] p2a: Zeraora
|
|-heal|p2a: Zeraora|37/100|[from] item: Leftovers
|upkeep
|turn|26
|j| Barracades
|
|t:|1659108182
|switch|p1a: Excadrill|Excadrill, M, shiny|100/100
|-item|p1a: Excadrill|Air Balloon
|move|p2a: Zeraora|Plasma Fists|p1a: Excadrill
|-immune|p1a: Excadrill
|
|-heal|p2a: Zeraora|43/100|[from] item: Leftovers
|upkeep
|turn|27
|
|t:|1659108185
|switch|p2a: Corviknight|Corviknight, M, shiny|100/100
|-ability|p2a: Corviknight|Pressure
|move|p1a: Excadrill|Earthquake|p2a: Corviknight
|-immune|p2a: Corviknight
|
|upkeep
|turn|28
|l| Beka
|l| LT91BB Baddy
|
|t:|1659108196
|switch|p1a: Rotom|Rotom-Wash, shiny|61/100 tox
|move|p2a: Corviknight|U-turn|p1a: Rotom
|-damage|p1a: Rotom|44/100 tox
|j| D Great Dane
|j| LT91BB Isza
|l| Bad Luck Inbound
|
|t:|1659108212
|switch|p2a: Zeraora|Zeraora, shiny|43/100|[from]move: U-turn
|
|-heal|p2a: Zeraora|49/100|[from] item: Leftovers
|-damage|p1a: Rotom|38/100 tox|[from] psn
|upkeep
|turn|29
|j| LT91BB Sensory
|j| zReptar
|
|t:|1659108218
|switch|p1a: Excadrill|Excadrill, M, shiny|100/100
|-item|p1a: Excadrill|Air Balloon
|move|p2a: Zeraora|Plasma Fists|p1a: Excadrill
|-immune|p1a: Excadrill
|
|-heal|p2a: Zeraora|55/100|[from] item: Leftovers
|upkeep
|turn|30
|
|t:|1659108221
|switch|p1a: Volcanion|Volcanion|66/100
|move|p2a: Zeraora|Blaze Kick|p1a: Volcanion
|-resisted|p1a: Volcanion
|-damage|p1a: Volcanion|60/100
|
|-heal|p2a: Zeraora|61/100|[from] item: Leftovers
|upkeep
|turn|31
|
|t:|1659108226
|switch|p1a: Excadrill|Excadrill, M, shiny|100/100
|-item|p1a: Excadrill|Air Balloon
|move|p2a: Zeraora|Plasma Fists|p1a: Excadrill
|-immune|p1a: Excadrill
|
|-heal|p2a: Zeraora|67/100|[from] item: Leftovers
|upkeep
|turn|32
|
|t:|1659108228
|switch|p2a: Corviknight|Corviknight, M, shiny|100/100
|-ability|p2a: Corviknight|Pressure
|switch|p1a: Volcanion|Volcanion|60/100
|
|upkeep
|turn|33
|j| vaguelone
|
|t:|1659108246
|switch|p1a: Tyranitar|Tyranitar, M, shiny|100/100
|-weather|Sandstorm|[from] ability: Sand Stream|[of] p1a: Tyranitar
|switch|p2a: Toxapex|Toxapex, F, shiny|100/100
|
|-weather|Sandstorm|[upkeep]
|-damage|p2a: Toxapex|94/100|[from] Sandstorm
|upkeep
|turn|34
|
|t:|1659108252
|move|p1a: Tyranitar|Crunch|p2a: Toxapex
|-damage|p2a: Toxapex|50/100
|-unboost|p2a: Toxapex|def|1
|move|p2a: Toxapex|Scald|p1a: Tyranitar
|-supereffective|p1a: Tyranitar
|-damage|p1a: Tyranitar|76/100
|-status|p1a: Tyranitar|brn
|
|-weather|Sandstorm|[upkeep]
|-damage|p2a: Toxapex|44/100|[from] Sandstorm
|-damage|p1a: Tyranitar|70/100 brn|[from] brn
|upkeep
|turn|35
|
|t:|1659108261
|switch|p2a: Corviknight|Corviknight, M, shiny|100/100
|-ability|p2a: Corviknight|Pressure
|move|p1a: Tyranitar|Crunch|p2a: Corviknight
|-damage|p2a: Corviknight|78/100
|
|-weather|Sandstorm|[upkeep]
|-heal|p2a: Corviknight|84/100|[from] item: Leftovers
|-damage|p1a: Tyranitar|64/100 brn|[from] brn
|upkeep
|turn|36
|
|t:|1659108266
|switch|p1a: Tornadus|Tornadus-Therian, M, shiny|35/100
|move|p2a: Corviknight|U-turn|p1a: Tornadus
|-resisted|p1a: Tornadus
|-damage|p1a: Tornadus|28/100
|j| ArianaBlonde
|
|t:|1659108269
|switch|p2a: Zeraora|Zeraora, shiny|67/100|[from]move: U-turn
|
|-weather|Sandstorm|[upkeep]
|-damage|p2a: Zeraora|61/100|[from] Sandstorm
|-damage|p1a: Tornadus|22/100|[from] Sandstorm
|-heal|p2a: Zeraora|67/100|[from] item: Leftovers
|upkeep
|turn|37
|
|t:|1659108272
|move|p2a: Zeraora|Knock Off|p1a: Tornadus
|-damage|p1a: Tornadus|0 fnt
|-enditem|p1a: Tornadus|Heavy-Duty Boots|[from] move: Knock Off|[of] p2a: Zeraora
|faint|p1a: Tornadus
|
|-weather|none
|-heal|p2a: Zeraora|73/100|[from] item: Leftovers
|upkeep
|j| CM Reuniclus@!
|
|t:|1659108275
|switch|p1a: Excadrill|Excadrill, M, shiny|100/100
|-item|p1a: Excadrill|Air Balloon
|turn|38
|j| Storming Fog
|
|t:|1659108280
|move|p2a: Zeraora|Blaze Kick|p1a: Excadrill
|-supereffective|p1a: Excadrill
|-crit|p1a: Excadrill
|-damage|p1a: Excadrill|0 fnt
|-enditem|p1a: Excadrill|Air Balloon
|faint|p1a: Excadrill
|
|-heal|p2a: Zeraora|79/100|[from] item: Leftovers
|upkeep
|-message|LT91BB Raizen forfeited.
|
|win|antarctozolt
|raw|LT91BB Raizen's rating: 1956 &rarr; <strong>1932</strong><br />(-24 for losing)
|raw|antarctozolt's rating: 1890 &rarr; <strong>1914</strong><br />(+24 for winning)
|l|☆LT91BB Raizen
|l|+kino
|j| Phxo'
|l| arbok13
|l|☆antarctozolt
|j| pop smoke
|l| yovan33321
|l| JooshP
|l| LT91BB Sensory
|l| edrala
|l| Storming Fog
|l| joeding
|l| Heinrich Kemmler
|l| CM Reuniclus
|l| LT91BB Isza
|l| CallMePrimal
|j| LT91BB Ahsan
|l| Barracades
|l| LT91BB Ahsan
||Ladder isn't responding, score probably updated but might not have (Request timeout).
|j| LT91BB Mimi
|l| Miss.mushroom
|l| Confusien
|l| vaguelone
|l| Phxo'
|l| LT91BB animefan
|l| DrasticLightning
|l| D Great Dane
|j| LT91BB Scizox
|j| Zirpurze
|l| Zirpurze
|l| ArianaBlonde
|l| LT91BB Scizox
|j| Nowelle
|j| LT91BB Dasmer
|l| Nowelle
|l| Drafeu-kun
|l| pop smoke
|l| Enoryu
|l| LT91BB ironwater
|l| More❀tto
|j| lt91bb star
|l| egal★vanc
|l| LT91BB Mimi
|j| joeding
|l| LT91BB Dasmer
|l| joeding
|j| Shoka
|l| MNLL Neuro
|l| Welli0u
|l| lt91bb star
|l| Shoka
|j| lt91bb star
