|raw|<div class="broadcast-blue"><strong>This battle is required to be public due to a player having a name starting with 'lt94je'.</div>
|j|☆lt94je pj
|j|☆Sww-Suwa
|t:|1661453119
|gametype|singles
|player|p1|lt94je pj|#wcop2022india|1664
|player|p2|Sww-Suwa|dawn-masters|1654
|teamsize|p1|6
|teamsize|p2|6
|gen|8
|tier|[Gen 8] OU
|rated|
|rule|Sleep Clause Mod: Limit one foe put to sleep
|rule|Species Clause: Limit one of each Pokémon
|rule|OHKO Clause: OHKO moves are banned
|rule|Evasion Items Clause: Evasion items are banned
|rule|Evasion Moves Clause: Evasion moves are banned
|rule|Endless Battle Clause: Forcing endless battles is banned
|rule|HP Percentage Mod: HP is shown in percentages
|rule|Dynamax Clause: You cannot dynamax
|clearpoke
|poke|p1|Garchomp, M|
|poke|p1|Landorus-Therian, M|
|poke|p1|Tapu Fini|
|poke|p1|Kartana|
|poke|p1|Tapu Lele|
|poke|p1|Magnezone|
|poke|p2|Obstagoon, F|
|poke|p2|Zeraora|
|poke|p2|Kartana|
|poke|p2|Landorus-Therian, M|
|poke|p2|Dragonite, M|
|poke|p2|Tapu Lele|
|teampreview
|c|☆Sww-Suwa|hf
|inactive|Battle timer is ON: inactive players will automatically lose when time's up. (requested by lt94je pj)
|
|t:|1661453134
|start
|switch|p1a: Landorus|Landorus-Therian, M|100/100
|switch|p2a: Landorus|Landorus-Therian, M|100/100
|-ability|p1a: Landorus|Intimidate|boost
|-unboost|p2a: Landorus|atk|1
|-ability|p2a: Landorus|Intimidate|boost
|-unboost|p1a: Landorus|atk|1
|turn|1
|
|t:|1661453141
|move|p1a: Landorus|Stealth Rock|p2a: Landorus
|-sidestart|p2: Sww-Suwa|move: Stealth Rock
|move|p2a: Landorus|Knock Off|p1a: Landorus
|-damage|p1a: Landorus|74/100
|-enditem|p1a: Landorus|Normal Gem|[from] move: Knock Off|[of] p2a: Landorus
|
|upkeep
|turn|2
|
|t:|1661453144
|move|p1a: Landorus|Knock Off|p2a: Landorus
|-damage|p2a: Landorus|75/100
|-enditem|p2a: Landorus|Leftovers|[from] move: Knock Off|[of] p1a: Landorus
|move|p2a: Landorus|Stealth Rock|p1a: Landorus
|-sidestart|p1: lt94je pj|move: Stealth Rock
|
|upkeep
|turn|3
|
|t:|1661453147
|move|p1a: Landorus|Knock Off|p2a: Landorus
|-damage|p2a: Landorus|60/100
|move|p2a: Landorus|U-turn|p1a: Landorus
|-resisted|p1a: Landorus
|-damage|p1a: Landorus|65/100
|
|t:|1661453154
|switch|p2a: Tapu Lele|Tapu Lele|100/100|[from]move: U-turn
|-damage|p2a: Tapu Lele|88/100|[from] Stealth Rock
|-fieldstart|move: Psychic Terrain|[from] ability: Psychic Surge|[of] p2a: Tapu Lele
|
|upkeep
|turn|4
|
|t:|1661453158
|move|p1a: Landorus|Explosion|p2a: Tapu Lele
|-damage|p2a: Tapu Lele|0 fnt
|faint|p1a: Landorus
|faint|p2a: Tapu Lele
|
|upkeep
|
|t:|1661453170
|switch|p1a: Kartana|Kartana|100/100
|switch|p2a: Obstagoon|Obstagoon, F|100/100
|-damage|p1a: Kartana|94/100|[from] Stealth Rock
|-damage|p2a: Obstagoon|88/100|[from] Stealth Rock
|turn|5
|
|t:|1661453175
|switch|p2a: Landorus|Landorus-Therian, M|60/100
|-damage|p2a: Landorus|47/100|[from] Stealth Rock
|-ability|p2a: Landorus|Intimidate|boost
|-unboost|p1a: Kartana|atk|1
|move|p1a: Kartana|Leaf Blade|p2a: Landorus
|-damage|p2a: Landorus|5/100
|
|upkeep
|turn|6
|
|t:|1661453179
|switch|p2a: Kartana|Kartana, shiny|100/100
|-damage|p2a: Kartana|94/100|[from] Stealth Rock
|move|p1a: Kartana|Leaf Blade|p2a: Kartana
|-resisted|p2a: Kartana
|-damage|p2a: Kartana|85/100
|
|upkeep
|turn|7
|
|t:|1661453185
|switch|p2a: Zeraora|Zeraora, shiny|100/100
|-damage|p2a: Zeraora|88/100|[from] Stealth Rock
|switch|p1a: Magnezone|Magnezone|100/100
|-damage|p1a: Magnezone|94/100|[from] Stealth Rock
|
|-fieldend|move: Psychic Terrain
|upkeep
|turn|8
|
|t:|1661453193
|switch|p1a: Garchomp|Garchomp, M|100/100
|-damage|p1a: Garchomp|94/100|[from] Stealth Rock
|move|p2a: Zeraora|Outrage|p1a: Garchomp
|-supereffective|p1a: Garchomp
|-damage|p1a: Garchomp|0 fnt
|-damage|p2a: Zeraora|76/100|[from] ability: Rough Skin|[of] p1a: Garchomp
|faint|p1a: Garchomp
|
|upkeep
|c|☆lt94je pj|,
|inactive|lt94je pj has 120 seconds left.
|
|t:|1661453242
|switch|p1a: Tapu Lele|Tapu Lele|100/100
|-damage|p1a: Tapu Lele|88/100|[from] Stealth Rock
|-fieldstart|move: Psychic Terrain|[from] ability: Psychic Surge|[of] p1a: Tapu Lele
|turn|9
|
|t:|1661453249
|move|p2a: Zeraora|Outrage|p1a: Tapu Lele|[from]lockedmove
|-immune|p1a: Tapu Lele
|-start|p2a: Zeraora|confusion|[fatigue]
|move|p1a: Tapu Lele|Psyshock|p2a: Zeraora
|-damage|p2a: Zeraora|0 fnt
|faint|p2a: Zeraora
|-damage|p1a: Tapu Lele|78/100|[from] item: Life Orb
|
|upkeep
|
|t:|1661453254
|switch|p2a: Obstagoon|Obstagoon, F|88/100
|-damage|p2a: Obstagoon|76/100|[from] Stealth Rock
|turn|10
|inactive|lt94je pj has 120 seconds left.
|
|t:|1661453261
|move|p2a: Obstagoon|Thunderbolt|p1a: Tapu Lele
|-damage|p1a: Tapu Lele|45/100
|move|p1a: Tapu Lele|Calm Mind|p1a: Tapu Lele
|-boost|p1a: Tapu Lele|spa|1
|-boost|p1a: Tapu Lele|spd|1
|
|upkeep
|turn|11
|
|t:|1661453267
|switch|p2a: Landorus|Landorus-Therian, M|5/100
|-damage|p2a: Landorus|0 fnt|[from] Stealth Rock
|faint|p2a: Landorus
|move|p1a: Tapu Lele|Draining Kiss|p2: Landorus|[notarget]
|-fail|p1a: Tapu Lele
|
|upkeep
|
|t:|1661453269
|switch|p2a: Kartana|Kartana, shiny|85/100
|-damage|p2a: Kartana|78/100|[from] Stealth Rock
|turn|12
|
|t:|1661453272
|switch|p1a: Magnezone|Magnezone|94/100
|-damage|p1a: Magnezone|88/100|[from] Stealth Rock
|move|p2a: Kartana|Knock Off|p1a: Magnezone
|-damage|p1a: Magnezone|56/100
|-damage|p2a: Kartana|62/100|[from] item: Rocky Helmet|[of] p1a: Magnezone
|-enditem|p1a: Magnezone|Rocky Helmet|[from] move: Knock Off|[of] p2a: Kartana
|
|upkeep
|turn|13
|
|t:|1661453275
|move|p2a: Kartana|Knock Off|p1a: Magnezone
|-damage|p1a: Magnezone|36/100
|move|p1a: Magnezone|Thunderbolt|p2a: Kartana
|-resisted|p2a: Kartana
|-damage|p2a: Kartana|0 fnt
|faint|p2a: Kartana
|
|-fieldend|move: Psychic Terrain
|upkeep
|
|t:|1661453281
|switch|p2a: Dragonite|Dragonite, M|100/100
|turn|14
|
|t:|1661453295
|switch|p1a: Tapu Fini|Tapu Fini|100/100
|-damage|p1a: Tapu Fini|88/100|[from] Stealth Rock
|-fieldstart|move: Misty Terrain|[from] ability: Misty Surge|[of] p1a: Tapu Fini
|move|p2a: Dragonite|Substitute|p2a: Dragonite
|-start|p2a: Dragonite|Substitute
|-damage|p2a: Dragonite|76/100
|
|-heal|p1a: Tapu Fini|94/100|[from] item: Leftovers
|upkeep
|turn|15
|
|t:|1661453304
|move|p1a: Tapu Fini|Draining Kiss|p2a: Dragonite
|-supereffective|p2a: Dragonite
|-end|p2a: Dragonite|Substitute
|-heal|p1a: Tapu Fini|100/100|[from] drain|[of] p2a: Dragonite
|move|p2a: Dragonite|Dragon Dance|p2a: Dragonite
|-boost|p2a: Dragonite|atk|1
|-boost|p2a: Dragonite|spe|1
|
|upkeep
|turn|16
|
|t:|1661453308
|move|p2a: Dragonite|Dragon Dance|p2a: Dragonite
|-boost|p2a: Dragonite|atk|1
|-boost|p2a: Dragonite|spe|1
|move|p1a: Tapu Fini|Draining Kiss|p2a: Dragonite
|-supereffective|p2a: Dragonite
|-damage|p2a: Dragonite|45/100
|
|upkeep
|turn|17
|
|t:|1661453313
|move|p2a: Dragonite|Roost|p2a: Dragonite
|-heal|p2a: Dragonite|95/100
|-singleturn|p2a: Dragonite|move: Roost
|move|p1a: Tapu Fini|Calm Mind|p1a: Tapu Fini
|-boost|p1a: Tapu Fini|spa|1
|-boost|p1a: Tapu Fini|spd|1
|
|upkeep
|turn|18
|
|t:|1661453315
|move|p2a: Dragonite|Dragon Dance|p2a: Dragonite
|-boost|p2a: Dragonite|atk|1
|-boost|p2a: Dragonite|spe|1
|move|p1a: Tapu Fini|Draining Kiss|p2a: Dragonite
|-supereffective|p2a: Dragonite
|-damage|p2a: Dragonite|46/100
|
|-fieldend|Misty Terrain
|upkeep
|turn|19
|j| CoronavirusEUW
|
|t:|1661453318
|move|p2a: Dragonite|Roost|p2a: Dragonite
|-heal|p2a: Dragonite|96/100
|-singleturn|p2a: Dragonite|move: Roost
|move|p1a: Tapu Fini|Draining Kiss|p2a: Dragonite
|-supereffective|p2a: Dragonite
|-damage|p2a: Dragonite|52/100
|
|upkeep
|turn|20
|
|t:|1661453322
|move|p2a: Dragonite|Roost|p2a: Dragonite
|-heal|p2a: Dragonite|100/100
|-singleturn|p2a: Dragonite|move: Roost
|move|p1a: Tapu Fini|Scald|p2a: Dragonite
|-resisted|p2a: Dragonite
|-damage|p2a: Dragonite|92/100
|
|upkeep
|turn|21
|
|t:|1661453325
|move|p2a: Dragonite|Dual Wingbeat|p1a: Tapu Fini
|-damage|p1a: Tapu Fini|53/100
|-damage|p1a: Tapu Fini|7/100
|-hitcount|p1a: Tapu Fini|2
|move|p1a: Tapu Fini|Draining Kiss|p2a: Dragonite
|-supereffective|p2a: Dragonite
|-damage|p2a: Dragonite|45/100
|-heal|p1a: Tapu Fini|55/100|[from] drain|[of] p2a: Dragonite
|
|-heal|p1a: Tapu Fini|61/100|[from] item: Leftovers
|upkeep
|turn|22
|
|t:|1661453331
|move|p2a: Dragonite|Dual Wingbeat|p1a: Tapu Fini
|-damage|p1a: Tapu Fini|13/100
|-damage|p1a: Tapu Fini|0 fnt
|faint|p1a: Tapu Fini
|-hitcount|p1: Tapu Fini|2
|
|upkeep
|
|t:|1661453336
|switch|p1a: Kartana|Kartana|94/100
|-damage|p1a: Kartana|88/100|[from] Stealth Rock
|turn|23
|
|t:|1661453339
|move|p2a: Dragonite|Roost|p2a: Dragonite
|-heal|p2a: Dragonite|95/100
|-singleturn|p2a: Dragonite|move: Roost
|move|p1a: Kartana|Smart Strike|p2a: Dragonite
|-damage|p2a: Dragonite|52/100
|
|upkeep
|turn|24
|
|t:|1661453342
|move|p2a: Dragonite|Roost|p2a: Dragonite
|-heal|p2a: Dragonite|100/100
|-singleturn|p2a: Dragonite|move: Roost
|move|p1a: Kartana|Smart Strike|p2a: Dragonite
|-damage|p2a: Dragonite|79/100
|
|upkeep
|turn|25
|
|t:|1661453349
|move|p2a: Dragonite|Dual Wingbeat|p1a: Kartana
|-damage|p1a: Kartana|39/100
|-damage|p1a: Kartana|0 fnt
|faint|p1a: Kartana
|-hitcount|p1: Kartana|2
|
|upkeep
|-message|lt94je pj forfeited.
|
|win|Sww-Suwa
|raw|lt94je pj's rating: 1664 &rarr; <strong>1643</strong><br />(-21 for losing)
|raw|Sww-Suwa's rating: 1654 &rarr; <strong>1675</strong><br />(+21 for winning)
|l|☆lt94je pj
|c|☆Sww-Suwa|gg
|l|☆Sww-Suwa
|j|☆Sww-Suwa
|player|p2|Sww-Suwa|dawn-masters
||Ladder isn't responding, score probably updated but might not have (Request timeout).
