|j|☆Sp0oNl0rD
|j|☆husbando kujo
|t:|1644294718
|gametype|singles
|player|p1|Sp0oNl0rD|cyrus|1612
|player|p2|husbando kujo|ingo|1645
|teamsize|p1|6
|teamsize|p2|6
|gen|8
|tier|[Gen 8] OU
|rated|
|rule|Sleep Clause Mod: Limit one foe put to sleep
|rule|Species Clause: Limit one of each Pokémon
|rule|OHKO Clause: OHKO moves are banned
|rule|Evasion Moves Clause: Evasion moves are banned
|rule|Endless Battle Clause: Forcing endless battles is banned
|rule|HP Percentage Mod: HP is shown in percentages
|rule|Dynamax Clause: You cannot dynamax
|clearpoke
|poke|p1|Kommo-o, M|
|poke|p1|Landorus-Therian, M|
|poke|p1|Weavile, F|
|poke|p1|Zapdos-Galar|
|poke|p1|Melmetal|
|poke|p1|Celesteela|
|poke|p2|Landorus-Therian, M|
|poke|p2|Zeraora|
|poke|p2|Heatran, F|
|poke|p2|Tapu Fini|
|poke|p2|Blacephalon|
|poke|p2|Corviknight, M|
|teampreview
|inactive|Battle timer is ON: inactive players will automatically lose when time's up. (requested by Sp0oNl0rD)
|inactive|husbando kujo has 120 seconds left.
|j| HOF69
|
|t:|1644294762
|start
|switch|p1a: Landorus|Landorus-Therian, M|100/100
|switch|p2a: Landorus|Landorus-Therian, M|100/100
|-ability|p1a: Landorus|Intimidate|boost
|-unboost|p2a: Landorus|atk|1
|-ability|p2a: Landorus|Intimidate|boost
|-unboost|p1a: Landorus|atk|1
|turn|1
|
|t:|1644294777
|move|p1a: Landorus|Stealth Rock|p2a: Landorus
|-sidestart|p2: husbando kujo|move: Stealth Rock
|move|p2a: Landorus|Toxic|p1a: Landorus
|-status|p1a: Landorus|tox
|
|-damage|p1a: Landorus|95/100 tox|[from] psn
|upkeep
|turn|2
|
|t:|1644294779
|move|p1a: Landorus|Swords Dance|p1a: Landorus
|-boost|p1a: Landorus|atk|2
|move|p2a: Landorus|Stealth Rock|p1a: Landorus
|-sidestart|p1: Sp0oNl0rD|move: Stealth Rock
|
|-damage|p1a: Landorus|83/100 tox|[from] psn
|upkeep
|turn|3
|
|t:|1644294783
|move|p1a: Landorus|Explosion|p2a: Landorus
|-damage|p2a: Landorus|0 fnt
|faint|p1a: Landorus
|faint|p2a: Landorus
|
|upkeep
|
|t:|1644294792
|switch|p1a: Melmetal|Melmetal|100/100
|switch|p2a: Zeraora|Zeraora|100/100
|-damage|p1a: Melmetal|94/100|[from] Stealth Rock
|turn|4
|
|t:|1644294795
|move|p2a: Zeraora|Volt Switch|p1a: Melmetal
|-crit|p1a: Melmetal
|-damage|p1a: Melmetal|75/100
|
|t:|1644294798
|switch|p2a: Corviknight|Corviknight, M|100/100|[from]move: Volt Switch
|-damage|p2a: Corviknight|88/100|[from] Stealth Rock
|-ability|p2a: Corviknight|Pressure
|move|p1a: Melmetal|Superpower|p2a: Corviknight
|-damage|p2a: Corviknight|56/100
|-unboost|p1a: Melmetal|atk|1
|-unboost|p1a: Melmetal|def|1
|-damage|p1a: Melmetal|58/100|[from] item: Rocky Helmet|[of] p2a: Corviknight
|
|upkeep
|turn|5
|
|t:|1644294802
|switch|p1a: Zapdos|Zapdos-Galar|100/100
|-damage|p1a: Zapdos|88/100|[from] Stealth Rock
|move|p2a: Corviknight|Roost|p2a: Corviknight
|-heal|p2a: Corviknight|100/100
|-singleturn|p2a: Corviknight|move: Roost
|
|upkeep
|turn|6
|
|t:|1644294807
|move|p1a: Zapdos|U-turn|p2a: Corviknight
|-resisted|p2a: Corviknight
|-damage|p2a: Corviknight|95/100
|-damage|p1a: Zapdos|72/100|[from] item: Rocky Helmet|[of] p2a: Corviknight
|
|t:|1644294808
|switch|p1a: Celesteela|Celesteela|100/100|[from]move: U-turn
|-damage|p1a: Celesteela|88/100|[from] Stealth Rock
|move|p2a: Corviknight|Brave Bird|p1a: Celesteela
|-resisted|p1a: Celesteela
|-damage|p1a: Celesteela|70/100
|-damage|p2a: Corviknight|90/100|[from] Recoil
|
|upkeep
|turn|7
|
|t:|1644294814
|switch|p2a: Heatran|Heatran, F|100/100
|-damage|p2a: Heatran|88/100|[from] Stealth Rock
|move|p1a: Celesteela|Flamethrower|p2a: Heatran
|-start|p2a: Heatran|ability: Flash Fire
|
|-heal|p2a: Heatran|94/100|[from] item: Leftovers
|upkeep
|turn|8
|
|t:|1644294821
|move|p2a: Heatran|Magma Storm|p1a: Celesteela|[miss]
|-miss|p2a: Heatran|p1a: Celesteela
|move|p1a: Celesteela|Meteor Beam||[still]
|-prepare|p1a: Celesteela|Meteor Beam
|-boost|p1a: Celesteela|spa|1
|-enditem|p1a: Celesteela|Power Herb
|-anim|p1a: Celesteela|Meteor Beam|p2a: Heatran
|-damage|p2a: Heatran|50/100
|
|-heal|p2a: Heatran|56/100|[from] item: Leftovers
|upkeep
|turn|9
|
|t:|1644294824
|move|p2a: Heatran|Magma Storm|p1a: Celesteela
|-supereffective|p1a: Celesteela
|-damage|p1a: Celesteela|0 fnt
|faint|p1a: Celesteela
|
|-heal|p2a: Heatran|62/100|[from] item: Leftovers
|upkeep
|
|t:|1644294826
|switch|p1a: Kommo-o|Kommo-o, M|100/100
|-damage|p1a: Kommo-o|94/100|[from] Stealth Rock
|turn|10
|
|t:|1644294830
|-end|p2a: Heatran|ability: Flash Fire|[silent]
|switch|p2a: WUSYANAME|Tapu Fini|100/100
|-damage|p2a: WUSYANAME|88/100|[from] Stealth Rock
|-fieldstart|move: Misty Terrain|[from] ability: Misty Surge|[of] p2a: WUSYANAME
|move|p1a: Kommo-o|Earthquake|p2a: WUSYANAME
|-damage|p2a: WUSYANAME|59/100
|-damage|p1a: Kommo-o|84/100|[from] item: Life Orb
|
|-heal|p2a: WUSYANAME|65/100|[from] item: Leftovers
|upkeep
|turn|11
|j| HarryPoggerrs
|
|t:|1644294835
|switch|p1a: Melmetal|Melmetal|58/100
|-damage|p1a: Melmetal|52/100|[from] Stealth Rock
|move|p2a: WUSYANAME|Calm Mind|p2a: WUSYANAME
|-boost|p2a: WUSYANAME|spa|1
|-boost|p2a: WUSYANAME|spd|1
|
|-heal|p2a: WUSYANAME|71/100|[from] item: Leftovers
|upkeep
|turn|12
|
|t:|1644294837
|switch|p2a: Corviknight|Corviknight, M|90/100
|-damage|p2a: Corviknight|78/100|[from] Stealth Rock
|-ability|p2a: Corviknight|Pressure
|move|p1a: Melmetal|Thunder Punch|p2a: Corviknight
|-supereffective|p2a: Corviknight
|-damage|p2a: Corviknight|30/100
|-damage|p1a: Melmetal|36/100|[from] item: Rocky Helmet|[of] p2a: Corviknight
|
|upkeep
|turn|13
|
|t:|1644294840
|move|p2a: Corviknight|Roost|p2a: Corviknight
|-heal|p2a: Corviknight|80/100
|-singleturn|p2a: Corviknight|move: Roost
|move|p1a: Melmetal|Superpower|p2a: Corviknight
|-supereffective|p2a: Corviknight
|-damage|p2a: Corviknight|18/100
|-unboost|p1a: Melmetal|atk|1
|-unboost|p1a: Melmetal|def|1
|-damage|p1a: Melmetal|19/100|[from] item: Rocky Helmet|[of] p2a: Corviknight
|
|upkeep
|turn|14
|
|t:|1644294843
|move|p2a: Corviknight|Roost|p2a: Corviknight
|-heal|p2a: Corviknight|68/100
|-singleturn|p2a: Corviknight|move: Roost
|move|p1a: Melmetal|Superpower|p2a: Corviknight
|-supereffective|p2a: Corviknight
|-damage|p2a: Corviknight|26/100
|-unboost|p1a: Melmetal|atk|1
|-unboost|p1a: Melmetal|def|1
|-damage|p1a: Melmetal|3/100|[from] item: Rocky Helmet|[of] p2a: Corviknight
|
|-fieldend|Misty Terrain
|upkeep
|turn|15
|
|t:|1644294852
|move|p2a: Corviknight|Defog|p1a: Melmetal
|-unboost|p1a: Melmetal|evasion|1
|-sideend|p1: Sp0oNl0rD|Stealth Rock|[from] move: Defog|[of] p2a: Corviknight
|-sideend|p2: husbando kujo|Stealth Rock|[from] move: Defog|[of] p2a: Corviknight
|move|p1a: Melmetal|Superpower|p2a: Corviknight
|-damage|p2a: Corviknight|11/100
|-unboost|p1a: Melmetal|atk|1
|-unboost|p1a: Melmetal|def|1
|-damage|p1a: Melmetal|0 fnt|[from] item: Rocky Helmet|[of] p2a: Corviknight
|faint|p1a: Melmetal
|
|upkeep
|
|t:|1644294856
|switch|p1a: Weavile|Weavile, F|100/100
|-ability|p1a: Weavile|Pressure
|turn|16
|
|t:|1644294859
|move|p1a: Weavile|Swords Dance|p1a: Weavile
|-boost|p1a: Weavile|atk|2
|move|p2a: Corviknight|Roost|p2a: Corviknight
|-heal|p2a: Corviknight|61/100
|-singleturn|p2a: Corviknight|move: Roost
|
|upkeep
|turn|17
|
|t:|1644294862
|move|p1a: Weavile|Swords Dance|p1a: Weavile
|-boost|p1a: Weavile|atk|2
|move|p2a: Corviknight|Brave Bird|p1a: Weavile
|-damage|p1a: Weavile|42/100
|-damage|p2a: Corviknight|47/100|[from] Recoil
|
|upkeep
|turn|18
|
|t:|1644294867
|move|p1a: Weavile|Ice Shard|p2a: Corviknight
|-damage|p2a: Corviknight|0 fnt
|faint|p2a: Corviknight
|-damage|p1a: Weavile|33/100|[from] item: Life Orb
|
|upkeep
|
|t:|1644294874
|switch|p2a: WUSYANAME|Tapu Fini|71/100
|-fieldstart|move: Misty Terrain|[from] ability: Misty Surge|[of] p2a: WUSYANAME
|turn|19
|
|t:|1644294876
|move|p1a: Weavile|Knock Off|p2a: WUSYANAME
|-resisted|p2a: WUSYANAME
|-damage|p2a: WUSYANAME|0 fnt
|-enditem|p2a: WUSYANAME|Leftovers|[from] move: Knock Off|[of] p1a: Weavile
|faint|p2a: WUSYANAME
|-damage|p1a: Weavile|23/100|[from] item: Life Orb
|
|upkeep
|
|t:|1644294883
|switch|p2a: Zeraora|Zeraora|100/100
|turn|20
|
|t:|1644294886
|move|p1a: Weavile|Ice Shard|p2a: Zeraora
|-damage|p2a: Zeraora|0 fnt
|faint|p2a: Zeraora
|-damage|p1a: Weavile|13/100|[from] item: Life Orb
|
|upkeep
|
|t:|1644294891
|switch|p2a: Blacephalon|Blacephalon|100/100
|turn|21
|
|t:|1644294894
|move|p1a: Weavile|Ice Shard|p2a: Blacephalon
|-resisted|p2a: Blacephalon
|-damage|p2a: Blacephalon|0 fnt
|faint|p2a: Blacephalon
|-damage|p1a: Weavile|3/100|[from] item: Life Orb
|
|upkeep
|
|t:|1644294896
|switch|p2a: Heatran|Heatran, F|62/100
|turn|22
|c|☆Sp0oNl0rD|gg
|c|☆husbando kujo|gg
|
|t:|1644294902
|move|p1a: Weavile|Low Kick|p2a: Heatran
|-supereffective|p2a: Heatran
|-damage|p2a: Heatran|0 fnt
|faint|p2a: Heatran
|-damage|p1a: Weavile|0 fnt|[from] item: Life Orb
|faint|p1a: Weavile
|
|win|Sp0oNl0rD
|raw|Sp0oNl0rD's rating: 1612 &rarr; <strong>1634</strong><br />(+22 for winning)
|raw|husbando kujo's rating: 1645 &rarr; <strong>1623</strong><br />(-22 for losing)
|l|☆husbando kujo
|l| HarryPoggerrs
|l| HOF69
