|j|☆PoobleMaster945
|j|☆Shotintheheart
|t:|1662417558
|gametype|singles
|player|p1|PoobleMaster945|pokemaniac|1658
|player|p2|Shotintheheart|266|1729
|teamsize|p1|6
|teamsize|p2|6
|gen|8
|tier|[Gen 8] OU
|rated|
|rule|Sleep Clause Mod: Limit one foe put to sleep
|rule|Species Clause: Limit one of each Pokémon
|rule|OHKO Clause: OHKO moves are banned
|rule|Evasion Items Clause: Evasion items are banned
|rule|Evasion Moves Clause: Evasion moves are banned
|rule|Endless Battle Clause: Forcing endless battles is banned
|rule|HP Percentage Mod: HP is shown in percentages
|rule|Dynamax Clause: You cannot dynamax
|clearpoke
|poke|p1|Torkoal, M|
|poke|p1|Venusaur, F|
|poke|p1|Heliolisk, M|
|poke|p1|Garchomp, M|
|poke|p1|Mamoswine, M|
|poke|p1|Volcanion|
|poke|p2|Rillaboom, F|
|poke|p2|Zapdos|
|poke|p2|Obstagoon, M|
|poke|p2|Heatran, M|
|poke|p2|Tapu Fini|
|poke|p2|Swampert, F|
|teampreview
|c|☆PoobleMaster945|glhf
|j| KappaHalo
|c|☆Shotintheheart|u2
|
|t:|1662417576
|start
|switch|p1a: Venus|Venusaur, F|100/100
|switch|p2a: Swampert|Swampert, F|100/100
|turn|1
|
|t:|1662417585
|switch|p2a: Heatran|Heatran, M|100/100
|move|p1a: Venus|Giga Drain|p2a: Heatran
|-resisted|p2a: Heatran
|-damage|p2a: Heatran|89/100
|-damage|p1a: Venus|91/100|[from] item: Life Orb
|
|upkeep
|turn|2
|
|t:|1662417594
|switch|p1a: Ol' Reliable|Volcanion|100/100
|move|p2a: Heatran|Toxic|p1a: Ol' Reliable
|-status|p1a: Ol' Reliable|tox
|
|-damage|p1a: Ol' Reliable|95/100 tox|[from] psn
|upkeep
|turn|3
|
|t:|1662417619
|switch|p2a: Tapu Fini|Tapu Fini|100/100
|-fieldstart|move: Misty Terrain|[from] ability: Misty Surge|[of] p2a: Tapu Fini
|move|p1a: Ol' Reliable|Steam Eruption|p2a: Tapu Fini
|-resisted|p2a: Tapu Fini
|-damage|p2a: Tapu Fini|79/100
|
|-heal|p2a: Tapu Fini|85/100|[from] item: Leftovers
|-damage|p1a: Ol' Reliable|83/100 tox|[from] psn
|upkeep
|turn|4
|j| Ahamkeira
|
|t:|1662417653
|switch|p1a: Torkool|Torkoal, M|100/100
|-weather|SunnyDay|[from] ability: Drought|[of] p1a: Torkool
|switch|p2a: Swampert|Swampert, F|100/100
|
|-weather|SunnyDay|[upkeep]
|upkeep
|turn|5
|
|t:|1662417697
|switch|p1a: Venus|Venusaur, F|91/100
|move|p2a: Swampert|High Horsepower|p1a: Venus
|-damage|p1a: Venus|47/100
|
|-weather|SunnyDay|[upkeep]
|upkeep
|turn|6
|
|t:|1662417717
|move|p1a: Venus|Growth|p1a: Venus
|-boost|p1a: Venus|atk|2
|-boost|p1a: Venus|spa|2
|move|p2a: Swampert|High Horsepower|p1a: Venus
|-damage|p1a: Venus|0 fnt
|faint|p1a: Venus
|
|-weather|SunnyDay|[upkeep]
|upkeep
|
|t:|1662417720
|switch|p1a: Garchamp|Garchomp, M|100/100
|turn|7
|
|t:|1662417759
|move|p1a: Garchamp|Swords Dance|p1a: Garchamp
|-boost|p1a: Garchamp|atk|2
|move|p2a: Swampert|Flip Turn|p1a: Garchamp
|-damage|p1a: Garchamp|90/100
|-damage|p2a: Swampert|88/100|[from] ability: Rough Skin|[of] p1a: Garchamp
|j| I'll forfite
|
|t:|1662417793
|switch|p2a: Rillaboom|Rillaboom, F|100/100|[from]move: Flip Turn
|-fieldstart|move: Grassy Terrain|[from] ability: Grassy Surge|[of] p2a: Rillaboom
|
|-weather|SunnyDay|[upkeep]
|-heal|p1a: Garchamp|96/100|[from] Grassy Terrain
|-heal|p1a: Garchamp|100/100|[from] item: Leftovers
|upkeep
|turn|8
|
|t:|1662417805
|move|p2a: Rillaboom|Grassy Glide|p1a: Garchamp
|-damage|p1a: Garchamp|33/100
|-damage|p2a: Rillaboom|88/100|[from] ability: Rough Skin|[of] p1a: Garchamp
|move|p1a: Garchamp|Fire Fang|p2a: Rillaboom
|-supereffective|p2a: Rillaboom
|-damage|p2a: Rillaboom|0 fnt
|faint|p2a: Rillaboom
|
|-weather|SunnyDay|[upkeep]
|-heal|p1a: Garchamp|39/100|[from] Grassy Terrain
|-heal|p1a: Garchamp|45/100|[from] item: Leftovers
|upkeep
|j| ilc3999
|
|t:|1662417838
|switch|p2a: Obstagoon|Obstagoon, M|100/100
|turn|9
|l| ilc3999
|
|t:|1662417849
|switch|p1a: Ol' Reliable|Volcanion|83/100 tox
|move|p2a: Obstagoon|Obstruct||[still]
|-fail|p2a: Obstagoon
|
|-weather|SunnyDay|[upkeep]
|-heal|p1a: Ol' Reliable|89/100 tox|[from] Grassy Terrain
|-damage|p1a: Ol' Reliable|83/100 tox|[from] psn
|-status|p2a: Obstagoon|brn|[from] item: Flame Orb
|upkeep
|turn|10
|j| ilc3999
|l| ilc3999
|
|t:|1662417864
|move|p1a: Ol' Reliable|Flamethrower|p2a: Obstagoon
|-damage|p2a: Obstagoon|14/100 brn
|move|p2a: Obstagoon|Facade|p1a: Ol' Reliable
|-damage|p1a: Ol' Reliable|0 fnt
|faint|p1a: Ol' Reliable
|
|-weather|SunnyDay|[upkeep]
|-heal|p2a: Obstagoon|20/100 brn|[from] Grassy Terrain
|-damage|p2a: Obstagoon|14/100 brn|[from] brn
|upkeep
|
|t:|1662417873
|switch|p1a: Mannieswine|Mamoswine, M|100/100
|turn|11
|j| nublet2
|
|t:|1662417886
|move|p1a: Mannieswine|Ice Shard|p2a: Obstagoon
|-damage|p2a: Obstagoon|0 fnt
|faint|p2a: Obstagoon
|
|-weather|none
|-fieldend|move: Grassy Terrain
|upkeep
|
|t:|1662417895
|switch|p2a: Swampert|Swampert, F|88/100
|turn|12
|
|t:|1662417900
|move|p1a: Mannieswine|Earthquake|p2a: Swampert
|-damage|p2a: Swampert|41/100
|move|p2a: Swampert|Flip Turn|p1a: Mannieswine
|-supereffective|p1a: Mannieswine
|-damage|p1a: Mannieswine|53/100
|
|t:|1662417908
|switch|p2a: Heatran|Heatran, M|89/100|[from]move: Flip Turn
|
|upkeep
|turn|13
|
|t:|1662417909
|move|p2a: Heatran|Eruption|p1a: Mannieswine
|-supereffective|p1a: Mannieswine
|-damage|p1a: Mannieswine|0 fnt
|faint|p1a: Mannieswine
|
|upkeep
|
|t:|1662417915
|switch|p1a: Garchamp|Garchomp, M|45/100
|turn|14
|
|t:|1662417918
|move|p2a: Heatran|Eruption|p1a: Garchamp
|-resisted|p1a: Garchamp
|-damage|p1a: Garchamp|7/100
|move|p1a: Garchamp|Earthquake|p2a: Heatran
|-supereffective|p2a: Heatran
|-damage|p2a: Heatran|0 fnt
|faint|p2a: Heatran
|
|-heal|p1a: Garchamp|13/100|[from] item: Leftovers
|upkeep
|j| BaconBunz 1
|j| yoyolord
|l| BaconBunz 1
|
|t:|1662417931
|switch|p2a: Zapdos|Zapdos, shiny|100/100
|turn|15
|
|t:|1662417934
|move|p1a: Garchamp|Scale Shot|p2a: Zapdos
|-damage|p2a: Zapdos|92/100
|-damage|p2a: Zapdos|83/100
|-hitcount|p2a: Zapdos|2
|-unboost|p1a: Garchamp|def|1
|-boost|p1a: Garchamp|spe|1
|move|p2a: Zapdos|Hurricane|p1a: Garchamp
|-damage|p1a: Garchamp|0 fnt
|faint|p1a: Garchamp
|
|upkeep
|
|t:|1662417935
|switch|p1a: Torkool|Torkoal, M|100/100
|-weather|SunnyDay|[from] ability: Drought|[of] p1a: Torkool
|turn|16
|
|t:|1662417946
|move|p2a: Zapdos|Volt Switch|p1a: Torkool
|-damage|p1a: Torkool|64/100
|
|t:|1662417953
|switch|p2a: Tapu Fini|Tapu Fini|85/100|[from]move: Volt Switch
|-fieldstart|move: Misty Terrain|[from] ability: Misty Surge|[of] p2a: Tapu Fini
|move|p1a: Torkool|Yawn|p2a: Tapu Fini
|-start|p2a: Tapu Fini|move: Yawn|[of] p1a: Torkool
|
|-weather|SunnyDay|[upkeep]
|-heal|p2a: Tapu Fini|91/100|[from] item: Leftovers
|upkeep
|turn|17
|
|t:|1662417962
|switch|p1a: Helios|Heliolisk, M, shiny|100/100
|move|p2a: Tapu Fini|Calm Mind|p2a: Tapu Fini
|-boost|p2a: Tapu Fini|spa|1
|-boost|p2a: Tapu Fini|spd|1
|
|-weather|SunnyDay|[upkeep]
|-damage|p1a: Helios|88/100|[from] ability: Solar Power|[of] p1a: Helios
|-heal|p2a: Tapu Fini|97/100|[from] item: Leftovers
|-end|p2a: Tapu Fini|move: Yawn|[silent]
|-activate|p2a: Tapu Fini|move: Misty Terrain
|upkeep
|turn|18
|
|t:|1662417973
|move|p1a: Helios|Thunderbolt|p2a: Tapu Fini
|-supereffective|p2a: Tapu Fini
|-damage|p2a: Tapu Fini|27/100
|move|p2a: Tapu Fini|Draining Kiss|p1a: Helios
|-damage|p1a: Helios|54/100
|-heal|p2a: Tapu Fini|47/100|[from] drain|[of] p1a: Helios
|
|-weather|SunnyDay|[upkeep]
|-damage|p1a: Helios|41/100|[from] ability: Solar Power|[of] p1a: Helios
|-heal|p2a: Tapu Fini|53/100|[from] item: Leftovers
|upkeep
|turn|19
|
|t:|1662417983
|switch|p1a: Torkool|Torkoal, M|64/100
|switch|p2a: Swampert|Swampert, F|41/100
|
|-weather|SunnyDay|[upkeep]
|-heal|p2a: Swampert|47/100|[from] item: Leftovers
|upkeep
|turn|20
|
|t:|1662417989
|move|p2a: Swampert|High Horsepower|p1a: Torkool
|-supereffective|p1a: Torkool
|-damage|p1a: Torkool|22/100
|move|p1a: Torkool|Yawn|p2a: Swampert
|-start|p2a: Swampert|move: Yawn|[of] p1a: Torkool
|
|-weather|SunnyDay|[upkeep]
|-heal|p2a: Swampert|53/100|[from] item: Leftovers
|-fieldend|Misty Terrain
|upkeep
|turn|21
|
|t:|1662418000
|move|p1a: Torkool|Protect|p1a: Torkool
|-singleturn|p1a: Torkool|Protect
|move|p2a: Swampert|Flip Turn|p1a: Torkool
|-activate|p1a: Torkool|move: Protect
|
|-weather|SunnyDay|[upkeep]
|-heal|p2a: Swampert|60/100|[from] item: Leftovers
|-end|p2a: Swampert|move: Yawn|[silent]
|-status|p2a: Swampert|slp
|upkeep
|turn|22
|
|t:|1662418003
|switch|p1a: Helios|Heliolisk, M, shiny|41/100
|cant|p2a: Swampert|slp
|
|-weather|SunnyDay|[upkeep]
|-damage|p1a: Helios|29/100|[from] ability: Solar Power|[of] p1a: Helios
|-heal|p2a: Swampert|66/100 slp|[from] item: Leftovers
|upkeep
|turn|23
|
|t:|1662418009
|switch|p2a: Zapdos|Zapdos, shiny|83/100
|move|p1a: Helios|Hyper Voice|p2a: Zapdos
|-damage|p2a: Zapdos|25/100
|
|-weather|none
|upkeep
|turn|24
|l| KappaHalo
|
|t:|1662418020
|move|p1a: Helios|Hyper Voice|p2a: Zapdos
|-damage|p2a: Zapdos|0 fnt
|faint|p2a: Zapdos
|
|upkeep
|j| KappaHalo
|l| KappaHalo
|
|t:|1662418025
|switch|p2a: Tapu Fini|Tapu Fini|53/100
|-fieldstart|move: Misty Terrain|[from] ability: Misty Surge|[of] p2a: Tapu Fini
|turn|25
|
|t:|1662418030
|switch|p1a: Torkool|Torkoal, M|22/100
|-weather|SunnyDay|[from] ability: Drought|[of] p1a: Torkool
|move|p2a: Tapu Fini|Scald|p1a: Torkool
|-supereffective|p1a: Torkool
|-damage|p1a: Torkool|0 fnt
|faint|p1a: Torkool
|
|-weather|SunnyDay|[upkeep]
|-heal|p2a: Tapu Fini|59/100|[from] item: Leftovers
|upkeep
|
|t:|1662418031
|switch|p1a: Helios|Heliolisk, M, shiny|29/100
|turn|26
|
|t:|1662418037
|move|p1a: Helios|Hyper Voice|p2a: Tapu Fini
|-damage|p2a: Tapu Fini|6/100
|move|p2a: Tapu Fini|Draining Kiss|p1a: Helios
|-damage|p1a: Helios|6/100
|-heal|p2a: Tapu Fini|20/100|[from] drain|[of] p1a: Helios
|
|-weather|SunnyDay|[upkeep]
|-damage|p1a: Helios|0 fnt|[from] ability: Solar Power|[of] p1a: Helios
|faint|p1a: Helios
|
|win|Shotintheheart
|upkeep
|raw|PoobleMaster945's rating: 1658 &rarr; <strong>1642</strong><br />(-16 for losing)
|raw|Shotintheheart's rating: 1729 &rarr; <strong>1745</strong><br />(+16 for winning)
|c|☆PoobleMaster945|gg wp
|c|☆Shotintheheart|gg
|c|☆Shotintheheart|u2
|l|☆Shotintheheart
|l|☆PoobleMaster945
