|j|☆LT92PF Shoot
|j|‽hypervortexreturns
|t:|1659754556
|gametype|singles
|player|p1|LT92PF Shoot|blue-gen7|1763
|player|p2|hypervortexreturns|2|1881
|teamsize|p1|6
|teamsize|p2|6
|gen|8
|tier|[Gen 8] OU
|rated|
|rule|Sleep Clause Mod: Limit one foe put to sleep
|rule|Species Clause: Limit one of each Pokémon
|rule|OHKO Clause: OHKO moves are banned
|rule|Evasion Items Clause: Evasion items are banned
|rule|Evasion Moves Clause: Evasion moves are banned
|rule|Endless Battle Clause: Forcing endless battles is banned
|rule|HP Percentage Mod: HP is shown in percentages
|rule|Dynamax Clause: You cannot dynamax
|clearpoke
|poke|p1|Tapu Koko|
|poke|p1|Regieleki|
|poke|p1|Dragonite, F|
|poke|p1|Mew|
|poke|p1|Melmetal|
|poke|p1|Buzzwole|
|poke|p2|Hydreigon, F|
|poke|p2|Excadrill, F|
|poke|p2|Azumarill, M|
|poke|p2|Corviknight, M|
|poke|p2|Zapdos|
|poke|p2|Tangrowth, F|
|teampreview
|
|t:|1659754570
|start
|switch|p1a: blue period|Mew, shiny|100/100
|switch|p2a: Hydreigon|Hydreigon, F|100/100
|turn|1
|inactive|Battle timer is ON: inactive players will automatically lose when time's up. (requested by LT92PF Shoot)
|
|t:|1659754577
|move|p1a: blue period|Thunder Wave|p2a: Hydreigon
|-status|p2a: Hydreigon|par
|move|p2a: Hydreigon|Dark Pulse|p1a: blue period
|-supereffective|p1a: blue period
|-damage|p1a: blue period|46/100
|-enditem|p1a: blue period|Red Card|[of] p2a: Hydreigon
|drag|p2a: Azumarill|Azumarill, M|100/100
|
|upkeep
|turn|2
|j| zaaya ◜‿◝
|
|t:|1659754594
|move|p1a: blue period|Stealth Rock|p2a: Azumarill
|-sidestart|p2: hypervortexreturns|move: Stealth Rock
|move|p2a: Azumarill|Knock Off|p1a: blue period
|-supereffective|p1a: blue period
|-damage|p1a: blue period|0 fnt
|faint|p1a: blue period
|
|upkeep
|j| LegendaryC26
|j| alley poops
|l| LegendaryC26
|
|t:|1659754610
|switch|p1a: toguro|Melmetal, shiny|100/100
|turn|3
|
|t:|1659754618
|switch|p2a: Tangrowth|Tangrowth, F|100/100
|-damage|p2a: Tangrowth|88/100|[from] Stealth Rock
|move|p1a: toguro|Thunder Punch|p2a: Tangrowth
|-resisted|p2a: Tangrowth
|-damage|p2a: Tangrowth|78/100
|-damage|p1a: toguro|84/100|[from] item: Rocky Helmet|[of] p2a: Tangrowth
|
|upkeep
|turn|4
|j| LT92PF TistieyZ
|
|t:|1659754636
|move|p2a: Tangrowth|Knock Off|p1a: toguro
|-damage|p1a: toguro|72/100
|-enditem|p1a: toguro|Assault Vest|[from] move: Knock Off|[of] p2a: Tangrowth
|move|p1a: toguro|Ice Punch|p2a: Tangrowth
|-supereffective|p2a: Tangrowth
|-damage|p2a: Tangrowth|36/100
|-damage|p1a: toguro|56/100|[from] item: Rocky Helmet|[of] p2a: Tangrowth
|
|upkeep
|turn|5
|j| tapu moxo
|j| dmt dreams
|
|t:|1659754659
|move|p2a: Tangrowth|Sleep Powder|p1a: toguro|[miss]
|-miss|p2a: Tangrowth|p1a: toguro
|move|p1a: toguro|Ice Punch|p2a: Tangrowth
|-supereffective|p2a: Tangrowth
|-damage|p2a: Tangrowth|0 fnt
|-damage|p1a: toguro|39/100|[from] item: Rocky Helmet|[of] p2a: Tangrowth
|faint|p2a: Tangrowth
|
|upkeep
|
|t:|1659754673
|switch|p2a: Excadrill|Excadrill, F|100/100
|-damage|p2a: Excadrill|97/100|[from] Stealth Rock
|turn|6
|
|t:|1659754678
|move|p2a: Excadrill|Earthquake|p1a: toguro
|-supereffective|p1a: toguro
|-damage|p1a: toguro|0 fnt
|faint|p1a: toguro
|
|-heal|p2a: Excadrill|100/100|[from] item: Leftovers
|upkeep
|
|t:|1659754684
|switch|p1a: ameno-sagiri|Buzzwole|100/100
|turn|7
|
|t:|1659754692
|switch|p2a: Zapdos|Zapdos|100/100
|move|p1a: ameno-sagiri|Close Combat|p2a: Zapdos
|-resisted|p2a: Zapdos
|-damage|p2a: Zapdos|68/100
|-unboost|p1a: ameno-sagiri|def|1
|-unboost|p1a: ameno-sagiri|spd|1
|
|upkeep
|turn|8
|
|t:|1659754704
|switch|p1a: asta|Tapu Koko, shiny|100/100
|-fieldstart|move: Electric Terrain|[from] ability: Electric Surge|[of] p1a: asta
|move|p2a: Zapdos|Toxic|p1a: asta
|-status|p1a: asta|tox
|
|-damage|p1a: asta|94/100 tox|[from] psn
|upkeep
|turn|9
|j| ripreckful
|
|t:|1659754733
|move|p1a: asta|U-turn|p2a: Zapdos
|-resisted|p2a: Zapdos
|-damage|p2a: Zapdos|61/100
|j| lst369
|j| BabyPigsAreLaughin
|
|t:|1659754738
|switch|p1a: thunder reign|Regieleki, shiny|100/100|[from]move: U-turn
|move|p2a: Zapdos|Roost|p2a: Zapdos
|-heal|p2a: Zapdos|100/100
|-singleturn|p2a: Zapdos|move: Roost
|
|upkeep
|turn|10
|l| ripreckful
|l| lst369
|
|t:|1659754750
|switch|p1a: ameno-sagiri|Buzzwole|100/100
|switch|p2a: Excadrill|Excadrill, F|100/100
|-damage|p2a: Excadrill|97/100|[from] Stealth Rock
|
|-heal|p2a: Excadrill|100/100|[from] item: Leftovers
|upkeep
|turn|11
|
|t:|1659754770
|switch|p2a: Hydreigon|Hydreigon, F|100/100 par
|-damage|p2a: Hydreigon|88/100 par|[from] Stealth Rock
|move|p1a: ameno-sagiri|Ice Punch|p2a: Hydreigon
|-supereffective|p2a: Hydreigon
|-damage|p2a: Hydreigon|29/100 par
|
|-heal|p2a: Hydreigon|35/100 par|[from] item: Leftovers
|upkeep
|turn|12
|inactive|hypervortexreturns has 120 seconds left.
|
|t:|1659754804
|move|p1a: ameno-sagiri|Ice Punch|p2a: Hydreigon
|-supereffective|p2a: Hydreigon
|-damage|p2a: Hydreigon|0 fnt
|faint|p2a: Hydreigon
|-ability|p1a: ameno-sagiri|Beast Boost|boost
|-boost|p1a: ameno-sagiri|atk|1
|
|upkeep
|
|t:|1659754817
|switch|p2a: Azumarill|Azumarill, M|100/100
|-damage|p2a: Azumarill|88/100|[from] Stealth Rock
|turn|13
|
|t:|1659754823
|move|p1a: ameno-sagiri|Earthquake|p2a: Azumarill
|-damage|p2a: Azumarill|13/100
|-enditem|p2a: Azumarill|Sitrus Berry|[eat]
|-heal|p2a: Azumarill|38/100|[from] item: Sitrus Berry
|move|p2a: Azumarill|Play Rough|p1a: ameno-sagiri
|-supereffective|p1a: ameno-sagiri
|-damage|p1a: ameno-sagiri|31/100
|-damage|p2a: Azumarill|21/100|[from] item: Rocky Helmet|[of] p1a: ameno-sagiri
|
|upkeep
|turn|14
|
|t:|1659754835
|move|p1a: ameno-sagiri|Roost|p1a: ameno-sagiri
|-heal|p1a: ameno-sagiri|81/100
|-singleturn|p1a: ameno-sagiri|move: Roost
|move|p2a: Azumarill|Play Rough|p1a: ameno-sagiri
|-supereffective|p1a: ameno-sagiri
|-damage|p1a: ameno-sagiri|6/100
|-damage|p2a: Azumarill|5/100|[from] item: Rocky Helmet|[of] p1a: ameno-sagiri
|
|upkeep
|turn|15
|
|t:|1659754845
|move|p2a: Azumarill|Aqua Jet|p1a: ameno-sagiri
|-damage|p1a: ameno-sagiri|0 fnt
|-damage|p2a: Azumarill|0 fnt|[from] item: Rocky Helmet|[of] p1a: ameno-sagiri
|faint|p1a: ameno-sagiri
|faint|p2a: Azumarill
|
|-fieldend|move: Electric Terrain
|upkeep
|inactive|hypervortexreturns has 120 seconds left.
|
|t:|1659754861
|switch|p1a: nyx avatar|Dragonite, F|100/100
|switch|p2a: Zapdos|Zapdos|100/100
|turn|16
|
|t:|1659754868
|switch|p1a: asta|Tapu Koko, shiny|94/100 tox
|-fieldstart|move: Electric Terrain|[from] ability: Electric Surge|[of] p1a: asta
|move|p2a: Zapdos|Toxic|p1a: asta
|-fail|p1a: asta|tox
|
|-damage|p1a: asta|88/100 tox|[from] psn
|upkeep
|turn|17
|inactive|hypervortexreturns has 120 seconds left.
|
|t:|1659754887
|switch|p2a: Excadrill|Excadrill, F|100/100
|-damage|p2a: Excadrill|97/100|[from] Stealth Rock
|move|p1a: asta|U-turn|p2a: Excadrill
|-resisted|p2a: Excadrill
|-damage|p2a: Excadrill|86/100
|
|t:|1659754893
|switch|p1a: nyx avatar|Dragonite, F|100/100|[from]move: U-turn
|
|-heal|p2a: Excadrill|92/100|[from] item: Leftovers
|upkeep
|turn|18
|inactive|hypervortexreturns has 120 seconds left.
|
|t:|1659754904
|switch|p2a: Zapdos|Zapdos|100/100
|move|p1a: nyx avatar|Dragon Dance|p1a: nyx avatar
|-boost|p1a: nyx avatar|atk|1
|-boost|p1a: nyx avatar|spe|1
|
|upkeep
|turn|19
|
|t:|1659754917
|move|p1a: nyx avatar|Ice Punch|p2a: Zapdos
|-supereffective|p2a: Zapdos
|-damage|p2a: Zapdos|9/100
|move|p2a: Zapdos|Toxic|p1a: nyx avatar
|-status|p1a: nyx avatar|tox
|
|-damage|p1a: nyx avatar|94/100 tox|[from] psn
|upkeep
|turn|20
|
|t:|1659754928
|switch|p2a: Corviknight|Corviknight, M|100/100
|-damage|p2a: Corviknight|88/100|[from] Stealth Rock
|-ability|p2a: Corviknight|Pressure
|move|p1a: nyx avatar|Dragon Dance|p1a: nyx avatar
|-boost|p1a: nyx avatar|atk|1
|-boost|p1a: nyx avatar|spe|1
|
|-heal|p2a: Corviknight|94/100|[from] item: Leftovers
|-damage|p1a: nyx avatar|82/100 tox|[from] psn
|upkeep
|turn|21
|
|t:|1659754940
|move|p1a: nyx avatar|Superpower|p2a: Corviknight
|-damage|p2a: Corviknight|14/100
|-unboost|p1a: nyx avatar|atk|1
|-unboost|p1a: nyx avatar|def|1
|move|p2a: Corviknight|Bulk Up|p2a: Corviknight
|-boost|p2a: Corviknight|atk|1
|-boost|p2a: Corviknight|def|1
|
|-heal|p2a: Corviknight|20/100|[from] item: Leftovers
|-damage|p1a: nyx avatar|63/100 tox|[from] psn
|upkeep
|turn|22
|inactive|hypervortexreturns has 120 seconds left.
|j| zzhh
|
|t:|1659754982
|switch|p1a: thunder reign|Regieleki, shiny|100/100
|switch|p2a: Zapdos|Zapdos|9/100
|
|upkeep
|turn|23
|inactive|hypervortexreturns has 90 seconds left.
|
|t:|1659754998
|switch|p1a: nyx avatar|Dragonite, F|63/100 tox
|switch|p2a: Excadrill|Excadrill, F|92/100
|-damage|p2a: Excadrill|89/100|[from] Stealth Rock
|
|-heal|p2a: Excadrill|95/100|[from] item: Leftovers
|-damage|p1a: nyx avatar|57/100 tox|[from] psn
|-fieldend|move: Electric Terrain
|upkeep
|turn|24
|j| Luirromen
|inactive|hypervortexreturns has 90 seconds left.
|
|t:|1659755036
|switch|p2a: Zapdos|Zapdos|9/100
|move|p1a: nyx avatar|Superpower|p2a: Zapdos
|-resisted|p2a: Zapdos
|-damage|p2a: Zapdos|0 fnt
|-unboost|p1a: nyx avatar|atk|1
|-unboost|p1a: nyx avatar|def|1
|faint|p2a: Zapdos
|
|-damage|p1a: nyx avatar|45/100 tox|[from] psn
|upkeep
|inactive|hypervortexreturns has 60 seconds left.
|
|t:|1659755048
|switch|p2a: Corviknight|Corviknight, M|20/100
|-damage|p2a: Corviknight|8/100|[from] Stealth Rock
|-ability|p2a: Corviknight|Pressure
|turn|25
|
|t:|1659755066
|move|p1a: nyx avatar|Ice Punch|p2a: Corviknight
|-damage|p2a: Corviknight|0 fnt
|faint|p2a: Corviknight
|
|-damage|p1a: nyx avatar|26/100 tox|[from] psn
|upkeep
|
|t:|1659755072
|switch|p2a: Excadrill|Excadrill, F|95/100
|-damage|p2a: Excadrill|92/100|[from] Stealth Rock
|turn|26
|
|t:|1659755077
|switch|p1a: asta|Tapu Koko, shiny|88/100 tox
|-fieldstart|move: Electric Terrain|[from] ability: Electric Surge|[of] p1a: asta
|move|p2a: Excadrill|Iron Head|p1a: asta
|-damage|p1a: asta|32/100 tox
|
|-heal|p2a: Excadrill|98/100|[from] item: Leftovers
|-damage|p1a: asta|26/100 tox|[from] psn
|upkeep
|turn|27
|l| dmt dreams
|
|t:|1659755096
|move|p1a: asta|Dazzling Gleam|p2a: Excadrill
|-resisted|p2a: Excadrill
|-damage|p2a: Excadrill|74/100
|move|p2a: Excadrill|Swords Dance|p2a: Excadrill
|-boost|p2a: Excadrill|atk|2
|
|-heal|p2a: Excadrill|81/100|[from] item: Leftovers
|-damage|p1a: asta|14/100 tox|[from] psn
|upkeep
|turn|28
|j| ripreckful
|
|t:|1659755105
|move|p1a: asta|Dazzling Gleam|p2a: Excadrill
|-resisted|p2a: Excadrill
|-damage|p2a: Excadrill|58/100
|move|p2a: Excadrill|Iron Head|p1a: asta
|-damage|p1a: asta|0 fnt
|faint|p1a: asta
|
|-heal|p2a: Excadrill|64/100|[from] item: Leftovers
|upkeep
|
|t:|1659755110
|switch|p1a: thunder reign|Regieleki, shiny|100/100
|turn|29
|
|t:|1659755118
|move|p1a: thunder reign|Hyper Beam|p2a: Excadrill
|-resisted|p2a: Excadrill
|-damage|p2a: Excadrill|13/100
|-mustrecharge|p1a: thunder reign
|move|p2a: Excadrill|Earthquake|p1a: thunder reign
|-supereffective|p1a: thunder reign
|-damage|p1a: thunder reign|0 fnt
|faint|p1a: thunder reign
|
|-heal|p2a: Excadrill|19/100|[from] item: Leftovers
|upkeep
|
|t:|1659755122
|switch|p1a: nyx avatar|Dragonite, F|26/100 tox
|turn|30
|j| Zluizeduardo14
|inactive|hypervortexreturns has 90 seconds left.
|
|t:|1659755128
|move|p2a: Excadrill|Iron Head|p1a: nyx avatar
|-damage|p1a: nyx avatar|0 fnt
|faint|p1a: nyx avatar
|
|win|hypervortexreturns
|raw|LT92PF Shoot's rating: 1763 &rarr; <strong>1750</strong><br />(-13 for losing)
|raw|hypervortexreturns's rating: 1881 &rarr; <strong>1894</strong><br />(+13 for winning)
|c| BabyPigsAreLaughin|What a comeback.
|l|☆LT92PF Shoot
|l| alley poops
||Ladder isn't responding, score probably updated but might not have (Request timeout).
