|j|☆ArcanineSquad
|j|☆Link Loyan
|t:|1596099395
|player|p1|ArcanineSquad|cynthia-gen4|1469
|player|p2|Link Loyan|iris-gen5bw2|1458
|teamsize|p1|6
|teamsize|p2|6
|gametype|singles
|gen|8
|tier|[Gen 8] OU
|rated|
|html|<div class="broadcast-blue"><strong>OU is currently suspecting Magearna! For information on how to participate check out the <a href="https://www.smogon.com/forums/threads/3667669/">suspect thread</a>.</strong></div>
|clearpoke
|poke|p1|Mew|
|poke|p1|Dragapult, M|
|poke|p1|Bisharp, M|
|poke|p1|Azumarill, M|
|poke|p1|Rillaboom, M|
|poke|p1|Hawlucha, M|
|poke|p2|Alakazam, M|
|poke|p2|Clefable, F|
|poke|p2|Azumarill, M|
|poke|p2|Kommo-o, F|
|poke|p2|Magearna|
|poke|p2|Cinderace, F|
|rule|Sleep Clause Mod: Limit one foe put to sleep
|rule|Species Clause: Limit one of each Pokémon
|rule|OHKO Clause: OHKO moves are banned
|rule|Evasion Moves Clause: Evasion moves are banned
|rule|Endless Battle Clause: Forcing endless battles is banned
|rule|HP Percentage Mod: HP is shown in percentages
|rule|Dynamax Clause: You cannot dynamax
|teampreview
|inactive|Battle timer is ON: inactive players will automatically lose when time's up. (requested by Link Loyan)
|inactiveoff|Battle timer is now OFF.
|inactive|Battle timer is ON: inactive players will automatically lose when time's up. (requested by ArcanineSquad)
|
|t:|1596099432
|start
|switch|p1a: Wundertüte|Mew, shiny|100/100
|switch|p2a: Azumarill|Azumarill, M|100/100
|turn|1
|c|☆Link Loyan|german?
|
|t:|1596099443
|move|p1a: Wundertüte|Stealth Rock|p2a: Azumarill
|-sidestart|p2: Link Loyan|move: Stealth Rock
|move|p2a: Azumarill|Knock Off|p1a: Wundertüte
|-supereffective|p1a: Wundertüte
|-damage|p1a: Wundertüte|0 fnt
|-enditem|p1a: Wundertüte|Red Card|[from] move: Knock Off|[of] p2a: Azumarill
|faint|p1a: Wundertüte
|
|upkeep
|c|☆ArcanineSquad|Ja
|
|t:|1596099450
|switch|p1a: John Bonham|Rillaboom, M, shiny|100/100
|-fieldstart|move: Grassy Terrain|[from] ability: Grassy Surge|[of] p1a: John Bonham
|turn|2
|c|☆Link Loyan|hi
|c|☆ArcanineSquad|Moin
|
|t:|1596099463
|switch|p2a: Kommo-o|Kommo-o, F|100/100
|-damage|p2a: Kommo-o|94/100|[from] Stealth Rock
|move|p1a: John Bonham|U-turn|p2a: Kommo-o
|-resisted|p2a: Kommo-o
|-damage|p2a: Kommo-o|82/100
|
|t:|1596099473
|switch|p1a: Anakin|Hawlucha, M, shiny|100/100|[from]move: U-turn
|-enditem|p1a: Anakin|Grassy Seed
|-boost|p1a: Anakin|def|1|[from] item: Grassy Seed
|
|-heal|p2a: Kommo-o|88/100|[from] item: Leftovers
|-heal|p2a: Kommo-o|95/100|[from] Grassy Terrain
|upkeep
|turn|3
|
|t:|1596099481
|move|p1a: Anakin|Swords Dance|p1a: Anakin
|-boost|p1a: Anakin|atk|2
|move|p2a: Kommo-o|Dragon Tail|p1a: Anakin
|-damage|p1a: Anakin|80/100
|drag|p1a: John Bonham|Rillaboom, M, shiny|100/100
|
|-heal|p2a: Kommo-o|100/100|[from] item: Leftovers
|upkeep
|turn|4
|c|☆Link Loyan|schön mal solche leute zu treffen
|
|t:|1596099496
|move|p1a: John Bonham|U-turn|p2a: Kommo-o
|-resisted|p2a: Kommo-o
|-damage|p2a: Kommo-o|88/100
|
|t:|1596099501
|switch|p1a: Böllermann9|Azumarill, M, shiny|100/100|[from]move: U-turn
|move|p2a: Kommo-o|Stealth Rock|p1a: Böllermann9
|-sidestart|p1: ArcanineSquad|move: Stealth Rock
|
|-heal|p2a: Kommo-o|95/100|[from] item: Leftovers
|-heal|p2a: Kommo-o|100/100|[from] Grassy Terrain
|upkeep
|turn|5
|c|☆ArcanineSquad|Ja :)
|inactive|Link Loyan has 120 seconds left.
|c|☆Link Loyan|haste discord?
|c|☆ArcanineSquad|Ja
|
|t:|1596099557
|switch|p2a: Azumarill|Azumarill, M|100/100
|-damage|p2a: Azumarill|88/100|[from] Stealth Rock
|move|p1a: Böllermann9|Belly Drum|p1a: Böllermann9
|-damage|p1a: Böllermann9|50/100
|-setboost|p1a: Böllermann9|atk|6|[from] move: Belly Drum
|-enditem|p1a: Böllermann9|Sitrus Berry|[eat]
|-heal|p1a: Böllermann9|75/100|[from] item: Sitrus Berry
|
|-heal|p1a: Böllermann9|81/100|[from] Grassy Terrain
|-heal|p2a: Azumarill|94/100|[from] Grassy Terrain
|upkeep
|turn|6
|inactive|Link Loyan has 90 seconds left.
|c|☆Link Loyan|nestfloh-fan?
|
|t:|1596099588
|move|p1a: Böllermann9|Play Rough|p2a: Azumarill
|-damage|p2a: Azumarill|0 fnt
|faint|p2a: Azumarill
|
|-heal|p1a: Böllermann9|88/100|[from] Grassy Terrain
|-fieldend|move: Grassy Terrain
|upkeep
|
|t:|1596099591
|switch|p2a: Alakazam|Alakazam, M|100/100
|turn|7
|c|☆ArcanineSquad|Ja haha
|
|t:|1596099597
|move|p2a: Alakazam|Psyshock|p1a: Böllermann9
|-damage|p1a: Böllermann9|37/100
|move|p1a: Böllermann9|Knock Off|p2a: Alakazam
|-supereffective|p2a: Alakazam
|-enditem|p2a: Alakazam|Focus Sash
|-damage|p2a: Alakazam|1/100
|
|upkeep
|turn|8
|inactive|Link Loyan has 90 seconds left.
|c|☆Link Loyan|am böllermann erkannt ;)
|c|☆Link Loyan|Link Loyan#0272
|c|☆Link Loyan|discord
|c|☆ArcanineSquad|Der gute Böllermann ;)
|inactive|Link Loyan has 60 seconds left.
|
|t:|1596099639
|switch|p2a: Kommo-o|Kommo-o, F|100/100
|-damage|p2a: Kommo-o|94/100|[from] Stealth Rock
|move|p1a: Böllermann9|Aqua Jet|p2a: Kommo-o
|-resisted|p2a: Kommo-o
|-damage|p2a: Kommo-o|65/100
|
|-heal|p2a: Kommo-o|71/100|[from] item: Leftovers
|upkeep
|turn|9
|c|☆ArcanineSquad|Ok ich adde dich nach dem Game
|
|t:|1596099657
|move|p2a: Kommo-o|Iron Head|p1a: Böllermann9
|-damage|p1a: Böllermann9|13/100
|move|p1a: Böllermann9|Play Rough|p2a: Kommo-o
|-supereffective|p2a: Kommo-o
|-damage|p2a: Kommo-o|0 fnt
|faint|p2a: Kommo-o
|
|upkeep
|
|t:|1596099662
|switch|p2a: Cinderace|Cinderace, F|100/100
|turn|10
|
|t:|1596099669
|move|p2a: Cinderace|Sucker Punch||[still]
|-fail|p2a: Cinderace
|move|p1a: Böllermann9|Belly Drum||[still]
|-fail|p1a: Böllermann9
|
|upkeep
|turn|11
|
|t:|1596099678
|move|p2a: Cinderace|Sucker Punch||[still]
|-fail|p2a: Cinderace
|move|p1a: Böllermann9|Belly Drum||[still]
|-fail|p1a: Böllermann9
|
|upkeep
|turn|12
|c|☆Link Loyan|nice
|c|☆ArcanineSquad|Lul
|
|t:|1596099694
|move|p2a: Cinderace|Sucker Punch||[still]
|-fail|p2a: Cinderace
|move|p1a: Böllermann9|Belly Drum||[still]
|-fail|p1a: Böllermann9
|
|upkeep
|turn|13
|
|t:|1596099703
|move|p2a: Cinderace|Sucker Punch||[still]
|-fail|p2a: Cinderace
|move|p1a: Böllermann9|Belly Drum||[still]
|-fail|p1a: Böllermann9
|
|upkeep
|turn|14
|
|t:|1596099719
|move|p2a: Cinderace|Sucker Punch||[still]
|-fail|p2a: Cinderace
|move|p1a: Böllermann9|Belly Drum||[still]
|-fail|p1a: Böllermann9
|
|upkeep
|turn|15
|
|t:|1596099724
|move|p2a: Cinderace|U-turn|p1a: Böllermann9
|-start|p2a: Cinderace|typechange|Bug|[from] ability: Libero
|-resisted|p1a: Böllermann9
|-damage|p1a: Böllermann9|0 fnt
|faint|p1a: Böllermann9
|inactive|Link Loyan has 120 seconds left.
|
|t:|1596099743
|switch|p2a: Magearna|Magearna|100/100|[from]move: U-turn
|-damage|p2a: Magearna|95/100|[from] Stealth Rock
|
|upkeep
|
|t:|1596099749
|switch|p1a: Red Ranger|Bisharp, M, shiny|100/100
|-damage|p1a: Red Ranger|95/100|[from] Stealth Rock
|turn|16
|inactive|Link Loyan has 120 seconds left.
|c|☆Link Loyan|puh, hätte mich komplett auseinandernegmen können
|inactive|Link Loyan has 90 seconds left.
|
|t:|1596099795
|move|p1a: Red Ranger|Swords Dance|p1a: Red Ranger
|-boost|p1a: Red Ranger|atk|2
|move|p2a: Magearna|Fleur Cannon|p1a: Red Ranger
|-damage|p1a: Red Ranger|0 fnt
|-unboost|p2a: Magearna|spa|2
|faint|p1a: Red Ranger
|-ability|p2a: Magearna|Soul-Heart|boost
|-boost|p2a: Magearna|spa|1
|
|upkeep
|c|☆ArcanineSquad|Lol
|
|t:|1596099804
|switch|p1a: John Bonham|Rillaboom, M, shiny|100/100
|-damage|p1a: John Bonham|88/100|[from] Stealth Rock
|-fieldstart|move: Grassy Terrain|[from] ability: Grassy Surge|[of] p1a: John Bonham
|turn|17
|
|t:|1596099812
|switch|p2a: Clefable|Clefable, F|100/100
|move|p1a: John Bonham|U-turn|p2a: Clefable
|-resisted|p2a: Clefable
|-damage|p2a: Clefable|86/100
|
|t:|1596099823
|switch|p1a: Phil Taylor|Dragapult, M, shiny|100/100|[from]move: U-turn
|-damage|p1a: Phil Taylor|88/100|[from] Stealth Rock
|
|-heal|p1a: Phil Taylor|94/100|[from] Grassy Terrain
|-heal|p2a: Clefable|92/100|[from] item: Leftovers
|-heal|p2a: Clefable|98/100|[from] Grassy Terrain
|upkeep
|turn|18
|
|t:|1596099837
|move|p1a: Phil Taylor|Shadow Ball|p2a: Clefable
|-damage|p2a: Clefable|42/100
|move|p2a: Clefable|Moonblast|p1a: Phil Taylor
|-supereffective|p1a: Phil Taylor
|-damage|p1a: Phil Taylor|6/100
|
|-heal|p1a: Phil Taylor|12/100|[from] Grassy Terrain
|-heal|p2a: Clefable|48/100|[from] item: Leftovers
|-heal|p2a: Clefable|55/100|[from] Grassy Terrain
|upkeep
|turn|19
|inactive|Link Loyan has 90 seconds left.
|c|☆Link Loyan|gg, beim azu vergessen viele den sucker
|
|t:|1596099882
|switch|p2a: Cinderace|Cinderace, F|100/100
|move|p1a: Phil Taylor|Shadow Ball|p2a: Cinderace
|-damage|p2a: Cinderace|16/100
|
|-heal|p1a: Phil Taylor|18/100|[from] Grassy Terrain
|-heal|p2a: Cinderace|22/100|[from] Grassy Terrain
|upkeep
|turn|20
|
|t:|1596099892
|switch|p1a: John Bonham|Rillaboom, M, shiny|88/100
|-damage|p1a: John Bonham|76/100|[from] Stealth Rock
|move|p2a: Cinderace|Sucker Punch||[still]
|-fail|p2a: Cinderace
|
|-heal|p2a: Cinderace|28/100|[from] Grassy Terrain
|-heal|p1a: John Bonham|82/100|[from] Grassy Terrain
|upkeep
|turn|21
|inactive|Link Loyan has 90 seconds left.
|
|t:|1596099902
|move|p1a: John Bonham|Grassy Glide|p2a: Cinderace
|-resisted|p2a: Cinderace
|-damage|p2a: Cinderace|0 fnt
|faint|p2a: Cinderace
|
|-heal|p1a: John Bonham|88/100|[from] Grassy Terrain
|-fieldend|move: Grassy Terrain
|upkeep
|
|t:|1596099930
|switch|p2a: Clefable|Clefable, F|55/100
|turn|22
|
|t:|1596099936
|move|p1a: John Bonham|Grassy Glide|p2a: Clefable
|-damage|p2a: Clefable|6/100
|move|p2a: Clefable|Moonlight|p2a: Clefable
|-heal|p2a: Clefable|56/100
|
|-heal|p2a: Clefable|62/100|[from] item: Leftovers
|upkeep
|turn|23
|
|t:|1596099944
|switch|p1a: Phil Taylor|Dragapult, M, shiny|18/100
|-damage|p1a: Phil Taylor|6/100|[from] Stealth Rock
|move|p2a: Clefable|Moonlight|p2a: Clefable
|-heal|p2a: Clefable|100/100
|
|upkeep
|turn|24
|inactive|Link Loyan has 90 seconds left.
|
|t:|1596099957
|move|p1a: Phil Taylor|Shadow Ball|p2a: Clefable
|-damage|p2a: Clefable|47/100
|move|p2a: Clefable|Moonblast|p1a: Phil Taylor
|-supereffective|p1a: Phil Taylor
|-damage|p1a: Phil Taylor|0 fnt
|faint|p1a: Phil Taylor
|
|-heal|p2a: Clefable|53/100|[from] item: Leftovers
|upkeep
|
|t:|1596099967
|switch|p1a: John Bonham|Rillaboom, M, shiny|88/100
|-damage|p1a: John Bonham|76/100|[from] Stealth Rock
|-fieldstart|move: Grassy Terrain|[from] ability: Grassy Surge|[of] p1a: John Bonham
|turn|25
|inactive|Link Loyan has 90 seconds left.
|
|t:|1596099998
|move|p1a: John Bonham|Wood Hammer|p2a: Clefable
|-damage|p2a: Clefable|0 fnt
|-damage|p1a: John Bonham|56/100|[from] Recoil
|faint|p2a: Clefable
|
|-heal|p1a: John Bonham|62/100|[from] Grassy Terrain
|upkeep
|
|t:|1596100001
|switch|p2a: Magearna|Magearna|95/100
|-damage|p2a: Magearna|89/100|[from] Stealth Rock
|turn|26
|
|t:|1596100009
|move|p1a: John Bonham|Wood Hammer|p2a: Magearna
|-resisted|p2a: Magearna
|-damage|p2a: Magearna|25/100
|-damage|p1a: John Bonham|44/100|[from] Recoil
|move|p2a: Magearna|Ice Beam|p1a: John Bonham
|-supereffective|p1a: John Bonham
|-damage|p1a: John Bonham|0 fnt
|faint|p1a: John Bonham
|-ability|p2a: Magearna|Soul-Heart|boost
|-boost|p2a: Magearna|spa|1
|
|-heal|p2a: Magearna|31/100|[from] Grassy Terrain
|upkeep
|
|t:|1596100020
|switch|p1a: Anakin|Hawlucha, M, shiny|80/100
|-damage|p1a: Anakin|67/100|[from] Stealth Rock
|turn|27
|
|t:|1596100026
|move|p1a: Anakin|Close Combat|p2a: Magearna
|-damage|p2a: Magearna|0 fnt
|-unboost|p1a: Anakin|def|1
|-unboost|p1a: Anakin|spd|1
|faint|p2a: Magearna
|
|upkeep
|
|t:|1596100033
|switch|p2a: Alakazam|Alakazam, M|1/100
|turn|28
|c|☆ArcanineSquad|gg
|c|☆Link Loyan|gg
|
|t:|1596100040
|move|p2a: Alakazam|Psyshock|p1a: Anakin
|-supereffective|p1a: Anakin
|-damage|p1a: Anakin|0 fnt
|faint|p1a: Anakin
|
|win|Link Loyan
||Ladder (probably) updated, but score could not be retrieved (Request timeout).
|l|☆ArcanineSquad
