|j|‽Guest 5890168
|j|☆brettfavreinnocent
|t:|1664715832
|gametype|singles
|player|p1|Guest 5890168|170|1587
|player|p2|brettfavreinnocent|169|1689
|teamsize|p1|6
|teamsize|p2|6
|gen|8
|tier|[Gen 8] OU
|rated|
|rule|Sleep Clause Mod: Limit one foe put to sleep
|rule|Species Clause: Limit one of each Pokémon
|rule|OHKO Clause: OHKO moves are banned
|rule|Evasion Items Clause: Evasion items are banned
|rule|Evasion Moves Clause: Evasion moves are banned
|rule|Endless Battle Clause: Forcing endless battles is banned
|rule|HP Percentage Mod: HP is shown in percentages
|rule|Dynamax Clause: You cannot dynamax
|clearpoke
|poke|p1|Rotom-Wash|
|poke|p1|Weavile, F|
|poke|p1|Landorus-Therian, M|
|poke|p1|Heatran, M|
|poke|p1|Tangrowth, F|
|poke|p1|Melmetal|
|poke|p2|Volcanion|
|poke|p2|Nidoking, M|
|poke|p2|Weavile, F|
|poke|p2|Ferrothorn, F|
|poke|p2|Landorus-Therian, M|
|poke|p2|Kartana|
|teampreview
|inactive|Battle timer is ON: inactive players will automatically lose when time's up. (requested by Guest 5890168)
|
|t:|1664715838
|start
|switch|p1a: Landorus|Landorus-Therian, M|100/100
|switch|p2a: Nidoking|Nidoking, M|100/100
|-ability|p1a: Landorus|Intimidate|boost
|-unboost|p2a: Nidoking|atk|1
|turn|1
|
|t:|1664715841
|switch|p2a: Landorus|Landorus-Therian, M|100/100
|-ability|p2a: Landorus|Intimidate|boost
|-unboost|p1a: Landorus|atk|1
|switch|p1a: Heatran|Heatran, M|100/100
|-item|p1a: Heatran|Air Balloon
|
|upkeep
|turn|2
|
|t:|1664715845
|move|p1a: Heatran|Eruption|p2a: Landorus
|-damage|p2a: Landorus|42/100
|move|p2a: Landorus|Stealth Rock|p1a: Heatran
|-sidestart|p1: Guest 5890168|move: Stealth Rock
|
|upkeep
|turn|3
|
|t:|1664715850
|switch|p2a: Volcanion|Volcanion|100/100
|move|p1a: Heatran|Magma Storm|p2a: Volcanion
|-resisted|p2a: Volcanion
|-damage|p2a: Volcanion|84/100
|-activate|p2a: Volcanion|move: Magma Storm|[of] p1a: Heatran
|
|-damage|p2a: Volcanion|71/100|[from] move: Magma Storm|[partiallytrapped]
|upkeep
|turn|4
|
|t:|1664715858
|switch|p1a: Rotom|Rotom-Wash|100/100
|-damage|p1a: Rotom|88/100|[from] Stealth Rock
|move|p2a: Volcanion|Steam Eruption|p1a: Rotom
|-resisted|p1a: Rotom
|-damage|p1a: Rotom|35/100
|-status|p1a: Rotom|brn
|
|-heal|p1a: Rotom|41/100 brn|[from] item: Leftovers
|-damage|p1a: Rotom|35/100 brn|[from] brn
|-end|p2a: Volcanion|Magma Storm|[partiallytrapped]|[silent]
|upkeep
|turn|5
|
|t:|1664715869
|switch|p2a: Landorus|Landorus-Therian, M|42/100
|-ability|p2a: Landorus|Intimidate|boost
|-unboost|p1a: Rotom|atk|1
|move|p1a: Rotom|Pain Split|p2a: Landorus
|-sethp|p2a: Landorus|35/100|[from] move: Pain Split|[silent]
|-sethp|p1a: Rotom|44/100 brn|[from] move: Pain Split
|
|-heal|p1a: Rotom|50/100 brn|[from] item: Leftovers
|-damage|p1a: Rotom|44/100 brn|[from] brn
|upkeep
|turn|6
|
|t:|1664715879
|switch|p1a: Heatran|Heatran, M|100/100
|-damage|p1a: Heatran|88/100|[from] Stealth Rock
|-item|p1a: Heatran|Air Balloon
|move|p2a: Landorus|U-turn|p1a: Heatran
|-resisted|p1a: Heatran
|-damage|p1a: Heatran|83/100
|-enditem|p1a: Heatran|Air Balloon
|
|t:|1664715885
|switch|p2a: Volcanion|Volcanion|71/100|[from]move: U-turn
|
|upkeep
|turn|7
|
|t:|1664715886
|move|p1a: Heatran|Earth Power|p2a: Volcanion
|-supereffective|p2a: Volcanion
|-damage|p2a: Volcanion|0 fnt
|faint|p2a: Volcanion
|
|upkeep
|
|t:|1664715893
|switch|p2a: Nidoking|Nidoking, M|100/100
|turn|8
|
|t:|1664715900
|switch|p1a: Rotom|Rotom-Wash|44/100 brn
|-damage|p1a: Rotom|31/100 brn|[from] Stealth Rock
|move|p2a: Nidoking|Earth Power|p1a: Rotom
|-immune|p1a: Rotom|[from] ability: Levitate
|
|-heal|p1a: Rotom|37/100 brn|[from] item: Leftovers
|-damage|p1a: Rotom|31/100 brn|[from] brn
|upkeep
|turn|9
|
|t:|1664715907
|switch|p2a: Landorus|Landorus-Therian, M|35/100
|-ability|p2a: Landorus|Intimidate|boost
|-unboost|p1a: Rotom|atk|1
|move|p1a: Rotom|Hydro Pump|p2a: Landorus
|-supereffective|p2a: Landorus
|-damage|p2a: Landorus|0 fnt
|faint|p2a: Landorus
|
|-heal|p1a: Rotom|37/100 brn|[from] item: Leftovers
|-damage|p1a: Rotom|31/100 brn|[from] brn
|upkeep
|
|t:|1664715916
|switch|p2a: Kartana|Kartana|100/100
|turn|10
|
|t:|1664715920
|switch|p2a: Nidoking|Nidoking, M|100/100
|switch|p1a: Tangrowth|Tangrowth, F|100/100
|-damage|p1a: Tangrowth|88/100|[from] Stealth Rock
|
|upkeep
|turn|11
|
|t:|1664715932
|switch|p1a: Rotom|Rotom-Wash|31/100 brn
|-damage|p1a: Rotom|19/100 brn|[from] Stealth Rock
|move|p2a: Nidoking|Flamethrower|p1a: Rotom
|-resisted|p1a: Rotom
|-damage|p1a: Rotom|0 fnt
|faint|p1a: Rotom
|
|upkeep
|
|t:|1664715932
|switch|p1a: Melmetal|Melmetal|100/100
|-damage|p1a: Melmetal|94/100|[from] Stealth Rock
|turn|12
|
|t:|1664715938
|switch|p2a: Ferrothorn|Ferrothorn, F|100/100
|move|p1a: Melmetal|Ice Punch|p2a: Ferrothorn
|-damage|p2a: Ferrothorn|77/100
|-damage|p1a: Melmetal|82/100|[from] ability: Iron Barbs|[of] p2a: Ferrothorn
|
|-heal|p2a: Ferrothorn|83/100|[from] item: Leftovers
|upkeep
|turn|13
|
|t:|1664715944
|move|p1a: Melmetal|Ice Punch|p2a: Ferrothorn
|-damage|p2a: Ferrothorn|63/100
|-damage|p1a: Melmetal|69/100|[from] ability: Iron Barbs|[of] p2a: Ferrothorn
|move|p2a: Ferrothorn|Leech Seed|p1a: Melmetal
|-start|p1a: Melmetal|move: Leech Seed
|
|-heal|p2a: Ferrothorn|69/100|[from] item: Leftovers
|-damage|p1a: Melmetal|57/100|[from] Leech Seed|[of] p2a: Ferrothorn
|-heal|p2a: Ferrothorn|85/100|[silent]
|upkeep
|turn|14
|
|t:|1664715946
|move|p1a: Melmetal|Ice Punch|p2a: Ferrothorn
|-damage|p2a: Ferrothorn|64/100
|-damage|p1a: Melmetal|44/100|[from] ability: Iron Barbs|[of] p2a: Ferrothorn
|move|p2a: Ferrothorn|Spikes|p1a: Melmetal
|-sidestart|p1: Guest 5890168|Spikes
|
|-heal|p2a: Ferrothorn|70/100|[from] item: Leftovers
|-damage|p1a: Melmetal|32/100|[from] Leech Seed|[of] p2a: Ferrothorn
|-heal|p2a: Ferrothorn|86/100|[silent]
|upkeep
|turn|15
|
|t:|1664715949
|move|p1a: Melmetal|Ice Punch|p2a: Ferrothorn
|-damage|p2a: Ferrothorn|63/100
|-damage|p1a: Melmetal|20/100|[from] ability: Iron Barbs|[of] p2a: Ferrothorn
|move|p2a: Ferrothorn|Spikes|p1a: Melmetal
|-sidestart|p1: Guest 5890168|Spikes
|
|-heal|p2a: Ferrothorn|69/100|[from] item: Leftovers
|-damage|p1a: Melmetal|7/100|[from] Leech Seed|[of] p2a: Ferrothorn
|-heal|p2a: Ferrothorn|85/100|[silent]
|upkeep
|turn|16
|
|t:|1664715952
|move|p1a: Melmetal|Double Iron Bash|p2a: Ferrothorn
|-resisted|p2a: Ferrothorn
|-damage|p2a: Ferrothorn|73/100
|-damage|p1a: Melmetal|0 fnt|[from] ability: Iron Barbs|[of] p2a: Ferrothorn
|faint|p1a: Melmetal
|-hitcount|p2a: Ferrothorn|1
|move|p2a: Ferrothorn|Spikes|p1: Melmetal
|-sidestart|p1: Guest 5890168|Spikes
|
|-heal|p2a: Ferrothorn|79/100|[from] item: Leftovers
|upkeep
|
|t:|1664715952
|switch|p1a: Landorus|Landorus-Therian, M|100/100
|-damage|p1a: Landorus|88/100|[from] Stealth Rock
|-ability|p1a: Landorus|Intimidate|boost
|-unboost|p2a: Ferrothorn|atk|1
|turn|17
|
|t:|1664715957
|move|p1a: Landorus|Earthquake|p2a: Ferrothorn
|-damage|p2a: Ferrothorn|46/100
|move|p2a: Ferrothorn|Leech Seed|p1a: Landorus
|-start|p1a: Landorus|move: Leech Seed
|
|-heal|p1a: Landorus|94/100|[from] item: Leftovers
|-heal|p2a: Ferrothorn|52/100|[from] item: Leftovers
|-damage|p1a: Landorus|82/100|[from] Leech Seed|[of] p2a: Ferrothorn
|-heal|p2a: Ferrothorn|66/100|[silent]
|upkeep
|turn|18
|
|t:|1664715961
|move|p1a: Landorus|Earthquake|p2a: Ferrothorn
|-damage|p2a: Ferrothorn|37/100
|move|p2a: Ferrothorn|Knock Off|p1a: Landorus
|-damage|p1a: Landorus|69/100
|-enditem|p1a: Landorus|Leftovers|[from] move: Knock Off|[of] p2a: Ferrothorn
|
|-heal|p2a: Ferrothorn|43/100|[from] item: Leftovers
|-damage|p1a: Landorus|56/100|[from] Leech Seed|[of] p2a: Ferrothorn
|-heal|p2a: Ferrothorn|56/100|[silent]
|upkeep
|turn|19
|
|t:|1664715979
|move|p1a: Landorus|Defog|p2a: Ferrothorn
|-unboost|p2a: Ferrothorn|evasion|1
|-sideend|p1: Guest 5890168|Spikes|[from] move: Defog|[of] p1a: Landorus
|-sideend|p1: Guest 5890168|Stealth Rock|[from] move: Defog|[of] p1a: Landorus
|move|p2a: Ferrothorn|Power Whip|p1a: Landorus
|-damage|p1a: Landorus|33/100
|
|-heal|p2a: Ferrothorn|62/100|[from] item: Leftovers
|-damage|p1a: Landorus|21/100|[from] Leech Seed|[of] p2a: Ferrothorn
|-heal|p2a: Ferrothorn|76/100|[silent]
|upkeep
|turn|20
|
|t:|1664715983
|move|p1a: Landorus|Earthquake|p2a: Ferrothorn
|-damage|p2a: Ferrothorn|45/100
|move|p2a: Ferrothorn|Spikes|p1a: Landorus
|-sidestart|p1: Guest 5890168|Spikes
|
|-heal|p2a: Ferrothorn|51/100|[from] item: Leftovers
|-damage|p1a: Landorus|9/100|[from] Leech Seed|[of] p2a: Ferrothorn
|-heal|p2a: Ferrothorn|65/100|[silent]
|upkeep
|turn|21
|
|t:|1664715988
|switch|p1a: Tangrowth|Tangrowth, F|100/100
|-damage|p1a: Tangrowth|88/100|[from] Spikes
|move|p2a: Ferrothorn|Spikes|p1a: Tangrowth
|-sidestart|p1: Guest 5890168|Spikes
|
|-heal|p2a: Ferrothorn|71/100|[from] item: Leftovers
|upkeep
|turn|22
|
|t:|1664716008
|switch|p2a: Weavile|Weavile, F|100/100
|-ability|p2a: Weavile|Pressure
|move|p1a: Tangrowth|Sleep Powder|p2a: Weavile
|-status|p2a: Weavile|slp|[from] move: Sleep Powder
|
|upkeep
|turn|23
|
|t:|1664716023
|switch|p2a: Ferrothorn|Ferrothorn, F|71/100
|move|p1a: Tangrowth|Giga Drain|p2a: Ferrothorn
|-resisted|p2a: Ferrothorn
|-damage|p2a: Ferrothorn|66/100
|-heal|p1a: Tangrowth|91/100|[from] drain|[of] p2a: Ferrothorn
|
|-heal|p2a: Ferrothorn|72/100|[from] item: Leftovers
|upkeep
|turn|24
|
|t:|1664716036
|move|p1a: Tangrowth|Giga Drain|p2a: Ferrothorn
|-resisted|p2a: Ferrothorn
|-damage|p2a: Ferrothorn|67/100
|-heal|p1a: Tangrowth|93/100|[from] drain|[of] p2a: Ferrothorn
|move|p2a: Ferrothorn|Knock Off|p1a: Tangrowth
|-damage|p1a: Tangrowth|81/100
|-damage|p2a: Ferrothorn|50/100|[from] item: Rocky Helmet|[of] p1a: Tangrowth
|-enditem|p1a: Tangrowth|Rocky Helmet|[from] move: Knock Off|[of] p2a: Ferrothorn
|
|-heal|p2a: Ferrothorn|57/100|[from] item: Leftovers
|upkeep
|turn|25
|
|t:|1664716046
|switch|p2a: Weavile|Weavile, F|100/100 slp
|-ability|p2a: Weavile|Pressure
|move|p1a: Tangrowth|Giga Drain|p2a: Weavile
|-damage|p2a: Weavile|64/100 slp
|-heal|p1a: Tangrowth|94/100|[from] drain|[of] p2a: Weavile
|
|upkeep
|turn|26
|
|t:|1664716053
|cant|p2a: Weavile|slp
|move|p1a: Tangrowth|Giga Drain|p2a: Weavile
|-damage|p2a: Weavile|25/100 slp
|-heal|p1a: Tangrowth|100/100|[from] drain|[of] p2a: Weavile
|
|upkeep
|turn|27
|
|t:|1664716057
|-curestatus|p2a: Weavile|slp|[msg]
|move|p2a: Weavile|Triple Axel|p1a: Tangrowth|[miss]
|-miss|p2a: Weavile|p1a: Tangrowth
|move|p1a: Tangrowth|Giga Drain|p2a: Weavile
|-damage|p2a: Weavile|0 fnt
|faint|p2a: Weavile
|
|upkeep
|
|t:|1664716063
|switch|p2a: Nidoking|Nidoking, M|100/100
|turn|28
|
|t:|1664716070
|switch|p1a: Landorus|Landorus-Therian, M|9/100
|-ability|p1a: Landorus|Intimidate|boost
|-unboost|p2a: Nidoking|atk|1
|move|p2a: Nidoking|Flamethrower|p1a: Landorus
|-damage|p1a: Landorus|0 fnt
|faint|p1a: Landorus
|
|upkeep
|
|t:|1664716070
|switch|p1a: Weavile|Weavile, F|100/100
|-damage|p1a: Weavile|84/100|[from] Spikes
|-ability|p1a: Weavile|Pressure
|turn|29
|j| zFrooz
|inactive|brettfavreinnocent has 120 seconds left.
|
|t:|1664716107
|move|p1a: Weavile|Knock Off|p2a: Nidoking
|-damage|p2a: Nidoking|0 fnt
|-enditem|p2a: Nidoking|Life Orb|[from] move: Knock Off|[of] p1a: Weavile
|faint|p2a: Nidoking
|
|upkeep
|
|t:|1664716120
|switch|p2a: Kartana|Kartana|100/100
|turn|30
|
|t:|1664716125
|switch|p1a: Tangrowth|Tangrowth, F|100/100
|-damage|p1a: Tangrowth|84/100|[from] Spikes
|move|p2a: Kartana|Sacred Sword|p1a: Tangrowth
|-damage|p1a: Tangrowth|63/100
|
|upkeep
|turn|31
|
|t:|1664716127
|move|p2a: Kartana|Sacred Sword|p1a: Tangrowth
|-damage|p1a: Tangrowth|41/100
|move|p1a: Tangrowth|Focus Blast|p2a: Kartana
|-supereffective|p2a: Kartana
|-damage|p2a: Kartana|0 fnt
|faint|p2a: Kartana
|
|upkeep
|
|t:|1664716133
|switch|p2a: Ferrothorn|Ferrothorn, F|57/100
|turn|32
|
|t:|1664716136
|switch|p1a: Heatran|Heatran, M|83/100
|-damage|p1a: Heatran|66/100|[from] Spikes
|move|p2a: Ferrothorn|Knock Off|p1a: Heatran
|-damage|p1a: Heatran|53/100
|
|-heal|p2a: Ferrothorn|63/100|[from] item: Leftovers
|upkeep
|turn|33
|
|t:|1664716140
|move|p1a: Heatran|Eruption|p2a: Ferrothorn
|-supereffective|p2a: Ferrothorn
|-damage|p2a: Ferrothorn|0 fnt
|faint|p2a: Ferrothorn
|
|win|Guest 5890168
|raw|Guest 5890168's rating: 1587 &rarr; <strong>1613</strong><br />(+26 for winning)
|raw|brettfavreinnocent's rating: 1689 &rarr; <strong>1663</strong><br />(-26 for losing)
