|raw|<div class="broadcast-blue"><strong>This battle is required to be public due to a player having a name starting with 'lt91bb'.</div>
|j|☆madness10
|j|☆LT91BB YDFWK
|t:|1659076127
|gametype|singles
|player|p1|madness10|harlequin|1457
|player|p2|LT91BB YDFWK|265|1417
|teamsize|p1|6
|teamsize|p2|6
|gen|8
|tier|[Gen 8] OU
|rated|
|rule|Sleep Clause Mod: Limit one foe put to sleep
|rule|Species Clause: Limit one of each Pokémon
|rule|OHKO Clause: OHKO moves are banned
|rule|Evasion Moves Clause: Evasion moves are banned
|rule|Endless Battle Clause: Forcing endless battles is banned
|rule|HP Percentage Mod: HP is shown in percentages
|rule|Dynamax Clause: You cannot dynamax
|clearpoke
|poke|p1|Weavile, F|
|poke|p1|Zapdos|
|poke|p1|Urshifu-*, F|
|poke|p1|Landorus-Therian, M|
|poke|p1|Dragapult, M|
|poke|p1|Melmetal|
|poke|p2|Kartana|
|poke|p2|Landorus-Therian, M|
|poke|p2|Melmetal|
|poke|p2|Toxapex, F|
|poke|p2|Blacephalon|
|poke|p2|Regieleki|
|teampreview
|
|t:|1659076152
|start
|switch|p1a: Weavile|Weavile, F, shiny|100/100
|switch|p2a: Regieleki|Regieleki|100/100
|turn|1
|
|t:|1659076159
|switch|p2a: Melmetal|Melmetal|100/100
|switch|p1a: Landorus|Landorus-Therian, M|100/100
|-ability|p1a: Landorus|Intimidate|boost
|-unboost|p2a: Melmetal|atk|1
|
|upkeep
|turn|2
|
|t:|1659076165
|move|p1a: Landorus|Stealth Rock|p2a: Melmetal
|-sidestart|p2: LT91BB YDFWK|move: Stealth Rock
|move|p2a: Melmetal|Ice Punch|p1a: Landorus
|-supereffective|p1a: Landorus
|-damage|p1a: Landorus|27/100
|
|-heal|p1a: Landorus|33/100|[from] item: Leftovers
|upkeep
|turn|3
|
|t:|1659076172
|switch|p2a: Landorus|Landorus-Therian, M|100/100
|-damage|p2a: Landorus|88/100|[from] Stealth Rock
|-ability|p2a: Landorus|Intimidate|boost
|-unboost|p1a: Landorus|atk|1
|move|p1a: Landorus|U-turn|p2a: Landorus
|-resisted|p2a: Landorus
|-damage|p2a: Landorus|81/100
|j| Amar Dinan
|
|t:|1659076179
|switch|p1a: Weavile|Weavile, F, shiny|100/100|[from]move: U-turn
|
|-heal|p2a: Landorus|87/100|[from] item: Leftovers
|upkeep
|turn|4
|
|t:|1659076194
|switch|p2a: Toxapex|Toxapex, F|100/100
|-damage|p2a: Toxapex|88/100|[from] Stealth Rock
|move|p1a: Weavile|Knock Off|p2a: Toxapex
|-damage|p2a: Toxapex|49/100
|-damage|p1a: Weavile|84/100|[from] item: Rocky Helmet|[of] p2a: Toxapex
|-enditem|p2a: Toxapex|Rocky Helmet|[from] move: Knock Off|[of] p1a: Weavile
|
|upkeep
|turn|5
|
|t:|1659076208
|switch|p1a: Dragapult|Dragapult, M|100/100
|move|p2a: Toxapex|Recover|p2a: Toxapex
|-heal|p2a: Toxapex|99/100
|
|upkeep
|turn|6
|
|t:|1659076214
|move|p1a: Dragapult|Shadow Ball|p2a: Toxapex
|-damage|p2a: Toxapex|56/100
|move|p2a: Toxapex|Knock Off|p1a: Dragapult
|-supereffective|p1a: Dragapult
|-damage|p1a: Dragapult|53/100
|-enditem|p1a: Dragapult|Choice Specs|[from] move: Knock Off|[of] p2a: Toxapex
|
|upkeep
|turn|7
|
|t:|1659076225
|switch|p2a: Melmetal|Melmetal|100/100
|-damage|p2a: Melmetal|94/100|[from] Stealth Rock
|move|p1a: Dragapult|Shadow Ball|p2a: Melmetal
|-damage|p2a: Melmetal|76/100
|
|upkeep
|turn|8
|
|t:|1659076236
|move|p1a: Dragapult|U-turn|p2a: Melmetal
|-resisted|p2a: Melmetal
|-damage|p2a: Melmetal|70/100
|
|t:|1659076240
|switch|p1a: Zapdos|Zapdos|100/100|[from]move: U-turn
|move|p2a: Melmetal|Double Iron Bash|p1a: Zapdos
|-resisted|p1a: Zapdos
|-damage|p1a: Zapdos|76/100
|-resisted|p1a: Zapdos
|-damage|p1a: Zapdos|47/100
|-status|p2a: Melmetal|par|[from] ability: Static|[of] p1a: Zapdos
|-hitcount|p1a: Zapdos|2
|
|upkeep
|turn|9
|l| Amar Dinan
|
|t:|1659076250
|move|p1a: Zapdos|U-turn|p2a: Melmetal
|-resisted|p2a: Melmetal
|-damage|p2a: Melmetal|66/100 par
|
|t:|1659076254
|switch|p1a: Melmetal|Melmetal|100/100|[from]move: U-turn
|move|p2a: Melmetal|Ice Punch|p1a: Melmetal
|-resisted|p1a: Melmetal
|-damage|p1a: Melmetal|91/100
|
|-heal|p1a: Melmetal|97/100|[from] item: Leftovers
|upkeep
|turn|10
|
|t:|1659076264
|switch|p1a: Urshifu|Urshifu-Rapid-Strike, F|100/100
|switch|p2a: Landorus|Landorus-Therian, M|87/100
|-damage|p2a: Landorus|75/100|[from] Stealth Rock
|-ability|p2a: Landorus|Intimidate|boost
|-unboost|p1a: Urshifu|atk|1
|
|-heal|p2a: Landorus|81/100|[from] item: Leftovers
|upkeep
|turn|11
|
|t:|1659076274
|switch|p2a: Toxapex|Toxapex, F|90/100
|-damage|p2a: Toxapex|77/100|[from] Stealth Rock
|move|p1a: Urshifu|Surging Strikes|p2a: Toxapex
|-resisted|p2a: Toxapex
|-crit|p2a: Toxapex
|-damage|p2a: Toxapex|71/100
|-resisted|p2a: Toxapex
|-crit|p2a: Toxapex
|-damage|p2a: Toxapex|66/100
|-resisted|p2a: Toxapex
|-crit|p2a: Toxapex
|-damage|p2a: Toxapex|59/100
|-hitcount|p2a: Toxapex|3
|
|upkeep
|turn|12
|
|t:|1659076287
|switch|p2a: Regieleki|Regieleki|100/100
|move|p1a: Urshifu|U-turn|p2a: Regieleki
|-damage|p2a: Regieleki|71/100
|
|t:|1659076299
|switch|p1a: Landorus|Landorus-Therian, M|33/100|[from]move: U-turn
|-ability|p1a: Landorus|Intimidate|boost
|-unboost|p2a: Regieleki|atk|1
|
|-heal|p1a: Landorus|39/100|[from] item: Leftovers
|upkeep
|turn|13
|
|t:|1659076314
|switch|p2a: Landorus|Landorus-Therian, M|81/100
|-damage|p2a: Landorus|69/100|[from] Stealth Rock
|-ability|p2a: Landorus|Intimidate|boost
|-unboost|p1a: Landorus|atk|1
|move|p1a: Landorus|Earthquake|p2a: Landorus
|-immune|p2a: Landorus
|
|-heal|p2a: Landorus|75/100|[from] item: Leftovers
|-heal|p1a: Landorus|45/100|[from] item: Leftovers
|upkeep
|turn|14
|
|t:|1659076341
|move|p2a: Landorus|Stealth Rock|p1a: Landorus
|-sidestart|p1: madness10|move: Stealth Rock
|move|p1a: Landorus|U-turn|p2a: Landorus
|-resisted|p2a: Landorus
|-damage|p2a: Landorus|68/100
|
|t:|1659076346
|switch|p1a: Urshifu|Urshifu-Rapid-Strike, F|100/100|[from]move: U-turn
|
|-heal|p2a: Landorus|74/100|[from] item: Leftovers
|upkeep
|turn|15
|
|t:|1659076357
|switch|p2a: Toxapex|Toxapex, F|93/100
|-damage|p2a: Toxapex|80/100|[from] Stealth Rock
|move|p1a: Urshifu|Surging Strikes|p2a: Toxapex
|-resisted|p2a: Toxapex
|-crit|p2a: Toxapex
|-damage|p2a: Toxapex|73/100
|-resisted|p2a: Toxapex
|-crit|p2a: Toxapex
|-damage|p2a: Toxapex|67/100
|-resisted|p2a: Toxapex
|-crit|p2a: Toxapex
|-damage|p2a: Toxapex|61/100
|-hitcount|p2a: Toxapex|3
|
|upkeep
|turn|16
|inactive|Battle timer is ON: inactive players will automatically lose when time's up. (requested by madness10)
|
|t:|1659076403
|move|p1a: Urshifu|U-turn|p2a: Toxapex
|-resisted|p2a: Toxapex
|-damage|p2a: Toxapex|53/100
|
|t:|1659076408
|switch|p1a: Zapdos|Zapdos|47/100|[from]move: U-turn
|move|p2a: Toxapex|Knock Off|p1a: Zapdos
|-damage|p1a: Zapdos|27/100
|-status|p2a: Toxapex|par|[from] ability: Static|[of] p1a: Zapdos
|-enditem|p1a: Zapdos|Heavy-Duty Boots|[from] move: Knock Off|[of] p2a: Toxapex
|
|upkeep
|turn|17
|
|t:|1659076417
|switch|p2a: Landorus|Landorus-Therian, M|74/100
|-damage|p2a: Landorus|62/100|[from] Stealth Rock
|-ability|p2a: Landorus|Intimidate|boost
|-unboost|p1a: Zapdos|atk|1
|move|p1a: Zapdos|Hurricane|p2a: Landorus|[miss]
|-miss|p1a: Zapdos|p2a: Landorus
|
|-heal|p2a: Landorus|68/100|[from] item: Leftovers
|upkeep
|turn|18
|inactive|LT91BB YDFWK has 120 seconds left.
|
|t:|1659076453
|move|p1a: Zapdos|Hurricane|p2a: Landorus|[miss]
|-miss|p1a: Zapdos|p2a: Landorus
|move|p2a: Landorus|U-turn|p1a: Zapdos
|-resisted|p1a: Zapdos
|-damage|p1a: Zapdos|15/100
|
|t:|1659076455
|switch|p2a: Regieleki|Regieleki|71/100|[from]move: U-turn
|
|upkeep
|turn|19
|
|t:|1659076463
|switch|p1a: Dragapult|Dragapult, M|53/100
|-damage|p1a: Dragapult|41/100|[from] Stealth Rock
|move|p2a: Regieleki|Rapid Spin|p1a: Dragapult
|-immune|p1a: Dragapult
|
|upkeep
|turn|20
|
|t:|1659076474
|move|p2a: Regieleki|Volt Switch|p1a: Dragapult
|-resisted|p1a: Dragapult
|-damage|p1a: Dragapult|12/100
|
|t:|1659076477
|switch|p2a: Toxapex|Toxapex, F|86/100 par|[from]move: Volt Switch
|-damage|p2a: Toxapex|74/100 par|[from] Stealth Rock
|move|p1a: Dragapult|Shadow Ball|p2a: Toxapex
|-damage|p2a: Toxapex|45/100 par
|
|upkeep
|turn|21
|
|t:|1659076485
|switch|p2a: Melmetal|Melmetal|66/100 par
|-damage|p2a: Melmetal|60/100 par|[from] Stealth Rock
|move|p1a: Dragapult|Draco Meteor|p2a: Melmetal
|-resisted|p2a: Melmetal
|-damage|p2a: Melmetal|43/100 par
|-unboost|p1a: Dragapult|spa|2
|
|upkeep
|turn|22
|inactive|LT91BB YDFWK has 120 seconds left.
|
|t:|1659076518
|move|p1a: Dragapult|Shadow Ball|p2a: Melmetal
|-damage|p2a: Melmetal|32/100 par
|move|p2a: Melmetal|Ice Punch|p1a: Dragapult
|-supereffective|p1a: Dragapult
|-damage|p1a: Dragapult|0 fnt
|faint|p1a: Dragapult
|
|upkeep
|
|t:|1659076530
|switch|p1a: Weavile|Weavile, F, shiny|84/100
|-damage|p1a: Weavile|59/100|[from] Stealth Rock
|turn|23
|inactive|LT91BB YDFWK has 120 seconds left.
|
|t:|1659076571
|move|p1a: Weavile|Beat Up|p2a: Melmetal
|-damage|p2a: Melmetal|23/100 par
|-damage|p2a: Melmetal|17/100 par
|-damage|p2a: Melmetal|8/100 par
|-damage|p2a: Melmetal|0 fnt
|faint|p2a: Melmetal
|-hitcount|p2: Melmetal|4
|
|upkeep
|
|t:|1659076576
|switch|p2a: Regieleki|Regieleki|71/100
|turn|24
|
|t:|1659076580
|switch|p1a: Landorus|Landorus-Therian, M|45/100
|-damage|p1a: Landorus|33/100|[from] Stealth Rock
|-ability|p1a: Landorus|Intimidate|boost
|-unboost|p2a: Regieleki|atk|1
|move|p2a: Regieleki|Ancient Power|p1a: Landorus
|-damage|p1a: Landorus|16/100
|
|-heal|p1a: Landorus|22/100|[from] item: Leftovers
|upkeep
|turn|25
|
|t:|1659076598
|switch|p2a: Landorus|Landorus-Therian, M|68/100
|-damage|p2a: Landorus|55/100|[from] Stealth Rock
|-ability|p2a: Landorus|Intimidate|boost
|-unboost|p1a: Landorus|atk|1
|move|p1a: Landorus|U-turn|p2a: Landorus
|-resisted|p2a: Landorus
|-damage|p2a: Landorus|48/100
|
|t:|1659076608
|switch|p1a: Urshifu|Urshifu-Rapid-Strike, F|100/100|[from]move: U-turn
|
|-heal|p2a: Landorus|54/100|[from] item: Leftovers
|upkeep
|turn|26
|
|t:|1659076617
|switch|p2a: Toxapex|Toxapex, F|78/100 par
|-damage|p2a: Toxapex|66/100 par|[from] Stealth Rock
|move|p1a: Urshifu|Surging Strikes|p2a: Toxapex
|-resisted|p2a: Toxapex
|-crit|p2a: Toxapex
|-damage|p2a: Toxapex|60/100 par
|-resisted|p2a: Toxapex
|-crit|p2a: Toxapex
|-damage|p2a: Toxapex|53/100 par
|-resisted|p2a: Toxapex
|-crit|p2a: Toxapex
|-damage|p2a: Toxapex|47/100 par
|-hitcount|p2a: Toxapex|3
|
|upkeep
|turn|27
|inactive|LT91BB YDFWK has 120 seconds left.
|inactive|LT91BB YDFWK has 90 seconds left.
|inactive|LT91BB YDFWK has 60 seconds left.
|
|t:|1659076700
|move|p1a: Urshifu|U-turn|p2a: Toxapex
|-resisted|p2a: Toxapex
|-damage|p2a: Toxapex|39/100 par
|
|t:|1659076703
|switch|p1a: Zapdos|Zapdos|15/100|[from]move: U-turn
|-damage|p1a: Zapdos|0 fnt|[from] Stealth Rock
|faint|p1a: Zapdos
|move|p2a: Toxapex|Recover|p2a: Toxapex
|-heal|p2a: Toxapex|90/100 par
|
|upkeep
|
|t:|1659076723
|switch|p1a: Weavile|Weavile, F, shiny|59/100
|-damage|p1a: Weavile|34/100|[from] Stealth Rock
|turn|28
|inactive|LT91BB YDFWK has 60 seconds left.
|
|t:|1659076751
|move|p1a: Weavile|Beat Up|p2a: Toxapex
|-damage|p2a: Toxapex|82/100 par
|-damage|p2a: Toxapex|73/100 par
|-damage|p2a: Toxapex|64/100 par
|-damage|p2a: Toxapex|54/100 par
|-hitcount|p2a: Toxapex|4
|move|p2a: Toxapex|Scald|p1a: Weavile
|-damage|p1a: Weavile|14/100
|-status|p1a: Weavile|brn
|
|-damage|p1a: Weavile|8/100 brn|[from] brn
|upkeep
|turn|29
|
|t:|1659076762
|move|p1a: Weavile|Beat Up|p2a: Toxapex
|-damage|p2a: Toxapex|50/100 par
|-damage|p2a: Toxapex|46/100 par
|-damage|p2a: Toxapex|41/100 par
|-damage|p2a: Toxapex|37/100 par
|-hitcount|p2a: Toxapex|4
|move|p2a: Toxapex|Recover|p2a: Toxapex
|-heal|p2a: Toxapex|88/100 par
|
|-damage|p1a: Weavile|2/100 brn|[from] brn
|upkeep
|turn|30
|inactive|LT91BB YDFWK has 60 seconds left.
|
|t:|1659076793
|move|p1a: Weavile|Beat Up|p2a: Toxapex
|-damage|p2a: Toxapex|84/100 par
|-damage|p2a: Toxapex|80/100 par
|-damage|p2a: Toxapex|76/100 par
|-damage|p2a: Toxapex|72/100 par
|-hitcount|p2a: Toxapex|4
|move|p2a: Toxapex|Recover|p2a: Toxapex
|-heal|p2a: Toxapex|100/100 par
|
|-damage|p1a: Weavile|0 fnt|[from] brn
|faint|p1a: Weavile
|upkeep
|
|t:|1659076805
|switch|p1a: Landorus|Landorus-Therian, M|22/100
|-damage|p1a: Landorus|9/100|[from] Stealth Rock
|-ability|p1a: Landorus|Intimidate|boost
|-unboost|p2a: Toxapex|atk|1
|turn|31
|
|t:|1659076831
|move|p1a: Landorus|Stone Edge|p2a: Toxapex
|-damage|p2a: Toxapex|82/100 par
|move|p2a: Toxapex|Scald|p1a: Landorus
|-supereffective|p1a: Landorus
|-damage|p1a: Landorus|0 fnt
|faint|p1a: Landorus
|
|upkeep
|inactive|madness10 has 120 seconds left.
|-message|madness10 forfeited.
|
|win|LT91BB YDFWK
|raw|madness10's rating: 1457 &rarr; <strong>1435</strong><br />(-22 for losing)
|raw|LT91BB YDFWK's rating: 1417 &rarr; <strong>1439</strong><br />(+22 for winning)
|l|☆madness10
