|j|☆someidiot19
|j|☆KeelanLol
|t:|1667057559
|gametype|singles
|player|p1|someidiot19|karen-gen2|1741
|player|p2|KeelanLol|shadowtriad|1722
|teamsize|p1|6
|teamsize|p2|6
|gen|8
|tier|[Gen 8] OU
|rated|
|rule|Sleep Clause Mod: Limit one foe put to sleep
|rule|Species Clause: Limit one of each Pokémon
|rule|OHKO Clause: OHKO moves are banned
|rule|Evasion Items Clause: Evasion items are banned
|rule|Evasion Moves Clause: Evasion moves are banned
|rule|Endless Battle Clause: Forcing endless battles is banned
|rule|HP Percentage Mod: HP is shown in percentages
|rule|Dynamax Clause: You cannot dynamax
|clearpoke
|poke|p1|Heatran, M|
|poke|p1|Toxapex, M|
|poke|p1|Weavile, M|
|poke|p1|Vikavolt, M|
|poke|p1|Ferrothorn, M|
|poke|p1|Garchomp, F|
|poke|p2|Mew|
|poke|p2|Grimmsnarl, M|
|poke|p2|Jirachi|
|poke|p2|Corviknight, F|
|poke|p2|Blacephalon|
|poke|p2|Gardevoir, F|
|teampreview
|inactive|Battle timer is ON: inactive players will automatically lose when time's up. (requested by KeelanLol)
|inactive|someidiot19 also wants the timer to be on.
|
|t:|1667057574
|start
|switch|p1a: Diet Coke|Vikavolt, M|100/100
|switch|p2a: WAHOOOOOOOOOOOOO|Mew|100/100
|turn|1
|
|t:|1667057577
|move|p2a: WAHOOOOOOOOOOOOO|Taunt|p1a: Diet Coke
|-start|p1a: Diet Coke|move: Taunt
|cant|p1a: Diet Coke|move: Taunt|Sticky Web
|
|upkeep
|turn|2
|
|t:|1667057579
|move|p2a: WAHOOOOOOOOOOOOO|Stealth Rock|p1a: Diet Coke
|-sidestart|p1: someidiot19|move: Stealth Rock
|move|p1a: Diet Coke|Volt Switch|p2a: WAHOOOOOOOOOOOOO
|-damage|p2a: WAHOOOOOOOOOOOOO|74/100
|
|t:|1667057581
|switch|p1a: Neck & Wrist|Weavile, M|100/100|[from]move: Volt Switch
|-damage|p1a: Neck & Wrist|76/100|[from] Stealth Rock
|-ability|p1a: Neck & Wrist|Pressure
|
|upkeep
|turn|3
|
|t:|1667057583
|move|p1a: Neck & Wrist|Knock Off|p2a: WAHOOOOOOOOOOOOO
|-supereffective|p2a: WAHOOOOOOOOOOOOO
|-enditem|p2a: WAHOOOOOOOOOOOOO|Colbur Berry|[eat]
|-enditem|p2a: WAHOOOOOOOOOOOOO|Colbur Berry|[weaken]
|-damage|p2a: WAHOOOOOOOOOOOOO|15/100
|-damage|p1a: Neck & Wrist|66/100|[from] item: Life Orb
|move|p2a: WAHOOOOOOOOOOOOO|Thunder Wave|p1a: Neck & Wrist
|-status|p1a: Neck & Wrist|par
|
|upkeep
|turn|4
|
|t:|1667057588
|move|p1a: Neck & Wrist|Ice Shard|p2a: WAHOOOOOOOOOOOOO
|-damage|p2a: WAHOOOOOOOOOOOOO|0 fnt
|faint|p2a: WAHOOOOOOOOOOOOO
|-damage|p1a: Neck & Wrist|56/100 par|[from] item: Life Orb
|
|upkeep
|
|t:|1667057590
|switch|p2a: jenkins|Grimmsnarl, M, shiny|100/100
|turn|5
|
|t:|1667057594
|move|p1a: Neck & Wrist|Triple Axel|p2a: jenkins
|-damage|p2a: jenkins|81/100
|-crit|p2a: jenkins
|-damage|p2a: jenkins|27/100
|-damage|p2a: jenkins|0 fnt
|faint|p2a: jenkins
|-hitcount|p2: jenkins|3
|-damage|p1a: Neck & Wrist|46/100 par|[from] item: Life Orb
|
|upkeep
|
|t:|1667057598
|switch|p2a: yippeeeeeeeee|Jirachi|100/100
|turn|6
|
|t:|1667057600
|move|p2a: yippeeeeeeeee|Cosmic Power|p2a: yippeeeeeeeee
|-boost|p2a: yippeeeeeeeee|def|1
|-boost|p2a: yippeeeeeeeee|spd|1
|cant|p1a: Neck & Wrist|par
|
|upkeep
|turn|7
|
|t:|1667057603
|move|p2a: yippeeeeeeeee|Cosmic Power|p2a: yippeeeeeeeee
|-boost|p2a: yippeeeeeeeee|def|1
|-boost|p2a: yippeeeeeeeee|spd|1
|move|p1a: Neck & Wrist|Knock Off|p2a: yippeeeeeeeee
|-supereffective|p2a: yippeeeeeeeee
|-damage|p2a: yippeeeeeeeee|43/100
|-enditem|p2a: yippeeeeeeeee|Weakness Policy
|-boost|p2a: yippeeeeeeeee|atk|2|[from] item: Weakness Policy
|-boost|p2a: yippeeeeeeeee|spa|2|[from] item: Weakness Policy
|-damage|p1a: Neck & Wrist|36/100 par|[from] item: Life Orb
|
|upkeep
|turn|8
|
|t:|1667057612
|switch|p1a: DreaminOfThePast|Garchomp, F|100/100
|-damage|p1a: DreaminOfThePast|94/100|[from] Stealth Rock
|move|p2a: yippeeeeeeeee|Drain Punch|p1a: DreaminOfThePast
|-damage|p1a: DreaminOfThePast|62/100
|-heal|p2a: yippeeeeeeeee|57/100|[from] drain|[of] p1a: DreaminOfThePast
|-damage|p2a: yippeeeeeeeee|45/100|[from] ability: Rough Skin|[of] p1a: DreaminOfThePast
|
|upkeep
|turn|9
|j| nico2097
|
|t:|1667057621
|move|p1a: DreaminOfThePast|Earthquake|p2a: yippeeeeeeeee
|-supereffective|p2a: yippeeeeeeeee
|-damage|p2a: yippeeeeeeeee|0 fnt
|faint|p2a: yippeeeeeeeee
|-damage|p1a: DreaminOfThePast|52/100|[from] item: Life Orb
|
|upkeep
|
|t:|1667057623
|switch|p2a: its me mario|Corviknight, F, shiny|100/100
|turn|10
|l| nico2097
|
|t:|1667057632
|switch|p1a: Call My Bluff|Heatran, M|100/100
|-damage|p1a: Call My Bluff|88/100|[from] Stealth Rock
|move|p2a: its me mario|Agility|p2a: its me mario
|-boost|p2a: its me mario|spe|2
|
|upkeep
|turn|11
|
|t:|1667057642
|move|p2a: its me mario|Bulk Up|p2a: its me mario
|-boost|p2a: its me mario|atk|1
|-boost|p2a: its me mario|def|1
|move|p1a: Call My Bluff|Flamethrower|p2a: its me mario
|-supereffective|p2a: its me mario
|-damage|p2a: its me mario|0 fnt
|faint|p2a: its me mario
|
|upkeep
|
|t:|1667057644
|switch|p2a: me u noob|Blacephalon|100/100
|turn|12
|
|t:|1667057648
|switch|p1a: Scrape It Off|Toxapex, M|100/100
|-damage|p1a: Scrape It Off|88/100|[from] Stealth Rock
|move|p2a: me u noob|Calm Mind|p2a: me u noob
|-boost|p2a: me u noob|spa|1
|-boost|p2a: me u noob|spd|1
|
|upkeep
|turn|13
|
|t:|1667057651
|move|p2a: me u noob|Calm Mind|p2a: me u noob
|-boost|p2a: me u noob|spa|1
|-boost|p2a: me u noob|spd|1
|move|p1a: Scrape It Off|Toxic|p2a: me u noob
|-status|p2a: me u noob|tox
|
|-damage|p2a: me u noob|94/100 tox|[from] psn
|upkeep
|turn|14
|
|t:|1667057655
|move|p2a: me u noob|Stored Power|p1a: Scrape It Off
|-supereffective|p1a: Scrape It Off
|-enditem|p1a: Scrape It Off|Payapa Berry|[eat]
|-enditem|p1a: Scrape It Off|Payapa Berry|[weaken]
|-damage|p1a: Scrape It Off|45/100
|move|p1a: Scrape It Off|Recover|p1a: Scrape It Off
|-heal|p1a: Scrape It Off|95/100
|
|-damage|p2a: me u noob|82/100 tox|[from] psn
|upkeep
|turn|15
|
|t:|1667057663
|move|p2a: me u noob|Calm Mind|p2a: me u noob
|-boost|p2a: me u noob|spa|1
|-boost|p2a: me u noob|spd|1
|move|p1a: Scrape It Off|Toxic Spikes|p2a: me u noob
|-sidestart|p2: KeelanLol|move: Toxic Spikes
|
|-damage|p2a: me u noob|63/100 tox|[from] psn
|upkeep
|turn|16
|
|t:|1667057666
|switch|p1a: Neck & Wrist|Weavile, M|36/100 par
|-damage|p1a: Neck & Wrist|11/100 par|[from] Stealth Rock
|-ability|p1a: Neck & Wrist|Pressure
|move|p2a: me u noob|Stored Power|p1a: Neck & Wrist
|-immune|p1a: Neck & Wrist
|
|-damage|p2a: me u noob|38/100 tox|[from] psn
|upkeep
|turn|17
|
|t:|1667057669
|cant|p1a: Neck & Wrist|par
|move|p2a: me u noob|Flamethrower|p1a: Neck & Wrist
|-supereffective|p1a: Neck & Wrist
|-damage|p1a: Neck & Wrist|0 fnt
|faint|p1a: Neck & Wrist
|-ability|p2a: me u noob|Beast Boost|boost
|-boost|p2a: me u noob|spe|1
|
|-damage|p2a: me u noob|7/100 tox|[from] psn
|upkeep
|
|t:|1667057682
|switch|p1a: Call My Bluff|Heatran, M|88/100
|-damage|p1a: Call My Bluff|76/100|[from] Stealth Rock
|turn|18
|inactive|KeelanLol has 120 seconds left.
|j| nightsuwu
|
|t:|1667057718
|switch|p1a: Diet Coke|Vikavolt, M|100/100
|move|p2a: me u noob|Stored Power|p1a: Diet Coke
|-damage|p1a: Diet Coke|0 fnt
|faint|p1a: Diet Coke
|-ability|p2a: me u noob|Beast Boost|boost
|-boost|p2a: me u noob|spe|1
|
|-damage|p2a: me u noob|0 fnt|[from] psn
|faint|p2a: me u noob
|upkeep
|
|t:|1667057723
|switch|p2a: beep|Gardevoir, F|100/100
|switch|p1a: DreaminOfThePast|Garchomp, F|52/100
|-status|p2a: beep|psn
|-ability|p2a: beep|Rough Skin|[from] ability: Trace|[of] p1a: DreaminOfThePast
|-damage|p1a: DreaminOfThePast|46/100|[from] Stealth Rock
|turn|19
|-message|KeelanLol forfeited.
|
|win|someidiot19
|raw|someidiot19's rating: 1741 &rarr; <strong>1760</strong><br />(+19 for winning)
|raw|KeelanLol's rating: 1722 &rarr; <strong>1703</strong><br />(-19 for losing)
|l|☆KeelanLol
