|j|☆CoconutCrabs
|j|☆alvar03
|t:|1667582512
|gametype|singles
|player|p1|CoconutCrabs|ninjaboy|1873
|player|p2|alvar03|alder|1842
|teamsize|p1|6
|teamsize|p2|6
|gen|8
|tier|[Gen 8] OU
|rated|
|rule|Sleep Clause Mod: Limit one foe put to sleep
|rule|Species Clause: Limit one of each Pokémon
|rule|OHKO Clause: OHKO moves are banned
|rule|Evasion Items Clause: Evasion items are banned
|rule|Evasion Moves Clause: Evasion moves are banned
|rule|Endless Battle Clause: Forcing endless battles is banned
|rule|HP Percentage Mod: HP is shown in percentages
|rule|Dynamax Clause: You cannot dynamax
|clearpoke
|poke|p1|Heatran, M|
|poke|p1|Excadrill, M|
|poke|p1|Tornadus-Therian, M|
|poke|p1|Toxapex, F|
|poke|p1|Tangrowth, F|
|poke|p1|Tyranitar, F|
|poke|p2|Landorus-Therian, M|
|poke|p2|Tornadus-Therian, M|
|poke|p2|Tapu Lele|
|poke|p2|Garchomp, M|
|poke|p2|Melmetal|
|poke|p2|Toxapex, M|
|teampreview
|inactive|Battle timer is ON: inactive players will automatically lose when time's up. (requested by CoconutCrabs)
|
|t:|1667582525
|start
|switch|p1a: Tornadus|Tornadus-Therian, M|100/100
|switch|p2a: Tornadus|Tornadus-Therian, M|100/100
|turn|1
|
|t:|1667582527
|switch|p1a: Toxapex|Toxapex, F|100/100
|move|p2a: Tornadus|Knock Off|p1a: Toxapex
|-damage|p1a: Toxapex|88/100
|-damage|p2a: Tornadus|84/100|[from] item: Rocky Helmet|[of] p1a: Toxapex
|-enditem|p1a: Toxapex|Rocky Helmet|[from] move: Knock Off|[of] p2a: Tornadus
|
|upkeep
|turn|2
|
|t:|1667582530
|move|p2a: Tornadus|U-turn|p1a: Toxapex
|-resisted|p1a: Toxapex
|-damage|p1a: Toxapex|83/100
|
|t:|1667582531
|switch|p2a: Toxapex|Toxapex, M|100/100|[from]move: U-turn
|move|p1a: Toxapex|Knock Off|p2a: Toxapex
|-damage|p2a: Toxapex|92/100
|-damage|p1a: Toxapex|67/100|[from] item: Rocky Helmet|[of] p2a: Toxapex
|-enditem|p2a: Toxapex|Rocky Helmet|[from] move: Knock Off|[of] p1a: Toxapex
|
|upkeep
|turn|3
|
|t:|1667582535
|move|p2a: Toxapex|Toxic Spikes|p1a: Toxapex
|-sidestart|p1: CoconutCrabs|move: Toxic Spikes
|move|p1a: Toxapex|Scald|p2a: Toxapex
|-resisted|p2a: Toxapex
|-damage|p2a: Toxapex|86/100
|
|upkeep
|turn|4
|
|t:|1667582540
|move|p2a: Toxapex|Scald|p1a: Toxapex
|-resisted|p1a: Toxapex
|-damage|p1a: Toxapex|60/100
|move|p1a: Toxapex|Scald|p2a: Toxapex
|-resisted|p2a: Toxapex
|-damage|p2a: Toxapex|80/100
|
|upkeep
|turn|5
|
|t:|1667582542
|move|p1a: Toxapex|Scald|p2a: Toxapex
|-resisted|p2a: Toxapex
|-damage|p2a: Toxapex|74/100
|-status|p2a: Toxapex|brn
|move|p2a: Toxapex|Scald|p1a: Toxapex
|-resisted|p1a: Toxapex
|-damage|p1a: Toxapex|52/100
|
|-damage|p2a: Toxapex|68/100 brn|[from] brn
|upkeep
|turn|6
|
|t:|1667582546
|switch|p1a: Tornadus|Tornadus-Therian, M|100/100
|move|p2a: Toxapex|Scald|p1a: Tornadus
|-damage|p1a: Tornadus|78/100
|-status|p1a: Tornadus|brn
|
|-damage|p1a: Tornadus|72/100 brn|[from] brn
|-damage|p2a: Toxapex|62/100 brn|[from] brn
|upkeep
|turn|7
|
|t:|1667582550
|move|p1a: Tornadus|Hurricane|p2a: Toxapex
|-damage|p2a: Toxapex|0 fnt
|faint|p2a: Toxapex
|
|-damage|p1a: Tornadus|66/100 brn|[from] brn
|upkeep
|
|t:|1667582558
|switch|p2a: Melmetal|Melmetal|100/100
|turn|8
|
|t:|1667582560
|switch|p1a: Toxapex|Toxapex, F|86/100
|-sideend|p1: CoconutCrabs|move: Toxic Spikes|[of] p1a: Toxapex
|move|p2a: Melmetal|Double Iron Bash|p1a: Toxapex
|-resisted|p1a: Toxapex
|-damage|p1a: Toxapex|72/100
|-resisted|p1a: Toxapex
|-damage|p1a: Toxapex|58/100
|-hitcount|p1a: Toxapex|2
|
|upkeep
|turn|9
|
|t:|1667582563
|switch|p1a: Tangrowth|Tangrowth, F|100/100
|move|p2a: Melmetal|Double Iron Bash|p1a: Tangrowth
|-damage|p1a: Tangrowth|77/100
|-damage|p2a: Melmetal|84/100|[from] item: Rocky Helmet|[of] p1a: Tangrowth
|-damage|p1a: Tangrowth|54/100
|-damage|p2a: Melmetal|67/100|[from] item: Rocky Helmet|[of] p1a: Tangrowth
|-hitcount|p1a: Tangrowth|2
|
|-heal|p2a: Melmetal|73/100|[from] item: Leftovers
|upkeep
|turn|10
|
|t:|1667582567
|switch|p1a: Toxapex|Toxapex, F|91/100
|switch|p2a: Tapu Lele|Tapu Lele|100/100
|-fieldstart|move: Psychic Terrain|[from] ability: Psychic Surge|[of] p2a: Tapu Lele
|
|upkeep
|turn|11
|
|t:|1667582575
|switch|p1a: Tyranitar|Tyranitar, F|100/100
|-weather|Sandstorm|[from] ability: Sand Stream|[of] p1a: Tyranitar
|move|p2a: Tapu Lele|Psyshock|p1a: Tyranitar
|-immune|p1a: Tyranitar
|
|-weather|Sandstorm|[upkeep]
|-damage|p2a: Tapu Lele|94/100|[from] Sandstorm
|upkeep
|turn|12
|
|t:|1667582577
|move|p2a: Tapu Lele|Moonblast|p1a: Tyranitar
|-supereffective|p1a: Tyranitar
|-damage|p1a: Tyranitar|56/100
|move|p1a: Tyranitar|Stealth Rock|p2a: Tapu Lele
|-sidestart|p2: alvar03|move: Stealth Rock
|
|-weather|Sandstorm|[upkeep]
|-damage|p2a: Tapu Lele|88/100|[from] Sandstorm
|-heal|p1a: Tyranitar|62/100|[from] item: Leftovers
|upkeep
|turn|13
|j| 0SiegeWarfare
|
|t:|1667582581
|switch|p1a: Excadrill|Excadrill, M|100/100
|move|p2a: Tapu Lele|Focus Blast|p1a: Excadrill
|-supereffective|p1a: Excadrill
|-damage|p1a: Excadrill|0 fnt
|faint|p1a: Excadrill
|
|-weather|Sandstorm|[upkeep]
|-damage|p2a: Tapu Lele|82/100|[from] Sandstorm
|upkeep
|
|t:|1667582583
|switch|p1a: Heatran|Heatran, M|100/100
|turn|14
|
|t:|1667582585
|switch|p2a: Landorus|Landorus-Therian, M|100/100
|-damage|p2a: Landorus|88/100|[from] Stealth Rock
|-ability|p2a: Landorus|Intimidate|boost
|-unboost|p1a: Heatran|atk|1
|move|p1a: Heatran|Eruption|p2a: Landorus
|-damage|p2a: Landorus|25/100
|
|-weather|Sandstorm|[upkeep]
|-heal|p2a: Landorus|31/100|[from] item: Leftovers
|-fieldend|move: Psychic Terrain
|upkeep
|turn|15
|
|t:|1667582589
|move|p1a: Heatran|Eruption|p2a: Landorus
|-damage|p2a: Landorus|0 fnt
|faint|p2a: Landorus
|
|-weather|none
|upkeep
|
|t:|1667582592
|switch|p2a: Garchomp|Garchomp, M|100/100
|-damage|p2a: Garchomp|94/100|[from] Stealth Rock
|turn|16
|
|t:|1667582594
|switch|p2a: Tornadus|Tornadus-Therian, M|100/100
|switch|p1a: Tornadus|Tornadus-Therian, M|99/100 brn
|
|-damage|p1a: Tornadus|93/100 brn|[from] brn
|upkeep
|turn|17
|
|t:|1667582598
|switch|p1a: Tyranitar|Tyranitar, F|62/100
|-weather|Sandstorm|[from] ability: Sand Stream|[of] p1a: Tyranitar
|move|p2a: Tornadus|Defog|p1a: Tyranitar
|-unboost|p1a: Tyranitar|evasion|1
|-sideend|p2: alvar03|Stealth Rock|[from] move: Defog|[of] p2a: Tornadus
|
|-weather|Sandstorm|[upkeep]
|-damage|p2a: Tornadus|94/100|[from] Sandstorm
|-heal|p1a: Tyranitar|68/100|[from] item: Leftovers
|upkeep
|turn|18
|
|t:|1667582600
|move|p2a: Tornadus|U-turn|p1a: Tyranitar
|-supereffective|p1a: Tyranitar
|-damage|p1a: Tyranitar|44/100
|
|t:|1667582601
|switch|p2a: Melmetal|Melmetal|73/100|[from]move: U-turn
|move|p1a: Tyranitar|Stealth Rock|p2a: Melmetal
|-sidestart|p2: alvar03|move: Stealth Rock
|
|-weather|Sandstorm|[upkeep]
|-heal|p1a: Tyranitar|50/100|[from] item: Leftovers
|-heal|p2a: Melmetal|80/100|[from] item: Leftovers
|upkeep
|turn|19
|
|t:|1667582605
|switch|p1a: Tangrowth|Tangrowth, F|87/100
|move|p2a: Melmetal|Double Iron Bash|p1a: Tangrowth
|-damage|p1a: Tangrowth|65/100
|-damage|p2a: Melmetal|63/100|[from] item: Rocky Helmet|[of] p1a: Tangrowth
|-damage|p1a: Tangrowth|42/100
|-damage|p2a: Melmetal|46/100|[from] item: Rocky Helmet|[of] p1a: Tangrowth
|-hitcount|p1a: Tangrowth|2
|
|-weather|Sandstorm|[upkeep]
|-damage|p1a: Tangrowth|36/100|[from] Sandstorm
|-heal|p2a: Melmetal|53/100|[from] item: Leftovers
|upkeep
|turn|20
|
|t:|1667582608
|switch|p1a: Toxapex|Toxapex, F|100/100
|move|p2a: Melmetal|Earthquake|p1a: Toxapex
|-supereffective|p1a: Toxapex
|-damage|p1a: Toxapex|49/100
|
|-weather|Sandstorm|[upkeep]
|-damage|p1a: Toxapex|43/100|[from] Sandstorm
|-heal|p2a: Melmetal|59/100|[from] item: Leftovers
|upkeep
|turn|21
|
|t:|1667582611
|switch|p1a: Tangrowth|Tangrowth, F|69/100
|move|p2a: Melmetal|Double Iron Bash|p1a: Tangrowth
|-damage|p1a: Tangrowth|45/100
|-damage|p2a: Melmetal|42/100|[from] item: Rocky Helmet|[of] p1a: Tangrowth
|-damage|p1a: Tangrowth|22/100
|-damage|p2a: Melmetal|26/100|[from] item: Rocky Helmet|[of] p1a: Tangrowth
|-hitcount|p1a: Tangrowth|2
|
|-weather|none
|-heal|p2a: Melmetal|32/100|[from] item: Leftovers
|upkeep
|turn|22
|
|t:|1667582615
|move|p1a: Tangrowth|Focus Blast|p2a: Melmetal
|-supereffective|p2a: Melmetal
|-damage|p2a: Melmetal|0 fnt
|faint|p2a: Melmetal
|
|upkeep
|
|t:|1667582619
|switch|p2a: Tapu Lele|Tapu Lele|82/100
|-damage|p2a: Tapu Lele|70/100|[from] Stealth Rock
|-fieldstart|move: Psychic Terrain|[from] ability: Psychic Surge|[of] p2a: Tapu Lele
|turn|23
|
|t:|1667582625
|switch|p1a: Tyranitar|Tyranitar, F|50/100
|-weather|Sandstorm|[from] ability: Sand Stream|[of] p1a: Tyranitar
|move|p2a: Tapu Lele|Moonblast|p1a: Tyranitar
|-supereffective|p1a: Tyranitar
|-damage|p1a: Tyranitar|7/100
|
|-weather|Sandstorm|[upkeep]
|-damage|p2a: Tapu Lele|64/100|[from] Sandstorm
|-heal|p1a: Tyranitar|13/100|[from] item: Leftovers
|upkeep
|turn|24
|
|t:|1667582628
|move|p2a: Tapu Lele|Moonblast|p1a: Tyranitar
|-supereffective|p1a: Tyranitar
|-damage|p1a: Tyranitar|0 fnt
|faint|p1a: Tyranitar
|
|-weather|Sandstorm|[upkeep]
|-damage|p2a: Tapu Lele|58/100|[from] Sandstorm
|upkeep
|
|t:|1667582629
|switch|p1a: Heatran|Heatran, M|100/100
|turn|25
|
|t:|1667582632
|move|p1a: Heatran|Eruption|p2a: Tapu Lele
|-damage|p2a: Tapu Lele|0 fnt
|faint|p2a: Tapu Lele
|
|-weather|Sandstorm|[upkeep]
|upkeep
|
|t:|1667582634
|switch|p2a: Garchomp|Garchomp, M|94/100
|-damage|p2a: Garchomp|88/100|[from] Stealth Rock
|turn|26
|
|t:|1667582638
|switch|p1a: Tornadus|Tornadus-Therian, M|100/100 brn
|move|p2a: Garchomp|Earthquake|p1a: Tornadus
|-immune|p1a: Tornadus
|
|-weather|Sandstorm|[upkeep]
|-damage|p1a: Tornadus|94/100 brn|[from] Sandstorm
|-damage|p1a: Tornadus|88/100 brn|[from] brn
|upkeep
|turn|27
|
|t:|1667582640
|switch|p2a: Tornadus|Tornadus-Therian, M|100/100
|move|p1a: Tornadus|Icy Wind|p2a: Tornadus
|-supereffective|p2a: Tornadus
|-damage|p2a: Tornadus|49/100
|-unboost|p2a: Tornadus|spe|1
|
|-weather|none
|-damage|p1a: Tornadus|82/100 brn|[from] brn
|-fieldend|move: Psychic Terrain
|upkeep
|turn|28
|
|t:|1667582642
|move|p1a: Tornadus|Icy Wind|p2a: Tornadus
|-supereffective|p2a: Tornadus
|-damage|p2a: Tornadus|0 fnt
|faint|p2a: Tornadus
|
|-damage|p1a: Tornadus|76/100 brn|[from] brn
|upkeep
|
|t:|1667582643
|switch|p2a: Garchomp|Garchomp, M|88/100
|-damage|p2a: Garchomp|82/100|[from] Stealth Rock
|turn|29
|
|t:|1667582645
|move|p2a: Garchomp|Outrage|p1a: Tornadus
|-damage|p1a: Tornadus|0 fnt
|faint|p1a: Tornadus
|
|upkeep
|
|t:|1667582653
|switch|p1a: Tangrowth|Tangrowth, F|55/100
|turn|30
|
|t:|1667582655
|move|p2a: Garchomp|Outrage|p1a: Tangrowth|[from]lockedmove
|-damage|p1a: Tangrowth|21/100
|-damage|p2a: Garchomp|65/100|[from] item: Rocky Helmet|[of] p1a: Tangrowth
|-start|p2a: Garchomp|confusion|[fatigue]
|move|p1a: Tangrowth|Giga Drain|p2a: Garchomp
|-damage|p2a: Garchomp|36/100
|-heal|p1a: Tangrowth|34/100|[from] drain|[of] p2a: Garchomp
|
|upkeep
|turn|31
|
|t:|1667582659
|switch|p1a: Toxapex|Toxapex, F|76/100
|-activate|p2a: Garchomp|confusion
|-damage|p2a: Garchomp|23/100|[from] confusion
|
|upkeep
|turn|32
|
|t:|1667582661
|switch|p1a: Tangrowth|Tangrowth, F|68/100
|-end|p2a: Garchomp|confusion
|move|p2a: Garchomp|Outrage|p1a: Tangrowth
|-damage|p1a: Tangrowth|37/100
|-damage|p2a: Garchomp|6/100|[from] item: Rocky Helmet|[of] p1a: Tangrowth
|
|upkeep
|turn|33
|-message|alvar03 forfeited.
|
|win|CoconutCrabs
|raw|CoconutCrabs's rating: 1873 &rarr; <strong>1891</strong><br />(+18 for winning)
|raw|alvar03's rating: 1842 &rarr; <strong>1824</strong><br />(-18 for losing)
|l|☆alvar03
|l|☆CoconutCrabs
|j| Pullaya
||Ladder isn't responding, score probably updated but might not have (Request timeout).
