|html|<div class="broadcast-blue"><strong>[Gen 8] OU is currently suspecting Urshifu-S! For information on how to participate check out the <a href="https://www.smogon.com/forums/threads/np-ss-ou-suspect-process-round-8-aint-no-rest-for-the-wicked.3675310/">suspect thread</a>.</strong></div>
|j|☆Luckpup
|j|☆Mickey m
|t:|1610099872
|player|p1|Luckpup|koga|1610
|player|p2|Mickey m|hilbert-dueldisk|1637
|teamsize|p1|6
|teamsize|p2|6
|gametype|singles
|gen|8
|tier|[Gen 8] OU
|rated|
|clearpoke
|poke|p1|Latios, M|
|poke|p1|Urshifu-*, F|
|poke|p1|Tapu Fini|
|poke|p1|Bisharp, M|
|poke|p1|Salamence, F|
|poke|p1|Landorus-Therian, M|
|poke|p2|Kartana|
|poke|p2|Zapdos|
|poke|p2|Dragonite, F|
|poke|p2|Cinderace, M|
|poke|p2|Garchomp, M|
|poke|p2|Magearna|
|rule|Sleep Clause Mod: Limit one foe put to sleep
|rule|Species Clause: Limit one of each Pokémon
|rule|OHKO Clause: OHKO moves are banned
|rule|Evasion Moves Clause: Evasion moves are banned
|rule|Endless Battle Clause: Forcing endless battles is banned
|rule|HP Percentage Mod: HP is shown in percentages
|rule|Dynamax Clause: You cannot dynamax
|teampreview
|j| NANANA batman
|
|t:|1610099878
|start
|switch|p1a: Latios|Latios, M|100/100
|switch|p2a: Garchomp|Garchomp, M|100/100
|turn|1
|inactive|Battle timer is ON: inactive players will automatically lose when time's up. (requested by Mickey m)
|c| NANANA batman|magearna has draining kiss and calm mind
|
|t:|1610099901
|switch|p2a: Zapdos|Zapdos|100/100
|move|p1a: Latios|Ice Beam|p2a: Zapdos
|-supereffective|p2a: Zapdos
|-damage|p2a: Zapdos|24/100
|
|upkeep
|turn|2
|c| NANANA batman|cinderace has sucker punch and pyro ball
|c| NANANA batman|zapdos has defog
|
|t:|1610099908
|move|p1a: Latios|Ice Beam|p2a: Zapdos
|-supereffective|p2a: Zapdos
|-damage|p2a: Zapdos|0 fnt
|faint|p2a: Zapdos
|
|upkeep
|c| NANANA batman|dragonite has dragon claw and eq
|c| NANANA batman|dragon dance also
|
|t:|1610099929
|switch|p2a: Dragonite|Dragonite, F|100/100
|turn|3
|
|t:|1610099942
|switch|p1a: Landorus|Landorus-Therian, M|100/100
|-ability|p1a: Landorus|Intimidate|boost
|-unboost|p2a: Dragonite|atk|1
|move|p2a: Dragonite|Dragon Dance|p2a: Dragonite
|-boost|p2a: Dragonite|atk|1
|-boost|p2a: Dragonite|spe|1
|
|upkeep
|turn|4
|
|t:|1610099949
|move|p2a: Dragonite|Dragon Dance|p2a: Dragonite
|-boost|p2a: Dragonite|atk|1
|-boost|p2a: Dragonite|spe|1
|move|p1a: Landorus|Rock Tomb|p2a: Dragonite
|-supereffective|p2a: Dragonite
|-damage|p2a: Dragonite|74/100
|-unboost|p2a: Dragonite|spe|1
|-enditem|p2a: Dragonite|Weakness Policy
|-boost|p2a: Dragonite|atk|2|[from] item: Weakness Policy
|-boost|p2a: Dragonite|spa|2|[from] item: Weakness Policy
|
|upkeep
|turn|5
|
|t:|1610099958
|move|p2a: Dragonite|Dragon Claw|p1a: Landorus
|-enditem|p1a: Landorus|Focus Sash
|-damage|p1a: Landorus|1/100
|move|p1a: Landorus|Rock Tomb|p2a: Dragonite
|-supereffective|p2a: Dragonite
|-damage|p2a: Dragonite|19/100
|-unboost|p2a: Dragonite|spe|1
|
|upkeep
|turn|6
|j| ID Uc207Pr4f57t9
|
|t:|1610099969
|move|p2a: Dragonite|Extreme Speed|p1a: Landorus
|-damage|p1a: Landorus|0 fnt
|faint|p1a: Landorus
|
|upkeep
|
|t:|1610099978
|switch|p1a: Bisharp|Bisharp, M|100/100
|turn|7
|
|t:|1610099983
|move|p2a: Dragonite|Earthquake|p1a: Bisharp
|-supereffective|p1a: Bisharp
|-enditem|p1a: Bisharp|Focus Sash
|-damage|p1a: Bisharp|1/100
|move|p1a: Bisharp|Iron Head|p2a: Dragonite
|-damage|p2a: Dragonite|0 fnt
|faint|p2a: Dragonite
|
|upkeep
|
|t:|1610099995
|switch|p2a: Kartana|Kartana|100/100
|turn|8
|
|t:|1610100002
|move|p2a: Kartana|Leaf Blade|p1a: Bisharp
|-resisted|p1a: Bisharp
|-damage|p1a: Bisharp|0 fnt
|faint|p1a: Bisharp
|-ability|p2a: Kartana|Beast Boost|boost
|-boost|p2a: Kartana|atk|1
|
|upkeep
|c| NANANA batman|kartana has smart strike sword dance and leaf blade
|
|t:|1610100007
|switch|p1a: Salamence|Salamence, F|100/100
|turn|9
|
|t:|1610100031
|move|p2a: Kartana|Smart Strike|p1a: Salamence
|-damage|p1a: Salamence|18/100
|move|p1a: Salamence|Dragon Dance|p1a: Salamence
|-boost|p1a: Salamence|atk|1
|-boost|p1a: Salamence|spe|1
|
|upkeep
|turn|10
|
|t:|1610100037
|move|p1a: Salamence|Dual Wingbeat|p2a: Kartana
|-damage|p2a: Kartana|69/100
|-damage|p2a: Kartana|38/100
|-hitcount|p2a: Kartana|2
|move|p2a: Kartana|Smart Strike|p1a: Salamence
|-crit|p1a: Salamence
|-damage|p1a: Salamence|0 fnt
|faint|p1a: Salamence
|-ability|p2a: Kartana|Beast Boost|boost
|-boost|p2a: Kartana|atk|1
|
|upkeep
|
|t:|1610100043
|switch|p1a: Latios|Latios, M|100/100
|turn|11
|
|t:|1610100063
|switch|p2a: Garchomp|Garchomp, M|100/100
|move|p1a: Latios|Mystical Fire|p2a: Garchomp
|-resisted|p2a: Garchomp
|-damage|p2a: Garchomp|86/100
|-unboost|p2a: Garchomp|spa|1
|
|upkeep
|turn|12
|
|t:|1610100071
|move|p1a: Latios|Ice Beam|p2a: Garchomp
|-supereffective|p2a: Garchomp
|-damage|p2a: Garchomp|0 fnt
|faint|p2a: Garchomp
|
|upkeep
|
|t:|1610100076
|switch|p2a: Cinderace|Cinderace, M|100/100
|turn|13
|
|t:|1610100086
|switch|p1a: Tapu Fini|Tapu Fini|100/100
|-fieldstart|move: Misty Terrain|[from] ability: Misty Surge|[of] p1a: Tapu Fini
|move|p2a: Cinderace|Sucker Punch||[still]
|-fail|p2a: Cinderace
|
|upkeep
|turn|14
|
|t:|1610100095
|switch|p2a: Magearna|Magearna|100/100
|move|p1a: Tapu Fini|Surf|p2a: Magearna
|-damage|p2a: Magearna|70/100
|
|-heal|p2a: Magearna|77/100|[from] item: Leftovers
|upkeep
|turn|15
|
|t:|1610100102
|move|p1a: Tapu Fini|Taunt|p2a: Magearna
|-start|p2a: Magearna|move: Taunt
|cant|p2a: Magearna|move: Taunt|Calm Mind
|
|-heal|p2a: Magearna|83/100|[from] item: Leftovers
|upkeep
|turn|16
|
|t:|1610100110
|move|p1a: Tapu Fini|Calm Mind|p1a: Tapu Fini
|-boost|p1a: Tapu Fini|spa|1
|-boost|p1a: Tapu Fini|spd|1
|move|p2a: Magearna|Draining Kiss|p1a: Tapu Fini
|-damage|p1a: Tapu Fini|89/100
|-heal|p2a: Magearna|90/100|[from] drain|[of] p1a: Tapu Fini
|
|-heal|p1a: Tapu Fini|95/100|[from] item: Leftovers
|-heal|p2a: Magearna|96/100|[from] item: Leftovers
|upkeep
|turn|17
|
|t:|1610100119
|switch|p2a: Kartana|Kartana|38/100
|move|p1a: Tapu Fini|Calm Mind|p1a: Tapu Fini
|-boost|p1a: Tapu Fini|spa|1
|-boost|p1a: Tapu Fini|spd|1
|
|-heal|p1a: Tapu Fini|100/100|[from] item: Leftovers
|-fieldend|Misty Terrain
|upkeep
|turn|18
|
|t:|1610100131
|switch|p1a: Latios|Latios, M|100/100
|move|p2a: Kartana|Leaf Blade|p1a: Latios
|-resisted|p1a: Latios
|-damage|p1a: Latios|63/100
|
|upkeep
|turn|19
|
|t:|1610100141
|move|p1a: Latios|Psyshock|p2a: Kartana
|-resisted|p2a: Kartana
|-damage|p2a: Kartana|17/100
|move|p2a: Kartana|Smart Strike|p1a: Latios
|-damage|p1a: Latios|3/100
|
|upkeep
|turn|20
|
|t:|1610100148
|move|p1a: Latios|Psyshock|p2a: Kartana
|-resisted|p2a: Kartana
|-damage|p2a: Kartana|0 fnt
|faint|p2a: Kartana
|
|upkeep
|
|t:|1610100155
|switch|p2a: Magearna|Magearna|96/100
|turn|21
|
|t:|1610100161
|move|p1a: Latios|Mystical Fire|p2a: Magearna
|-supereffective|p2a: Magearna
|-damage|p2a: Magearna|43/100
|-unboost|p2a: Magearna|spa|1
|move|p2a: Magearna|Calm Mind|p2a: Magearna
|-boost|p2a: Magearna|spa|1
|-boost|p2a: Magearna|spd|1
|
|-heal|p2a: Magearna|49/100|[from] item: Leftovers
|upkeep
|turn|22
|
|t:|1610100169
|move|p1a: Latios|Mystical Fire|p2a: Magearna
|-supereffective|p2a: Magearna
|-damage|p2a: Magearna|14/100
|-unboost|p2a: Magearna|spa|1
|move|p2a: Magearna|Draining Kiss|p1a: Latios
|-supereffective|p1a: Latios
|-damage|p1a: Latios|0 fnt
|-heal|p2a: Magearna|15/100|[from] drain|[of] p1a: Latios
|faint|p1a: Latios
|-ability|p2a: Magearna|Soul-Heart|boost
|-boost|p2a: Magearna|spa|1
|
|-heal|p2a: Magearna|21/100|[from] item: Leftovers
|upkeep
|
|t:|1610100176
|switch|p1a: Urshifu|Urshifu, F|100/100
|turn|23
|
|t:|1610100195
|move|p1a: Urshifu|Close Combat|p2a: Magearna
|-damage|p2a: Magearna|0 fnt
|-unboost|p1a: Urshifu|def|1
|-unboost|p1a: Urshifu|spd|1
|faint|p2a: Magearna
|
|upkeep
|
|t:|1610100207
|switch|p2a: Cinderace|Cinderace, M|100/100
|turn|24
|
|t:|1610100216
|move|p1a: Urshifu|Sucker Punch||[still]
|-fail|p1a: Urshifu
|move|p2a: Cinderace|Bulk Up|p2a: Cinderace
|-start|p2a: Cinderace|typechange|Fighting|[from] ability: Libero
|-boost|p2a: Cinderace|atk|1
|-boost|p2a: Cinderace|def|1
|
|upkeep
|turn|25
|
|t:|1610100229
|move|p2a: Cinderace|High Jump Kick|p1a: Urshifu
|-supereffective|p1a: Urshifu
|-damage|p1a: Urshifu|0 fnt
|-damage|p2a: Cinderace|91/100|[from] item: Life Orb
|faint|p1a: Urshifu
|
|upkeep
|
|t:|1610100233
|switch|p1a: Tapu Fini|Tapu Fini|100/100
|-fieldstart|move: Misty Terrain|[from] ability: Misty Surge|[of] p1a: Tapu Fini
|turn|26
|
|t:|1610100238
|move|p2a: Cinderace|Pyro Ball|p1a: Tapu Fini|[miss]
|-start|p2a: Cinderace|typechange|Fire|[from] ability: Libero
|-miss|p2a: Cinderace|p1a: Tapu Fini
|move|p1a: Tapu Fini|Surf|p2a: Cinderace
|-supereffective|p2a: Cinderace
|-damage|p2a: Cinderace|0 fnt
|faint|p2a: Cinderace
|
|win|Luckpup
|raw|Luckpup's rating: 1628 &rarr; <strong>1648</strong><br />(+20 for winning)
|raw|Mickey m's rating: 1637 &rarr; <strong>1616</strong><br />(-21 for losing)
|l|☆Mickey m
|l|☆Luckpup
