|j|☆2(H2O)-Alt
|j|☆madara6stalls
|t:|1655414110
|gametype|singles
|player|p1|2(H2O)-Alt|youngster|1690
|player|p2|madara6stalls|blue|1719
|teamsize|p1|6
|teamsize|p2|6
|gen|8
|tier|[Gen 8] OU
|rated|
|rule|Sleep Clause Mod: Limit one foe put to sleep
|rule|Species Clause: Limit one of each Pokémon
|rule|OHKO Clause: OHKO moves are banned
|rule|Evasion Moves Clause: Evasion moves are banned
|rule|Endless Battle Clause: Forcing endless battles is banned
|rule|HP Percentage Mod: HP is shown in percentages
|rule|Dynamax Clause: You cannot dynamax
|clearpoke
|poke|p1|Tapu Lele|
|poke|p1|Victini|
|poke|p1|Melmetal|
|poke|p1|Dragonite, M|
|poke|p1|Landorus-Therian, M|
|poke|p1|Urshifu-*, M|
|poke|p2|Toxapex, F|
|poke|p2|Blissey, F|
|poke|p2|Hippowdon, M|
|poke|p2|Clefable, F|
|poke|p2|Skarmory, M|
|poke|p2|Hydreigon, F|
|teampreview
|c|☆2(H2O)-Alt|nice team
|inactive|Battle timer is ON: inactive players will automatically lose when time's up. (requested by 2(H2O)-Alt)
|j| cuenca23
|c|☆madara6stalls|ty
|
|t:|1655414159
|start
|switch|p1a: Urshifu|Urshifu-Rapid-Strike, M|100/100
|switch|p2a: Clefable|Clefable, F|100/100
|turn|1
|inactive|madara6stalls has 120 seconds left.
|
|t:|1655414197
|move|p1a: Urshifu|U-turn|p2a: Clefable
|-resisted|p2a: Clefable
|-damage|p2a: Clefable|88/100
|
|t:|1655414199
|switch|p1a: Melmetal|Melmetal|100/100|[from]move: U-turn
|move|p2a: Clefable|Trick|p1a: Melmetal
|-activate|p2a: Clefable|move: Trick|[of] p1a: Melmetal
|-item|p1a: Melmetal|Sticky Barb|[from] move: Trick
|-item|p2a: Clefable|Assault Vest|[from] move: Trick
|
|-damage|p1a: Melmetal|88/100|[from] item: Sticky Barb
|upkeep
|turn|2
|inactive|madara6stalls has 120 seconds left.
|
|t:|1655414211
|switch|p2a: Skarmory|Skarmory, M|100/100
|switch|p1a: Tapu Lele|Tapu Lele|100/100
|-fieldstart|move: Psychic Terrain|[from] ability: Psychic Surge|[of] p1a: Tapu Lele
|
|upkeep
|turn|3
|inactive|madara6stalls has 120 seconds left.
|
|t:|1655414224
|switch|p2a: Hydreigon|Hydreigon, F|100/100
|move|p1a: Tapu Lele|Future Sight|p2a: Hydreigon
|-start|p1a: Tapu Lele|move: Future Sight
|
|upkeep
|turn|4
|inactive|madara6stalls has 120 seconds left.
|
|t:|1655414248
|switch|p1a: Urshifu|Urshifu-Rapid-Strike, M|100/100
|move|p2a: Hydreigon|Earthquake|p1a: Urshifu
|-damage|p1a: Urshifu|78/100
|
|upkeep
|turn|5
|j| ash_won_kalos
|inactive|madara6stalls has 90 seconds left.
|
|t:|1655414293
|move|p1a: Urshifu|Close Combat|p2a: Hydreigon
|-supereffective|p2a: Hydreigon
|-damage|p2a: Hydreigon|0 fnt
|-unboost|p1a: Urshifu|def|1
|-unboost|p1a: Urshifu|spd|1
|faint|p2a: Hydreigon
|
|-hint|Future Sight did not hit because the target is fainted.
|upkeep
|
|t:|1655414302
|switch|p2a: Hippowdon|Hippowdon, M|100/100
|-weather|Sandstorm|[from] ability: Sand Stream|[of] p2a: Hippowdon
|turn|6
|
|t:|1655414307
|switch|p1a: Landorus|Landorus-Therian, M|100/100
|-ability|p1a: Landorus|Intimidate|boost
|-unboost|p2a: Hippowdon|atk|1
|move|p2a: Hippowdon|Earthquake|p1a: Landorus
|-immune|p1a: Landorus
|
|-weather|Sandstorm|[upkeep]
|-fieldend|move: Psychic Terrain
|upkeep
|turn|7
|inactive|madara6stalls has 90 seconds left.
|
|t:|1655414315
|move|p1a: Landorus|Toxic|p2a: Hippowdon
|-status|p2a: Hippowdon|tox
|move|p2a: Hippowdon|Stealth Rock|p1a: Landorus
|-sidestart|p1: 2(H2O)-Alt|move: Stealth Rock
|
|-weather|Sandstorm|[upkeep]
|-damage|p2a: Hippowdon|94/100 tox|[from] psn
|upkeep
|turn|8
|
|t:|1655414322
|move|p1a: Landorus|Stealth Rock|p2a: Hippowdon
|-sidestart|p2: madara6stalls|move: Stealth Rock
|move|p2a: Hippowdon|Toxic|p1a: Landorus
|-status|p1a: Landorus|tox
|
|-weather|Sandstorm|[upkeep]
|-heal|p2a: Hippowdon|100/100 tox|[from] item: Leftovers
|-damage|p1a: Landorus|94/100 tox|[from] psn
|-damage|p2a: Hippowdon|88/100 tox|[from] psn
|upkeep
|turn|9
|inactive|madara6stalls has 90 seconds left.
|
|t:|1655414344
|switch|p2a: Skarmory|Skarmory, M|100/100
|-damage|p2a: Skarmory|88/100|[from] Stealth Rock
|move|p1a: Landorus|U-turn|p2a: Skarmory
|-resisted|p2a: Skarmory
|-damage|p2a: Skarmory|85/100
|-damage|p1a: Landorus|78/100 tox|[from] item: Rocky Helmet|[of] p2a: Skarmory
|
|t:|1655414351
|switch|p1a: Victini|Victini|100/100|[from]move: U-turn
|
|-weather|Sandstorm|[upkeep]
|-damage|p1a: Victini|94/100|[from] Sandstorm
|upkeep
|turn|10
|
|t:|1655414358
|switch|p2a: Toxapex|Toxapex, F|100/100
|-damage|p2a: Toxapex|88/100|[from] Stealth Rock
|move|p1a: Victini|U-turn|p2a: Toxapex
|-resisted|p2a: Toxapex
|-damage|p2a: Toxapex|82/100
|-damage|p1a: Victini|78/100|[from] item: Rocky Helmet|[of] p2a: Toxapex
|
|t:|1655414365
|switch|p1a: Tapu Lele|Tapu Lele|100/100|[from]move: U-turn
|-damage|p1a: Tapu Lele|88/100|[from] Stealth Rock
|-fieldstart|move: Psychic Terrain|[from] ability: Psychic Surge|[of] p1a: Tapu Lele
|
|-weather|none
|upkeep
|turn|11
|
|t:|1655414373
|switch|p2a: Blissey|Blissey, F|100/100
|-damage|p2a: Blissey|88/100|[from] Stealth Rock
|move|p1a: Tapu Lele|Future Sight|p2a: Blissey
|-start|p1a: Tapu Lele|move: Future Sight
|
|-heal|p2a: Blissey|94/100|[from] item: Leftovers
|upkeep
|turn|12
|
|t:|1655414384
|switch|p1a: Urshifu|Urshifu-Rapid-Strike, M|78/100
|-damage|p1a: Urshifu|72/100|[from] Stealth Rock
|move|p2a: Blissey|Seismic Toss|p1a: Urshifu
|-damage|p1a: Urshifu|43/100
|
|-heal|p2a: Blissey|99/100|[from] item: Leftovers
|upkeep
|turn|13
|
|t:|1655414393
|switch|p2a: Toxapex|Toxapex, F|100/100
|-damage|p2a: Toxapex|88/100|[from] Stealth Rock
|move|p1a: Urshifu|Close Combat|p2a: Toxapex
|-resisted|p2a: Toxapex
|-damage|p2a: Toxapex|61/100
|-unboost|p1a: Urshifu|def|1
|-unboost|p1a: Urshifu|spd|1
|-damage|p1a: Urshifu|26/100|[from] item: Rocky Helmet|[of] p2a: Toxapex
|
|-end|p2a: Toxapex|move: Future Sight
|-supereffective|p2a: Toxapex
|-damage|p2a: Toxapex|0 fnt
|faint|p2a: Toxapex
|upkeep
|
|t:|1655414412
|switch|p2a: Clefable|Clefable, F|88/100
|turn|14
|
|t:|1655414419
|switch|p1a: Melmetal|Melmetal|88/100
|-damage|p1a: Melmetal|82/100|[from] Stealth Rock
|move|p2a: Clefable|Moonblast|p1a: Melmetal
|-resisted|p1a: Melmetal
|-damage|p1a: Melmetal|70/100
|-unboost|p1a: Melmetal|spa|1
|
|-fieldend|move: Psychic Terrain
|-damage|p1a: Melmetal|57/100|[from] item: Sticky Barb
|upkeep
|turn|15
|
|t:|1655414433
|switch|p2a: Skarmory|Skarmory, M|85/100
|-damage|p2a: Skarmory|73/100|[from] Stealth Rock
|switch|p1a: Victini|Victini|78/100
|
|upkeep
|turn|16
|
|t:|1655414445
|switch|p2a: Hippowdon|Hippowdon, M|88/100 tox
|-damage|p2a: Hippowdon|82/100 tox|[from] Stealth Rock
|-weather|Sandstorm|[from] ability: Sand Stream|[of] p2a: Hippowdon
|move|p1a: Victini|V-create|p2a: Hippowdon
|-damage|p2a: Hippowdon|23/100 tox
|-unboost|p1a: Victini|spe|1
|-unboost|p1a: Victini|def|1
|-unboost|p1a: Victini|spd|1
|
|-weather|Sandstorm|[upkeep]
|-damage|p1a: Victini|72/100|[from] Sandstorm
|-heal|p2a: Hippowdon|29/100 tox|[from] item: Leftovers
|-damage|p2a: Hippowdon|23/100 tox|[from] psn
|upkeep
|turn|17
|c|☆madara6stalls|gg
|-message|madara6stalls forfeited.
|
|win|2(H2O)-Alt
|raw|2(H2O)-Alt's rating: 1690 &rarr; <strong>1712</strong><br />(+22 for winning)
|raw|madara6stalls's rating: 1719 &rarr; <strong>1697</strong><br />(-22 for losing)
|l|☆madara6stalls
|c|☆2(H2O)-Alt|gg
|l| ash_won_kalos
||Ladder isn't responding, score probably updated but might not have (Request timeout).
