|j|☆PedroGrug
|j|☆FranchuteDeTurno
|t:|1607788563
|player|p1|PedroGrug|lyra|1735
|player|p2|FranchuteDeTurno|flannery|1767
|teamsize|p1|6
|teamsize|p2|6
|gametype|singles
|gen|8
|tier|[Gen 8] OU
|rated|
|clearpoke
|poke|p1|Tapu Lele|
|poke|p1|Ferrothorn, F|
|poke|p1|Mandibuzz, F|
|poke|p1|Toxapex, F|
|poke|p1|Cinderace, M|
|poke|p1|Landorus-Therian, M|
|poke|p2|Tapu Koko|
|poke|p2|Nidoking, M|
|poke|p2|Garchomp, F|
|poke|p2|Skarmory, M|
|poke|p2|Tapu Fini|
|poke|p2|Urshifu-*, F|
|rule|Sleep Clause Mod: Limit one foe put to sleep
|rule|Species Clause: Limit one of each Pokémon
|rule|OHKO Clause: OHKO moves are banned
|rule|Evasion Moves Clause: Evasion moves are banned
|rule|Endless Battle Clause: Forcing endless battles is banned
|rule|HP Percentage Mod: HP is shown in percentages
|rule|Dynamax Clause: You cannot dynamax
|teampreview
|
|t:|1607788580
|start
|switch|p1a: Ferrothorn|Ferrothorn, F|100/100
|switch|p2a: Garchomp|Garchomp, F|100/100
|turn|1
|
|t:|1607788583
|move|p2a: Garchomp|Stealth Rock|p1a: Ferrothorn
|-sidestart|p1: PedroGrug|move: Stealth Rock
|move|p1a: Ferrothorn|Stealth Rock|p2a: Garchomp
|-sidestart|p2: FranchuteDeTurno|move: Stealth Rock
|
|upkeep
|turn|2
|
|t:|1607788588
|switch|p2a: Skarmory|Skarmory, M|100/100
|-damage|p2a: Skarmory|88/100|[from] Stealth Rock
|move|p1a: Ferrothorn|Leech Seed|p2a: Skarmory
|-start|p2a: Skarmory|move: Leech Seed
|
|-damage|p2a: Skarmory|76/100|[from] Leech Seed|[of] p1a: Ferrothorn
|upkeep
|turn|3
|
|t:|1607788595
|switch|p1a: Cinderace|Cinderace, M|100/100
|move|p2a: Skarmory|Spikes|p1a: Cinderace
|-sidestart|p1: PedroGrug|Spikes
|
|-damage|p2a: Skarmory|64/100|[from] Leech Seed|[of] p1a: Cinderace
|upkeep
|turn|4
|
|t:|1607788601
|switch|p2a: Garchomp|Garchomp, F|100/100
|-damage|p2a: Garchomp|94/100|[from] Stealth Rock
|move|p1a: Cinderace|High Jump Kick|p2a: Garchomp
|-start|p1a: Cinderace|typechange|Fighting|[from] ability: Libero
|-damage|p2a: Garchomp|37/100
|-damage|p1a: Cinderace|88/100|[from] ability: Rough Skin|[of] p2a: Garchomp
|-damage|p1a: Cinderace|72/100|[from] item: Rocky Helmet|[of] p2a: Garchomp
|
|upkeep
|turn|5
|
|t:|1607788612
|move|p1a: Cinderace|High Jump Kick|p2a: Garchomp
|-damage|p2a: Garchomp|0 fnt
|-damage|p1a: Cinderace|59/100|[from] ability: Rough Skin|[of] p2a: Garchomp
|-damage|p1a: Cinderace|43/100|[from] item: Rocky Helmet|[of] p2a: Garchomp
|faint|p2a: Garchomp
|
|upkeep
|
|t:|1607788621
|switch|p2a: Tapu Koko|Tapu Koko|100/100
|-damage|p2a: Tapu Koko|88/100|[from] Stealth Rock
|-fieldstart|move: Electric Terrain|[from] ability: Electric Surge|[of] p2a: Tapu Koko
|turn|6
|
|t:|1607788629
|switch|p1a: Landorus|Landorus-Therian, M|100/100
|-damage|p1a: Landorus|88/100|[from] Stealth Rock
|-ability|p1a: Landorus|Intimidate|boost
|-unboost|p2a: Tapu Koko|atk|1
|move|p2a: Tapu Koko|Dazzling Gleam|p1a: Landorus
|-damage|p1a: Landorus|20/100
|
|upkeep
|turn|7
|
|t:|1607788633
|switch|p2a: Skarmory|Skarmory, M|64/100
|-damage|p2a: Skarmory|51/100|[from] Stealth Rock
|move|p1a: Landorus|U-turn|p2a: Skarmory
|-resisted|p2a: Skarmory
|-damage|p2a: Skarmory|48/100
|-damage|p1a: Landorus|3/100|[from] item: Rocky Helmet|[of] p2a: Skarmory
|
|t:|1607788640
|switch|p1a: Cinderace|Cinderace, M|43/100|[from]move: U-turn
|
|upkeep
|turn|8
|j| kulhnj
|
|t:|1607788647
|switch|p2a: Tapu Fini|Tapu Fini|100/100
|-damage|p2a: Tapu Fini|88/100|[from] Stealth Rock
|-fieldstart|move: Misty Terrain|[from] ability: Misty Surge|[of] p2a: Tapu Fini
|move|p1a: Cinderace|Pyro Ball|p2a: Tapu Fini|[miss]
|-miss|p1a: Cinderace|p2a: Tapu Fini
|
|upkeep
|turn|9
|
|t:|1607788654
|switch|p2a: Tapu Koko|Tapu Koko|88/100
|-damage|p2a: Tapu Koko|76/100|[from] Stealth Rock
|-fieldstart|move: Electric Terrain|[from] ability: Electric Surge|[of] p2a: Tapu Koko
|move|p1a: Cinderace|Gunk Shot|p2a: Tapu Koko|[miss]
|-start|p1a: Cinderace|typechange|Poison|[from] ability: Libero
|-miss|p1a: Cinderace|p2a: Tapu Koko
|
|upkeep
|turn|10
|
|t:|1607788671
|switch|p1a: Ferrothorn|Ferrothorn, F|100/100
|-damage|p1a: Ferrothorn|94/100|[from] Stealth Rock
|-damage|p1a: Ferrothorn|82/100|[from] Spikes
|move|p2a: Tapu Koko|Volt Switch|p1a: Ferrothorn
|-resisted|p1a: Ferrothorn
|-damage|p1a: Ferrothorn|61/100
|
|t:|1607788677
|switch|p2a: Nidoking|Nidoking, M|100/100|[from]move: Volt Switch
|-damage|p2a: Nidoking|95/100|[from] Stealth Rock
|
|-heal|p1a: Ferrothorn|68/100|[from] item: Leftovers
|upkeep
|turn|11
|j| Windows 98 SE
|
|t:|1607788689
|move|p2a: Nidoking|Flamethrower|p1a: Ferrothorn
|-supereffective|p1a: Ferrothorn
|-damage|p1a: Ferrothorn|0 fnt
|faint|p1a: Ferrothorn
|
|upkeep
|
|t:|1607788694
|switch|p1a: Mandibuzz|Mandibuzz, F|100/100
|turn|12
|
|t:|1607788698
|move|p2a: Nidoking|Ice Beam|p1a: Mandibuzz
|-supereffective|p1a: Mandibuzz
|-damage|p1a: Mandibuzz|41/100
|move|p1a: Mandibuzz|Defog|p2a: Nidoking
|-unboost|p2a: Nidoking|evasion|1
|-sideend|p2: FranchuteDeTurno|Stealth Rock|[from] move: Defog|[of] p1a: Mandibuzz
|-sideend|p1: PedroGrug|Spikes|[from] move: Defog|[of] p1a: Mandibuzz
|-sideend|p1: PedroGrug|Stealth Rock|[from] move: Defog|[of] p1a: Mandibuzz
|-fieldend|move: Electric Terrain
|
|upkeep
|turn|13
|
|t:|1607788707
|move|p2a: Nidoking|Ice Beam|p1a: Mandibuzz
|-supereffective|p1a: Mandibuzz
|-damage|p1a: Mandibuzz|0 fnt
|faint|p1a: Mandibuzz
|
|upkeep
|
|t:|1607788714
|switch|p1a: Tapu Lele|Tapu Lele|100/100
|-fieldstart|move: Psychic Terrain|[from] ability: Psychic Surge|[of] p1a: Tapu Lele
|turn|14
|
|t:|1607788718
|switch|p2a: Tapu Fini|Tapu Fini|88/100
|-fieldstart|move: Misty Terrain|[from] ability: Misty Surge|[of] p2a: Tapu Fini
|move|p1a: Tapu Lele|Psychic|p2a: Tapu Fini
|-damage|p2a: Tapu Fini|25/100
|
|upkeep
|turn|15
|
|t:|1607788725
|switch|p2a: Urshifu|Urshifu, F|100/100
|switch|p1a: Toxapex|Toxapex, F|100/100
|
|upkeep
|turn|16
|
|t:|1607788733
|move|p2a: Urshifu|Wicked Blow|p1a: Toxapex
|-crit|p1a: Toxapex
|-damage|p1a: Toxapex|49/100
|-damage|p2a: Urshifu|84/100|[from] item: Rocky Helmet|[of] p1a: Toxapex
|move|p1a: Toxapex|Liquidation|p2a: Urshifu
|-damage|p2a: Urshifu|63/100
|
|upkeep
|turn|17
|j| Boi 240
|
|t:|1607788747
|move|p2a: Urshifu|Wicked Blow|p1a: Toxapex
|-crit|p1a: Toxapex
|-damage|p1a: Toxapex|0 fnt
|-damage|p2a: Urshifu|47/100|[from] item: Rocky Helmet|[of] p1a: Toxapex
|faint|p1a: Toxapex
|
|upkeep
|
|t:|1607788752
|switch|p1a: Cinderace|Cinderace, M|43/100
|turn|18
|
|t:|1607788770
|switch|p2a: Tapu Fini|Tapu Fini|25/100
|move|p1a: Cinderace|Pyro Ball|p2a: Tapu Fini|[miss]
|-miss|p1a: Cinderace|p2a: Tapu Fini
|
|-fieldend|Misty Terrain
|upkeep
|turn|19
|
|t:|1607788775
|move|p2a: Tapu Fini|Hydro Pump|p1a: Cinderace
|-supereffective|p1a: Cinderace
|-damage|p1a: Cinderace|0 fnt
|faint|p1a: Cinderace
|
|upkeep
|
|t:|1607788783
|switch|p1a: Tapu Lele|Tapu Lele|100/100
|-fieldstart|move: Psychic Terrain|[from] ability: Psychic Surge|[of] p1a: Tapu Lele
|turn|20
|
|t:|1607788790
|move|p2a: Tapu Fini|Hydro Pump|p1a: Tapu Lele
|-damage|p1a: Tapu Lele|54/100
|move|p1a: Tapu Lele|Psychic|p2a: Tapu Fini
|-damage|p2a: Tapu Fini|0 fnt
|faint|p2a: Tapu Fini
|
|upkeep
|j| Sun Run
|
|t:|1607788797
|switch|p2a: Urshifu|Urshifu, F|47/100
|turn|21
|-message|PedroGrug forfeited.
|
|win|FranchuteDeTurno
|l|☆PedroGrug
|raw|PedroGrug's rating: 1735 &rarr; <strong>1717</strong><br />(-18 for losing)
|raw|FranchuteDeTurno's rating: 1768 &rarr; <strong>1786</strong><br />(+18 for winning)
