|raw|<div class="broadcast-blue"><strong>This battle is required to be public due to a player having a name starting with 'lt84jm'.</div>
|j|‽LT84JM yoyoyoyoyo
|j|☆Coach Jones 6fifth
|t:|1627653573
|gametype|singles
|player|p1|LT84JM yoyoyoyoyo|burgh|1861
|player|p2|Coach Jones 6fifth|lusamine-nihilego|1924
|teamsize|p1|6
|teamsize|p2|6
|gen|8
|tier|[Gen 8] OU
|rated|
|rule|Sleep Clause Mod: Limit one foe put to sleep
|rule|Species Clause: Limit one of each Pokémon
|rule|OHKO Clause: OHKO moves are banned
|rule|Evasion Moves Clause: Evasion moves are banned
|rule|Endless Battle Clause: Forcing endless battles is banned
|rule|HP Percentage Mod: HP is shown in percentages
|rule|Dynamax Clause: You cannot dynamax
|clearpoke
|poke|p1|Shedinja|
|poke|p1|Quagsire, M|
|poke|p1|Corviknight, M|
|poke|p1|Xatu, M|
|poke|p1|Blissey, F|
|poke|p1|Toxapex, F|
|poke|p2|Heatran, F|
|poke|p2|Rillaboom, M|
|poke|p2|Zapdos|
|poke|p2|Slowbro, M|
|poke|p2|Landorus-Therian, M|
|poke|p2|Dragapult, M|
|teampreview
|j| Cid el Campeador
|j| MAX UND MAX
|j| jnhkldfmjkld
|j| iKiQ
|
|t:|1627653585
|start
|switch|p1a: Quagsire|Quagsire, M|100/100
|switch|p2a: Landorus|Landorus-Therian, M|100/100
|-ability|p2a: Landorus|Intimidate|boost
|-unboost|p1a: Quagsire|atk|1
|turn|1
|j| LT84JM Lorenz
|
|t:|1627653588
|switch|p2a: Slowbro|Slowbro, M|100/100
|move|p1a: Quagsire|Toxic|p2a: Slowbro
|-status|p2a: Slowbro|tox
|
|-damage|p2a: Slowbro|94/100 tox|[from] psn
|upkeep
|turn|2
|j| AHS3 Coven
|
|t:|1627653593
|switch|p1a: Shedinja|Shedinja|100/100
|move|p2a: Slowbro|Teleport|p2a: Slowbro
|
|t:|1627653596
|switch|p2a: Landorus|Landorus-Therian, M|100/100|[from]move: Teleport
|-ability|p2a: Landorus|Intimidate|boost
|-unboost|p1a: Shedinja|atk|1
|
|upkeep
|turn|3
|
|t:|1627653603
|switch|p1a: Corviknight|Corviknight, M|100/100
|-ability|p1a: Corviknight|Pressure
|move|p2a: Landorus|Knock Off|p1a: Corviknight
|-damage|p1a: Corviknight|82/100
|-enditem|p1a: Corviknight|Shed Shell|[from] move: Knock Off|[of] p2a: Landorus
|
|upkeep
|turn|4
|
|t:|1627653609
|switch|p2a: Heatran|Heatran, F|100/100
|move|p1a: Corviknight|Body Press|p2a: Heatran
|-supereffective|p2a: Heatran
|-damage|p2a: Heatran|59/100
|
|-heal|p2a: Heatran|65/100|[from] item: Leftovers
|upkeep
|turn|5
|
|t:|1627653612
|switch|p2a: Slowbro|Slowbro, M|100/100 tox
|switch|p1a: Xatu|Xatu, M|100/100
|
|-damage|p2a: Slowbro|94/100 tox|[from] psn
|upkeep
|turn|6
|
|t:|1627653616
|move|p1a: Xatu|Wish|p1a: Xatu
|move|p2a: Slowbro|Teleport|p2a: Slowbro
|
|t:|1627653623
|switch|p2a: Rillaboom|Rillaboom, M|100/100|[from]move: Teleport
|-fieldstart|move: Grassy Terrain|[from] ability: Grassy Surge|[of] p2a: Rillaboom
|
|upkeep
|turn|7
|
|t:|1627653633
|switch|p1a: Corviknight|Corviknight, M|82/100
|-ability|p1a: Corviknight|Pressure
|move|p2a: Rillaboom|U-turn|p1a: Corviknight
|-resisted|p1a: Corviknight
|-damage|p1a: Corviknight|77/100
|
|t:|1627653639
|switch|p2a: Heatran|Heatran, F|65/100|[from]move: U-turn
|
|-heal|p1a: Corviknight|100/100|[from] move: Wish|[wisher] Xatu
|-heal|p2a: Heatran|71/100|[from] Grassy Terrain
|-heal|p2a: Heatran|77/100|[from] item: Leftovers
|upkeep
|turn|8
|
|t:|1627653647
|switch|p2a: Landorus|Landorus-Therian, M|100/100
|-ability|p2a: Landorus|Intimidate|boost
|-unboost|p1a: Corviknight|atk|1
|switch|p1a: Xatu|Xatu, M|100/100
|
|upkeep
|turn|9
|j| LT84JM croo
|
|t:|1627653663
|switch|p1a: Corviknight|Corviknight, M|100/100
|-ability|p1a: Corviknight|Pressure
|move|p2a: Landorus|Stealth Rock|p1a: Corviknight
|-sidestart|p1: LT84JM yoyoyoyoyo|move: Stealth Rock
|
|upkeep
|turn|10
|j| LT84JM Black Lotus
|
|t:|1627653669
|switch|p2a: Heatran|Heatran, F|77/100
|move|p1a: Corviknight|Defog|p2a: Heatran
|-unboost|p2a: Heatran|evasion|1
|-sideend|p1: LT84JM yoyoyoyoyo|Stealth Rock|[from] move: Defog|[of] p1a: Corviknight
|-fieldend|move: Grassy Terrain
|
|-heal|p2a: Heatran|83/100|[from] item: Leftovers
|upkeep
|turn|11
|
|t:|1627653673
|switch|p1a: Toxapex|Toxapex, F|100/100
|move|p2a: Heatran|Magma Storm|p1a: Toxapex
|-resisted|p1a: Toxapex
|-damage|p1a: Toxapex|84/100
|-activate|p1a: Toxapex|move: Magma Storm|[of] p2a: Heatran
|
|-heal|p2a: Heatran|90/100|[from] item: Leftovers
|-damage|p1a: Toxapex|72/100|[from] move: Magma Storm|[partiallytrapped]
|upkeep
|turn|12
|
|t:|1627653677
|switch|p2a: Slowbro|Slowbro, M|100/100 tox
|move|p1a: Toxapex|Scald|p2a: Slowbro
|-resisted|p2a: Slowbro
|-damage|p2a: Slowbro|92/100 tox
|
|-damage|p2a: Slowbro|86/100 tox|[from] psn
|-end|p1a: Toxapex|Magma Storm|[partiallytrapped]|[silent]
|upkeep
|turn|13
|
|t:|1627653682
|switch|p1a: Shedinja|Shedinja|100/100
|move|p2a: Slowbro|Scald|p1a: Shedinja
|-immune|p1a: Shedinja|[from] ability: Wonder Guard
|
|-damage|p2a: Slowbro|73/100 tox|[from] psn
|upkeep
|turn|14
|
|t:|1627653687
|move|p1a: Shedinja|Poltergeist|p2a: Slowbro
|-activate|p2a: Slowbro|move: Poltergeist|Heavy-Duty Boots
|-supereffective|p2a: Slowbro
|-damage|p2a: Slowbro|17/100 tox
|move|p2a: Slowbro|Teleport|p2a: Slowbro
|j| Luckpup
|
|t:|1627653691
|switch|p2a: Landorus|Landorus-Therian, M|100/100|[from]move: Teleport
|-ability|p2a: Landorus|Intimidate|boost
|-unboost|p1a: Shedinja|atk|1
|
|upkeep
|turn|15
|
|t:|1627653695
|switch|p1a: Corviknight|Corviknight, M|100/100
|-ability|p1a: Corviknight|Pressure
|move|p2a: Landorus|Knock Off|p1a: Corviknight
|-crit|p1a: Corviknight
|-damage|p1a: Corviknight|80/100
|
|upkeep
|turn|16
|
|t:|1627653703
|switch|p1a: Blissey|Blissey, F|100/100
|move|p2a: Landorus|Stealth Rock|p1a: Blissey
|-sidestart|p1: LT84JM yoyoyoyoyo|move: Stealth Rock
|
|upkeep
|turn|17
|j| Priyankaa
|l| Priyankaa
|j| skimmythegod
|
|t:|1627653723
|switch|p2a: Dragapult|Dragapult, M, shiny|100/100
|move|p1a: Blissey|Stealth Rock|p2a: Dragapult
|-sidestart|p2: Coach Jones 6fifth|move: Stealth Rock
|
|upkeep
|turn|18
|
|t:|1627653727
|move|p2a: Dragapult|U-turn|p1a: Blissey
|-damage|p1a: Blissey|86/100
|
|t:|1627653729
|switch|p2a: Rillaboom|Rillaboom, M|100/100|[from]move: U-turn
|-damage|p2a: Rillaboom|88/100|[from] Stealth Rock
|-fieldstart|move: Grassy Terrain|[from] ability: Grassy Surge|[of] p2a: Rillaboom
|move|p1a: Blissey|Seismic Toss|p2a: Rillaboom
|-damage|p2a: Rillaboom|59/100
|
|-heal|p2a: Rillaboom|65/100|[from] Grassy Terrain
|-heal|p1a: Blissey|92/100|[from] Grassy Terrain
|upkeep
|turn|19
|
|t:|1627653738
|switch|p1a: Toxapex|Toxapex, F|100/100
|-damage|p1a: Toxapex|88/100|[from] Stealth Rock
|move|p2a: Rillaboom|U-turn|p1a: Toxapex
|-resisted|p1a: Toxapex
|-damage|p1a: Toxapex|78/100
|
|t:|1627653745
|switch|p2a: Slowbro|Slowbro, M|50/100 tox|[from]move: U-turn
|
|-heal|p1a: Toxapex|84/100|[from] Grassy Terrain
|-heal|p2a: Slowbro|56/100 tox|[from] Grassy Terrain
|-damage|p2a: Slowbro|50/100 tox|[from] psn
|upkeep
|turn|20
|
|t:|1627653761
|switch|p1a: Blissey|Blissey, F|92/100
|move|p2a: Slowbro|Teleport|p2a: Slowbro
|
|t:|1627653764
|switch|p2a: Rillaboom|Rillaboom, M|65/100|[from]move: Teleport
|-damage|p2a: Rillaboom|53/100|[from] Stealth Rock
|
|-heal|p2a: Rillaboom|59/100|[from] Grassy Terrain
|-heal|p1a: Blissey|98/100|[from] Grassy Terrain
|upkeep
|turn|21
|l| skimmythegod
|j| Anonymous Man
|j| curiosity
|
|t:|1627653768
|switch|p1a: Toxapex|Toxapex, F|100/100
|-damage|p1a: Toxapex|88/100|[from] Stealth Rock
|move|p2a: Rillaboom|Wood Hammer|p1a: Toxapex
|-damage|p1a: Toxapex|15/100
|-damage|p2a: Rillaboom|37/100|[from] Recoil
|
|-heal|p2a: Rillaboom|44/100|[from] Grassy Terrain
|-heal|p1a: Toxapex|21/100|[from] Grassy Terrain
|upkeep
|turn|22
|
|t:|1627653773
|switch|p2a: Heatran|Heatran, F|90/100
|-damage|p2a: Heatran|77/100|[from] Stealth Rock
|switch|p1a: Corviknight|Corviknight, M|80/100
|-damage|p1a: Corviknight|68/100|[from] Stealth Rock
|-ability|p1a: Corviknight|Pressure
|
|-heal|p2a: Heatran|83/100|[from] Grassy Terrain
|-heal|p2a: Heatran|90/100|[from] item: Leftovers
|-fieldend|move: Grassy Terrain
|upkeep
|turn|23
|
|t:|1627653777
|switch|p1a: Xatu|Xatu, M|100/100
|move|p2a: Heatran|Magma Storm|p1a: Xatu|[miss]
|-miss|p2a: Heatran|p1a: Xatu
|
|-heal|p2a: Heatran|96/100|[from] item: Leftovers
|upkeep
|turn|24
|l| Cid el Campeador
|
|t:|1627653780
|move|p1a: Xatu|Defog|p2a: Heatran
|-unboost|p2a: Heatran|evasion|1
|-sideend|p2: Coach Jones 6fifth|Stealth Rock|[from] move: Defog|[of] p1a: Xatu
|-sideend|p1: LT84JM yoyoyoyoyo|Stealth Rock|[from] move: Defog|[of] p1a: Xatu
|move|p2a: Heatran|Magma Storm|p1a: Xatu|[miss]
|-miss|p2a: Heatran|p1a: Xatu
|
|-heal|p2a: Heatran|100/100|[from] item: Leftovers
|upkeep
|turn|25
|
|t:|1627653783
|move|p1a: Xatu|Wish|p1a: Xatu
|move|p2a: Heatran|Magma Storm|p1a: Xatu
|-damage|p1a: Xatu|62/100
|-activate|p1a: Xatu|move: Magma Storm|[of] p2a: Heatran
|
|-damage|p1a: Xatu|49/100|[from] move: Magma Storm|[partiallytrapped]
|upkeep
|turn|26
|
|t:|1627653787
|move|p1a: Xatu|Night Shade|p2a: Heatran
|-damage|p2a: Heatran|75/100
|move|p2a: Heatran|Heavy Slam|p1a: Xatu
|-damage|p1a: Xatu|6/100
|
|-heal|p1a: Xatu|56/100|[from] move: Wish|[wisher] Xatu
|-heal|p2a: Heatran|81/100|[from] item: Leftovers
|-damage|p1a: Xatu|44/100|[from] move: Magma Storm|[partiallytrapped]
|upkeep
|turn|27
|
|t:|1627653790
|move|p1a: Xatu|Roost|p1a: Xatu
|-heal|p1a: Xatu|94/100
|-singleturn|p1a: Xatu|move: Roost
|move|p2a: Heatran|Heavy Slam|p1a: Xatu
|-damage|p1a: Xatu|44/100
|
|-heal|p2a: Heatran|87/100|[from] item: Leftovers
|-damage|p1a: Xatu|32/100|[from] move: Magma Storm|[partiallytrapped]
|upkeep
|turn|28
|
|t:|1627653793
|move|p1a: Xatu|Roost|p1a: Xatu
|-heal|p1a: Xatu|82/100
|-singleturn|p1a: Xatu|move: Roost
|move|p2a: Heatran|Heavy Slam|p1a: Xatu
|-damage|p1a: Xatu|37/100
|
|-heal|p2a: Heatran|93/100|[from] item: Leftovers
|-damage|p1a: Xatu|25/100|[from] move: Magma Storm|[partiallytrapped]
|upkeep
|turn|29
|
|t:|1627653796
|move|p1a: Xatu|Roost|p1a: Xatu
|-heal|p1a: Xatu|75/100
|-singleturn|p1a: Xatu|move: Roost
|move|p2a: Heatran|Heavy Slam|p1a: Xatu
|-damage|p1a: Xatu|26/100
|
|-heal|p2a: Heatran|99/100|[from] item: Leftovers
|-damage|p1a: Xatu|14/100|[from] move: Magma Storm|[partiallytrapped]
|upkeep
|turn|30
|
|t:|1627653799
|move|p1a: Xatu|Roost|p1a: Xatu
|-heal|p1a: Xatu|64/100
|-singleturn|p1a: Xatu|move: Roost
|move|p2a: Heatran|Heavy Slam|p1a: Xatu
|-damage|p1a: Xatu|15/100
|
|-heal|p2a: Heatran|100/100|[from] item: Leftovers
|-end|p1a: Xatu|Magma Storm|[partiallytrapped]
|upkeep
|turn|31
|
|t:|1627653803
|switch|p1a: Quagsire|Quagsire, M|100/100
|switch|p2a: Rillaboom|Rillaboom, M|44/100
|-fieldstart|move: Grassy Terrain|[from] ability: Grassy Surge|[of] p2a: Rillaboom
|
|-heal|p2a: Rillaboom|50/100|[from] Grassy Terrain
|upkeep
|turn|32
|
|t:|1627653811
|switch|p1a: Toxapex|Toxapex, F|54/100
|move|p2a: Rillaboom|U-turn|p1a: Toxapex
|-resisted|p1a: Toxapex
|-damage|p1a: Toxapex|44/100
|
|t:|1627653826
|switch|p2a: Dragapult|Dragapult, M, shiny|100/100|[from]move: U-turn
|
|-heal|p1a: Toxapex|50/100|[from] Grassy Terrain
|upkeep
|turn|33
|j| LT84JM Hervalt
|
|t:|1627653831
|switch|p1a: Blissey|Blissey, F|98/100
|move|p2a: Dragapult|Draco Meteor|p1a: Blissey
|-damage|p1a: Blissey|69/100
|-unboost|p2a: Dragapult|spa|2
|
|-heal|p1a: Blissey|75/100|[from] Grassy Terrain
|upkeep
|turn|34
|
|t:|1627653836
|switch|p2a: Rillaboom|Rillaboom, M|50/100
|switch|p1a: Corviknight|Corviknight, M|68/100
|-ability|p1a: Corviknight|Pressure
|
|-heal|p2a: Rillaboom|56/100|[from] Grassy Terrain
|upkeep
|turn|35
|j| five migos
|
|t:|1627653839
|move|p2a: Rillaboom|U-turn|p1a: Corviknight
|-resisted|p1a: Corviknight
|-damage|p1a: Corviknight|63/100
|
|t:|1627653840
|switch|p2a: Heatran|Heatran, F|100/100|[from]move: U-turn
|move|p1a: Corviknight|Roost|p1a: Corviknight
|-heal|p1a: Corviknight|100/100
|-singleturn|p1a: Corviknight|move: Roost
|
|-fieldend|move: Grassy Terrain
|upkeep
|turn|36
|
|t:|1627653846
|switch|p1a: Toxapex|Toxapex, F|84/100
|move|p2a: Heatran|Earth Power|p1a: Toxapex
|-supereffective|p1a: Toxapex
|-damage|p1a: Toxapex|38/100
|
|upkeep
|turn|37
|
|t:|1627653852
|switch|p1a: Quagsire|Quagsire, M|100/100
|move|p2a: Heatran|Earth Power|p1a: Quagsire
|-damage|p1a: Quagsire|71/100
|
|-heal|p1a: Quagsire|77/100|[from] item: Leftovers
|upkeep
|turn|38
|
|t:|1627653855
|switch|p2a: Slowbro|Slowbro, M|83/100 tox
|move|p1a: Quagsire|Toxic|p2a: Slowbro
|-fail|p2a: Slowbro|tox
|
|-heal|p1a: Quagsire|83/100|[from] item: Leftovers
|-damage|p2a: Slowbro|77/100 tox|[from] psn
|upkeep
|turn|39
|
|t:|1627653860
|switch|p1a: Toxapex|Toxapex, F|71/100
|move|p2a: Slowbro|Teleport|p2a: Slowbro
|
|t:|1627653865
|switch|p2a: Landorus|Landorus-Therian, M|100/100|[from]move: Teleport
|-ability|p2a: Landorus|Intimidate|boost
|-unboost|p1a: Toxapex|atk|1
|
|upkeep
|turn|40
|
|t:|1627653870
|switch|p1a: Corviknight|Corviknight, M|100/100
|-ability|p1a: Corviknight|Pressure
|move|p2a: Landorus|Stealth Rock|p1a: Corviknight
|-sidestart|p1: LT84JM yoyoyoyoyo|move: Stealth Rock
|
|upkeep
|turn|41
|
|t:|1627653876
|switch|p2a: Dragapult|Dragapult, M, shiny|100/100
|move|p1a: Corviknight|Defog|p2a: Dragapult
|-unboost|p2a: Dragapult|evasion|1
|-sideend|p1: LT84JM yoyoyoyoyo|Stealth Rock|[from] move: Defog|[of] p1a: Corviknight
|
|upkeep
|turn|42
|
|t:|1627653881
|switch|p1a: Toxapex|Toxapex, F|100/100
|move|p2a: Dragapult|U-turn|p1a: Toxapex
|-resisted|p1a: Toxapex
|-damage|p1a: Toxapex|95/100
|
|t:|1627653883
|switch|p2a: Rillaboom|Rillaboom, M|56/100|[from]move: U-turn
|-fieldstart|move: Grassy Terrain|[from] ability: Grassy Surge|[of] p2a: Rillaboom
|
|-heal|p2a: Rillaboom|62/100|[from] Grassy Terrain
|-heal|p1a: Toxapex|100/100|[from] Grassy Terrain
|upkeep
|turn|43
|inactive|Battle timer is ON: inactive players will automatically lose when time's up. (requested by LT84JM yoyoyoyoyo)
|
|t:|1627653914
|move|p2a: Rillaboom|U-turn|p1a: Toxapex
|-resisted|p1a: Toxapex
|-damage|p1a: Toxapex|91/100
|
|t:|1627653919
|switch|p2a: Slowbro|Slowbro, M|100/100 tox|[from]move: U-turn
|move|p1a: Toxapex|Scald|p2a: Slowbro
|-resisted|p2a: Slowbro
|-damage|p2a: Slowbro|92/100 tox
|
|-heal|p1a: Toxapex|97/100|[from] Grassy Terrain
|-heal|p2a: Slowbro|98/100 tox|[from] Grassy Terrain
|-damage|p2a: Slowbro|92/100 tox|[from] psn
|upkeep
|turn|44
|
|t:|1627653926
|switch|p1a: Shedinja|Shedinja|100/100
|switch|p2a: Zapdos|Zapdos|100/100
|
|upkeep
|turn|45
|
|t:|1627653931
|move|p1a: Shedinja|Protect|p1a: Shedinja
|-singleturn|p1a: Shedinja|Protect
|move|p2a: Zapdos|Volt Switch|p1a: Shedinja
|-activate|p1a: Shedinja|move: Protect
|
|upkeep
|turn|46
|
|t:|1627653935
|switch|p1a: Blissey|Blissey, F|75/100
|move|p2a: Zapdos|Heat Wave|p1a: Blissey
|-damage|p1a: Blissey|66/100
|
|-heal|p1a: Blissey|72/100|[from] Grassy Terrain
|-fieldend|move: Grassy Terrain
|upkeep
|turn|47
|
|t:|1627653942
|move|p2a: Zapdos|Volt Switch|p1a: Blissey
|-damage|p1a: Blissey|61/100
|
|t:|1627653944
|switch|p2a: Heatran|Heatran, F|100/100|[from]move: Volt Switch
|move|p1a: Blissey|Soft-Boiled|p1a: Blissey
|-heal|p1a: Blissey|100/100
|
|upkeep
|turn|48
|
|t:|1627653950
|switch|p2a: Rillaboom|Rillaboom, M|62/100
|-fieldstart|move: Grassy Terrain|[from] ability: Grassy Surge|[of] p2a: Rillaboom
|switch|p1a: Toxapex|Toxapex, F|100/100
|
|-heal|p2a: Rillaboom|68/100|[from] Grassy Terrain
|upkeep
|turn|49
|j| Convection Oven
|
|t:|1627653957
|switch|p2a: Slowbro|Slowbro, M|100/100 tox
|move|p1a: Toxapex|Scald|p2a: Slowbro
|-resisted|p2a: Slowbro
|-damage|p2a: Slowbro|91/100 tox
|
|-heal|p2a: Slowbro|97/100 tox|[from] Grassy Terrain
|-damage|p2a: Slowbro|91/100 tox|[from] psn
|upkeep
|turn|50
|
|t:|1627653961
|switch|p1a: Shedinja|Shedinja|100/100
|switch|p2a: Zapdos|Zapdos|100/100
|
|upkeep
|turn|51
|
|t:|1627653966
|switch|p2a: Rillaboom|Rillaboom, M|68/100
|switch|p1a: Quagsire|Quagsire, M|83/100
|
|-heal|p2a: Rillaboom|74/100|[from] Grassy Terrain
|-heal|p1a: Quagsire|89/100|[from] Grassy Terrain
|-heal|p1a: Quagsire|95/100|[from] item: Leftovers
|upkeep
|turn|52
|j| Bravestheart
|
|t:|1627653971
|switch|p1a: Toxapex|Toxapex, F|100/100
|move|p2a: Rillaboom|Wood Hammer|p1a: Toxapex
|-crit|p1a: Toxapex
|-damage|p1a: Toxapex|0 fnt
|faint|p1a: Toxapex
|-damage|p2a: Rillaboom|45/100|[from] Recoil
|
|-heal|p2a: Rillaboom|51/100|[from] Grassy Terrain
|-fieldend|move: Grassy Terrain
|upkeep
|
|t:|1627653975
|switch|p1a: Shedinja|Shedinja|100/100
|turn|53
|j| NoCoolNoGame
|
|t:|1627653980
|switch|p2a: Landorus|Landorus-Therian, M|100/100
|-ability|p2a: Landorus|Intimidate|boost
|-unboost|p1a: Shedinja|atk|1
|move|p1a: Shedinja|Poltergeist|p2a: Landorus
|-activate|p2a: Landorus|move: Poltergeist|Leftovers
|-crit|p2a: Landorus
|-damage|p2a: Landorus|30/100
|
|-heal|p2a: Landorus|36/100|[from] item: Leftovers
|upkeep
|turn|54
|l| curiosity
|
|t:|1627653986
|move|p2a: Landorus|Knock Off|p1a: Shedinja
|-supereffective|p1a: Shedinja
|-enditem|p1a: Shedinja|Focus Sash
|-damage|p1a: Shedinja|100/100
|move|p1a: Shedinja|Toxic|p2a: Landorus|[miss]
|-miss|p1a: Shedinja|p2a: Landorus
|
|-heal|p2a: Landorus|42/100|[from] item: Leftovers
|upkeep
|turn|55
|
|t:|1627653996
|switch|p1a: Corviknight|Corviknight, M|100/100
|-ability|p1a: Corviknight|Pressure
|move|p2a: Landorus|Stealth Rock|p1a: Corviknight
|-sidestart|p1: LT84JM yoyoyoyoyo|move: Stealth Rock
|
|-heal|p2a: Landorus|48/100|[from] item: Leftovers
|upkeep
|turn|56
|
|t:|1627654008
|switch|p2a: Dragapult|Dragapult, M, shiny|100/100
|move|p1a: Corviknight|Defog|p2a: Dragapult
|-unboost|p2a: Dragapult|evasion|1
|-sideend|p1: LT84JM yoyoyoyoyo|Stealth Rock|[from] move: Defog|[of] p1a: Corviknight
|
|upkeep
|turn|57
|j| user1_ou
|
|t:|1627654012
|switch|p1a: Shedinja|Shedinja|100/100
|move|p2a: Dragapult|U-turn|p1a: Shedinja
|-immune|p1a: Shedinja|[from] ability: Wonder Guard
|
|upkeep
|turn|58
|j| Hekuta Gekkouga
|
|t:|1627654020
|switch|p2a: Heatran|Heatran, F|100/100
|move|p1a: Shedinja|Poltergeist|p2a: Heatran
|-activate|p2a: Heatran|move: Poltergeist|Leftovers
|-damage|p2a: Heatran|61/100
|
|-heal|p2a: Heatran|67/100|[from] item: Leftovers
|upkeep
|turn|59
|
|t:|1627654026
|switch|p2a: Zapdos|Zapdos|100/100
|move|p1a: Shedinja|Poltergeist|p2a: Zapdos
|-activate|p2a: Zapdos|move: Poltergeist|Heavy-Duty Boots
|-damage|p2a: Zapdos|69/100
|
|upkeep
|turn|60
|
|t:|1627654031
|move|p2a: Zapdos|Roost|p2a: Zapdos
|-heal|p2a: Zapdos|100/100
|-singleturn|p2a: Zapdos|move: Roost
|move|p1a: Shedinja|Toxic|p2a: Zapdos|[miss]
|-miss|p1a: Shedinja|p2a: Zapdos
|
|upkeep
|turn|61
|
|t:|1627654037
|move|p2a: Zapdos|Heat Wave|p1a: Shedinja
|-supereffective|p1a: Shedinja
|-damage|p1a: Shedinja|0 fnt
|faint|p1a: Shedinja
|
|upkeep
|-message|LT84JM yoyoyoyoyo forfeited.
|
|win|Coach Jones 6fifth
|raw|LT84JM yoyoyoyoyo's rating: 1861 &rarr; <strong>1845</strong><br />(-16 for losing)
|raw|Coach Jones 6fifth's rating: 1924 &rarr; <strong>1940</strong><br />(+16 for winning)
|l|‽LT84JM yoyoyoyoyo
|l|☆Coach Jones 6fifth
|j| OvtcharovTheGoat
|l| Bravestheart
||Ladder isn't responding, score probably updated but might not have (Request timeout).
|l| LT84JM croo
|j| TalonSFlames
|l| LT84JM Hervalt
|l| TalonSFlames
