|j|☆Soul king0
|j|☆ultimategoogolplex
|t:|1667112019
|gametype|singles
|player|p1|Soul king0|2|1674
|player|p2|ultimategoogolplex|265|1649
|teamsize|p1|6
|teamsize|p2|6
|gen|8
|tier|[Gen 8] OU
|rated|
|rule|Sleep Clause Mod: Limit one foe put to sleep
|rule|Species Clause: Limit one of each Pokémon
|rule|OHKO Clause: OHKO moves are banned
|rule|Evasion Items Clause: Evasion items are banned
|rule|Evasion Moves Clause: Evasion moves are banned
|rule|Endless Battle Clause: Forcing endless battles is banned
|rule|HP Percentage Mod: HP is shown in percentages
|rule|Dynamax Clause: You cannot dynamax
|clearpoke
|poke|p1|Volcarona, M|
|poke|p1|Garchomp, F|
|poke|p1|Slowbro, M|
|poke|p1|Zapdos|
|poke|p1|Swampert, M|
|poke|p1|Ferrothorn, F|
|poke|p2|Weavile, M|
|poke|p2|Volcanion|
|poke|p2|Zapdos|
|poke|p2|Landorus-Therian, M|
|poke|p2|Kartana|
|poke|p2|Melmetal|
|teampreview
|inactive|Battle timer is ON: inactive players will automatically lose when time's up. (requested by ultimategoogolplex)
|j| Saim77
|j| ChocoMocha
|
|t:|1667112027
|start
|switch|p1a: Swampert|Swampert, M|100/100
|switch|p2a: Weavile|Weavile, M|100/100
|-ability|p2a: Weavile|Pressure
|turn|1
|
|t:|1667112037
|move|p2a: Weavile|Knock Off|p1a: Swampert
|-damage|p1a: Swampert|28/100
|-enditem|p1a: Swampert|Leftovers|[from] move: Knock Off|[of] p2a: Weavile
|move|p1a: Swampert|High Horsepower|p2a: Weavile
|-damage|p2a: Weavile|19/100
|
|upkeep
|turn|2
|
|t:|1667112044
|switch|p2a: Volcanion|Volcanion|100/100
|switch|p1a: Ferrothorn|Ferrothorn, F|100/100
|
|upkeep
|turn|3
|
|t:|1667112053
|switch|p1a: Slowbro|Slowbro, M|100/100
|move|p2a: Volcanion|Flamethrower|p1a: Slowbro
|-resisted|p1a: Slowbro
|-damage|p1a: Slowbro|64/100
|
|upkeep
|turn|4
|
|t:|1667112073
|switch|p2a: Weavile|Weavile, M|19/100
|-ability|p2a: Weavile|Pressure
|move|p1a: Slowbro|Teleport|p1a: Slowbro
|
|t:|1667112077
|switch|p1a: Ferrothorn|Ferrothorn, F|100/100|[from]move: Teleport
|
|upkeep
|turn|5
|
|t:|1667112083
|switch|p2a: Landorus|Landorus-Therian, M|100/100
|-ability|p2a: Landorus|Intimidate|boost
|-unboost|p1a: Ferrothorn|atk|1
|move|p1a: Ferrothorn|Body Press|p2a: Landorus
|-resisted|p2a: Landorus
|-damage|p2a: Landorus|90/100
|
|-heal|p2a: Landorus|96/100|[from] item: Leftovers
|upkeep
|turn|6
|j| Jordanamery567
|
|t:|1667112092
|move|p2a: Landorus|Stealth Rock|p1a: Ferrothorn
|-sidestart|p1: Soul king0|move: Stealth Rock
|move|p1a: Ferrothorn|Knock Off|p2a: Landorus
|-crit|p2a: Landorus
|-damage|p2a: Landorus|72/100
|-enditem|p2a: Landorus|Leftovers|[from] move: Knock Off|[of] p1a: Ferrothorn
|
|upkeep
|turn|7
|
|t:|1667112097
|switch|p2a: Volcanion|Volcanion|100/100
|move|p1a: Ferrothorn|Knock Off|p2a: Volcanion
|-damage|p2a: Volcanion|86/100
|-enditem|p2a: Volcanion|Choice Specs|[from] move: Knock Off|[of] p1a: Ferrothorn
|
|upkeep
|turn|8
|l| Saim77
|l| Jordanamery567
|
|t:|1667112115
|switch|p1a: Slowbro|Slowbro, M|97/100
|move|p2a: Volcanion|Flamethrower|p1a: Slowbro
|-resisted|p1a: Slowbro
|-damage|p1a: Slowbro|71/100
|
|upkeep
|turn|9
|l|☆Soul king0
|inactive|Soul king0 disconnected and has a minute to reconnect!
|player|p1|
|j|☆Soul king0
|inactive|Soul king0 reconnected and has 110 seconds left.
|player|p1|Soul king0|2
|
|t:|1667112155
|switch|p2a: Landorus|Landorus-Therian, M|72/100
|-ability|p2a: Landorus|Intimidate|boost
|-unboost|p1a: Slowbro|atk|1
|move|p1a: Slowbro|Teleport|p1a: Slowbro
|
|t:|1667112159
|switch|p1a: Zapdos|Zapdos|100/100|[from]move: Teleport
|
|upkeep
|turn|10
|
|t:|1667112165
|switch|p2a: Melmetal|Melmetal|100/100
|move|p1a: Zapdos|Hurricane|p2a: Melmetal
|-resisted|p2a: Melmetal
|-damage|p2a: Melmetal|85/100
|
|upkeep
|turn|11
|j| nightsuwu
|
|t:|1667112174
|switch|p1a: Swampert|Swampert, M|28/100
|-damage|p1a: Swampert|22/100|[from] Stealth Rock
|move|p2a: Melmetal|Earthquake|p1a: Swampert
|-damage|p1a: Swampert|0 fnt
|faint|p1a: Swampert
|
|upkeep
|l| nightsuwu
|inactive|Soul king0 has 120 seconds left.
|
|t:|1667112187
|switch|p1a: Volcarona|Volcarona, M|100/100
|turn|12
|
|t:|1667112190
|switch|p2a: Volcanion|Volcanion|86/100
|move|p1a: Volcarona|Fiery Dance|p2a: Volcanion
|-resisted|p2a: Volcanion
|-damage|p2a: Volcanion|72/100
|-boost|p1a: Volcarona|spa|1
|
|upkeep
|turn|13
|
|t:|1667112197
|switch|p1a: Slowbro|Slowbro, M|100/100
|move|p2a: Volcanion|Steam Eruption|p1a: Slowbro
|-resisted|p1a: Slowbro
|-damage|p1a: Slowbro|72/100
|
|upkeep
|turn|14
|
|t:|1667112205
|move|p2a: Volcanion|Steam Eruption|p1a: Slowbro
|-resisted|p1a: Slowbro
|-damage|p1a: Slowbro|40/100
|move|p1a: Slowbro|Teleport|p1a: Slowbro
|
|t:|1667112213
|switch|p1a: Garchomp|Garchomp, F|100/100|[from]move: Teleport
|-damage|p1a: Garchomp|94/100|[from] Stealth Rock
|
|-heal|p1a: Garchomp|100/100|[from] item: Leftovers
|upkeep
|turn|15
|
|t:|1667112219
|switch|p2a: Landorus|Landorus-Therian, M|72/100
|-ability|p2a: Landorus|Intimidate|boost
|-unboost|p1a: Garchomp|atk|1
|move|p1a: Garchomp|Earthquake|p2a: Landorus
|-immune|p2a: Landorus
|
|upkeep
|turn|16
|
|t:|1667112231
|switch|p1a: Zapdos|Zapdos|100/100
|move|p2a: Landorus|U-turn|p1a: Zapdos
|-resisted|p1a: Zapdos
|-damage|p1a: Zapdos|89/100
|
|t:|1667112237
|switch|p2a: Weavile|Weavile, M|19/100|[from]move: U-turn
|-ability|p2a: Weavile|Pressure
|
|upkeep
|turn|17
|
|t:|1667112246
|switch|p1a: Ferrothorn|Ferrothorn, F|100/100
|-damage|p1a: Ferrothorn|94/100|[from] Stealth Rock
|move|p2a: Weavile|Beat Up|p1a: Ferrothorn
|-damage|p1a: Ferrothorn|86/100
|-damage|p1a: Ferrothorn|76/100
|-damage|p1a: Ferrothorn|69/100
|-damage|p1a: Ferrothorn|60/100
|-damage|p1a: Ferrothorn|50/100
|-damage|p1a: Ferrothorn|43/100
|-hitcount|p1a: Ferrothorn|6
|
|-heal|p1a: Ferrothorn|49/100|[from] item: Leftovers
|upkeep
|turn|18
|
|t:|1667112259
|move|p2a: Weavile|Beat Up|p1a: Ferrothorn
|-damage|p1a: Ferrothorn|41/100
|-damage|p1a: Ferrothorn|31/100
|-damage|p1a: Ferrothorn|24/100
|-damage|p1a: Ferrothorn|15/100
|-damage|p1a: Ferrothorn|5/100
|-damage|p1a: Ferrothorn|0 fnt
|faint|p1a: Ferrothorn
|-hitcount|p1: Ferrothorn|6
|
|upkeep
|
|t:|1667112271
|switch|p1a: Garchomp|Garchomp, F|100/100
|-damage|p1a: Garchomp|94/100|[from] Stealth Rock
|turn|19
|
|t:|1667112275
|switch|p2a: Landorus|Landorus-Therian, M|72/100
|-ability|p2a: Landorus|Intimidate|boost
|-unboost|p1a: Garchomp|atk|1
|move|p1a: Garchomp|Scale Shot|p2a: Landorus
|-damage|p2a: Landorus|65/100
|-damage|p2a: Landorus|59/100
|-damage|p2a: Landorus|52/100
|-damage|p2a: Landorus|45/100
|-hitcount|p2a: Landorus|4
|-unboost|p1a: Garchomp|def|1
|-boost|p1a: Garchomp|spe|1
|
|-heal|p1a: Garchomp|100/100|[from] item: Leftovers
|upkeep
|turn|20
|
|t:|1667112289
|switch|p1a: Zapdos|Zapdos|89/100
|move|p2a: Landorus|U-turn|p1a: Zapdos
|-resisted|p1a: Zapdos
|-damage|p1a: Zapdos|79/100
|
|t:|1667112294
|switch|p2a: Weavile|Weavile, M|19/100|[from]move: U-turn
|-ability|p2a: Weavile|Pressure
|
|upkeep
|turn|21
|
|t:|1667112300
|move|p2a: Weavile|Beat Up|p1a: Zapdos
|-damage|p1a: Zapdos|64/100
|-damage|p1a: Zapdos|49/100
|-damage|p1a: Zapdos|37/100
|-damage|p1a: Zapdos|21/100
|-damage|p1a: Zapdos|3/100
|-damage|p1a: Zapdos|0 fnt
|faint|p1a: Zapdos
|-hitcount|p1: Zapdos|6
|
|upkeep
|
|t:|1667112306
|switch|p1a: Garchomp|Garchomp, F|100/100
|-damage|p1a: Garchomp|94/100|[from] Stealth Rock
|turn|22
|j| nightsuwu
|
|t:|1667112312
|switch|p2a: Landorus|Landorus-Therian, M|45/100
|-ability|p2a: Landorus|Intimidate|boost
|-unboost|p1a: Garchomp|atk|1
|move|p1a: Garchomp|Scale Shot|p2a: Landorus
|-damage|p2a: Landorus|39/100
|-damage|p2a: Landorus|33/100
|-damage|p2a: Landorus|26/100
|-hitcount|p2a: Landorus|3
|-unboost|p1a: Garchomp|def|1
|-boost|p1a: Garchomp|spe|1
|
|-heal|p1a: Garchomp|100/100|[from] item: Leftovers
|upkeep
|turn|23
|
|t:|1667112324
|move|p1a: Garchomp|Swords Dance|p1a: Garchomp
|-boost|p1a: Garchomp|atk|2
|move|p2a: Landorus|U-turn|p1a: Garchomp
|-damage|p1a: Garchomp|68/100
|-damage|p2a: Landorus|14/100|[from] ability: Rough Skin|[of] p1a: Garchomp
|
|t:|1667112330
|switch|p2a: Weavile|Weavile, M|19/100|[from]move: U-turn
|-ability|p2a: Weavile|Pressure
|
|-heal|p1a: Garchomp|74/100|[from] item: Leftovers
|upkeep
|turn|24
|
|t:|1667112337
|switch|p1a: Slowbro|Slowbro, M|74/100
|move|p2a: Weavile|Ice Shard|p1a: Slowbro
|-resisted|p1a: Slowbro
|-damage|p1a: Slowbro|64/100
|
|upkeep
|turn|25
|
|t:|1667112352
|switch|p2a: Zapdos|Zapdos|100/100
|move|p1a: Slowbro|Teleport|p1a: Slowbro
|
|t:|1667112355
|switch|p1a: Garchomp|Garchomp, F|74/100|[from]move: Teleport
|-damage|p1a: Garchomp|68/100|[from] Stealth Rock
|
|-heal|p1a: Garchomp|74/100|[from] item: Leftovers
|upkeep
|turn|26
|
|t:|1667112368
|switch|p2a: Landorus|Landorus-Therian, M|14/100
|-ability|p2a: Landorus|Intimidate|boost
|-unboost|p1a: Garchomp|atk|1
|move|p1a: Garchomp|Swords Dance|p1a: Garchomp
|-boost|p1a: Garchomp|atk|2
|
|-heal|p1a: Garchomp|80/100|[from] item: Leftovers
|upkeep
|turn|27
|
|t:|1667112376
|move|p1a: Garchomp|Scale Shot|p2a: Landorus|[miss]
|-miss|p1a: Garchomp|p2a: Landorus
|move|p2a: Landorus|Earthquake|p1a: Garchomp
|-damage|p1a: Garchomp|29/100
|
|-heal|p1a: Garchomp|36/100|[from] item: Leftovers
|upkeep
|turn|28
|
|t:|1667112382
|move|p1a: Garchomp|Scale Shot|p2a: Landorus
|-damage|p2a: Landorus|0 fnt
|faint|p2a: Landorus
|-hitcount|p2: Landorus|1
|-unboost|p1a: Garchomp|def|1
|-boost|p1a: Garchomp|spe|1
|
|-heal|p1a: Garchomp|42/100|[from] item: Leftovers
|upkeep
|
|t:|1667112390
|switch|p2a: Kartana|Kartana|100/100
|turn|29
|
|t:|1667112397
|move|p2a: Kartana|Knock Off|p1a: Garchomp
|-damage|p1a: Garchomp|0 fnt
|-damage|p2a: Kartana|88/100|[from] ability: Rough Skin|[of] p1a: Garchomp
|-enditem|p1a: Garchomp|Leftovers|[from] move: Knock Off|[of] p2a: Kartana
|faint|p1a: Garchomp
|-ability|p2a: Kartana|Beast Boost|boost
|-boost|p2a: Kartana|atk|1
|
|upkeep
|
|t:|1667112400
|switch|p1a: Volcarona|Volcarona, M|100/100
|turn|30
|
|t:|1667112406
|switch|p2a: Zapdos|Zapdos|100/100
|move|p1a: Volcarona|Fiery Dance|p2a: Zapdos
|-damage|p2a: Zapdos|50/100
|-boost|p1a: Volcarona|spa|1
|
|upkeep
|turn|31
|
|t:|1667112413
|move|p1a: Volcarona|Quiver Dance|p1a: Volcarona
|-boost|p1a: Volcarona|spa|1
|-boost|p1a: Volcarona|spd|1
|-boost|p1a: Volcarona|spe|1
|move|p2a: Zapdos|Hurricane|p1a: Volcarona
|-supereffective|p1a: Volcarona
|-damage|p1a: Volcarona|30/100
|
|upkeep
|turn|32
|
|t:|1667112426
|move|p1a: Volcarona|Quiver Dance|p1a: Volcarona
|-boost|p1a: Volcarona|spa|1
|-boost|p1a: Volcarona|spd|1
|-boost|p1a: Volcarona|spe|1
|move|p2a: Zapdos|Hurricane|p1a: Volcarona
|-supereffective|p1a: Volcarona
|-damage|p1a: Volcarona|0 fnt
|faint|p1a: Volcarona
|
|upkeep
|-message|Soul king0 forfeited.
|
|win|ultimategoogolplex
|raw|Soul king0's rating: 1674 &rarr; <strong>1653</strong><br />(-21 for losing)
|raw|ultimategoogolplex's rating: 1649 &rarr; <strong>1670</strong><br />(+21 for winning)
|l|☆Soul king0
