|j|☆I'M AT MY LIMIT
|j|☆eric versusツ
|t:|1620315919
|gametype|singles
|player|p1|I'M AT MY LIMIT|rosa|1528
|player|p2|eric versusツ|guzma|1541
|teamsize|p1|6
|teamsize|p2|6
|gen|8
|tier|[Gen 8] OU
|rated|
|clearpoke
|poke|p1|Corviknight, F|
|poke|p1|Slowbro, M|
|poke|p1|Garchomp, M|
|poke|p1|Volcarona, M|
|poke|p1|Audino, F|
|poke|p1|Melmetal|
|poke|p2|Rillaboom, F|
|poke|p2|Kartana|
|poke|p2|Corviknight, F|
|poke|p2|Clefable, F|
|poke|p2|Swampert, F|
|poke|p2|Zeraora|
|rule|Sleep Clause Mod: Limit one foe put to sleep
|rule|Species Clause: Limit one of each Pokémon
|rule|OHKO Clause: OHKO moves are banned
|rule|Evasion Moves Clause: Evasion moves are banned
|rule|Endless Battle Clause: Forcing endless battles is banned
|rule|HP Percentage Mod: HP is shown in percentages
|rule|Dynamax Clause: You cannot dynamax
|teampreview
|inactive|Battle timer is ON: inactive players will automatically lose when time's up. (requested by eric versusツ)
|inactive|I'M AT MY LIMIT also wants the timer to be on.
|c|☆eric versusツ|Lysithea reference???
|l|☆I'M AT MY LIMIT
|inactive|I'M AT MY LIMIT disconnected and has a minute to reconnect!
|player|p1|
|inactive|eric versusツ has 120 seconds left.
|j|☆I'M AT MY LIMIT
|inactive|I'M AT MY LIMIT reconnected and has 120 seconds left.
|player|p1|I'M AT MY LIMIT|rosa
|c|☆eric versusツ|Or was it hilda
|c|☆I'M AT MY LIMIT|Hilda
|inactive|I'M AT MY LIMIT has 90 seconds left.
|c|☆eric versusツ|Nice
|
|t:|1620315988
|start
|switch|p1a: Amazon prime|Corviknight, F, shiny|100/100
|switch|p2a: Corviknight|Corviknight, F|100/100
|-ability|p2a: Corviknight|Pressure
|-ability|p1a: Amazon prime|Pressure
|turn|1
|
|t:|1620316018
|switch|p1a: Slowbruh 🏃|Slowbro, M|100/100
|move|p2a: Corviknight|U-turn|p1a: Slowbruh 🏃
|-supereffective|p1a: Slowbruh 🏃
|-damage|p1a: Slowbruh 🏃|82/100
|
|t:|1620316022
|switch|p2a: Rillaboom|Rillaboom, F|100/100|[from]move: U-turn
|-fieldstart|move: Grassy Terrain|[from] ability: Grassy Surge|[of] p2a: Rillaboom
|
|-heal|p1a: Slowbruh 🏃|88/100|[from] Grassy Terrain
|upkeep
|turn|2
|
|t:|1620316031
|switch|p1a: KYUREJ 🤙|Volcarona, M, shiny|100/100
|move|p2a: Rillaboom|Knock Off|p1a: KYUREJ 🤙
|-damage|p1a: KYUREJ 🤙|49/100
|-status|p2a: Rillaboom|brn|[from] ability: Flame Body|[of] p1a: KYUREJ 🤙
|-enditem|p1a: KYUREJ 🤙|Heavy-Duty Boots|[from] move: Knock Off|[of] p2a: Rillaboom
|
|-heal|p1a: KYUREJ 🤙|55/100|[from] Grassy Terrain
|-damage|p2a: Rillaboom|94/100 brn|[from] brn
|upkeep
|turn|3
|
|t:|1620316046
|switch|p2a: Swampert|Swampert, F|100/100
|move|p1a: KYUREJ 🤙|Roost|p1a: KYUREJ 🤙
|-heal|p1a: KYUREJ 🤙|100/100
|-singleturn|p1a: KYUREJ 🤙|move: Roost
|
|upkeep
|turn|4
|
|t:|1620316050
|switch|p1a: Amazon prime|Corviknight, F, shiny|100/100
|-ability|p1a: Amazon prime|Pressure
|switch|p2a: Corviknight|Corviknight, F|100/100
|-ability|p2a: Corviknight|Pressure
|
|upkeep
|turn|5
|
|t:|1620316055
|move|p2a: Corviknight|U-turn|p1a: Amazon prime
|-resisted|p1a: Amazon prime
|-damage|p1a: Amazon prime|98/100
|
|t:|1620316057
|switch|p2a: Clefable|Clefable, F|100/100|[from]move: U-turn
|move|p1a: Amazon prime|Iron Defense|p1a: Amazon prime
|-boost|p1a: Amazon prime|def|2
|
|-fieldend|move: Grassy Terrain
|upkeep
|turn|6
|
|t:|1620316063
|switch|p1a: IRON GIANT 🔧|Melmetal|100/100
|move|p2a: Clefable|Calm Mind|p2a: Clefable
|-boost|p2a: Clefable|spa|1
|-boost|p2a: Clefable|spd|1
|
|upkeep
|turn|7
|
|t:|1620316068
|switch|p2a: Swampert|Swampert, F|100/100
|move|p1a: IRON GIANT 🔧|Double Iron Bash|p2a: Swampert
|-resisted|p2a: Swampert
|-damage|p2a: Swampert|80/100
|-resisted|p2a: Swampert
|-damage|p2a: Swampert|61/100
|-hitcount|p2a: Swampert|2
|
|-heal|p2a: Swampert|68/100|[from] item: Leftovers
|upkeep
|turn|8
|
|t:|1620316072
|switch|p1a: Amazon prime|Corviknight, F, shiny|98/100
|-ability|p1a: Amazon prime|Pressure
|move|p2a: Swampert|Flip Turn|p1a: Amazon prime
|-crit|p1a: Amazon prime
|-damage|p1a: Amazon prime|79/100
|
|t:|1620316075
|switch|p2a: Pinches furros|Zeraora|100/100|[from]move: Flip Turn
|
|upkeep
|turn|9
|
|t:|1620316082
|switch|p1a: KYUREJ 🤙|Volcarona, M, shiny|100/100
|move|p2a: Pinches furros|Knock Off|p1a: KYUREJ 🤙
|-damage|p1a: KYUREJ 🤙|82/100
|-status|p2a: Pinches furros|brn|[from] ability: Flame Body|[of] p1a: KYUREJ 🤙
|
|-damage|p2a: Pinches furros|95/100 brn|[from] brn
|upkeep
|turn|10
|
|t:|1620316090
|move|p2a: Pinches furros|Volt Switch|p1a: KYUREJ 🤙
|-damage|p1a: KYUREJ 🤙|62/100
|
|t:|1620316092
|switch|p2a: Swampert|Swampert, F|68/100|[from]move: Volt Switch
|move|p1a: KYUREJ 🤙|Roost|p1a: KYUREJ 🤙
|-heal|p1a: KYUREJ 🤙|100/100
|-singleturn|p1a: KYUREJ 🤙|move: Roost
|
|-heal|p2a: Swampert|74/100|[from] item: Leftovers
|upkeep
|turn|11
|
|t:|1620316096
|switch|p1a: Amazon prime|Corviknight, F, shiny|79/100
|-ability|p1a: Amazon prime|Pressure
|move|p2a: Swampert|Flip Turn|p1a: Amazon prime
|-damage|p1a: Amazon prime|64/100
|
|t:|1620316099
|switch|p2a: Pinches furros|Zeraora|95/100 brn|[from]move: Flip Turn
|
|-damage|p2a: Pinches furros|89/100 brn|[from] brn
|upkeep
|turn|12
|
|t:|1620316104
|switch|p1a: KYUREJ 🤙|Volcarona, M, shiny|100/100
|move|p2a: Pinches furros|Volt Switch|p1a: KYUREJ 🤙
|-damage|p1a: KYUREJ 🤙|81/100
|
|t:|1620316107
|switch|p2a: Swampert|Swampert, F|74/100|[from]move: Volt Switch
|
|-heal|p2a: Swampert|80/100|[from] item: Leftovers
|upkeep
|turn|13
|
|t:|1620316111
|switch|p1a: Amazon prime|Corviknight, F, shiny|64/100
|-ability|p1a: Amazon prime|Pressure
|move|p2a: Swampert|Toxic|p1a: Amazon prime
|-immune|p1a: Amazon prime
|
|-heal|p2a: Swampert|86/100|[from] item: Leftovers
|upkeep
|turn|14
|
|t:|1620316119
|move|p1a: Amazon prime|Roost|p1a: Amazon prime
|-heal|p1a: Amazon prime|100/100
|-singleturn|p1a: Amazon prime|move: Roost
|move|p2a: Swampert|Flip Turn|p1a: Amazon prime
|-damage|p1a: Amazon prime|86/100
|
|t:|1620316123
|switch|p2a: Clefable|Clefable, F|100/100|[from]move: Flip Turn
|
|upkeep
|turn|15
|
|t:|1620316126
|switch|p1a: IRON GIANT 🔧|Melmetal|100/100
|move|p2a: Clefable|Thunder|p1a: IRON GIANT 🔧|[miss]
|-miss|p2a: Clefable|p1a: IRON GIANT 🔧
|
|upkeep
|turn|16
|
|t:|1620316131
|switch|p2a: Corviknight|Corviknight, F|100/100
|-ability|p2a: Corviknight|Pressure
|move|p1a: IRON GIANT 🔧|Double Iron Bash|p2a: Corviknight
|-resisted|p2a: Corviknight
|-damage|p2a: Corviknight|85/100
|-resisted|p2a: Corviknight
|-damage|p2a: Corviknight|71/100
|-hitcount|p2a: Corviknight|2
|
|-heal|p2a: Corviknight|77/100|[from] item: Leftovers
|upkeep
|turn|17
|
|t:|1620316133
|move|p2a: Corviknight|U-turn|p1a: IRON GIANT 🔧
|-resisted|p1a: IRON GIANT 🔧
|-damage|p1a: IRON GIANT 🔧|97/100
|
|t:|1620316136
|switch|p2a: Swampert|Swampert, F|86/100|[from]move: U-turn
|move|p1a: IRON GIANT 🔧|Thunder Punch|p2a: Swampert
|-immune|p2a: Swampert
|
|-heal|p2a: Swampert|92/100|[from] item: Leftovers
|upkeep
|turn|18
|
|t:|1620316140
|switch|p1a: Amazon prime|Corviknight, F, shiny|86/100
|-ability|p1a: Amazon prime|Pressure
|move|p2a: Swampert|Flip Turn|p1a: Amazon prime
|-damage|p1a: Amazon prime|72/100
|
|t:|1620316144
|switch|p2a: Pinches furros|Zeraora|89/100 brn|[from]move: Flip Turn
|
|-damage|p2a: Pinches furros|83/100 brn|[from] brn
|upkeep
|turn|19
|
|t:|1620316146
|switch|p1a: Land shark 🌊☀|Garchomp, M|100/100
|move|p2a: Pinches furros|Volt Switch|p1a: Land shark 🌊☀
|-immune|p1a: Land shark 🌊☀
|
|-damage|p2a: Pinches furros|77/100 brn|[from] brn
|upkeep
|turn|20
|
|t:|1620316152
|switch|p2a: Clefable|Clefable, F|100/100
|move|p1a: Land shark 🌊☀|Dragon Tail|p2a: Clefable
|-immune|p2a: Clefable
|
|upkeep
|turn|21
|
|t:|1620316157
|switch|p1a: BlissClefPex 🌠|Audino, F|100/100
|move|p2a: Clefable|Thunder|p1a: BlissClefPex 🌠
|-damage|p1a: BlissClefPex 🌠|86/100
|-status|p1a: BlissClefPex 🌠|par
|
|-heal|p1a: BlissClefPex 🌠|92/100 par|[from] item: Leftovers
|upkeep
|turn|22
|
|t:|1620316169
|move|p2a: Clefable|Calm Mind|p2a: Clefable
|-boost|p2a: Clefable|spa|1
|-boost|p2a: Clefable|spd|1
|move|p1a: BlissClefPex 🌠|Knock Off|p2a: Clefable
|-resisted|p2a: Clefable
|-damage|p2a: Clefable|92/100
|-enditem|p2a: Clefable|Leftovers|[from] move: Knock Off|[of] p1a: BlissClefPex 🌠
|
|-heal|p1a: BlissClefPex 🌠|98/100 par|[from] item: Leftovers
|upkeep
|turn|23
|
|t:|1620316174
|switch|p1a: IRON GIANT 🔧|Melmetal|97/100
|move|p2a: Clefable|Thunder|p1a: IRON GIANT 🔧
|-damage|p1a: IRON GIANT 🔧|70/100
|-status|p1a: IRON GIANT 🔧|par
|
|upkeep
|turn|24
|
|t:|1620316178
|switch|p2a: Swampert|Swampert, F|92/100
|switch|p1a: BlissClefPex 🌠|Audino, F|100/100 par
|
|-heal|p2a: Swampert|99/100|[from] item: Leftovers
|upkeep
|turn|25
|
|t:|1620316185
|switch|p1a: Amazon prime|Corviknight, F, shiny|72/100
|-ability|p1a: Amazon prime|Pressure
|move|p2a: Swampert|Stealth Rock|p1a: Amazon prime
|-sidestart|p1: I'M AT MY LIMIT|move: Stealth Rock
|
|-heal|p2a: Swampert|100/100|[from] item: Leftovers
|upkeep
|turn|26
|
|t:|1620316187
|move|p1a: Amazon prime|Defog|p2a: Swampert
|-unboost|p2a: Swampert|evasion|1
|-sideend|p1: I'M AT MY LIMIT|Stealth Rock|[from] move: Defog|[of] p1a: Amazon prime
|move|p2a: Swampert|Flip Turn|p1a: Amazon prime
|-damage|p1a: Amazon prime|58/100
|
|t:|1620316190
|switch|p2a: Pinches furros|Zeraora|77/100 brn|[from]move: Flip Turn
|
|-damage|p2a: Pinches furros|71/100 brn|[from] brn
|upkeep
|turn|27
|
|t:|1620316196
|switch|p1a: Land shark 🌊☀|Garchomp, M|100/100
|move|p2a: Pinches furros|Volt Switch|p1a: Land shark 🌊☀
|-immune|p1a: Land shark 🌊☀
|
|-damage|p2a: Pinches furros|65/100 brn|[from] brn
|upkeep
|turn|28
|
|t:|1620316201
|switch|p2a: Clefable|Clefable, F|92/100
|move|p1a: Land shark 🌊☀|Earthquake|p2a: Clefable
|-damage|p2a: Clefable|45/100
|
|upkeep
|turn|29
|
|t:|1620316205
|move|p1a: Land shark 🌊☀|Earthquake|p2a: Clefable
|-crit|p2a: Clefable
|-damage|p2a: Clefable|0 fnt
|faint|p2a: Clefable
|
|upkeep
|
|t:|1620316210
|switch|p2a: Kartana|Kartana|100/100
|turn|30
|
|t:|1620316214
|switch|p1a: KYUREJ 🤙|Volcarona, M, shiny|81/100
|move|p2a: Kartana|Swords Dance|p2a: Kartana
|-boost|p2a: Kartana|atk|2
|
|upkeep
|turn|31
|
|t:|1620316218
|move|p2a: Kartana|Knock Off|p1a: KYUREJ 🤙
|-damage|p1a: KYUREJ 🤙|10/100
|-status|p2a: Kartana|brn|[from] ability: Flame Body|[of] p1a: KYUREJ 🤙
|-damage|p2a: Kartana|91/100 brn|[from] item: Life Orb
|move|p1a: KYUREJ 🤙|Flamethrower|p2a: Kartana
|-supereffective|p2a: Kartana
|-damage|p2a: Kartana|0 fnt
|faint|p2a: Kartana
|
|upkeep
|-message|eric versusツ forfeited.
|
|win|I'M AT MY LIMIT
|l|☆eric versusツ
|raw|I&apos;M AT MY LIMIT's rating: 1527 &rarr; <strong>1548</strong><br />(+21 for winning)
|raw|eric versusツ's rating: 1541 &rarr; <strong>1520</strong><br />(-21 for losing)
||Ladder isn't responding, score probably updated but might not have (Request timeout).
