|raw|<div class="broadcast-blue"><strong>This battle is required to be public due to a player having a name starting with 'lt81yl'.</div>
|j|‽LT81YL Mole
|j|☆BestixL
|t:|1625530023
|gametype|singles
|player|p1|LT81YL Mole|pokekid|1912
|player|p2|BestixL|262|1936
|teamsize|p1|6
|teamsize|p2|6
|gen|8
|tier|[Gen 8] OU
|rated|
|rule|Sleep Clause Mod: Limit one foe put to sleep
|rule|Species Clause: Limit one of each Pokémon
|rule|OHKO Clause: OHKO moves are banned
|rule|Evasion Moves Clause: Evasion moves are banned
|rule|Endless Battle Clause: Forcing endless battles is banned
|rule|HP Percentage Mod: HP is shown in percentages
|rule|Dynamax Clause: You cannot dynamax
|clearpoke
|poke|p1|Landorus-Therian, M|
|poke|p1|Tapu Lele|
|poke|p1|Heatran, F|
|poke|p1|Kartana|
|poke|p1|Rillaboom, M|
|poke|p1|Urshifu-*, M|
|poke|p2|Weavile, F|
|poke|p2|Magnezone|
|poke|p2|Landorus-Therian, M|
|poke|p2|Kyurem|
|poke|p2|Toxapex, M|
|poke|p2|Corviknight, M|
|teampreview
|j| LT81YL Ruby
|inactive|Battle timer is ON: inactive players will automatically lose when time's up. (requested by BestixL)
|j| LT81YL JHONX
|j| Okayu supremacy
|j| Old ways new women
|c| Okayu supremacy|Raptor ese no era de lusa?
|j| LT81YL SW
|j| dchanghanalaniorg
|c|☆BestixL|ruby me paso teams 3
|inactive|BestixL has 120 seconds left.
|c|☆BestixL|y aqui estoy viendo si funcionan
|j| Gkenfvhgg4
|c|☆BestixL|igual este scarf kyurem
|c|☆BestixL|se ve bien raro
|l| Gkenfvhgg4
|j| croo
|
|t:|1625530085
|start
|switch|p1a: Tapu Lele|Tapu Lele|100/100
|switch|p2a: Kyurem|Kyurem|100/100
|-fieldstart|move: Psychic Terrain|[from] ability: Psychic Surge|[of] p1a: Tapu Lele
|-ability|p2a: Kyurem|Pressure
|turn|1
|c| Okayu supremacy|K asquito
|
|t:|1625530098
|switch|p2a: Corviknight|Corviknight, M|100/100
|-ability|p2a: Corviknight|Pressure
|move|p1a: Tapu Lele|Future Sight|p2a: Corviknight
|-start|p1a: Tapu Lele|move: Future Sight
|
|upkeep
|turn|2
|
|t:|1625530102
|switch|p1a: Heatran|Heatran, F|100/100
|move|p2a: Corviknight|U-turn|p1a: Heatran
|-resisted|p1a: Heatran
|-damage|p1a: Heatran|98/100
|j| LT81YL LEJER
|
|t:|1625530110
|switch|p2a: Landorus|Landorus-Therian, M|100/100|[from]move: U-turn
|-ability|p2a: Landorus|Intimidate|boost
|-unboost|p1a: Heatran|atk|1
|
|-heal|p1a: Heatran|100/100|[from] item: Leftovers
|upkeep
|turn|3
|j| bear in a man suit
|l| LT81YL SW
|
|t:|1625530126
|switch|p1a: Urshifu|Urshifu-Rapid-Strike, M|100/100
|move|p2a: Landorus|Knock Off|p1a: Urshifu
|-resisted|p1a: Urshifu
|-damage|p1a: Urshifu|86/100
|-enditem|p1a: Urshifu|Choice Band|[from] move: Knock Off|[of] p2a: Landorus
|
|-end|p2a: Landorus|move: Future Sight
|-damage|p2a: Landorus|24/100
|-heal|p2a: Landorus|30/100|[from] item: Leftovers
|upkeep
|turn|4
|
|t:|1625530131
|switch|p2a: Toxapex|Toxapex, M|100/100
|move|p1a: Urshifu|U-turn|p2a: Toxapex
|-resisted|p2a: Toxapex
|-damage|p2a: Toxapex|92/100
|-enditem|p2a: Toxapex|Eject Button
|j| H.M.N.I.P
|
|t:|1625530134
|switch|p2a: Kyurem|Kyurem|100/100
|-ability|p2a: Kyurem|Pressure
|
|upkeep
|turn|5
|j| LT81YL TheLight
|c| LT81YL Ruby|in
|
|t:|1625530149
|move|p1a: Urshifu|Close Combat|p2a: Kyurem
|-supereffective|p2a: Kyurem
|-damage|p2a: Kyurem|0 fnt
|-unboost|p1a: Urshifu|def|1
|-unboost|p1a: Urshifu|spd|1
|faint|p2a: Kyurem
|
|-fieldend|move: Psychic Terrain
|upkeep
|j| regnite ◕‿◕
|c| LT81YL Ruby|LOL
|c|☆BestixL|no cuela
|c| H.M.N.I.P|Sacked
|j| LT81YL HY
|
|t:|1625530164
|switch|p2a: Corviknight|Corviknight, M|100/100
|-ability|p2a: Corviknight|Pressure
|turn|6
|j| i lik9 cats
|l| i lik9 cats
|
|t:|1625530176
|switch|p1a: Heatran|Heatran, F|100/100
|move|p2a: Corviknight|U-turn|p1a: Heatran
|-resisted|p1a: Heatran
|-damage|p1a: Heatran|98/100
|
|t:|1625530186
|switch|p2a: Magnezone|Magnezone|100/100|[from]move: U-turn
|
|-heal|p1a: Heatran|100/100|[from] item: Leftovers
|upkeep
|turn|7
|
|t:|1625530189
|move|p2a: Magnezone|Volt Switch|p1a: Heatran
|-damage|p1a: Heatran|64/100
|
|t:|1625530193
|switch|p2a: Landorus|Landorus-Therian, M|30/100|[from]move: Volt Switch
|-ability|p2a: Landorus|Intimidate|boost
|-unboost|p1a: Heatran|atk|1
|move|p1a: Heatran|Stealth Rock|p2a: Landorus
|-sidestart|p2: BestixL|move: Stealth Rock
|
|-heal|p1a: Heatran|70/100|[from] item: Leftovers
|-heal|p2a: Landorus|36/100|[from] item: Leftovers
|upkeep
|turn|8
|j| I Need Nothing
|
|t:|1625530198
|switch|p1a: Rillaboom|Rillaboom, M|100/100
|-fieldstart|move: Grassy Terrain|[from] ability: Grassy Surge|[of] p1a: Rillaboom
|move|p2a: Landorus|Defog|p1a: Rillaboom
|-unboost|p1a: Rillaboom|evasion|1
|-sideend|p2: BestixL|Stealth Rock|[from] move: Defog|[of] p2a: Landorus
|-fieldend|move: Grassy Terrain
|
|-heal|p2a: Landorus|42/100|[from] item: Leftovers
|upkeep
|turn|9
|j| jmoore15
|
|t:|1625530209
|move|p1a: Rillaboom|Swords Dance|p1a: Rillaboom
|-boost|p1a: Rillaboom|atk|2
|move|p2a: Landorus|U-turn|p1a: Rillaboom
|-supereffective|p1a: Rillaboom
|-crit|p1a: Rillaboom
|-damage|p1a: Rillaboom|29/100
|j| piled
|j| LT81YL EMPIR3
|
|t:|1625530215
|switch|p2a: Weavile|Weavile, F|100/100|[from]move: U-turn
|-ability|p2a: Weavile|Pressure
|
|upkeep
|turn|10
|j| mcp3
|j| LT81YL SW
|j| lt81yl spooky
|j| deansolomid
|l| LT81YL EMPIR3
|
|t:|1625530223
|switch|p1a: Urshifu|Urshifu-Rapid-Strike, M|86/100
|move|p2a: Weavile|Knock Off|p1a: Urshifu
|-resisted|p1a: Urshifu
|-damage|p1a: Urshifu|67/100
|
|upkeep
|turn|11
|
|t:|1625530232
|switch|p2a: Corviknight|Corviknight, M|100/100
|-ability|p2a: Corviknight|Pressure
|move|p1a: Urshifu|U-turn|p2a: Corviknight
|-resisted|p2a: Corviknight
|-damage|p2a: Corviknight|97/100
|-damage|p1a: Urshifu|51/100|[from] item: Rocky Helmet|[of] p2a: Corviknight
|j| BiccEmmanuel
|
|t:|1625530236
|switch|p1a: Heatran|Heatran, F|70/100|[from]move: U-turn
|
|-heal|p1a: Heatran|76/100|[from] item: Leftovers
|upkeep
|turn|12
|
|t:|1625530242
|switch|p2a: Toxapex|Toxapex, M|100/100
|move|p1a: Heatran|Stealth Rock|p2a: Toxapex
|-sidestart|p2: BestixL|move: Stealth Rock
|
|-heal|p1a: Heatran|83/100|[from] item: Leftovers
|upkeep
|turn|13
|
|t:|1625530249
|move|p1a: Heatran|Magma Storm|p2a: Toxapex
|-resisted|p2a: Toxapex
|-damage|p2a: Toxapex|85/100
|-activate|p2a: Toxapex|move: Magma Storm|[of] p1a: Heatran
|move|p2a: Toxapex|Knock Off|p1a: Heatran
|-damage|p1a: Heatran|70/100
|-enditem|p1a: Heatran|Leftovers|[from] move: Knock Off|[of] p2a: Toxapex
|
|-damage|p2a: Toxapex|72/100|[from] move: Magma Storm|[partiallytrapped]
|upkeep
|turn|14
|
|t:|1625530254
|move|p1a: Heatran|Earth Power|p2a: Toxapex
|-supereffective|p2a: Toxapex
|-damage|p2a: Toxapex|37/100
|move|p2a: Toxapex|Recover|p2a: Toxapex
|-heal|p2a: Toxapex|87/100
|
|-damage|p2a: Toxapex|74/100|[from] move: Magma Storm|[partiallytrapped]
|upkeep
|turn|15
|
|t:|1625530256
|move|p1a: Heatran|Taunt|p2a: Toxapex
|-start|p2a: Toxapex|move: Taunt
|cant|p2a: Toxapex|move: Taunt|Recover
|
|-damage|p2a: Toxapex|62/100|[from] move: Magma Storm|[partiallytrapped]
|upkeep
|turn|16
|
|t:|1625530258
|move|p1a: Heatran|Earth Power|p2a: Toxapex
|-supereffective|p2a: Toxapex
|-damage|p2a: Toxapex|29/100
|move|p2a: Toxapex|Knock Off|p1a: Heatran
|-damage|p1a: Heatran|61/100
|
|-damage|p2a: Toxapex|16/100|[from] move: Magma Storm|[partiallytrapped]
|upkeep
|turn|17
|
|t:|1625530261
|move|p1a: Heatran|Earth Power|p2a: Toxapex
|-supereffective|p2a: Toxapex
|-damage|p2a: Toxapex|0 fnt
|faint|p2a: Toxapex
|
|upkeep
|j| august
|c| LT81YL Ruby|u can play shed shell
|c| LT81YL Ruby|k
|
|t:|1625530269
|switch|p2a: Magnezone|Magnezone|100/100
|-damage|p2a: Magnezone|94/100|[from] Stealth Rock
|turn|18
|c|☆BestixL|kek
|c|☆BestixL|nah
|c| LT81YL Ruby|fuck ss ou
|
|t:|1625530285
|move|p2a: Magnezone|Volt Switch|p1a: Heatran
|-damage|p1a: Heatran|21/100
|
|t:|1625530288
|switch|p2a: Landorus|Landorus-Therian, M|42/100|[from]move: Volt Switch
|-damage|p2a: Landorus|29/100|[from] Stealth Rock
|-ability|p2a: Landorus|Intimidate|boost
|-unboost|p1a: Heatran|atk|1
|move|p1a: Heatran|Magma Storm|p2a: Landorus
|-damage|p2a: Landorus|0 fnt
|faint|p2a: Landorus
|
|upkeep
|
|t:|1625530290
|switch|p2a: Magnezone|Magnezone|94/100
|-damage|p2a: Magnezone|88/100|[from] Stealth Rock
|turn|19
|c| jmoore15|watch the languge
|c| H.M.N.I.P|Nah he's right
|
|t:|1625530308
|move|p2a: Magnezone|Volt Switch|p1a: Heatran
|-damage|p1a: Heatran|0 fnt
|faint|p1a: Heatran
|c| august|mini mod
|n| HYper|lt81ylhy
|c| H.M.N.I.P|This meta is trash as fuck
|
|t:|1625530312
|switch|p2a: Corviknight|Corviknight, M|97/100|[from]move: Volt Switch
|-damage|p2a: Corviknight|85/100|[from] Stealth Rock
|-ability|p2a: Corviknight|Pressure
|
|upkeep
|c| I Need Nothing|corvikinght sweep
|c| lt81yl spooky|facts
|c| LT81YL Ruby|thanks pietro
|
|t:|1625530321
|switch|p1a: Kartana|Kartana|100/100
|turn|20
|c| H.M.N.I.P|Yeah np
|c| jmoore15|language pls everyone
|
|t:|1625530329
|move|p1a: Kartana|Knock Off|p2a: Corviknight
|-damage|p2a: Corviknight|44/100
|-damage|p1a: Kartana|84/100|[from] item: Rocky Helmet|[of] p2a: Corviknight
|-enditem|p2a: Corviknight|Rocky Helmet|[from] move: Knock Off|[of] p1a: Kartana
|move|p2a: Corviknight|Body Press|p1a: Kartana
|-supereffective|p1a: Kartana
|-damage|p1a: Kartana|33/100
|
|upkeep
|turn|21
|
|t:|1625530336
|switch|p1a: Urshifu|Urshifu-Rapid-Strike, M|51/100
|move|p2a: Corviknight|Roost|p2a: Corviknight
|-heal|p2a: Corviknight|94/100
|-singleturn|p2a: Corviknight|move: Roost
|
|upkeep
|turn|22
|c| LT81YL Ruby|Im pretty sure SW can said the same thing
|
|t:|1625530341
|move|p1a: Urshifu|Surging Strikes|p2a: Corviknight
|-crit|p2a: Corviknight
|-damage|p2a: Corviknight|80/100
|-crit|p2a: Corviknight
|-damage|p2a: Corviknight|68/100
|-crit|p2a: Corviknight
|-damage|p2a: Corviknight|54/100
|-hitcount|p2a: Corviknight|3
|move|p2a: Corviknight|Roost|p2a: Corviknight
|-heal|p2a: Corviknight|100/100
|-singleturn|p2a: Corviknight|move: Roost
|
|upkeep
|turn|23
|j| aeeaeeeaaa
|
|t:|1625530345
|move|p1a: Urshifu|Surging Strikes|p2a: Corviknight
|-crit|p2a: Corviknight
|-damage|p2a: Corviknight|89/100
|-crit|p2a: Corviknight
|-damage|p2a: Corviknight|76/100
|-crit|p2a: Corviknight
|-damage|p2a: Corviknight|65/100
|-hitcount|p2a: Corviknight|3
|move|p2a: Corviknight|Defog|p1a: Urshifu
|-unboost|p1a: Urshifu|evasion|1
|-sideend|p2: BestixL|Stealth Rock|[from] move: Defog|[of] p2a: Corviknight
|
|upkeep
|turn|24
|l| LT81YL TheLight
|
|t:|1625530349
|move|p1a: Urshifu|Surging Strikes|p2a: Corviknight
|-crit|p2a: Corviknight
|-damage|p2a: Corviknight|52/100
|-crit|p2a: Corviknight
|-damage|p2a: Corviknight|40/100
|-crit|p2a: Corviknight
|-damage|p2a: Corviknight|28/100
|-hitcount|p2a: Corviknight|3
|move|p2a: Corviknight|Roost|p2a: Corviknight
|-heal|p2a: Corviknight|78/100
|-singleturn|p2a: Corviknight|move: Roost
|
|upkeep
|turn|25
|c| LT81YL Ruby|he got bullshit since 3years ago LOL
|
|t:|1625530354
|move|p1a: Urshifu|Surging Strikes|p2a: Corviknight
|-crit|p2a: Corviknight
|-damage|p2a: Corviknight|66/100
|-crit|p2a: Corviknight
|-damage|p2a: Corviknight|53/100
|-crit|p2a: Corviknight
|-damage|p2a: Corviknight|41/100
|-hitcount|p2a: Corviknight|3
|move|p2a: Corviknight|Roost|p2a: Corviknight
|-heal|p2a: Corviknight|91/100
|-singleturn|p2a: Corviknight|move: Roost
|
|upkeep
|turn|26
|c| H.M.N.I.P|jmoore15 how do you call a man without a body and a nose?
|c| LT81YL Ruby|days
|
|t:|1625530358
|move|p1a: Urshifu|Close Combat|p2a: Corviknight
|-damage|p2a: Corviknight|51/100
|-unboost|p1a: Urshifu|def|1
|-unboost|p1a: Urshifu|spd|1
|move|p2a: Corviknight|Roost|p2a: Corviknight
|-heal|p2a: Corviknight|100/100
|-singleturn|p2a: Corviknight|move: Roost
|
|upkeep
|turn|27
|c| LT81YL Ruby|*
|
|t:|1625530362
|move|p1a: Urshifu|Close Combat|p2a: Corviknight
|-damage|p2a: Corviknight|66/100
|-unboost|p1a: Urshifu|def|1
|-unboost|p1a: Urshifu|spd|1
|move|p2a: Corviknight|Roost|p2a: Corviknight
|-heal|p2a: Corviknight|100/100
|-singleturn|p2a: Corviknight|move: Roost
|
|upkeep
|turn|28
|
|t:|1625530366
|move|p1a: Urshifu|Close Combat|p2a: Corviknight
|-damage|p2a: Corviknight|65/100
|-unboost|p1a: Urshifu|def|1
|-unboost|p1a: Urshifu|spd|1
|move|p2a: Corviknight|U-turn|p1a: Urshifu
|-resisted|p1a: Urshifu
|-crit|p1a: Urshifu
|-damage|p1a: Urshifu|26/100
|
|t:|1625530375
|switch|p2a: Magnezone|Magnezone|88/100|[from]move: U-turn
|
|upkeep
|turn|29
|
|t:|1625530386
|move|p1a: Urshifu|U-turn|p2a: Magnezone
|-resisted|p2a: Magnezone
|-damage|p2a: Magnezone|76/100
|
|t:|1625530389
|switch|p1a: Landorus|Landorus-Therian, M|100/100|[from]move: U-turn
|-ability|p1a: Landorus|Intimidate|boost
|-unboost|p2a: Magnezone|atk|1
|move|p2a: Magnezone|Flash Cannon|p1a: Landorus
|-damage|p1a: Landorus|46/100
|
|-heal|p1a: Landorus|52/100|[from] item: Leftovers
|upkeep
|turn|30
|
|t:|1625530396
|move|p2a: Magnezone|Flash Cannon|p1a: Landorus
|-damage|p1a: Landorus|0 fnt
|faint|p1a: Landorus
|
|upkeep
|
|t:|1625530401
|switch|p1a: Kartana|Kartana|33/100
|turn|31
|c|☆BestixL|!calc
|c| BestixL|/raw <div class="infobox">Pok&eacute;mon Showdown! damage calculator. (Courtesy of Honko &amp; Austin)<br />- <a href="https://calc.pokemonshowdown.com/index.html">Damage Calculator</a></div>
|c| jmoore15|thank you for listening
|inactive|BestixL has 120 seconds left.
|j| hypervortexreturns
|j| rime789
|l| august
|inactive|BestixL has 90 seconds left.
|
|t:|1625530474
|move|p1a: Kartana|Sacred Sword|p2a: Magnezone
|-supereffective|p2a: Magnezone
|-damage|p2a: Magnezone|0 fnt
|faint|p2a: Magnezone
|-ability|p1a: Kartana|Beast Boost|boost
|-boost|p1a: Kartana|atk|1
|
|upkeep
|
|t:|1625530477
|switch|p2a: Weavile|Weavile, F|100/100
|-ability|p2a: Weavile|Pressure
|turn|32
|inactive|BestixL has 90 seconds left.
|
|t:|1625530484
|switch|p1a: Urshifu|Urshifu-Rapid-Strike, M|26/100
|move|p2a: Weavile|Knock Off|p1a: Urshifu
|-resisted|p1a: Urshifu
|-damage|p1a: Urshifu|9/100
|
|upkeep
|turn|33
|
|t:|1625530490
|move|p2a: Weavile|Knock Off|p1a: Urshifu
|-resisted|p1a: Urshifu
|-damage|p1a: Urshifu|0 fnt
|faint|p1a: Urshifu
|
|upkeep
|
|t:|1625530502
|switch|p1a: Tapu Lele|Tapu Lele|100/100
|-fieldstart|move: Psychic Terrain|[from] ability: Psychic Surge|[of] p1a: Tapu Lele
|turn|34
|inactive|BestixL has 90 seconds left.
|
|t:|1625530525
|move|p1a: Tapu Lele|Focus Blast|p2a: Weavile|[miss]
|-miss|p1a: Tapu Lele|p2a: Weavile
|move|p2a: Weavile|Knock Off|p1a: Tapu Lele
|-crit|p1a: Tapu Lele
|-damage|p1a: Tapu Lele|0 fnt
|-enditem|p1a: Tapu Lele|Choice Scarf|[from] move: Knock Off|[of] p2a: Weavile
|faint|p1a: Tapu Lele
|
|upkeep
|
|t:|1625530529
|switch|p1a: Rillaboom|Rillaboom, M|29/100
|-fieldstart|move: Grassy Terrain|[from] ability: Grassy Surge|[of] p1a: Rillaboom
|turn|35
|c| bear in a man suit|based
|c| piled|OMG
|
|t:|1625530533
|move|p2a: Weavile|Ice Shard|p1a: Rillaboom
|-supereffective|p1a: Rillaboom
|-damage|p1a: Rillaboom|0 fnt
|faint|p1a: Rillaboom
|
|upkeep
|c| I Need Nothing|strategy
|c| LT81YL Ruby|lol
|c|☆BestixL|gg
|-message|LT81YL Mole forfeited.
|
|win|BestixL
|raw|LT81YL Mole's rating: 1912 &rarr; <strong>1893</strong><br />(-19 for losing)
|raw|BestixL's rating: 1936 &rarr; <strong>1955</strong><br />(+19 for winning)
|l|‽LT81YL Mole
|c| LT81YL Ruby|fsight scarf lele
|c| bear in a man suit|dodge into knock
|c| bear in a man suit|actual god
|l| LT81YL SW
|l| jmoore15
|l| mcp3
|l| LT81YL Ruby
|l| bear in a man suit
|l| Old ways new women
|l| I Need Nothing
|j| LT81YL Empo
|l| aeeaeeeaaa
|l| LT81YL JHONX
|l| HYper
|j| LT81YL Shuckle
|l| Okayu supremacy
|l| LT81YL Shuckle
|l|☆BestixL
|l| piled
|l| regnite ◕‿◕
|l| rime789
|l| lt81yl spooky
|j| LT81YL JHONX
|j| Gkenfvhgg4
|l| deansolomid
|l| dchanghanalaniorg
|l| LT81YL LEJER
|l| LT81YL Empo
|l| croo
|l| hypervortexreturns
