|j|☆JakkyShane
|j|☆early_human
|t:|1634497829
|gametype|singles
|player|p1|JakkyShane|lance|1705
|player|p2|early_human|dancer|1809
|teamsize|p1|6
|teamsize|p2|6
|gen|8
|tier|[Gen 8] OU
|rated|
|rule|Sleep Clause Mod: Limit one foe put to sleep
|rule|Species Clause: Limit one of each Pokémon
|rule|OHKO Clause: OHKO moves are banned
|rule|Evasion Moves Clause: Evasion moves are banned
|rule|Endless Battle Clause: Forcing endless battles is banned
|rule|HP Percentage Mod: HP is shown in percentages
|rule|Dynamax Clause: You cannot dynamax
|clearpoke
|poke|p1|Dragapult, M|
|poke|p1|Tapu Lele|
|poke|p1|Zapdos|
|poke|p1|Landorus-Therian, M|
|poke|p1|Volcanion|
|poke|p1|Melmetal|
|poke|p2|Moltres-Galar|
|poke|p2|Aegislash, F|
|poke|p2|Buzzwole|
|poke|p2|Latios, M|
|poke|p2|Landorus-Therian, M|
|poke|p2|Bisharp, F|
|teampreview
|inactive|Battle timer is ON: inactive players will automatically lose when time's up. (requested by JakkyShane)
|
|t:|1634497845
|start
|switch|p1a: Landorus|Landorus-Therian, M|100/100
|switch|p2a: Buzzwole|Buzzwole|100/100
|-ability|p1a: Landorus|Intimidate|boost
|-unboost|p2a: Buzzwole|atk|1
|turn|1
|j| Trodon66
|
|t:|1634497856
|move|p2a: Buzzwole|Ice Punch|p1a: Landorus
|-supereffective|p1a: Landorus
|-damage|p1a: Landorus|0 fnt
|faint|p1a: Landorus
|-ability|p2a: Buzzwole|Beast Boost|boost
|-boost|p2a: Buzzwole|atk|1
|
|upkeep
|
|t:|1634497863
|switch|p1a: Tapu Lele|Tapu Lele|100/100
|-fieldstart|move: Psychic Terrain|[from] ability: Psychic Surge|[of] p1a: Tapu Lele
|turn|2
|
|t:|1634497866
|switch|p2a: Aegislash|Aegislash, F|100/100
|move|p1a: Tapu Lele|Moonblast|p2a: Aegislash
|-resisted|p2a: Aegislash
|-damage|p2a: Aegislash|81/100
|
|upkeep
|turn|3
|j| anpawo
|
|t:|1634497873
|switch|p1a: Melmetal|Melmetal|100/100
|-formechange|p2a: Aegislash|Aegislash-Blade||[from] ability: Stance Change
|move|p2a: Aegislash|Shadow Ball|p1a: Melmetal
|-damage|p1a: Melmetal|56/100
|
|-heal|p1a: Melmetal|63/100|[from] item: Leftovers
|upkeep
|turn|4
|
|t:|1634497882
|-formechange|p2a: Aegislash|Aegislash||[from] ability: Stance Change
|move|p2a: Aegislash|King's Shield|p2a: Aegislash
|-singleturn|p2a: Aegislash|Protect
|move|p1a: Melmetal|Earthquake|p2a: Aegislash
|-activate|p2a: Aegislash|move: Protect
|
|-heal|p1a: Melmetal|69/100|[from] item: Leftovers
|upkeep
|turn|5
|
|t:|1634497885
|switch|p2a: Buzzwole|Buzzwole|100/100
|move|p1a: Melmetal|Protect||[still]
|-fail|p1a: Melmetal
|
|-heal|p1a: Melmetal|75/100|[from] item: Leftovers
|upkeep
|turn|6
|
|t:|1634497889
|switch|p1a: Zapdos|Zapdos|100/100
|move|p2a: Buzzwole|Close Combat|p1a: Zapdos
|-resisted|p1a: Zapdos
|-damage|p1a: Zapdos|63/100
|-unboost|p2a: Buzzwole|def|1
|-unboost|p2a: Buzzwole|spd|1
|-status|p2a: Buzzwole|par|[from] ability: Static|[of] p1a: Zapdos
|
|-fieldend|move: Psychic Terrain
|upkeep
|turn|7
|
|t:|1634497898
|switch|p2a: Bisharp|Bisharp, F|100/100
|move|p1a: Zapdos|Hurricane|p2a: Bisharp
|-resisted|p2a: Bisharp
|-damage|p2a: Bisharp|81/100
|-start|p2a: Bisharp|confusion
|
|upkeep
|turn|8
|
|t:|1634497905
|move|p1a: Zapdos|Roost|p1a: Zapdos
|-heal|p1a: Zapdos|100/100
|-singleturn|p1a: Zapdos|move: Roost
|-activate|p2a: Bisharp|confusion
|-damage|p2a: Bisharp|62/100|[from] confusion
|
|upkeep
|turn|9
|
|t:|1634497909
|move|p1a: Zapdos|Volt Switch|p2a: Bisharp
|-damage|p2a: Bisharp|33/100
|
|t:|1634497914
|switch|p1a: Volcanion|Volcanion|100/100|[from]move: Volt Switch
|-activate|p2a: Bisharp|confusion
|move|p2a: Bisharp|Knock Off|p1a: Volcanion
|-damage|p1a: Volcanion|45/100
|-enditem|p1a: Volcanion|Heavy-Duty Boots|[from] move: Knock Off|[of] p2a: Bisharp
|
|upkeep
|turn|10
|
|t:|1634497921
|switch|p2a: Latios|Latios, M|100/100
|move|p1a: Volcanion|Flamethrower|p2a: Latios
|-resisted|p2a: Latios
|-damage|p2a: Latios|75/100
|
|upkeep
|turn|11
|
|t:|1634497924
|switch|p1a: Melmetal|Melmetal|75/100
|move|p2a: Latios|Psychic|p1a: Melmetal
|-resisted|p1a: Melmetal
|-damage|p1a: Melmetal|52/100
|
|-heal|p1a: Melmetal|58/100|[from] item: Leftovers
|upkeep
|turn|12
|
|t:|1634497932
|switch|p2a: Buzzwole|Buzzwole|100/100 par
|move|p1a: Melmetal|Double Iron Bash|p2a: Buzzwole
|-damage|p2a: Buzzwole|66/100 par
|-damage|p2a: Buzzwole|34/100 par
|-hitcount|p2a: Buzzwole|2
|
|-heal|p1a: Melmetal|64/100|[from] item: Leftovers
|upkeep
|turn|13
|
|t:|1634497940
|switch|p1a: Zapdos|Zapdos|100/100
|move|p2a: Buzzwole|Close Combat|p1a: Zapdos
|-resisted|p1a: Zapdos
|-damage|p1a: Zapdos|61/100
|-unboost|p2a: Buzzwole|def|1
|-unboost|p2a: Buzzwole|spd|1
|
|upkeep
|turn|14
|
|t:|1634497947
|switch|p2a: Bisharp|Bisharp, F|33/100
|move|p1a: Zapdos|Hurricane|p2a: Bisharp
|-resisted|p2a: Bisharp
|-damage|p2a: Bisharp|13/100
|
|upkeep
|turn|15
|
|t:|1634497954
|switch|p2a: Landorus|Landorus-Therian, M|100/100
|-ability|p2a: Landorus|Intimidate|boost
|-unboost|p1a: Zapdos|atk|1
|move|p1a: Zapdos|Roost|p1a: Zapdos
|-heal|p1a: Zapdos|100/100
|-singleturn|p1a: Zapdos|move: Roost
|
|upkeep
|turn|16
|
|t:|1634497959
|switch|p1a: Volcanion|Volcanion|45/100
|move|p2a: Landorus|Stealth Rock|p1a: Volcanion
|-sidestart|p1: JakkyShane|move: Stealth Rock
|
|upkeep
|turn|17
|
|t:|1634497965
|switch|p2a: Latios|Latios, M|75/100
|move|p1a: Volcanion|Steam Eruption|p2a: Latios
|-resisted|p2a: Latios
|-damage|p2a: Latios|43/100
|
|upkeep
|turn|18
|
|t:|1634497971
|switch|p1a: Melmetal|Melmetal|64/100
|-damage|p1a: Melmetal|58/100|[from] Stealth Rock
|move|p2a: Latios|Psychic|p1a: Melmetal
|-resisted|p1a: Melmetal
|-damage|p1a: Melmetal|33/100
|
|-heal|p1a: Melmetal|39/100|[from] item: Leftovers
|upkeep
|turn|19
|
|t:|1634497975
|switch|p1a: Zapdos|Zapdos|100/100
|move|p2a: Latios|Mystical Fire|p1a: Zapdos
|-damage|p1a: Zapdos|74/100
|-unboost|p1a: Zapdos|spa|1
|
|upkeep
|turn|20
|
|t:|1634497979
|move|p2a: Latios|Draco Meteor|p1a: Zapdos
|-damage|p1a: Zapdos|1/100
|-unboost|p2a: Latios|spa|2
|move|p1a: Zapdos|Defog|p2a: Latios
|-unboost|p2a: Latios|evasion|1
|-sideend|p1: JakkyShane|Stealth Rock|[from] move: Defog|[of] p1a: Zapdos
|
|upkeep
|turn|21
|
|t:|1634497988
|switch|p1a: Tapu Lele|Tapu Lele|100/100
|-fieldstart|move: Psychic Terrain|[from] ability: Psychic Surge|[of] p1a: Tapu Lele
|move|p2a: Latios|Psychic|p1a: Tapu Lele
|-resisted|p1a: Tapu Lele
|-crit|p1a: Tapu Lele
|-damage|p1a: Tapu Lele|55/100
|
|upkeep
|turn|22
|
|t:|1634497997
|switch|p1a: Volcanion|Volcanion|45/100
|switch|p2a: Aegislash|Aegislash, F|81/100
|
|upkeep
|turn|23
|
|t:|1634498004
|move|p2a: Aegislash|King's Shield|p2a: Aegislash
|-singleturn|p2a: Aegislash|Protect
|move|p1a: Volcanion|Flamethrower|p2a: Aegislash
|-activate|p2a: Aegislash|move: Protect
|
|upkeep
|turn|24
|j| hachan247
|
|t:|1634498010
|switch|p1a: Melmetal|Melmetal|39/100
|switch|p2a: Buzzwole|Buzzwole|34/100 par
|
|-heal|p1a: Melmetal|45/100|[from] item: Leftovers
|upkeep
|turn|25
|
|t:|1634498028
|move|p1a: Melmetal|Protect|p1a: Melmetal
|-singleturn|p1a: Melmetal|Protect
|move|p2a: Buzzwole|Close Combat|p1a: Melmetal
|-activate|p1a: Melmetal|move: Protect
|
|-heal|p1a: Melmetal|51/100|[from] item: Leftovers
|-fieldend|move: Psychic Terrain
|upkeep
|turn|26
|
|t:|1634498030
|switch|p1a: Tapu Lele|Tapu Lele|55/100
|-fieldstart|move: Psychic Terrain|[from] ability: Psychic Surge|[of] p1a: Tapu Lele
|cant|p2a: Buzzwole|par
|
|upkeep
|turn|27
|l| Trodon66
|
|t:|1634498041
|switch|p2a: Aegislash|Aegislash, F|81/100
|move|p1a: Tapu Lele|Psychic|p2a: Aegislash
|-resisted|p2a: Aegislash
|-damage|p2a: Aegislash|58/100
|
|upkeep
|turn|28
|
|t:|1634498049
|switch|p1a: Melmetal|Melmetal|51/100
|-formechange|p2a: Aegislash|Aegislash-Blade||[from] ability: Stance Change
|move|p2a: Aegislash|Shadow Ball|p1a: Melmetal
|-damage|p1a: Melmetal|11/100
|
|-heal|p1a: Melmetal|17/100|[from] item: Leftovers
|upkeep
|turn|29
|
|t:|1634498055
|move|p1a: Melmetal|Protect|p1a: Melmetal
|-singleturn|p1a: Melmetal|Protect
|move|p2a: Aegislash|Shadow Ball|p1a: Melmetal
|-activate|p1a: Melmetal|move: Protect
|
|-heal|p1a: Melmetal|23/100|[from] item: Leftovers
|upkeep
|turn|30
|
|t:|1634498060
|move|p2a: Aegislash|Shadow Ball|p1a: Melmetal
|-damage|p1a: Melmetal|0 fnt
|faint|p1a: Melmetal
|
|-fieldend|move: Psychic Terrain
|upkeep
|j| magicgirl_rere
|
|t:|1634498069
|switch|p1a: Volcanion|Volcanion|45/100
|turn|31
|
|t:|1634498073
|-formechange|p2a: Aegislash|Aegislash||[from] ability: Stance Change
|move|p2a: Aegislash|King's Shield|p2a: Aegislash
|-singleturn|p2a: Aegislash|Protect
|move|p1a: Volcanion|Flamethrower|p2a: Aegislash
|-activate|p2a: Aegislash|move: Protect
|
|upkeep
|turn|32
|
|t:|1634498080
|switch|p2a: Buzzwole|Buzzwole|34/100 par
|move|p1a: Volcanion|Flamethrower|p2a: Buzzwole
|-supereffective|p2a: Buzzwole
|-damage|p2a: Buzzwole|0 fnt
|faint|p2a: Buzzwole
|
|upkeep
|
|t:|1634498082
|switch|p2a: Latios|Latios, M|43/100
|turn|33
|
|t:|1634498089
|switch|p1a: Tapu Lele|Tapu Lele|55/100
|-fieldstart|move: Psychic Terrain|[from] ability: Psychic Surge|[of] p1a: Tapu Lele
|move|p2a: Latios|Psychic|p1a: Tapu Lele
|-resisted|p1a: Tapu Lele
|-damage|p1a: Tapu Lele|25/100
|
|upkeep
|turn|34
|
|t:|1634498093
|switch|p1a: Zapdos|Zapdos|1/100
|switch|p2a: Aegislash|Aegislash, F|58/100
|
|upkeep
|turn|35
|
|t:|1634498095
|-formechange|p2a: Aegislash|Aegislash-Blade||[from] ability: Stance Change
|move|p2a: Aegislash|Shadow Sneak|p1a: Zapdos
|-hint|Psychic Terrain doesn't affect Pokémon immune to Ground.
|-damage|p1a: Zapdos|0 fnt
|faint|p1a: Zapdos
|
|upkeep
|
|t:|1634498115
|switch|p1a: Volcanion|Volcanion|45/100
|turn|36
|j| cypherstest
|
|t:|1634498135
|switch|p2a: Bisharp|Bisharp, F|13/100
|move|p1a: Volcanion|Flamethrower|p2a: Bisharp
|-supereffective|p2a: Bisharp
|-damage|p2a: Bisharp|0 fnt
|faint|p2a: Bisharp
|
|upkeep
|
|t:|1634498137
|switch|p2a: Latios|Latios, M|43/100
|turn|37
|
|t:|1634498148
|move|p2a: Latios|Psychic|p1a: Volcanion
|-damage|p1a: Volcanion|0 fnt
|faint|p1a: Volcanion
|
|-fieldend|move: Psychic Terrain
|upkeep
|
|t:|1634498153
|switch|p1a: Tapu Lele|Tapu Lele|25/100
|-fieldstart|move: Psychic Terrain|[from] ability: Psychic Surge|[of] p1a: Tapu Lele
|turn|38
|j| lefage
|
|t:|1634498158
|switch|p1a: Dragapult|Dragapult, M|100/100
|move|p2a: Latios|Psychic|p1a: Dragapult
|-damage|p1a: Dragapult|29/100
|
|upkeep
|turn|39
|
|t:|1634498161
|move|p1a: Dragapult|Phantom Force||[still]
|-prepare|p1a: Dragapult|Phantom Force
|move|p2a: Latios|Psychic|p1a: Dragapult|[miss]
|-miss|p2a: Latios|p1a: Dragapult
|
|upkeep
|turn|40
|
|t:|1634498164
|move|p1a: Dragapult|Phantom Force|p2a: Latios|[from]lockedmove
|-supereffective|p2a: Latios
|-damage|p2a: Latios|0 fnt
|faint|p2a: Latios
|
|upkeep
|
|t:|1634498169
|switch|p2a: Moltres|Moltres-Galar|100/100
|turn|41
|
|t:|1634498175
|move|p1a: Dragapult|Phantom Force||[still]
|-prepare|p1a: Dragapult|Phantom Force
|move|p2a: Moltres|Fiery Wrath|p1a: Dragapult|[miss]
|-miss|p2a: Moltres|p1a: Dragapult
|
|upkeep
|turn|42
|l| hachan247
|
|t:|1634498202
|move|p1a: Dragapult|Phantom Force|p2a: Moltres|[from]lockedmove
|-resisted|p2a: Moltres
|-damage|p2a: Moltres|64/100
|move|p2a: Moltres|Fiery Wrath|p1a: Dragapult
|-supereffective|p1a: Dragapult
|-damage|p1a: Dragapult|0 fnt
|faint|p1a: Dragapult
|
|-fieldend|move: Psychic Terrain
|upkeep
|j| Amamama
|
|t:|1634498210
|switch|p1a: Tapu Lele|Tapu Lele|25/100
|-fieldstart|move: Psychic Terrain|[from] ability: Psychic Surge|[of] p1a: Tapu Lele
|turn|43
|
|t:|1634498213
|move|p1a: Tapu Lele|Moonblast|p2a: Moltres
|-supereffective|p2a: Moltres
|-damage|p2a: Moltres|0 fnt
|faint|p2a: Moltres
|
|upkeep
|
|t:|1634498215
|switch|p2a: Aegislash|Aegislash, F|58/100
|turn|44
|
|t:|1634498219
|move|p1a: Tapu Lele|Moonblast|p2a: Aegislash
|-resisted|p2a: Aegislash
|-damage|p2a: Aegislash|39/100
|-formechange|p2a: Aegislash|Aegislash-Blade||[from] ability: Stance Change
|move|p2a: Aegislash|Shadow Ball|p1a: Tapu Lele
|-supereffective|p1a: Tapu Lele
|-damage|p1a: Tapu Lele|0 fnt
|faint|p1a: Tapu Lele
|
|win|early_human
|raw|JakkyShane's rating: 1705 &rarr; <strong>1691</strong><br />(-14 for losing)
|raw|early_human's rating: 1809 &rarr; <strong>1823</strong><br />(+14 for winning)
|l|☆JakkyShane
|l|☆early_human
|l| magicgirl_rere
|l| lefage
