|j|☆minimax_ai
|j|☆ldailey19
|t:|1665305422
|gametype|singles
|player|p1|minimax_ai|lusamine-nihilego|1456
|player|p2|ldailey19|lance|1462
|teamsize|p1|6
|teamsize|p2|6
|gen|8
|tier|[Gen 8] OU
|rated|
|rule|Sleep Clause Mod: Limit one foe put to sleep
|rule|Species Clause: Limit one of each Pokémon
|rule|OHKO Clause: OHKO moves are banned
|rule|Evasion Items Clause: Evasion items are banned
|rule|Evasion Moves Clause: Evasion moves are banned
|rule|Endless Battle Clause: Forcing endless battles is banned
|rule|HP Percentage Mod: HP is shown in percentages
|rule|Dynamax Clause: You cannot dynamax
|clearpoke
|poke|p1|Rotom-Wash|
|poke|p1|Weavile, F|
|poke|p1|Landorus-Therian, M|
|poke|p1|Heatran, M|
|poke|p1|Tangrowth, F|
|poke|p1|Melmetal|
|poke|p2|Magnezone|
|poke|p2|Weavile, F|
|poke|p2|Urshifu-*, M|
|poke|p2|Heatran, M|
|poke|p2|Landorus-Therian, M|
|poke|p2|Dragapult, F|
|teampreview
|inactive|Battle timer is ON: inactive players will automatically lose when time's up. (requested by ldailey19)
|c|☆minimax_ai|hf
|inactive|minimax_ai also wants the timer to be on.
|
|t:|1665305437
|start
|switch|p1a: rotomwash|Rotom-Wash|100/100
|switch|p2a: Dragapult|Dragapult, F, shiny|100/100
|turn|1
|
|t:|1665305447
|switch|p1a: Melmetal|Melmetal|100/100
|move|p2a: Dragapult|Dragon Darts|p1a: Melmetal
|-resisted|p1a: Melmetal
|-damage|p1a: Melmetal|93/100
|-anim|p2a: Dragapult|Dragon Darts|p1a: Melmetal
|-resisted|p1a: Melmetal
|-damage|p1a: Melmetal|86/100
|
|upkeep
|turn|2
|
|t:|1665305472
|move|p2a: Dragapult|U-turn|p1a: Melmetal
|-resisted|p1a: Melmetal
|-damage|p1a: Melmetal|80/100
|
|t:|1665305475
|switch|p2a: Landorus|Landorus-Therian, M|100/100|[from]move: U-turn
|-ability|p2a: Landorus|Intimidate|boost
|-unboost|p1a: Melmetal|atk|1
|move|p1a: Melmetal|Double Iron Bash|p2a: Landorus
|-damage|p2a: Landorus|82/100
|-damage|p1a: Melmetal|63/100|[from] item: Rocky Helmet|[of] p2a: Landorus
|-damage|p2a: Landorus|62/100
|-damage|p1a: Melmetal|47/100|[from] item: Rocky Helmet|[of] p2a: Landorus
|-hitcount|p2a: Landorus|2
|
|upkeep
|turn|3
|
|t:|1665305489
|switch|p1a: landorustherian|Landorus-Therian, M|100/100
|-ability|p1a: landorustherian|Intimidate|boost
|-unboost|p2a: Landorus|atk|1
|move|p2a: Landorus|Knock Off|p1a: landorustherian
|-damage|p1a: landorustherian|79/100
|-enditem|p1a: landorustherian|Leftovers|[from] move: Knock Off|[of] p2a: Landorus
|
|upkeep
|turn|4
|inactive|ldailey19 has 120 seconds left.
|
|t:|1665305520
|move|p2a: Landorus|Knock Off|p1a: landorustherian
|-damage|p1a: landorustherian|66/100
|move|p1a: landorustherian|Earthquake|p2a: Landorus
|-immune|p2a: Landorus
|
|upkeep
|turn|5
|inactive|ldailey19 has 120 seconds left.
|
|t:|1665305527
|move|p2a: Landorus|Stealth Rock|p1a: landorustherian
|-sidestart|p1: minimax_ai|move: Stealth Rock
|move|p1a: landorustherian|Earthquake|p2a: Landorus
|-immune|p2a: Landorus
|
|upkeep
|turn|6
|
|t:|1665305532
|move|p2a: Landorus|Knock Off|p1a: landorustherian
|-damage|p1a: landorustherian|54/100
|move|p1a: landorustherian|Defog|p2a: Landorus
|-unboost|p2a: Landorus|evasion|1
|-sideend|p1: minimax_ai|Stealth Rock|[from] move: Defog|[of] p1a: landorustherian
|
|upkeep
|turn|7
|
|t:|1665305539
|move|p2a: Landorus|Knock Off|p1a: landorustherian
|-damage|p1a: landorustherian|40/100
|move|p1a: landorustherian|Earthquake|p2a: Landorus
|-immune|p2a: Landorus
|
|upkeep
|turn|8
|
|t:|1665305544
|move|p2a: Landorus|Knock Off|p1a: landorustherian
|-damage|p1a: landorustherian|28/100
|move|p1a: landorustherian|Earthquake|p2a: Landorus
|-immune|p2a: Landorus
|
|upkeep
|turn|9
|
|t:|1665305550
|move|p2a: Landorus|Knock Off|p1a: landorustherian
|-damage|p1a: landorustherian|13/100
|move|p1a: landorustherian|Earthquake|p2a: Landorus
|-immune|p2a: Landorus
|
|upkeep
|turn|10
|
|t:|1665305556
|switch|p1a: Heatran|Heatran, M|100/100
|-item|p1a: Heatran|Air Balloon
|move|p2a: Landorus|Stealth Rock|p1a: Heatran
|-sidestart|p1: minimax_ai|move: Stealth Rock
|
|upkeep
|turn|11
|
|t:|1665305565
|move|p1a: Heatran|Stealth Rock|p2a: Landorus
|-sidestart|p2: ldailey19|move: Stealth Rock
|move|p2a: Landorus|Knock Off|p1a: Heatran
|-damage|p1a: Heatran|80/100
|-enditem|p1a: Heatran|Air Balloon
|
|upkeep
|turn|12
|
|t:|1665305571
|move|p1a: Heatran|Eruption|p2a: Landorus
|-damage|p2a: Landorus|0 fnt
|faint|p2a: Landorus
|
|upkeep
|
|t:|1665305595
|switch|p2a: Heatran|Heatran, M, shiny|100/100
|-damage|p2a: Heatran|88/100|[from] Stealth Rock
|-item|p2a: Heatran|Air Balloon
|turn|13
|
|t:|1665305598
|switch|p1a: rotomwash|Rotom-Wash|100/100
|-damage|p1a: rotomwash|88/100|[from] Stealth Rock
|move|p2a: Heatran|Toxic|p1a: rotomwash
|-status|p1a: rotomwash|tox
|
|-heal|p1a: rotomwash|94/100 tox|[from] item: Leftovers
|-damage|p1a: rotomwash|88/100 tox|[from] psn
|upkeep
|turn|14
|
|t:|1665305607
|move|p2a: Heatran|Protect|p2a: Heatran
|-singleturn|p2a: Heatran|Protect
|move|p1a: rotomwash|Thunderbolt|p2a: Heatran
|-activate|p2a: Heatran|move: Protect
|
|-heal|p1a: rotomwash|94/100 tox|[from] item: Leftovers
|-damage|p1a: rotomwash|82/100 tox|[from] psn
|upkeep
|turn|15
|
|t:|1665305619
|switch|p2a: Magnezone|Magnezone, shiny|100/100
|-damage|p2a: Magnezone|94/100|[from] Stealth Rock
|move|p1a: rotomwash|Hydro Pump|p2a: Magnezone
|-crit|p2a: Magnezone
|-damage|p2a: Magnezone|51/100
|
|-heal|p1a: rotomwash|88/100 tox|[from] item: Leftovers
|-damage|p1a: rotomwash|69/100 tox|[from] psn
|upkeep
|turn|16
|
|t:|1665305624
|move|p1a: rotomwash|Hydro Pump|p2a: Magnezone
|-damage|p2a: Magnezone|20/100
|move|p2a: Magnezone|Volt Switch|p1a: rotomwash
|-damage|p1a: rotomwash|13/100 tox
|
|t:|1665305638
|switch|p2a: Dragapult|Dragapult, F, shiny|100/100|[from]move: Volt Switch
|-damage|p2a: Dragapult|88/100|[from] Stealth Rock
|
|-heal|p1a: rotomwash|19/100 tox|[from] item: Leftovers
|-damage|p1a: rotomwash|0 fnt|[from] psn
|faint|p1a: rotomwash
|upkeep
|
|t:|1665305638
|switch|p1a: Melmetal|Melmetal|47/100
|-damage|p1a: Melmetal|41/100|[from] Stealth Rock
|turn|17
|
|t:|1665305649
|move|p2a: Dragapult|Flamethrower|p1a: Melmetal
|-supereffective|p1a: Melmetal
|-damage|p1a: Melmetal|20/100
|move|p1a: Melmetal|Thunder Punch|p2a: Dragapult
|-resisted|p2a: Dragapult
|-damage|p2a: Dragapult|67/100
|
|upkeep
|turn|18
|
|t:|1665305657
|switch|p1a: landorustherian|Landorus-Therian, M|13/100
|-damage|p1a: landorustherian|1/100|[from] Stealth Rock
|-ability|p1a: landorustherian|Intimidate|boost
|-unboost|p2a: Dragapult|atk|1
|move|p2a: Dragapult|Flamethrower|p1a: landorustherian
|-damage|p1a: landorustherian|0 fnt
|faint|p1a: landorustherian
|
|upkeep
|
|t:|1665305657
|switch|p1a: Heatran|Heatran, M|80/100
|-damage|p1a: Heatran|68/100|[from] Stealth Rock
|turn|19
|
|t:|1665305666
|switch|p2a: Heatran|Heatran, M, shiny|88/100
|-damage|p2a: Heatran|75/100|[from] Stealth Rock
|-item|p2a: Heatran|Air Balloon
|move|p1a: Heatran|Magma Storm|p2a: Heatran
|-start|p2a: Heatran|ability: Flash Fire
|
|upkeep
|turn|20
|
|t:|1665305671
|switch|p1a: Melmetal|Melmetal|20/100
|-damage|p1a: Melmetal|14/100|[from] Stealth Rock
|move|p2a: Heatran|Earth Power|p1a: Melmetal
|-supereffective|p1a: Melmetal
|-damage|p1a: Melmetal|0 fnt
|faint|p1a: Melmetal
|
|upkeep
|
|t:|1665305671
|switch|p1a: Weavile|Weavile, F|100/100
|-damage|p1a: Weavile|76/100|[from] Stealth Rock
|-ability|p1a: Weavile|Pressure
|turn|21
|
|t:|1665305678
|move|p1a: Weavile|Knock Off|p2a: Heatran
|-damage|p2a: Heatran|17/100
|-enditem|p2a: Heatran|Air Balloon
|move|p2a: Heatran|Flamethrower|p1a: Weavile
|-supereffective|p1a: Weavile
|-damage|p1a: Weavile|0 fnt
|faint|p1a: Weavile
|
|upkeep
|
|t:|1665305678
|switch|p1a: Heatran|Heatran, M|68/100
|-damage|p1a: Heatran|55/100|[from] Stealth Rock
|turn|22
|
|t:|1665305682
|move|p1a: Heatran|Earth Power|p2a: Heatran
|-supereffective|p2a: Heatran
|-damage|p2a: Heatran|0 fnt
|faint|p2a: Heatran
|
|upkeep
|
|t:|1665305693
|switch|p2a: Urshifu|Urshifu-Rapid-Strike, M|100/100
|-damage|p2a: Urshifu|94/100|[from] Stealth Rock
|turn|23
|
|t:|1665305695
|switch|p1a: Tangrowth|Tangrowth, F|100/100
|-damage|p1a: Tangrowth|88/100|[from] Stealth Rock
|move|p2a: Urshifu|Close Combat|p1a: Tangrowth
|-damage|p1a: Tangrowth|55/100
|-unboost|p2a: Urshifu|def|1
|-unboost|p2a: Urshifu|spd|1
|-damage|p2a: Urshifu|78/100|[from] item: Rocky Helmet|[of] p1a: Tangrowth
|
|upkeep
|turn|24
|
|t:|1665305700
|switch|p2a: Magnezone|Magnezone, shiny|20/100
|-damage|p2a: Magnezone|14/100|[from] Stealth Rock
|move|p1a: Tangrowth|Sleep Powder|p2a: Magnezone
|-status|p2a: Magnezone|slp|[from] move: Sleep Powder
|
|upkeep
|turn|25
|
|t:|1665305707
|switch|p2a: Weavile|Weavile, F|100/100
|-damage|p2a: Weavile|76/100|[from] Stealth Rock
|-ability|p2a: Weavile|Pressure
|move|p1a: Tangrowth|Knock Off|p2a: Weavile
|-resisted|p2a: Weavile
|-damage|p2a: Weavile|55/100
|-enditem|p2a: Weavile|Choice Band|[from] move: Knock Off|[of] p1a: Tangrowth
|
|upkeep
|turn|26
|
|t:|1665305710
|move|p2a: Weavile|Knock Off|p1a: Tangrowth
|-damage|p1a: Tangrowth|29/100
|-damage|p2a: Weavile|39/100|[from] item: Rocky Helmet|[of] p1a: Tangrowth
|-enditem|p1a: Tangrowth|Rocky Helmet|[from] move: Knock Off|[of] p2a: Weavile
|move|p1a: Tangrowth|Giga Drain|p2a: Weavile
|-damage|p2a: Weavile|0 fnt
|-heal|p1a: Tangrowth|42/100|[from] drain|[of] p2a: Weavile
|faint|p2a: Weavile
|
|upkeep
|
|t:|1665305721
|switch|p2a: Dragapult|Dragapult, F, shiny|67/100
|-damage|p2a: Dragapult|54/100|[from] Stealth Rock
|turn|27
|
|t:|1665305729
|switch|p1a: Heatran|Heatran, M|55/100
|-damage|p1a: Heatran|43/100|[from] Stealth Rock
|move|p2a: Dragapult|U-turn|p1a: Heatran
|-resisted|p1a: Heatran
|-damage|p1a: Heatran|37/100
|
|t:|1665305733
|switch|p2a: Urshifu|Urshifu-Rapid-Strike, M|78/100|[from]move: U-turn
|-damage|p2a: Urshifu|72/100|[from] Stealth Rock
|
|upkeep
|turn|28
|
|t:|1665305736
|switch|p1a: Tangrowth|Tangrowth, F|75/100
|-damage|p1a: Tangrowth|63/100|[from] Stealth Rock
|move|p2a: Urshifu|Close Combat|p1a: Tangrowth
|-damage|p1a: Tangrowth|33/100
|-unboost|p2a: Urshifu|def|1
|-unboost|p2a: Urshifu|spd|1
|
|upkeep
|turn|29
|
|t:|1665305745
|switch|p2a: Magnezone|Magnezone, shiny|14/100 slp
|-damage|p2a: Magnezone|8/100 slp|[from] Stealth Rock
|move|p1a: Tangrowth|Knock Off|p2a: Magnezone
|-damage|p2a: Magnezone|0 fnt
|-enditem|p2a: Magnezone|Assault Vest|[from] move: Knock Off|[of] p1a: Tangrowth
|faint|p2a: Magnezone
|
|upkeep
|
|t:|1665305755
|switch|p2a: Dragapult|Dragapult, F, shiny|54/100
|-damage|p2a: Dragapult|42/100|[from] Stealth Rock
|turn|30
|
|t:|1665305762
|switch|p1a: Heatran|Heatran, M|37/100
|-damage|p1a: Heatran|25/100|[from] Stealth Rock
|move|p2a: Dragapult|U-turn|p1a: Heatran
|-resisted|p1a: Heatran
|-damage|p1a: Heatran|19/100
|
|t:|1665305767
|switch|p2a: Urshifu|Urshifu-Rapid-Strike, M|72/100|[from]move: U-turn
|-damage|p2a: Urshifu|66/100|[from] Stealth Rock
|
|upkeep
|turn|31
|
|t:|1665305769
|move|p2a: Urshifu|Close Combat|p1a: Heatran
|-supereffective|p1a: Heatran
|-damage|p1a: Heatran|0 fnt
|-unboost|p2a: Urshifu|def|1
|-unboost|p2a: Urshifu|spd|1
|faint|p1a: Heatran
|
|upkeep
|
|t:|1665305769
|switch|p1a: Tangrowth|Tangrowth, F|66/100
|-damage|p1a: Tangrowth|54/100|[from] Stealth Rock
|turn|32
|
|t:|1665305786
|move|p2a: Urshifu|Close Combat|p1a: Tangrowth
|-damage|p1a: Tangrowth|22/100
|-unboost|p2a: Urshifu|def|1
|-unboost|p2a: Urshifu|spd|1
|move|p1a: Tangrowth|Knock Off|p2a: Urshifu
|-resisted|p2a: Urshifu
|-damage|p2a: Urshifu|44/100
|-enditem|p2a: Urshifu|Focus Sash|[from] move: Knock Off|[of] p1a: Tangrowth
|
|upkeep
|turn|33
|
|t:|1665305794
|move|p2a: Urshifu|Close Combat|p1a: Tangrowth
|-damage|p1a: Tangrowth|0 fnt
|-unboost|p2a: Urshifu|def|1
|-unboost|p2a: Urshifu|spd|1
|faint|p1a: Tangrowth
|
|win|ldailey19
|raw|minimax_ai's rating: 1456 &rarr; <strong>1436</strong><br />(-20 for losing)
|raw|ldailey19's rating: 1462 &rarr; <strong>1482</strong><br />(+20 for winning)
|c|☆minimax_ai|gg
|l|☆minimax_ai
