|html|<div class="broadcast-blue"><strong>[Gen 8] OU is currently suspecting Urshifu-S! For information on how to participate check out the <a href="https://www.smogon.com/forums/threads/np-ss-ou-suspect-process-round-8-aint-no-rest-for-the-wicked.3675310/">suspect thread</a>.</strong></div>
|j|☆I'M AT MY LIMIT
|j|☆BillyTheFlash
|t:|1610127699
|player|p1|I'M AT MY LIMIT|hilda|
|player|p2|BillyTheFlash|hiker-gen4|
|teamsize|p1|6
|teamsize|p2|6
|gametype|singles
|gen|8
|tier|[Gen 8] OU
|clearpoke
|poke|p1|Spectrier|
|poke|p1|Kartana|
|poke|p1|Tyranitar, F|
|poke|p1|Excadrill, M|
|poke|p1|Toxapex, M|
|poke|p1|Moltres|
|poke|p2|Pelipper, M|
|poke|p2|Barraskewda, M|
|poke|p2|Ferrothorn, F|
|poke|p2|Tornadus-Therian, M|
|poke|p2|Kingdra, M|
|poke|p2|Thundurus-Therian, M|
|rule|Sleep Clause Mod: Limit one foe put to sleep
|rule|Species Clause: Limit one of each Pokémon
|rule|OHKO Clause: OHKO moves are banned
|rule|Evasion Moves Clause: Evasion moves are banned
|rule|Endless Battle Clause: Forcing endless battles is banned
|rule|HP Percentage Mod: HP is shown in percentages
|rule|Dynamax Clause: You cannot dynamax
|teampreview
|inactive|Battle timer is ON: inactive players will automatically lose when time's up. (requested by I'M AT MY LIMIT)
|
|t:|1610127713
|start
|switch|p1a: Broken bitch|Kartana|100/100
|switch|p2a: Ok|Pelipper, M, shiny|100/100
|-weather|RainDance|[from] ability: Drizzle|[of] p2a: Ok
|turn|1
|
|t:|1610127728
|switch|p2a: Bababooey|Tornadus-Therian, M, shiny|100/100
|move|p1a: Broken bitch|Swords Dance|p1a: Broken bitch
|-boost|p1a: Broken bitch|atk|2
|
|-weather|RainDance|[upkeep]
|upkeep
|turn|2
|
|t:|1610127737
|switch|p1a: Brazy|Tyranitar, F|100/100
|-weather|Sandstorm|[from] ability: Sand Stream|[of] p1a: Brazy
|move|p2a: Bababooey|Knock Off|p1a: Brazy
|-resisted|p1a: Brazy
|-damage|p1a: Brazy|93/100
|-enditem|p1a: Brazy|Heavy-Duty Boots|[from] move: Knock Off|[of] p2a: Bababooey
|
|-weather|Sandstorm|[upkeep]
|-damage|p2a: Bababooey|94/100|[from] Sandstorm
|upkeep
|turn|3
|
|t:|1610127749
|switch|p2a: 8 months pregnant|Ferrothorn, F, shiny|100/100
|move|p1a: Brazy|Thunder Wave|p2a: 8 months pregnant
|-status|p2a: 8 months pregnant|par
|
|-weather|Sandstorm|[upkeep]
|upkeep
|turn|4
|j| effectvolume
|
|t:|1610127774
|switch|p1a: 💅👑💃🤰👰|Toxapex, M|100/100
|move|p2a: 8 months pregnant|Leech Seed|p1a: 💅👑💃🤰👰|[miss]
|-miss|p2a: 8 months pregnant|p1a: 💅👑💃🤰👰
|
|-weather|Sandstorm|[upkeep]
|-damage|p1a: 💅👑💃🤰👰|94/100|[from] Sandstorm
|upkeep
|turn|5
|
|t:|1610127780
|move|p1a: 💅👑💃🤰👰|Knock Off|p2a: 8 months pregnant
|-damage|p2a: 8 months pregnant|91/100 par
|-damage|p1a: 💅👑💃🤰👰|82/100|[from] ability: Iron Barbs|[of] p2a: 8 months pregnant
|-enditem|p2a: 8 months pregnant|Leftovers|[from] move: Knock Off|[of] p1a: 💅👑💃🤰👰
|cant|p2a: 8 months pregnant|par
|
|-weather|Sandstorm|[upkeep]
|-damage|p1a: 💅👑💃🤰👰|75/100|[from] Sandstorm
|upkeep
|turn|6
|
|t:|1610127789
|switch|p1a: 👙|Moltres|100/100
|switch|p2a: Bobby|Thundurus-Therian, M, shiny|100/100
|
|-weather|none
|upkeep
|turn|7
|
|t:|1610127794
|switch|p1a: Brazy|Tyranitar, F|93/100
|-weather|Sandstorm|[from] ability: Sand Stream|[of] p1a: Brazy
|move|p2a: Bobby|Thunder|p1a: Brazy|[miss]
|-miss|p2a: Bobby|p1a: Brazy
|
|-weather|Sandstorm|[upkeep]
|-damage|p2a: Bobby|94/100|[from] Sandstorm
|upkeep
|turn|8
|
|t:|1610127799
|switch|p2a: Ok|Pelipper, M, shiny|100/100
|-weather|RainDance|[from] ability: Drizzle|[of] p2a: Ok
|move|p1a: Brazy|Rock Blast|p2a: Ok
|-supereffective|p2a: Ok
|-damage|p2a: Ok|82/100
|-supereffective|p2a: Ok
|-damage|p2a: Ok|65/100
|-hitcount|p2a: Ok|2
|
|-weather|RainDance|[upkeep]
|upkeep
|turn|9
|
|t:|1610127808
|switch|p2a: British|Barraskewda, M, shiny|100/100
|switch|p1a: 💅👑💃🤰👰|Toxapex, M|100/100
|
|-weather|RainDance|[upkeep]
|upkeep
|turn|10
|
|t:|1610127817
|move|p2a: British|Flip Turn|p1a: 💅👑💃🤰👰
|-resisted|p1a: 💅👑💃🤰👰
|-damage|p1a: 💅👑💃🤰👰|76/100
|-damage|p2a: British|84/100|[from] item: Rocky Helmet|[of] p1a: 💅👑💃🤰👰
|
|t:|1610127821
|switch|p2a: 8 months pregnant|Ferrothorn, F, shiny|91/100 par|[from]move: Flip Turn
|move|p1a: 💅👑💃🤰👰|Knock Off|p2a: 8 months pregnant
|-damage|p2a: 8 months pregnant|85/100 par
|-damage|p1a: 💅👑💃🤰👰|64/100|[from] ability: Iron Barbs|[of] p2a: 8 months pregnant
|
|-weather|RainDance|[upkeep]
|upkeep
|turn|11
|
|t:|1610127830
|switch|p1a: 👙|Moltres|100/100
|move|p2a: 8 months pregnant|Leech Seed|p1a: 👙
|-start|p1a: 👙|move: Leech Seed
|
|-weather|RainDance|[upkeep]
|-damage|p1a: 👙|88/100|[from] Leech Seed|[of] p2a: 8 months pregnant
|-heal|p2a: 8 months pregnant|98/100 par|[silent]
|upkeep
|turn|12
|
|t:|1610127843
|switch|p1a: Brazy|Tyranitar, F|93/100
|-weather|Sandstorm|[from] ability: Sand Stream|[of] p1a: Brazy
|switch|p2a: HIIIIIYAAAAA|Kingdra, M, shiny|100/100
|
|-weather|Sandstorm|[upkeep]
|-damage|p2a: HIIIIIYAAAAA|94/100|[from] Sandstorm
|upkeep
|turn|13
|
|t:|1610127846
|switch|p2a: Ok|Pelipper, M, shiny|65/100
|-weather|RainDance|[from] ability: Drizzle|[of] p2a: Ok
|switch|p1a: 💅👑💃🤰👰|Toxapex, M|97/100
|
|-weather|RainDance|[upkeep]
|upkeep
|turn|14
|
|t:|1610127849
|switch|p2a: HIIIIIYAAAAA|Kingdra, M, shiny|94/100
|switch|p1a: Brazy|Tyranitar, F|93/100
|-weather|Sandstorm|[from] ability: Sand Stream|[of] p1a: Brazy
|
|-weather|Sandstorm|[upkeep]
|-damage|p2a: HIIIIIYAAAAA|88/100|[from] Sandstorm
|upkeep
|turn|15
|
|t:|1610127853
|switch|p2a: Ok|Pelipper, M, shiny|65/100
|-weather|RainDance|[from] ability: Drizzle|[of] p2a: Ok
|move|p1a: Brazy|Stealth Rock|p2a: Ok
|-sidestart|p2: BillyTheFlash|move: Stealth Rock
|
|-weather|RainDance|[upkeep]
|upkeep
|turn|16
|
|t:|1610127860
|switch|p2a: British|Barraskewda, M, shiny|84/100
|-damage|p2a: British|72/100|[from] Stealth Rock
|switch|p1a: 💅👑💃🤰👰|Toxapex, M|100/100
|
|-weather|RainDance|[upkeep]
|upkeep
|turn|17
|
|t:|1610127867
|switch|p2a: Ok|Pelipper, M, shiny|65/100
|-damage|p2a: Ok|40/100|[from] Stealth Rock
|move|p1a: 💅👑💃🤰👰|Knock Off|p2a: Ok
|-damage|p2a: Ok|29/100
|-enditem|p2a: Ok|Damp Rock|[from] move: Knock Off|[of] p1a: 💅👑💃🤰👰
|
|-weather|RainDance|[upkeep]
|upkeep
|turn|18
|
|t:|1610127874
|switch|p1a: Brazy|Tyranitar, F|93/100
|-weather|Sandstorm|[from] ability: Sand Stream|[of] p1a: Brazy
|move|p2a: Ok|Roost|p2a: Ok
|-heal|p2a: Ok|79/100
|-singleturn|p2a: Ok|move: Roost
|
|-weather|Sandstorm|[upkeep]
|-damage|p2a: Ok|73/100|[from] Sandstorm
|upkeep
|turn|19
|
|t:|1610127885
|switch|p2a: Bobby|Thundurus-Therian, M, shiny|94/100
|-damage|p2a: Bobby|70/100|[from] Stealth Rock
|move|p1a: Brazy|Rock Blast|p2a: Bobby
|-supereffective|p2a: Bobby
|-damage|p2a: Bobby|38/100
|-supereffective|p2a: Bobby
|-damage|p2a: Bobby|0 fnt
|-hitcount|p2a: Bobby|2
|faint|p2a: Bobby
|
|-weather|Sandstorm|[upkeep]
|upkeep
|
|t:|1610127891
|switch|p2a: Ok|Pelipper, M, shiny|73/100
|-damage|p2a: Ok|48/100|[from] Stealth Rock
|-weather|RainDance|[from] ability: Drizzle|[of] p2a: Ok
|turn|20
|
|t:|1610127898
|switch|p2a: HIIIIIYAAAAA|Kingdra, M, shiny|88/100
|-damage|p2a: HIIIIIYAAAAA|76/100|[from] Stealth Rock
|switch|p1a: 💅👑💃🤰👰|Toxapex, M|100/100
|
|-weather|RainDance|[upkeep]
|upkeep
|turn|21
|
|t:|1610127903
|move|p2a: HIIIIIYAAAAA|Hydro Pump|p1a: 💅👑💃🤰👰
|-resisted|p1a: 💅👑💃🤰👰
|-damage|p1a: 💅👑💃🤰👰|56/100
|move|p1a: 💅👑💃🤰👰|Knock Off|p2a: HIIIIIYAAAAA
|-damage|p2a: HIIIIIYAAAAA|57/100
|-enditem|p2a: HIIIIIYAAAAA|Choice Specs|[from] move: Knock Off|[of] p1a: 💅👑💃🤰👰
|
|-weather|RainDance|[upkeep]
|upkeep
|turn|22
|
|t:|1610127909
|switch|p1a: Brazy|Tyranitar, F|93/100
|-weather|Sandstorm|[from] ability: Sand Stream|[of] p1a: Brazy
|move|p2a: HIIIIIYAAAAA|Hydro Pump|p1a: Brazy
|-supereffective|p1a: Brazy
|-damage|p1a: Brazy|50/100
|
|-weather|Sandstorm|[upkeep]
|-damage|p2a: HIIIIIYAAAAA|51/100|[from] Sandstorm
|upkeep
|turn|23
|
|t:|1610127927
|switch|p2a: British|Barraskewda, M, shiny|72/100
|-damage|p2a: British|60/100|[from] Stealth Rock
|switch|p1a: 💅👑💃🤰👰|Toxapex, M|89/100
|
|-weather|Sandstorm|[upkeep]
|-damage|p2a: British|54/100|[from] Sandstorm
|-damage|p1a: 💅👑💃🤰👰|83/100|[from] Sandstorm
|upkeep
|turn|24
|
|t:|1610127932
|move|p2a: British|Flip Turn|p1a: 💅👑💃🤰👰
|-resisted|p1a: 💅👑💃🤰👰
|-damage|p1a: 💅👑💃🤰👰|67/100
|-damage|p2a: British|37/100|[from] item: Rocky Helmet|[of] p1a: 💅👑💃🤰👰
|
|t:|1610127943
|switch|p2a: 8 months pregnant|Ferrothorn, F, shiny|98/100 par|[from]move: Flip Turn
|-damage|p2a: 8 months pregnant|92/100 par|[from] Stealth Rock
|move|p1a: 💅👑💃🤰👰|Scald|p2a: 8 months pregnant
|-resisted|p2a: 8 months pregnant
|-damage|p2a: 8 months pregnant|84/100 par
|
|-weather|Sandstorm|[upkeep]
|-damage|p1a: 💅👑💃🤰👰|61/100|[from] Sandstorm
|upkeep
|turn|25
|
|t:|1610127949
|switch|p1a: 👙|Moltres|88/100
|move|p2a: 8 months pregnant|Spikes|p1a: 👙
|-sidestart|p1: I'M AT MY LIMIT|Spikes
|
|-weather|Sandstorm|[upkeep]
|-damage|p1a: 👙|82/100|[from] Sandstorm
|upkeep
|turn|26
|
|t:|1610127959
|move|p1a: 👙|Flamethrower|p2a: 8 months pregnant
|-supereffective|p2a: 8 months pregnant
|-damage|p2a: 8 months pregnant|0 fnt
|faint|p2a: 8 months pregnant
|
|-weather|none
|upkeep
|
|t:|1610127963
|switch|p2a: Ok|Pelipper, M, shiny|48/100
|-damage|p2a: Ok|23/100|[from] Stealth Rock
|-weather|RainDance|[from] ability: Drizzle|[of] p2a: Ok
|turn|27
|
|t:|1610127969
|switch|p1a: Brazy|Tyranitar, F|50/100
|-damage|p1a: Brazy|38/100|[from] Spikes
|-weather|Sandstorm|[from] ability: Sand Stream|[of] p1a: Brazy
|move|p2a: Ok|Scald|p1a: Brazy
|-supereffective|p1a: Brazy
|-crit|p1a: Brazy
|-damage|p1a: Brazy|2/100
|
|-weather|Sandstorm|[upkeep]
|-damage|p2a: Ok|17/100|[from] Sandstorm
|upkeep
|turn|28
|
|t:|1610127980
|switch|p2a: British|Barraskewda, M, shiny|37/100
|-damage|p2a: British|25/100|[from] Stealth Rock
|move|p1a: Brazy|Rock Blast|p2a: British
|-damage|p2a: British|5/100
|-damage|p2a: British|0 fnt
|-hitcount|p2a: British|2
|faint|p2a: British
|
|-weather|Sandstorm|[upkeep]
|upkeep
|
|t:|1610127984
|switch|p2a: Ok|Pelipper, M, shiny|17/100
|-damage|p2a: Ok|0 fnt|[from] Stealth Rock
|faint|p2a: Ok
|
|t:|1610127988
|switch|p2a: HIIIIIYAAAAA|Kingdra, M, shiny|51/100
|-damage|p2a: HIIIIIYAAAAA|38/100|[from] Stealth Rock
|turn|29
|
|t:|1610127990
|move|p2a: HIIIIIYAAAAA|Hydro Pump|p1a: Brazy|[miss]
|-miss|p2a: HIIIIIYAAAAA|p1a: Brazy
|move|p1a: Brazy|Thunder Wave|p2a: HIIIIIYAAAAA
|-status|p2a: HIIIIIYAAAAA|par
|
|-weather|Sandstorm|[upkeep]
|-damage|p2a: HIIIIIYAAAAA|32/100 par|[from] Sandstorm
|upkeep
|turn|30
|
|t:|1610127996
|move|p1a: Brazy|Stealth Rock||[still]
|-fail|p1a: Brazy
|move|p2a: HIIIIIYAAAAA|Surf|p1a: Brazy
|-supereffective|p1a: Brazy
|-damage|p1a: Brazy|0 fnt
|faint|p1a: Brazy
|
|-weather|Sandstorm|[upkeep]
|-damage|p2a: HIIIIIYAAAAA|26/100 par|[from] Sandstorm
|upkeep
|
|t:|1610128000
|switch|p1a: Deez Nutz|Excadrill, M|100/100
|-damage|p1a: Deez Nutz|88/100|[from] Spikes
|turn|31
|
|t:|1610128004
|switch|p2a: Bababooey|Tornadus-Therian, M, shiny|100/100
|move|p1a: Deez Nutz|Swords Dance|p1a: Deez Nutz
|-boost|p1a: Deez Nutz|atk|2
|
|-weather|none
|-heal|p1a: Deez Nutz|94/100|[from] item: Leftovers
|upkeep
|turn|32
|
|t:|1610128020
|move|p2a: Bababooey|Knock Off|p1a: Deez Nutz
|-damage|p1a: Deez Nutz|67/100
|-enditem|p1a: Deez Nutz|Leftovers|[from] move: Knock Off|[of] p2a: Bababooey
|move|p1a: Deez Nutz|Iron Head|p2a: Bababooey
|-damage|p2a: Bababooey|0 fnt
|faint|p2a: Bababooey
|
|upkeep
|
|t:|1610128029
|switch|p2a: HIIIIIYAAAAA|Kingdra, M, shiny|26/100 par
|-damage|p2a: HIIIIIYAAAAA|14/100 par|[from] Stealth Rock
|turn|33
|
|t:|1610128032
|move|p1a: Deez Nutz|Earthquake|p2a: HIIIIIYAAAAA
|-damage|p2a: HIIIIIYAAAAA|0 fnt
|faint|p2a: HIIIIIYAAAAA
|
|win|I'M AT MY LIMIT
|l|☆BillyTheFlash
