|j|☆Isidovliu
|j|☆GuardArc
|t:|1628554549
|gametype|singles
|player|p1|Isidovliu|170|1000
|player|p2|GuardArc|lance-gen3|1000
|teamsize|p1|6
|teamsize|p2|6
|gen|8
|tier|[Gen 8] OU
|rated|
|rule|Sleep Clause Mod: Limit one foe put to sleep
|rule|Species Clause: Limit one of each Pokémon
|rule|OHKO Clause: OHKO moves are banned
|rule|Evasion Moves Clause: Evasion moves are banned
|rule|Endless Battle Clause: Forcing endless battles is banned
|rule|HP Percentage Mod: HP is shown in percentages
|rule|Dynamax Clause: You cannot dynamax
|clearpoke
|poke|p1|Dragonite, F|
|poke|p1|Keldeo|
|poke|p1|Celesteela|
|poke|p1|Scizor, F|
|poke|p1|Garchomp, M|
|poke|p1|Rotom-Wash|
|poke|p2|Garchomp, M|
|poke|p2|Weavile, M|
|poke|p2|Tapu Koko|
|poke|p2|Ferrothorn, F|
|poke|p2|Toxapex, F|
|poke|p2|Tornadus-Therian, M|
|teampreview
|inactive|Battle timer is ON: inactive players will automatically lose when time's up. (requested by GuardArc)
|
|t:|1628554571
|start
|switch|p1a: Celesteela|Celesteela, shiny|100/100
|switch|p2a: Tapu Koko|Tapu Koko|100/100
|-fieldstart|move: Electric Terrain|[from] ability: Electric Surge|[of] p2a: Tapu Koko
|turn|1
|
|t:|1628554590
|switch|p1a: Rotom|Rotom-Wash|100/100
|move|p2a: Tapu Koko|Dazzling Gleam|p1a: Rotom
|-damage|p1a: Rotom|60/100
|
|-heal|p1a: Rotom|66/100|[from] item: Leftovers
|upkeep
|turn|2
|
|t:|1628554599
|move|p2a: Tapu Koko|Dazzling Gleam|p1a: Rotom
|-damage|p1a: Rotom|25/100
|move|p1a: Rotom|Will-O-Wisp|p2a: Tapu Koko
|-status|p2a: Tapu Koko|brn
|
|-heal|p1a: Rotom|31/100|[from] item: Leftovers
|-damage|p2a: Tapu Koko|94/100 brn|[from] brn
|upkeep
|turn|3
|
|t:|1628554609
|switch|p2a: Tornadus|Tornadus-Therian, M|100/100
|switch|p1a: Scizor|Scizor, F|100/100
|
|upkeep
|turn|4
|
|t:|1628554638
|switch|p1a: Garchomp|Garchomp, M|100/100
|move|p2a: Tornadus|Heat Wave|p1a: Garchomp
|-resisted|p1a: Garchomp
|-damage|p1a: Garchomp|90/100
|
|upkeep
|turn|5
|
|t:|1628554664
|move|p2a: Tornadus|Taunt|p1a: Garchomp
|-start|p1a: Garchomp|move: Taunt
|cant|p1a: Garchomp|move: Taunt|Stealth Rock
|
|-fieldend|move: Electric Terrain
|upkeep
|turn|6
|
|t:|1628554670
|move|p2a: Tornadus|U-turn|p1a: Garchomp
|-damage|p1a: Garchomp|79/100
|-damage|p2a: Tornadus|88/100|[from] ability: Rough Skin|[of] p1a: Garchomp
|-damage|p2a: Tornadus|71/100|[from] item: Rocky Helmet|[of] p1a: Garchomp
|inactive|GuardArc has 120 seconds left.
|
|t:|1628554692
|switch|p2a: Tapu Koko|Tapu Koko|94/100 brn|[from]move: U-turn
|-fieldstart|move: Electric Terrain|[from] ability: Electric Surge|[of] p2a: Tapu Koko
|move|p1a: Garchomp|Dragon Tail|p2a: Tapu Koko
|-immune|p2a: Tapu Koko
|
|-damage|p2a: Tapu Koko|88/100 brn|[from] brn
|upkeep
|turn|7
|
|t:|1628554711
|move|p2a: Tapu Koko|Dazzling Gleam|p1a: Garchomp
|-supereffective|p1a: Garchomp
|-damage|p1a: Garchomp|0 fnt
|faint|p1a: Garchomp
|
|-damage|p2a: Tapu Koko|82/100 brn|[from] brn
|upkeep
|inactive|Isidovliu has 120 seconds left.
|
|t:|1628554728
|switch|p1a: Scizor|Scizor, F|100/100
|turn|8
|
|t:|1628554745
|switch|p2a: Tornadus|Tornadus-Therian, M|100/100
|move|p1a: Scizor|Knock Off|p2a: Tornadus
|-damage|p2a: Tornadus|49/100
|-enditem|p2a: Tornadus|Heavy-Duty Boots|[from] move: Knock Off|[of] p1a: Scizor
|-damage|p1a: Scizor|91/100|[from] item: Life Orb
|
|upkeep
|turn|9
|
|t:|1628554756
|move|p1a: Scizor|Bullet Punch|p2a: Tornadus
|-damage|p2a: Tornadus|5/100
|-damage|p1a: Scizor|81/100|[from] item: Life Orb
|move|p2a: Tornadus|Heat Wave|p1a: Scizor
|-supereffective|p1a: Scizor
|-damage|p1a: Scizor|0 fnt
|faint|p1a: Scizor
|
|upkeep
|inactive|Isidovliu has 120 seconds left.
|
|t:|1628554773
|switch|p1a: Dragonite|Dragonite, F|100/100
|turn|10
|
|t:|1628554781
|switch|p2a: Toxapex|Toxapex, F|100/100
|move|p1a: Dragonite|Extreme Speed|p2a: Toxapex
|-damage|p2a: Toxapex|73/100
|-damage|p1a: Dragonite|84/100|[from] item: Rocky Helmet|[of] p2a: Toxapex
|
|-fieldend|move: Electric Terrain
|upkeep
|turn|11
|
|t:|1628554791
|switch|p1a: Rotom|Rotom-Wash|31/100
|move|p2a: Toxapex|Scald|p1a: Rotom
|-resisted|p1a: Rotom
|-damage|p1a: Rotom|24/100
|-status|p1a: Rotom|brn
|
|-heal|p1a: Rotom|30/100 brn|[from] item: Leftovers
|-damage|p1a: Rotom|24/100 brn|[from] brn
|upkeep
|turn|12
|
|t:|1628554805
|switch|p2a: Garchomp|Garchomp, M|100/100
|move|p1a: Rotom|Will-O-Wisp|p2a: Garchomp
|-status|p2a: Garchomp|brn
|
|-heal|p1a: Rotom|30/100 brn|[from] item: Leftovers
|-damage|p2a: Garchomp|94/100 brn|[from] brn
|-damage|p1a: Rotom|24/100 brn|[from] brn
|upkeep
|turn|13
|
|t:|1628554814
|move|p2a: Garchomp|Stealth Rock|p1a: Rotom
|-sidestart|p1: Isidovliu|move: Stealth Rock
|move|p1a: Rotom|Hydro Pump|p2a: Garchomp
|-damage|p2a: Garchomp|60/100 brn
|
|-heal|p2a: Garchomp|66/100 brn|[from] item: Leftovers
|-heal|p1a: Rotom|30/100 brn|[from] item: Leftovers
|-damage|p2a: Garchomp|60/100 brn|[from] brn
|-damage|p1a: Rotom|24/100 brn|[from] brn
|upkeep
|turn|14
|inactive|GuardArc has 120 seconds left.
|
|t:|1628554846
|switch|p2a: Tapu Koko|Tapu Koko|82/100 brn
|-fieldstart|move: Electric Terrain|[from] ability: Electric Surge|[of] p2a: Tapu Koko
|move|p1a: Rotom|Defog|p2a: Tapu Koko
|-unboost|p2a: Tapu Koko|evasion|1
|-sideend|p1: Isidovliu|Stealth Rock|[from] move: Defog|[of] p1a: Rotom
|-fieldend|move: Electric Terrain
|
|-heal|p1a: Rotom|30/100 brn|[from] item: Leftovers
|-damage|p2a: Tapu Koko|76/100 brn|[from] brn
|-damage|p1a: Rotom|24/100 brn|[from] brn
|upkeep
|turn|15
|
|t:|1628554858
|move|p2a: Tapu Koko|Volt Switch|p1a: Rotom
|-damage|p1a: Rotom|0 fnt
|faint|p1a: Rotom
|inactive|GuardArc has 120 seconds left.
|
|t:|1628554877
|switch|p2a: Toxapex|Toxapex, F|100/100|[from]move: Volt Switch
|
|upkeep
|
|t:|1628554888
|switch|p1a: Celesteela|Celesteela, shiny|100/100
|turn|16
|
|t:|1628554892
|move|p1a: Celesteela|Air Slash|p2a: Toxapex
|-damage|p2a: Toxapex|72/100
|cant|p2a: Toxapex|flinch
|
|upkeep
|turn|17
|
|t:|1628554899
|switch|p2a: Tapu Koko|Tapu Koko|76/100 brn
|-fieldstart|move: Electric Terrain|[from] ability: Electric Surge|[of] p2a: Tapu Koko
|move|p1a: Celesteela|Air Slash|p2a: Tapu Koko
|-resisted|p2a: Tapu Koko
|-damage|p2a: Tapu Koko|47/100 brn
|
|-damage|p2a: Tapu Koko|41/100 brn|[from] brn
|upkeep
|turn|18
|
|t:|1628554920
|switch|p1a: Keldeo|Keldeo|100/100
|move|p2a: Tapu Koko|Thunderbolt|p1a: Keldeo
|-supereffective|p1a: Keldeo
|-crit|p1a: Keldeo
|-damage|p1a: Keldeo|0 fnt
|faint|p1a: Keldeo
|
|-damage|p2a: Tapu Koko|35/100 brn|[from] brn
|upkeep
|
|t:|1628554928
|switch|p1a: Dragonite|Dragonite, F|84/100
|turn|19
|
|t:|1628554943
|move|p2a: Tapu Koko|Thunderbolt|p1a: Dragonite
|-damage|p1a: Dragonite|12/100
|move|p1a: Dragonite|Fire Punch|p2a: Tapu Koko
|-damage|p2a: Tapu Koko|0 fnt
|faint|p2a: Tapu Koko
|
|upkeep
|
|t:|1628554954
|switch|p2a: Weavile|Weavile, M|100/100
|-ability|p2a: Weavile|Pressure
|turn|20
|
|t:|1628554959
|move|p2a: Weavile|Knock Off|p1a: Dragonite
|-damage|p1a: Dragonite|0 fnt
|-enditem|p1a: Dragonite|Choice Band|[from] move: Knock Off|[of] p2a: Weavile
|faint|p1a: Dragonite
|
|upkeep
|
|t:|1628554964
|switch|p1a: Celesteela|Celesteela, shiny|100/100
|turn|21
|
|t:|1628554987
|switch|p2a: Ferrothorn|Ferrothorn, F|100/100
|move|p1a: Celesteela|Autotomize|p1a: Celesteela
|-boost|p1a: Celesteela|spe|2
|-start|p1a: Celesteela|Autotomize
|
|-fieldend|move: Electric Terrain
|upkeep
|turn|22
|
|t:|1628554996
|move|p1a: Celesteela|Flamethrower|p2a: Ferrothorn
|-supereffective|p2a: Ferrothorn
|-damage|p2a: Ferrothorn|27/100
|move|p2a: Ferrothorn|Leech Seed|p1a: Celesteela
|-start|p1a: Celesteela|move: Leech Seed
|
|-heal|p2a: Ferrothorn|33/100|[from] item: Leftovers
|-damage|p1a: Celesteela|88/100|[from] Leech Seed|[of] p2a: Ferrothorn
|-heal|p2a: Ferrothorn|45/100|[silent]
|upkeep
|turn|23
|
|t:|1628555023
|switch|p2a: Garchomp|Garchomp, M|60/100 brn
|move|p1a: Celesteela|Flamethrower|p2a: Garchomp
|-resisted|p2a: Garchomp
|-damage|p2a: Garchomp|46/100 brn
|
|-heal|p1a: Celesteela|94/100|[from] item: Leftovers
|-heal|p2a: Garchomp|52/100 brn|[from] item: Leftovers
|-damage|p1a: Celesteela|82/100|[from] Leech Seed|[of] p2a: Garchomp
|-heal|p2a: Garchomp|63/100 brn|[silent]
|-damage|p2a: Garchomp|57/100 brn|[from] brn
|upkeep
|turn|24
|
|t:|1628555040
|switch|p2a: Toxapex|Toxapex, F|100/100
|move|p1a: Celesteela|Air Slash|p2a: Toxapex
|-damage|p2a: Toxapex|69/100
|
|-heal|p1a: Celesteela|88/100|[from] item: Leftovers
|-damage|p1a: Celesteela|76/100|[from] Leech Seed|[of] p2a: Toxapex
|-heal|p2a: Toxapex|83/100|[silent]
|upkeep
|turn|25
|inactive|GuardArc has 120 seconds left.
|
|t:|1628555064
|move|p1a: Celesteela|Air Slash|p2a: Toxapex|[miss]
|-miss|p1a: Celesteela|p2a: Toxapex
|move|p2a: Toxapex|Haze|p2a: Toxapex
|-clearallboost
|
|-heal|p1a: Celesteela|82/100|[from] item: Leftovers
|-damage|p1a: Celesteela|70/100|[from] Leech Seed|[of] p2a: Toxapex
|-heal|p2a: Toxapex|98/100|[silent]
|upkeep
|turn|26
|-message|Isidovliu forfeited.
|
|win|GuardArc
|l|☆Isidovliu
|raw|Isidovliu's rating: 1305 &rarr; <strong>1298</strong><br />(-7 for losing)
|raw|GuardArc's rating: 1569 &rarr; <strong>1576</strong><br />(+7 for winning)
|c|☆GuardArc|gg
