|j|☆Shotintheheart
|j|☆cav cash
|t:|1662246037
|gametype|singles
|player|p1|Shotintheheart|101|1716
|player|p2|cav cash|ethan|1757
|teamsize|p1|6
|teamsize|p2|6
|gen|8
|tier|[Gen 8] OU
|rated|
|rule|Sleep Clause Mod: Limit one foe put to sleep
|rule|Species Clause: Limit one of each Pokémon
|rule|OHKO Clause: OHKO moves are banned
|rule|Evasion Items Clause: Evasion items are banned
|rule|Evasion Moves Clause: Evasion moves are banned
|rule|Endless Battle Clause: Forcing endless battles is banned
|rule|HP Percentage Mod: HP is shown in percentages
|rule|Dynamax Clause: You cannot dynamax
|clearpoke
|poke|p1|Rillaboom, F|
|poke|p1|Zapdos|
|poke|p1|Obstagoon, F|
|poke|p1|Heatran, M|
|poke|p1|Tapu Fini|
|poke|p1|Swampert, F|
|poke|p2|Kartana|
|poke|p2|Dragapult, F|
|poke|p2|Tapu Lele|
|poke|p2|Chansey, F|
|poke|p2|Garchomp, F|
|poke|p2|Ferrothorn, M|
|teampreview
|inactive|Battle timer is ON: inactive players will automatically lose when time's up. (requested by cav cash)
|j|+Dragonillis
|inactive|cav cash has 120 seconds left.
|j| BabyPigsAreLaughin
|
|t:|1662246089
|start
|switch|p1a: Zapdos|Zapdos, shiny|100/100
|switch|p2a: Tapu Lele|Tapu Lele|100/100
|-fieldstart|move: Psychic Terrain|[from] ability: Psychic Surge|[of] p2a: Tapu Lele
|turn|1
|
|t:|1662246095
|move|p2a: Tapu Lele|Focus Blast|p1a: Zapdos
|-resisted|p1a: Zapdos
|-damage|p1a: Zapdos|66/100
|move|p1a: Zapdos|Volt Switch|p2a: Tapu Lele
|-damage|p2a: Tapu Lele|71/100
|
|t:|1662246108
|switch|p1a: Tapu Fini|Tapu Fini|100/100|[from]move: Volt Switch
|-fieldstart|move: Misty Terrain|[from] ability: Misty Surge|[of] p1a: Tapu Fini
|
|upkeep
|turn|2
|
|t:|1662246117
|switch|p2a: Kartana|Kartana|100/100
|move|p1a: Tapu Fini|Calm Mind|p1a: Tapu Fini
|-boost|p1a: Tapu Fini|spa|1
|-boost|p1a: Tapu Fini|spd|1
|
|upkeep
|turn|3
|
|t:|1662246121
|switch|p1a: Zapdos|Zapdos, shiny|66/100
|move|p2a: Kartana|Leaf Blade|p1a: Zapdos
|-resisted|p1a: Zapdos
|-damage|p1a: Zapdos|33/100
|
|upkeep
|turn|4
|
|t:|1662246124
|move|p2a: Kartana|Leaf Blade|p1a: Zapdos
|-resisted|p1a: Zapdos
|-damage|p1a: Zapdos|4/100
|move|p1a: Zapdos|Roost|p1a: Zapdos
|-heal|p1a: Zapdos|54/100
|-singleturn|p1a: Zapdos|move: Roost
|
|upkeep
|turn|5
|
|t:|1662246131
|move|p2a: Kartana|Leaf Blade|p1a: Zapdos
|-resisted|p1a: Zapdos
|-damage|p1a: Zapdos|21/100
|move|p1a: Zapdos|Roost|p1a: Zapdos
|-heal|p1a: Zapdos|71/100
|-singleturn|p1a: Zapdos|move: Roost
|
|-fieldend|Misty Terrain
|upkeep
|turn|6
|j| KentoJujutsuKaisen
|
|t:|1662246141
|switch|p2a: Tapu Lele|Tapu Lele|71/100
|-fieldstart|move: Psychic Terrain|[from] ability: Psychic Surge|[of] p2a: Tapu Lele
|move|p1a: Zapdos|Hurricane|p2a: Tapu Lele
|-damage|p2a: Tapu Lele|23/100
|
|upkeep
|turn|7
|
|t:|1662246151
|switch|p1a: Heatran|Heatran, M|100/100
|move|p2a: Tapu Lele|Moonblast|p1a: Heatran
|-resisted|p1a: Heatran
|-damage|p1a: Heatran|82/100
|
|upkeep
|turn|8
|
|t:|1662246166
|switch|p2a: Garchomp|Garchomp, F|100/100
|move|p1a: Heatran|Toxic|p2a: Garchomp
|-status|p2a: Garchomp|tox
|
|-damage|p2a: Garchomp|94/100 tox|[from] psn
|upkeep
|turn|9
|inactive|cav cash has 120 seconds left.
|
|t:|1662246207
|switch|p1a: Tapu Fini|Tapu Fini|100/100
|-fieldstart|move: Misty Terrain|[from] ability: Misty Surge|[of] p1a: Tapu Fini
|move|p2a: Garchomp|Stealth Rock|p1a: Tapu Fini
|-sidestart|p1: Shotintheheart|move: Stealth Rock
|
|-heal|p2a: Garchomp|100/100 tox|[from] item: Leftovers
|-damage|p2a: Garchomp|88/100 tox|[from] psn
|upkeep
|turn|10
|
|t:|1662246221
|switch|p2a: Kartana|Kartana|100/100
|move|p1a: Tapu Fini|Calm Mind|p1a: Tapu Fini
|-boost|p1a: Tapu Fini|spa|1
|-boost|p1a: Tapu Fini|spd|1
|
|upkeep
|turn|11
|
|t:|1662246225
|switch|p1a: Zapdos|Zapdos, shiny|71/100
|move|p2a: Kartana|Leaf Blade|p1a: Zapdos
|-resisted|p1a: Zapdos
|-crit|p1a: Zapdos
|-damage|p1a: Zapdos|21/100
|
|upkeep
|turn|12
|j| golgo27
|
|t:|1662246233
|switch|p1a: Heatran|Heatran, M|82/100
|-damage|p1a: Heatran|69/100|[from] Stealth Rock
|move|p2a: Kartana|Leaf Blade|p1a: Heatran
|-resisted|p1a: Heatran
|-damage|p1a: Heatran|46/100
|
|upkeep
|turn|13
|
|t:|1662246244
|switch|p2a: Garchomp|Garchomp, F|88/100 tox
|move|p1a: Heatran|Nature Power|p2a: Garchomp
|move|p1a: Heatran|Moonblast|p2a: Garchomp|[from]move: Nature Power
|-supereffective|p2a: Garchomp
|-damage|p2a: Garchomp|22/100 tox
|
|-heal|p2a: Garchomp|29/100 tox|[from] item: Leftovers
|-damage|p2a: Garchomp|22/100 tox|[from] psn
|-fieldend|Misty Terrain
|upkeep
|turn|14
|j| Mr. Ruguieux
|
|t:|1662246255
|switch|p1a: Zapdos|Zapdos, shiny|21/100
|move|p2a: Garchomp|Earthquake|p1a: Zapdos
|-immune|p1a: Zapdos
|
|-heal|p2a: Garchomp|29/100 tox|[from] item: Leftovers
|-damage|p2a: Garchomp|16/100 tox|[from] psn
|upkeep
|turn|15
|
|t:|1662246263
|switch|p1a: Tapu Fini|Tapu Fini|100/100
|-damage|p1a: Tapu Fini|88/100|[from] Stealth Rock
|-fieldstart|move: Misty Terrain|[from] ability: Misty Surge|[of] p1a: Tapu Fini
|move|p2a: Garchomp|Earthquake|p1a: Tapu Fini
|-damage|p1a: Tapu Fini|56/100
|
|-heal|p1a: Tapu Fini|63/100|[from] item: Leftovers
|-heal|p2a: Garchomp|22/100 tox|[from] item: Leftovers
|-damage|p2a: Garchomp|4/100 tox|[from] psn
|upkeep
|turn|16
|
|t:|1662246277
|switch|p1a: Zapdos|Zapdos, shiny|21/100
|move|p2a: Garchomp|Earthquake|p1a: Zapdos
|-immune|p1a: Zapdos
|
|-heal|p2a: Garchomp|10/100 tox|[from] item: Leftovers
|-damage|p2a: Garchomp|0 fnt|[from] psn
|faint|p2a: Garchomp
|upkeep
|
|t:|1662246280
|switch|p2a: Kartana|Kartana|100/100
|turn|17
|inactive|Shotintheheart has 120 seconds left.
|
|t:|1662246312
|move|p2a: Kartana|Leaf Blade|p1a: Zapdos
|-resisted|p1a: Zapdos
|-damage|p1a: Zapdos|0 fnt
|faint|p1a: Zapdos
|-ability|p2a: Kartana|Beast Boost|boost
|-boost|p2a: Kartana|atk|1
|
|upkeep
|
|t:|1662246314
|switch|p1a: Heatran|Heatran, M|46/100
|-damage|p1a: Heatran|33/100|[from] Stealth Rock
|turn|18
|
|t:|1662246342
|move|p1a: Heatran|Earth Power|p2a: Kartana
|-damage|p2a: Kartana|0 fnt
|faint|p2a: Kartana
|
|upkeep
|
|t:|1662246347
|switch|p2a: Tapu Lele|Tapu Lele|23/100
|-fieldstart|move: Psychic Terrain|[from] ability: Psychic Surge|[of] p2a: Tapu Lele
|turn|19
|
|t:|1662246354
|switch|p2a: Chansey|Chansey, F|100/100
|move|p1a: Heatran|Earth Power|p2a: Chansey
|-damage|p2a: Chansey|92/100
|
|upkeep
|turn|20
|
|t:|1662246366
|switch|p1a: Swampert|Swampert, F|100/100
|-damage|p1a: Swampert|94/100|[from] Stealth Rock
|move|p2a: Chansey|Seismic Toss|p1a: Swampert
|-damage|p1a: Swampert|69/100
|
|-heal|p1a: Swampert|76/100|[from] item: Leftovers
|upkeep
|turn|21
|
|t:|1662246373
|move|p1a: Swampert|Stealth Rock|p2a: Chansey
|-sidestart|p2: cav cash|move: Stealth Rock
|move|p2a: Chansey|Seismic Toss|p1a: Swampert
|-damage|p1a: Swampert|51/100
|
|-heal|p1a: Swampert|57/100|[from] item: Leftovers
|upkeep
|turn|22
|
|t:|1662246382
|move|p1a: Swampert|High Horsepower|p2a: Chansey
|-damage|p2a: Chansey|69/100
|move|p2a: Chansey|Counter|p1a: Swampert
|-damage|p1a: Swampert|0 fnt
|faint|p1a: Swampert
|
|upkeep
|
|t:|1662246399
|switch|p1a: Rillaboom|Rillaboom, F|100/100
|-damage|p1a: Rillaboom|88/100|[from] Stealth Rock
|-fieldstart|move: Grassy Terrain|[from] ability: Grassy Surge|[of] p1a: Rillaboom
|turn|23
|l| KentoJujutsuKaisen
|j| KentoJujutsuKaisen
|
|t:|1662246408
|switch|p2a: Tapu Lele|Tapu Lele|23/100
|-damage|p2a: Tapu Lele|10/100|[from] Stealth Rock
|-fieldstart|move: Psychic Terrain|[from] ability: Psychic Surge|[of] p2a: Tapu Lele
|move|p1a: Rillaboom|Superpower|p2a: Tapu Lele
|-resisted|p2a: Tapu Lele
|-damage|p2a: Tapu Lele|0 fnt
|-unboost|p1a: Rillaboom|atk|1
|-unboost|p1a: Rillaboom|def|1
|faint|p2a: Tapu Lele
|
|upkeep
|
|t:|1662246434
|switch|p2a: Dragapult|Dragapult, F|100/100
|-damage|p2a: Dragapult|88/100|[from] Stealth Rock
|turn|24
|
|t:|1662246446
|switch|p1a: Heatran|Heatran, M|33/100
|-damage|p1a: Heatran|21/100|[from] Stealth Rock
|move|p2a: Dragapult|U-turn|p1a: Heatran
|-resisted|p1a: Heatran
|-damage|p1a: Heatran|17/100
|
|t:|1662246450
|switch|p2a: Chansey|Chansey, F|69/100|[from]move: U-turn
|-damage|p2a: Chansey|56/100|[from] Stealth Rock
|
|upkeep
|turn|25
|
|t:|1662246456
|move|p1a: Heatran|Toxic|p2a: Chansey|[miss]
|-miss|p1a: Heatran|p2a: Chansey
|move|p2a: Chansey|Seismic Toss|p1a: Heatran
|-damage|p1a: Heatran|0 fnt
|faint|p1a: Heatran
|
|upkeep
|
|t:|1662246464
|switch|p1a: Rillaboom|Rillaboom, F|88/100
|-damage|p1a: Rillaboom|76/100|[from] Stealth Rock
|-fieldstart|move: Grassy Terrain|[from] ability: Grassy Surge|[of] p1a: Rillaboom
|turn|26
|
|t:|1662246476
|move|p1a: Rillaboom|U-turn|p2a: Chansey
|-crit|p2a: Chansey
|-damage|p2a: Chansey|20/100
|
|t:|1662246479
|switch|p1a: Tapu Fini|Tapu Fini|63/100|[from]move: U-turn
|-damage|p1a: Tapu Fini|50/100|[from] Stealth Rock
|-fieldstart|move: Misty Terrain|[from] ability: Misty Surge|[of] p1a: Tapu Fini
|move|p2a: Chansey|Counter|p1a: Tapu Fini
|-damage|p1a: Tapu Fini|0 fnt
|faint|p1a: Tapu Fini
|
|upkeep
|
|t:|1662246487
|switch|p1a: Obstagoon|Obstagoon, F|100/100
|-damage|p1a: Obstagoon|88/100|[from] Stealth Rock
|turn|27
|
|t:|1662246495
|move|p1a: Obstagoon|Facade|p2a: Chansey
|-damage|p2a: Chansey|0 fnt
|faint|p2a: Chansey
|
|upkeep
|
|t:|1662246498
|switch|p2a: Ferrothorn|Ferrothorn, M|100/100
|-damage|p2a: Ferrothorn|94/100|[from] Stealth Rock
|turn|28
|
|t:|1662246504
|move|p1a: Obstagoon|Obstruct|p1a: Obstagoon
|-singleturn|p1a: Obstagoon|Protect
|move|p2a: Ferrothorn|Iron Defense|p2a: Ferrothorn
|-boost|p2a: Ferrothorn|def|2
|
|-heal|p2a: Ferrothorn|100/100|[from] item: Leftovers
|upkeep
|turn|29
|
|t:|1662246522
|move|p1a: Obstagoon|Obstruct||[still]
|-fail|p1a: Obstagoon
|move|p2a: Ferrothorn|Body Press|p1a: Obstagoon
|-supereffective|p1a: Obstagoon
|-damage|p1a: Obstagoon|0 fnt
|faint|p1a: Obstagoon
|
|upkeep
|
|t:|1662246524
|switch|p1a: Rillaboom|Rillaboom, F|76/100
|-damage|p1a: Rillaboom|64/100|[from] Stealth Rock
|-fieldstart|move: Grassy Terrain|[from] ability: Grassy Surge|[of] p1a: Rillaboom
|turn|30
|
|t:|1662246526
|move|p1a: Rillaboom|Superpower|p2a: Ferrothorn
|-supereffective|p2a: Ferrothorn
|-damage|p2a: Ferrothorn|59/100
|-unboost|p1a: Rillaboom|atk|1
|-unboost|p1a: Rillaboom|def|1
|-damage|p1a: Rillaboom|51/100|[from] ability: Iron Barbs|[of] p2a: Ferrothorn
|move|p2a: Ferrothorn|Body Press|p1a: Rillaboom
|-crit|p1a: Rillaboom
|-damage|p1a: Rillaboom|0 fnt
|faint|p1a: Rillaboom
|
|win|cav cash
|raw|Shotintheheart's rating: 1716 &rarr; <strong>1698</strong><br />(-18 for losing)
|raw|cav cash's rating: 1757 &rarr; <strong>1775</strong><br />(+18 for winning)
|c|☆cav cash|gg
|c|☆Shotintheheart|gg
|l|☆Shotintheheart
|l| KentoJujutsuKaisen
|l| BabyPigsAreLaughin
||Ladder isn't responding, score probably updated but might not have (Request timeout).
|l| golgo27
|l|☆cav cash
|l| Mr. Ruguieux
