|raw|<div class="broadcast-blue"><strong>This battle is required to be public due to a player having a name starting with 'LT74PF'.</div>
|j|☆lt74pf christo
|j|☆isheavydead
|t:|1599333113
|player|p1|lt74pf christo|#christothegr8|1905
|player|p2|isheavydead|101|1838
|teamsize|p1|6
|teamsize|p2|6
|gametype|singles
|gen|8
|tier|[Gen 8] OU
|rated|
|clearpoke
|poke|p1|Toxapex, M|
|poke|p1|Urshifu-*, M|
|poke|p1|Excadrill, M|
|poke|p1|Skarmory, M|
|poke|p1|Hippowdon, M|
|poke|p1|Clefable, M|
|poke|p2|Haxorus, F|
|poke|p2|Volcarona, M|
|poke|p2|Ninetales-Alola, F|
|poke|p2|Excadrill, F|
|poke|p2|Urshifu-*, F|
|poke|p2|Azumarill, F|
|rule|Sleep Clause Mod: Limit one foe put to sleep
|rule|Species Clause: Limit one of each Pokémon
|rule|OHKO Clause: OHKO moves are banned
|rule|Evasion Moves Clause: Evasion moves are banned
|rule|Endless Battle Clause: Forcing endless battles is banned
|rule|HP Percentage Mod: HP is shown in percentages
|rule|Dynamax Clause: You cannot dynamax
|teampreview
|j| LT74PF Ayk
|j| Empo
|j| lt74pf fodase
|
|t:|1599333137
|start
|switch|p1a: Excadrill|Excadrill, M|100/100
|switch|p2a: Excadrill|Excadrill, F, shiny|100/100
|-ability|p2a: Excadrill|Mold Breaker
|turn|1
|
|t:|1599333143
|switch|p1a: Skarmory|Skarmory, M|100/100
|move|p2a: Excadrill|Earthquake|p1a: Skarmory
|-immune|p1a: Skarmory
|
|upkeep
|turn|2
|j| zzs is my goddess
|j| NPC_NoBody
|
|t:|1599333159
|switch|p2a: Volcarona|Volcarona, M|100/100
|switch|p1a: Urshifu|Urshifu-Rapid-Strike, M|100/100
|
|upkeep
|turn|3
|j| LT74PF ZESTI
|
|t:|1599333165
|switch|p1a: Hippowdon|Hippowdon, M|100/100
|-weather|Sandstorm|[from] ability: Sand Stream|[of] p1a: Hippowdon
|move|p2a: Volcarona|Psychic|p1a: Hippowdon
|-damage|p1a: Hippowdon|81/100
|
|-weather|Sandstorm|[upkeep]
|-damage|p2a: Volcarona|94/100|[from] Sandstorm
|-heal|p1a: Hippowdon|88/100|[from] item: Leftovers
|upkeep
|turn|4
|
|t:|1599333168
|switch|p2a: Excadrill|Excadrill, F, shiny|100/100
|-ability|p2a: Excadrill|Mold Breaker
|move|p1a: Hippowdon|Earthquake|p2a: Excadrill
|-supereffective|p2a: Excadrill
|-enditem|p2a: Excadrill|Focus Sash
|-damage|p2a: Excadrill|1/100
|
|-weather|Sandstorm|[upkeep]
|-heal|p1a: Hippowdon|94/100|[from] item: Leftovers
|upkeep
|turn|5
|
|t:|1599333174
|move|p2a: Excadrill|Stealth Rock|p1a: Hippowdon
|-sidestart|p1: lt74pf christo|move: Stealth Rock
|move|p1a: Hippowdon|Stealth Rock|p2a: Excadrill
|-sidestart|p2: isheavydead|move: Stealth Rock
|
|-weather|Sandstorm|[upkeep]
|-heal|p1a: Hippowdon|99/100|[from] item: Leftovers
|upkeep
|turn|6
|
|t:|1599333177
|switch|p1a: Skarmory|Skarmory, M|100/100
|-damage|p1a: Skarmory|88/100|[from] Stealth Rock
|move|p2a: Excadrill|Rapid Spin|p1a: Skarmory
|-resisted|p1a: Skarmory
|-damage|p1a: Skarmory|83/100
|-boost|p2a: Excadrill|spe|1
|-damage|p2a: Excadrill|0 fnt|[from] item: Rocky Helmet|[of] p1a: Skarmory
|faint|p2a: Excadrill
|
|-weather|Sandstorm|[upkeep]
|upkeep
|
|t:|1599333178
|switch|p2a: Volcarona|Volcarona, M|94/100
|turn|7
|
|t:|1599333182
|switch|p1a: Hippowdon|Hippowdon, M|99/100
|-damage|p1a: Hippowdon|94/100|[from] Stealth Rock
|move|p2a: Volcarona|Fiery Dance|p1a: Hippowdon
|-damage|p1a: Hippowdon|66/100
|-boost|p2a: Volcarona|spa|1
|
|-weather|none
|-heal|p1a: Hippowdon|72/100|[from] item: Leftovers
|upkeep
|turn|8
|
|t:|1599333187
|move|p2a: Volcarona|Bug Buzz|p1a: Hippowdon
|-damage|p1a: Hippowdon|29/100
|move|p1a: Hippowdon|Toxic|p2a: Volcarona
|-status|p2a: Volcarona|tox
|
|-heal|p1a: Hippowdon|35/100|[from] item: Leftovers
|-damage|p2a: Volcarona|88/100 tox|[from] psn
|upkeep
|turn|9
|
|t:|1599333197
|switch|p1a: Toxapex|Toxapex, M|100/100
|-damage|p1a: Toxapex|88/100|[from] Stealth Rock
|move|p2a: Volcarona|Bug Buzz|p1a: Toxapex
|-resisted|p1a: Toxapex
|-damage|p1a: Toxapex|66/100
|
|-heal|p1a: Toxapex|72/100|[from] item: Black Sludge
|-damage|p2a: Volcarona|76/100 tox|[from] psn
|upkeep
|turn|10
|
|t:|1599333200
|move|p2a: Volcarona|Psychic|p1a: Toxapex
|-supereffective|p1a: Toxapex
|-damage|p1a: Toxapex|18/100
|move|p1a: Toxapex|Recover|p1a: Toxapex
|-heal|p1a: Toxapex|68/100
|
|-heal|p1a: Toxapex|74/100|[from] item: Black Sludge
|-damage|p2a: Volcarona|58/100 tox|[from] psn
|upkeep
|turn|11
|
|t:|1599333205
|move|p2a: Volcarona|Quiver Dance|p2a: Volcarona
|-boost|p2a: Volcarona|spa|1
|-boost|p2a: Volcarona|spd|1
|-boost|p2a: Volcarona|spe|1
|move|p1a: Toxapex|Recover|p1a: Toxapex
|-heal|p1a: Toxapex|100/100
|
|-damage|p2a: Volcarona|34/100 tox|[from] psn
|upkeep
|turn|12
|
|t:|1599333210
|move|p2a: Volcarona|Fiery Dance|p1a: Toxapex
|-resisted|p1a: Toxapex
|-damage|p1a: Toxapex|76/100
|-boost|p2a: Volcarona|spa|1
|move|p1a: Toxapex|Recover|p1a: Toxapex
|-heal|p1a: Toxapex|100/100
|
|-damage|p2a: Volcarona|3/100 tox|[from] psn
|upkeep
|turn|13
|inactive|Battle timer is ON: inactive players will automatically lose when time's up. (requested by isheavydead)
|
|t:|1599333233
|move|p2a: Volcarona|Psychic|p1a: Toxapex
|-supereffective|p1a: Toxapex
|-damage|p1a: Toxapex|8/100
|move|p1a: Toxapex|Recover|p1a: Toxapex
|-heal|p1a: Toxapex|58/100
|
|-heal|p1a: Toxapex|64/100|[from] item: Black Sludge
|-damage|p2a: Volcarona|0 fnt|[from] psn
|faint|p2a: Volcarona
|upkeep
|l| LT74PF ZESTI
|
|t:|1599333252
|switch|p2a: Haxorus|Haxorus, F, shiny|100/100
|-damage|p2a: Haxorus|88/100|[from] Stealth Rock
|-ability|p2a: Haxorus|Mold Breaker
|turn|14
|
|t:|1599333271
|switch|p1a: Skarmory|Skarmory, M|83/100
|-damage|p1a: Skarmory|71/100|[from] Stealth Rock
|move|p2a: Haxorus|Swords Dance|p2a: Haxorus
|-boost|p2a: Haxorus|atk|2
|
|upkeep
|turn|15
|
|t:|1599333274
|move|p2a: Haxorus|Close Combat|p1a: Skarmory
|-damage|p1a: Skarmory|15/100
|-unboost|p2a: Haxorus|def|1
|-unboost|p2a: Haxorus|spd|1
|-damage|p2a: Haxorus|72/100|[from] item: Rocky Helmet|[of] p1a: Skarmory
|move|p1a: Skarmory|Brave Bird|p2a: Haxorus
|-damage|p2a: Haxorus|1/100
|-damage|p1a: Skarmory|0 fnt|[from] Recoil
|faint|p1a: Skarmory
|
|upkeep
|j| Cure bball
|l| zzs is my goddess
|inactive|lt74pf christo has 120 seconds left.
|
|t:|1599333307
|switch|p1a: Hippowdon|Hippowdon, M|35/100
|-damage|p1a: Hippowdon|29/100|[from] Stealth Rock
|-weather|Sandstorm|[from] ability: Sand Stream|[of] p1a: Hippowdon
|turn|16
|j| lt74pf blood
|
|t:|1599333315
|switch|p1a: Toxapex|Toxapex, M|97/100
|-damage|p1a: Toxapex|85/100|[from] Stealth Rock
|move|p2a: Haxorus|Scale Shot|p1a: Toxapex
|-damage|p1a: Toxapex|66/100
|-damage|p1a: Toxapex|46/100
|-damage|p1a: Toxapex|24/100
|-damage|p1a: Toxapex|4/100
|-hitcount|p1a: Toxapex|4
|-unboost|p2a: Haxorus|def|1
|-boost|p2a: Haxorus|spe|1
|
|-weather|Sandstorm|[upkeep]
|-damage|p2a: Haxorus|0 fnt|[from] Sandstorm
|-damage|p1a: Toxapex|0 fnt|[from] Sandstorm
|faint|p2a: Haxorus
|faint|p1a: Toxapex
|upkeep
|
|t:|1599333328
|switch|p2a: Ninetales|Ninetales-Alola, F, shiny|100/100
|switch|p1a: Excadrill|Excadrill, M|100/100
|-damage|p1a: Excadrill|97/100|[from] Stealth Rock
|-damage|p2a: Ninetales|76/100|[from] Stealth Rock
|-weather|Hail|[from] ability: Snow Warning|[of] p2a: Ninetales
|turn|17
|
|t:|1599333332
|switch|p2a: Urshifu|Urshifu, F|100/100
|-damage|p2a: Urshifu|94/100|[from] Stealth Rock
|switch|p1a: Hippowdon|Hippowdon, M|29/100
|-damage|p1a: Hippowdon|23/100|[from] Stealth Rock
|-weather|Sandstorm|[from] ability: Sand Stream|[of] p1a: Hippowdon
|
|-weather|Sandstorm|[upkeep]
|-damage|p2a: Urshifu|88/100|[from] Sandstorm
|-heal|p1a: Hippowdon|29/100|[from] item: Leftovers
|upkeep
|turn|18
|
|t:|1599333349
|move|p2a: Urshifu|Wicked Blow|p1a: Hippowdon
|-crit|p1a: Hippowdon
|-damage|p1a: Hippowdon|0 fnt
|faint|p1a: Hippowdon
|
|-weather|Sandstorm|[upkeep]
|-damage|p2a: Urshifu|82/100|[from] Sandstorm
|upkeep
|
|t:|1599333351
|switch|p1a: Clefable|Clefable, M|100/100
|turn|19
|
|t:|1599333357
|switch|p2a: Ninetales|Ninetales-Alola, F, shiny|76/100
|-damage|p2a: Ninetales|51/100|[from] Stealth Rock
|-weather|Hail|[from] ability: Snow Warning|[of] p2a: Ninetales
|move|p1a: Clefable|Calm Mind|p1a: Clefable
|-boost|p1a: Clefable|spa|1
|-boost|p1a: Clefable|spd|1
|
|-weather|Hail|[upkeep]
|upkeep
|turn|20
|
|t:|1599333361
|move|p2a: Ninetales|Encore|p1a: Clefable
|-start|p1a: Clefable|Encore
|move|p1a: Clefable|Calm Mind|p1a: Clefable
|-boost|p1a: Clefable|spa|1
|-boost|p1a: Clefable|spd|1
|
|-weather|Hail|[upkeep]
|upkeep
|turn|21
|
|t:|1599333364
|switch|p1a: Excadrill|Excadrill, M|97/100
|-damage|p1a: Excadrill|94/100|[from] Stealth Rock
|move|p2a: Ninetales|Aurora Veil|p2a: Ninetales
|-sidestart|p2: isheavydead|move: Aurora Veil
|
|-weather|Hail|[upkeep]
|-damage|p1a: Excadrill|88/100|[from] Hail
|-heal|p1a: Excadrill|94/100|[from] item: Leftovers
|upkeep
|turn|22
|
|t:|1599333367
|switch|p2a: Urshifu|Urshifu, F|82/100
|-damage|p2a: Urshifu|76/100|[from] Stealth Rock
|move|p1a: Excadrill|Rapid Spin|p2a: Urshifu
|-damage|p2a: Urshifu|68/100
|-boost|p1a: Excadrill|spe|1
|-sideend|p1: lt74pf christo|Stealth Rock|[from] move: Rapid Spin|[of] p1a: Excadrill
|
|-weather|Hail|[upkeep]
|-damage|p1a: Excadrill|88/100|[from] Hail
|-damage|p2a: Urshifu|62/100|[from] Hail
|-heal|p1a: Excadrill|94/100|[from] item: Leftovers
|upkeep
|turn|23
|
|t:|1599333376
|move|p1a: Excadrill|Iron Head|p2a: Urshifu
|-damage|p2a: Urshifu|42/100
|move|p2a: Urshifu|Drain Punch|p1a: Excadrill
|-supereffective|p1a: Excadrill
|-damage|p1a: Excadrill|0 fnt
|-heal|p2a: Urshifu|92/100|[from] drain|[of] p1a: Excadrill
|faint|p1a: Excadrill
|
|-weather|none
|upkeep
|
|t:|1599333381
|switch|p1a: Clefable|Clefable, M|100/100
|turn|24
|
|t:|1599333385
|switch|p2a: Ninetales|Ninetales-Alola, F, shiny|51/100
|-damage|p2a: Ninetales|26/100|[from] Stealth Rock
|-weather|Hail|[from] ability: Snow Warning|[of] p2a: Ninetales
|move|p1a: Clefable|Moonblast|p2a: Ninetales
|-damage|p2a: Ninetales|7/100
|-unboost|p2a: Ninetales|spa|1
|
|-weather|Hail|[upkeep]
|upkeep
|turn|25
|
|t:|1599333396
|move|p2a: Ninetales|Encore|p1a: Clefable
|-start|p1a: Clefable|Encore
|move|p1a: Clefable|Moonblast|p2a: Ninetales
|-damage|p2a: Ninetales|0 fnt
|faint|p2a: Ninetales
|
|-weather|Hail|[upkeep]
|upkeep
|
|t:|1599333398
|switch|p2a: Azumarill|Azumarill, F|100/100
|-damage|p2a: Azumarill|88/100|[from] Stealth Rock
|turn|26
|
|t:|1599333407
|move|p2a: Azumarill|Belly Drum|p2a: Azumarill
|-damage|p2a: Azumarill|38/100
|-setboost|p2a: Azumarill|atk|6|[from] move: Belly Drum
|-enditem|p2a: Azumarill|Sitrus Berry|[eat]
|-heal|p2a: Azumarill|63/100|[from] item: Sitrus Berry
|move|p1a: Clefable|Moonblast|p2a: Azumarill
|-damage|p2a: Azumarill|37/100
|
|-weather|Hail|[upkeep]
|-damage|p2a: Azumarill|31/100|[from] Hail
|upkeep
|turn|27
|
|t:|1599333416
|move|p2a: Azumarill|Play Rough|p1a: Clefable
|-damage|p1a: Clefable|0 fnt
|faint|p1a: Clefable
|
|-weather|Hail|[upkeep]
|-damage|p2a: Azumarill|25/100|[from] Hail
|upkeep
|j| melanz maloya
|
|t:|1599333418
|switch|p1a: Urshifu|Urshifu-Rapid-Strike, M|100/100
|turn|28
|
|t:|1599333423
|move|p2a: Azumarill|Aqua Jet|p1a: Urshifu
|-resisted|p1a: Urshifu
|-damage|p1a: Urshifu|52/100
|move|p1a: Urshifu|Close Combat|p2a: Azumarill
|-resisted|p2a: Azumarill
|-damage|p2a: Azumarill|0 fnt
|-unboost|p1a: Urshifu|def|1
|-unboost|p1a: Urshifu|spd|1
|faint|p2a: Azumarill
|
|-weather|none
|-sideend|p2: isheavydead|move: Aurora Veil
|upkeep
|
|t:|1599333432
|switch|p2a: Urshifu|Urshifu, F|92/100
|-damage|p2a: Urshifu|86/100|[from] Stealth Rock
|turn|29
|
|t:|1599333434
|move|p2a: Urshifu|Drain Punch|p1a: Urshifu
|-damage|p1a: Urshifu|0 fnt
|-heal|p2a: Urshifu|100/100|[from] drain|[of] p1a: Urshifu
|faint|p1a: Urshifu
|
|win|isheavydead
|c|☆isheavydead|gg
|l|☆lt74pf christo
|l| Empo
|j| LT74PF effortless
|l| lt74pf fodase
|l| LT74PF effortless
|raw|lt74pf christo's rating: 1915 &rarr; <strong>1891</strong><br />(-24 for losing)
|raw|isheavydead's rating: 1838 &rarr; <strong>1862</strong><br />(+24 for winning)
