|j|☆Swagataka
|j|☆Sww-Suwa
|inactive|Battle timer is ON: inactive players will automatically lose when time's up.
|t:|1658522720
|gametype|singles
|player|p1|Swagataka|byron|
|player|p2|Sww-Suwa|lisia|
|teamsize|p1|6
|teamsize|p2|6
|gen|8
|tier|[Gen 8] OU
|rated|Tournament battle
|rule|Sleep Clause Mod: Limit one foe put to sleep
|rule|Species Clause: Limit one of each Pokémon
|rule|OHKO Clause: OHKO moves are banned
|rule|Evasion Moves Clause: Evasion moves are banned
|rule|Endless Battle Clause: Forcing endless battles is banned
|rule|HP Percentage Mod: HP is shown in percentages
|rule|Dynamax Clause: You cannot dynamax
|clearpoke
|poke|p1|Blastoise, M|
|poke|p1|Regigigas|
|poke|p1|Galvantula, M|
|poke|p1|Gyarados, F|
|poke|p1|Volcanion|
|poke|p1|Regirock|
|poke|p2|Registeel|
|poke|p2|Mew|
|poke|p2|Ninetales-Alola, F|
|poke|p2|Victini|
|poke|p2|Garchomp, F|
|poke|p2|Tornadus-Therian, M|
|teampreview
|j|%ian_yo
|c|☆Sww-Suwa|hf
|j| El Hueco Mundo
|j|%htcl (>◡<)
|c| El Hueco Mundo|oh shit gigas
|c| El Hueco Mundo|lmao
|
|t:|1658522745
|start
|switch|p1a: Steppenwolf|Regirock|100/100
|switch|p2a: Mew|Mew|100/100
|-weather|RainDance|[from] ability: Drizzle|[of] p2a: Mew
|-weather|Sandstorm|[from] ability: Sand Stream|[of] p1a: Steppenwolf
|turn|1
|c| El Hueco Mundo|I didn't think about that damn
|c|☆Swagataka|me neither
|c|☆Swagataka|someone in lobby mentioned it
|j| Lacksatives
|
|t:|1658522761
|move|p2a: Mew|Stealth Rock|p1a: Steppenwolf
|-sidestart|p1: Swagataka|move: Stealth Rock
|move|p1a: Steppenwolf|Stone Edge|p2a: Mew
|-damage|p2a: Mew|64/100
|
|-weather|Sandstorm|[upkeep]
|-damage|p2a: Mew|58/100|[from] Sandstorm
|upkeep
|turn|2
|
|t:|1658522767
|switch|p1a: Helloween|Galvantula, M|100/100
|-damage|p1a: Helloween|76/100|[from] Stealth Rock
|-weather|RainDance|[from] ability: Drizzle|[of] p1a: Helloween
|move|p2a: Mew|Spikes|p1a: Helloween
|-sidestart|p1: Swagataka|Spikes
|
|-weather|RainDance|[upkeep]
|upkeep
|turn|3
|c|%htcl (>◡<)|gigas kinda mid
|c|%ian_yo|twas me
|
|t:|1658522774
|move|p1a: Helloween|Sticky Web|p2a: Mew
|-sidestart|p2: Sww-Suwa|move: Sticky Web
|move|p2a: Mew|Explosion|p1a: Helloween
|-damage|p1a: Helloween|0 fnt
|faint|p2a: Mew
|faint|p1a: Helloween
|
|-weather|RainDance|[upkeep]
|upkeep
|c|%htcl (>◡<)|cant even abuse weather
|c|%htcl (>◡<)|very well
|j| cogonahorse
|c| El Hueco Mundo|does it not get elemental punches
|
|t:|1658522787
|switch|p1a: Iron Maiden|Regigigas|100/100
|switch|p2a: Garchomp|Garchomp, F|100/100
|-activate|p2a: Garchomp|move: Sticky Web
|-unboost|p2a: Garchomp|spe|1
|-weather|Sandstorm|[from] ability: Sand Stream|[of] p2a: Garchomp
|-damage|p1a: Iron Maiden|88/100|[from] Stealth Rock
|-damage|p1a: Iron Maiden|76/100|[from] Spikes
|-weather|RainDance|[from] ability: Drizzle|[of] p1a: Iron Maiden
|turn|4
|
|t:|1658522793
|move|p1a: Iron Maiden|Power-Up Punch|p2a: Garchomp
|-damage|p2a: Garchomp|83/100
|-boost|p1a: Iron Maiden|atk|1
|move|p2a: Garchomp|Scale Shot|p1a: Iron Maiden
|-damage|p1a: Iron Maiden|64/100
|-damage|p1a: Iron Maiden|52/100
|-hitcount|p1a: Iron Maiden|2
|-unboost|p2a: Garchomp|def|1
|-boost|p2a: Garchomp|spe|1
|
|-weather|RainDance|[upkeep]
|upkeep
|turn|5
|
|t:|1658522798
|move|p2a: Garchomp|Earthquake|p1a: Iron Maiden
|-damage|p1a: Iron Maiden|9/100
|move|p1a: Iron Maiden|Ice Punch|p2a: Garchomp
|-supereffective|p2a: Garchomp
|-damage|p2a: Garchomp|0 fnt
|faint|p2a: Garchomp
|
|-weather|RainDance|[upkeep]
|upkeep
|
|t:|1658522801
|switch|p2a: Tornadus|Tornadus-Therian, M|100/100
|turn|6
|
|t:|1658522807
|switch|p1a: Steppenwolf|Regirock|100/100
|-damage|p1a: Steppenwolf|88/100|[from] Stealth Rock
|-damage|p1a: Steppenwolf|76/100|[from] Spikes
|-weather|Sandstorm|[from] ability: Sand Stream|[of] p1a: Steppenwolf
|move|p2a: Tornadus|Weather Ball|p1a: Steppenwolf
|-damage|p1a: Steppenwolf|57/100
|
|-weather|Sandstorm|[upkeep]
|-damage|p2a: Tornadus|94/100|[from] Sandstorm
|upkeep
|turn|7
|c| Lacksatives|You coulda used any scarfer and you still chose alolatales
|
|t:|1658522820
|switch|p2a: Victini|Victini|100/100
|-activate|p2a: Victini|move: Sticky Web
|-unboost|p2a: Victini|spe|1
|-weather|SunnyDay|[from] ability: Drought|[of] p2a: Victini
|switch|p1a: Boston|Volcanion|100/100
|-damage|p1a: Boston|76/100|[from] Stealth Rock
|-damage|p1a: Boston|63/100|[from] Spikes
|-weather|RainDance|[from] ability: Drizzle|[of] p1a: Boston
|
|-weather|RainDance|[upkeep]
|upkeep
|turn|8
|c|☆Sww-Suwa|LMFAO
|c|☆Sww-Suwa|what can i tel you
|
|t:|1658522837
|move|p2a: Victini|Bolt Strike|p1a: Boston
|-supereffective|p1a: Boston
|-damage|p1a: Boston|4/100
|move|p1a: Boston|Steam Eruption|p2a: Victini
|-supereffective|p2a: Victini
|-damage|p2a: Victini|0 fnt
|faint|p2a: Victini
|
|-weather|RainDance|[upkeep]
|upkeep
|
|t:|1658522848
|switch|p2a: Tornadus|Tornadus-Therian, M|94/100
|turn|9
|
|t:|1658522852
|move|p2a: Tornadus|Weather Ball|p1a: Boston
|-damage|p1a: Boston|0 fnt
|faint|p1a: Boston
|
|-weather|RainDance|[upkeep]
|upkeep
|
|t:|1658522861
|switch|p1a: Steppenwolf|Regirock|57/100
|-damage|p1a: Steppenwolf|44/100|[from] Stealth Rock
|-damage|p1a: Steppenwolf|32/100|[from] Spikes
|-weather|Sandstorm|[from] ability: Sand Stream|[of] p1a: Steppenwolf
|turn|10
|c|☆Sww-Suwa|i got scared for a second there
|
|t:|1658522868
|switch|p2a: DUA LIPA|Registeel, shiny|100/100
|-activate|p2a: DUA LIPA|move: Sticky Web
|-unboost|p2a: DUA LIPA|spe|1
|-weather|RainDance|[from] ability: Drizzle|[of] p2a: DUA LIPA
|move|p1a: Steppenwolf|Stone Edge|p2a: DUA LIPA
|-resisted|p2a: DUA LIPA
|-damage|p2a: DUA LIPA|88/100
|
|-weather|RainDance|[upkeep]
|-heal|p2a: DUA LIPA|94/100|[from] item: Leftovers
|upkeep
|turn|11
|
|t:|1658522873
|switch|p1a: Iron Maiden|Regigigas|9/100
|-damage|p1a: Iron Maiden|0 fnt|[from] Stealth Rock
|faint|p1a: Iron Maiden
|move|p2a: DUA LIPA|Iron Defense|p2a: DUA LIPA
|-boost|p2a: DUA LIPA|def|2
|
|-weather|RainDance|[upkeep]
|-heal|p2a: DUA LIPA|99/100|[from] item: Leftovers
|upkeep
|
|t:|1658522880
|switch|p1a: Asia|Gyarados, F|100/100
|-damage|p1a: Asia|76/100|[from] Stealth Rock
|turn|12
|j| Kia reliable?
|c|☆Swagataka|wtf is this set
|c|☆Sww-Suwa|this is DUA LIPA
|j| edfvgbhnjmkl
|c|☆Swagataka|wahts the comand
|c|☆Swagataka|i forgot
|c|☆Swagataka|!showset 4
|c| Swagataka|/raw <div class="infobox">Asia (Gyarados) @ Life Orb  <br />Ability: Drizzle  <br />EVs: 168 Atk &#x2f; 108 SpA &#x2f; 232 Spe  <br />Lonely Nature  <br />- Dragon Dance  <br />- Waterfall  <br />- Flamethrower  <br />- Earthquake  <br /><br /></div>
|c|☆Sww-Suwa|lmfao
|c|%htcl (>◡<)|flamethrower...
|
|t:|1658522906
|move|p1a: Asia|Dragon Dance|p1a: Asia
|-boost|p1a: Asia|atk|1
|-boost|p1a: Asia|spe|1
|move|p2a: DUA LIPA|Amnesia|p2a: DUA LIPA
|-boost|p2a: DUA LIPA|spd|2
|
|-weather|RainDance|[upkeep]
|-heal|p2a: DUA LIPA|100/100|[from] item: Leftovers
|upkeep
|turn|13
|c|☆Sww-Suwa|drizzle glame
|c|%htcl (>◡<)|on a drizzle set
|j| kayflockupnext
|
|t:|1658522910
|move|p1a: Asia|Dragon Dance|p1a: Asia
|-boost|p1a: Asia|atk|1
|-boost|p1a: Asia|spe|1
|move|p2a: DUA LIPA|Iron Defense|p2a: DUA LIPA
|-boost|p2a: DUA LIPA|def|2
|
|-weather|RainDance|[upkeep]
|upkeep
|turn|14
|c|%htcl (>◡<)|what
|
|t:|1658522913
|move|p1a: Asia|Dragon Dance|p1a: Asia
|-boost|p1a: Asia|atk|1
|-boost|p1a: Asia|spe|1
|move|p2a: DUA LIPA|Iron Defense|p2a: DUA LIPA
|-boost|p2a: DUA LIPA|def|2
|
|-weather|none
|upkeep
|turn|15
|c| Kia reliable?|how is it drizzle
|c|%htcl (>◡<)|literally 3 moves
|l| kayflockupnext
|
|t:|1658522918
|move|p1a: Asia|Earthquake|p2a: DUA LIPA
|-supereffective|p2a: DUA LIPA
|-damage|p2a: DUA LIPA|71/100
|-damage|p1a: Asia|66/100|[from] item: Life Orb
|move|p2a: DUA LIPA|Body Press|p1a: Asia
|-resisted|p1a: Asia
|-damage|p1a: Asia|0 fnt
|faint|p1a: Asia
|
|-heal|p2a: DUA LIPA|77/100|[from] item: Leftovers
|upkeep
|c|☆Swagataka|CRIt
|c|☆Swagataka|wtf
|c|☆Sww-Suwa|DUA LIPA brrrrrrr
|
|t:|1658522928
|switch|p1a: Whitesnake|Blastoise, M|100/100
|-damage|p1a: Whitesnake|88/100|[from] Stealth Rock
|-damage|p1a: Whitesnake|76/100|[from] Spikes
|-weather|RainDance|[from] ability: Drizzle|[of] p1a: Whitesnake
|turn|16
|
|t:|1658522931
|move|p1a: Whitesnake|Hydro Pump|p2a: DUA LIPA
|-damage|p2a: DUA LIPA|56/100
|move|p2a: DUA LIPA|Body Press|p1a: Whitesnake
|-damage|p1a: Whitesnake|0 fnt
|faint|p1a: Whitesnake
|
|-weather|RainDance|[upkeep]
|-heal|p2a: DUA LIPA|62/100|[from] item: Leftovers
|upkeep
|
|t:|1658522936
|switch|p1a: Steppenwolf|Regirock|32/100
|-damage|p1a: Steppenwolf|19/100|[from] Stealth Rock
|-damage|p1a: Steppenwolf|7/100|[from] Spikes
|-weather|Sandstorm|[from] ability: Sand Stream|[of] p1a: Steppenwolf
|turn|17
|
|t:|1658522938
|move|p1a: Steppenwolf|Earthquake|p2a: DUA LIPA
|-supereffective|p2a: DUA LIPA
|-damage|p2a: DUA LIPA|54/100
|move|p2a: DUA LIPA|Body Press|p1a: Steppenwolf
|-supereffective|p1a: Steppenwolf
|-damage|p1a: Steppenwolf|0 fnt
|faint|p1a: Steppenwolf
|
|win|Sww-Suwa
|n|☆Swagataka|swagataka
|n|☆Sww-Suwa|swwsuwa
|n| ian_yo|ianyo
|n| El Hueco Mundo|elhuecomundo
|n| htcl (>◡<)|htcl
|n| Lacksatives|lacksatives
|n| cogonahorse|cogonahorse
|n| Kia reliable?|kiareliable
|n| edfvgbhnjmkl|edfvgbhnjmkl
|c|☆Sww-Suwa|gg
|c| Lacksatives|Disappearance
|l|☆Swagataka
|l| edfvgbhnjmkl
