|raw|<div class="broadcast-blue"><strong>This battle is required to be public due to a player having a name starting with 'btlt200'.</div>
|j|☆BTLT200$ SF'
|j|☆bizarman
|t:|1668172965
|gametype|singles
|player|p1|BTLT200$ SF'|palmer|
|player|p2|bizarman|scientist-gen4|
|teamsize|p1|6
|teamsize|p2|6
|gen|8
|tier|[Gen 8] OU
|rule|Sleep Clause Mod: Limit one foe put to sleep
|rule|Species Clause: Limit one of each Pokémon
|rule|OHKO Clause: OHKO moves are banned
|rule|Evasion Items Clause: Evasion items are banned
|rule|Evasion Moves Clause: Evasion moves are banned
|rule|Endless Battle Clause: Forcing endless battles is banned
|rule|HP Percentage Mod: HP is shown in percentages
|rule|Dynamax Clause: You cannot dynamax
|clearpoke
|poke|p1|Slowbro-Galar, F|
|poke|p1|Copperajah, F|
|poke|p1|Weezing-Galar, M|
|poke|p1|Zarude-Dada|
|poke|p1|Runerigus, F|
|poke|p1|Arctovish|
|poke|p2|Grimmsnarl, M|
|poke|p2|Flapple, F|
|poke|p2|Polteageist|
|poke|p2|Toxtricity, M|
|poke|p2|Centiskorch, M|
|poke|p2|Zarude|
|teampreview
|inactive|Battle timer is ON: inactive players will automatically lose when time's up. (requested by BTLT200$ SF')
|c|☆bizarman|glhf
|
|t:|1668172972
|start
|switch|p1a: Runerigus|Runerigus, F|100/100
|switch|p2a: Polteageist|Polteageist|100/100
|turn|1
|
|t:|1668172988
|switch|p1a: Zarude|Zarude-Dada|100/100
|move|p2a: Polteageist|Shell Smash|p2a: Polteageist
|-unboost|p2a: Polteageist|def|1
|-unboost|p2a: Polteageist|spd|1
|-boost|p2a: Polteageist|atk|2
|-boost|p2a: Polteageist|spa|2
|-boost|p2a: Polteageist|spe|2
|
|upkeep
|turn|2
|
|t:|1668172995
|switch|p2a: Centiskorch|Centiskorch, M|100/100
|move|p1a: Zarude|Darkest Lariat|p2a: Centiskorch
|-damage|p2a: Centiskorch|43/100
|
|upkeep
|turn|3
|
|t:|1668173003
|switch|p2a: Grimmsnarl|Grimmsnarl, M|100/100
|move|p1a: Zarude|Darkest Lariat|p2a: Grimmsnarl
|-resisted|p2a: Grimmsnarl
|-damage|p2a: Grimmsnarl|88/100
|
|upkeep
|turn|4
|
|t:|1668173012
|switch|p1a: Copperajah|Copperajah, F|100/100
|move|p2a: Grimmsnarl|Reflect|p2a: Grimmsnarl
|-sidestart|p2: bizarman|Reflect
|
|upkeep
|turn|5
|
|t:|1668173023
|move|p2a: Grimmsnarl|Taunt|p1a: Copperajah
|-start|p1a: Copperajah|move: Taunt
|move|p1a: Copperajah|Earthquake|p2a: Grimmsnarl
|-damage|p2a: Grimmsnarl|66/100
|
|upkeep
|turn|6
|
|t:|1668173034
|switch|p2a: Centiskorch|Centiskorch, M|43/100
|move|p1a: Copperajah|Heavy Slam|p2a: Centiskorch
|-resisted|p2a: Centiskorch
|-damage|p2a: Centiskorch|18/100
|
|upkeep
|turn|7
|
|t:|1668173043
|switch|p1a: Slowbro|Slowbro-Galar, F|100/100
|move|p2a: Centiskorch|Fire Lash|p1a: Slowbro
|-damage|p1a: Slowbro|75/100
|-unboost|p1a: Slowbro|def|1
|-damage|p2a: Centiskorch|1/100|[from] item: Rocky Helmet|[of] p1a: Slowbro
|
|upkeep
|turn|8
|
|t:|1668173052
|move|p2a: Centiskorch|Knock Off|p1a: Slowbro
|-supereffective|p1a: Slowbro
|-damage|p1a: Slowbro|19/100
|-damage|p2a: Centiskorch|0 fnt|[from] item: Rocky Helmet|[of] p1a: Slowbro
|faint|p2a: Centiskorch
|move|p1a: Slowbro|Slack Off|p1a: Slowbro
|-heal|p1a: Slowbro|69/100
|
|upkeep
|
|t:|1668173071
|switch|p2a: Zarude|Zarude|100/100
|turn|9
|
|t:|1668173075
|switch|p1a: Weezing|Weezing-Galar, M|100/100
|move|p2a: Zarude|Darkest Lariat|p1a: Weezing
|-resisted|p1a: Weezing
|-damage|p1a: Weezing|88/100
|-damage|p2a: Zarude|84/100|[from] item: Rocky Helmet|[of] p1a: Weezing
|
|-heal|p2a: Zarude|90/100|[from] item: Leftovers
|upkeep
|turn|10
|
|t:|1668173095
|switch|p2a: Toxtricity|Toxtricity, M|100/100
|move|p1a: Weezing|Sludge Bomb|p2a: Toxtricity
|-resisted|p2a: Toxtricity
|-damage|p2a: Toxtricity|81/100
|
|upkeep
|turn|11
|
|t:|1668173101
|switch|p1a: Runerigus|Runerigus, F|100/100
|move|p2a: Toxtricity|Shift Gear|p2a: Toxtricity
|-boost|p2a: Toxtricity|spe|2
|-boost|p2a: Toxtricity|atk|1
|
|-sideend|p2: bizarman|Reflect
|upkeep
|turn|12
|
|t:|1668173113
|switch|p2a: Zarude|Zarude|90/100
|move|p1a: Runerigus|Poltergeist|p2a: Zarude
|-activate|p2a: Zarude|move: Poltergeist|Leftovers
|-resisted|p2a: Zarude
|-damage|p2a: Zarude|74/100
|
|-heal|p2a: Zarude|80/100|[from] item: Leftovers
|upkeep
|turn|13
|
|t:|1668173122
|switch|p1a: Weezing|Weezing-Galar, M|88/100
|move|p2a: Zarude|Bulk Up|p2a: Zarude
|-boost|p2a: Zarude|atk|1
|-boost|p2a: Zarude|def|1
|
|-heal|p2a: Zarude|86/100|[from] item: Leftovers
|upkeep
|turn|14
|j| AxCypher
|inactive|bizarman has 270 seconds left.
|
|t:|1668173154
|switch|p2a: Polteageist|Polteageist|100/100
|move|p1a: Weezing|Sludge Bomb|p2a: Polteageist
|-resisted|p2a: Polteageist
|-damage|p2a: Polteageist|85/100
|
|upkeep
|turn|15
|
|t:|1668173162
|switch|p1a: Zarude|Zarude-Dada|100/100
|move|p2a: Polteageist|Shadow Ball|p1a: Zarude
|-resisted|p1a: Zarude
|-damage|p1a: Zarude|76/100
|
|upkeep
|turn|16
|
|t:|1668173171
|switch|p2a: Grimmsnarl|Grimmsnarl, M|66/100
|move|p1a: Zarude|Jungle Healing|p1a: Zarude
|-heal|p1a: Zarude|100/100
|
|upkeep
|turn|17
|
|t:|1668173178
|switch|p1a: Slowbro|Slowbro-Galar, F|100/100
|move|p2a: Grimmsnarl|Reflect|p2a: Grimmsnarl
|-sidestart|p2: bizarman|Reflect
|
|upkeep
|turn|18
|
|t:|1668173183
|move|p2a: Grimmsnarl|Light Screen|p2a: Grimmsnarl
|-sidestart|p2: bizarman|move: Light Screen
|move|p1a: Slowbro|Sludge Bomb|p2a: Grimmsnarl
|-supereffective|p2a: Grimmsnarl
|-damage|p2a: Grimmsnarl|34/100
|
|upkeep
|turn|19
|
|t:|1668173194
|switch|p2a: Polteageist|Polteageist|85/100
|move|p1a: Slowbro|Sludge Bomb|p2a: Polteageist
|-resisted|p2a: Polteageist
|-damage|p2a: Polteageist|76/100
|
|upkeep
|turn|20
|
|t:|1668173206
|switch|p2a: Flapple|Flapple, F|100/100
|switch|p1a: Zarude|Zarude-Dada|100/100
|
|upkeep
|turn|21
|
|t:|1668173213
|switch|p1a: Weezing|Weezing-Galar, M|88/100
|move|p2a: Flapple|Dragon Dance|p2a: Flapple
|-boost|p2a: Flapple|atk|1
|-boost|p2a: Flapple|spe|1
|
|upkeep
|turn|22
|
|t:|1668173221
|move|p2a: Flapple|Grav Apple|p1a: Weezing
|-resisted|p1a: Weezing
|-damage|p1a: Weezing|49/100
|-unboost|p1a: Weezing|def|1
|-damage|p2a: Flapple|91/100|[from] item: Life Orb
|move|p1a: Weezing|Will-O-Wisp|p2a: Flapple
|-status|p2a: Flapple|brn
|
|-damage|p2a: Flapple|84/100 brn|[from] brn
|upkeep
|turn|23
|
|t:|1668173241
|switch|p1a: Slowbro|Slowbro-Galar, F|100/100
|move|p2a: Flapple|Dragon Dance|p2a: Flapple
|-boost|p2a: Flapple|atk|1
|-boost|p2a: Flapple|spe|1
|
|-damage|p2a: Flapple|78/100 brn|[from] brn
|upkeep
|turn|24
|
|t:|1668173249
|move|p2a: Flapple|Outrage|p1a: Slowbro
|-damage|p1a: Slowbro|27/100
|-damage|p2a: Flapple|62/100 brn|[from] item: Rocky Helmet|[of] p1a: Slowbro
|-damage|p2a: Flapple|52/100 brn|[from] item: Life Orb
|move|p1a: Slowbro|Sludge Bomb|p2a: Flapple
|-supereffective|p2a: Flapple
|-damage|p2a: Flapple|0 fnt
|faint|p2a: Flapple
|
|-sideend|p2: bizarman|Reflect
|upkeep
|
|t:|1668173265
|switch|p2a: Polteageist|Polteageist|76/100
|turn|25
|
|t:|1668173269
|switch|p1a: Zarude|Zarude-Dada|100/100
|move|p2a: Polteageist|Shadow Ball|p1a: Zarude
|-resisted|p1a: Zarude
|-damage|p1a: Zarude|77/100
|
|-sideend|p2: bizarman|move: Light Screen
|upkeep
|turn|26
|
|t:|1668173277
|switch|p2a: Grimmsnarl|Grimmsnarl, M|34/100
|move|p1a: Zarude|Darkest Lariat|p2a: Grimmsnarl
|-resisted|p2a: Grimmsnarl
|-damage|p2a: Grimmsnarl|21/100
|
|upkeep
|turn|27
|
|t:|1668173284
|switch|p1a: Slowbro|Slowbro-Galar, F|60/100
|move|p2a: Grimmsnarl|Reflect|p2a: Grimmsnarl
|-sidestart|p2: bizarman|Reflect
|
|upkeep
|turn|28
|
|t:|1668173290
|move|p2a: Grimmsnarl|Taunt|p1a: Slowbro
|-start|p1a: Slowbro|move: Taunt
|move|p1a: Slowbro|Sludge Bomb|p2a: Grimmsnarl
|-supereffective|p2a: Grimmsnarl
|-damage|p2a: Grimmsnarl|0 fnt
|faint|p2a: Grimmsnarl
|
|upkeep
|c|☆bizarman|gg
|c|☆BTLT200$ SF'|gg
|c|☆bizarman|cette teamm est catastrophique XD
|-message|bizarman forfeited.
|
|win|BTLT200$ SF'
|l|☆bizarman
