|raw|<div class="broadcast-blue"><strong>This battle is required to be public due to a player having a name starting with 'lt83aq'.</div>
|j|☆rigmortus
|j|☆LT83AQ Sago
|t:|1626698330
|gametype|singles
|player|p1|rigmortus|lucas|1695
|player|p2|LT83AQ Sago|flannery|1977
|teamsize|p1|6
|teamsize|p2|6
|gen|8
|tier|[Gen 8] OU
|rated|
|rule|Sleep Clause Mod: Limit one foe put to sleep
|rule|Species Clause: Limit one of each Pokémon
|rule|OHKO Clause: OHKO moves are banned
|rule|Evasion Moves Clause: Evasion moves are banned
|rule|Endless Battle Clause: Forcing endless battles is banned
|rule|HP Percentage Mod: HP is shown in percentages
|rule|Dynamax Clause: You cannot dynamax
|clearpoke
|poke|p1|Victini|
|poke|p1|Ferrothorn, F|
|poke|p1|Tornadus-Therian, M|
|poke|p1|Landorus-Therian, M|
|poke|p1|Zeraora|
|poke|p1|Tapu Fini|
|poke|p2|Slowking-Galar, M|
|poke|p2|Weavile, F|
|poke|p2|Landorus-Therian, M|
|poke|p2|Toxapex, M|
|poke|p2|Tapu Fini|
|poke|p2|Corviknight, M|
|teampreview
|j| Flex OKLM
|inactive|Battle timer is ON: inactive players will automatically lose when time's up. (requested by rigmortus)
|j| lt83aq leo
|j| Harshal~08
|
|t:|1626698360
|start
|switch|p1a: Landorus|Landorus-Therian, M|100/100
|switch|p2a: no space|Landorus-Therian, M|100/100
|-ability|p1a: Landorus|Intimidate|boost
|-unboost|p2a: no space|atk|1
|-ability|p2a: no space|Intimidate|boost
|-unboost|p1a: Landorus|atk|1
|turn|1
|
|t:|1626698370
|switch|p2a: the reaper|Corviknight, M|100/100
|-ability|p2a: the reaper|Pressure
|move|p1a: Landorus|Toxic|p2a: the reaper
|-immune|p2a: the reaper
|
|upkeep
|turn|2
|
|t:|1626698376
|switch|p1a: Tornadus|Tornadus-Therian, M|100/100
|move|p2a: the reaper|Body Press|p1a: Tornadus
|-resisted|p1a: Tornadus
|-damage|p1a: Tornadus|87/100
|
|upkeep
|turn|3
|j| Blanko
|
|t:|1626698382
|switch|p2a: just friends|Toxapex, M|100/100
|move|p1a: Tornadus|Knock Off|p2a: just friends
|-damage|p2a: just friends|84/100
|-damage|p1a: Tornadus|70/100|[from] item: Rocky Helmet|[of] p2a: just friends
|-enditem|p2a: just friends|Rocky Helmet|[from] move: Knock Off|[of] p1a: Tornadus
|
|upkeep
|turn|4
|j| LT83AQ V95
|
|t:|1626698394
|switch|p1a: Ferrothorn|Ferrothorn, F|100/100
|move|p2a: just friends|Knock Off|p1a: Ferrothorn
|-damage|p1a: Ferrothorn|89/100
|-damage|p2a: just friends|71/100|[from] ability: Iron Barbs|[of] p1a: Ferrothorn
|-enditem|p1a: Ferrothorn|Leftovers|[from] move: Knock Off|[of] p2a: just friends
|
|upkeep
|turn|5
|
|t:|1626698401
|move|p2a: just friends|Scald|p1a: Ferrothorn
|-resisted|p1a: Ferrothorn
|-damage|p1a: Ferrothorn|84/100
|move|p1a: Ferrothorn|Stealth Rock|p2a: just friends
|-sidestart|p2: LT83AQ Sago|move: Stealth Rock
|
|upkeep
|turn|6
|
|t:|1626698404
|move|p2a: just friends|Scald|p1a: Ferrothorn
|-resisted|p1a: Ferrothorn
|-damage|p1a: Ferrothorn|79/100
|move|p1a: Ferrothorn|Leech Seed|p2a: just friends
|-start|p2a: just friends|move: Leech Seed
|
|-damage|p2a: just friends|59/100|[from] Leech Seed|[of] p1a: Ferrothorn
|-heal|p1a: Ferrothorn|89/100|[silent]
|upkeep
|turn|7
|
|t:|1626698410
|switch|p1a: Tapu Fini|Tapu Fini|100/100
|-fieldstart|move: Misty Terrain|[from] ability: Misty Surge|[of] p1a: Tapu Fini
|move|p2a: just friends|Recover|p2a: just friends
|-heal|p2a: just friends|100/100
|
|-damage|p2a: just friends|88/100|[from] Leech Seed|[of] p1a: Tapu Fini
|upkeep
|turn|8
|
|t:|1626698419
|switch|p1a: Ferrothorn|Ferrothorn, F|89/100
|switch|p2a: 2 soon|Slowking-Galar, M|100/100
|-damage|p2a: 2 soon|88/100|[from] Stealth Rock
|
|upkeep
|turn|9
|
|t:|1626698426
|switch|p1a: Victini|Victini|100/100
|move|p2a: 2 soon|Flamethrower|p1a: Victini
|-resisted|p1a: Victini
|-damage|p1a: Victini|88/100
|
|upkeep
|turn|10
|
|t:|1626698434
|switch|p2a: just friends|Toxapex, M|100/100
|-damage|p2a: just friends|88/100|[from] Stealth Rock
|move|p1a: Victini|V-create|p2a: just friends
|-resisted|p2a: just friends
|-damage|p2a: just friends|57/100
|-unboost|p1a: Victini|spe|1
|-unboost|p1a: Victini|def|1
|-unboost|p1a: Victini|spd|1
|
|upkeep
|turn|11
|
|t:|1626698442
|switch|p2a: no space|Landorus-Therian, M|100/100
|-damage|p2a: no space|88/100|[from] Stealth Rock
|-ability|p2a: no space|Intimidate|boost
|-unboost|p1a: Victini|atk|1
|move|p1a: Victini|U-turn|p2a: no space
|-resisted|p2a: no space
|-damage|p2a: no space|81/100
|
|t:|1626698450
|switch|p1a: Tornadus|Tornadus-Therian, M|100/100|[from]move: U-turn
|
|-heal|p2a: no space|87/100|[from] item: Leftovers
|-fieldend|Misty Terrain
|upkeep
|turn|12
|
|t:|1626698454
|switch|p2a: just friends|Toxapex, M|91/100
|-damage|p2a: just friends|78/100|[from] Stealth Rock
|move|p1a: Tornadus|Taunt|p2a: just friends
|-start|p2a: just friends|move: Taunt
|
|upkeep
|turn|13
|
|t:|1626698458
|move|p1a: Tornadus|Hurricane|p2a: just friends
|-damage|p2a: just friends|53/100
|move|p2a: just friends|Knock Off|p1a: Tornadus
|-damage|p1a: Tornadus|83/100
|-enditem|p1a: Tornadus|Heavy-Duty Boots|[from] move: Knock Off|[of] p2a: just friends
|
|upkeep
|turn|14
|
|t:|1626698465
|switch|p2a: 2 soon|Slowking-Galar, M|100/100
|-damage|p2a: 2 soon|88/100|[from] Stealth Rock
|move|p1a: Tornadus|Knock Off|p2a: 2 soon
|-supereffective|p2a: 2 soon
|-damage|p2a: 2 soon|43/100
|-enditem|p2a: 2 soon|Assault Vest|[from] move: Knock Off|[of] p1a: Tornadus
|
|upkeep
|turn|15
|
|t:|1626698472
|move|p1a: Tornadus|Knock Off|p2a: 2 soon
|-supereffective|p2a: 2 soon
|-damage|p2a: 2 soon|13/100
|move|p2a: 2 soon|Future Sight|p1a: Tornadus
|-start|p2a: 2 soon|move: Future Sight
|
|upkeep
|turn|16
|
|t:|1626698481
|switch|p2a: just friends|Toxapex, M|87/100
|-damage|p2a: just friends|74/100|[from] Stealth Rock
|move|p1a: Tornadus|U-turn|p2a: just friends
|-resisted|p2a: just friends
|-damage|p2a: just friends|69/100
|
|t:|1626698487
|switch|p1a: Landorus|Landorus-Therian, M|100/100|[from]move: U-turn
|-ability|p1a: Landorus|Intimidate|boost
|-unboost|p2a: just friends|atk|1
|
|upkeep
|turn|17
|
|t:|1626698494
|switch|p2a: the reaper|Corviknight, M|100/100
|-damage|p2a: the reaper|88/100|[from] Stealth Rock
|-ability|p2a: the reaper|Pressure
|move|p1a: Landorus|U-turn|p2a: the reaper
|-resisted|p2a: the reaper
|-damage|p2a: the reaper|85/100
|
|t:|1626698500
|switch|p1a: Tornadus|Tornadus-Therian, M|100/100|[from]move: U-turn
|
|-end|p1a: Tornadus|move: Future Sight
|-damage|p1a: Tornadus|46/100
|-heal|p2a: the reaper|91/100|[from] item: Leftovers
|upkeep
|turn|18
|
|t:|1626698505
|switch|p2a: just friends|Toxapex, M|100/100
|-damage|p2a: just friends|88/100|[from] Stealth Rock
|move|p1a: Tornadus|Taunt|p2a: just friends
|-start|p2a: just friends|move: Taunt
|
|upkeep
|turn|19
|
|t:|1626698511
|move|p1a: Tornadus|U-turn|p2a: just friends
|-resisted|p2a: just friends
|-damage|p2a: just friends|83/100
|
|t:|1626698513
|switch|p1a: Ferrothorn|Ferrothorn, F|89/100|[from]move: U-turn
|move|p2a: just friends|Scald|p1a: Ferrothorn
|-resisted|p1a: Ferrothorn
|-damage|p1a: Ferrothorn|84/100
|
|upkeep
|turn|20
|
|t:|1626698518
|move|p2a: just friends|Scald|p1a: Ferrothorn
|-resisted|p1a: Ferrothorn
|-damage|p1a: Ferrothorn|79/100
|move|p1a: Ferrothorn|Leech Seed|p2a: just friends
|-start|p2a: just friends|move: Leech Seed
|
|-damage|p2a: just friends|70/100|[from] Leech Seed|[of] p1a: Ferrothorn
|-heal|p1a: Ferrothorn|89/100|[silent]
|-end|p2a: just friends|move: Taunt
|upkeep
|turn|21
|j| LT83AQ Rin
|
|t:|1626698525
|switch|p2a: the reaper|Corviknight, M|91/100
|-damage|p2a: the reaper|79/100|[from] Stealth Rock
|-ability|p2a: the reaper|Pressure
|switch|p1a: Tornadus|Tornadus-Therian, M|80/100
|
|-heal|p2a: the reaper|85/100|[from] item: Leftovers
|upkeep
|turn|22
|
|t:|1626698530
|switch|p2a: just friends|Toxapex, M|100/100
|-damage|p2a: just friends|88/100|[from] Stealth Rock
|move|p1a: Tornadus|Knock Off|p2a: just friends
|-damage|p2a: just friends|77/100
|
|upkeep
|turn|23
|
|t:|1626698536
|move|p1a: Tornadus|Hurricane|p2a: just friends
|-damage|p2a: just friends|51/100
|move|p2a: just friends|Scald|p1a: Tornadus
|-damage|p1a: Tornadus|62/100
|
|upkeep
|turn|24
|
|t:|1626698540
|move|p1a: Tornadus|Taunt|p2a: just friends
|-start|p2a: just friends|move: Taunt
|move|p2a: just friends|Scald|p1a: Tornadus
|-damage|p1a: Tornadus|46/100
|
|upkeep
|turn|25
|
|t:|1626698542
|move|p1a: Tornadus|Hurricane|p2a: just friends
|-damage|p2a: just friends|25/100
|move|p2a: just friends|Scald|p1a: Tornadus
|-damage|p1a: Tornadus|30/100
|-status|p1a: Tornadus|brn
|
|-damage|p1a: Tornadus|23/100 brn|[from] brn
|upkeep
|turn|26
|
|t:|1626698548
|switch|p2a: the reaper|Corviknight, M|85/100
|-damage|p2a: the reaper|73/100|[from] Stealth Rock
|-ability|p2a: the reaper|Pressure
|move|p1a: Tornadus|U-turn|p2a: the reaper
|-resisted|p2a: the reaper
|-damage|p2a: the reaper|72/100
|
|t:|1626698551
|switch|p1a: Victini|Victini|88/100|[from]move: U-turn
|
|-heal|p2a: the reaper|78/100|[from] item: Leftovers
|upkeep
|turn|27
|
|t:|1626698556
|switch|p2a: just friends|Toxapex, M|59/100
|-damage|p2a: just friends|46/100|[from] Stealth Rock
|move|p1a: Victini|V-create|p2a: just friends
|-resisted|p2a: just friends
|-damage|p2a: just friends|14/100
|-unboost|p1a: Victini|spe|1
|-unboost|p1a: Victini|def|1
|-unboost|p1a: Victini|spd|1
|
|upkeep
|turn|28
|
|t:|1626698562
|switch|p2a: no space|Landorus-Therian, M|87/100
|-damage|p2a: no space|75/100|[from] Stealth Rock
|-ability|p2a: no space|Intimidate|boost
|-unboost|p1a: Victini|atk|1
|move|p1a: Victini|V-create|p2a: no space
|-damage|p2a: no space|21/100
|-unboost|p1a: Victini|spe|1
|-unboost|p1a: Victini|def|1
|-unboost|p1a: Victini|spd|1
|
|-heal|p2a: no space|27/100|[from] item: Leftovers
|upkeep
|turn|29
|
|t:|1626698571
|switch|p1a: Landorus|Landorus-Therian, M|100/100
|-ability|p1a: Landorus|Intimidate|boost
|-unboost|p2a: no space|atk|1
|move|p2a: no space|Stealth Rock|p1a: Landorus
|-sidestart|p1: rigmortus|move: Stealth Rock
|
|-heal|p2a: no space|33/100|[from] item: Leftovers
|upkeep
|turn|30
|
|t:|1626698577
|move|p1a: Landorus|Toxic|p2a: no space
|-status|p2a: no space|tox
|move|p2a: no space|U-turn|p1a: Landorus
|-resisted|p1a: Landorus
|-damage|p1a: Landorus|95/100
|
|t:|1626698579
|switch|p2a: Yotsuba|Weavile, F|100/100|[from]move: U-turn
|-ability|p2a: Yotsuba|Pressure
|
|-heal|p1a: Landorus|100/100|[from] item: Leftovers
|upkeep
|turn|31
|
|t:|1626698584
|switch|p1a: Ferrothorn|Ferrothorn, F|89/100
|-damage|p1a: Ferrothorn|83/100|[from] Stealth Rock
|move|p2a: Yotsuba|Knock Off|p1a: Ferrothorn
|-damage|p1a: Ferrothorn|61/100
|-damage|p2a: Yotsuba|88/100|[from] ability: Iron Barbs|[of] p1a: Ferrothorn
|
|upkeep
|turn|32
|j| TalonSFlames
|
|t:|1626698593
|switch|p2a: 2 soon|Slowking-Galar, M|46/100
|-damage|p2a: 2 soon|34/100|[from] Stealth Rock
|move|p1a: Ferrothorn|Power Whip|p2a: 2 soon|[miss]
|-miss|p1a: Ferrothorn|p2a: 2 soon
|
|upkeep
|turn|33
|
|t:|1626698599
|switch|p1a: Landorus|Landorus-Therian, M|100/100
|-damage|p1a: Landorus|88/100|[from] Stealth Rock
|-ability|p1a: Landorus|Intimidate|boost
|-unboost|p2a: 2 soon|atk|1
|move|p2a: 2 soon|Ice Beam|p1a: Landorus
|-supereffective|p1a: Landorus
|-damage|p1a: Landorus|0 fnt
|faint|p1a: Landorus
|
|upkeep
|
|t:|1626698602
|switch|p1a: Victini|Victini|88/100
|turn|34
|
|t:|1626698620
|switch|p2a: just friends|Toxapex, M|47/100
|-damage|p2a: just friends|34/100|[from] Stealth Rock
|move|p1a: Victini|V-create|p2a: just friends
|-resisted|p2a: just friends
|-damage|p2a: just friends|4/100
|-unboost|p1a: Victini|spe|1
|-unboost|p1a: Victini|def|1
|-unboost|p1a: Victini|spd|1
|
|upkeep
|turn|35
|
|t:|1626698630
|move|p1a: Victini|V-create|p2a: just friends
|-resisted|p2a: just friends
|-damage|p2a: just friends|0 fnt
|-unboost|p1a: Victini|spe|1
|-unboost|p1a: Victini|def|1
|-unboost|p1a: Victini|spd|1
|faint|p2a: just friends
|
|upkeep
|
|t:|1626698631
|switch|p2a: Yotsuba|Weavile, F|88/100
|-ability|p2a: Yotsuba|Pressure
|turn|36
|
|t:|1626698636
|switch|p1a: Tapu Fini|Tapu Fini|100/100
|-damage|p1a: Tapu Fini|88/100|[from] Stealth Rock
|-fieldstart|move: Misty Terrain|[from] ability: Misty Surge|[of] p1a: Tapu Fini
|move|p2a: Yotsuba|Knock Off|p1a: Tapu Fini
|-resisted|p1a: Tapu Fini
|-damage|p1a: Tapu Fini|69/100
|-enditem|p1a: Tapu Fini|Leftovers|[from] move: Knock Off|[of] p2a: Yotsuba
|
|upkeep
|turn|37
|
|t:|1626698645
|switch|p2a: 2 soon|Slowking-Galar, M|67/100
|-damage|p2a: 2 soon|55/100|[from] Stealth Rock
|switch|p1a: Victini|Victini|88/100
|
|upkeep
|turn|38
|l| LT83AQ V95
|
|t:|1626698658
|switch|p2a: no space|Landorus-Therian, M|33/100 tox
|-damage|p2a: no space|21/100 tox|[from] Stealth Rock
|-ability|p2a: no space|Intimidate|boost
|-unboost|p1a: Victini|atk|1
|move|p1a: Victini|Bolt Strike|p2a: no space
|-immune|p2a: no space
|
|-heal|p2a: no space|27/100 tox|[from] item: Leftovers
|-damage|p2a: no space|21/100 tox|[from] psn
|upkeep
|turn|39
|
|t:|1626698662
|switch|p2a: Itsuki|Tapu Fini|100/100
|-damage|p2a: Itsuki|88/100|[from] Stealth Rock
|move|p1a: Victini|V-create|p2a: Itsuki
|-resisted|p2a: Itsuki
|-damage|p2a: Itsuki|70/100
|-unboost|p1a: Victini|spe|1
|-unboost|p1a: Victini|def|1
|-unboost|p1a: Victini|spd|1
|
|-heal|p2a: Itsuki|77/100|[from] item: Leftovers
|upkeep
|turn|40
|j| Duplo Seed
|j| LT83AQM
|
|t:|1626698669
|switch|p2a: 2 soon|Slowking-Galar, M|88/100
|-damage|p2a: 2 soon|75/100|[from] Stealth Rock
|switch|p1a: Ferrothorn|Ferrothorn, F|61/100
|-damage|p1a: Ferrothorn|55/100|[from] Stealth Rock
|
|-fieldend|Misty Terrain
|upkeep
|turn|41
|l| LT83AQM
|
|t:|1626698679
|switch|p1a: Tornadus|Tornadus-Therian, M|57/100 brn
|-damage|p1a: Tornadus|32/100 brn|[from] Stealth Rock
|move|p2a: 2 soon|Future Sight|p1a: Tornadus
|-start|p2a: 2 soon|move: Future Sight
|
|-damage|p1a: Tornadus|26/100 brn|[from] brn
|upkeep
|turn|42
|
|t:|1626698684
|move|p1a: Tornadus|Knock Off|p2a: 2 soon
|-supereffective|p2a: 2 soon
|-damage|p2a: 2 soon|60/100
|move|p2a: 2 soon|Sludge Bomb|p1a: Tornadus
|-damage|p1a: Tornadus|0 fnt
|faint|p1a: Tornadus
|
|upkeep
|
|t:|1626698688
|switch|p1a: Victini|Victini|88/100
|turn|43
|j| pupb0icarti
|j| moamomoamoa
|
|t:|1626698696
|switch|p2a: no space|Landorus-Therian, M|21/100 tox
|-damage|p2a: no space|9/100 tox|[from] Stealth Rock
|-ability|p2a: no space|Intimidate|boost
|-unboost|p1a: Victini|atk|1
|move|p1a: Victini|V-create|p2a: no space
|-damage|p2a: no space|0 fnt
|-unboost|p1a: Victini|spe|1
|-unboost|p1a: Victini|def|1
|-unboost|p1a: Victini|spd|1
|faint|p2a: no space
|
|-end|p1a: Victini|move: Future Sight
|-resisted|p1a: Victini
|-damage|p1a: Victini|48/100
|upkeep
|
|t:|1626698697
|switch|p2a: Yotsuba|Weavile, F|88/100
|-ability|p2a: Yotsuba|Pressure
|turn|44
|
|t:|1626698703
|switch|p1a: Tapu Fini|Tapu Fini|69/100
|-damage|p1a: Tapu Fini|56/100|[from] Stealth Rock
|-fieldstart|move: Misty Terrain|[from] ability: Misty Surge|[of] p1a: Tapu Fini
|move|p2a: Yotsuba|Triple Axel|p1a: Tapu Fini
|-resisted|p1a: Tapu Fini
|-damage|p1a: Tapu Fini|53/100
|-resisted|p1a: Tapu Fini
|-damage|p1a: Tapu Fini|45/100
|-hitcount|p1a: Tapu Fini|2
|
|upkeep
|turn|45
|
|t:|1626698712
|switch|p2a: 2 soon|Slowking-Galar, M|93/100
|-damage|p2a: 2 soon|81/100|[from] Stealth Rock
|move|p1a: Tapu Fini|Moonblast|p2a: 2 soon
|-resisted|p2a: 2 soon
|-damage|p2a: 2 soon|71/100
|-unboost|p2a: 2 soon|spa|1
|
|upkeep
|turn|46
|
|t:|1626698717
|switch|p1a: Victini|Victini|48/100
|switch|p2a: Yotsuba|Weavile, F|88/100
|-ability|p2a: Yotsuba|Pressure
|
|upkeep
|turn|47
|
|t:|1626698730
|switch|p1a: Ferrothorn|Ferrothorn, F|55/100
|-damage|p1a: Ferrothorn|49/100|[from] Stealth Rock
|move|p2a: Yotsuba|Knock Off|p1a: Ferrothorn
|-damage|p1a: Ferrothorn|24/100
|-damage|p2a: Yotsuba|76/100|[from] ability: Iron Barbs|[of] p1a: Ferrothorn
|
|upkeep
|turn|48
|j| MangoStyle
|j| LT83AQ zr
|j| LT83AQ Ryuji
|j| LT83AQ V95
|
|t:|1626698741
|move|p2a: Yotsuba|Triple Axel|p1a: Ferrothorn|[miss]
|-miss|p2a: Yotsuba|p1a: Ferrothorn
|move|p1a: Ferrothorn|Power Whip|p2a: Yotsuba
|-damage|p2a: Yotsuba|9/100
|
|-fieldend|Misty Terrain
|upkeep
|turn|49
|
|t:|1626698748
|switch|p2a: 2 soon|Slowking-Galar, M|100/100
|-damage|p2a: 2 soon|88/100|[from] Stealth Rock
|move|p1a: Ferrothorn|Leech Seed|p2a: 2 soon
|-start|p2a: 2 soon|move: Leech Seed
|
|-damage|p2a: 2 soon|76/100|[from] Leech Seed|[of] p1a: Ferrothorn
|-heal|p1a: Ferrothorn|37/100|[silent]
|upkeep
|turn|50
|
|t:|1626698757
|switch|p1a: Tapu Fini|Tapu Fini|45/100
|-damage|p1a: Tapu Fini|32/100|[from] Stealth Rock
|-fieldstart|move: Misty Terrain|[from] ability: Misty Surge|[of] p1a: Tapu Fini
|move|p2a: 2 soon|Flamethrower|p1a: Tapu Fini
|-resisted|p1a: Tapu Fini
|-damage|p1a: Tapu Fini|23/100
|
|-damage|p2a: 2 soon|63/100|[from] Leech Seed|[of] p1a: Tapu Fini
|-heal|p1a: Tapu Fini|37/100|[silent]
|upkeep
|turn|51
|j| AloneVR
|
|t:|1626698765
|move|p1a: Tapu Fini|Nature's Madness|p2a: 2 soon
|-damage|p2a: 2 soon|32/100
|move|p2a: 2 soon|Sludge Bomb|p1a: Tapu Fini
|-supereffective|p1a: Tapu Fini
|-damage|p1a: Tapu Fini|0 fnt
|faint|p1a: Tapu Fini
|
|upkeep
|
|t:|1626698770
|switch|p1a: Victini|Victini|48/100
|turn|52
|
|t:|1626698774
|switch|p2a: the reaper|Corviknight, M|78/100
|-damage|p2a: the reaper|65/100|[from] Stealth Rock
|-ability|p2a: the reaper|Pressure
|move|p1a: Victini|Bolt Strike|p2a: the reaper
|-supereffective|p2a: the reaper
|-damage|p2a: the reaper|20/100
|
|-heal|p2a: the reaper|26/100|[from] item: Leftovers
|upkeep
|turn|53
|
|t:|1626698782
|move|p1a: Victini|Bolt Strike|p2a: the reaper
|-supereffective|p2a: the reaper
|-damage|p2a: the reaper|0 fnt
|faint|p2a: the reaper
|
|upkeep
|
|t:|1626698783
|switch|p2a: Yotsuba|Weavile, F|9/100
|-ability|p2a: Yotsuba|Pressure
|turn|54
|
|t:|1626698791
|switch|p1a: Ferrothorn|Ferrothorn, F|37/100
|-damage|p1a: Ferrothorn|31/100|[from] Stealth Rock
|move|p2a: Yotsuba|Ice Shard|p1a: Ferrothorn
|-damage|p1a: Ferrothorn|16/100
|
|-fieldend|Misty Terrain
|upkeep
|turn|55
|j| rudolphmcorganetto
|
|t:|1626698798
|switch|p2a: 2 soon|Slowking-Galar, M|65/100
|-damage|p2a: 2 soon|53/100|[from] Stealth Rock
|move|p1a: Ferrothorn|Knock Off|p2a: 2 soon
|-supereffective|p2a: 2 soon
|-damage|p2a: 2 soon|22/100
|
|upkeep
|turn|56
|
|t:|1626698804
|move|p2a: 2 soon|Flamethrower|p1a: Ferrothorn
|-supereffective|p1a: Ferrothorn
|-damage|p1a: Ferrothorn|0 fnt
|faint|p1a: Ferrothorn
|
|upkeep
|
|t:|1626698806
|switch|p1a: Zeraora|Zeraora|100/100
|turn|57
|
|t:|1626698810
|switch|p2a: Itsuki|Tapu Fini|77/100
|-damage|p2a: Itsuki|64/100|[from] Stealth Rock
|-fieldstart|move: Misty Terrain|[from] ability: Misty Surge|[of] p2a: Itsuki
|move|p1a: Zeraora|Plasma Fists|p2a: Itsuki
|-supereffective|p2a: Itsuki
|-damage|p2a: Itsuki|0 fnt
|faint|p2a: Itsuki
|
|upkeep
|
|t:|1626698813
|switch|p2a: 2 soon|Slowking-Galar, M|56/100
|-damage|p2a: 2 soon|43/100|[from] Stealth Rock
|turn|58
|
|t:|1626698819
|move|p1a: Zeraora|Plasma Fists|p2a: 2 soon
|-damage|p2a: 2 soon|0 fnt
|faint|p2a: 2 soon
|
|upkeep
|-message|LT83AQ Sago forfeited.
|
|win|rigmortus
|raw|rigmortus's rating: 1695 &rarr; <strong>1728</strong><br />(+33 for winning)
|raw|LT83AQ Sago's rating: 1977 &rarr; <strong>1944</strong><br />(-33 for losing)
|l|☆LT83AQ Sago
|j| bs ct tx
|l| Duplo Seed
|l| Harshal~08
|n| LT83AQ Kibo|rudolphmcorganetto
|l| moamomoamoa
|l| TalonSFlames
|j| OUTK Down$hift
|l|☆rigmortus
|l| Blanko
|l| LT83AQ Ryuji
|j|☆LT83AQ Sago
|player|p2|LT83AQ Sago|flannery
|l| AloneVR
|l|☆LT83AQ Sago
|player|p2|
|j| rhv
|l| rhv
