|j|☆not mb
|j|☆House Fancy
|t:|1632185788
|gametype|singles
|player|p1|not mb|#splxiclassiest|1768
|player|p2|House Fancy|1|1791
|teamsize|p1|6
|teamsize|p2|6
|gen|8
|tier|[Gen 8] OU
|rated|
|rule|Sleep Clause Mod: Limit one foe put to sleep
|rule|Species Clause: Limit one of each Pokémon
|rule|OHKO Clause: OHKO moves are banned
|rule|Evasion Moves Clause: Evasion moves are banned
|rule|Endless Battle Clause: Forcing endless battles is banned
|rule|HP Percentage Mod: HP is shown in percentages
|rule|Dynamax Clause: You cannot dynamax
|clearpoke
|poke|p1|Dragapult, M|
|poke|p1|Heatran, M|
|poke|p1|Tapu Fini|
|poke|p1|Corviknight, M|
|poke|p1|Landorus-Therian, M|
|poke|p1|Nidoking, M|
|poke|p2|Garchomp, M|
|poke|p2|Melmetal|
|poke|p2|Tornadus-Therian, M|
|poke|p2|Slowking-Galar, M|
|poke|p2|Tapu Lele|
|poke|p2|Zarude|
|teampreview
|inactive|Battle timer is ON: inactive players will automatically lose when time's up. (requested by House Fancy)
|j| RealThighsRealize
|j| Terry B bestdlc
|inactive|not mb has 120 seconds left.
|j| vepp
|
|t:|1632185847
|start
|switch|p1a: Corviknight|Corviknight, M|100/100
|switch|p2a: Tornadus|Tornadus-Therian, M|100/100
|-ability|p1a: Corviknight|Pressure
|turn|1
|
|t:|1632185851
|move|p2a: Tornadus|Knock Off|p1a: Corviknight
|-damage|p1a: Corviknight|86/100
|-enditem|p1a: Corviknight|Leftovers|[from] move: Knock Off|[of] p2a: Tornadus
|move|p1a: Corviknight|Brave Bird|p2a: Tornadus
|-damage|p2a: Tornadus|63/100
|-damage|p1a: Corviknight|74/100|[from] Recoil
|
|upkeep
|turn|2
|
|t:|1632185861
|move|p2a: Tornadus|Heat Wave|p1a: Corviknight
|-supereffective|p1a: Corviknight
|-damage|p1a: Corviknight|38/100
|-status|p1a: Corviknight|brn
|move|p1a: Corviknight|Roost|p1a: Corviknight
|-heal|p1a: Corviknight|88/100 brn
|-singleturn|p1a: Corviknight|move: Roost
|
|-damage|p1a: Corviknight|82/100 brn|[from] brn
|upkeep
|turn|3
|c|☆not mb|:O
|j| SupaTerrestrial
|
|t:|1632185868
|move|p2a: Tornadus|U-turn|p1a: Corviknight
|-resisted|p1a: Corviknight
|-damage|p1a: Corviknight|80/100 brn
|j| 1300ELO?????
|
|t:|1632185873
|switch|p2a: Slowking|Slowking-Galar, M|100/100|[from]move: U-turn
|move|p1a: Corviknight|U-turn|p2a: Slowking
|-damage|p2a: Slowking|93/100
|
|t:|1632185878
|switch|p1a: Landorus|Landorus-Therian, M|100/100|[from]move: U-turn
|-ability|p1a: Landorus|Intimidate|boost
|-unboost|p2a: Slowking|atk|1
|
|upkeep
|turn|4
|j| TyranitarTerror
|
|t:|1632185885
|switch|p2a: Tornadus|Tornadus-Therian, M|96/100
|move|p1a: Landorus|Knock Off|p2a: Tornadus
|-damage|p2a: Tornadus|66/100
|-enditem|p2a: Tornadus|Heavy-Duty Boots|[from] move: Knock Off|[of] p1a: Landorus
|
|upkeep
|turn|5
|
|t:|1632185909
|switch|p1a: Corviknight|Corviknight, M|80/100 brn
|-ability|p1a: Corviknight|Pressure
|move|p2a: Tornadus|Knock Off|p1a: Corviknight
|-damage|p1a: Corviknight|70/100 brn
|
|-damage|p1a: Corviknight|64/100 brn|[from] brn
|upkeep
|turn|6
|
|t:|1632185913
|move|p2a: Tornadus|U-turn|p1a: Corviknight
|-resisted|p1a: Corviknight
|-damage|p1a: Corviknight|61/100 brn
|
|t:|1632185915
|switch|p2a: Garchomp|Garchomp, M|100/100|[from]move: U-turn
|move|p1a: Corviknight|Roost|p1a: Corviknight
|-heal|p1a: Corviknight|100/100 brn
|-singleturn|p1a: Corviknight|move: Roost
|
|-damage|p1a: Corviknight|94/100 brn|[from] brn
|upkeep
|turn|7
|
|t:|1632185921
|switch|p1a: Tapu Fini|Tapu Fini|100/100
|-fieldstart|move: Misty Terrain|[from] ability: Misty Surge|[of] p1a: Tapu Fini
|move|p2a: Garchomp|Stealth Rock|p1a: Tapu Fini
|-sidestart|p1: not mb|move: Stealth Rock
|
|upkeep
|turn|8
|
|t:|1632185934
|switch|p2a: Melmetal|Melmetal|100/100
|move|p1a: Tapu Fini|Nature's Madness|p2a: Melmetal
|-damage|p2a: Melmetal|51/100
|
|upkeep
|turn|9
|inactive|not mb has 120 seconds left.
|
|t:|1632185971
|switch|p1a: Corviknight|Corviknight, M|94/100 brn
|-damage|p1a: Corviknight|82/100 brn|[from] Stealth Rock
|-ability|p1a: Corviknight|Pressure
|move|p2a: Melmetal|Double Iron Bash|p1a: Corviknight
|-resisted|p1a: Corviknight
|-damage|p1a: Corviknight|60/100 brn
|-resisted|p1a: Corviknight
|-damage|p1a: Corviknight|35/100 brn
|-hitcount|p1a: Corviknight|2
|
|-damage|p1a: Corviknight|29/100 brn|[from] brn
|upkeep
|turn|10
|
|t:|1632185976
|move|p2a: Melmetal|Double Iron Bash|p1a: Corviknight
|-resisted|p1a: Corviknight
|-damage|p1a: Corviknight|3/100 brn
|-resisted|p1a: Corviknight
|-damage|p1a: Corviknight|0 fnt
|faint|p1a: Corviknight
|-hitcount|p1: Corviknight|2
|
|upkeep
|j| ditto34
|c|☆not mb|wtf
|c|☆not mb|im not even slow
|inactive|not mb has 120 seconds left.
|c|☆not mb|oh wait i am slow
|c|☆House Fancy|u gotta be
|c|☆not mb|that was the other team
|c|☆House Fancy|haha
|
|t:|1632185996
|switch|p1a: Landorus|Landorus-Therian, M|100/100
|-damage|p1a: Landorus|88/100|[from] Stealth Rock
|-ability|p1a: Landorus|Intimidate|boost
|-unboost|p2a: Melmetal|atk|1
|turn|11
|
|t:|1632186002
|switch|p2a: Tornadus|Tornadus-Therian, M|99/100
|move|p1a: Landorus|Stealth Rock|p2a: Tornadus
|-sidestart|p2: House Fancy|move: Stealth Rock
|
|-heal|p1a: Landorus|94/100|[from] item: Leftovers
|-fieldend|Misty Terrain
|upkeep
|turn|12
|inactive|not mb has 120 seconds left.
|
|t:|1632186023
|switch|p1a: Tapu Fini|Tapu Fini|100/100
|-damage|p1a: Tapu Fini|88/100|[from] Stealth Rock
|-fieldstart|move: Misty Terrain|[from] ability: Misty Surge|[of] p1a: Tapu Fini
|move|p2a: Tornadus|Knock Off|p1a: Tapu Fini
|-resisted|p1a: Tapu Fini
|-damage|p1a: Tapu Fini|82/100
|-enditem|p1a: Tapu Fini|Leftovers|[from] move: Knock Off|[of] p2a: Tornadus
|
|upkeep
|turn|13
|
|t:|1632186030
|move|p2a: Tornadus|U-turn|p1a: Tapu Fini
|-resisted|p1a: Tapu Fini
|-damage|p1a: Tapu Fini|77/100
|
|t:|1632186031
|switch|p2a: Slowking|Slowking-Galar, M|100/100|[from]move: U-turn
|-damage|p2a: Slowking|88/100|[from] Stealth Rock
|move|p1a: Tapu Fini|Nature's Madness|p2a: Slowking|[miss]
|-miss|p1a: Tapu Fini|p2a: Slowking
|
|upkeep
|turn|14
|inactive|not mb has 120 seconds left.
|j| JigneshThakur
|
|t:|1632186050
|switch|p1a: Heatran|Heatran, M|100/100
|-damage|p1a: Heatran|88/100|[from] Stealth Rock
|move|p2a: Slowking|Future Sight|p1a: Heatran
|-start|p2a: Slowking|move: Future Sight
|
|upkeep
|turn|15
|
|t:|1632186059
|switch|p2a: Garchomp|Garchomp, M|100/100
|-damage|p2a: Garchomp|94/100|[from] Stealth Rock
|move|p1a: Heatran|Dark Pulse|p2a: Garchomp
|-damage|p2a: Garchomp|41/100
|
|upkeep
|turn|16
|inactive|not mb has 120 seconds left.
|
|t:|1632186074
|switch|p1a: Landorus|Landorus-Therian, M|94/100
|-damage|p1a: Landorus|82/100|[from] Stealth Rock
|-ability|p1a: Landorus|Intimidate|boost
|-unboost|p2a: Garchomp|atk|1
|move|p2a: Garchomp|Earthquake|p1a: Landorus
|-immune|p1a: Landorus
|
|-end|p1a: Landorus|move: Future Sight
|-damage|p1a: Landorus|40/100
|-heal|p1a: Landorus|46/100|[from] item: Leftovers
|-fieldend|Misty Terrain
|upkeep
|turn|17
|j| griraffemate3002
|
|t:|1632186095
|move|p2a: Garchomp|Draco Meteor|p1a: Landorus
|-damage|p1a: Landorus|0 fnt
|-unboost|p2a: Garchomp|spa|2
|faint|p1a: Landorus
|-damage|p2a: Garchomp|31/100|[from] item: Life Orb
|
|upkeep
|
|t:|1632186102
|switch|p1a: Dragapult|Dragapult, M|100/100
|-damage|p1a: Dragapult|88/100|[from] Stealth Rock
|turn|18
|
|t:|1632186111
|switch|p2a: Tornadus|Tornadus-Therian, M|100/100
|-damage|p2a: Tornadus|76/100|[from] Stealth Rock
|move|p1a: Dragapult|Shadow Ball|p2a: Tornadus
|-damage|p2a: Tornadus|18/100
|-unboost|p2a: Tornadus|spd|1
|
|upkeep
|turn|19
|
|t:|1632186125
|switch|p2a: Zarude|Zarude|100/100
|-damage|p2a: Zarude|88/100|[from] Stealth Rock
|move|p1a: Dragapult|Shadow Ball|p2a: Zarude
|-resisted|p2a: Zarude
|-damage|p2a: Zarude|60/100
|
|-heal|p2a: Zarude|66/100|[from] item: Leftovers
|upkeep
|turn|20
|
|t:|1632186131
|switch|p1a: Heatran|Heatran, M|88/100
|-damage|p1a: Heatran|76/100|[from] Stealth Rock
|move|p2a: Zarude|Darkest Lariat|p1a: Heatran
|-damage|p1a: Heatran|35/100
|
|-heal|p2a: Zarude|72/100|[from] item: Leftovers
|upkeep
|turn|21
|l| 1300ELO?????
|
|t:|1632186144
|move|p2a: Zarude|Darkest Lariat|p1a: Heatran
|-damage|p1a: Heatran|0 fnt
|faint|p1a: Heatran
|
|-heal|p2a: Zarude|78/100|[from] item: Leftovers
|upkeep
|
|t:|1632186147
|switch|p1a: Dragapult|Dragapult, M|88/100
|-damage|p1a: Dragapult|76/100|[from] Stealth Rock
|turn|22
|
|t:|1632186156
|switch|p2a: Tornadus|Tornadus-Therian, M|51/100
|-damage|p2a: Tornadus|26/100|[from] Stealth Rock
|move|p1a: Dragapult|Shadow Ball|p2a: Tornadus
|-damage|p2a: Tornadus|0 fnt
|faint|p2a: Tornadus
|
|upkeep
|
|t:|1632186159
|switch|p2a: Zarude|Zarude|78/100
|-damage|p2a: Zarude|66/100|[from] Stealth Rock
|turn|23
|
|t:|1632186164
|switch|p1a: Tapu Fini|Tapu Fini|77/100
|-damage|p1a: Tapu Fini|65/100|[from] Stealth Rock
|-fieldstart|move: Misty Terrain|[from] ability: Misty Surge|[of] p1a: Tapu Fini
|move|p2a: Zarude|Darkest Lariat|p1a: Tapu Fini
|-resisted|p1a: Tapu Fini
|-damage|p1a: Tapu Fini|50/100
|
|-heal|p2a: Zarude|72/100|[from] item: Leftovers
|upkeep
|turn|24
|
|t:|1632186167
|switch|p1a: Dragapult|Dragapult, M|76/100
|-damage|p1a: Dragapult|64/100|[from] Stealth Rock
|move|p2a: Zarude|Power Whip|p1a: Dragapult
|-resisted|p1a: Dragapult
|-damage|p1a: Dragapult|27/100
|
|-heal|p2a: Zarude|78/100|[from] item: Leftovers
|upkeep
|turn|25
|
|t:|1632186173
|move|p1a: Dragapult|Shadow Ball|p2a: Zarude
|-resisted|p2a: Zarude
|-damage|p2a: Zarude|51/100
|-unboost|p2a: Zarude|spd|1
|move|p2a: Zarude|Darkest Lariat|p1a: Dragapult
|-supereffective|p1a: Dragapult
|-damage|p1a: Dragapult|0 fnt
|faint|p1a: Dragapult
|
|-heal|p2a: Zarude|57/100|[from] item: Leftovers
|upkeep
|-message|not mb forfeited.
|
|win|House Fancy
|raw|not mb's rating: 1768 &rarr; <strong>1749</strong><br />(-19 for losing)
|raw|House Fancy's rating: 1791 &rarr; <strong>1810</strong><br />(+19 for winning)
|l|☆not mb
