|raw|<div class="broadcast-blue"><strong>This battle is required to be public due to a player having a name starting with 'lt91bb'.</div>
|j|☆lt91bbez
|j|☆LT91BB MDB2
|t:|1659605683
|gametype|singles
|player|p1|lt91bbez|#ezxmas|2125
|player|p2|LT91BB MDB2|1|2111
|teamsize|p1|6
|teamsize|p2|6
|gen|8
|tier|[Gen 8] OU
|rated|
|rule|Sleep Clause Mod: Limit one foe put to sleep
|rule|Species Clause: Limit one of each Pokémon
|rule|OHKO Clause: OHKO moves are banned
|rule|Evasion Items Clause: Evasion items are banned
|rule|Evasion Moves Clause: Evasion moves are banned
|rule|Endless Battle Clause: Forcing endless battles is banned
|rule|HP Percentage Mod: HP is shown in percentages
|rule|Dynamax Clause: You cannot dynamax
|clearpoke
|poke|p1|Tornadus-Therian, M|
|poke|p1|Corviknight, F|
|poke|p1|Blissey, F|
|poke|p1|Clefable, F|
|poke|p1|Hippowdon, M|
|poke|p1|Toxapex, M|
|poke|p2|Zapdos|
|poke|p2|Weavile, M|
|poke|p2|Kartana|
|poke|p2|Landorus-Therian, M|
|poke|p2|Volcanion|
|poke|p2|Melmetal|
|teampreview
|inactive|Battle timer is ON: inactive players will automatically lose when time's up. (requested by lt91bbez)
|c|☆LT91BB MDB2|nooooo
|j| Zirpurze
|c|☆LT91BB MDB2|hf
|j| LT91BB LA BOMBA
|c|☆lt91bbez|fuck me in the ass
|j| lt91bb 3d
|j| LT91BBe
|j| player 4691
|j| lnternal
|j|+mushamu
|j| CM Reuniclus
|j| Avic
|j| Phxo'
|j| reionatro
|j| LT91BB halid
|j| Sificon~
|j| playinq
|j| JP192
|j| egal★vanc
|j| pinkdragontamer
|j| nathaaan
|j| I DONT REPLY
|j| Leo
|inactive|lt91bbez has 120 seconds left.
|inactive|LT91BB MDB2 has 120 seconds left.
|j| Newal
|l| Avic
|j| H.M.N.I.P
|j| Avic
|j| LT91BB Originality
|j| LT91BB zan
|j| LT91BB Empo
|j| Lunala
|j| dragonitenb
|j| RNN YasuKe
|j| Seleukus
|j| Mara Sattei
|j| Enoryu
|j| pushen
|j| RaiZen1704
|j| Crunchman
|j| Fusien
|j| kind of liked it
|j| DJ CRIB DEF
|j| LT91BB Ur Doomed
|
|t:|1659605725
|start
|switch|p1a: Toxapex|Toxapex, M|100/100
|switch|p2a: Weavile|Weavile, M|100/100
|-ability|p2a: Weavile|Pressure
|turn|1
|j| LT91BB Ox
|j| sup kid
|l| LT91BB zan
|j| irgendwasmitmeeem
|j| asdasd34r4r4r
|
|t:|1659605732
|move|p2a: Weavile|Beat Up|p1a: Toxapex
|-damage|p1a: Toxapex|92/100
|-damage|p1a: Toxapex|84/100
|-damage|p1a: Toxapex|73/100
|-damage|p1a: Toxapex|62/100
|-damage|p1a: Toxapex|54/100
|-damage|p1a: Toxapex|44/100
|-hitcount|p1a: Toxapex|6
|move|p1a: Toxapex|Toxic Spikes|p2a: Weavile
|-sidestart|p2: LT91BB MDB2|move: Toxic Spikes
|
|upkeep
|turn|2
|j| LT91BB Livio
|j| AmyQuaris
|
|t:|1659605738
|switch|p2a: Landorus|Landorus-Therian, M|100/100
|-ability|p2a: Landorus|Intimidate|boost
|-unboost|p1a: Toxapex|atk|1
|switch|p1a: Clefable|Clefable, F|100/100
|
|upkeep
|turn|3
|j| AlphaRay01
|j|+Aberforth
|j| Chaitanya
|j| LT91BB AlI
|j| Isza
|
|t:|1659605750
|switch|p1a: Tornadus|Tornadus-Therian, M, shiny|100/100
|move|p2a: Landorus|Defog|p1a: Tornadus
|-unboost|p1a: Tornadus|evasion|1
|-sideend|p2: LT91BB MDB2|Toxic Spikes|[from] move: Defog|[of] p2a: Landorus
|
|upkeep
|turn|4
|j| Artificial Wood
|j| longhiep341
|j| THE PDC SHOW
|j| 768 dead wrong
|j| gei
|
|t:|1659605757
|move|p1a: Tornadus|Hurricane|p2a: Landorus|[miss]
|-miss|p1a: Tornadus|p2a: Landorus
|move|p2a: Landorus|U-turn|p1a: Tornadus
|-resisted|p1a: Tornadus
|-damage|p1a: Tornadus|90/100
|j| LT91BB Lennart
|j| Foutaise.1
|j| Ernstbusch
|
|t:|1659605764
|switch|p2a: Weavile|Weavile, M|100/100|[from]move: U-turn
|-ability|p2a: Weavile|Pressure
|
|upkeep
|turn|5
|j| LT91BBYoruVelaNoxx
|j| pokemh
|
|t:|1659605771
|switch|p1a: Toxapex|Toxapex, M|77/100
|move|p2a: Weavile|Triple Axel|p1a: Toxapex
|-resisted|p1a: Toxapex
|-damage|p1a: Toxapex|72/100
|-resisted|p1a: Toxapex
|-damage|p1a: Toxapex|62/100
|-resisted|p1a: Toxapex
|-damage|p1a: Toxapex|48/100
|-hitcount|p1a: Toxapex|3
|
|upkeep
|turn|6
|j| Lunarr
|
|t:|1659605777
|switch|p2a: Landorus|Landorus-Therian, M|100/100
|-ability|p2a: Landorus|Intimidate|boost
|-unboost|p1a: Toxapex|atk|1
|move|p1a: Toxapex|Recover|p1a: Toxapex
|-heal|p1a: Toxapex|98/100
|
|upkeep
|turn|7
|j| Revenge Killer
|j| xuwuhanjun
|j| Yvtycyctc
|
|t:|1659605786
|move|p2a: Landorus|Earthquake|p1a: Toxapex
|-supereffective|p1a: Toxapex
|-damage|p1a: Toxapex|38/100
|move|p1a: Toxapex|Knock Off|p2a: Landorus
|-damage|p2a: Landorus|91/100
|-enditem|p2a: Landorus|Leftovers|[from] move: Knock Off|[of] p1a: Toxapex
|
|upkeep
|turn|8
|
|t:|1659605792
|move|p2a: Landorus|Stealth Rock|p1a: Toxapex
|-sidestart|p1: lt91bbez|move: Stealth Rock
|move|p1a: Toxapex|Recover|p1a: Toxapex
|-heal|p1a: Toxapex|88/100
|
|upkeep
|turn|9
|j| gglrg
|
|t:|1659605798
|move|p2a: Landorus|U-turn|p1a: Toxapex
|-resisted|p1a: Toxapex
|-damage|p1a: Toxapex|81/100
|j| Ekzykes
|j| Kugen
|j| random random alt
|j| gg gg ez ez
|
|t:|1659605805
|switch|p2a: Volcanion|Volcanion|100/100|[from]move: U-turn
|move|p1a: Toxapex|Recover|p1a: Toxapex
|-heal|p1a: Toxapex|100/100
|
|upkeep
|turn|10
|l| Ekzykes
|j| Jj Esturi
|l| Jj Esturi
|
|t:|1659605812
|move|p2a: Volcanion|Steam Eruption|p1a: Toxapex
|-resisted|p1a: Toxapex
|-damage|p1a: Toxapex|61/100
|-status|p1a: Toxapex|brn
|move|p1a: Toxapex|Toxic Spikes|p2a: Volcanion
|-sidestart|p2: LT91BB MDB2|move: Toxic Spikes
|
|-damage|p1a: Toxapex|55/100 brn|[from] brn
|upkeep
|turn|11
|l| Mara Sattei
|l| RaiZen1704
|
|t:|1659605821
|switch|p2a: Landorus|Landorus-Therian, M|91/100
|-ability|p2a: Landorus|Intimidate|boost
|-unboost|p1a: Toxapex|atk|1
|switch|p1a: Blissey|Blissey, F|100/100
|
|upkeep
|turn|12
|j| JJ09LIE
|
|t:|1659605825
|move|p2a: Landorus|Defog|p1a: Blissey
|-unboost|p1a: Blissey|evasion|1
|-sideend|p1: lt91bbez|Stealth Rock|[from] move: Defog|[of] p2a: Landorus
|-sideend|p2: LT91BB MDB2|Toxic Spikes|[from] move: Defog|[of] p2a: Landorus
|move|p1a: Blissey|Toxic|p2a: Landorus
|-status|p2a: Landorus|tox
|
|-damage|p2a: Landorus|85/100 tox|[from] psn
|upkeep
|turn|13
|
|t:|1659605829
|move|p2a: Landorus|U-turn|p1a: Blissey
|-damage|p1a: Blissey|83/100
|j| odin77
|j| xdRudi.exe
|j|%estarossa
|
|t:|1659605836
|switch|p2a: Weavile|Weavile, M|100/100|[from]move: U-turn
|-ability|p2a: Weavile|Pressure
|move|p1a: Blissey|Heal Bell|p1a: Blissey
|-activate|p1a: Blissey|move: Heal Bell
|-curestatus|p1: Toxapex|brn|[msg]
|
|upkeep
|turn|14
|l| I DONT REPLY
|l| JJ09LIE
|l| Newal
|
|t:|1659605843
|switch|p1a: Toxapex|Toxapex, M|88/100
|move|p2a: Weavile|Beat Up|p1a: Toxapex
|-damage|p1a: Toxapex|80/100
|-damage|p1a: Toxapex|74/100
|-damage|p1a: Toxapex|62/100
|-damage|p1a: Toxapex|54/100
|-damage|p1a: Toxapex|44/100
|-hitcount|p1a: Toxapex|5
|
|upkeep
|turn|15
|
|t:|1659605846
|switch|p2a: Volcanion|Volcanion|100/100
|switch|p1a: Clefable|Clefable, F|100/100
|
|upkeep
|turn|16
|j| Lance's Time
|
|t:|1659605849
|switch|p1a: Blissey|Blissey, F|83/100
|move|p2a: Volcanion|Steam Eruption|p1a: Blissey
|-damage|p1a: Blissey|46/100
|
|upkeep
|turn|17
|j| Newal
|j|@Rage
|j|+baconeatinassassin
|
|t:|1659605855
|switch|p2a: Weavile|Weavile, M|100/100
|-ability|p2a: Weavile|Pressure
|move|p1a: Blissey|Soft-Boiled|p1a: Blissey
|-heal|p1a: Blissey|96/100
|
|upkeep
|turn|18
|
|t:|1659605864
|switch|p1a: Toxapex|Toxapex, M|77/100
|move|p2a: Weavile|Knock Off|p1a: Toxapex
|-damage|p1a: Toxapex|26/100
|-enditem|p1a: Toxapex|Shed Shell|[from] move: Knock Off|[of] p2a: Weavile
|
|upkeep
|turn|19
|c|@Rage|/log lt91bbez was warned by Rage. (lets not say things like that please)
|hidelines|unlink|lt91bbez
|
|t:|1659605871
|switch|p2a: Volcanion|Volcanion|100/100
|switch|p1a: Clefable|Clefable, F|100/100
|
|upkeep
|turn|20
|
|t:|1659605877
|switch|p1a: Blissey|Blissey, F|96/100
|move|p2a: Volcanion|Steam Eruption|p1a: Blissey
|-damage|p1a: Blissey|59/100
|
|upkeep
|turn|21
|j| Forwards
|j| JJ09LIE
|j|&Teclis
|
|t:|1659605888
|switch|p2a: Weavile|Weavile, M|100/100
|-ability|p2a: Weavile|Pressure
|move|p1a: Blissey|Soft-Boiled|p1a: Blissey
|-heal|p1a: Blissey|100/100
|
|upkeep
|turn|22
|l|%estarossa
|j| LT91BB Gray
|
|t:|1659605893
|switch|p1a: Corviknight|Corviknight, F|100/100
|-ability|p1a: Corviknight|Pressure
|move|p2a: Weavile|Triple Axel|p1a: Corviknight
|-damage|p1a: Corviknight|90/100
|-damage|p1a: Corviknight|69/100
|-damage|p1a: Corviknight|36/100
|-hitcount|p1a: Corviknight|3
|
|-heal|p1a: Corviknight|43/100|[from] item: Leftovers
|upkeep
|turn|23
|
|t:|1659605896
|switch|p1a: Toxapex|Toxapex, M|59/100
|move|p2a: Weavile|Triple Axel|p1a: Toxapex
|-resisted|p1a: Toxapex
|-damage|p1a: Toxapex|54/100
|-resisted|p1a: Toxapex
|-damage|p1a: Toxapex|44/100
|-resisted|p1a: Toxapex
|-damage|p1a: Toxapex|30/100
|-hitcount|p1a: Toxapex|3
|
|upkeep
|turn|24
|
|t:|1659605900
|move|p2a: Weavile|Triple Axel|p1a: Toxapex
|-resisted|p1a: Toxapex
|-damage|p1a: Toxapex|24/100
|-resisted|p1a: Toxapex
|-damage|p1a: Toxapex|14/100
|-resisted|p1a: Toxapex
|-damage|p1a: Toxapex|0 fnt
|faint|p1a: Toxapex
|-hitcount|p1: Toxapex|3
|
|upkeep
|l| JJ09LIE
|
|t:|1659605905
|switch|p1a: Hippowdon|Hippowdon, M|100/100
|-weather|Sandstorm|[from] ability: Sand Stream|[of] p1a: Hippowdon
|turn|25
|l|+Aberforth
|j| ripreckful
|j| LeDPPer
|
|t:|1659605911
|move|p2a: Weavile|Triple Axel|p1a: Hippowdon
|-supereffective|p1a: Hippowdon
|-damage|p1a: Hippowdon|76/100
|-supereffective|p1a: Hippowdon
|-damage|p1a: Hippowdon|33/100
|-supereffective|p1a: Hippowdon
|-damage|p1a: Hippowdon|0 fnt
|faint|p1a: Hippowdon
|-hitcount|p1: Hippowdon|3
|
|-weather|Sandstorm|[upkeep]
|-damage|p2a: Weavile|94/100|[from] Sandstorm
|upkeep
|
|t:|1659605912
|switch|p1a: Clefable|Clefable, F|100/100
|turn|26
|
|t:|1659605916
|switch|p2a: Volcanion|Volcanion|100/100
|move|p1a: Clefable|Moonblast|p2a: Volcanion
|-resisted|p2a: Volcanion
|-damage|p2a: Volcanion|82/100
|
|-weather|Sandstorm|[upkeep]
|-damage|p2a: Volcanion|76/100|[from] Sandstorm
|-damage|p1a: Clefable|94/100|[from] Sandstorm
|upkeep
|turn|27
|
|t:|1659605920
|switch|p1a: Blissey|Blissey, F|100/100
|move|p2a: Volcanion|Steam Eruption|p1a: Blissey
|-damage|p1a: Blissey|66/100
|
|-weather|Sandstorm|[upkeep]
|-damage|p2a: Volcanion|70/100|[from] Sandstorm
|-damage|p1a: Blissey|60/100|[from] Sandstorm
|upkeep
|turn|28
|
|t:|1659605923
|switch|p2a: Weavile|Weavile, M|94/100
|-ability|p2a: Weavile|Pressure
|move|p1a: Blissey|Soft-Boiled|p1a: Blissey
|-heal|p1a: Blissey|100/100
|
|-weather|Sandstorm|[upkeep]
|-damage|p2a: Weavile|88/100|[from] Sandstorm
|-damage|p1a: Blissey|94/100|[from] Sandstorm
|upkeep
|turn|29
|l| player 4691
|
|t:|1659605928
|move|p2a: Weavile|Triple Axel|p1a: Blissey
|-damage|p1a: Blissey|81/100
|-damage|p1a: Blissey|55/100
|-damage|p1a: Blissey|16/100
|-hitcount|p1a: Blissey|3
|move|p1a: Blissey|Toxic|p2a: Weavile
|-status|p2a: Weavile|tox
|
|-weather|none
|-damage|p2a: Weavile|82/100 tox|[from] psn
|upkeep
|turn|30
|
|t:|1659605931
|move|p2a: Weavile|Triple Axel|p1a: Blissey
|-damage|p1a: Blissey|1/100
|-damage|p1a: Blissey|0 fnt
|faint|p1a: Blissey
|-hitcount|p1: Blissey|2
|
|-damage|p2a: Weavile|70/100 tox|[from] psn
|upkeep
|
|t:|1659605933
|switch|p1a: Clefable|Clefable, F|94/100
|turn|31
|
|t:|1659605935
|switch|p2a: Volcanion|Volcanion|70/100
|move|p1a: Clefable|Soft-Boiled|p1a: Clefable
|-heal|p1a: Clefable|100/100
|
|upkeep
|turn|32
|
|t:|1659605938
|move|p2a: Volcanion|Steam Eruption|p1a: Clefable
|-damage|p1a: Clefable|17/100
|-status|p1a: Clefable|brn
|move|p1a: Clefable|Soft-Boiled|p1a: Clefable
|-heal|p1a: Clefable|67/100 brn
|
|-damage|p1a: Clefable|61/100 brn|[from] brn
|upkeep
|turn|33
|l| LT91BB Ur Doomed
|
|t:|1659605942
|move|p2a: Volcanion|Steam Eruption|p1a: Clefable
|-damage|p1a: Clefable|0 fnt
|faint|p1a: Clefable
|
|upkeep
|j| LT91BB Dasmer
|
|t:|1659605943
|switch|p1a: Tornadus|Tornadus-Therian, M, shiny|100/100
|turn|34
|
|t:|1659605946
|move|p1a: Tornadus|Hurricane|p2a: Volcanion
|-damage|p2a: Volcanion|16/100
|-start|p2a: Volcanion|confusion
|-activate|p2a: Volcanion|confusion
|move|p2a: Volcanion|Steam Eruption|p1a: Tornadus
|-damage|p1a: Tornadus|6/100
|
|upkeep
|turn|35
|
|t:|1659605951
|move|p1a: Tornadus|Hurricane|p2a: Volcanion
|-damage|p2a: Volcanion|0 fnt
|faint|p2a: Volcanion
|
|upkeep
|j| LT91BB Ur Doomed
|l|+mushamu
|l| LT91BB Ur Doomed
|
|t:|1659605957
|switch|p2a: Kartana|Kartana|100/100
|turn|36
|j| LT91BB Senku
|
|t:|1659605960
|switch|p1a: Corviknight|Corviknight, F|43/100
|-ability|p1a: Corviknight|Pressure
|move|p2a: Kartana|Knock Off|p1a: Corviknight
|-damage|p1a: Corviknight|15/100
|-enditem|p1a: Corviknight|Leftovers|[from] move: Knock Off|[of] p2a: Kartana
|
|upkeep
|turn|37
|-message|lt91bbez forfeited.
|
|win|LT91BB MDB2
|raw|lt91bbez's rating: 2125 &rarr; <strong>2104</strong><br />(-21 for losing)
|raw|LT91BB MDB2's rating: 2111 &rarr; <strong>2132</strong><br />(+21 for winning)
|l|☆lt91bbez
|l|☆LT91BB MDB2
|l| Phxo'
|l| Kugen
|l| LT91BB Dasmer
|l| kind of liked it
|l|@Rage
|l| Seleukus
|l| Lunala
|l| Foutaise.1
|l| Chaitanya
|j| LT91BB Dasmer
|l| xdRudi.exe
|l| LT91BB LA BOMBA
|l| JP192
|l| AmyQuaris
|j| Dflo
|l| nathaaan
|l| LT91BB halid
|l| LT91BB Dasmer
|l| CM Reuniclus
|l| Yvtycyctc
|l| 768 dead wrong
|l| Leo
||Ladder isn't responding, score probably updated but might not have (Request timeout).
|l| gglrg
|l| random random alt
|l| Sificon~
|l| LT91BB Ox
|l| LT91BBe
|l| Forwards
|j| d18l
|l|&Teclis
|l| irgendwasmitmeeem
|l| playinq
|l| AlphaRay01
|l| d18l
|l|+baconeatinassassin
|l| LT91BB Lennart
|l| ripreckful
|l| sup kid
|l| reionatro
|l| Avic
|l| odin77
|l| Artificial Wood
|l| longhiep341
|l| THE PDC SHOW
|l| xuwuhanjun
|l| lt91bb 3d
|j| 768 dead wrong
|l| 768 dead wrong
|l| Ernstbusch
|l| LT91BB Livio
|l| Revenge Killer
|l| gg gg ez ez
|l| LT91BB Empo
|l| Dflo
|l| LT91BB Gray
|j| hot_dogs666
|l| Zirpurze
|l| Crunchman
|l| Enoryu
|l| Fusien
|l| H.M.N.I.P
|l| RNN YasuKe
