|j|‽minimax_ai
|j|☆Red Rushun
|t:|1668168175
|gametype|singles
|player|p1|minimax_ai|265|1584
|player|p2|Red Rushun|clair|1686
|teamsize|p1|6
|teamsize|p2|6
|gen|8
|tier|[Gen 8] OU
|rated|
|rule|Sleep Clause Mod: Limit one foe put to sleep
|rule|Species Clause: Limit one of each Pokémon
|rule|OHKO Clause: OHKO moves are banned
|rule|Evasion Items Clause: Evasion items are banned
|rule|Evasion Moves Clause: Evasion moves are banned
|rule|Endless Battle Clause: Forcing endless battles is banned
|rule|HP Percentage Mod: HP is shown in percentages
|rule|Dynamax Clause: You cannot dynamax
|clearpoke
|poke|p1|Rotom-Wash|
|poke|p1|Weavile, F|
|poke|p1|Landorus-Therian, M|
|poke|p1|Heatran, M|
|poke|p1|Tangrowth, F|
|poke|p1|Melmetal|
|poke|p2|Dragapult, F|
|poke|p2|Blastoise, F|
|poke|p2|Tapu Lele|
|poke|p2|Cobalion|
|poke|p2|Grimmsnarl, M|
|poke|p2|Landorus-Therian, M|
|teampreview
|inactive|Battle timer is ON: inactive players will automatically lose when time's up. (requested by minimax_ai)
|
|t:|1668168182
|start
|switch|p1a: Rotom|Rotom-Wash|100/100
|switch|p2a: Cobalion|Cobalion, shiny|100/100
|turn|1
|
|t:|1668168184
|move|p2a: Cobalion|Toxic|p1a: Rotom|[miss]
|-miss|p2a: Cobalion|p1a: Rotom
|move|p1a: Rotom|Hydro Pump|p2a: Cobalion
|-damage|p2a: Cobalion|49/100
|
|upkeep
|turn|2
|
|t:|1668168187
|move|p2a: Cobalion|Toxic|p1a: Rotom
|-status|p1a: Rotom|tox
|move|p1a: Rotom|Nasty Plot|p1a: Rotom
|-boost|p1a: Rotom|spa|2
|
|-damage|p1a: Rotom|94/100 tox|[from] psn
|upkeep
|turn|3
|
|t:|1668168191
|move|p2a: Cobalion|Stealth Rock|p1a: Rotom
|-sidestart|p1: minimax_ai|move: Stealth Rock
|move|p1a: Rotom|Hydro Pump|p2a: Cobalion|[miss]
|-miss|p1a: Rotom|p2a: Cobalion
|
|-heal|p1a: Rotom|100/100 tox|[from] item: Leftovers
|-damage|p1a: Rotom|88/100 tox|[from] psn
|upkeep
|turn|4
|
|t:|1668168205
|switch|p2a: Tapu Lele|Tapu Lele|100/100
|-fieldstart|move: Psychic Terrain|[from] ability: Psychic Surge|[of] p2a: Tapu Lele
|move|p1a: Rotom|Hydro Pump|p2a: Tapu Lele
|-damage|p2a: Tapu Lele|33/100
|
|-heal|p1a: Rotom|94/100 tox|[from] item: Leftovers
|-damage|p1a: Rotom|75/100 tox|[from] psn
|upkeep
|turn|5
|
|t:|1668168213
|switch|p1a: Melmetal|Melmetal|100/100
|-damage|p1a: Melmetal|94/100|[from] Stealth Rock
|move|p2a: Tapu Lele|Psychic|p1a: Melmetal
|-resisted|p1a: Melmetal
|-damage|p1a: Melmetal|79/100
|
|upkeep
|turn|6
|
|t:|1668168216
|move|p2a: Tapu Lele|Focus Blast|p1a: Melmetal|[miss]
|-miss|p2a: Tapu Lele|p1a: Melmetal
|move|p1a: Melmetal|Double Iron Bash|p2a: Tapu Lele
|-supereffective|p2a: Tapu Lele
|-damage|p2a: Tapu Lele|0 fnt
|faint|p2a: Tapu Lele
|-hitcount|p2: Tapu Lele|1
|
|upkeep
|
|t:|1668168236
|switch|p2a: Cobalion|Cobalion, shiny|49/100
|turn|7
|
|t:|1668168238
|move|p2a: Cobalion|Thunder Wave|p1a: Melmetal
|-status|p1a: Melmetal|par
|move|p1a: Melmetal|Thunder Punch|p2a: Cobalion
|-damage|p2a: Cobalion|23/100
|
|upkeep
|turn|8
|
|t:|1668168249
|switch|p2a: Landorus|Landorus-Therian, M, shiny|100/100
|-ability|p2a: Landorus|Intimidate|boost
|-unboost|p1a: Melmetal|atk|1
|move|p1a: Melmetal|Double Iron Bash|p2a: Landorus
|-damage|p2a: Landorus|66/100
|-damage|p2a: Landorus|32/100
|-hitcount|p2a: Landorus|2
|
|-heal|p2a: Landorus|38/100|[from] item: Leftovers
|-fieldend|move: Psychic Terrain
|upkeep
|turn|9
|
|t:|1668168259
|switch|p1a: Landorus|Landorus-Therian, M|100/100
|-damage|p1a: Landorus|88/100|[from] Stealth Rock
|-ability|p1a: Landorus|Intimidate|boost
|-unboost|p2a: Landorus|atk|1
|move|p2a: Landorus|Substitute|p2a: Landorus
|-start|p2a: Landorus|Substitute
|-damage|p2a: Landorus|14/100
|
|-heal|p2a: Landorus|20/100|[from] item: Leftovers
|-heal|p1a: Landorus|94/100|[from] item: Leftovers
|upkeep
|turn|10
|
|t:|1668168262
|move|p2a: Landorus|Swords Dance|p2a: Landorus
|-boost|p2a: Landorus|atk|2
|move|p1a: Landorus|Defog|p2a: Landorus
|-sideend|p1: minimax_ai|Stealth Rock|[from] move: Defog|[of] p1a: Landorus
|
|-heal|p2a: Landorus|26/100|[from] item: Leftovers
|-heal|p1a: Landorus|99/100|[from] item: Leftovers
|upkeep
|turn|11
|
|t:|1668168270
|switch|p1a: Tangrowth|Tangrowth, F|100/100
|move|p2a: Landorus|Stone Edge|p1a: Tangrowth|[miss]
|-miss|p2a: Landorus|p1a: Tangrowth
|
|-heal|p2a: Landorus|32/100|[from] item: Leftovers
|upkeep
|turn|12
|
|t:|1668168277
|move|p2a: Landorus|Swords Dance|p2a: Landorus
|-boost|p2a: Landorus|atk|2
|move|p1a: Tangrowth|Giga Drain|p2a: Landorus
|-end|p2a: Landorus|Substitute
|
|-heal|p2a: Landorus|37/100|[from] item: Leftovers
|upkeep
|turn|13
|
|t:|1668168284
|move|p2a: Landorus|Substitute|p2a: Landorus
|-start|p2a: Landorus|Substitute
|-damage|p2a: Landorus|13/100
|move|p1a: Tangrowth|Giga Drain|p2a: Landorus
|-crit|p2a: Landorus
|-end|p2a: Landorus|Substitute
|
|-heal|p2a: Landorus|19/100|[from] item: Leftovers
|upkeep
|turn|14
|
|t:|1668168287
|move|p2a: Landorus|Stone Edge|p1a: Tangrowth
|-damage|p1a: Tangrowth|50/100
|move|p1a: Tangrowth|Knock Off|p2a: Landorus
|-damage|p2a: Landorus|0 fnt
|-enditem|p2a: Landorus|Leftovers|[from] move: Knock Off|[of] p1a: Tangrowth
|faint|p2a: Landorus
|
|upkeep
|
|t:|1668168300
|switch|p2a: Cobalion|Cobalion, shiny|23/100
|turn|15
|
|t:|1668168306
|move|p2a: Cobalion|Stealth Rock|p1a: Tangrowth
|-sidestart|p1: minimax_ai|move: Stealth Rock
|move|p1a: Tangrowth|Sleep Powder|p2a: Cobalion|[miss]
|-miss|p1a: Tangrowth|p2a: Cobalion
|
|upkeep
|turn|16
|
|t:|1668168313
|move|p2a: Cobalion|Taunt|p1a: Tangrowth
|-start|p1a: Tangrowth|move: Taunt
|cant|p1a: Tangrowth|move: Taunt|Sleep Powder
|
|upkeep
|turn|17
|
|t:|1668168324
|move|p2a: Cobalion|Toxic|p1a: Tangrowth
|-status|p1a: Tangrowth|tox
|move|p1a: Tangrowth|Giga Drain|p2a: Cobalion
|-resisted|p2a: Cobalion
|-damage|p2a: Cobalion|8/100
|-heal|p1a: Tangrowth|57/100 tox|[from] drain|[of] p2a: Cobalion
|
|-damage|p1a: Tangrowth|51/100 tox|[from] psn
|upkeep
|turn|18
|
|t:|1668168329
|move|p2a: Cobalion|Taunt||[still]
|-fail|p2a: Cobalion
|move|p1a: Tangrowth|Giga Drain|p2a: Cobalion
|-resisted|p2a: Cobalion
|-damage|p2a: Cobalion|0 fnt
|-heal|p1a: Tangrowth|55/100 tox|[from] drain|[of] p2a: Cobalion
|faint|p2a: Cobalion
|
|-damage|p1a: Tangrowth|42/100 tox|[from] psn
|-end|p1a: Tangrowth|move: Taunt
|upkeep
|
|t:|1668168344
|switch|p2a: Dragapult|Dragapult, F|100/100
|turn|19
|
|t:|1668168347
|switch|p1a: Melmetal|Melmetal|79/100 par
|-damage|p1a: Melmetal|73/100 par|[from] Stealth Rock
|move|p2a: Dragapult|Phantom Force||[still]
|-prepare|p2a: Dragapult|Phantom Force
|
|upkeep
|turn|20
|
|t:|1668168349
|move|p2a: Dragapult|Phantom Force|p1a: Melmetal|[from]lockedmove
|-damage|p1a: Melmetal|35/100 par
|-damage|p2a: Dragapult|91/100|[from] item: Life Orb
|move|p1a: Melmetal|Double Iron Bash|p2a: Dragapult
|-damage|p2a: Dragapult|37/100
|-damage|p2a: Dragapult|0 fnt
|faint|p2a: Dragapult
|-hitcount|p2: Dragapult|2
|
|upkeep
|
|t:|1668168357
|switch|p2a: Blastoise|Blastoise, F, shiny|100/100
|turn|21
|
|t:|1668168361
|switch|p1a: Rotom|Rotom-Wash|75/100 tox
|-damage|p1a: Rotom|63/100 tox|[from] Stealth Rock
|move|p2a: Blastoise|Shell Smash|p2a: Blastoise
|-unboost|p2a: Blastoise|def|1
|-unboost|p2a: Blastoise|spd|1
|-boost|p2a: Blastoise|atk|2
|-boost|p2a: Blastoise|spa|2
|-boost|p2a: Blastoise|spe|2
|-enditem|p2a: Blastoise|White Herb
|-clearnegativeboost|p2a: Blastoise|[silent]
|
|-heal|p1a: Rotom|69/100 tox|[from] item: Leftovers
|-damage|p1a: Rotom|63/100 tox|[from] psn
|upkeep
|turn|22
|
|t:|1668168367
|move|p2a: Blastoise|Dark Pulse|p1a: Rotom
|-damage|p1a: Rotom|12/100 tox
|move|p1a: Rotom|Thunderbolt|p2a: Blastoise
|-supereffective|p2a: Blastoise
|-damage|p2a: Blastoise|20/100
|
|-heal|p1a: Rotom|18/100 tox|[from] item: Leftovers
|-damage|p1a: Rotom|6/100 tox|[from] psn
|upkeep
|turn|23
|
|t:|1668168379
|move|p2a: Blastoise|Surf|p1a: Rotom
|-resisted|p1a: Rotom
|-damage|p1a: Rotom|0 fnt
|faint|p1a: Rotom
|
|upkeep
|
|t:|1668168379
|switch|p1a: Tangrowth|Tangrowth, F|75/100 tox
|-damage|p1a: Tangrowth|63/100 tox|[from] Stealth Rock
|turn|24
|
|t:|1668168382
|switch|p1a: Melmetal|Melmetal|35/100 par
|-damage|p1a: Melmetal|29/100 par|[from] Stealth Rock
|move|p2a: Blastoise|Ice Beam|p1a: Melmetal
|-resisted|p1a: Melmetal
|-damage|p1a: Melmetal|15/100 par
|
|upkeep
|turn|25
|
|t:|1668168387
|move|p2a: Blastoise|Surf|p1a: Melmetal
|-crit|p1a: Melmetal
|-damage|p1a: Melmetal|0 fnt
|faint|p1a: Melmetal
|
|upkeep
|
|t:|1668168387
|switch|p1a: Landorus|Landorus-Therian, M|99/100
|-damage|p1a: Landorus|88/100|[from] Stealth Rock
|-ability|p1a: Landorus|Intimidate|boost
|-unboost|p2a: Blastoise|atk|1
|turn|26
|
|t:|1668168395
|move|p2a: Blastoise|Surf|p1a: Landorus
|-supereffective|p1a: Landorus
|-damage|p1a: Landorus|0 fnt
|faint|p1a: Landorus
|
|upkeep
|
|t:|1668168395
|switch|p1a: Tangrowth|Tangrowth, F|96/100 tox
|-damage|p1a: Tangrowth|84/100 tox|[from] Stealth Rock
|turn|27
|
|t:|1668168398
|move|p2a: Blastoise|Ice Beam|p1a: Tangrowth
|-supereffective|p1a: Tangrowth
|-damage|p1a: Tangrowth|0 fnt
|faint|p1a: Tangrowth
|
|upkeep
|
|t:|1668168398
|switch|p1a: Weavile|Weavile, F|100/100
|-damage|p1a: Weavile|76/100|[from] Stealth Rock
|-ability|p1a: Weavile|Pressure
|turn|28
|
|t:|1668168402
|move|p1a: Weavile|Ice Shard|p2a: Blastoise
|-resisted|p2a: Blastoise
|-damage|p2a: Blastoise|3/100
|move|p2a: Blastoise|Surf|p1a: Weavile
|-damage|p1a: Weavile|0 fnt
|faint|p1a: Weavile
|
|upkeep
|
|t:|1668168402
|switch|p1a: Heatran|Heatran, M|100/100
|-damage|p1a: Heatran|88/100|[from] Stealth Rock
|-item|p1a: Heatran|Air Balloon
|turn|29
|
|t:|1668168407
|move|p2a: Blastoise|Surf|p1a: Heatran
|-supereffective|p1a: Heatran
|-damage|p1a: Heatran|0 fnt
|-enditem|p1a: Heatran|Air Balloon
|faint|p1a: Heatran
|
|win|Red Rushun
|raw|minimax_ai's rating: 1584 &rarr; <strong>1570</strong><br />(-14 for losing)
|raw|Red Rushun's rating: 1686 &rarr; <strong>1700</strong><br />(+14 for winning)
|l|‽minimax_ai
|c|☆Red Rushun|lol
||Ladder isn't responding, score probably updated but might not have (Request timeout).
