|j|☆Darkman64
|j|☆g456fd4g65df
|t:|1665205675
|gametype|singles
|player|p1|Darkman64|juan|1588
|player|p2|g456fd4g65df|1|1688
|teamsize|p1|6
|teamsize|p2|6
|gen|8
|tier|[Gen 8] OU
|rated|
|rule|Sleep Clause Mod: Limit one foe put to sleep
|rule|Species Clause: Limit one of each Pokémon
|rule|OHKO Clause: OHKO moves are banned
|rule|Evasion Items Clause: Evasion items are banned
|rule|Evasion Moves Clause: Evasion moves are banned
|rule|Endless Battle Clause: Forcing endless battles is banned
|rule|HP Percentage Mod: HP is shown in percentages
|rule|Dynamax Clause: You cannot dynamax
|clearpoke
|poke|p1|Weavile, F|
|poke|p1|Slowbro, M|
|poke|p1|Landorus-Therian, M|
|poke|p1|Urshifu-*, M|
|poke|p1|Ferrothorn, M|
|poke|p1|Clefable, F|
|poke|p2|Torkoal, M|
|poke|p2|Darmanitan, M|
|poke|p2|Victini|
|poke|p2|Clefable, M|
|poke|p2|Zapdos|
|poke|p2|Swampert, M|
|teampreview
|inactive|Battle timer is ON: inactive players will automatically lose when time's up. (requested by g456fd4g65df)
|
|t:|1665205685
|start
|switch|p1a: Weavile|Weavile, F|100/100
|switch|p2a: 帕特里克·贝弗利|Clefable, M, shiny|100/100
|-ability|p1a: Weavile|Pressure
|turn|1
|
|t:|1665205692
|move|p1a: Weavile|Knock Off|p2a: 帕特里克·贝弗利
|-resisted|p2a: 帕特里克·贝弗利
|-damage|p2a: 帕特里克·贝弗利|74/100
|-enditem|p2a: 帕特里克·贝弗利|Leftovers|[from] move: Knock Off|[of] p1a: Weavile
|move|p2a: 帕特里克·贝弗利|Moonblast|p1a: Weavile
|-supereffective|p1a: Weavile
|-damage|p1a: Weavile|14/100
|
|upkeep
|turn|2
|
|t:|1665205709
|switch|p1a: Urshifu|Urshifu-Rapid-Strike, M|100/100
|move|p2a: 帕特里克·贝弗利|Teleport|p2a: 帕特里克·贝弗利
|
|t:|1665205712
|switch|p2a: 吉姆·杰克逊|Torkoal, M|100/100|[from]move: Teleport
|-weather|SunnyDay|[from] ability: Drought|[of] p2a: 吉姆·杰克逊
|
|-weather|SunnyDay|[upkeep]
|upkeep
|turn|3
|
|t:|1665205715
|switch|p2a: 拉简·隆多|Zapdos, shiny|100/100
|move|p1a: Urshifu|Surging Strikes|p2a: 拉简·隆多
|-crit|p2a: 拉简·隆多
|-damage|p2a: 拉简·隆多|90/100
|-status|p1a: Urshifu|par|[from] ability: Static|[of] p2a: 拉简·隆多
|-crit|p2a: 拉简·隆多
|-damage|p2a: 拉简·隆多|79/100
|-crit|p2a: 拉简·隆多
|-damage|p2a: 拉简·隆多|69/100
|-hitcount|p2a: 拉简·隆多|3
|
|-weather|SunnyDay|[upkeep]
|upkeep
|turn|4
|
|t:|1665205719
|switch|p1a: Landorus|Landorus-Therian, M|100/100
|-ability|p1a: Landorus|Intimidate|boost
|-unboost|p2a: 拉简·隆多|atk|1
|move|p2a: 拉简·隆多|U-turn|p1a: Landorus
|-resisted|p1a: Landorus
|-damage|p1a: Landorus|96/100
|
|t:|1665205723
|switch|p2a: 乔·约翰逊|Victini|100/100|[from]move: U-turn
|
|-weather|SunnyDay|[upkeep]
|-heal|p1a: Landorus|100/100|[from] item: Leftovers
|upkeep
|turn|5
|
|t:|1665205742
|switch|p1a: Slowbro|Slowbro, M|100/100
|move|p2a: 乔·约翰逊|V-create|p1a: Slowbro
|-resisted|p1a: Slowbro
|-damage|p1a: Slowbro|42/100
|-unboost|p2a: 乔·约翰逊|spe|1
|-unboost|p2a: 乔·约翰逊|def|1
|-unboost|p2a: 乔·约翰逊|spd|1
|
|-weather|SunnyDay|[upkeep]
|upkeep
|turn|6
|
|t:|1665205748
|switch|p1a: Weavile|Weavile, F|14/100
|-ability|p1a: Weavile|Pressure
|move|p2a: 乔·约翰逊|V-create|p1a: Weavile
|-supereffective|p1a: Weavile
|-damage|p1a: Weavile|0 fnt
|-unboost|p2a: 乔·约翰逊|spe|1
|-unboost|p2a: 乔·约翰逊|def|1
|-unboost|p2a: 乔·约翰逊|spd|1
|faint|p1a: Weavile
|
|-weather|SunnyDay|[upkeep]
|upkeep
|
|t:|1665205750
|switch|p1a: Landorus|Landorus-Therian, M|100/100
|-ability|p1a: Landorus|Intimidate|boost
|-unboost|p2a: 乔·约翰逊|atk|1
|turn|7
|
|t:|1665205757
|switch|p2a: 约什·史密斯|Swampert, M|100/100
|move|p1a: Landorus|Toxic|p2a: 约什·史密斯
|-status|p2a: 约什·史密斯|tox
|
|-weather|SunnyDay|[upkeep]
|-damage|p2a: 约什·史密斯|94/100 tox|[from] psn
|upkeep
|turn|8
|
|t:|1665205766
|move|p1a: Landorus|U-turn|p2a: 约什·史密斯
|-damage|p2a: 约什·史密斯|74/100 tox
|
|t:|1665205772
|switch|p1a: Ferrothorn|Ferrothorn, M|100/100|[from]move: U-turn
|move|p2a: 约什·史密斯|Flip Turn|p1a: Ferrothorn
|-resisted|p1a: Ferrothorn
|-damage|p1a: Ferrothorn|97/100
|-damage|p2a: 约什·史密斯|62/100 tox|[from] ability: Iron Barbs|[of] p1a: Ferrothorn
|
|t:|1665205775
|switch|p2a: 乔·约翰逊|Victini|100/100|[from]move: Flip Turn
|
|-weather|SunnyDay|[upkeep]
|-heal|p1a: Ferrothorn|100/100|[from] item: Leftovers
|upkeep
|turn|9
|
|t:|1665205781
|switch|p1a: Urshifu|Urshifu-Rapid-Strike, M|100/100 par
|move|p2a: 乔·约翰逊|V-create|p1a: Urshifu
|-resisted|p1a: Urshifu
|-damage|p1a: Urshifu|0 fnt
|-unboost|p2a: 乔·约翰逊|spe|1
|-unboost|p2a: 乔·约翰逊|def|1
|-unboost|p2a: 乔·约翰逊|spd|1
|faint|p1a: Urshifu
|
|-weather|none
|upkeep
|
|t:|1665205785
|switch|p1a: Landorus|Landorus-Therian, M|100/100
|-ability|p1a: Landorus|Intimidate|boost
|-unboost|p2a: 乔·约翰逊|atk|1
|turn|10
|
|t:|1665205790
|switch|p2a: 约什·史密斯|Swampert, M|62/100 tox
|move|p1a: Landorus|U-turn|p2a: 约什·史密斯
|-damage|p2a: 约什·史密斯|42/100 tox
|
|t:|1665205792
|switch|p1a: Ferrothorn|Ferrothorn, M|100/100|[from]move: U-turn
|
|-damage|p2a: 约什·史密斯|36/100 tox|[from] psn
|upkeep
|turn|11
|
|t:|1665205796
|switch|p2a: 吉姆·杰克逊|Torkoal, M|100/100
|-weather|SunnyDay|[from] ability: Drought|[of] p2a: 吉姆·杰克逊
|move|p1a: Ferrothorn|Knock Off|p2a: 吉姆·杰克逊
|-damage|p2a: 吉姆·杰克逊|89/100
|-enditem|p2a: 吉姆·杰克逊|Heat Rock|[from] move: Knock Off|[of] p1a: Ferrothorn
|
|-weather|SunnyDay|[upkeep]
|upkeep
|turn|12
|
|t:|1665205802
|move|p1a: Ferrothorn|Spikes|p2a: 吉姆·杰克逊
|-sidestart|p2: g456fd4g65df|Spikes
|move|p2a: 吉姆·杰克逊|Stealth Rock|p1a: Ferrothorn
|-sidestart|p1: Darkman64|move: Stealth Rock
|
|-weather|SunnyDay|[upkeep]
|upkeep
|turn|13
|
|t:|1665205805
|move|p1a: Ferrothorn|Spikes|p2a: 吉姆·杰克逊
|-sidestart|p2: g456fd4g65df|Spikes
|move|p2a: 吉姆·杰克逊|Rapid Spin|p1a: Ferrothorn
|-resisted|p1a: Ferrothorn
|-damage|p1a: Ferrothorn|98/100
|-boost|p2a: 吉姆·杰克逊|spe|1
|-damage|p2a: 吉姆·杰克逊|77/100|[from] ability: Iron Barbs|[of] p1a: Ferrothorn
|-sideend|p2: g456fd4g65df|Spikes|[from] move: Rapid Spin|[of] p2a: 吉姆·杰克逊
|
|-weather|SunnyDay|[upkeep]
|-heal|p1a: Ferrothorn|100/100|[from] item: Leftovers
|upkeep
|turn|14
|
|t:|1665205808
|switch|p2a: 乔·约翰逊|Victini|100/100
|move|p1a: Ferrothorn|Spikes|p2a: 乔·约翰逊
|-sidestart|p2: g456fd4g65df|Spikes
|
|-weather|SunnyDay|[upkeep]
|upkeep
|turn|15
|
|t:|1665205811
|switch|p1a: Slowbro|Slowbro, M|75/100
|move|p2a: 乔·约翰逊|V-create|p1a: Slowbro
|-resisted|p1a: Slowbro
|-damage|p1a: Slowbro|12/100
|-unboost|p2a: 乔·约翰逊|spe|1
|-unboost|p2a: 乔·约翰逊|def|1
|-unboost|p2a: 乔·约翰逊|spd|1
|
|-weather|SunnyDay|[upkeep]
|upkeep
|turn|16
|
|t:|1665205817
|switch|p1a: Ferrothorn|Ferrothorn, M|100/100
|-damage|p1a: Ferrothorn|94/100|[from] Stealth Rock
|move|p2a: 乔·约翰逊|V-create|p1a: Ferrothorn
|-supereffective|p1a: Ferrothorn
|-damage|p1a: Ferrothorn|0 fnt
|-unboost|p2a: 乔·约翰逊|spe|1
|-unboost|p2a: 乔·约翰逊|def|1
|-unboost|p2a: 乔·约翰逊|spd|1
|-damage|p2a: 乔·约翰逊|88/100|[from] ability: Iron Barbs|[of] p1a: Ferrothorn
|faint|p1a: Ferrothorn
|
|-weather|SunnyDay|[upkeep]
|upkeep
|
|t:|1665205818
|switch|p1a: Landorus|Landorus-Therian, M|100/100
|-damage|p1a: Landorus|88/100|[from] Stealth Rock
|-ability|p1a: Landorus|Intimidate|boost
|-unboost|p2a: 乔·约翰逊|atk|1
|turn|17
|
|t:|1665205822
|switch|p2a: 拉简·隆多|Zapdos, shiny|69/100
|move|p1a: Landorus|U-turn|p2a: 拉简·隆多
|-resisted|p2a: 拉简·隆多
|-crit|p2a: 拉简·隆多
|-damage|p2a: 拉简·隆多|56/100
|
|t:|1665205825
|switch|p1a: Clefable|Clefable, F|100/100|[from]move: U-turn
|-damage|p1a: Clefable|88/100|[from] Stealth Rock
|
|-weather|SunnyDay|[upkeep]
|-heal|p1a: Clefable|94/100|[from] item: Leftovers
|upkeep
|turn|18
|
|t:|1665205827
|move|p2a: 拉简·隆多|Roost|p2a: 拉简·隆多
|-heal|p2a: 拉简·隆多|100/100
|-singleturn|p2a: 拉简·隆多|move: Roost
|move|p1a: Clefable|Wish|p1a: Clefable
|
|-weather|none
|-heal|p1a: Clefable|99/100|[from] item: Leftovers
|upkeep
|turn|19
|
|t:|1665205833
|move|p2a: 拉简·隆多|U-turn|p1a: Clefable
|-resisted|p1a: Clefable
|-damage|p1a: Clefable|95/100
|
|t:|1665205836
|switch|p2a: 吉姆·杰克逊|Torkoal, M|77/100|[from]move: U-turn
|-damage|p2a: 吉姆·杰克逊|65/100|[from] Spikes
|-weather|SunnyDay|[from] ability: Drought|[of] p2a: 吉姆·杰克逊
|move|p1a: Clefable|Moonblast|p2a: 吉姆·杰克逊
|-resisted|p2a: 吉姆·杰克逊
|-damage|p2a: 吉姆·杰克逊|44/100
|-unboost|p2a: 吉姆·杰克逊|spa|1
|
|-weather|SunnyDay|[upkeep]
|-heal|p1a: Clefable|100/100|[from] move: Wish|[wisher] Clefable
|upkeep
|turn|20
|
|t:|1665205840
|move|p1a: Clefable|Moonblast|p2a: 吉姆·杰克逊
|-resisted|p2a: 吉姆·杰克逊
|-damage|p2a: 吉姆·杰克逊|25/100
|move|p2a: 吉姆·杰克逊|Rapid Spin|p1a: Clefable
|-damage|p1a: Clefable|93/100
|-boost|p2a: 吉姆·杰克逊|spe|1
|-sideend|p2: g456fd4g65df|Spikes|[from] move: Rapid Spin|[of] p2a: 吉姆·杰克逊
|
|-weather|SunnyDay|[upkeep]
|-heal|p1a: Clefable|99/100|[from] item: Leftovers
|upkeep
|turn|21
|
|t:|1665205843
|switch|p2a: 帕特里克·贝弗利|Clefable, M, shiny|74/100
|move|p1a: Clefable|Wish|p1a: Clefable
|
|-weather|SunnyDay|[upkeep]
|-heal|p1a: Clefable|100/100|[from] item: Leftovers
|upkeep
|turn|22
|
|t:|1665205846
|move|p1a: Clefable|Teleport|p1a: Clefable
|
|t:|1665205847
|switch|p1a: Slowbro|Slowbro, M|45/100|[from]move: Teleport
|move|p2a: 帕特里克·贝弗利|Teleport|p2a: 帕特里克·贝弗利
|
|t:|1665205855
|switch|p2a: 拉简·隆多|Zapdos, shiny|100/100|[from]move: Teleport
|
|-weather|SunnyDay|[upkeep]
|-heal|p1a: Slowbro|95/100|[from] move: Wish|[wisher] Clefable
|upkeep
|turn|23
|
|t:|1665205863
|move|p2a: 拉简·隆多|U-turn|p1a: Slowbro
|-supereffective|p1a: Slowbro
|-damage|p1a: Slowbro|75/100
|
|t:|1665205867
|switch|p2a: 乔·约翰逊|Victini|88/100|[from]move: U-turn
|move|p1a: Slowbro|Teleport|p1a: Slowbro
|
|t:|1665205869
|switch|p1a: Landorus|Landorus-Therian, M|88/100|[from]move: Teleport
|-damage|p1a: Landorus|76/100|[from] Stealth Rock
|-ability|p1a: Landorus|Intimidate|boost
|-unboost|p2a: 乔·约翰逊|atk|1
|
|-weather|none
|-heal|p1a: Landorus|82/100|[from] item: Leftovers
|upkeep
|turn|24
|
|t:|1665205874
|switch|p2a: 拉简·隆多|Zapdos, shiny|100/100
|move|p1a: Landorus|Defog|p2a: 拉简·隆多
|-unboost|p2a: 拉简·隆多|evasion|1
|-sideend|p1: Darkman64|Stealth Rock|[from] move: Defog|[of] p1a: Landorus
|
|-heal|p1a: Landorus|88/100|[from] item: Leftovers
|upkeep
|turn|25
|
|t:|1665205878
|move|p2a: 拉简·隆多|U-turn|p1a: Landorus
|-resisted|p1a: Landorus
|-damage|p1a: Landorus|81/100
|
|t:|1665205880
|switch|p2a: 吉姆·杰克逊|Torkoal, M|25/100|[from]move: U-turn
|-weather|SunnyDay|[from] ability: Drought|[of] p2a: 吉姆·杰克逊
|move|p1a: Landorus|Toxic|p2a: 吉姆·杰克逊
|-status|p2a: 吉姆·杰克逊|tox
|
|-weather|SunnyDay|[upkeep]
|-heal|p1a: Landorus|87/100|[from] item: Leftovers
|-damage|p2a: 吉姆·杰克逊|19/100 tox|[from] psn
|upkeep
|turn|26
|
|t:|1665205883
|switch|p2a: 拉简·隆多|Zapdos, shiny|100/100
|move|p1a: Landorus|Earthquake|p2a: 拉简·隆多
|-immune|p2a: 拉简·隆多
|
|-weather|SunnyDay|[upkeep]
|-heal|p1a: Landorus|93/100|[from] item: Leftovers
|upkeep
|turn|27
|
|t:|1665205886
|move|p1a: Landorus|Toxic|p2a: 拉简·隆多
|-status|p2a: 拉简·隆多|tox
|move|p2a: 拉简·隆多|U-turn|p1a: Landorus
|-resisted|p1a: Landorus
|-damage|p1a: Landorus|86/100
|
|t:|1665205888
|switch|p2a: 乔·约翰逊|Victini|88/100|[from]move: U-turn
|
|-weather|SunnyDay|[upkeep]
|-heal|p1a: Landorus|92/100|[from] item: Leftovers
|upkeep
|turn|28
|
|t:|1665205890
|switch|p1a: Slowbro|Slowbro, M|100/100
|move|p2a: 乔·约翰逊|V-create|p1a: Slowbro
|-resisted|p1a: Slowbro
|-damage|p1a: Slowbro|40/100
|-unboost|p2a: 乔·约翰逊|spe|1
|-unboost|p2a: 乔·约翰逊|def|1
|-unboost|p2a: 乔·约翰逊|spd|1
|
|-weather|SunnyDay|[upkeep]
|upkeep
|turn|29
|
|t:|1665205896
|switch|p1a: Landorus|Landorus-Therian, M|92/100
|-ability|p1a: Landorus|Intimidate|boost
|-unboost|p2a: 乔·约翰逊|atk|1
|move|p2a: 乔·约翰逊|V-create|p1a: Landorus
|-damage|p1a: Landorus|0 fnt
|-unboost|p2a: 乔·约翰逊|spe|1
|-unboost|p2a: 乔·约翰逊|def|1
|-unboost|p2a: 乔·约翰逊|spd|1
|faint|p1a: Landorus
|
|-weather|none
|upkeep
|
|t:|1665205899
|switch|p1a: Slowbro|Slowbro, M|73/100
|turn|30
|
|t:|1665205911
|switch|p2a: 吉姆·杰克逊|Torkoal, M|19/100 tox
|-weather|SunnyDay|[from] ability: Drought|[of] p2a: 吉姆·杰克逊
|move|p1a: Slowbro|Future Sight|p2a: 吉姆·杰克逊
|-start|p1a: Slowbro|move: Future Sight
|
|-weather|SunnyDay|[upkeep]
|-damage|p2a: 吉姆·杰克逊|13/100 tox|[from] psn
|upkeep
|turn|31
|
|t:|1665205916
|move|p2a: 吉姆·杰克逊|Stealth Rock|p1a: Slowbro
|-sidestart|p1: Darkman64|move: Stealth Rock
|move|p1a: Slowbro|Teleport|p1a: Slowbro
|
|t:|1665205917
|switch|p1a: Clefable|Clefable, F|100/100|[from]move: Teleport
|-damage|p1a: Clefable|88/100|[from] Stealth Rock
|
|-weather|SunnyDay|[upkeep]
|-heal|p1a: Clefable|94/100|[from] item: Leftovers
|-damage|p2a: 吉姆·杰克逊|0 fnt|[from] psn
|faint|p2a: 吉姆·杰克逊
|upkeep
|
|t:|1665205925
|switch|p2a: 埃里克·戈登|Darmanitan, M, shiny|100/100
|turn|32
|
|t:|1665205929
|move|p1a: Clefable|Protect|p1a: Clefable
|-singleturn|p1a: Clefable|Protect
|move|p2a: 埃里克·戈登|U-turn|p1a: Clefable
|-activate|p1a: Clefable|move: Protect
|
|-weather|SunnyDay|[upkeep]
|-end|p2a: 埃里克·戈登|move: Future Sight
|-damage|p2a: 埃里克·戈登|37/100
|-heal|p1a: Clefable|99/100|[from] item: Leftovers
|upkeep
|turn|33
|
|t:|1665205932
|move|p2a: 埃里克·戈登|U-turn|p1a: Clefable
|-resisted|p1a: Clefable
|-damage|p1a: Clefable|90/100
|
|t:|1665205938
|switch|p2a: 乔·约翰逊|Victini|88/100|[from]move: U-turn
|move|p1a: Clefable|Wish|p1a: Clefable
|
|-weather|SunnyDay|[upkeep]
|-heal|p1a: Clefable|96/100|[from] item: Leftovers
|upkeep
|turn|34
|
|t:|1665205943
|switch|p1a: Slowbro|Slowbro, M|100/100
|move|p2a: 乔·约翰逊|Final Gambit|p1a: Slowbro
|-damage|p1a: Slowbro|12/100
|faint|p2a: 乔·约翰逊
|
|-weather|none
|-heal|p1a: Slowbro|62/100|[from] move: Wish|[wisher] Clefable
|upkeep
|
|t:|1665205946
|switch|p2a: 拉简·隆多|Zapdos, shiny|100/100 tox
|turn|35
|
|t:|1665205954
|switch|p1a: Clefable|Clefable, F|96/100
|-damage|p1a: Clefable|84/100|[from] Stealth Rock
|move|p2a: 拉简·隆多|Discharge|p1a: Clefable
|-damage|p1a: Clefable|52/100
|
|-heal|p1a: Clefable|58/100|[from] item: Leftovers
|-damage|p2a: 拉简·隆多|94/100 tox|[from] psn
|upkeep
|turn|36
|
|t:|1665205960
|move|p1a: Clefable|Protect|p1a: Clefable
|-singleturn|p1a: Clefable|Protect
|move|p2a: 拉简·隆多|Discharge|p1a: Clefable
|-activate|p1a: Clefable|move: Protect
|
|-heal|p1a: Clefable|64/100|[from] item: Leftovers
|-damage|p2a: 拉简·隆多|82/100 tox|[from] psn
|upkeep
|turn|37
|
|t:|1665205962
|move|p2a: 拉简·隆多|Discharge|p1a: Clefable
|-damage|p1a: Clefable|35/100
|-status|p1a: Clefable|par
|cant|p1a: Clefable|par
|
|-heal|p1a: Clefable|41/100 par|[from] item: Leftovers
|-damage|p2a: 拉简·隆多|64/100 tox|[from] psn
|upkeep
|turn|38
|
|t:|1665205967
|move|p2a: 拉简·隆多|Discharge|p1a: Clefable
|-damage|p1a: Clefable|11/100 par
|move|p1a: Clefable|Wish|p1a: Clefable
|
|-heal|p1a: Clefable|17/100 par|[from] item: Leftovers
|-damage|p2a: 拉简·隆多|40/100 tox|[from] psn
|upkeep
|turn|39
|
|t:|1665205970
|move|p1a: Clefable|Protect|p1a: Clefable
|-singleturn|p1a: Clefable|Protect
|move|p2a: 拉简·隆多|Discharge|p1a: Clefable
|-activate|p1a: Clefable|move: Protect
|
|-heal|p1a: Clefable|67/100 par|[from] move: Wish|[wisher] Clefable
|-heal|p1a: Clefable|73/100 par|[from] item: Leftovers
|-damage|p2a: 拉简·隆多|10/100 tox|[from] psn
|upkeep
|turn|40
|
|t:|1665205973
|move|p2a: 拉简·隆多|Roost|p2a: 拉简·隆多
|-heal|p2a: 拉简·隆多|61/100 tox
|-singleturn|p2a: 拉简·隆多|move: Roost
|cant|p1a: Clefable|par
|
|-heal|p1a: Clefable|79/100 par|[from] item: Leftovers
|-damage|p2a: 拉简·隆多|25/100 tox|[from] psn
|upkeep
|turn|41
|
|t:|1665205979
|switch|p2a: 帕特里克·贝弗利|Clefable, M, shiny|74/100
|cant|p1a: Clefable|par
|
|-heal|p1a: Clefable|85/100 par|[from] item: Leftovers
|upkeep
|turn|42
|
|t:|1665205989
|move|p2a: 帕特里克·贝弗利|Moonblast|p1a: Clefable
|-damage|p1a: Clefable|54/100 par
|move|p1a: Clefable|Wish|p1a: Clefable
|
|-heal|p1a: Clefable|60/100 par|[from] item: Leftovers
|upkeep
|turn|43
|
|t:|1665205993
|move|p2a: 帕特里克·贝弗利|Moonblast|p1a: Clefable
|-damage|p1a: Clefable|32/100 par
|move|p1a: Clefable|Moonblast|p2a: 帕特里克·贝弗利
|-damage|p2a: 帕特里克·贝弗利|44/100
|-unboost|p2a: 帕特里克·贝弗利|spa|1
|
|-heal|p1a: Clefable|82/100 par|[from] move: Wish|[wisher] Clefable
|-heal|p1a: Clefable|88/100 par|[from] item: Leftovers
|upkeep
|turn|44
|
|t:|1665205997
|move|p2a: 帕特里克·贝弗利|Moonblast|p1a: Clefable
|-damage|p1a: Clefable|56/100 par
|-unboost|p1a: Clefable|spa|1
|move|p1a: Clefable|Moonblast|p2a: 帕特里克·贝弗利
|-damage|p2a: 帕特里克·贝弗利|14/100
|-unboost|p2a: 帕特里克·贝弗利|spa|1
|
|-heal|p1a: Clefable|62/100 par|[from] item: Leftovers
|upkeep
|turn|45
|
|t:|1665206001
|move|p2a: 帕特里克·贝弗利|Moonblast|p1a: Clefable
|-damage|p1a: Clefable|32/100 par
|move|p1a: Clefable|Moonblast|p2a: 帕特里克·贝弗利
|-damage|p2a: 帕特里克·贝弗利|0 fnt
|faint|p2a: 帕特里克·贝弗利
|
|-heal|p1a: Clefable|39/100 par|[from] item: Leftovers
|upkeep
|
|t:|1665206005
|switch|p2a: 埃里克·戈登|Darmanitan, M, shiny|37/100
|turn|46
|
|t:|1665206008
|cant|p1a: Clefable|par
|move|p2a: 埃里克·戈登|U-turn|p1a: Clefable
|-resisted|p1a: Clefable
|-damage|p1a: Clefable|29/100 par
|
|t:|1665206010
|switch|p2a: 拉简·隆多|Zapdos, shiny|25/100 tox|[from]move: U-turn
|
|-heal|p1a: Clefable|35/100 par|[from] item: Leftovers
|-damage|p2a: 拉简·隆多|19/100 tox|[from] psn
|upkeep
|turn|47
|
|t:|1665206013
|move|p2a: 拉简·隆多|Discharge|p1a: Clefable
|-damage|p1a: Clefable|2/100 par
|cant|p1a: Clefable|par
|
|-heal|p1a: Clefable|8/100 par|[from] item: Leftovers
|-damage|p2a: 拉简·隆多|7/100 tox|[from] psn
|upkeep
|turn|48
|
|t:|1665206029
|move|p2a: 拉简·隆多|U-turn|p1a: Clefable
|-resisted|p1a: Clefable
|-damage|p1a: Clefable|2/100 par
|
|t:|1665206031
|switch|p2a: 约什·史密斯|Swampert, M|36/100 tox|[from]move: U-turn
|move|p1a: Clefable|Wish|p1a: Clefable
|
|-heal|p1a: Clefable|8/100 par|[from] item: Leftovers
|-damage|p2a: 约什·史密斯|30/100 tox|[from] psn
|upkeep
|turn|49
|
|t:|1665206036
|cant|p1a: Clefable|par
|move|p2a: 约什·史密斯|Flip Turn|p1a: Clefable
|-damage|p1a: Clefable|0 fnt
|faint|p1a: Clefable
|
|t:|1665206040
|switch|p2a: 埃里克·戈登|Darmanitan, M, shiny|37/100|[from]move: Flip Turn
|
|upkeep
|c|☆Darkman64|pffffffffffffffffff
|
|t:|1665206043
|switch|p1a: Slowbro|Slowbro, M|95/100
|turn|50
|
|t:|1665206046
|move|p2a: 埃里克·戈登|U-turn|p1a: Slowbro
|-supereffective|p1a: Slowbro
|-damage|p1a: Slowbro|63/100
|
|t:|1665206049
|switch|p2a: 约什·史密斯|Swampert, M|30/100 tox|[from]move: U-turn
|move|p1a: Slowbro|Slack Off|p1a: Slowbro
|-heal|p1a: Slowbro|100/100
|
|-damage|p2a: 约什·史密斯|24/100 tox|[from] psn
|upkeep
|turn|51
|
|t:|1665206056
|move|p2a: 约什·史密斯|Earth Power|p1a: Slowbro
|-damage|p1a: Slowbro|73/100
|move|p1a: Slowbro|Future Sight|p2a: 约什·史密斯
|-start|p1a: Slowbro|move: Future Sight
|
|-damage|p2a: 约什·史密斯|12/100 tox|[from] psn
|upkeep
|turn|52
|
|t:|1665206065
|move|p2a: 约什·史密斯|Earth Power|p1a: Slowbro
|-damage|p1a: Slowbro|45/100
|move|p1a: Slowbro|Slack Off|p1a: Slowbro
|-heal|p1a: Slowbro|95/100
|
|-damage|p2a: 约什·史密斯|0 fnt|[from] psn
|faint|p2a: 约什·史密斯
|upkeep
|
|t:|1665206070
|switch|p2a: 拉简·隆多|Zapdos, shiny|7/100 tox
|turn|53
|
|t:|1665206073
|move|p2a: 拉简·隆多|Discharge|p1a: Slowbro
|-supereffective|p1a: Slowbro
|-crit|p1a: Slowbro
|-damage|p1a: Slowbro|6/100
|move|p1a: Slowbro|Scald|p2a: 拉简·隆多
|-damage|p2a: 拉简·隆多|0 fnt
|faint|p2a: 拉简·隆多
|
|-hint|Future Sight did not hit because the target is fainted.
|upkeep
|
|t:|1665206077
|switch|p2a: 埃里克·戈登|Darmanitan, M, shiny|37/100
|turn|54
|c|☆Darkman64|and critic
|c|☆Darkman64|soo sabsur
|c|☆Darkman64|type
|
|t:|1665206088
|move|p2a: 埃里克·戈登|Flare Blitz|p1a: Slowbro
|-resisted|p1a: Slowbro
|-damage|p1a: Slowbro|0 fnt
|faint|p1a: Slowbro
|-damage|p2a: 埃里克·戈登|35/100|[from] Recoil
|
|win|g456fd4g65df
|raw|Darkman64's rating: 1607 &rarr; <strong>1592</strong><br />(-15 for losing)
|raw|g456fd4g65df's rating: 1688 &rarr; <strong>1703</strong><br />(+15 for winning)
|c|☆Darkman64|soo ask
|l|☆Darkman64
|c|☆g456fd4g65df|sry
||Ladder isn't responding, score probably updated but might not have (Request timeout).
