|j|☆Kyerndo
|j|☆Run For Me Plz
|t:|1644164394
|gametype|singles
|player|p1|Kyerndo|psychic|1481
|player|p2|Run For Me Plz|grimsley-gen7|1583
|teamsize|p1|6
|teamsize|p2|6
|gen|8
|tier|[Gen 8] OU
|rated|
|rule|Sleep Clause Mod: Limit one foe put to sleep
|rule|Species Clause: Limit one of each Pokémon
|rule|OHKO Clause: OHKO moves are banned
|rule|Evasion Moves Clause: Evasion moves are banned
|rule|Endless Battle Clause: Forcing endless battles is banned
|rule|HP Percentage Mod: HP is shown in percentages
|rule|Dynamax Clause: You cannot dynamax
|clearpoke
|poke|p1|Crawdaunt, M|
|poke|p1|Marowak-Alola, F|
|poke|p1|Dragalge, F|
|poke|p1|Hatterene, F|
|poke|p1|Porygon2|
|poke|p1|Cresselia, F|
|poke|p2|Scizor, F|
|poke|p2|Magnezone|
|poke|p2|Buzzwole|
|poke|p2|Umbreon, M|
|poke|p2|Slowking-Galar, F|
|poke|p2|Corviknight, F|
|teampreview
|inactive|Battle timer is ON: inactive players will automatically lose when time's up. (requested by Run For Me Plz)
|
|t:|1644164412
|start
|switch|p1a: Marowak|Marowak-Alola, F|100/100
|switch|p2a: Magnezone|Magnezone, shiny|100/100
|turn|1
|
|t:|1644164418
|move|p2a: Magnezone|Volt Switch|p1a: Marowak
|-damage|p1a: Marowak|22/100
|
|t:|1644164424
|switch|p2a: Umbreon|Umbreon, M, shiny|100/100|[from]move: Volt Switch
|move|p1a: Marowak|Flare Blitz|p2a: Umbreon
|-damage|p2a: Umbreon|37/100
|-status|p2a: Umbreon|brn
|-activate|p2a: Umbreon|ability: Synchronize
|-immune|p1a: Marowak
|
|-heal|p2a: Umbreon|43/100 brn|[from] item: Leftovers
|-damage|p2a: Umbreon|37/100 brn|[from] brn
|upkeep
|turn|2
|
|t:|1644164436
|switch|p1a: Crawdaunt|Crawdaunt, M|100/100
|move|p2a: Umbreon|Wish|p2a: Umbreon
|
|-heal|p2a: Umbreon|43/100 brn|[from] item: Leftovers
|-damage|p2a: Umbreon|37/100 brn|[from] brn
|upkeep
|turn|3
|
|t:|1644164441
|move|p2a: Umbreon|Protect|p2a: Umbreon
|-singleturn|p2a: Umbreon|Protect
|move|p1a: Crawdaunt|Swords Dance|p1a: Crawdaunt
|-boost|p1a: Crawdaunt|atk|2
|
|-heal|p2a: Umbreon|87/100 brn|[from] move: Wish|[wisher] Umbreon
|-heal|p2a: Umbreon|93/100 brn|[from] item: Leftovers
|-damage|p2a: Umbreon|87/100 brn|[from] brn
|upkeep
|turn|4
|
|t:|1644164444
|move|p2a: Umbreon|Foul Play|p1a: Crawdaunt
|-resisted|p1a: Crawdaunt
|-damage|p1a: Crawdaunt|70/100
|move|p1a: Crawdaunt|Crabhammer|p2a: Umbreon|[miss]
|-miss|p1a: Crawdaunt|p2a: Umbreon
|
|-heal|p2a: Umbreon|93/100 brn|[from] item: Leftovers
|-damage|p2a: Umbreon|87/100 brn|[from] brn
|upkeep
|turn|5
|
|t:|1644164449
|move|p2a: Umbreon|Foul Play|p1a: Crawdaunt
|-resisted|p1a: Crawdaunt
|-damage|p1a: Crawdaunt|42/100
|move|p1a: Crawdaunt|Crabhammer|p2a: Umbreon
|-crit|p2a: Umbreon
|-damage|p2a: Umbreon|0 fnt
|faint|p2a: Umbreon
|-damage|p1a: Crawdaunt|32/100|[from] item: Life Orb
|
|upkeep
|
|t:|1644164462
|switch|p2a: Excalibird|Corviknight, F, shiny|100/100
|-ability|p2a: Excalibird|Pressure
|turn|6
|
|t:|1644164466
|move|p2a: Excalibird|U-turn|p1a: Crawdaunt
|-supereffective|p1a: Crawdaunt
|-damage|p1a: Crawdaunt|0 fnt
|faint|p1a: Crawdaunt
|
|t:|1644164471
|switch|p2a: Magnezone|Magnezone, shiny|100/100|[from]move: U-turn
|
|upkeep
|
|t:|1644164477
|switch|p1a: Cresselia|Cresselia, F|100/100
|turn|7
|
|t:|1644164487
|move|p2a: Magnezone|Flash Cannon|p1a: Cresselia
|-damage|p1a: Cresselia|63/100
|move|p1a: Cresselia|Trick Room|p1a: Cresselia
|-fieldstart|move: Trick Room|[of] p1a: Cresselia
|
|upkeep
|turn|8
|
|t:|1644164491
|move|p1a: Cresselia|Lunar Dance|p1a: Cresselia
|faint|p1a: Cresselia
|move|p2a: Magnezone|Flash Cannon|p1: Cresselia|[notarget]
|-fail|p2a: Magnezone
|
|upkeep
|
|t:|1644164493
|switch|p1a: Marowak|Marowak-Alola, F|22/100
|-heal|p1a: Marowak|100/100|[from] move: Lunar Dance
|turn|9
|
|t:|1644164500
|switch|p2a: Excalibird|Corviknight, F, shiny|100/100
|-ability|p2a: Excalibird|Pressure
|move|p1a: Marowak|Flare Blitz|p2a: Excalibird
|-supereffective|p2a: Excalibird
|-damage|p2a: Excalibird|0 fnt
|faint|p2a: Excalibird
|
|upkeep
|
|t:|1644164512
|switch|p2a: Scizor|Scizor, F|100/100
|turn|10
|
|t:|1644164520
|move|p2a: Scizor|Bullet Punch|p1a: Marowak
|-resisted|p1a: Marowak
|-damage|p1a: Marowak|77/100
|move|p1a: Marowak|Flare Blitz|p2a: Scizor
|-supereffective|p2a: Scizor
|-damage|p2a: Scizor|0 fnt
|faint|p2a: Scizor
|
|upkeep
|
|t:|1644164522
|switch|p2a: Slowking|Slowking-Galar, F|100/100
|turn|11
|
|t:|1644164523
|move|p2a: Slowking|Scald|p1a: Marowak
|-supereffective|p1a: Marowak
|-damage|p1a: Marowak|21/100
|move|p1a: Marowak|Flare Blitz|p2a: Slowking
|-damage|p2a: Slowking|5/100
|
|-fieldend|move: Trick Room
|upkeep
|turn|12
|
|t:|1644164530
|move|p1a: Marowak|Flare Blitz|p2a: Slowking
|-damage|p2a: Slowking|0 fnt
|faint|p2a: Slowking
|
|upkeep
|
|t:|1644164531
|switch|p2a: Magnezone|Magnezone, shiny|100/100
|turn|13
|
|t:|1644164536
|switch|p1a: Porygon2|Porygon2|100/100
|-ability|p1a: Porygon2|Magnet Pull|[from] ability: Trace|[of] p2a: Magnezone
|move|p2a: Magnezone|Flash Cannon|p1a: Porygon2
|-crit|p1a: Porygon2
|-damage|p1a: Porygon2|44/100
|
|upkeep
|turn|14
|
|t:|1644164542
|move|p2a: Magnezone|Flash Cannon|p1a: Porygon2
|-damage|p1a: Porygon2|11/100
|-unboost|p1a: Porygon2|spd|1
|move|p1a: Porygon2|Trick Room|p1a: Porygon2
|-fieldstart|move: Trick Room|[of] p1a: Porygon2
|
|upkeep
|turn|15
|
|t:|1644164546
|move|p2a: Magnezone|Flash Cannon|p1a: Porygon2
|-damage|p1a: Porygon2|0 fnt
|faint|p1a: Porygon2
|
|upkeep
|
|t:|1644164550
|switch|p1a: Marowak|Marowak-Alola, F|21/100
|turn|16
|
|t:|1644164553
|move|p1a: Marowak|Flare Blitz|p2a: Magnezone
|-supereffective|p2a: Magnezone
|-damage|p2a: Magnezone|0 fnt
|faint|p2a: Magnezone
|
|upkeep
|
|t:|1644164556
|switch|p2a: Buzzwole|Buzzwole, shiny|100/100
|turn|17
|
|t:|1644164558
|move|p1a: Marowak|Flare Blitz|p2a: Buzzwole
|-supereffective|p2a: Buzzwole
|-damage|p2a: Buzzwole|0 fnt
|faint|p2a: Buzzwole
|
|win|Kyerndo
|raw|Kyerndo's rating: 1481 &rarr; <strong>1507</strong><br />(+26 for winning)
|raw|Run For Me Plz's rating: 1583 &rarr; <strong>1557</strong><br />(-26 for losing)
|l|☆Run For Me Plz
||Ladder isn't responding, score probably updated but might not have (Request timeout).
