|j|☆desert97
|j|☆Steez Ibanez
|t:|1666997922
|gametype|singles
|player|p1|desert97|266|1784
|player|p2|Steez Ibanez|acetrainer-gen7|1861
|teamsize|p1|6
|teamsize|p2|6
|gen|8
|tier|[Gen 8] OU
|rated|
|rule|Sleep Clause Mod: Limit one foe put to sleep
|rule|Species Clause: Limit one of each Pokémon
|rule|OHKO Clause: OHKO moves are banned
|rule|Evasion Items Clause: Evasion items are banned
|rule|Evasion Moves Clause: Evasion moves are banned
|rule|Endless Battle Clause: Forcing endless battles is banned
|rule|HP Percentage Mod: HP is shown in percentages
|rule|Dynamax Clause: You cannot dynamax
|clearpoke
|poke|p1|Victini|
|poke|p1|Pelipper, M|
|poke|p1|Zapdos|
|poke|p1|Barraskewda, F|
|poke|p1|Kommo-o, M|
|poke|p1|Landorus-Therian, M|
|poke|p2|Blaziken, M|
|poke|p2|Ferrothorn, M|
|poke|p2|Weezing-Galar, M|
|poke|p2|Garchomp, M|
|poke|p2|Zapdos|
|poke|p2|Seismitoad, M|
|teampreview
|
|t:|1666997933
|start
|switch|p1a: Victini|Victini|100/100
|switch|p2a: Speedwagon|Weezing-Galar, M|100/100
|turn|1
|
|t:|1666997938
|move|p1a: Victini|Final Gambit|p2a: Speedwagon
|-damage|p2a: Speedwagon|0 fnt
|faint|p1a: Victini
|faint|p2a: Speedwagon
|
|upkeep
|
|t:|1666997944
|switch|p1a: Landorus|Landorus-Therian, M|100/100
|switch|p2a: Bolt|Zapdos|100/100
|-ability|p1a: Landorus|Intimidate|boost
|-unboost|p2a: Bolt|atk|1
|turn|2
|
|t:|1666997947
|switch|p2a: Abomination|Ferrothorn, M|100/100
|move|p1a: Landorus|Swords Dance|p1a: Landorus
|-boost|p1a: Landorus|atk|2
|
|upkeep
|turn|3
|
|t:|1666997951
|switch|p2a: Bolt|Zapdos|100/100
|move|p1a: Landorus|Earthquake|p2a: Bolt
|-immune|p2a: Bolt
|
|upkeep
|turn|4
|
|t:|1666997954
|switch|p2a: Samehada|Garchomp, M|100/100
|move|p1a: Landorus|Knock Off|p2a: Samehada
|-damage|p2a: Samehada|27/100
|-damage|p1a: Landorus|88/100|[from] ability: Rough Skin|[of] p2a: Samehada
|-enditem|p2a: Samehada|Leftovers|[from] move: Knock Off|[of] p1a: Landorus
|
|upkeep
|turn|5
|j| Adrianxuu
|
|t:|1666997961
|move|p2a: Samehada|Scale Shot|p1a: Landorus
|-damage|p1a: Landorus|73/100
|-damage|p1a: Landorus|59/100
|-damage|p1a: Landorus|44/100
|-damage|p1a: Landorus|29/100
|-damage|p1a: Landorus|13/100
|-hitcount|p1a: Landorus|5
|-unboost|p2a: Samehada|def|1
|-boost|p2a: Samehada|spe|1
|move|p1a: Landorus|Earthquake|p2a: Samehada
|-damage|p2a: Samehada|0 fnt
|faint|p2a: Samehada
|
|upkeep
|
|t:|1666997964
|switch|p2a: Bolt|Zapdos|100/100
|turn|6
|l| Adrianxuu
|
|t:|1666997966
|move|p1a: Landorus|Knock Off|p2a: Bolt
|-damage|p2a: Bolt|48/100
|-status|p1a: Landorus|par|[from] ability: Static|[of] p2a: Bolt
|-enditem|p2a: Bolt|Heavy-Duty Boots|[from] move: Knock Off|[of] p1a: Landorus
|move|p2a: Bolt|Heat Wave|p1a: Landorus
|-damage|p1a: Landorus|0 fnt
|faint|p1a: Landorus
|
|upkeep
|
|t:|1666997973
|switch|p1a: Barraskewda|Barraskewda, F|100/100
|turn|7
|
|t:|1666997981
|switch|p1a: Pelipper|Pelipper, M|100/100
|-weather|RainDance|[from] ability: Drizzle|[of] p1a: Pelipper
|move|p2a: Bolt|Roost|p2a: Bolt
|-heal|p2a: Bolt|98/100
|-singleturn|p2a: Bolt|move: Roost
|
|-weather|RainDance|[upkeep]
|upkeep
|turn|8
|j| Lost Temple
|
|t:|1666997995
|move|p2a: Bolt|Toxic|p1a: Pelipper
|-status|p1a: Pelipper|tox
|move|p1a: Pelipper|U-turn|p2a: Bolt
|-resisted|p2a: Bolt
|-damage|p2a: Bolt|95/100
|
|t:|1666997997
|switch|p1a: Zapdos|Zapdos|100/100|[from]move: U-turn
|
|-weather|RainDance|[upkeep]
|upkeep
|turn|9
|
|t:|1666998000
|move|p1a: Zapdos|Hurricane|p2a: Bolt
|-resisted|p2a: Bolt
|-damage|p2a: Bolt|53/100
|move|p2a: Bolt|Roost|p2a: Bolt
|-heal|p2a: Bolt|100/100
|-singleturn|p2a: Bolt|move: Roost
|
|-weather|RainDance|[upkeep]
|upkeep
|turn|10
|
|t:|1666998005
|move|p1a: Zapdos|Hurricane|p2a: Bolt
|-resisted|p2a: Bolt
|-damage|p2a: Bolt|59/100
|-start|p2a: Bolt|confusion
|-activate|p2a: Bolt|confusion
|-damage|p2a: Bolt|54/100|[from] confusion
|
|-weather|RainDance|[upkeep]
|upkeep
|turn|11
|
|t:|1666998010
|move|p1a: Zapdos|Hurricane|p2a: Bolt
|-resisted|p2a: Bolt
|-damage|p2a: Bolt|14/100
|-activate|p2a: Bolt|confusion
|-damage|p2a: Bolt|9/100|[from] confusion
|
|-weather|RainDance|[upkeep]
|upkeep
|turn|12
|c|☆Steez Ibanez|Lol
|
|t:|1666998021
|move|p1a: Zapdos|Hurricane|p2a: Bolt
|-resisted|p2a: Bolt
|-damage|p2a: Bolt|0 fnt
|faint|p2a: Bolt
|
|-weather|RainDance|[upkeep]
|upkeep
|
|t:|1666998024
|switch|p2a: Abomination|Ferrothorn, M|100/100
|turn|13
|
|t:|1666998027
|move|p1a: Zapdos|Hurricane|p2a: Abomination
|-damage|p2a: Abomination|28/100
|move|p2a: Abomination|Leech Seed|p1a: Zapdos
|-start|p1a: Zapdos|move: Leech Seed
|
|-weather|RainDance|[upkeep]
|-damage|p1a: Zapdos|88/100|[from] Leech Seed|[of] p2a: Abomination
|-heal|p2a: Abomination|40/100|[silent]
|upkeep
|turn|14
|
|t:|1666998032
|switch|p2a: Gamahiro|Seismitoad, M|100/100
|move|p1a: Zapdos|Hurricane|p2a: Gamahiro
|-damage|p2a: Gamahiro|26/100
|
|-weather|none
|-heal|p2a: Gamahiro|32/100|[from] item: Leftovers
|-damage|p1a: Zapdos|76/100|[from] Leech Seed|[of] p2a: Gamahiro
|-heal|p2a: Gamahiro|42/100|[silent]
|upkeep
|turn|15
|
|t:|1666998039
|move|p1a: Zapdos|Hurricane|p2a: Gamahiro
|-damage|p2a: Gamahiro|0 fnt
|faint|p2a: Gamahiro
|
|upkeep
|-message|Steez Ibanez forfeited.
|
|win|desert97
|raw|desert97's rating: 1784 &rarr; <strong>1808</strong><br />(+24 for winning)
|raw|Steez Ibanez's rating: 1861 &rarr; <strong>1837</strong><br />(-24 for losing)
|l|☆Steez Ibanez
|l| Lost Temple
||Ladder isn't responding, score probably updated but might not have (Request timeout).
