|j|☆2(H2O)-Alt
|j|☆juicepar
|t:|1657700023
|gametype|singles
|player|p1|2(H2O)-Alt|chase|1605
|player|p2|juicepar|crushgirl-gen3|1667
|teamsize|p1|6
|teamsize|p2|6
|gen|8
|tier|[Gen 8] OU
|rated|
|rule|Sleep Clause Mod: Limit one foe put to sleep
|rule|Species Clause: Limit one of each Pokémon
|rule|OHKO Clause: OHKO moves are banned
|rule|Evasion Moves Clause: Evasion moves are banned
|rule|Endless Battle Clause: Forcing endless battles is banned
|rule|HP Percentage Mod: HP is shown in percentages
|rule|Dynamax Clause: You cannot dynamax
|clearpoke
|poke|p1|Tapu Lele|
|poke|p1|Victini|
|poke|p1|Melmetal|
|poke|p1|Dragonite, M|
|poke|p1|Landorus-Therian, M|
|poke|p1|Urshifu-*, M|
|poke|p2|Arctovish|
|poke|p2|Arctozolt|
|poke|p2|Ninetales-Alola, F|
|poke|p2|Tornadus-Therian, M|
|poke|p2|Gastrodon-East, F|
|poke|p2|Zapdos|
|teampreview
|inactive|Battle timer is ON: inactive players will automatically lose when time's up. (requested by 2(H2O)-Alt)
|
|t:|1657700043
|start
|switch|p1a: Urshifu|Urshifu-Rapid-Strike, M|100/100
|switch|p2a: Ninetales|Ninetales-Alola, F|100/100
|-weather|Hail|[from] ability: Snow Warning|[of] p2a: Ninetales
|turn|1
|
|t:|1657700050
|switch|p2a: Zapdos|Zapdos|100/100
|move|p1a: Urshifu|Surging Strikes|p2a: Zapdos
|-crit|p2a: Zapdos
|-damage|p2a: Zapdos|78/100
|-crit|p2a: Zapdos
|-damage|p2a: Zapdos|58/100
|-crit|p2a: Zapdos
|-damage|p2a: Zapdos|38/100
|-hitcount|p2a: Zapdos|3
|
|-weather|Hail|[upkeep]
|-damage|p1a: Urshifu|94/100|[from] Hail
|-damage|p2a: Zapdos|31/100|[from] Hail
|upkeep
|turn|2
|c|☆juicepar|damn nice rng
|
|t:|1657700059
|switch|p2a: Gastrodon|Gastrodon-East, F|100/100
|move|p1a: Urshifu|Surging Strikes|p2a: Gastrodon
|-ability|p2a: Gastrodon|Storm Drain|boost
|-boost|p2a: Gastrodon|spa|1
|
|-weather|Hail|[upkeep]
|-damage|p1a: Urshifu|88/100|[from] Hail
|-damage|p2a: Gastrodon|94/100|[from] Hail
|upkeep
|turn|3
|
|t:|1657700065
|switch|p1a: Landorus|Landorus-Therian, M|100/100
|-ability|p1a: Landorus|Intimidate|boost
|-unboost|p2a: Gastrodon|atk|1
|move|p2a: Gastrodon|Earthquake|p1a: Landorus
|-immune|p1a: Landorus
|
|-weather|Hail|[upkeep]
|-damage|p1a: Landorus|94/100|[from] Hail
|-damage|p2a: Gastrodon|88/100|[from] Hail
|-heal|p1a: Landorus|100/100|[from] item: Leftovers
|upkeep
|turn|4
|
|t:|1657700069
|switch|p2a: JESUS TIME|Arctovish, shiny|100/100
|move|p1a: Landorus|Toxic|p2a: JESUS TIME
|-status|p2a: JESUS TIME|tox
|
|-weather|Hail|[upkeep]
|-damage|p1a: Landorus|94/100|[from] Hail
|-heal|p1a: Landorus|100/100|[from] item: Leftovers
|-damage|p2a: JESUS TIME|94/100 tox|[from] psn
|upkeep
|turn|5
|
|t:|1657700077
|switch|p1a: Melmetal|Melmetal|100/100
|move|p2a: JESUS TIME|Fishious Rend|p1a: Melmetal
|-damage|p1a: Melmetal|40/100
|
|-weather|Hail|[upkeep]
|-damage|p1a: Melmetal|34/100|[from] Hail
|-damage|p2a: JESUS TIME|82/100 tox|[from] psn
|upkeep
|turn|6
|
|t:|1657700084
|switch|p1a: Dragonite|Dragonite, M|100/100
|move|p2a: JESUS TIME|Fishious Rend|p1a: Dragonite
|-resisted|p1a: Dragonite
|-damage|p1a: Dragonite|80/100
|
|-weather|Hail|[upkeep]
|-damage|p1a: Dragonite|74/100|[from] Hail
|-damage|p2a: JESUS TIME|63/100 tox|[from] psn
|upkeep
|turn|7
|
|t:|1657700093
|switch|p2a: Gastrodon|Gastrodon-East, F|88/100
|move|p1a: Dragonite|Roost|p1a: Dragonite
|-heal|p1a: Dragonite|100/100
|-singleturn|p1a: Dragonite|move: Roost
|
|-weather|Hail|[upkeep]
|-damage|p1a: Dragonite|94/100|[from] Hail
|-damage|p2a: Gastrodon|82/100|[from] Hail
|upkeep
|turn|8
|
|t:|1657700098
|switch|p1a: Urshifu|Urshifu-Rapid-Strike, M|88/100
|move|p2a: Gastrodon|Toxic|p1a: Urshifu
|-status|p1a: Urshifu|tox
|
|-weather|none
|-damage|p1a: Urshifu|82/100 tox|[from] psn
|upkeep
|turn|9
|
|t:|1657700102
|move|p1a: Urshifu|U-turn|p2a: Gastrodon
|-damage|p2a: Gastrodon|55/100
|
|t:|1657700105
|switch|p1a: Landorus|Landorus-Therian, M|100/100|[from]move: U-turn
|-ability|p1a: Landorus|Intimidate|boost
|-unboost|p2a: Gastrodon|atk|1
|move|p2a: Gastrodon|Recover|p2a: Gastrodon
|-heal|p2a: Gastrodon|100/100
|
|upkeep
|turn|10
|
|t:|1657700113
|switch|p2a: Ninetales|Ninetales-Alola, F|100/100
|-weather|Hail|[from] ability: Snow Warning|[of] p2a: Ninetales
|move|p1a: Landorus|Stealth Rock|p2a: Ninetales
|-sidestart|p2: juicepar|move: Stealth Rock
|
|-weather|Hail|[upkeep]
|-damage|p1a: Landorus|94/100|[from] Hail
|-heal|p1a: Landorus|100/100|[from] item: Leftovers
|upkeep
|turn|11
|
|t:|1657700123
|switch|p1a: Victini|Victini|100/100
|move|p2a: Ninetales|Heal Bell|p2a: Ninetales
|-activate|p2a: Ninetales|move: Heal Bell
|-curestatus|p2: JESUS TIME|tox|[msg]
|
|-weather|Hail|[upkeep]
|-damage|p1a: Victini|94/100|[from] Hail
|upkeep
|turn|12
|
|t:|1657700138
|switch|p2a: TIMED JESUS|Arctozolt, shiny|100/100
|-damage|p2a: TIMED JESUS|76/100|[from] Stealth Rock
|move|p1a: Victini|U-turn|p2a: TIMED JESUS
|-crit|p2a: TIMED JESUS
|-damage|p2a: TIMED JESUS|43/100
|
|t:|1657700145
|switch|p1a: Landorus|Landorus-Therian, M|100/100|[from]move: U-turn
|-ability|p1a: Landorus|Intimidate|boost
|-unboost|p2a: TIMED JESUS|atk|1
|
|-weather|Hail|[upkeep]
|-damage|p1a: Landorus|94/100|[from] Hail
|-heal|p2a: TIMED JESUS|49/100|[from] item: Leftovers
|-heal|p1a: Landorus|100/100|[from] item: Leftovers
|upkeep
|turn|13
|
|t:|1657700150
|switch|p1a: Victini|Victini|94/100
|move|p2a: TIMED JESUS|Freeze-Dry|p1a: Victini
|-resisted|p1a: Victini
|-damage|p1a: Victini|82/100
|
|-weather|Hail|[upkeep]
|-damage|p1a: Victini|76/100|[from] Hail
|-heal|p2a: TIMED JESUS|55/100|[from] item: Leftovers
|upkeep
|turn|14
|
|t:|1657700155
|switch|p1a: Landorus|Landorus-Therian, M|100/100
|-ability|p1a: Landorus|Intimidate|boost
|-unboost|p2a: TIMED JESUS|atk|1
|move|p2a: TIMED JESUS|Bolt Beak|p1a: Landorus
|-immune|p1a: Landorus
|
|-weather|Hail|[upkeep]
|-damage|p1a: Landorus|94/100|[from] Hail
|-heal|p2a: TIMED JESUS|62/100|[from] item: Leftovers
|-heal|p1a: Landorus|100/100|[from] item: Leftovers
|upkeep
|turn|15
|
|t:|1657700158
|switch|p1a: Victini|Victini|76/100
|move|p2a: TIMED JESUS|Bolt Beak|p1a: Victini
|-crit|p1a: Victini
|-damage|p1a: Victini|0 fnt
|faint|p1a: Victini
|
|-weather|Hail|[upkeep]
|-heal|p2a: TIMED JESUS|68/100|[from] item: Leftovers
|upkeep
|
|t:|1657700165
|switch|p1a: Tapu Lele|Tapu Lele|100/100
|-fieldstart|move: Psychic Terrain|[from] ability: Psychic Surge|[of] p1a: Tapu Lele
|turn|16
|
|t:|1657700172
|move|p2a: TIMED JESUS|Blizzard|p1a: Tapu Lele
|-damage|p1a: Tapu Lele|59/100
|move|p1a: Tapu Lele|Psyshock|p2a: TIMED JESUS
|-damage|p2a: TIMED JESUS|4/100
|
|-weather|Hail|[upkeep]
|-damage|p1a: Tapu Lele|52/100|[from] Hail
|-heal|p2a: TIMED JESUS|10/100|[from] item: Leftovers
|upkeep
|turn|17
|
|t:|1657700178
|switch|p1a: Landorus|Landorus-Therian, M|100/100
|-ability|p1a: Landorus|Intimidate|boost
|-unboost|p2a: TIMED JESUS|atk|1
|move|p2a: TIMED JESUS|Blizzard|p1a: Landorus
|-supereffective|p1a: Landorus
|-damage|p1a: Landorus|0 fnt
|faint|p1a: Landorus
|
|-weather|none
|-heal|p2a: TIMED JESUS|17/100|[from] item: Leftovers
|upkeep
|
|t:|1657700181
|switch|p1a: Tapu Lele|Tapu Lele|52/100
|turn|18
|
|t:|1657700197
|move|p1a: Tapu Lele|Psyshock|p2a: TIMED JESUS
|-damage|p2a: TIMED JESUS|0 fnt
|faint|p2a: TIMED JESUS
|
|upkeep
|
|t:|1657700203
|switch|p2a: Gastrodon|Gastrodon-East, F|100/100
|-damage|p2a: Gastrodon|94/100|[from] Stealth Rock
|turn|19
|
|t:|1657700206
|move|p1a: Tapu Lele|Psyshock|p2a: Gastrodon
|-damage|p2a: Gastrodon|51/100
|move|p2a: Gastrodon|Recover|p2a: Gastrodon
|-heal|p2a: Gastrodon|100/100
|
|upkeep
|turn|20
|
|t:|1657700211
|switch|p1a: Urshifu|Urshifu-Rapid-Strike, M|82/100 tox
|move|p2a: Gastrodon|Stockpile|p2a: Gastrodon
|-start|p2a: Gastrodon|stockpile1
|-boost|p2a: Gastrodon|def|1
|-boost|p2a: Gastrodon|spd|1
|
|-damage|p1a: Urshifu|76/100 tox|[from] psn
|-fieldend|move: Psychic Terrain
|upkeep
|turn|21
|
|t:|1657700214
|move|p1a: Urshifu|Close Combat|p2a: Gastrodon
|-damage|p2a: Gastrodon|53/100
|-unboost|p1a: Urshifu|def|1
|-unboost|p1a: Urshifu|spd|1
|move|p2a: Gastrodon|Recover|p2a: Gastrodon
|-heal|p2a: Gastrodon|100/100
|
|-damage|p1a: Urshifu|64/100 tox|[from] psn
|upkeep
|turn|22
|
|t:|1657700217
|move|p1a: Urshifu|Close Combat|p2a: Gastrodon
|-damage|p2a: Gastrodon|53/100
|-unboost|p1a: Urshifu|def|1
|-unboost|p1a: Urshifu|spd|1
|move|p2a: Gastrodon|Recover|p2a: Gastrodon
|-heal|p2a: Gastrodon|100/100
|
|-damage|p1a: Urshifu|45/100 tox|[from] psn
|upkeep
|turn|23
|
|t:|1657700220
|move|p1a: Urshifu|Close Combat|p2a: Gastrodon
|-damage|p2a: Gastrodon|52/100
|-unboost|p1a: Urshifu|def|1
|-unboost|p1a: Urshifu|spd|1
|move|p2a: Gastrodon|Recover|p2a: Gastrodon
|-heal|p2a: Gastrodon|100/100
|
|-damage|p1a: Urshifu|20/100 tox|[from] psn
|upkeep
|turn|24
|
|t:|1657700223
|move|p1a: Urshifu|Close Combat|p2a: Gastrodon
|-damage|p2a: Gastrodon|52/100
|-unboost|p1a: Urshifu|def|1
|-unboost|p1a: Urshifu|spd|1
|move|p2a: Gastrodon|Stockpile|p2a: Gastrodon
|-start|p2a: Gastrodon|stockpile2
|-boost|p2a: Gastrodon|def|1
|-boost|p2a: Gastrodon|spd|1
|
|-damage|p1a: Urshifu|0 fnt|[from] psn
|faint|p1a: Urshifu
|upkeep
|
|t:|1657700232
|switch|p1a: Melmetal|Melmetal|34/100
|turn|25
|
|t:|1657700233
|move|p2a: Gastrodon|Recover|p2a: Gastrodon
|-heal|p2a: Gastrodon|100/100
|move|p1a: Melmetal|Double Iron Bash|p2a: Gastrodon
|-resisted|p2a: Gastrodon
|-damage|p2a: Gastrodon|93/100
|-resisted|p2a: Gastrodon
|-damage|p2a: Gastrodon|86/100
|-hitcount|p2a: Gastrodon|2
|
|upkeep
|turn|26
|-message|2(H2O)-Alt forfeited.
|
|win|juicepar
|raw|2(H2O)-Alt's rating: 1605 &rarr; <strong>1589</strong><br />(-16 for losing)
|raw|juicepar's rating: 1667 &rarr; <strong>1683</strong><br />(+16 for winning)
|l|☆2(H2O)-Alt
