|j|☆dovesoap2
|j|☆early_human
|t:|1636498194
|gametype|singles
|player|p1|dovesoap2|132|1733
|player|p2|early_human|dancer|1903
|teamsize|p1|6
|teamsize|p2|6
|gen|8
|tier|[Gen 8] OU
|rated|
|rule|Sleep Clause Mod: Limit one foe put to sleep
|rule|Species Clause: Limit one of each Pokémon
|rule|OHKO Clause: OHKO moves are banned
|rule|Evasion Moves Clause: Evasion moves are banned
|rule|Endless Battle Clause: Forcing endless battles is banned
|rule|HP Percentage Mod: HP is shown in percentages
|rule|Dynamax Clause: You cannot dynamax
|clearpoke
|poke|p1|Landorus-Therian, M|
|poke|p1|Clefable, F|
|poke|p1|Tornadus-Therian, M|
|poke|p1|Melmetal|
|poke|p1|Toxapex, M|
|poke|p1|Kartana|
|poke|p2|Moltres-Galar|
|poke|p2|Aegislash, F|
|poke|p2|Buzzwole|
|poke|p2|Latios, M|
|poke|p2|Landorus-Therian, M|
|poke|p2|Bisharp, M|
|teampreview
|j| enem memem
|
|t:|1636498197
|start
|switch|p1a: Toxapex|Toxapex, M, shiny|100/100
|switch|p2a: Aegislash|Aegislash, F|100/100
|turn|1
|inactive|Battle timer is ON: inactive players will automatically lose when time's up. (requested by dovesoap2)
|
|t:|1636498202
|switch|p2a: Moltres|Moltres-Galar|100/100
|move|p1a: Toxapex|Toxic Spikes|p2a: Moltres
|-sidestart|p2: early_human|move: Toxic Spikes
|
|upkeep
|turn|2
|
|t:|1636498204
|switch|p1a: Clefable|Clefable, F|100/100
|move|p2a: Moltres|Nasty Plot|p2a: Moltres
|-boost|p2a: Moltres|spa|2
|
|upkeep
|turn|3
|
|t:|1636498207
|move|p2a: Moltres|Hurricane|p1a: Clefable
|-damage|p1a: Clefable|66/100
|-start|p1a: Clefable|confusion
|-activate|p1a: Clefable|confusion
|move|p1a: Clefable|Thunder Wave|p2a: Moltres|[miss]
|-miss|p1a: Clefable|p2a: Moltres
|
|-heal|p1a: Clefable|72/100|[from] item: Leftovers
|upkeep
|turn|4
|
|t:|1636498213
|switch|p2a: Landorus|Landorus-Therian, M|100/100
|-ability|p2a: Landorus|Intimidate|boost
|-unboost|p1a: Clefable|atk|1
|-activate|p1a: Clefable|confusion
|move|p1a: Clefable|Soft-Boiled|p1a: Clefable
|-heal|p1a: Clefable|100/100
|
|upkeep
|turn|5
|
|t:|1636498216
|switch|p1a: Landorus|Landorus-Therian, M|100/100
|-ability|p1a: Landorus|Intimidate|boost
|-unboost|p2a: Landorus|atk|1
|move|p2a: Landorus|Earthquake|p1a: Landorus
|-immune|p1a: Landorus
|
|upkeep
|turn|6
|
|t:|1636498220
|move|p1a: Landorus|U-turn|p2a: Landorus
|-resisted|p2a: Landorus
|-damage|p2a: Landorus|88/100
|
|t:|1636498222
|switch|p1a: Kartana|Kartana|100/100|[from]move: U-turn
|move|p2a: Landorus|Stealth Rock|p1a: Kartana
|-sidestart|p1: dovesoap2|move: Stealth Rock
|
|upkeep
|turn|7
|
|t:|1636498226
|switch|p2a: Buzzwole|Buzzwole|100/100
|-status|p2a: Buzzwole|psn
|move|p1a: Kartana|Knock Off|p2a: Buzzwole
|-resisted|p2a: Buzzwole
|-damage|p2a: Buzzwole|89/100 psn
|-enditem|p2a: Buzzwole|Choice Band|[from] move: Knock Off|[of] p1a: Kartana
|
|-damage|p2a: Buzzwole|77/100 psn|[from] psn
|upkeep
|turn|8
|j| TumbleRumble
|
|t:|1636498234
|switch|p1a: Toxapex|Toxapex, M, shiny|100/100
|-damage|p1a: Toxapex|88/100|[from] Stealth Rock
|switch|p2a: Latios|Latios, M|100/100
|
|-heal|p1a: Toxapex|94/100|[from] item: Black Sludge
|upkeep
|turn|9
|
|t:|1636498239
|switch|p1a: Melmetal|Melmetal|100/100
|-damage|p1a: Melmetal|94/100|[from] Stealth Rock
|move|p2a: Latios|Future Sight|p1a: Melmetal
|-start|p2a: Latios|move: Future Sight
|
|upkeep
|turn|10
|
|t:|1636498244
|switch|p2a: Buzzwole|Buzzwole|77/100 psn
|move|p1a: Melmetal|Double Iron Bash|p2a: Buzzwole
|-damage|p2a: Buzzwole|44/100 psn
|-damage|p2a: Buzzwole|11/100 psn
|-hitcount|p2a: Buzzwole|2
|
|-damage|p2a: Buzzwole|0 fnt|[from] psn
|faint|p2a: Buzzwole
|upkeep
|j| ExoticClassify
|
|t:|1636498251
|switch|p2a: Bisharp|Bisharp, M|100/100
|turn|11
|
|t:|1636498255
|move|p2a: Bisharp|Low Kick|p1a: Melmetal
|-supereffective|p1a: Melmetal
|-damage|p1a: Melmetal|46/100
|move|p1a: Melmetal|Earthquake|p2a: Bisharp
|-supereffective|p2a: Bisharp
|-damage|p2a: Bisharp|1/100
|
|-end|p1a: Melmetal|move: Future Sight
|-resisted|p1a: Melmetal
|-damage|p1a: Melmetal|25/100
|upkeep
|turn|12
|
|t:|1636498262
|switch|p1a: Toxapex|Toxapex, M, shiny|100/100
|-damage|p1a: Toxapex|88/100|[from] Stealth Rock
|move|p2a: Bisharp|Knock Off|p1a: Toxapex
|-damage|p1a: Toxapex|53/100
|-enditem|p1a: Toxapex|Black Sludge|[from] move: Knock Off|[of] p2a: Bisharp
|
|upkeep
|turn|13
|
|t:|1636498268
|switch|p2a: Latios|Latios, M|100/100
|move|p1a: Toxapex|Scald|p2a: Latios
|-resisted|p2a: Latios
|-damage|p2a: Latios|92/100
|
|upkeep
|turn|14
|
|t:|1636498273
|switch|p1a: Clefable|Clefable, F|100/100
|-damage|p1a: Clefable|88/100|[from] Stealth Rock
|move|p2a: Latios|Psychic|p1a: Clefable
|-damage|p1a: Clefable|51/100
|
|-heal|p1a: Clefable|57/100|[from] item: Leftovers
|upkeep
|turn|15
|j| sille rovert
|
|t:|1636498279
|move|p2a: Latios|Future Sight|p1a: Clefable
|-start|p2a: Latios|move: Future Sight
|move|p1a: Clefable|Soft-Boiled|p1a: Clefable
|-heal|p1a: Clefable|100/100
|
|upkeep
|turn|16
|l| ExoticClassify
|
|t:|1636498286
|switch|p2a: Landorus|Landorus-Therian, M|88/100
|-ability|p2a: Landorus|Intimidate|boost
|-unboost|p1a: Clefable|atk|1
|move|p1a: Clefable|Moonblast|p2a: Landorus
|-damage|p2a: Landorus|47/100
|-unboost|p2a: Landorus|spa|1
|
|upkeep
|turn|17
|
|t:|1636498295
|switch|p1a: Melmetal|Melmetal|25/100
|-damage|p1a: Melmetal|19/100|[from] Stealth Rock
|move|p2a: Landorus|Earthquake|p1a: Melmetal
|-supereffective|p1a: Melmetal
|-damage|p1a: Melmetal|0 fnt
|faint|p1a: Melmetal
|
|-hint|Future Sight did not hit because the target is fainted.
|upkeep
|
|t:|1636498302
|switch|p1a: Kartana|Kartana|100/100
|-damage|p1a: Kartana|94/100|[from] Stealth Rock
|turn|18
|
|t:|1636498307
|switch|p2a: Moltres|Moltres-Galar|100/100
|move|p1a: Kartana|Leaf Blade|p2a: Moltres
|-resisted|p2a: Moltres
|-crit|p2a: Moltres
|-damage|p2a: Moltres|61/100
|
|-heal|p1a: Kartana|100/100|[from] item: Leftovers
|upkeep
|turn|19
|
|t:|1636498314
|switch|p1a: Clefable|Clefable, F|100/100
|-damage|p1a: Clefable|88/100|[from] Stealth Rock
|move|p2a: Moltres|Hurricane|p1a: Clefable
|-damage|p1a: Clefable|53/100
|
|-heal|p1a: Clefable|59/100|[from] item: Leftovers
|upkeep
|turn|20
|j| EcoEcho
|
|t:|1636498320
|switch|p2a: Bisharp|Bisharp, M|1/100
|move|p1a: Clefable|Soft-Boiled|p1a: Clefable
|-heal|p1a: Clefable|100/100
|
|upkeep
|turn|21
|
|t:|1636498322
|switch|p2a: Latios|Latios, M|92/100
|switch|p1a: Toxapex|Toxapex, M, shiny|86/100
|-damage|p1a: Toxapex|74/100|[from] Stealth Rock
|
|upkeep
|turn|22
|
|t:|1636498325
|switch|p1a: Clefable|Clefable, F|100/100
|-damage|p1a: Clefable|88/100|[from] Stealth Rock
|move|p2a: Latios|Psychic|p1a: Clefable
|-damage|p1a: Clefable|52/100
|
|-heal|p1a: Clefable|58/100|[from] item: Leftovers
|upkeep
|turn|23
|
|t:|1636498327
|move|p2a: Latios|Psychic|p1a: Clefable
|-damage|p1a: Clefable|23/100
|move|p1a: Clefable|Soft-Boiled|p1a: Clefable
|-heal|p1a: Clefable|73/100
|
|-heal|p1a: Clefable|79/100|[from] item: Leftovers
|upkeep
|turn|24
|
|t:|1636498333
|move|p2a: Latios|Psychic|p1a: Clefable
|-damage|p1a: Clefable|40/100
|move|p1a: Clefable|Soft-Boiled|p1a: Clefable
|-heal|p1a: Clefable|90/100
|
|-heal|p1a: Clefable|96/100|[from] item: Leftovers
|upkeep
|turn|25
|
|t:|1636498340
|move|p2a: Latios|Mystical Fire|p1a: Clefable
|-damage|p1a: Clefable|79/100
|-unboost|p1a: Clefable|spa|1
|move|p1a: Clefable|Thunder Wave|p2a: Latios
|-status|p2a: Latios|par
|
|-heal|p1a: Clefable|85/100|[from] item: Leftovers
|upkeep
|turn|26
|c|☆dovesoap2|gg
|
|t:|1636498350
|move|p2a: Latios|Future Sight|p1a: Clefable
|-start|p2a: Latios|move: Future Sight
|move|p1a: Clefable|Moonblast|p2a: Latios
|-supereffective|p2a: Latios
|-damage|p2a: Latios|51/100 par
|
|-heal|p1a: Clefable|91/100|[from] item: Leftovers
|upkeep
|turn|27
|
|t:|1636498355
|switch|p2a: Bisharp|Bisharp, M|1/100
|move|p1a: Clefable|Soft-Boiled|p1a: Clefable
|-heal|p1a: Clefable|100/100
|
|upkeep
|turn|28
|
|t:|1636498364
|switch|p1a: Tornadus|Tornadus-Therian, M|100/100
|move|p2a: Bisharp|Iron Head|p1a: Tornadus
|-damage|p1a: Tornadus|38/100
|
|-end|p1a: Tornadus|move: Future Sight
|-damage|p1a: Tornadus|0 fnt
|faint|p1a: Tornadus
|upkeep
|
|t:|1636498368
|switch|p1a: Kartana|Kartana|100/100
|-damage|p1a: Kartana|94/100|[from] Stealth Rock
|turn|29
|
|t:|1636498373
|switch|p2a: Landorus|Landorus-Therian, M|47/100
|-ability|p2a: Landorus|Intimidate|boost
|-unboost|p1a: Kartana|atk|1
|move|p1a: Kartana|Knock Off|p2a: Landorus
|-damage|p2a: Landorus|22/100
|-enditem|p2a: Landorus|Focus Sash|[from] move: Knock Off|[of] p1a: Kartana
|
|-heal|p1a: Kartana|100/100|[from] item: Leftovers
|upkeep
|turn|30
|
|t:|1636498382
|switch|p2a: Aegislash|Aegislash, F|100/100
|move|p1a: Kartana|Swords Dance|p1a: Kartana
|-boost|p1a: Kartana|atk|2
|
|upkeep
|turn|31
|
|t:|1636498386
|move|p1a: Kartana|Knock Off|p2a: Aegislash
|-supereffective|p2a: Aegislash
|-damage|p2a: Aegislash|22/100
|-enditem|p2a: Aegislash|Weakness Policy
|-boost|p2a: Aegislash|atk|2|[from] item: Weakness Policy
|-boost|p2a: Aegislash|spa|2|[from] item: Weakness Policy
|-formechange|p2a: Aegislash|Aegislash-Blade||[from] ability: Stance Change
|move|p2a: Aegislash|Shadow Ball|p1a: Kartana
|-crit|p1a: Kartana
|-damage|p1a: Kartana|0 fnt
|faint|p1a: Kartana
|
|upkeep
|
|t:|1636498394
|switch|p1a: Landorus|Landorus-Therian, M|100/100
|-damage|p1a: Landorus|88/100|[from] Stealth Rock
|-ability|p1a: Landorus|Intimidate|boost
|-unboost|p2a: Aegislash|atk|1
|turn|32
|
|t:|1636498407
|switch|p2a: Moltres|Moltres-Galar|61/100
|move|p1a: Landorus|Knock Off|p2a: Moltres
|-resisted|p2a: Moltres
|-damage|p2a: Moltres|43/100
|-enditem|p2a: Moltres|Heavy-Duty Boots|[from] move: Knock Off|[of] p1a: Landorus
|-ability|p2a: Moltres|Berserk|boost
|-boost|p2a: Moltres|spa|1
|
|-heal|p1a: Landorus|94/100|[from] item: Leftovers
|upkeep
|turn|33
|
|t:|1636498413
|switch|p1a: Clefable|Clefable, F|100/100
|-damage|p1a: Clefable|88/100|[from] Stealth Rock
|move|p2a: Moltres|Hurricane|p1a: Clefable
|-damage|p1a: Clefable|53/100
|
|-heal|p1a: Clefable|59/100|[from] item: Leftovers
|upkeep
|turn|34
|
|t:|1636498427
|switch|p2a: Landorus|Landorus-Therian, M|22/100
|-ability|p2a: Landorus|Intimidate|boost
|-unboost|p1a: Clefable|atk|1
|move|p1a: Clefable|Soft-Boiled|p1a: Clefable
|-heal|p1a: Clefable|100/100
|
|upkeep
|turn|35
|
|t:|1636498431
|switch|p1a: Landorus|Landorus-Therian, M|94/100
|-damage|p1a: Landorus|82/100|[from] Stealth Rock
|-ability|p1a: Landorus|Intimidate|boost
|-unboost|p2a: Landorus|atk|1
|move|p2a: Landorus|Explosion|p1a: Landorus
|-damage|p1a: Landorus|25/100
|faint|p2a: Landorus
|
|-heal|p1a: Landorus|31/100|[from] item: Leftovers
|upkeep
|
|t:|1636498434
|switch|p2a: Moltres|Moltres-Galar|43/100
|turn|36
|
|t:|1636498442
|switch|p1a: Clefable|Clefable, F|100/100
|-damage|p1a: Clefable|88/100|[from] Stealth Rock
|move|p2a: Moltres|Fiery Wrath|p1a: Clefable
|-resisted|p1a: Clefable
|-damage|p1a: Clefable|74/100
|
|-heal|p1a: Clefable|80/100|[from] item: Leftovers
|upkeep
|turn|37
|
|t:|1636498455
|move|p2a: Moltres|Hurricane|p1a: Clefable|[miss]
|-miss|p2a: Moltres|p1a: Clefable
|move|p1a: Clefable|Thunder Wave|p2a: Moltres
|-status|p2a: Moltres|par
|
|-heal|p1a: Clefable|86/100|[from] item: Leftovers
|upkeep
|turn|38
|
|t:|1636498458
|move|p1a: Clefable|Moonblast|p2a: Moltres
|-supereffective|p2a: Moltres
|-damage|p2a: Moltres|0 fnt
|faint|p2a: Moltres
|
|-heal|p1a: Clefable|92/100|[from] item: Leftovers
|upkeep
|
|t:|1636498463
|switch|p2a: Bisharp|Bisharp, M|1/100
|turn|39
|
|t:|1636498465
|switch|p2a: Latios|Latios, M|51/100 par
|switch|p1a: Toxapex|Toxapex, M, shiny|100/100
|-damage|p1a: Toxapex|88/100|[from] Stealth Rock
|
|upkeep
|turn|40
|
|t:|1636498471
|switch|p1a: Clefable|Clefable, F|92/100
|-damage|p1a: Clefable|80/100|[from] Stealth Rock
|move|p2a: Latios|Future Sight|p1a: Clefable
|-start|p2a: Latios|move: Future Sight
|
|-heal|p1a: Clefable|86/100|[from] item: Leftovers
|upkeep
|turn|41
|
|t:|1636498482
|switch|p2a: Aegislash|Aegislash, F|22/100
|move|p1a: Clefable|Moonblast|p2a: Aegislash
|-resisted|p2a: Aegislash
|-damage|p2a: Aegislash|10/100
|-unboost|p2a: Aegislash|spa|1
|
|-heal|p1a: Clefable|92/100|[from] item: Leftovers
|upkeep
|turn|42
|
|t:|1636498490
|switch|p2a: Bisharp|Bisharp, M|1/100
|move|p1a: Clefable|Thunder Wave|p2a: Bisharp|[miss]
|-miss|p1a: Clefable|p2a: Bisharp
|
|-end|p1a: Clefable|move: Future Sight
|-damage|p1a: Clefable|53/100
|-heal|p1a: Clefable|59/100|[from] item: Leftovers
|upkeep
|turn|43
|c|☆dovesoap2|come on
|
|t:|1636498496
|switch|p2a: Latios|Latios, M|51/100 par
|switch|p1a: Toxapex|Toxapex, M, shiny|100/100
|-damage|p1a: Toxapex|88/100|[from] Stealth Rock
|
|upkeep
|turn|44
|
|t:|1636498498
|switch|p1a: Clefable|Clefable, F|59/100
|-damage|p1a: Clefable|47/100|[from] Stealth Rock
|move|p2a: Latios|Psychic|p1a: Clefable
|-damage|p1a: Clefable|9/100
|
|-heal|p1a: Clefable|15/100|[from] item: Leftovers
|upkeep
|turn|45
|
|t:|1636498503
|move|p2a: Latios|Psychic|p1a: Clefable
|-damage|p1a: Clefable|0 fnt
|faint|p1a: Clefable
|
|upkeep
|c|☆dovesoap2|no paras either
|
|t:|1636498507
|switch|p1a: Landorus|Landorus-Therian, M|31/100
|-damage|p1a: Landorus|18/100|[from] Stealth Rock
|-ability|p1a: Landorus|Intimidate|boost
|-unboost|p2a: Latios|atk|1
|turn|46
|
|t:|1636498511
|switch|p2a: Aegislash|Aegislash, F|10/100
|move|p1a: Landorus|Knock Off|p2a: Aegislash
|-supereffective|p2a: Aegislash
|-damage|p2a: Aegislash|0 fnt
|faint|p2a: Aegislash
|
|-heal|p1a: Landorus|24/100|[from] item: Leftovers
|upkeep
|
|t:|1636498512
|switch|p2a: Bisharp|Bisharp, M|1/100
|turn|47
|l| enem memem
|c|☆dovesoap2|is this 1 hp
|
|t:|1636498524
|switch|p1a: Toxapex|Toxapex, M, shiny|100/100
|-damage|p1a: Toxapex|88/100|[from] Stealth Rock
|move|p2a: Bisharp|Sucker Punch||[still]
|-fail|p2a: Bisharp
|
|upkeep
|turn|48
|
|t:|1636498529
|switch|p2a: Latios|Latios, M|51/100 par
|switch|p1a: Landorus|Landorus-Therian, M|24/100
|-damage|p1a: Landorus|12/100|[from] Stealth Rock
|-ability|p1a: Landorus|Intimidate|boost
|-unboost|p2a: Latios|atk|1
|
|-heal|p1a: Landorus|18/100|[from] item: Leftovers
|upkeep
|turn|49
|c|☆early_human|gg
|-message|early_human forfeited.
|
|win|dovesoap2
|raw|dovesoap2's rating: 1733 &rarr; <strong>1762</strong><br />(+29 for winning)
|raw|early_human's rating: 1903 &rarr; <strong>1874</strong><br />(-29 for losing)
|l|☆early_human
|l| sille rovert
|l| EcoEcho
||Ladder isn't responding, score probably updated but might not have (Request timeout).
