|j|☆Ineedaonetype
|j|☆friedfreak
|t:|1615529131
|player|p1|Ineedaonetype|lucas|1920
|player|p2|friedfreak|1|1897
|teamsize|p1|6
|teamsize|p2|6
|gametype|singles
|gen|8
|tier|[Gen 8] OU
|rated|
|clearpoke
|poke|p1|Espeon, F|
|poke|p1|Corviknight, M|
|poke|p1|Cloyster, M|
|poke|p1|Omastar, M|
|poke|p1|Polteageist|
|poke|p1|Tapu Lele|
|poke|p2|Clefable, M|
|poke|p2|Garchomp, F|
|poke|p2|Tapu Koko|
|poke|p2|Ferrothorn, M|
|poke|p2|Corviknight, M|
|poke|p2|Urshifu-*, M|
|rule|Sleep Clause Mod: Limit one foe put to sleep
|rule|Species Clause: Limit one of each Pokémon
|rule|OHKO Clause: OHKO moves are banned
|rule|Evasion Moves Clause: Evasion moves are banned
|rule|Endless Battle Clause: Forcing endless battles is banned
|rule|HP Percentage Mod: HP is shown in percentages
|rule|Dynamax Clause: You cannot dynamax
|teampreview
|
|t:|1615529140
|start
|switch|p1a: Tapu Lele|Tapu Lele|100/100
|switch|p2a: Tapu Koko|Tapu Koko|100/100
|-fieldstart|move: Electric Terrain|[from] ability: Electric Surge|[of] p2a: Tapu Koko
|-fieldstart|move: Psychic Terrain|[from] ability: Psychic Surge|[of] p1a: Tapu Lele
|turn|1
|j| hypervortexreturns
|
|t:|1615529148
|move|p2a: Tapu Koko|U-turn|p1a: Tapu Lele
|-damage|p1a: Tapu Lele|77/100
|
|t:|1615529151
|switch|p2a: Corviknight|Corviknight, M|100/100|[from]move: U-turn
|-ability|p2a: Corviknight|Pressure
|move|p1a: Tapu Lele|Focus Blast|p2a: Corviknight
|-damage|p2a: Corviknight|73/100
|-unboost|p2a: Corviknight|spd|1
|
|-heal|p2a: Corviknight|79/100|[from] item: Leftovers
|upkeep
|turn|2
|
|t:|1615529155
|move|p1a: Tapu Lele|Thunderbolt|p2a: Corviknight
|-supereffective|p2a: Corviknight
|-damage|p2a: Corviknight|14/100
|move|p2a: Corviknight|U-turn|p1a: Tapu Lele
|-damage|p1a: Tapu Lele|56/100
|j| Limited_Toolkit
|j| HowDoIDo
|inactive|Battle timer is ON: inactive players will automatically lose when time's up. (requested by Ineedaonetype)
|
|t:|1615529175
|switch|p2a: Urshifu|Urshifu-Rapid-Strike, M|100/100|[from]move: U-turn
|
|upkeep
|turn|3
|
|t:|1615529182
|switch|p1a: Corviknight|Corviknight, M|100/100
|-ability|p1a: Corviknight|Pressure
|move|p2a: Urshifu|Surging Strikes|p1a: Corviknight
|-crit|p1a: Corviknight
|-damage|p1a: Corviknight|84/100
|-damage|p2a: Urshifu|84/100|[from] item: Rocky Helmet|[of] p1a: Corviknight
|-crit|p1a: Corviknight
|-damage|p1a: Corviknight|67/100
|-damage|p2a: Urshifu|68/100|[from] item: Rocky Helmet|[of] p1a: Corviknight
|-crit|p1a: Corviknight
|-damage|p1a: Corviknight|51/100
|-damage|p2a: Urshifu|51/100|[from] item: Rocky Helmet|[of] p1a: Corviknight
|-hitcount|p1a: Corviknight|3
|
|upkeep
|turn|4
|
|t:|1615529191
|switch|p2a: Tapu Koko|Tapu Koko|100/100
|-fieldstart|move: Electric Terrain|[from] ability: Electric Surge|[of] p2a: Tapu Koko
|move|p1a: Corviknight|Roost|p1a: Corviknight
|-heal|p1a: Corviknight|100/100
|-singleturn|p1a: Corviknight|move: Roost
|
|upkeep
|turn|5
|
|t:|1615529199
|switch|p1a: Espeon|Espeon, F|100/100
|move|p2a: Tapu Koko|Thunderbolt|p1a: Espeon
|-damage|p1a: Espeon|35/100
|-enditem|p1a: Espeon|Eject Button
|inactive|Ineedaonetype has 120 seconds left.
|
|t:|1615529250
|switch|p1a: Omastar|Omastar, M|100/100
|
|upkeep
|turn|6
|
|t:|1615529265
|move|p2a: Tapu Koko|Thunderbolt|p1a: Omastar
|-supereffective|p1a: Omastar
|-enditem|p1a: Omastar|Focus Sash
|-damage|p1a: Omastar|1/100
|move|p1a: Omastar|Shell Smash|p1a: Omastar
|-unboost|p1a: Omastar|def|1
|-unboost|p1a: Omastar|spd|1
|-boost|p1a: Omastar|atk|2
|-boost|p1a: Omastar|spa|2
|-boost|p1a: Omastar|spe|2
|
|upkeep
|turn|7
|
|t:|1615529286
|switch|p2a: Corviknight|Corviknight, M|14/100
|-ability|p2a: Corviknight|Pressure
|move|p1a: Omastar|Surf|p2a: Corviknight
|-damage|p2a: Corviknight|0 fnt
|faint|p2a: Corviknight
|
|upkeep
|j| AverageJoe326
|
|t:|1615529289
|switch|p2a: Urshifu|Urshifu-Rapid-Strike, M|51/100
|turn|8
|
|t:|1615529292
|switch|p1a: Tapu Lele|Tapu Lele|56/100
|-fieldstart|move: Psychic Terrain|[from] ability: Psychic Surge|[of] p1a: Tapu Lele
|move|p2a: Urshifu|Aqua Jet|p1a: Tapu Lele
|-activate|p1a: Tapu Lele|move: Psychic Terrain
|
|upkeep
|turn|9
|
|t:|1615529311
|switch|p2a: Garchomp|Garchomp, F|100/100
|move|p1a: Tapu Lele|Psychic|p2a: Garchomp
|-damage|p2a: Garchomp|30/100
|
|upkeep
|turn|10
|
|t:|1615529317
|switch|p1a: Espeon|Espeon, F|35/100
|move|p2a: Garchomp|Earthquake|p1a: Espeon
|-damage|p1a: Espeon|0 fnt
|faint|p1a: Espeon
|
|upkeep
|j| loking887
|j| youke
|
|t:|1615529327
|switch|p1a: Cloyster|Cloyster, M|100/100
|turn|11
|
|t:|1615529346
|move|p2a: Garchomp|Stealth Rock|p1a: Cloyster
|-sidestart|p1: Ineedaonetype|move: Stealth Rock
|move|p1a: Cloyster|Shell Smash|p1a: Cloyster
|-unboost|p1a: Cloyster|def|1
|-unboost|p1a: Cloyster|spd|1
|-boost|p1a: Cloyster|atk|2
|-boost|p1a: Cloyster|spa|2
|-boost|p1a: Cloyster|spe|2
|
|upkeep
|turn|12
|
|t:|1615529373
|move|p1a: Cloyster|Icicle Spear|p2a: Garchomp
|-supereffective|p2a: Garchomp
|-damage|p2a: Garchomp|0 fnt
|-hitcount|p2a: Garchomp|1
|faint|p2a: Garchomp
|
|upkeep
|
|t:|1615529377
|switch|p2a: Ferrothorn|Ferrothorn, M|100/100
|turn|13
|
|t:|1615529381
|move|p1a: Cloyster|Shell Smash|p1a: Cloyster
|-unboost|p1a: Cloyster|def|1
|-unboost|p1a: Cloyster|spd|1
|-boost|p1a: Cloyster|atk|2
|-boost|p1a: Cloyster|spa|2
|-boost|p1a: Cloyster|spe|2
|move|p2a: Ferrothorn|Body Press|p1a: Cloyster
|-supereffective|p1a: Cloyster
|-enditem|p1a: Cloyster|Focus Sash
|-damage|p1a: Cloyster|1/100
|
|upkeep
|turn|14
|
|t:|1615529388
|move|p1a: Cloyster|Icicle Spear|p2a: Ferrothorn
|-damage|p2a: Ferrothorn|82/100
|-damage|p2a: Ferrothorn|63/100
|-damage|p2a: Ferrothorn|43/100
|-damage|p2a: Ferrothorn|24/100
|-damage|p2a: Ferrothorn|6/100
|-hitcount|p2a: Ferrothorn|5
|move|p2a: Ferrothorn|Knock Off|p1a: Cloyster
|-damage|p1a: Cloyster|0 fnt
|faint|p1a: Cloyster
|
|-heal|p2a: Ferrothorn|12/100|[from] item: Leftovers
|upkeep
|
|t:|1615529395
|switch|p1a: Corviknight|Corviknight, M|100/100
|-damage|p1a: Corviknight|88/100|[from] Stealth Rock
|-ability|p1a: Corviknight|Pressure
|turn|15
|j| CalebWhyy
|
|t:|1615529402
|move|p1a: Corviknight|Defog|p2a: Ferrothorn
|-unboost|p2a: Ferrothorn|evasion|1
|-sideend|p1: Ineedaonetype|Stealth Rock|[from] move: Defog|[of] p1a: Corviknight
|-fieldend|move: Psychic Terrain
|move|p2a: Ferrothorn|Leech Seed|p1a: Corviknight
|-start|p1a: Corviknight|move: Leech Seed
|
|-heal|p2a: Ferrothorn|18/100|[from] item: Leftovers
|-damage|p1a: Corviknight|76/100|[from] Leech Seed|[of] p2a: Ferrothorn
|-heal|p2a: Ferrothorn|32/100|[silent]
|upkeep
|turn|16
|
|t:|1615529405
|move|p1a: Corviknight|Body Press|p2a: Ferrothorn
|-supereffective|p2a: Ferrothorn
|-damage|p2a: Ferrothorn|1/100
|-damage|p1a: Corviknight|64/100|[from] ability: Iron Barbs|[of] p2a: Ferrothorn
|move|p2a: Ferrothorn|Spikes|p1a: Corviknight
|-sidestart|p1: Ineedaonetype|Spikes
|
|-heal|p2a: Ferrothorn|7/100|[from] item: Leftovers
|-damage|p1a: Corviknight|51/100|[from] Leech Seed|[of] p2a: Ferrothorn
|-heal|p2a: Ferrothorn|21/100|[silent]
|upkeep
|turn|17
|
|t:|1615529412
|move|p1a: Corviknight|Roost|p1a: Corviknight
|-heal|p1a: Corviknight|100/100
|-singleturn|p1a: Corviknight|move: Roost
|move|p2a: Ferrothorn|Spikes|p1a: Corviknight
|-sidestart|p1: Ineedaonetype|Spikes
|
|-heal|p2a: Ferrothorn|27/100|[from] item: Leftovers
|-damage|p1a: Corviknight|88/100|[from] Leech Seed|[of] p2a: Ferrothorn
|-heal|p2a: Ferrothorn|41/100|[silent]
|upkeep
|turn|18
|j| BabyPigsAreLaughin
|
|t:|1615529424
|move|p1a: Corviknight|Defog|p2a: Ferrothorn
|-unboost|p2a: Ferrothorn|evasion|1
|-sideend|p1: Ineedaonetype|Spikes|[from] move: Defog|[of] p1a: Corviknight
|move|p2a: Ferrothorn|Spikes|p1a: Corviknight
|-sidestart|p1: Ineedaonetype|Spikes
|
|-heal|p2a: Ferrothorn|47/100|[from] item: Leftovers
|-damage|p1a: Corviknight|76/100|[from] Leech Seed|[of] p2a: Ferrothorn
|-heal|p2a: Ferrothorn|61/100|[silent]
|upkeep
|turn|19
|inactive|Ineedaonetype has 120 seconds left.
|l| CalebWhyy
|
|t:|1615529479
|move|p1a: Corviknight|Defog|p2a: Ferrothorn
|-unboost|p2a: Ferrothorn|evasion|1
|-sideend|p1: Ineedaonetype|Spikes|[from] move: Defog|[of] p1a: Corviknight
|move|p2a: Ferrothorn|Spikes|p1a: Corviknight
|-sidestart|p1: Ineedaonetype|Spikes
|
|-heal|p2a: Ferrothorn|67/100|[from] item: Leftovers
|-damage|p1a: Corviknight|64/100|[from] Leech Seed|[of] p2a: Ferrothorn
|-heal|p2a: Ferrothorn|81/100|[silent]
|upkeep
|turn|20
|l| loking887
|
|t:|1615529483
|move|p1a: Corviknight|Body Press|p2a: Ferrothorn
|-supereffective|p2a: Ferrothorn
|-damage|p2a: Ferrothorn|48/100
|-damage|p1a: Corviknight|51/100|[from] ability: Iron Barbs|[of] p2a: Ferrothorn
|move|p2a: Ferrothorn|Knock Off|p1a: Corviknight
|-damage|p1a: Corviknight|39/100
|-damage|p2a: Ferrothorn|32/100|[from] item: Rocky Helmet|[of] p1a: Corviknight
|-enditem|p1a: Corviknight|Rocky Helmet|[from] move: Knock Off|[of] p2a: Ferrothorn
|
|-heal|p2a: Ferrothorn|38/100|[from] item: Leftovers
|-damage|p1a: Corviknight|27/100|[from] Leech Seed|[of] p2a: Ferrothorn
|-heal|p2a: Ferrothorn|51/100|[silent]
|upkeep
|turn|21
|
|t:|1615529496
|switch|p2a: Tapu Koko|Tapu Koko|100/100
|-fieldstart|move: Electric Terrain|[from] ability: Electric Surge|[of] p2a: Tapu Koko
|move|p1a: Corviknight|Defog|p2a: Tapu Koko
|-unboost|p2a: Tapu Koko|evasion|1
|-sideend|p1: Ineedaonetype|Spikes|[from] move: Defog|[of] p1a: Corviknight
|-fieldend|move: Electric Terrain
|
|-damage|p1a: Corviknight|14/100|[from] Leech Seed|[of] p2a: Tapu Koko
|upkeep
|turn|22
|inactive|Ineedaonetype has 120 seconds left.
|
|t:|1615529525
|move|p2a: Tapu Koko|U-turn|p1a: Corviknight
|-resisted|p1a: Corviknight
|-damage|p1a: Corviknight|12/100
|j| Papaxel123
|
|t:|1615529528
|switch|p2a: Urshifu|Urshifu-Rapid-Strike, M|51/100|[from]move: U-turn
|move|p1a: Corviknight|Brave Bird|p2a: Urshifu
|-supereffective|p2a: Urshifu
|-damage|p2a: Urshifu|0 fnt
|-damage|p1a: Corviknight|0 fnt|[from] Recoil
|faint|p2a: Urshifu
|faint|p1a: Corviknight
|
|upkeep
|j| HYper
|inactive|Ineedaonetype has 120 seconds left.
|
|t:|1615529547
|switch|p2a: Tapu Koko|Tapu Koko|100/100
|switch|p1a: Polteageist|Polteageist|100/100
|-fieldstart|move: Electric Terrain|[from] ability: Electric Surge|[of] p2a: Tapu Koko
|turn|23
|
|t:|1615529562
|switch|p2a: Ferrothorn|Ferrothorn, M|51/100
|move|p1a: Polteageist|Shell Smash|p1a: Polteageist
|-unboost|p1a: Polteageist|def|1
|-unboost|p1a: Polteageist|spd|1
|-boost|p1a: Polteageist|atk|2
|-boost|p1a: Polteageist|spa|2
|-boost|p1a: Polteageist|spe|2
|
|-heal|p2a: Ferrothorn|57/100|[from] item: Leftovers
|upkeep
|turn|24
|
|t:|1615529572
|move|p1a: Polteageist|Shell Smash|p1a: Polteageist
|-unboost|p1a: Polteageist|def|1
|-unboost|p1a: Polteageist|spd|1
|-boost|p1a: Polteageist|atk|2
|-boost|p1a: Polteageist|spa|2
|-boost|p1a: Polteageist|spe|2
|move|p2a: Ferrothorn|Knock Off|p1a: Polteageist
|-supereffective|p1a: Polteageist
|-enditem|p1a: Polteageist|Focus Sash
|-damage|p1a: Polteageist|1/100
|-ability|p1a: Polteageist|Weak Armor|boost
|-unboost|p1a: Polteageist|def|1
|-boost|p1a: Polteageist|spe|2
|
|-heal|p2a: Ferrothorn|63/100|[from] item: Leftovers
|upkeep
|turn|25
|
|t:|1615529578
|move|p1a: Polteageist|Stored Power|p2a: Ferrothorn
|-resisted|p2a: Ferrothorn
|-damage|p2a: Ferrothorn|0 fnt
|faint|p2a: Ferrothorn
|
|upkeep
|
|t:|1615529581
|switch|p2a: Clefable|Clefable, M|100/100
|turn|26
|
|t:|1615529583
|move|p1a: Polteageist|Stored Power|p2a: Clefable
|-damage|p2a: Clefable|0 fnt
|faint|p2a: Clefable
|
|upkeep
|-message|friedfreak forfeited.
|
|win|Ineedaonetype
|raw|Ineedaonetype's rating: 1920 &rarr; <strong>1935</strong><br />(+15 for winning)
|raw|friedfreak's rating: 1897 &rarr; <strong>1882</strong><br />(-15 for losing)
|l|☆friedfreak
|raw|Ineedaonetype's rating: 1920 &rarr; <strong>1938</strong><br />(+18 for winning)
|raw|friedfreak's rating: 1897 &rarr; <strong>1878</strong><br />(-19 for losing)
|l| AverageJoe326
|l| Limited_Toolkit
|l| youke
|l| BabyPigsAreLaughin
|l| hypervortexreturns
|l| HowDoIDo
|l| Papaxel123
|j| triwire
|l| triwire
|j| triwire
|l| triwire
|j| youke
