|j|☆Pinapple321
|j|☆Dxnny_Bxiii
|inactive|Battle timer is ON: inactive players will automatically lose when time's up.
|t:|1667682608
|gametype|singles
|player|p1|Pinapple321|marlon|
|player|p2|Dxnny_Bxiii|dawn-gen4pt|
|teamsize|p1|6
|teamsize|p2|6
|gen|8
|tier|[Gen 8] OU
|rated|Tournament battle
|rule|Sleep Clause Mod: Limit one foe put to sleep
|rule|Species Clause: Limit one of each Pokémon
|rule|OHKO Clause: OHKO moves are banned
|rule|Evasion Items Clause: Evasion items are banned
|rule|Evasion Moves Clause: Evasion moves are banned
|rule|Endless Battle Clause: Forcing endless battles is banned
|rule|HP Percentage Mod: HP is shown in percentages
|rule|Dynamax Clause: You cannot dynamax
|clearpoke
|poke|p1|Tapu Lele|
|poke|p1|Zapdos|
|poke|p1|Garchomp, M|
|poke|p1|Dragapult, M|
|poke|p1|Ferrothorn, F|
|poke|p1|Blissey, F|
|poke|p2|Corviknight, M|
|poke|p2|Zeraora|
|poke|p2|Mamoswine, M|
|poke|p2|Amoonguss, M|
|poke|p2|Heatran, M|
|poke|p2|Tapu Fini|
|teampreview
|j|*Lady Monita ☽
|j| BB-8-NU
|j| sakib66
|j| Zendaya bath water
|c|☆Dxnny_Bxiii|glhf
|j| Aftx
|j| King Of Peak
|c|☆Pinapple321|Glhf
|
|t:|1667682627
|start
|switch|p1a: Garchomp|Garchomp, M|100/100
|switch|p2a: Zeraora|Zeraora|100/100
|turn|1
|j| Gennarobullo4gen
|c|☆Dxnny_Bxiii|yo why did ur matches take so long
|j| Gabriel97434
|j| Guave
|c|☆Pinapple321|Someone brought stall
|inactive|Dxnny_Bxiii has 120 seconds left.
|j| Oreotrague★✿
|c|☆Pinapple321|It was a 6-0 after 91 or 92 turns
|
|t:|1667682678
|switch|p2a: Corviknight|Corviknight, M|100/100
|-ability|p2a: Corviknight|Pressure
|move|p1a: Garchomp|Earthquake|p2a: Corviknight
|-immune|p2a: Corviknight
|
|upkeep
|turn|2
|l| Oreotrague★✿
|j| Oreotrague★✿
|c|☆Dxnny_Bxiii|i travelled the whole world before that match was done i aint gonna cap
|l| King Of Peak
|
|t:|1667682707
|move|p1a: Garchomp|Fire Fang|p2a: Corviknight
|-supereffective|p2a: Corviknight
|-damage|p2a: Corviknight|70/100
|-damage|p1a: Garchomp|84/100|[from] item: Rocky Helmet|[of] p2a: Corviknight
|move|p2a: Corviknight|Brave Bird|p1a: Garchomp
|-damage|p1a: Garchomp|46/100
|-damage|p2a: Corviknight|58/100|[from] ability: Rough Skin|[of] p1a: Garchomp
|-damage|p2a: Corviknight|47/100|[from] Recoil
|
|-heal|p1a: Garchomp|52/100|[from] item: Leftovers
|upkeep
|turn|3
|
|t:|1667682718
|move|p1a: Garchomp|Swords Dance|p1a: Garchomp
|-boost|p1a: Garchomp|atk|2
|move|p2a: Corviknight|Roost|p2a: Corviknight
|-heal|p2a: Corviknight|97/100
|-singleturn|p2a: Corviknight|move: Roost
|
|-heal|p1a: Garchomp|58/100|[from] item: Leftovers
|upkeep
|turn|4
|j| bl3ssed
|
|t:|1667682726
|move|p1a: Garchomp|Fire Fang|p2a: Corviknight
|-supereffective|p2a: Corviknight
|-damage|p2a: Corviknight|46/100
|-damage|p1a: Garchomp|42/100|[from] item: Rocky Helmet|[of] p2a: Corviknight
|move|p2a: Corviknight|Brave Bird|p1a: Garchomp
|-damage|p1a: Garchomp|6/100
|-damage|p2a: Corviknight|34/100|[from] ability: Rough Skin|[of] p1a: Garchomp
|-damage|p2a: Corviknight|23/100|[from] Recoil
|
|-heal|p1a: Garchomp|13/100|[from] item: Leftovers
|upkeep
|turn|5
|j| jazzynazzy
|
|t:|1667682739
|move|p1a: Garchomp|Scale Shot|p2a: Corviknight
|-resisted|p2a: Corviknight
|-damage|p2a: Corviknight|15/100
|-resisted|p2a: Corviknight
|-damage|p2a: Corviknight|7/100
|-hitcount|p2a: Corviknight|2
|-unboost|p1a: Garchomp|def|1
|-boost|p1a: Garchomp|spe|1
|move|p2a: Corviknight|Brave Bird|p1a: Garchomp
|-damage|p1a: Garchomp|0 fnt
|-damage|p2a: Corviknight|0 fnt|[from] ability: Rough Skin|[of] p1a: Garchomp
|faint|p1a: Garchomp
|faint|p2a: Corviknight
|
|upkeep
|
|t:|1667682753
|switch|p1a: Ferrothorn|Ferrothorn, F|100/100
|switch|p2a: Zeraora|Zeraora|100/100
|turn|6
|
|t:|1667682771
|move|p2a: Zeraora|Close Combat|p1a: Ferrothorn
|-supereffective|p1a: Ferrothorn
|-damage|p1a: Ferrothorn|35/100
|-unboost|p2a: Zeraora|def|1
|-unboost|p2a: Zeraora|spd|1
|-damage|p2a: Zeraora|88/100|[from] ability: Iron Barbs|[of] p1a: Ferrothorn
|move|p1a: Ferrothorn|Leech Seed|p2a: Zeraora
|-start|p2a: Zeraora|move: Leech Seed
|
|-heal|p1a: Ferrothorn|41/100|[from] item: Leftovers
|-damage|p2a: Zeraora|76/100|[from] Leech Seed|[of] p1a: Ferrothorn
|-heal|p1a: Ferrothorn|52/100|[silent]
|upkeep
|turn|7
|
|t:|1667682785
|switch|p2a: Tapu Fini|Tapu Fini|100/100
|-fieldstart|move: Misty Terrain|[from] ability: Misty Surge|[of] p2a: Tapu Fini
|switch|p1a: Zapdos|Zapdos|100/100
|
|upkeep
|turn|8
|j| King Of Peak
|
|t:|1667682792
|switch|p2a: Zeraora|Zeraora|76/100
|move|p1a: Zapdos|Volt Switch|p2a: Zeraora
|-heal|p2a: Zeraora|100/100|[from] ability: Volt Absorb|[of] p1a: Zapdos
|
|upkeep
|turn|9
|inactive|Dxnny_Bxiii has 120 seconds left.
|
|t:|1667682799
|move|p2a: Zeraora|Knock Off|p1a: Zapdos
|-damage|p1a: Zapdos|64/100
|-enditem|p1a: Zapdos|Heavy-Duty Boots|[from] move: Knock Off|[of] p2a: Zeraora
|move|p1a: Zapdos|Hurricane|p2a: Zeraora
|-resisted|p2a: Zeraora
|-damage|p2a: Zeraora|71/100
|
|upkeep
|turn|10
|
|t:|1667682806
|switch|p2a: Mamoswine|Mamoswine, M|100/100
|move|p1a: Zapdos|Roost|p1a: Zapdos
|-heal|p1a: Zapdos|100/100
|-singleturn|p1a: Zapdos|move: Roost
|
|upkeep
|turn|11
|
|t:|1667682815
|move|p1a: Zapdos|Hurricane|p2a: Mamoswine
|-damage|p2a: Mamoswine|69/100
|move|p2a: Mamoswine|Icicle Crash|p1a: Zapdos
|-supereffective|p1a: Zapdos
|-damage|p1a: Zapdos|28/100
|
|-fieldend|Misty Terrain
|upkeep
|turn|12
|
|t:|1667682823
|move|p2a: Mamoswine|Ice Shard|p1a: Zapdos
|-supereffective|p1a: Zapdos
|-damage|p1a: Zapdos|0 fnt
|faint|p1a: Zapdos
|
|upkeep
|
|t:|1667682825
|switch|p1a: Tapu Lele|Tapu Lele|100/100
|-fieldstart|move: Psychic Terrain|[from] ability: Psychic Surge|[of] p1a: Tapu Lele
|turn|13
|
|t:|1667682835
|switch|p2a: Tapu Fini|Tapu Fini|100/100
|-fieldstart|move: Misty Terrain|[from] ability: Misty Surge|[of] p2a: Tapu Fini
|move|p1a: Tapu Lele|Psychic|p2a: Tapu Fini
|-crit|p2a: Tapu Fini
|-damage|p2a: Tapu Fini|20/100
|
|-heal|p2a: Tapu Fini|26/100|[from] item: Leftovers
|upkeep
|turn|14
|
|t:|1667682844
|move|p1a: Tapu Lele|Psychic|p2a: Tapu Fini
|-damage|p2a: Tapu Fini|0 fnt
|faint|p2a: Tapu Fini
|
|upkeep
|c|☆Dxnny_Bxiii|specs for sure
|
|t:|1667682850
|switch|p2a: Heatran|Heatran, M|100/100
|turn|15
|c|☆Dxnny_Bxiii|i hope so atleast
|
|t:|1667682858
|switch|p1a: Blissey|Blissey, F|100/100
|move|p2a: Heatran|Magma Storm|p1a: Blissey
|-damage|p1a: Blissey|85/100
|-activate|p1a: Blissey|move: Magma Storm|[of] p2a: Heatran
|
|-damage|p1a: Blissey|73/100|[from] move: Magma Storm|[partiallytrapped]
|upkeep
|turn|16
|c|☆Pinapple321|Yeah it is
|
|t:|1667682866
|move|p2a: Heatran|Taunt|p1a: Blissey
|-start|p1a: Blissey|move: Taunt
|move|p1a: Blissey|Seismic Toss|p2a: Heatran
|-damage|p2a: Heatran|75/100
|
|-heal|p2a: Heatran|81/100|[from] item: Leftovers
|-damage|p1a: Blissey|60/100|[from] move: Magma Storm|[partiallytrapped]
|upkeep
|turn|17
|j| ACrumbOfSerotonin
|j| Enalios Davi
|
|t:|1667682878
|move|p2a: Heatran|Earth Power|p1a: Blissey
|-damage|p1a: Blissey|50/100
|move|p1a: Blissey|Seismic Toss|p2a: Heatran
|-damage|p2a: Heatran|55/100
|
|-heal|p2a: Heatran|61/100|[from] item: Leftovers
|-damage|p1a: Blissey|38/100|[from] move: Magma Storm|[partiallytrapped]
|-fieldend|Misty Terrain
|upkeep
|turn|18
|
|t:|1667682887
|move|p2a: Heatran|Toxic|p1a: Blissey
|-status|p1a: Blissey|tox
|move|p1a: Blissey|Seismic Toss|p2a: Heatran
|-damage|p2a: Heatran|35/100
|
|-heal|p2a: Heatran|41/100|[from] item: Leftovers
|-damage|p1a: Blissey|31/100 tox|[from] psn
|-damage|p1a: Blissey|19/100 tox|[from] move: Magma Storm|[partiallytrapped]
|-end|p1a: Blissey|move: Taunt
|upkeep
|turn|19
|l| Enalios Davi
|
|t:|1667682898
|move|p2a: Heatran|Taunt|p1a: Blissey
|-start|p1a: Blissey|move: Taunt
|move|p1a: Blissey|Seismic Toss|p2a: Heatran
|-damage|p2a: Heatran|16/100
|
|-heal|p2a: Heatran|22/100|[from] item: Leftovers
|-damage|p1a: Blissey|7/100 tox|[from] psn
|-damage|p1a: Blissey|0 fnt|[from] move: Magma Storm|[partiallytrapped]
|faint|p1a: Blissey
|upkeep
|
|t:|1667682902
|switch|p1a: Dragapult|Dragapult, M|100/100
|turn|20
|
|t:|1667682912
|switch|p2a: Amoonguss|Amoonguss, M|100/100
|move|p1a: Dragapult|Shadow Ball|p2a: Amoonguss
|-damage|p2a: Amoonguss|56/100
|
|upkeep
|turn|21
|j| TheNewBrends11@!
|
|t:|1667682928
|switch|p1a: Ferrothorn|Ferrothorn, F|52/100
|move|p2a: Amoonguss|Foul Play|p1a: Ferrothorn
|-damage|p1a: Ferrothorn|41/100
|-damage|p2a: Amoonguss|43/100|[from] ability: Iron Barbs|[of] p1a: Ferrothorn
|
|-heal|p1a: Ferrothorn|47/100|[from] item: Leftovers
|upkeep
|turn|22
|
|t:|1667682937
|switch|p2a: Heatran|Heatran, M|22/100
|move|p1a: Ferrothorn|Knock Off|p2a: Heatran
|-damage|p2a: Heatran|3/100
|-enditem|p2a: Heatran|Leftovers|[from] move: Knock Off|[of] p1a: Ferrothorn
|
|-heal|p1a: Ferrothorn|53/100|[from] item: Leftovers
|upkeep
|turn|23
|
|t:|1667682945
|switch|p1a: Dragapult|Dragapult, M|100/100
|move|p2a: Heatran|Magma Storm|p1a: Dragapult
|-resisted|p1a: Dragapult
|-damage|p1a: Dragapult|69/100
|-activate|p1a: Dragapult|move: Magma Storm|[of] p2a: Heatran
|
|-damage|p1a: Dragapult|57/100|[from] move: Magma Storm|[partiallytrapped]
|upkeep
|turn|24
|
|t:|1667682960
|move|p1a: Dragapult|Shadow Ball|p2a: Heatran
|-damage|p2a: Heatran|0 fnt
|faint|p2a: Heatran
|
|-end|p1a: Dragapult|Magma Storm|[partiallytrapped]|[silent]
|upkeep
|
|t:|1667682972
|switch|p2a: Mamoswine|Mamoswine, M|69/100
|turn|25
|
|t:|1667682979
|switch|p1a: Tapu Lele|Tapu Lele|100/100
|-fieldstart|move: Psychic Terrain|[from] ability: Psychic Surge|[of] p1a: Tapu Lele
|move|p2a: Mamoswine|Ice Shard|p1a: Tapu Lele
|-activate|p1a: Tapu Lele|move: Psychic Terrain
|
|upkeep
|turn|26
|
|t:|1667682986
|switch|p2a: Amoonguss|Amoonguss, M|77/100
|move|p1a: Tapu Lele|Psychic|p2a: Amoonguss
|-supereffective|p2a: Amoonguss
|-damage|p2a: Amoonguss|0 fnt
|faint|p2a: Amoonguss
|
|upkeep
|
|t:|1667682993
|switch|p2a: Mamoswine|Mamoswine, M|69/100
|turn|27
|n| ACrumbOfSerotonin|acrumbofserotonin
|
|t:|1667682996
|move|p1a: Tapu Lele|Psychic|p2a: Mamoswine
|-damage|p2a: Mamoswine|6/100
|-unboost|p2a: Mamoswine|spd|1
|move|p2a: Mamoswine|Earthquake|p1a: Tapu Lele
|-damage|p1a: Tapu Lele|5/100
|
|upkeep
|turn|28
|c|☆Dxnny_Bxiii|gg
|c|☆Pinapple321|Gg
|inactive|Dxnny_Bxiii has 120 seconds left.
|c|☆Dxnny_Bxiii|i made some bad misplays
|
|t:|1667683043
|move|p1a: Tapu Lele|Psychic|p2a: Mamoswine
|-damage|p2a: Mamoswine|0 fnt
|faint|p2a: Mamoswine
|
|upkeep
|
|t:|1667683047
|switch|p2a: Zeraora|Zeraora|71/100
|turn|29
|
|t:|1667683052
|move|p2a: Zeraora|Knock Off|p1a: Tapu Lele
|-damage|p1a: Tapu Lele|0 fnt
|-enditem|p1a: Tapu Lele|Choice Specs|[from] move: Knock Off|[of] p2a: Zeraora
|faint|p1a: Tapu Lele
|
|-fieldend|move: Psychic Terrain
|upkeep
|j| Soma
|j| MakarBacon
|
|t:|1667683077
|switch|p1a: Ferrothorn|Ferrothorn, F|53/100
|turn|30
|
|t:|1667683083
|move|p2a: Zeraora|Knock Off|p1a: Ferrothorn
|-damage|p1a: Ferrothorn|26/100
|-damage|p2a: Zeraora|59/100|[from] ability: Iron Barbs|[of] p1a: Ferrothorn
|-enditem|p1a: Ferrothorn|Leftovers|[from] move: Knock Off|[of] p2a: Zeraora
|move|p1a: Ferrothorn|Power Whip|p2a: Zeraora
|-damage|p2a: Zeraora|2/100
|
|upkeep
|turn|31
|
|t:|1667683091
|move|p2a: Zeraora|Knock Off|p1a: Ferrothorn
|-damage|p1a: Ferrothorn|7/100
|-damage|p2a: Zeraora|0 fnt|[from] ability: Iron Barbs|[of] p1a: Ferrothorn
|faint|p2a: Zeraora
|
|win|Pinapple321
|n|☆Pinapple321|pinapple321
|n|☆Dxnny_Bxiii|dxnnybxiii
|n|*Lady Monita ☽|ladymonita
|n| BB-8-NU|bb8nu
|n| sakib66|sakib66
|n| Zendaya bath water|zendayabathwater
|n| Aftx|aftx
|n| Gennarobullo4gen|gennarobullo4gen
|n| Gabriel97434|gabriel97434
|n| Guave|guave
|n| Oreotrague★✿|oreotrague
|n| bl3ssed|bl3ssed
|n| jazzynazzy|jazzynazzy
|n| King Of Peak|kingofpeak
|n| ACrumbOfSerotonin|acrumbofserotonin
|n| TheNewBrends11@!|thenewbrends11
|n| Soma|soma
|n| MakarBacon|makarbacon
|l|*Lady Monita ☽
|c|☆Pinapple321|I just realised it was banded
|l| BB-8-NU
|c|☆Dxnny_Bxiii|wp
|c|☆Pinapple321|Gg
|l| Soma
|c|☆Pinapple321|Wp
|c|☆Dxnny_Bxiii|mhm
|l|☆Dxnny_Bxiii
