|j|☆Aggron
|j|☆Forwards
|t:|1663604044
|gametype|singles
|player|p1|Aggron|janitor|1636
|player|p2|Forwards|rollerskater|1790
|teamsize|p1|6
|teamsize|p2|6
|gen|8
|tier|[Gen 8] OU
|rated|
|rule|Sleep Clause Mod: Limit one foe put to sleep
|rule|Species Clause: Limit one of each Pokémon
|rule|OHKO Clause: OHKO moves are banned
|rule|Evasion Items Clause: Evasion items are banned
|rule|Evasion Moves Clause: Evasion moves are banned
|rule|Endless Battle Clause: Forcing endless battles is banned
|rule|HP Percentage Mod: HP is shown in percentages
|rule|Dynamax Clause: You cannot dynamax
|clearpoke
|poke|p1|Arctozolt|
|poke|p1|Ninetales-Alola, F|
|poke|p1|Regieleki|
|poke|p1|Thundurus, M|
|poke|p1|Abomasnow, F|
|poke|p1|Garchomp, M|
|poke|p2|Tapu Koko|
|poke|p2|Moltres-Galar|
|poke|p2|Registeel|
|poke|p2|Hawlucha, M|
|poke|p2|Landorus-Therian, M|
|poke|p2|Dragapult, F|
|teampreview
|inactive|Battle timer is ON: inactive players will automatically lose when time's up. (requested by Aggron)
|c|☆Aggron|hf
|c|☆Forwards|gl
|
|t:|1663604072
|start
|switch|p1a: Regieleki|Regieleki, shiny|100/100
|switch|p2a: Landorus|Landorus-Therian, M|100/100
|-ability|p2a: Landorus|Intimidate|boost
|-unboost|p1a: Regieleki|atk|1
|turn|1
|
|t:|1663604079
|switch|p1a: Ninetales|Ninetales-Alola, F|100/100
|-weather|Hail|[from] ability: Snow Warning|[of] p1a: Ninetales
|move|p2a: Landorus|Stealth Rock|p1a: Ninetales
|-sidestart|p1: Aggron|move: Stealth Rock
|
|-weather|Hail|[upkeep]
|-damage|p2a: Landorus|95/100|[from] Hail
|upkeep
|turn|2
|
|t:|1663604086
|move|p1a: Ninetales|Aurora Veil|p1a: Ninetales
|-sidestart|p1: Aggron|move: Aurora Veil
|move|p2a: Landorus|Earthquake|p1a: Ninetales
|-damage|p1a: Ninetales|63/100
|
|-weather|Hail|[upkeep]
|-damage|p2a: Landorus|89/100|[from] Hail
|upkeep
|turn|3
|
|t:|1663604092
|switch|p1a: Thundurus|Thundurus, M, shiny|100/100
|switch|p2a: Tapu Koko|Tapu Koko|100/100
|-fieldstart|move: Electric Terrain|[from] ability: Electric Surge|[of] p2a: Tapu Koko
|
|-weather|Hail|[upkeep]
|-damage|p2a: Tapu Koko|94/100|[from] Hail
|-damage|p1a: Thundurus|94/100|[from] Hail
|upkeep
|turn|4
|
|t:|1663604102
|switch|p1a: Arctozolt|Arctozolt|100/100
|-damage|p1a: Arctozolt|76/100|[from] Stealth Rock
|move|p2a: Tapu Koko|Light Screen|p2a: Tapu Koko
|-sidestart|p2: Forwards|move: Light Screen
|
|-weather|Hail|[upkeep]
|-damage|p2a: Tapu Koko|88/100|[from] Hail
|-heal|p1a: Arctozolt|82/100|[from] item: Leftovers
|upkeep
|turn|5
|
|t:|1663604109
|move|p1a: Arctozolt|Bolt Beak|p2a: Tapu Koko
|-resisted|p2a: Tapu Koko
|-damage|p2a: Tapu Koko|32/100
|move|p2a: Tapu Koko|Reflect|p2a: Tapu Koko
|-sidestart|p2: Forwards|Reflect
|
|-weather|none
|-heal|p1a: Arctozolt|88/100|[from] item: Leftovers
|upkeep
|turn|6
|
|t:|1663604119
|switch|p1a: Garchomp|Garchomp, M|100/100
|-damage|p1a: Garchomp|94/100|[from] Stealth Rock
|move|p2a: Tapu Koko|U-turn|p1a: Garchomp
|-damage|p1a: Garchomp|87/100
|-damage|p2a: Tapu Koko|20/100|[from] ability: Rough Skin|[of] p1a: Garchomp
|-damage|p2a: Tapu Koko|3/100|[from] item: Rocky Helmet|[of] p1a: Garchomp
|
|t:|1663604126
|switch|p2a: Dragapult|Dragapult, F|100/100|[from]move: U-turn
|
|upkeep
|turn|7
|
|t:|1663604130
|move|p2a: Dragapult|Dragon Darts|p1a: Garchomp
|-supereffective|p1a: Garchomp
|-damage|p1a: Garchomp|60/100
|-anim|p2a: Dragapult|Dragon Darts|p1a: Garchomp
|-supereffective|p1a: Garchomp
|-damage|p1a: Garchomp|35/100
|-damage|p2a: Dragapult|91/100|[from] item: Life Orb
|move|p1a: Garchomp|Dragon Tail|p2a: Dragapult
|-supereffective|p2a: Dragapult
|-damage|p2a: Dragapult|58/100
|drag|p2a: Registeel|Registeel|100/100
|
|-fieldend|move: Electric Terrain
|upkeep
|turn|8
|
|t:|1663604136
|switch|p2a: Dragapult|Dragapult, F|58/100
|move|p1a: Garchomp|Stealth Rock|p2a: Dragapult
|-sidestart|p2: Forwards|move: Stealth Rock
|
|upkeep
|turn|9
|
|t:|1663604143
|move|p2a: Dragapult|Dragon Darts|p1a: Garchomp
|-supereffective|p1a: Garchomp
|-damage|p1a: Garchomp|10/100
|-anim|p2a: Dragapult|Dragon Darts|p1a: Garchomp
|-supereffective|p1a: Garchomp
|-damage|p1a: Garchomp|0 fnt
|faint|p1a: Garchomp
|-damage|p2a: Dragapult|48/100|[from] item: Life Orb
|
|-sideend|p1: Aggron|move: Aurora Veil
|upkeep
|
|t:|1663604158
|switch|p1a: Thundurus|Thundurus, M, shiny|94/100
|turn|10
|
|t:|1663604163
|move|p1a: Thundurus|Thunder Wave|p2a: Dragapult
|-status|p2a: Dragapult|par
|move|p2a: Dragapult|Dragon Darts|p1a: Thundurus
|-damage|p1a: Thundurus|33/100
|-anim|p2a: Dragapult|Dragon Darts|p1a: Thundurus
|-damage|p1a: Thundurus|0 fnt
|faint|p1a: Thundurus
|-damage|p2a: Dragapult|38/100 par|[from] item: Life Orb
|
|upkeep
|
|t:|1663604176
|switch|p1a: Ninetales|Ninetales-Alola, F|63/100
|-damage|p1a: Ninetales|38/100|[from] Stealth Rock
|-weather|Hail|[from] ability: Snow Warning|[of] p1a: Ninetales
|turn|11
|
|t:|1663604185
|move|p1a: Ninetales|Moonblast|p2a: Dragapult
|-supereffective|p2a: Dragapult
|-damage|p2a: Dragapult|6/100 par
|move|p2a: Dragapult|Flamethrower|p1a: Ninetales
|-supereffective|p1a: Ninetales
|-damage|p1a: Ninetales|0 fnt
|faint|p1a: Ninetales
|-damage|p2a: Dragapult|0 fnt|[from] item: Life Orb
|faint|p2a: Dragapult
|
|-weather|Hail|[upkeep]
|-sideend|p2: Forwards|move: Light Screen
|upkeep
|
|t:|1663604194
|switch|p2a: Landorus|Landorus-Therian, M|89/100
|switch|p1a: Arctozolt|Arctozolt|88/100
|-damage|p1a: Arctozolt|63/100|[from] Stealth Rock
|-damage|p2a: Landorus|76/100|[from] Stealth Rock
|-ability|p2a: Landorus|Intimidate|boost
|-unboost|p1a: Arctozolt|atk|1
|turn|12
|
|t:|1663604199
|switch|p2a: Tapu Koko|Tapu Koko|3/100
|-damage|p2a: Tapu Koko|0 fnt|[from] Stealth Rock
|faint|p2a: Tapu Koko
|move|p1a: Arctozolt|Substitute|p1a: Arctozolt
|-start|p1a: Arctozolt|Substitute
|-damage|p1a: Arctozolt|38/100
|
|-weather|Hail|[upkeep]
|-heal|p1a: Arctozolt|44/100|[from] item: Leftovers
|-sideend|p2: Forwards|Reflect
|upkeep
|
|t:|1663604203
|switch|p2a: Registeel|Registeel|100/100
|-damage|p2a: Registeel|94/100|[from] Stealth Rock
|turn|13
|
|t:|1663604207
|move|p1a: Arctozolt|Bolt Beak|p2a: Registeel
|-damage|p2a: Registeel|71/100
|move|p2a: Registeel|Iron Defense|p2a: Registeel
|-boost|p2a: Registeel|def|2
|
|-weather|Hail|[upkeep]
|-damage|p2a: Registeel|65/100|[from] Hail
|-heal|p1a: Arctozolt|51/100|[from] item: Leftovers
|upkeep
|turn|14
|
|t:|1663604217
|switch|p1a: Abomasnow|Abomasnow, F|100/100
|-damage|p1a: Abomasnow|76/100|[from] Stealth Rock
|move|p2a: Registeel|Amnesia|p2a: Registeel
|-boost|p2a: Registeel|spd|2
|
|-weather|Hail|[upkeep]
|-damage|p2a: Registeel|59/100|[from] Hail
|upkeep
|turn|15
|
|t:|1663604224
|move|p1a: Abomasnow|Leech Seed|p2a: Registeel
|-start|p2a: Registeel|move: Leech Seed
|move|p2a: Registeel|Body Press|p1a: Abomasnow
|-supereffective|p1a: Abomasnow
|-damage|p1a: Abomasnow|0 fnt
|faint|p1a: Abomasnow
|
|-weather|none
|upkeep
|
|t:|1663604233
|switch|p1a: Regieleki|Regieleki, shiny|100/100
|turn|16
|
|t:|1663604238
|move|p1a: Regieleki|Rapid Spin|p2a: Registeel
|-resisted|p2a: Registeel
|-damage|p2a: Registeel|57/100
|-boost|p1a: Regieleki|spe|1
|-sideend|p1: Aggron|Stealth Rock|[from] move: Rapid Spin|[of] p1a: Regieleki
|move|p2a: Registeel|Rest|p2a: Registeel
|-status|p2a: Registeel|slp|[from] move: Rest
|-heal|p2a: Registeel|100/100 slp|[silent]
|-enditem|p2a: Registeel|Chesto Berry|[eat]
|-curestatus|p2a: Registeel|slp|[msg]
|
|-damage|p2a: Registeel|88/100|[from] Leech Seed|[of] p1a: Regieleki
|upkeep
|turn|17
|
|t:|1663604249
|move|p1a: Regieleki|Wild Charge|p2a: Registeel
|-damage|p2a: Registeel|71/100
|-damage|p1a: Regieleki|95/100|[from] Recoil
|move|p2a: Registeel|Body Press|p1a: Regieleki
|-damage|p1a: Regieleki|0 fnt
|faint|p1a: Regieleki
|
|upkeep
|
|t:|1663604253
|switch|p1a: Arctozolt|Arctozolt|51/100
|turn|18
|
|t:|1663604258
|move|p1a: Arctozolt|Substitute|p1a: Arctozolt
|-start|p1a: Arctozolt|Substitute
|-damage|p1a: Arctozolt|26/100
|move|p2a: Registeel|Body Press|p1a: Arctozolt
|-supereffective|p1a: Arctozolt
|-end|p1a: Arctozolt|Substitute
|
|-heal|p1a: Arctozolt|32/100|[from] item: Leftovers
|-damage|p2a: Registeel|58/100|[from] Leech Seed|[of] p1a: Arctozolt
|-heal|p1a: Arctozolt|46/100|[silent]
|upkeep
|turn|19
|
|t:|1663604265
|move|p1a: Arctozolt|Substitute|p1a: Arctozolt
|-start|p1a: Arctozolt|Substitute
|-damage|p1a: Arctozolt|21/100
|move|p2a: Registeel|Body Press|p1a: Arctozolt
|-supereffective|p1a: Arctozolt
|-end|p1a: Arctozolt|Substitute
|
|-heal|p1a: Arctozolt|27/100|[from] item: Leftovers
|-damage|p2a: Registeel|46/100|[from] Leech Seed|[of] p1a: Arctozolt
|-heal|p1a: Arctozolt|41/100|[silent]
|upkeep
|turn|20
|
|t:|1663604270
|move|p1a: Arctozolt|Substitute|p1a: Arctozolt
|-start|p1a: Arctozolt|Substitute
|-damage|p1a: Arctozolt|16/100
|move|p2a: Registeel|Body Press|p1a: Arctozolt
|-supereffective|p1a: Arctozolt
|-end|p1a: Arctozolt|Substitute
|
|-heal|p1a: Arctozolt|23/100|[from] item: Leftovers
|-damage|p2a: Registeel|33/100|[from] Leech Seed|[of] p1a: Arctozolt
|-heal|p1a: Arctozolt|37/100|[silent]
|upkeep
|turn|21
|
|t:|1663604274
|move|p1a: Arctozolt|Substitute|p1a: Arctozolt
|-start|p1a: Arctozolt|Substitute
|-damage|p1a: Arctozolt|12/100
|move|p2a: Registeel|Rest|p2a: Registeel
|-status|p2a: Registeel|slp|[from] move: Rest
|-heal|p2a: Registeel|100/100 slp|[silent]
|
|-heal|p1a: Arctozolt|18/100|[from] item: Leftovers
|-damage|p2a: Registeel|88/100 slp|[from] Leech Seed|[of] p1a: Arctozolt
|-heal|p1a: Arctozolt|32/100|[silent]
|upkeep
|turn|22
|
|t:|1663604278
|move|p1a: Arctozolt|Hail|p1a: Arctozolt
|-weather|Hail
|cant|p2a: Registeel|slp
|
|-weather|Hail|[upkeep]
|-damage|p2a: Registeel|82/100 slp|[from] Hail
|-heal|p1a: Arctozolt|38/100|[from] item: Leftovers
|-damage|p2a: Registeel|70/100 slp|[from] Leech Seed|[of] p1a: Arctozolt
|-heal|p1a: Arctozolt|52/100|[silent]
|upkeep
|turn|23
|
|t:|1663604284
|move|p1a: Arctozolt|Bolt Beak|p2a: Registeel
|-crit|p2a: Registeel
|-damage|p2a: Registeel|18/100 slp
|cant|p2a: Registeel|slp
|
|-weather|Hail|[upkeep]
|-damage|p2a: Registeel|11/100 slp|[from] Hail
|-heal|p1a: Arctozolt|58/100|[from] item: Leftovers
|-damage|p2a: Registeel|0 fnt|[from] Leech Seed|[of] p1a: Arctozolt
|-heal|p1a: Arctozolt|71/100|[silent]
|faint|p2a: Registeel
|upkeep
|
|t:|1663604292
|switch|p2a: Landorus|Landorus-Therian, M|76/100
|-damage|p2a: Landorus|64/100|[from] Stealth Rock
|-ability|p2a: Landorus|Intimidate|boost
|-immune|p1a: Arctozolt
|turn|24
|
|t:|1663604299
|move|p1a: Arctozolt|Blizzard|p2a: Landorus
|-supereffective|p2a: Landorus
|-damage|p2a: Landorus|0 fnt
|faint|p2a: Landorus
|
|-weather|Hail|[upkeep]
|-heal|p1a: Arctozolt|77/100|[from] item: Leftovers
|upkeep
|
|t:|1663604301
|switch|p2a: Hawlucha|Hawlucha, M|100/100
|-damage|p2a: Hawlucha|88/100|[from] Stealth Rock
|turn|25
|
|t:|1663604305
|move|p1a: Arctozolt|Bolt Beak|p2a: Hawlucha
|-supereffective|p2a: Hawlucha
|-damage|p2a: Hawlucha|0 fnt
|faint|p2a: Hawlucha
|
|-weather|Hail|[upkeep]
|-heal|p1a: Arctozolt|83/100|[from] item: Leftovers
|upkeep
|
|t:|1663604307
|switch|p2a: Moltres|Moltres-Galar|100/100
|-damage|p2a: Moltres|76/100|[from] Stealth Rock
|turn|26
|
|t:|1663604309
|move|p1a: Arctozolt|Bolt Beak|p2a: Moltres
|-supereffective|p2a: Moltres
|-damage|p2a: Moltres|0 fnt
|faint|p2a: Moltres
|
|win|Aggron
|raw|Aggron's rating: 1636 &rarr; <strong>1664</strong><br />(+28 for winning)
|raw|Forwards's rating: 1790 &rarr; <strong>1762</strong><br />(-28 for losing)
|l|☆Forwards
