|html|<div class="broadcast-blue"><strong>[Gen 8] OU is currently suspecting Melmetal! For information on how to participate check out the <a href="https://www.smogon.com/forums/threads/np-ss-ou-suspect-process-round-12-monster-mash.3709234/">suspect thread</a>.</strong></div>
|j|☆toffy355
|j|☆MinecraftUprising
|t:|1665754481
|gametype|singles
|player|p1|toffy355|266|1598
|player|p2|MinecraftUprising|kahili|1809
|teamsize|p1|6
|teamsize|p2|6
|gen|8
|tier|[Gen 8] OU
|rated|
|rule|Sleep Clause Mod: Limit one foe put to sleep
|rule|Species Clause: Limit one of each Pokémon
|rule|OHKO Clause: OHKO moves are banned
|rule|Evasion Items Clause: Evasion items are banned
|rule|Evasion Moves Clause: Evasion moves are banned
|rule|Endless Battle Clause: Forcing endless battles is banned
|rule|HP Percentage Mod: HP is shown in percentages
|rule|Dynamax Clause: You cannot dynamax
|clearpoke
|poke|p1|Hatterene, F|
|poke|p1|Cresselia, F|
|poke|p1|Melmetal|
|poke|p1|Crawdaunt, M|
|poke|p1|Marowak-Alola, F|
|poke|p1|Mimikyu, F|
|poke|p2|Landorus-Therian, M|
|poke|p2|Rillaboom, F|
|poke|p2|Heatran, F|
|poke|p2|Aegislash, F|
|poke|p2|Hydreigon, M|
|poke|p2|Dragapult, F|
|teampreview
|inactive|Battle timer is ON: inactive players will automatically lose when time's up. (requested by MinecraftUprising)
|
|t:|1665754504
|start
|switch|p1a: Hatterene|Hatterene, F|100/100
|switch|p2a: Aegislash|Aegislash, F|100/100
|turn|1
|
|t:|1665754510
|-formechange|p2a: Aegislash|Aegislash-Blade||[from] ability: Stance Change
|move|p2a: Aegislash|Shadow Ball|p1a: Hatterene
|-supereffective|p1a: Hatterene
|-enditem|p1a: Hatterene|Focus Sash
|-damage|p1a: Hatterene|1/100
|move|p1a: Hatterene|Trick Room|p1a: Hatterene
|-fieldstart|move: Trick Room|[of] p1a: Hatterene
|
|upkeep
|turn|2
|
|t:|1665754518
|switch|p1a: Crawdaunt|Crawdaunt, M, shiny|100/100
|move|p2a: Aegislash|Shadow Ball|p1a: Crawdaunt
|-resisted|p1a: Crawdaunt
|-damage|p1a: Crawdaunt|41/100
|
|upkeep
|turn|3
|
|t:|1665754527
|switch|p2a: Hydreigon|Hydreigon, M|100/100
|move|p1a: Crawdaunt|Swords Dance|p1a: Crawdaunt
|-boost|p1a: Crawdaunt|atk|2
|
|upkeep
|turn|4
|
|t:|1665754535
|switch|p2a: Aegislash|Aegislash, F|100/100
|move|p1a: Crawdaunt|Knock Off|p2a: Aegislash
|-supereffective|p2a: Aegislash
|-damage|p2a: Aegislash|0 fnt
|-enditem|p2a: Aegislash|Choice Specs|[from] move: Knock Off|[of] p1a: Crawdaunt
|faint|p2a: Aegislash
|-damage|p1a: Crawdaunt|31/100|[from] item: Life Orb
|
|upkeep
|
|t:|1665754548
|switch|p2a: Rillaboom|Rillaboom, F|100/100
|-fieldstart|move: Grassy Terrain|[from] ability: Grassy Surge|[of] p2a: Rillaboom
|turn|5
|
|t:|1665754557
|switch|p1a: Mimikyu|Mimikyu, F|100/100
|move|p2a: Rillaboom|Grassy Glide|p1a: Mimikyu
|-activate|p1a: Mimikyu|ability: Disguise
|-damage|p1a: Mimikyu|100/100
|detailschange|p1a: Mimikyu|Mimikyu-Busted, F
|-damage|p1a: Mimikyu|88/100|[from] pokemon: Mimikyu-Busted
|-enditem|p1a: Mimikyu|Red Card|[of] p2a: Rillaboom
|drag|p2a: Dragapult|Dragapult, F|100/100
|
|-heal|p1a: Mimikyu|94/100|[from] Grassy Terrain
|-fieldend|move: Trick Room
|upkeep
|turn|6
|
|t:|1665754573
|switch|p1a: Hatterene|Hatterene, F|1/100
|move|p2a: Dragapult|Phantom Force||[still]
|-prepare|p2a: Dragapult|Phantom Force
|
|-heal|p1a: Hatterene|7/100|[from] Grassy Terrain
|upkeep
|turn|7
|
|t:|1665754586
|move|p2a: Dragapult|Phantom Force|p1a: Hatterene|[from]lockedmove
|-supereffective|p1a: Hatterene
|-damage|p1a: Hatterene|0 fnt
|faint|p1a: Hatterene
|
|upkeep
|
|t:|1665754594
|switch|p1a: Mimikyu|Mimikyu-Busted, F|94/100
|turn|8
|
|t:|1665754599
|move|p2a: Dragapult|Phantom Force||[still]
|-prepare|p2a: Dragapult|Phantom Force
|move|p1a: Mimikyu|Trick Room|p1a: Mimikyu
|-fieldstart|move: Trick Room|[of] p1a: Mimikyu
|
|-heal|p1a: Mimikyu|99/100|[from] Grassy Terrain
|upkeep
|turn|9
|
|t:|1665754605
|move|p1a: Mimikyu|Destiny Bond|p1a: Mimikyu
|-singlemove|p1a: Mimikyu|Destiny Bond
|move|p2a: Dragapult|Phantom Force|p1a: Mimikyu|[from]lockedmove
|-supereffective|p1a: Mimikyu
|-damage|p1a: Mimikyu|0 fnt
|faint|p1a: Mimikyu
|-activate|p1a: Mimikyu|move: Destiny Bond
|faint|p2a: Dragapult
|
|-fieldend|move: Grassy Terrain
|upkeep
|
|t:|1665754618
|switch|p1a: Marowak|Marowak-Alola, F|100/100
|switch|p2a: Rillaboom|Rillaboom, F|100/100
|-fieldstart|move: Grassy Terrain|[from] ability: Grassy Surge|[of] p2a: Rillaboom
|turn|10
|
|t:|1665754623
|move|p1a: Marowak|Poltergeist|p2a: Rillaboom
|-activate|p2a: Rillaboom|move: Poltergeist|Leftovers
|-damage|p2a: Rillaboom|21/100
|move|p2a: Rillaboom|Knock Off|p1a: Marowak
|-supereffective|p1a: Marowak
|-damage|p1a: Marowak|32/100
|-enditem|p1a: Marowak|Thick Club|[from] move: Knock Off|[of] p2a: Rillaboom
|
|-heal|p1a: Marowak|39/100|[from] Grassy Terrain
|-heal|p2a: Rillaboom|27/100|[from] Grassy Terrain
|-heal|p2a: Rillaboom|33/100|[from] item: Leftovers
|upkeep
|turn|11
|
|t:|1665754634
|switch|p2a: Landorus|Landorus-Therian, M|100/100
|-ability|p2a: Landorus|Intimidate|boost
|-unboost|p1a: Marowak|atk|1
|move|p1a: Marowak|Poltergeist|p2a: Landorus
|-activate|p2a: Landorus|move: Poltergeist|Custap Berry
|-damage|p2a: Landorus|63/100
|
|-heal|p1a: Marowak|45/100|[from] Grassy Terrain
|upkeep
|turn|12
|
|t:|1665754643
|move|p1a: Marowak|Poltergeist|p2a: Landorus
|-activate|p2a: Landorus|move: Poltergeist|Custap Berry
|-damage|p2a: Landorus|30/100
|move|p2a: Landorus|Knock Off|p1a: Marowak
|-supereffective|p1a: Marowak
|-damage|p1a: Marowak|0 fnt
|faint|p1a: Marowak
|
|-fieldend|move: Trick Room
|upkeep
|
|t:|1665754652
|switch|p1a: Crawdaunt|Crawdaunt, M, shiny|31/100
|turn|13
|
|t:|1665754655
|move|p2a: Landorus|Explosion|p1a: Crawdaunt
|-damage|p1a: Crawdaunt|0 fnt
|faint|p2a: Landorus
|faint|p1a: Crawdaunt
|
|upkeep
|
|t:|1665754663
|switch|p2a: Rillaboom|Rillaboom, F|33/100
|switch|p1a: Cresselia|Cresselia, F|100/100
|turn|14
|
|t:|1665754667
|move|p2a: Rillaboom|Swords Dance|p2a: Rillaboom
|-boost|p2a: Rillaboom|atk|2
|move|p1a: Cresselia|Trick Room|p1a: Cresselia
|-fieldstart|move: Trick Room|[of] p1a: Cresselia
|
|-heal|p2a: Rillaboom|40/100|[from] Grassy Terrain
|-heal|p2a: Rillaboom|46/100|[from] item: Leftovers
|-fieldend|move: Grassy Terrain
|upkeep
|turn|15
|
|t:|1665754674
|switch|p1a: Melmetal|Melmetal|100/100
|move|p2a: Rillaboom|Knock Off|p1a: Melmetal
|-damage|p1a: Melmetal|59/100
|-enditem|p1a: Melmetal|Metal Coat|[from] move: Knock Off|[of] p2a: Rillaboom
|
|-heal|p2a: Rillaboom|52/100|[from] item: Leftovers
|upkeep
|turn|16
|
|t:|1665754684
|switch|p2a: Heatran|Heatran, F|100/100
|move|p1a: Melmetal|Double Iron Bash|p2a: Heatran
|-resisted|p2a: Heatran
|-damage|p2a: Heatran|94/100
|-resisted|p2a: Heatran
|-damage|p2a: Heatran|87/100
|-hitcount|p2a: Heatran|2
|
|-heal|p2a: Heatran|93/100|[from] item: Leftovers
|upkeep
|turn|17
|
|t:|1665754695
|switch|p2a: Rillaboom|Rillaboom, F|52/100
|-fieldstart|move: Grassy Terrain|[from] ability: Grassy Surge|[of] p2a: Rillaboom
|move|p1a: Melmetal|Superpower|p2a: Rillaboom
|-damage|p2a: Rillaboom|4/100
|-unboost|p1a: Melmetal|atk|1
|-unboost|p1a: Melmetal|def|1
|
|-heal|p1a: Melmetal|65/100|[from] Grassy Terrain
|-heal|p2a: Rillaboom|10/100|[from] Grassy Terrain
|-heal|p2a: Rillaboom|16/100|[from] item: Leftovers
|upkeep
|turn|18
|
|t:|1665754711
|move|p2a: Rillaboom|Grassy Glide|p1a: Melmetal
|-resisted|p1a: Melmetal
|-damage|p1a: Melmetal|45/100
|move|p1a: Melmetal|Superpower|p2a: Rillaboom
|-damage|p2a: Rillaboom|0 fnt
|-unboost|p1a: Melmetal|atk|1
|-unboost|p1a: Melmetal|def|1
|faint|p2a: Rillaboom
|
|-heal|p1a: Melmetal|51/100|[from] Grassy Terrain
|-fieldend|move: Trick Room
|upkeep
|
|t:|1665754719
|switch|p2a: Heatran|Heatran, F|93/100
|turn|19
|
|t:|1665754723
|switch|p1a: Cresselia|Cresselia, F|100/100
|move|p2a: Heatran|Magma Storm|p1a: Cresselia
|-damage|p1a: Cresselia|81/100
|-activate|p1a: Cresselia|move: Magma Storm|[of] p2a: Heatran
|
|-heal|p2a: Heatran|99/100|[from] Grassy Terrain
|-heal|p2a: Heatran|100/100|[from] item: Leftovers
|-heal|p1a: Cresselia|87/100|[from] item: Leftovers
|-damage|p1a: Cresselia|75/100|[from] move: Magma Storm|[partiallytrapped]
|upkeep
|turn|20
|
|t:|1665754733
|move|p1a: Cresselia|Magic Coat|p1a: Cresselia
|-singleturn|p1a: Cresselia|move: Magic Coat
|move|p2a: Heatran|Taunt|p1a: Cresselia
|move|p1a: Cresselia|Taunt|p2a: Heatran|[from]Magic Coat
|-start|p2a: Heatran|move: Taunt
|
|-heal|p1a: Cresselia|81/100|[from] item: Leftovers
|-damage|p1a: Cresselia|68/100|[from] move: Magma Storm|[partiallytrapped]
|upkeep
|turn|21
|
|t:|1665754745
|move|p2a: Heatran|Magma Storm|p1a: Cresselia|[miss]
|-miss|p2a: Heatran|p1a: Cresselia
|move|p1a: Cresselia|Trick Room|p1a: Cresselia
|-fieldstart|move: Trick Room|[of] p1a: Cresselia
|
|-heal|p1a: Cresselia|74/100|[from] item: Leftovers
|-damage|p1a: Cresselia|62/100|[from] move: Magma Storm|[partiallytrapped]
|-fieldend|move: Grassy Terrain
|upkeep
|turn|22
|
|t:|1665754752
|move|p1a: Cresselia|Lunar Dance|p1a: Cresselia
|faint|p1a: Cresselia
|move|p2a: Heatran|Magma Storm|p1: Cresselia|[notarget]
|-fail|p2a: Heatran
|
|upkeep
|
|t:|1665754755
|switch|p1a: Melmetal|Melmetal|51/100
|-heal|p1a: Melmetal|100/100|[from] move: Lunar Dance
|turn|23
|
|t:|1665754772
|switch|p2a: Hydreigon|Hydreigon, M|100/100
|move|p1a: Melmetal|Earthquake|p2a: Hydreigon
|-immune|p2a: Hydreigon|[from] ability: Levitate
|
|upkeep
|turn|24
|
|t:|1665754780
|move|p1a: Melmetal|Double Iron Bash|p2a: Hydreigon
|-damage|p2a: Hydreigon|55/100
|-damage|p2a: Hydreigon|11/100
|-hitcount|p2a: Hydreigon|2
|move|p2a: Hydreigon|Roost|p2a: Hydreigon
|-heal|p2a: Hydreigon|61/100
|-singleturn|p2a: Hydreigon|move: Roost
|
|-heal|p2a: Hydreigon|67/100|[from] item: Leftovers
|upkeep
|turn|25
|
|t:|1665754789
|switch|p2a: Heatran|Heatran, F|100/100
|move|p1a: Melmetal|Superpower|p2a: Heatran
|-supereffective|p2a: Heatran
|-damage|p2a: Heatran|45/100
|-unboost|p1a: Melmetal|atk|1
|-unboost|p1a: Melmetal|def|1
|-status|p1a: Melmetal|brn|[from] ability: Flame Body|[of] p2a: Heatran
|
|-heal|p2a: Heatran|51/100|[from] item: Leftovers
|-damage|p1a: Melmetal|94/100 brn|[from] brn
|-fieldend|move: Trick Room
|upkeep
|turn|26
|l|☆toffy355
|inactive|toffy355 disconnected and has a minute to reconnect!
|player|p1|
|inactive|toffy355 has 30 seconds to reconnect!
|inactive|toffy355 has 20 seconds to reconnect!
|inactive|toffy355 has 15 seconds to reconnect!
|inactive|toffy355 has 10 seconds to reconnect!
|inactive|toffy355 has 5 seconds to reconnect!
|-message|toffy355 lost due to inactivity.
|
|win|MinecraftUprising
|raw|toffy355's rating: 1598 &rarr; <strong>1589</strong><br />(-9 for losing)
|raw|MinecraftUprising's rating: 1809 &rarr; <strong>1818</strong><br />(+9 for winning)
|l|☆MinecraftUprising
||Ladder isn't responding, score probably updated but might not have (Request timeout).
|j|☆MinecraftUprising
|player|p2|MinecraftUprising|kahili
