|j|☆GodkingBobert
|j|☆ultimategoogolplex
|t:|1667166576
|gametype|singles
|player|p1|GodkingBobert|sage|1601
|player|p2|ultimategoogolplex|2|1703
|teamsize|p1|6
|teamsize|p2|6
|gen|8
|tier|[Gen 8] OU
|rated|
|rule|Sleep Clause Mod: Limit one foe put to sleep
|rule|Species Clause: Limit one of each Pokémon
|rule|OHKO Clause: OHKO moves are banned
|rule|Evasion Items Clause: Evasion items are banned
|rule|Evasion Moves Clause: Evasion moves are banned
|rule|Endless Battle Clause: Forcing endless battles is banned
|rule|HP Percentage Mod: HP is shown in percentages
|rule|Dynamax Clause: You cannot dynamax
|clearpoke
|poke|p1|Melmetal|
|poke|p1|Weavile, F|
|poke|p1|Volcanion|
|poke|p1|Zapdos|
|poke|p1|Landorus-Therian, M|
|poke|p1|Kartana|
|poke|p2|Weavile, F|
|poke|p2|Volcanion|
|poke|p2|Zapdos|
|poke|p2|Landorus-Therian, M|
|poke|p2|Kartana|
|poke|p2|Melmetal|
|teampreview
|inactive|Battle timer is ON: inactive players will automatically lose when time's up. (requested by ultimategoogolplex)
|
|t:|1667166594
|start
|switch|p1a: Weavile|Weavile, F|100/100
|switch|p2a: Weavile|Weavile, F|100/100
|-ability|p2a: Weavile|Pressure
|-ability|p1a: Weavile|Pressure
|turn|1
|j| Ctannn
|
|t:|1667166607
|switch|p2a: Melmetal|Melmetal|100/100
|move|p1a: Weavile|Knock Off|p2a: Melmetal
|-damage|p2a: Melmetal|59/100
|-enditem|p2a: Melmetal|Assault Vest|[from] move: Knock Off|[of] p1a: Weavile
|
|upkeep
|turn|2
|
|t:|1667166615
|switch|p1a: Zapdos|Zapdos|100/100
|switch|p2a: Weavile|Weavile, F|100/100
|-ability|p2a: Weavile|Pressure
|
|upkeep
|turn|3
|
|t:|1667166621
|move|p2a: Weavile|Beat Up|p1a: Zapdos
|-damage|p1a: Zapdos|84/100
|-damage|p1a: Zapdos|68/100
|-damage|p1a: Zapdos|53/100
|-damage|p1a: Zapdos|34/100
|-damage|p1a: Zapdos|12/100
|-damage|p1a: Zapdos|0 fnt
|faint|p1a: Zapdos
|-hitcount|p1: Zapdos|6
|
|upkeep
|
|t:|1667166627
|switch|p1a: Landorus|Landorus-Therian, M|100/100
|-ability|p1a: Landorus|Intimidate|boost
|-unboost|p2a: Weavile|atk|1
|turn|4
|
|t:|1667166635
|switch|p2a: Landorus|Landorus-Therian, M|100/100
|-ability|p2a: Landorus|Intimidate|boost
|-unboost|p1a: Landorus|atk|1
|move|p1a: Landorus|U-turn|p2a: Landorus
|-resisted|p2a: Landorus
|-damage|p2a: Landorus|95/100
|
|t:|1667166642
|switch|p1a: Weavile|Weavile, F|100/100|[from]move: U-turn
|-ability|p1a: Weavile|Pressure
|
|-heal|p2a: Landorus|100/100|[from] item: Leftovers
|upkeep
|turn|5
|
|t:|1667166650
|switch|p2a: Melmetal|Melmetal|59/100
|move|p1a: Weavile|Triple Axel|p2a: Melmetal
|-resisted|p2a: Melmetal
|-damage|p2a: Melmetal|54/100
|-resisted|p2a: Melmetal
|-damage|p2a: Melmetal|45/100
|-resisted|p2a: Melmetal
|-damage|p2a: Melmetal|30/100
|-hitcount|p2a: Melmetal|3
|
|upkeep
|turn|6
|
|t:|1667166663
|move|p1a: Weavile|Triple Axel|p2a: Melmetal
|-resisted|p2a: Melmetal
|-damage|p2a: Melmetal|25/100
|-resisted|p2a: Melmetal
|-damage|p2a: Melmetal|15/100
|-resisted|p2a: Melmetal
|-damage|p2a: Melmetal|1/100
|-hitcount|p2a: Melmetal|3
|move|p2a: Melmetal|Double Iron Bash|p1a: Weavile
|-supereffective|p1a: Weavile
|-damage|p1a: Weavile|0 fnt
|faint|p1a: Weavile
|-hitcount|p1: Weavile|1
|
|upkeep
|-message|GodkingBobert forfeited.
|
|win|ultimategoogolplex
|raw|GodkingBobert's rating: 1601 &rarr; <strong>1587</strong><br />(-14 for losing)
|raw|ultimategoogolplex's rating: 1703 &rarr; <strong>1717</strong><br />(+14 for winning)
|l|☆GodkingBobert
