|j|☆dannyokay
|j|☆Rickastleyfanclub
|t:|1664189209
|gametype|singles
|player|p1|dannyokay|101|1644
|player|p2|Rickastleyfanclub|265|1690
|teamsize|p1|6
|teamsize|p2|6
|gen|8
|tier|[Gen 8] OU
|rated|
|rule|Sleep Clause Mod: Limit one foe put to sleep
|rule|Species Clause: Limit one of each Pokémon
|rule|OHKO Clause: OHKO moves are banned
|rule|Evasion Items Clause: Evasion items are banned
|rule|Evasion Moves Clause: Evasion moves are banned
|rule|Endless Battle Clause: Forcing endless battles is banned
|rule|HP Percentage Mod: HP is shown in percentages
|rule|Dynamax Clause: You cannot dynamax
|clearpoke
|poke|p1|Landorus-Therian, M|
|poke|p1|Ferrothorn, M|
|poke|p1|Slowking-Galar, M|
|poke|p1|Volcanion|
|poke|p1|Zapdos|
|poke|p1|Dragapult, M|
|poke|p2|Victini|
|poke|p2|Volcanion|
|poke|p2|Celesteela|
|poke|p2|Necrozma|
|poke|p2|Landorus-Therian, M|
|poke|p2|Kommo-o, F|
|teampreview
|inactive|Battle timer is ON: inactive players will automatically lose when time's up. (requested by Rickastleyfanclub)
|
|t:|1664189232
|start
|switch|p1a: Landorus|Landorus-Therian, M|100/100
|switch|p2a: Victini|Victini|100/100
|-ability|p1a: Landorus|Intimidate|boost
|-unboost|p2a: Victini|atk|1
|turn|1
|
|t:|1664189241
|move|p2a: Victini|Final Gambit|p1a: Landorus
|-damage|p1a: Landorus|0 fnt
|faint|p2a: Victini
|faint|p1a: Landorus
|
|upkeep
|
|t:|1664189260
|switch|p2a: Necrozma|Necrozma|100/100
|switch|p1a: Ferrothorn|Ferrothorn, M|100/100
|turn|2
|
|t:|1664189267
|move|p2a: Necrozma|Heat Wave|p1a: Ferrothorn
|-supereffective|p1a: Ferrothorn
|-damage|p1a: Ferrothorn|0 fnt
|faint|p1a: Ferrothorn
|
|upkeep
|
|t:|1664189274
|switch|p1a: Slowking|Slowking-Galar, M|100/100
|turn|3
|
|t:|1664189277
|move|p2a: Necrozma|Meteor Beam||[still]
|-prepare|p2a: Necrozma|Meteor Beam
|-boost|p2a: Necrozma|spa|1
|-enditem|p2a: Necrozma|Power Herb
|-anim|p2a: Necrozma|Meteor Beam|p1a: Slowking
|-damage|p1a: Slowking|64/100
|move|p1a: Slowking|Future Sight|p2a: Necrozma
|-start|p1a: Slowking|move: Future Sight
|
|upkeep
|turn|4
|
|t:|1664189291
|move|p2a: Necrozma|Psyshock|p1a: Slowking
|-damage|p1a: Slowking|0 fnt
|faint|p1a: Slowking
|
|upkeep
|
|t:|1664189297
|switch|p1a: Dragapult|Dragapult, M|100/100
|turn|5
|
|t:|1664189302
|move|p1a: Dragapult|Phantom Force||[still]
|-prepare|p1a: Dragapult|Phantom Force
|move|p2a: Necrozma|Photon Geyser|p1a: Dragapult|[miss]
|-miss|p2a: Necrozma|p1a: Dragapult
|
|-end|p2a: Necrozma|move: Future Sight
|-resisted|p2a: Necrozma
|-damage|p2a: Necrozma|66/100
|upkeep
|turn|6
|j| trisew
|
|t:|1664189311
|move|p1a: Dragapult|Phantom Force|p2a: Necrozma|[from]lockedmove
|-supereffective|p2a: Necrozma
|-damage|p2a: Necrozma|0 fnt
|faint|p2a: Necrozma
|
|upkeep
|
|t:|1664189335
|switch|p2a: Kommo-o|Kommo-o, F|100/100
|turn|7
|inactive|dannyokay has 120 seconds left.
|
|t:|1664189366
|move|p1a: Dragapult|Dragon Dance|p1a: Dragapult
|-boost|p1a: Dragapult|atk|1
|-boost|p1a: Dragapult|spe|1
|move|p2a: Kommo-o|Clangorous Soul|p2a: Kommo-o
|-boost|p2a: Kommo-o|atk|1
|-boost|p2a: Kommo-o|def|1
|-boost|p2a: Kommo-o|spa|1
|-boost|p2a: Kommo-o|spd|1
|-boost|p2a: Kommo-o|spe|1
|-damage|p2a: Kommo-o|68/100
|-enditem|p2a: Kommo-o|Throat Spray
|-boost|p2a: Kommo-o|spa|1|[from] item: Throat Spray
|
|upkeep
|turn|8
|inactive|dannyokay has 120 seconds left.
|
|t:|1664189378
|move|p1a: Dragapult|Dragon Darts|p2a: Kommo-o
|-supereffective|p2a: Kommo-o
|-damage|p2a: Kommo-o|11/100
|-anim|p1a: Dragapult|Dragon Darts|p2a: Kommo-o
|-supereffective|p2a: Kommo-o
|-damage|p2a: Kommo-o|0 fnt
|faint|p2a: Kommo-o
|
|upkeep
|
|t:|1664189391
|switch|p2a: Volcanion|Volcanion|100/100
|turn|9
|
|t:|1664189397
|move|p1a: Dragapult|Phantom Force||[still]
|-prepare|p1a: Dragapult|Phantom Force
|move|p2a: Volcanion|Steam Eruption|p1a: Dragapult|[miss]
|-miss|p2a: Volcanion|p1a: Dragapult
|
|upkeep
|turn|10
|
|t:|1664189402
|move|p1a: Dragapult|Phantom Force|p2a: Volcanion|[from]lockedmove
|-damage|p2a: Volcanion|43/100
|move|p2a: Volcanion|Steam Eruption|p1a: Dragapult
|-resisted|p1a: Dragapult
|-damage|p1a: Dragapult|56/100
|
|-heal|p1a: Dragapult|62/100|[from] item: Leftovers
|upkeep
|turn|11
|
|t:|1664189410
|move|p1a: Dragapult|Phantom Force||[still]
|-prepare|p1a: Dragapult|Phantom Force
|move|p2a: Volcanion|Steam Eruption|p1a: Dragapult|[miss]
|-miss|p2a: Volcanion|p1a: Dragapult
|
|-heal|p1a: Dragapult|68/100|[from] item: Leftovers
|upkeep
|turn|12
|
|t:|1664189416
|move|p1a: Dragapult|Phantom Force|p2a: Volcanion|[from]lockedmove
|-damage|p2a: Volcanion|0 fnt
|faint|p2a: Volcanion
|
|-heal|p1a: Dragapult|74/100|[from] item: Leftovers
|upkeep
|j| wdz999
|
|t:|1664189420
|switch|p2a: Landorus|Landorus-Therian, M|100/100
|-ability|p2a: Landorus|Intimidate|boost
|-fail|p1a: Dragapult|unboost|[from] ability: Clear Body|[of] p1a: Dragapult
|turn|13
|
|t:|1664189426
|move|p1a: Dragapult|Phantom Force||[still]
|-prepare|p1a: Dragapult|Phantom Force
|move|p2a: Landorus|Earthquake|p1a: Dragapult|[miss]
|-miss|p2a: Landorus|p1a: Dragapult
|
|-heal|p1a: Dragapult|80/100|[from] item: Leftovers
|upkeep
|turn|14
|
|t:|1664189432
|move|p1a: Dragapult|Phantom Force|p2a: Landorus|[from]lockedmove
|-damage|p2a: Landorus|22/100
|move|p2a: Landorus|Earthquake|p1a: Dragapult
|-damage|p1a: Dragapult|0 fnt
|faint|p1a: Dragapult
|
|upkeep
|
|t:|1664189440
|switch|p1a: Zapdos|Zapdos|100/100
|turn|15
|
|t:|1664189443
|move|p2a: Landorus|Rock Polish|p2a: Landorus
|-boost|p2a: Landorus|spe|2
|move|p1a: Zapdos|Volt Switch|p2a: Landorus
|-immune|p2a: Landorus
|
|upkeep
|turn|16
|
|t:|1664189450
|move|p2a: Landorus|Rock Slide|p1a: Zapdos
|-supereffective|p1a: Zapdos
|-damage|p1a: Zapdos|56/100
|move|p1a: Zapdos|Hurricane|p2a: Landorus
|-damage|p2a: Landorus|0 fnt
|faint|p2a: Landorus
|
|upkeep
|
|t:|1664189455
|switch|p2a: Celesteela|Celesteela|100/100
|turn|17
|
|t:|1664189458
|move|p1a: Zapdos|Volt Switch|p2a: Celesteela
|-supereffective|p2a: Celesteela
|-damage|p2a: Celesteela|44/100
|
|t:|1664189462
|switch|p1a: Volcanion|Volcanion|100/100|[from]move: Volt Switch
|move|p2a: Celesteela|Autotomize|p2a: Celesteela
|-boost|p2a: Celesteela|spe|2
|-start|p2a: Celesteela|Autotomize
|
|upkeep
|turn|18
|
|t:|1664189469
|move|p2a: Celesteela|Meteor Beam||[still]
|-prepare|p2a: Celesteela|Meteor Beam
|-boost|p2a: Celesteela|spa|1
|-enditem|p2a: Celesteela|Power Herb
|-anim|p2a: Celesteela|Meteor Beam|p1a: Volcanion
|-supereffective|p1a: Volcanion
|-damage|p1a: Volcanion|0 fnt
|faint|p1a: Volcanion
|-ability|p2a: Celesteela|Beast Boost|boost
|-boost|p2a: Celesteela|spa|1
|
|upkeep
|
|t:|1664189477
|switch|p1a: Zapdos|Zapdos|56/100
|turn|19
|j| Dono3
|l| wdz999
|inactive|Rickastleyfanclub has 120 seconds left.
|
|t:|1664189522
|move|p2a: Celesteela|Flamethrower|p1a: Zapdos
|-damage|p1a: Zapdos|0 fnt
|faint|p1a: Zapdos
|
|win|Rickastleyfanclub
|raw|dannyokay's rating: 1644 &rarr; <strong>1627</strong><br />(-17 for losing)
|raw|Rickastleyfanclub's rating: 1690 &rarr; <strong>1707</strong><br />(+17 for winning)
