|j|☆FakYewww
|j|☆Steelix Fusion
|t:|1657244854
|gametype|singles
|player|p1|FakYewww|265|1702
|player|p2|Steelix Fusion|marshal|1697
|teamsize|p1|6
|teamsize|p2|6
|gen|8
|tier|[Gen 8] OU
|rated|
|rule|Sleep Clause Mod: Limit one foe put to sleep
|rule|Species Clause: Limit one of each Pokémon
|rule|OHKO Clause: OHKO moves are banned
|rule|Evasion Moves Clause: Evasion moves are banned
|rule|Endless Battle Clause: Forcing endless battles is banned
|rule|HP Percentage Mod: HP is shown in percentages
|rule|Dynamax Clause: You cannot dynamax
|clearpoke
|poke|p1|Skarmory, M|
|poke|p1|Slowking, F|
|poke|p1|Garchomp, F|
|poke|p1|Blissey, F|
|poke|p1|Tornadus-Therian, M|
|poke|p1|Weavile, M|
|poke|p2|Ninetales-Alola, F|
|poke|p2|Klefki, M|
|poke|p2|Steelix, M|
|poke|p2|Dragonite, F|
|poke|p2|Rhyperior, M|
|poke|p2|Toxapex, F|
|teampreview
|inactive|Battle timer is ON: inactive players will automatically lose when time's up. (requested by Steelix Fusion)
|
|t:|1657244865
|start
|switch|p1a: Slowking|Slowking, F|100/100
|switch|p2a: Ninetales|Ninetales-Alola, F|100/100
|-weather|Hail|[from] ability: Snow Warning|[of] p2a: Ninetales
|turn|1
|
|t:|1657244870
|move|p2a: Ninetales|Aurora Veil|p2a: Ninetales
|-sidestart|p2: Steelix Fusion|move: Aurora Veil
|move|p1a: Slowking|Future Sight|p2a: Ninetales
|-start|p1a: Slowking|move: Future Sight
|
|-weather|Hail|[upkeep]
|-damage|p1a: Slowking|94/100|[from] Hail
|upkeep
|turn|2
|
|t:|1657244876
|move|p2a: Ninetales|Encore|p1a: Slowking
|-start|p1a: Slowking|Encore
|move|p1a: Slowking|Future Sight||[still]
|-fail|p1a: Slowking
|
|-weather|Hail|[upkeep]
|-damage|p1a: Slowking|88/100|[from] Hail
|upkeep
|turn|3
|j| ash_won_kalos
|
|t:|1657244882
|switch|p1a: Blissey|Blissey, F|100/100
|move|p2a: Ninetales|Safeguard|p2a: Ninetales
|-sidestart|p2: Steelix Fusion|Safeguard
|
|-weather|Hail|[upkeep]
|-damage|p1a: Blissey|94/100|[from] Hail
|-end|p2a: Ninetales|move: Future Sight
|-damage|p2a: Ninetales|78/100
|upkeep
|turn|4
|
|t:|1657244891
|switch|p2a: Rhyperior|Rhyperior, M|100/100
|move|p1a: Blissey|Seismic Toss|p2a: Rhyperior
|-damage|p2a: Rhyperior|77/100
|
|-weather|Hail|[upkeep]
|-damage|p1a: Blissey|88/100|[from] Hail
|-damage|p2a: Rhyperior|71/100|[from] Hail
|upkeep
|turn|5
|
|t:|1657244899
|switch|p1a: Skarmory|Skarmory, M|100/100
|move|p2a: Rhyperior|Swords Dance|p2a: Rhyperior
|-boost|p2a: Rhyperior|atk|2
|
|-weather|none
|upkeep
|turn|6
|
|t:|1657244905
|move|p1a: Skarmory|Iron Defense|p1a: Skarmory
|-boost|p1a: Skarmory|def|2
|move|p2a: Rhyperior|Stone Edge|p1a: Skarmory
|-damage|p1a: Skarmory|50/100
|-damage|p2a: Rhyperior|61/100|[from] item: Life Orb
|
|upkeep
|turn|7
|j| CB Bhris Breezy
|
|t:|1657244913
|switch|p2a: Toxapex|Toxapex, F|100/100
|move|p1a: Skarmory|Iron Defense|p1a: Skarmory
|-boost|p1a: Skarmory|def|2
|
|-sideend|p2: Steelix Fusion|Safeguard
|upkeep
|turn|8
|
|t:|1657244919
|move|p1a: Skarmory|Roost|p1a: Skarmory
|-heal|p1a: Skarmory|99/100
|-singleturn|p1a: Skarmory|move: Roost
|move|p2a: Toxapex|Knock Off|p1a: Skarmory
|-damage|p1a: Skarmory|97/100
|-enditem|p1a: Skarmory|Shed Shell|[from] move: Knock Off|[of] p2a: Toxapex
|
|-sideend|p2: Steelix Fusion|move: Aurora Veil
|upkeep
|turn|9
|
|t:|1657244928
|move|p1a: Skarmory|Spikes|p2a: Toxapex
|-sidestart|p2: Steelix Fusion|Spikes
|move|p2a: Toxapex|Toxic Spikes|p1a: Skarmory
|-sidestart|p1: FakYewww|move: Toxic Spikes
|
|upkeep
|turn|10
|j| Bad Players
|
|t:|1657244932
|move|p1a: Skarmory|Spikes|p2a: Toxapex
|-sidestart|p2: Steelix Fusion|Spikes
|move|p2a: Toxapex|Toxic Spikes|p1a: Skarmory
|-sidestart|p1: FakYewww|move: Toxic Spikes
|
|upkeep
|turn|11
|
|t:|1657244937
|switch|p2a: Klefki|Klefki, M|100/100
|-damage|p2a: Klefki|84/100|[from] Spikes
|move|p1a: Skarmory|Spikes|p2a: Klefki
|-sidestart|p2: Steelix Fusion|Spikes
|
|upkeep
|turn|12
|
|t:|1657244943
|move|p2a: Klefki|Reflect|p2a: Klefki
|-sidestart|p2: Steelix Fusion|Reflect
|move|p1a: Skarmory|Body Press|p2a: Klefki
|-damage|p2a: Klefki|38/100
|
|upkeep
|turn|13
|
|t:|1657244948
|move|p2a: Klefki|Thunder Wave|p1a: Skarmory
|-status|p1a: Skarmory|par
|move|p1a: Skarmory|Body Press|p2a: Klefki
|-damage|p2a: Klefki|0 fnt
|faint|p2a: Klefki
|
|upkeep
|
|t:|1657244963
|switch|p2a: Dragonite|Dragonite, F|100/100
|turn|14
|
|t:|1657244972
|switch|p1a: Slowking|Slowking, F|100/100
|-status|p1a: Slowking|tox
|move|p2a: Dragonite|Dragon Dance|p2a: Dragonite
|-boost|p2a: Dragonite|atk|1
|-boost|p2a: Dragonite|spe|1
|
|-damage|p1a: Slowking|94/100 tox|[from] psn
|upkeep
|turn|15
|
|t:|1657244980
|move|p2a: Dragonite|Fly||[still]
|-prepare|p2a: Dragonite|Fly
|move|p1a: Slowking|Dragon Tail|p2a: Dragonite|[miss]
|-miss|p1a: Slowking|p2a: Dragonite
|
|-damage|p1a: Slowking|82/100 tox|[from] psn
|upkeep
|turn|16
|
|t:|1657244985
|move|p2a: Dragonite|Fly|p1a: Slowking|[from]lockedmove
|-damage|p1a: Slowking|19/100 tox
|move|p1a: Slowking|Dragon Tail|p2a: Dragonite
|-supereffective|p2a: Dragonite
|-damage|p2a: Dragonite|88/100
|drag|p2a: Ninetales|Ninetales-Alola, F|78/100
|-damage|p2a: Ninetales|53/100|[from] Spikes
|-weather|Hail|[from] ability: Snow Warning|[of] p2a: Ninetales
|
|-weather|Hail|[upkeep]
|-damage|p1a: Slowking|13/100 tox|[from] Hail
|-damage|p1a: Slowking|0 fnt|[from] psn
|faint|p1a: Slowking
|upkeep
|
|t:|1657245003
|switch|p1a: Tornadus|Tornadus-Therian, M|100/100
|turn|17
|
|t:|1657245007
|move|p1a: Tornadus|Knock Off|p2a: Ninetales
|-resisted|p2a: Ninetales
|-damage|p2a: Ninetales|48/100
|-enditem|p2a: Ninetales|Light Clay|[from] move: Knock Off|[of] p1a: Tornadus
|move|p2a: Ninetales|Aurora Veil|p2a: Ninetales
|-sidestart|p2: Steelix Fusion|move: Aurora Veil
|
|-weather|Hail|[upkeep]
|-damage|p1a: Tornadus|94/100|[from] Hail
|upkeep
|turn|18
|
|t:|1657245015
|move|p1a: Tornadus|Hurricane|p2a: Ninetales
|-damage|p2a: Ninetales|22/100
|-start|p2a: Ninetales|confusion
|-activate|p2a: Ninetales|confusion
|move|p2a: Ninetales|Safeguard|p2a: Ninetales
|-sidestart|p2: Steelix Fusion|Safeguard
|
|-weather|Hail|[upkeep]
|-damage|p1a: Tornadus|88/100|[from] Hail
|upkeep
|turn|19
|
|t:|1657245023
|move|p1a: Tornadus|Hurricane|p2a: Ninetales
|-damage|p2a: Ninetales|0 fnt
|faint|p2a: Ninetales
|
|-weather|Hail|[upkeep]
|-damage|p1a: Tornadus|82/100|[from] Hail
|-sideend|p2: Steelix Fusion|Reflect
|upkeep
|
|t:|1657245037
|switch|p2a: Rhyperior|Rhyperior, M|61/100
|-damage|p2a: Rhyperior|36/100|[from] Spikes
|turn|20
|
|t:|1657245047
|move|p1a: Tornadus|U-turn|p2a: Rhyperior
|-damage|p2a: Rhyperior|31/100
|
|t:|1657245065
|switch|p1a: Garchomp|Garchomp, F|100/100|[from]move: U-turn
|-status|p1a: Garchomp|tox
|move|p2a: Rhyperior|Swords Dance|p2a: Rhyperior
|-boost|p2a: Rhyperior|atk|2
|
|-weather|none
|-damage|p1a: Garchomp|94/100 tox|[from] psn
|upkeep
|turn|21
|
|t:|1657245073
|move|p1a: Garchomp|Stealth Rock|p2a: Rhyperior
|-sidestart|p2: Steelix Fusion|move: Stealth Rock
|move|p2a: Rhyperior|High Horsepower|p1a: Garchomp
|-damage|p1a: Garchomp|10/100 tox
|-damage|p2a: Rhyperior|19/100|[from] ability: Rough Skin|[of] p1a: Garchomp
|-damage|p2a: Rhyperior|2/100|[from] item: Rocky Helmet|[of] p1a: Garchomp
|-damage|p2a: Rhyperior|0 fnt|[from] item: Life Orb
|faint|p2a: Rhyperior
|
|-damage|p1a: Garchomp|0 fnt|[from] psn
|faint|p1a: Garchomp
|-sideend|p2: Steelix Fusion|move: Aurora Veil
|upkeep
|
|t:|1657245093
|switch|p1a: Blissey|Blissey, F|88/100
|switch|p2a: Toxapex|Toxapex, F|100/100
|-damage|p2a: Toxapex|76/100|[from] Spikes
|-damage|p2a: Toxapex|64/100|[from] Stealth Rock
|turn|22
|
|t:|1657245101
|move|p1a: Blissey|Wish|p1a: Blissey
|move|p2a: Toxapex|Knock Off|p1a: Blissey
|-damage|p1a: Blissey|75/100
|-enditem|p1a: Blissey|Heavy-Duty Boots|[from] move: Knock Off|[of] p2a: Toxapex
|
|-sideend|p2: Steelix Fusion|Safeguard
|upkeep
|turn|23
|
|t:|1657245108
|move|p1a: Blissey|Seismic Toss|p2a: Toxapex
|-damage|p2a: Toxapex|31/100
|-damage|p1a: Blissey|58/100|[from] item: Rocky Helmet|[of] p2a: Toxapex
|move|p2a: Toxapex|Recover|p2a: Toxapex
|-heal|p2a: Toxapex|81/100
|
|-heal|p1a: Blissey|100/100|[from] move: Wish|[wisher] Blissey
|upkeep
|turn|24
|
|t:|1657245120
|move|p1a: Blissey|Wish|p1a: Blissey
|move|p2a: Toxapex|Knock Off|p1a: Blissey
|-damage|p1a: Blissey|92/100
|
|upkeep
|turn|25
|
|t:|1657245125
|switch|p1a: Skarmory|Skarmory, M|97/100 par
|move|p2a: Toxapex|Recover|p2a: Toxapex
|-heal|p2a: Toxapex|100/100
|
|-heal|p1a: Skarmory|100/100 par|[from] move: Wish|[wisher] Blissey
|upkeep
|turn|26
|
|t:|1657245138
|move|p2a: Toxapex|Scald|p1a: Skarmory
|-damage|p1a: Skarmory|80/100 par
|move|p1a: Skarmory|Iron Defense|p1a: Skarmory
|-boost|p1a: Skarmory|def|2
|
|upkeep
|turn|27
|
|t:|1657245143
|move|p2a: Toxapex|Scald|p1a: Skarmory
|-damage|p1a: Skarmory|59/100 par
|cant|p1a: Skarmory|par
|
|upkeep
|turn|28
|
|t:|1657245148
|move|p2a: Toxapex|Scald|p1a: Skarmory
|-damage|p1a: Skarmory|40/100 par
|cant|p1a: Skarmory|par
|
|upkeep
|turn|29
|
|t:|1657245153
|move|p2a: Toxapex|Scald|p1a: Skarmory
|-damage|p1a: Skarmory|21/100 par
|move|p1a: Skarmory|Roost|p1a: Skarmory
|-heal|p1a: Skarmory|71/100 par
|-singleturn|p1a: Skarmory|move: Roost
|
|upkeep
|turn|30
|
|t:|1657245162
|move|p2a: Toxapex|Scald|p1a: Skarmory
|-damage|p1a: Skarmory|50/100 par
|move|p1a: Skarmory|Roost|p1a: Skarmory
|-heal|p1a: Skarmory|99/100 par
|-singleturn|p1a: Skarmory|move: Roost
|
|upkeep
|turn|31
|c|☆Steelix Fusion|MAN
|c|☆Steelix Fusion|PPL BE STALLING
|c|☆Steelix Fusion|FOR NO REASON
|c|☆Steelix Fusion|LMAO
|
|t:|1657245172
|switch|p1a: Tornadus|Tornadus-Therian, M|100/100
|move|p2a: Toxapex|Scald|p1a: Tornadus
|-damage|p1a: Tornadus|86/100
|
|upkeep
|turn|32
|c| ash_won_kalos|said the one with toxapex
|
|t:|1657245182
|move|p1a: Tornadus|Knock Off|p2a: Toxapex
|-damage|p2a: Toxapex|89/100
|-damage|p1a: Tornadus|70/100|[from] item: Rocky Helmet|[of] p2a: Toxapex
|-enditem|p2a: Toxapex|Rocky Helmet|[from] move: Knock Off|[of] p1a: Tornadus
|move|p2a: Toxapex|Knock Off|p1a: Tornadus
|-damage|p1a: Tornadus|54/100
|-enditem|p1a: Tornadus|Heavy-Duty Boots|[from] move: Knock Off|[of] p2a: Toxapex
|
|upkeep
|turn|33
|
|t:|1657245191
|move|p1a: Tornadus|U-turn|p2a: Toxapex
|-resisted|p2a: Toxapex
|-damage|p2a: Toxapex|84/100
|
|t:|1657245194
|switch|p1a: Skarmory|Skarmory, M|99/100 par|[from]move: U-turn
|move|p2a: Toxapex|Scald|p1a: Skarmory
|-damage|p1a: Skarmory|80/100 par
|
|upkeep
|turn|34
|c|☆Steelix Fusion|im attacking
|c|☆Steelix Fusion|lmao
|
|t:|1657245200
|switch|p2a: Steelix|Steelix, M, shiny|100/100
|-damage|p2a: Steelix|76/100|[from] Spikes
|-damage|p2a: Steelix|73/100|[from] Stealth Rock
|move|p1a: Skarmory|Iron Defense|p1a: Skarmory
|-boost|p1a: Skarmory|def|2
|
|-heal|p2a: Steelix|79/100|[from] item: Leftovers
|upkeep
|turn|35
|
|t:|1657245210
|move|p2a: Steelix|Iron Defense|p2a: Steelix
|-boost|p2a: Steelix|def|2
|move|p1a: Skarmory|Iron Defense|p1a: Skarmory
|-boost|p1a: Skarmory|def|2
|
|-heal|p2a: Steelix|85/100|[from] item: Leftovers
|upkeep
|turn|36
|j| stbai
|
|t:|1657245217
|move|p2a: Steelix|Substitute|p2a: Steelix
|-start|p2a: Steelix|Substitute
|-damage|p2a: Steelix|60/100
|move|p1a: Skarmory|Body Press|p2a: Steelix
|-supereffective|p2a: Steelix
|-end|p2a: Steelix|Substitute
|
|-heal|p2a: Steelix|66/100|[from] item: Leftovers
|upkeep
|turn|37
|
|t:|1657245224
|move|p2a: Steelix|Iron Defense|p2a: Steelix
|-boost|p2a: Steelix|def|2
|move|p1a: Skarmory|Body Press|p2a: Steelix
|-supereffective|p2a: Steelix
|-damage|p2a: Steelix|34/100
|
|-heal|p2a: Steelix|40/100|[from] item: Leftovers
|upkeep
|turn|38
|
|t:|1657245231
|move|p2a: Steelix|Iron Defense|p2a: Steelix
|-boost|p2a: Steelix|def|2
|cant|p1a: Skarmory|par
|
|-heal|p2a: Steelix|47/100|[from] item: Leftovers
|upkeep
|turn|39
|
|t:|1657245237
|move|p2a: Steelix|Body Press|p1a: Skarmory
|-damage|p1a: Skarmory|55/100 par
|cant|p1a: Skarmory|par
|
|-heal|p2a: Steelix|53/100|[from] item: Leftovers
|upkeep
|turn|40
|
|t:|1657245243
|move|p2a: Steelix|Substitute|p2a: Steelix
|-start|p2a: Steelix|Substitute
|-damage|p2a: Steelix|28/100
|move|p1a: Skarmory|Body Press|p2a: Steelix
|-supereffective|p2a: Steelix
|-end|p2a: Steelix|Substitute
|
|-heal|p2a: Steelix|34/100|[from] item: Leftovers
|upkeep
|turn|41
|
|t:|1657245250
|move|p2a: Steelix|Body Press|p1a: Skarmory
|-damage|p1a: Skarmory|26/100 par
|move|p1a: Skarmory|Body Press|p2a: Steelix
|-supereffective|p2a: Steelix
|-damage|p2a: Steelix|9/100
|
|-heal|p2a: Steelix|15/100|[from] item: Leftovers
|upkeep
|turn|42
|c|☆Steelix Fusion|oof
|
|t:|1657245258
|move|p2a: Steelix|Body Press|p1a: Skarmory
|-damage|p1a: Skarmory|0 fnt
|faint|p1a: Skarmory
|
|-heal|p2a: Steelix|21/100|[from] item: Leftovers
|upkeep
|
|t:|1657245266
|switch|p1a: Tornadus|Tornadus-Therian, M|87/100
|turn|43
|c|☆Steelix Fusion|dont miss
|
|t:|1657245271
|move|p1a: Tornadus|Hurricane|p2a: Steelix|[miss]
|-miss|p1a: Tornadus|p2a: Steelix
|move|p2a: Steelix|Body Press|p1a: Tornadus
|-resisted|p1a: Tornadus
|-damage|p1a: Tornadus|13/100
|
|-heal|p2a: Steelix|27/100|[from] item: Leftovers
|upkeep
|turn|44
|c|☆Steelix Fusion|LMFAO
|
|t:|1657245279
|move|p1a: Tornadus|Hurricane|p2a: Steelix
|-resisted|p2a: Steelix
|-damage|p2a: Steelix|10/100
|-start|p2a: Steelix|confusion
|-activate|p2a: Steelix|confusion
|move|p2a: Steelix|Body Press|p1a: Tornadus
|-resisted|p1a: Tornadus
|-damage|p1a: Tornadus|0 fnt
|faint|p1a: Tornadus
|
|-heal|p2a: Steelix|16/100|[from] item: Leftovers
|upkeep
|c| CB Bhris Breezy|you should make big lix weakness policy
|
|t:|1657245289
|switch|p1a: Weavile|Weavile, M|100/100
|-ability|p1a: Weavile|Pressure
|turn|45
|
|t:|1657245293
|move|p1a: Weavile|Knock Off|p2a: Steelix
|-damage|p2a: Steelix|10/100
|-enditem|p2a: Steelix|Leftovers|[from] move: Knock Off|[of] p1a: Weavile
|-activate|p2a: Steelix|confusion
|-damage|p2a: Steelix|9/100|[from] confusion
|
|upkeep
|turn|46
|
|t:|1657245301
|move|p1a: Weavile|Triple Axel|p2a: Steelix|[miss]
|-miss|p1a: Weavile|p2a: Steelix
|-activate|p2a: Steelix|confusion
|-damage|p2a: Steelix|8/100|[from] confusion
|
|upkeep
|turn|47
|c|☆Steelix Fusion|WOW
|c|☆Steelix Fusion|LOL
|
|t:|1657245312
|move|p1a: Weavile|Triple Axel|p2a: Steelix
|-damage|p2a: Steelix|6/100
|-damage|p2a: Steelix|3/100
|-damage|p2a: Steelix|0 fnt
|faint|p2a: Steelix
|-hitcount|p2: Steelix|3
|
|upkeep
|c|☆Steelix Fusion|BRA
|
|t:|1657245322
|switch|p2a: Toxapex|Toxapex, F|100/100
|-damage|p2a: Toxapex|76/100|[from] Spikes
|-damage|p2a: Toxapex|64/100|[from] Stealth Rock
|turn|48
|
|t:|1657245328
|move|p1a: Weavile|Swords Dance|p1a: Weavile
|-boost|p1a: Weavile|atk|2
|move|p2a: Toxapex|Recover|p2a: Toxapex
|-heal|p2a: Toxapex|100/100
|
|upkeep
|turn|49
|
|t:|1657245334
|move|p1a: Weavile|Swords Dance|p1a: Weavile
|-boost|p1a: Weavile|atk|2
|move|p2a: Toxapex|Scald|p1a: Weavile
|-damage|p1a: Weavile|80/100
|-status|p1a: Weavile|brn
|
|-damage|p1a: Weavile|74/100 brn|[from] brn
|upkeep
|turn|50
|
|t:|1657245353
|move|p1a: Weavile|Swords Dance|p1a: Weavile
|-boost|p1a: Weavile|atk|2
|move|p2a: Toxapex|Scald|p1a: Weavile
|-damage|p1a: Weavile|51/100 brn
|
|-damage|p1a: Weavile|45/100 brn|[from] brn
|upkeep
|turn|51
|
|t:|1657245360
|move|p1a: Weavile|Knock Off|p2a: Toxapex
|-damage|p2a: Toxapex|63/100
|move|p2a: Toxapex|Recover|p2a: Toxapex
|-heal|p2a: Toxapex|100/100
|
|-damage|p1a: Weavile|39/100 brn|[from] brn
|upkeep
|turn|52
|c|☆Steelix Fusion|THATS WHY
|j| Disrespectn
|c|☆Steelix Fusion|U CANT PLAY KNOCK OFF
|c|☆Steelix Fusion|with other characters
|c|☆Steelix Fusion|lmao
|c|☆Steelix Fusion|just for pex
|c|☆Steelix Fusion|thats what i learned
|c|☆Steelix Fusion|when i used weavile
|
|t:|1657245382
|move|p1a: Weavile|Triple Axel|p2a: Toxapex
|-resisted|p2a: Toxapex
|-damage|p2a: Toxapex|94/100
|-hitcount|p2a: Toxapex|1
|move|p2a: Toxapex|Recover|p2a: Toxapex
|-heal|p2a: Toxapex|100/100
|
|-damage|p1a: Weavile|33/100 brn|[from] brn
|upkeep
|turn|53
|
|t:|1657245389
|move|p1a: Weavile|Triple Axel|p2a: Toxapex
|-resisted|p2a: Toxapex
|-damage|p2a: Toxapex|95/100
|-hitcount|p2a: Toxapex|1
|move|p2a: Toxapex|Recover|p2a: Toxapex
|-heal|p2a: Toxapex|100/100
|
|-damage|p1a: Weavile|27/100 brn|[from] brn
|upkeep
|turn|54
|c| ash_won_kalos|use wild charge on weavile
|
|t:|1657245397
|switch|p1a: Blissey|Blissey, F|92/100
|-status|p1a: Blissey|tox
|move|p2a: Toxapex|Recover||[still]
|-fail|p2a: Toxapex|heal
|
|-damage|p1a: Blissey|86/100 tox|[from] psn
|upkeep
|turn|55
|c| ash_won_kalos|its better
|
|t:|1657245412
|move|p1a: Blissey|Wish|p1a: Blissey
|move|p2a: Toxapex|Scald|p1a: Blissey
|-damage|p1a: Blissey|80/100 tox
|
|-damage|p1a: Blissey|68/100 tox|[from] psn
|upkeep
|turn|56
|
|t:|1657245418
|-curestatus|p1a: Blissey|tox|[from] ability: Natural Cure
|switch|p1a: Weavile|Weavile, M|27/100 brn
|-ability|p1a: Weavile|Pressure
|move|p2a: Toxapex|Recover||[still]
|-fail|p2a: Toxapex|heal
|
|-heal|p1a: Weavile|100/100 brn|[from] move: Wish|[wisher] Blissey
|-damage|p1a: Weavile|94/100 brn|[from] brn
|upkeep
|turn|57
|
|t:|1657245429
|switch|p1a: Blissey|Blissey, F|68/100
|-status|p1a: Blissey|tox
|move|p2a: Toxapex|Scald|p1a: Blissey
|-damage|p1a: Blissey|62/100 tox
|
|-damage|p1a: Blissey|56/100 tox|[from] psn
|upkeep
|turn|58
|c| CB Bhris Breezy|bro what weavile doesn't learn wild charge lmao
|
|t:|1657245439
|switch|p2a: Dragonite|Dragonite, F|88/100
|move|p1a: Blissey|Wish|p1a: Blissey
|
|-damage|p1a: Blissey|44/100 tox|[from] psn
|upkeep
|turn|59
|
|t:|1657245446
|move|p2a: Dragonite|Earthquake|p1a: Blissey
|-damage|p1a: Blissey|12/100 tox
|move|p1a: Blissey|Toxic|p2a: Dragonite
|-status|p2a: Dragonite|tox
|
|-heal|p1a: Blissey|62/100 tox|[from] move: Wish|[wisher] Blissey
|-damage|p2a: Dragonite|82/100 tox|[from] psn
|-damage|p1a: Blissey|44/100 tox|[from] psn
|upkeep
|turn|60
|c| ash_won_kalos|it does
|
|t:|1657245463
|-curestatus|p1a: Blissey|tox|[from] ability: Natural Cure
|switch|p1a: Weavile|Weavile, M|94/100 brn
|-ability|p1a: Weavile|Pressure
|move|p2a: Dragonite|Earthquake|p1a: Weavile
|-damage|p1a: Weavile|23/100 brn
|
|-damage|p2a: Dragonite|69/100 tox|[from] psn
|-damage|p1a: Weavile|17/100 brn|[from] brn
|upkeep
|turn|61
|
|t:|1657245473
|switch|p1a: Blissey|Blissey, F|44/100
|-status|p1a: Blissey|tox
|move|p2a: Dragonite|Earthquake|p1a: Blissey
|-damage|p1a: Blissey|8/100 tox
|
|-damage|p2a: Dragonite|51/100 tox|[from] psn
|-damage|p1a: Blissey|2/100 tox|[from] psn
|upkeep
|turn|62
|c| ash_won_kalos|you need to breed it with an elekid
|-message|FakYewww forfeited.
|
|win|Steelix Fusion
|raw|FakYewww's rating: 1702 &rarr; <strong>1682</strong><br />(-20 for losing)
|raw|Steelix Fusion's rating: 1697 &rarr; <strong>1717</strong><br />(+20 for winning)
|l|☆FakYewww
|c| CB Bhris Breezy|no it doesn't
|c|☆Steelix Fusion|yo CB
|c|☆Steelix Fusion|u seen that steelix
|c| CB Bhris Breezy|you're thinking of a different mon lmao
|c| ash_won_kalos|ok
|l| ash_won_kalos
|c| CB Bhris Breezy|yeah cool lix set
|c|☆Steelix Fusion|shit should of
|c|☆Steelix Fusion|won
|c|☆Steelix Fusion|easily
||Ladder isn't responding, score probably updated but might not have (Request timeout).
|c|☆Steelix Fusion|2 confusion hits?
|c|☆Steelix Fusion|impossible
|c| CB Bhris Breezy|make it rock polish weakness head smash
|c|☆Steelix Fusion|hmmm
|c|☆Steelix Fusion|yeah
|c|☆Steelix Fusion|sounds pretty koo
|c|☆Steelix Fusion|but
|c|☆Steelix Fusion|his attack is ass cheeks
|c|☆Steelix Fusion|even with double boost
|l|☆Steelix Fusion
|c| CB Bhris Breezy|true kinda weak but thats the point of weakness policy its basically a free shell smash
|l| CB Bhris Breezy
|l| Disrespectn
|l| Bad Players
