|j|☆setup moves hater
|j|☆Batataplays
|inactive|Battle timer is ON: inactive players will automatically lose when time's up.
|t:|1653332413
|gametype|singles
|player|p1|setup moves hater|elesa-gen5bw2|
|player|p2|Batataplays|leaguestafff|
|teamsize|p1|6
|teamsize|p2|6
|gen|8
|tier|[Gen 8] OU
|rated|Tournament battle
|rule|Sleep Clause Mod: Limit one foe put to sleep
|rule|Species Clause: Limit one of each Pokémon
|rule|OHKO Clause: OHKO moves are banned
|rule|Evasion Moves Clause: Evasion moves are banned
|rule|Endless Battle Clause: Forcing endless battles is banned
|rule|HP Percentage Mod: HP is shown in percentages
|rule|Dynamax Clause: You cannot dynamax
|clearpoke
|poke|p1|Garchomp, M|
|poke|p1|Ferrothorn, M|
|poke|p1|Heatran, M|
|poke|p1|Zapdos|
|poke|p1|Tapu Fini|
|poke|p1|Weavile, F|
|poke|p2|Dragonite, M|
|poke|p2|Magnezone|
|poke|p2|Corviknight, F|
|poke|p2|Tapu Fini|
|poke|p2|Kartana|
|poke|p2|Garchomp, M|
|teampreview
|inactive|setup moves hater also wants the timer to be on.
|c|☆setup moves hater|hf amigor
|inactive|setup moves hater has 120 seconds left.
|c|☆setup moves hater|espero bastante batata plays
|c|☆Batataplays|Hf
|c|☆Batataplays|Nao havera
|inactive|setup moves hater has 90 seconds left.
|c|☆Batataplays|Pq eu sou o protagonista hoje
|inactive|setup moves hater has 60 seconds left.
|c|☆setup moves hater|aí s
|c|☆setup moves hater|espero q ganhe
|
|t:|1653332506
|start
|switch|p1a: Garchomp|Garchomp, M|100/100
|switch|p2a: Tapu Fini|Tapu Fini|100/100
|-fieldstart|move: Misty Terrain|[from] ability: Misty Surge|[of] p2a: Tapu Fini
|turn|1
|
|t:|1653332516
|switch|p1a: Zapdos|Zapdos|100/100
|move|p2a: Tapu Fini|Draining Kiss|p1a: Zapdos
|-crit|p1a: Zapdos
|-damage|p1a: Zapdos|75/100
|
|upkeep
|turn|2
|
|t:|1653332521
|switch|p2a: Garchomp|Garchomp, M|100/100
|move|p1a: Zapdos|Volt Switch|p2a: Garchomp
|-immune|p2a: Garchomp
|
|upkeep
|turn|3
|
|t:|1653332523
|move|p1a: Zapdos|Hurricane|p2a: Garchomp|[miss]
|-miss|p1a: Zapdos|p2a: Garchomp
|move|p2a: Garchomp|Toxic|p1a: Zapdos
|-status|p1a: Zapdos|tox
|
|-damage|p1a: Zapdos|69/100 tox|[from] psn
|upkeep
|turn|4
|
|t:|1653332525
|move|p1a: Zapdos|Hurricane|p2a: Garchomp
|-damage|p2a: Garchomp|62/100
|move|p2a: Garchomp|Stone Edge|p1a: Zapdos
|-supereffective|p1a: Zapdos
|-damage|p1a: Zapdos|8/100 tox
|
|-heal|p2a: Garchomp|68/100|[from] item: Leftovers
|-damage|p1a: Zapdos|0 fnt|[from] psn
|faint|p1a: Zapdos
|upkeep
|
|t:|1653332530
|switch|p1a: Tapu Fini|Tapu Fini|100/100
|turn|5
|
|t:|1653332536
|switch|p2a: Corviknight|Corviknight, F|100/100
|-ability|p2a: Corviknight|Pressure
|move|p1a: Tapu Fini|Moonblast|p2a: Corviknight
|-resisted|p2a: Corviknight
|-damage|p2a: Corviknight|91/100
|
|-heal|p2a: Corviknight|97/100|[from] item: Leftovers
|-fieldend|Misty Terrain
|upkeep
|turn|6
|
|t:|1653332539
|move|p1a: Tapu Fini|Whirlpool|p2a: Corviknight
|-damage|p2a: Corviknight|89/100
|-activate|p2a: Corviknight|move: Whirlpool|[of] p1a: Tapu Fini
|move|p2a: Corviknight|U-turn|p1a: Tapu Fini
|-resisted|p1a: Tapu Fini
|-damage|p1a: Tapu Fini|96/100
|
|t:|1653332543
|switch|p2a: Kartana|Kartana|100/100|[from]move: U-turn
|
|-heal|p1a: Tapu Fini|100/100|[from] item: Leftovers
|upkeep
|turn|7
|
|t:|1653332546
|switch|p2a: Magnezone|Magnezone|100/100
|switch|p1a: Ferrothorn|Ferrothorn, M|100/100
|
|upkeep
|turn|8
|c|☆setup moves hater|uii
|c|☆setup moves hater|ai s
|
|t:|1653332552
|move|p2a: Magnezone|Iron Defense|p2a: Magnezone
|-boost|p2a: Magnezone|def|2
|move|p1a: Ferrothorn|Knock Off|p2a: Magnezone
|-damage|p2a: Magnezone|92/100
|-enditem|p2a: Magnezone|Chople Berry|[from] move: Knock Off|[of] p1a: Ferrothorn
|
|upkeep
|turn|9
|c|☆Batataplays|Kekw
|
|t:|1653332560
|move|p2a: Magnezone|Iron Defense|p2a: Magnezone
|-boost|p2a: Magnezone|def|2
|move|p1a: Ferrothorn|Leech Seed|p2a: Magnezone
|-start|p2a: Magnezone|move: Leech Seed
|
|-damage|p2a: Magnezone|79/100|[from] Leech Seed|[of] p1a: Ferrothorn
|upkeep
|turn|10
|
|t:|1653332563
|move|p2a: Magnezone|Body Press|p1a: Ferrothorn
|-supereffective|p1a: Ferrothorn
|-damage|p1a: Ferrothorn|0 fnt
|-damage|p2a: Magnezone|67/100|[from] ability: Iron Barbs|[of] p1a: Ferrothorn
|-damage|p2a: Magnezone|50/100|[from] item: Rocky Helmet|[of] p1a: Ferrothorn
|faint|p1a: Ferrothorn
|
|upkeep
|
|t:|1653332572
|switch|p1a: Heatran|Heatran, M|100/100
|-item|p1a: Heatran|Air Balloon
|turn|11
|
|t:|1653332577
|switch|p2a: Tapu Fini|Tapu Fini|100/100
|-fieldstart|move: Misty Terrain|[from] ability: Misty Surge|[of] p2a: Tapu Fini
|move|p1a: Heatran|Magma Storm|p2a: Tapu Fini
|-resisted|p2a: Tapu Fini
|-damage|p2a: Tapu Fini|80/100
|-activate|p2a: Tapu Fini|move: Magma Storm|[of] p1a: Heatran
|
|-heal|p2a: Tapu Fini|86/100|[from] item: Leftovers
|-damage|p2a: Tapu Fini|73/100|[from] move: Magma Storm|[partiallytrapped]
|upkeep
|turn|12
|
|t:|1653332583
|move|p1a: Heatran|Stealth Rock|p2a: Tapu Fini
|-sidestart|p2: Batataplays|move: Stealth Rock
|move|p2a: Tapu Fini|Calm Mind|p2a: Tapu Fini
|-boost|p2a: Tapu Fini|spa|1
|-boost|p2a: Tapu Fini|spd|1
|
|-heal|p2a: Tapu Fini|79/100|[from] item: Leftovers
|-damage|p2a: Tapu Fini|67/100|[from] move: Magma Storm|[partiallytrapped]
|upkeep
|turn|13
|
|t:|1653332587
|move|p1a: Heatran|Taunt|p2a: Tapu Fini
|-start|p2a: Tapu Fini|move: Taunt
|move|p2a: Tapu Fini|Scald|p1a: Heatran
|-supereffective|p1a: Heatran
|-damage|p1a: Heatran|14/100
|-enditem|p1a: Heatran|Air Balloon
|
|-heal|p2a: Tapu Fini|73/100|[from] item: Leftovers
|-damage|p2a: Tapu Fini|60/100|[from] move: Magma Storm|[partiallytrapped]
|upkeep
|turn|14
|
|t:|1653332599
|switch|p1a: Tapu Fini|Tapu Fini|100/100
|move|p2a: Tapu Fini|Scald|p1a: Tapu Fini
|-resisted|p1a: Tapu Fini
|-damage|p1a: Tapu Fini|87/100
|
|-heal|p2a: Tapu Fini|66/100|[from] item: Leftovers
|-heal|p1a: Tapu Fini|94/100|[from] item: Leftovers
|-end|p2a: Tapu Fini|Magma Storm|[partiallytrapped]|[silent]
|upkeep
|turn|15
|
|t:|1653332611
|move|p2a: Tapu Fini|Draining Kiss|p1a: Tapu Fini
|-damage|p1a: Tapu Fini|76/100
|-heal|p2a: Tapu Fini|80/100|[from] drain|[of] p1a: Tapu Fini
|move|p1a: Tapu Fini|Nature's Madness|p2a: Tapu Fini
|-damage|p2a: Tapu Fini|40/100
|
|-heal|p2a: Tapu Fini|46/100|[from] item: Leftovers
|-heal|p1a: Tapu Fini|82/100|[from] item: Leftovers
|-end|p2a: Tapu Fini|move: Taunt
|-fieldend|Misty Terrain
|upkeep
|turn|16
|
|t:|1653332621
|move|p2a: Tapu Fini|Calm Mind|p2a: Tapu Fini
|-boost|p2a: Tapu Fini|spa|1
|-boost|p2a: Tapu Fini|spd|1
|move|p1a: Tapu Fini|Taunt|p2a: Tapu Fini
|-start|p2a: Tapu Fini|move: Taunt
|
|-heal|p2a: Tapu Fini|52/100|[from] item: Leftovers
|-heal|p1a: Tapu Fini|88/100|[from] item: Leftovers
|upkeep
|turn|17
|
|t:|1653332624
|move|p2a: Tapu Fini|Draining Kiss|p1a: Tapu Fini
|-damage|p1a: Tapu Fini|65/100
|-heal|p2a: Tapu Fini|69/100|[from] drain|[of] p1a: Tapu Fini
|move|p1a: Tapu Fini|Whirlpool|p2a: Tapu Fini
|-resisted|p2a: Tapu Fini
|-damage|p2a: Tapu Fini|67/100
|-activate|p2a: Tapu Fini|move: Whirlpool|[of] p1a: Tapu Fini
|
|-heal|p2a: Tapu Fini|73/100|[from] item: Leftovers
|-heal|p1a: Tapu Fini|71/100|[from] item: Leftovers
|-damage|p2a: Tapu Fini|61/100|[from] move: Whirlpool|[partiallytrapped]
|upkeep
|turn|18
|
|t:|1653332631
|move|p2a: Tapu Fini|Draining Kiss|p1a: Tapu Fini
|-damage|p1a: Tapu Fini|47/100
|-heal|p2a: Tapu Fini|79/100|[from] drain|[of] p1a: Tapu Fini
|move|p1a: Tapu Fini|Moonblast|p2a: Tapu Fini
|-damage|p2a: Tapu Fini|67/100
|
|-heal|p2a: Tapu Fini|73/100|[from] item: Leftovers
|-heal|p1a: Tapu Fini|53/100|[from] item: Leftovers
|-damage|p2a: Tapu Fini|61/100|[from] move: Whirlpool|[partiallytrapped]
|upkeep
|turn|19
|c|☆setup moves hater|gg amigo
|-message|setup moves hater forfeited.
|
|win|Batataplays
|n|☆setup moves hater|setupmoveshater
|n|☆Batataplays|batataplays
