|j|‽zippitytippity
|j|☆friedfreak
|t:|1614651425
|player|p1|zippitytippity|cynthia|1747
|player|p2|friedfreak|1|1762
|teamsize|p1|6
|teamsize|p2|6
|gametype|singles
|gen|8
|tier|[Gen 8] OU
|rated|
|clearpoke
|poke|p1|Sandaconda, F|
|poke|p1|Grimmsnarl, M|
|poke|p1|Excadrill, M|
|poke|p1|Dragapult, M|
|poke|p1|Cloyster, M|
|poke|p1|Garchomp, F|
|poke|p2|Slowbro, M|
|poke|p2|Tapu Koko|
|poke|p2|Moltres|
|poke|p2|Kartana|
|poke|p2|Tyranitar, M|
|poke|p2|Hippowdon, M|
|rule|Sleep Clause Mod: Limit one foe put to sleep
|rule|Species Clause: Limit one of each Pokémon
|rule|OHKO Clause: OHKO moves are banned
|rule|Evasion Moves Clause: Evasion moves are banned
|rule|Endless Battle Clause: Forcing endless battles is banned
|rule|HP Percentage Mod: HP is shown in percentages
|rule|Dynamax Clause: You cannot dynamax
|teampreview
|
|t:|1614651454
|start
|switch|p1a: Sandaconda|Sandaconda, F|100/100
|switch|p2a: Hippowdon|Hippowdon, M|100/100
|-weather|Sandstorm|[from] ability: Sand Stream|[of] p2a: Hippowdon
|turn|1
|
|t:|1614651461
|move|p1a: Sandaconda|Stealth Rock|p2a: Hippowdon
|-sidestart|p2: friedfreak|move: Stealth Rock
|move|p2a: Hippowdon|Toxic|p1a: Sandaconda
|-status|p1a: Sandaconda|tox
|
|-weather|Sandstorm|[upkeep]
|-damage|p1a: Sandaconda|94/100 tox|[from] psn
|upkeep
|turn|2
|
|t:|1614651466
|move|p1a: Sandaconda|Glare|p2a: Hippowdon
|-status|p2a: Hippowdon|par
|move|p2a: Hippowdon|Stealth Rock|p1a: Sandaconda
|-sidestart|p1: zippitytippity|move: Stealth Rock
|
|-weather|Sandstorm|[upkeep]
|-damage|p1a: Sandaconda|82/100 tox|[from] psn
|upkeep
|turn|3
|
|t:|1614651477
|switch|p1a: Grimmsnarl|Grimmsnarl, M|100/100
|-damage|p1a: Grimmsnarl|88/100|[from] Stealth Rock
|cant|p2a: Hippowdon|par
|
|-weather|Sandstorm|[upkeep]
|-damage|p1a: Grimmsnarl|82/100|[from] Sandstorm
|upkeep
|turn|4
|
|t:|1614651488
|move|p1a: Grimmsnarl|Taunt|p2a: Hippowdon
|-start|p2a: Hippowdon|move: Taunt
|cant|p2a: Hippowdon|move: Taunt|Toxic
|
|-weather|Sandstorm|[upkeep]
|-damage|p1a: Grimmsnarl|76/100|[from] Sandstorm
|upkeep
|turn|5
|
|t:|1614651500
|move|p1a: Grimmsnarl|Reflect|p1a: Grimmsnarl
|-sidestart|p1: zippitytippity|Reflect
|move|p2a: Hippowdon|Earthquake|p1a: Grimmsnarl
|-damage|p1a: Grimmsnarl|54/100
|
|-weather|none
|upkeep
|turn|6
|
|t:|1614651521
|switch|p2a: Moltres|Moltres|100/100
|move|p1a: Grimmsnarl|Light Screen|p1a: Grimmsnarl
|-sidestart|p1: zippitytippity|move: Light Screen
|
|upkeep
|turn|7
|
|t:|1614651527
|move|p1a: Grimmsnarl|Taunt|p2a: Moltres
|-start|p2a: Moltres|move: Taunt
|move|p2a: Moltres|Flamethrower|p1a: Grimmsnarl
|-damage|p1a: Grimmsnarl|32/100
|
|upkeep
|turn|8
|
|t:|1614651534
|move|p1a: Grimmsnarl|Thunder Wave|p2a: Moltres
|-status|p2a: Moltres|par
|move|p2a: Moltres|Scorching Sands|p1a: Grimmsnarl
|-damage|p1a: Grimmsnarl|21/100
|
|upkeep
|turn|9
|
|t:|1614651552
|switch|p1a: Excadrill|Excadrill, M|100/100
|-damage|p1a: Excadrill|97/100|[from] Stealth Rock
|switch|p2a: Tapu Koko|Tapu Koko|100/100
|-fieldstart|move: Electric Terrain|[from] ability: Electric Surge|[of] p2a: Tapu Koko
|
|upkeep
|turn|10
|
|t:|1614651559
|move|p2a: Tapu Koko|U-turn|p1a: Excadrill
|-resisted|p1a: Excadrill
|-damage|p1a: Excadrill|92/100
|inactive|Battle timer is ON: inactive players will automatically lose when time's up. (requested by zippitytippity)
|
|t:|1614651565
|switch|p2a: Moltres|Moltres|100/100 par|[from]move: U-turn
|move|p1a: Excadrill|Rapid Spin|p2a: Moltres
|-damage|p2a: Moltres|86/100 par
|-boost|p1a: Excadrill|spe|1
|-status|p1a: Excadrill|brn|[from] ability: Flame Body|[of] p2a: Moltres
|-sideend|p1: zippitytippity|Stealth Rock|[from] move: Rapid Spin|[of] p1a: Excadrill
|
|-damage|p1a: Excadrill|86/100 brn|[from] brn
|upkeep
|turn|11
|
|t:|1614651569
|move|p1a: Excadrill|Swords Dance|p1a: Excadrill
|-boost|p1a: Excadrill|atk|2
|cant|p2a: Moltres|par
|
|-damage|p1a: Excadrill|79/100 brn|[from] brn
|upkeep
|turn|12
|
|t:|1614651573
|move|p1a: Excadrill|Rock Blast|p2a: Moltres
|-supereffective|p2a: Moltres
|-damage|p2a: Moltres|58/100 par
|-supereffective|p2a: Moltres
|-damage|p2a: Moltres|30/100 par
|-hitcount|p2a: Moltres|2
|move|p2a: Moltres|Defog|p1a: Excadrill
|-unboost|p1a: Excadrill|evasion|1
|-sideend|p1: zippitytippity|Reflect
|-sideend|p1: zippitytippity|move: Light Screen
|-sideend|p2: friedfreak|Stealth Rock|[from] move: Defog|[of] p2a: Moltres
|-fieldend|move: Electric Terrain
|
|-damage|p1a: Excadrill|73/100 brn|[from] brn
|upkeep
|turn|13
|
|t:|1614651585
|move|p1a: Excadrill|Swords Dance|p1a: Excadrill
|-boost|p1a: Excadrill|atk|2
|move|p2a: Moltres|Flamethrower|p1a: Excadrill
|-supereffective|p1a: Excadrill
|-damage|p1a: Excadrill|0 fnt
|faint|p1a: Excadrill
|
|upkeep
|j| FUND tha MENTAL
|c| FUND tha MENTAL|fried
|
|t:|1614651590
|switch|p1a: Grimmsnarl|Grimmsnarl, M|21/100
|turn|14
|c| FUND tha MENTAL|i beat deal maker
|c| FUND tha MENTAL|did you?
|j| latehon
|
|t:|1614651618
|switch|p2a: Tapu Koko|Tapu Koko|100/100
|-fieldstart|move: Electric Terrain|[from] ability: Electric Surge|[of] p2a: Tapu Koko
|move|p1a: Grimmsnarl|Light Screen|p1a: Grimmsnarl
|-sidestart|p1: zippitytippity|move: Light Screen
|
|upkeep
|turn|15
|
|t:|1614651626
|move|p1a: Grimmsnarl|Reflect|p1a: Grimmsnarl
|-sidestart|p1: zippitytippity|Reflect
|move|p2a: Tapu Koko|Dazzling Gleam|p1a: Grimmsnarl
|-supereffective|p1a: Grimmsnarl
|-damage|p1a: Grimmsnarl|0 fnt
|faint|p1a: Grimmsnarl
|
|upkeep
|
|t:|1614651637
|switch|p1a: Cloyster|Cloyster, M|100/100
|turn|16
|
|t:|1614651641
|move|p2a: Tapu Koko|Thunderbolt|p1a: Cloyster
|-supereffective|p1a: Cloyster
|-damage|p1a: Cloyster|0 fnt
|faint|p1a: Cloyster
|
|upkeep
|
|t:|1614651644
|switch|p1a: Sandaconda|Sandaconda, F|82/100 tox
|turn|17
|
|t:|1614651651
|move|p2a: Tapu Koko|U-turn|p1a: Sandaconda
|-damage|p1a: Sandaconda|75/100 tox
|-weather|Sandstorm|[from] ability: Sand Spit|[of] p1a: Sandaconda
|
|t:|1614651656
|switch|p2a: Moltres|Moltres|30/100 par|[from]move: U-turn
|move|p1a: Sandaconda|Glare|p2a: Moltres
|-fail|p2a: Moltres|par
|
|-weather|Sandstorm|[upkeep]
|-damage|p2a: Moltres|24/100 par|[from] Sandstorm
|-damage|p1a: Sandaconda|69/100 tox|[from] psn
|upkeep
|turn|18
|
|t:|1614651661
|move|p1a: Sandaconda|Wrap|p2a: Moltres
|-damage|p2a: Moltres|21/100 par
|-activate|p2a: Moltres|move: Wrap|[of] p1a: Sandaconda
|move|p2a: Moltres|Defog|p1a: Sandaconda
|-unboost|p1a: Sandaconda|evasion|1
|-sideend|p1: zippitytippity|Reflect
|-sideend|p1: zippitytippity|move: Light Screen
|-fieldend|move: Electric Terrain
|
|-weather|Sandstorm|[upkeep]
|-damage|p2a: Moltres|15/100 par|[from] Sandstorm
|-damage|p1a: Sandaconda|57/100 tox|[from] psn
|-damage|p2a: Moltres|3/100 par|[from] move: Wrap|[partiallytrapped]
|upkeep
|turn|19
|j| Rowlet 145
|
|t:|1614651669
|move|p1a: Sandaconda|Stealth Rock|p2a: Moltres
|-sidestart|p2: friedfreak|move: Stealth Rock
|cant|p2a: Moltres|par
|
|-weather|Sandstorm|[upkeep]
|-damage|p2a: Moltres|0 fnt|[from] Sandstorm
|faint|p2a: Moltres
|-damage|p1a: Sandaconda|39/100 tox|[from] psn
|upkeep
|l| Rowlet 145
|
|t:|1614651689
|switch|p2a: Kartana|Kartana|100/100
|-damage|p2a: Kartana|94/100|[from] Stealth Rock
|turn|20
|
|t:|1614651693
|move|p2a: Kartana|Leaf Blade|p1a: Sandaconda
|-supereffective|p1a: Sandaconda
|-damage|p1a: Sandaconda|0 fnt
|faint|p1a: Sandaconda
|-ability|p2a: Kartana|Beast Boost|boost
|-boost|p2a: Kartana|atk|1
|
|-weather|Sandstorm|[upkeep]
|upkeep
|
|t:|1614651698
|switch|p1a: Garchomp|Garchomp, F|100/100
|turn|21
|
|t:|1614651708
|move|p2a: Kartana|Leaf Blade|p1a: Garchomp|[miss]
|-miss|p2a: Kartana|p1a: Garchomp
|move|p1a: Garchomp|Fire Fang|p2a: Kartana
|-supereffective|p2a: Kartana
|-damage|p2a: Kartana|0 fnt
|faint|p2a: Kartana
|
|-weather|none
|upkeep
|
|t:|1614651714
|switch|p2a: Slowbro|Slowbro, M|100/100
|-damage|p2a: Slowbro|88/100|[from] Stealth Rock
|turn|22
|
|t:|1614651722
|move|p1a: Garchomp|Scale Shot|p2a: Slowbro|[miss]
|-miss|p1a: Garchomp|p2a: Slowbro
|move|p2a: Slowbro|Scald|p1a: Garchomp
|-damage|p1a: Garchomp|72/100
|
|upkeep
|turn|23
|
|t:|1614651730
|move|p1a: Garchomp|Scale Shot|p2a: Slowbro
|-damage|p2a: Slowbro|79/100
|-damage|p2a: Slowbro|71/100
|-hitcount|p2a: Slowbro|2
|-unboost|p1a: Garchomp|def|1
|-boost|p1a: Garchomp|spe|1
|move|p2a: Slowbro|Ice Beam|p1a: Garchomp
|-supereffective|p1a: Garchomp
|-damage|p1a: Garchomp|0 fnt
|faint|p1a: Garchomp
|
|upkeep
|
|t:|1614651733
|switch|p1a: Dragapult|Dragapult, M|100/100
|turn|24
|
|t:|1614651741
|move|p1a: Dragapult|Substitute|p1a: Dragapult
|-start|p1a: Dragapult|Substitute
|-damage|p1a: Dragapult|76/100
|move|p2a: Slowbro|Ice Beam|p1a: Dragapult
|-supereffective|p1a: Dragapult
|-end|p1a: Dragapult|Substitute
|
|upkeep
|turn|25
|
|t:|1614651744
|move|p1a: Dragapult|Dragon Dance|p1a: Dragapult
|-boost|p1a: Dragapult|atk|1
|-boost|p1a: Dragapult|spe|1
|move|p2a: Slowbro|Ice Beam|p1a: Dragapult
|-supereffective|p1a: Dragapult
|-damage|p1a: Dragapult|10/100
|
|upkeep
|turn|26
|
|t:|1614651752
|switch|p2a: Tyranitar|Tyranitar, M|100/100
|-damage|p2a: Tyranitar|88/100|[from] Stealth Rock
|-weather|Sandstorm|[from] ability: Sand Stream|[of] p2a: Tyranitar
|move|p1a: Dragapult|Phantom Force||[still]
|-prepare|p1a: Dragapult|Phantom Force
|
|-weather|Sandstorm|[upkeep]
|-damage|p1a: Dragapult|4/100|[from] Sandstorm
|upkeep
|turn|27
|j| Mooson07
|-message|zippitytippity forfeited.
|
|win|friedfreak
|l|‽zippitytippity
|l|☆friedfreak
