|j|☆j_albacino023
|j|☆Mreow
|t:|1660321749
|gametype|singles
|player|p1|j_albacino023|2|1866
|player|p2|Mreow|acetrainersnowf|1752
|teamsize|p1|6
|teamsize|p2|6
|gen|8
|tier|[Gen 8] OU
|rated|
|rule|Sleep Clause Mod: Limit one foe put to sleep
|rule|Species Clause: Limit one of each Pokémon
|rule|OHKO Clause: OHKO moves are banned
|rule|Evasion Items Clause: Evasion items are banned
|rule|Evasion Moves Clause: Evasion moves are banned
|rule|Endless Battle Clause: Forcing endless battles is banned
|rule|HP Percentage Mod: HP is shown in percentages
|rule|Dynamax Clause: You cannot dynamax
|clearpoke
|poke|p1|Weavile, F|
|poke|p1|Dragapult, F|
|poke|p1|Gastrodon, M|
|poke|p1|Skarmory, F|
|poke|p1|Clefable, F|
|poke|p1|Heatran, M|
|poke|p2|Zapdos-Galar|
|poke|p2|Swampert, M|
|poke|p2|Melmetal|
|poke|p2|Tyranitar, M|
|poke|p2|Mandibuzz, F|
|poke|p2|Mew|
|teampreview
|inactive|Battle timer is ON: inactive players will automatically lose when time's up. (requested by Mreow)
|
|t:|1660321791
|start
|switch|p1a: Dragapult|Dragapult, F|100/100
|switch|p2a: Tough Mike|Tyranitar, M|100/100
|-weather|Sandstorm|[from] ability: Sand Stream|[of] p2a: Tough Mike
|turn|1
|
|t:|1660321815
|switch|p2a: Buzzy Mandy|Mandibuzz, F|100/100
|move|p1a: Dragapult|U-turn|p2a: Buzzy Mandy
|-damage|p2a: Buzzy Mandy|92/100
|-damage|p1a: Dragapult|84/100|[from] item: Rocky Helmet|[of] p2a: Buzzy Mandy
|
|t:|1660321823
|switch|p1a: Heatran|Heatran, M|100/100|[from]move: U-turn
|
|-weather|Sandstorm|[upkeep]
|upkeep
|turn|2
|
|t:|1660321829
|switch|p2a: Tough Mike|Tyranitar, M|100/100
|move|p1a: Heatran|Toxic|p2a: Tough Mike
|-status|p2a: Tough Mike|tox
|
|-weather|Sandstorm|[upkeep]
|-damage|p2a: Tough Mike|94/100 tox|[from] psn
|upkeep
|turn|3
|
|t:|1660321837
|switch|p1a: Skarmory|Skarmory, F|100/100
|move|p2a: Tough Mike|Thunderbolt|p1a: Skarmory
|-supereffective|p1a: Skarmory
|-damage|p1a: Skarmory|6/100
|-status|p1a: Skarmory|par
|
|-weather|Sandstorm|[upkeep]
|-damage|p2a: Tough Mike|82/100 tox|[from] psn
|upkeep
|turn|4
|
|t:|1660321847
|switch|p1a: Gastrodon|Gastrodon, M|100/100
|move|p2a: Tough Mike|Ice Beam|p1a: Gastrodon
|-damage|p1a: Gastrodon|81/100
|
|-weather|Sandstorm|[upkeep]
|-damage|p2a: Tough Mike|63/100 tox|[from] psn
|upkeep
|turn|5
|
|t:|1660321859
|switch|p2a: Bayou Billy|Swampert, M|100/100
|move|p1a: Gastrodon|Scald|p2a: Bayou Billy
|-damage|p2a: Bayou Billy|83/100
|
|-weather|none
|-heal|p2a: Bayou Billy|89/100|[from] item: Leftovers
|upkeep
|turn|6
|
|t:|1660321868
|move|p2a: Bayou Billy|Toxic|p1a: Gastrodon
|-status|p1a: Gastrodon|tox
|move|p1a: Gastrodon|Scald|p2a: Bayou Billy
|-damage|p2a: Bayou Billy|73/100
|
|-heal|p2a: Bayou Billy|79/100|[from] item: Leftovers
|-damage|p1a: Gastrodon|75/100 tox|[from] psn
|upkeep
|turn|7
|
|t:|1660321876
|move|p2a: Bayou Billy|Stealth Rock|p1a: Gastrodon
|-sidestart|p1: j_albacino023|move: Stealth Rock
|move|p1a: Gastrodon|Scald|p2a: Bayou Billy
|-damage|p2a: Bayou Billy|61/100
|
|-heal|p2a: Bayou Billy|67/100|[from] item: Leftovers
|-damage|p1a: Gastrodon|62/100 tox|[from] psn
|upkeep
|turn|8
|
|t:|1660321885
|move|p2a: Bayou Billy|Earthquake|p1a: Gastrodon
|-damage|p1a: Gastrodon|24/100 tox
|move|p1a: Gastrodon|Recover|p1a: Gastrodon
|-heal|p1a: Gastrodon|74/100 tox
|
|-heal|p2a: Bayou Billy|74/100|[from] item: Leftovers
|-damage|p1a: Gastrodon|56/100 tox|[from] psn
|upkeep
|turn|9
|
|t:|1660321896
|switch|p1a: Clefable|Clefable, F|100/100
|move|p2a: Bayou Billy|Flip Turn|p1a: Clefable
|-damage|p1a: Clefable|84/100
|
|t:|1660321902
|switch|p2a: Big Willy|Melmetal|100/100|[from]move: Flip Turn
|
|upkeep
|turn|10
|
|t:|1660321906
|move|p1a: Clefable|Trick|p2a: Big Willy
|-activate|p1a: Clefable|move: Trick|[of] p2a: Big Willy
|-item|p2a: Big Willy|Choice Scarf|[from] move: Trick
|-item|p1a: Clefable|Leftovers|[from] move: Trick
|move|p2a: Big Willy|Thunder Wave|p1a: Clefable
|-status|p1a: Clefable|par
|
|-heal|p1a: Clefable|90/100 par|[from] item: Leftovers
|upkeep
|turn|11
|
|t:|1660321920
|switch|p2a: Bayou Billy|Swampert, M|74/100
|move|p1a: Clefable|Moonblast|p2a: Bayou Billy
|-damage|p2a: Bayou Billy|55/100
|
|-heal|p2a: Bayou Billy|61/100|[from] item: Leftovers
|-heal|p1a: Clefable|96/100 par|[from] item: Leftovers
|upkeep
|turn|12
|
|t:|1660321928
|move|p2a: Bayou Billy|Earthquake|p1a: Clefable
|-damage|p1a: Clefable|67/100 par
|move|p1a: Clefable|Moonblast|p2a: Bayou Billy
|-damage|p2a: Bayou Billy|42/100
|
|-heal|p2a: Bayou Billy|48/100|[from] item: Leftovers
|-heal|p1a: Clefable|73/100 par|[from] item: Leftovers
|upkeep
|turn|13
|
|t:|1660321935
|move|p2a: Bayou Billy|Flip Turn|p1a: Clefable
|-damage|p1a: Clefable|54/100 par
|
|t:|1660321941
|switch|p2a: Big Willy|Melmetal|100/100|[from]move: Flip Turn
|move|p1a: Clefable|Soft-Boiled|p1a: Clefable
|-heal|p1a: Clefable|100/100 par
|
|upkeep
|turn|14
|
|t:|1660321950
|move|p2a: Big Willy|Double Iron Bash|p1a: Clefable
|-supereffective|p1a: Clefable
|-damage|p1a: Clefable|32/100 par
|-supereffective|p1a: Clefable
|-damage|p1a: Clefable|0 fnt
|faint|p1a: Clefable
|-hitcount|p1: Clefable|2
|
|upkeep
|j| LT92PF Silk
|
|t:|1660321953
|switch|p1a: Heatran|Heatran, M|100/100
|-damage|p1a: Heatran|88/100|[from] Stealth Rock
|turn|15
|j| Ninjack21
|
|t:|1660321966
|switch|p2a: Tough Mike|Tyranitar, M|63/100 tox
|-weather|Sandstorm|[from] ability: Sand Stream|[of] p2a: Tough Mike
|move|p1a: Heatran|Stealth Rock|p2a: Tough Mike
|-sidestart|p2: Mreow|move: Stealth Rock
|
|-weather|Sandstorm|[upkeep]
|-heal|p1a: Heatran|94/100|[from] item: Leftovers
|-damage|p2a: Tough Mike|57/100 tox|[from] psn
|upkeep
|turn|16
|
|t:|1660321977
|switch|p1a: Gastrodon|Gastrodon, M|56/100 tox
|move|p2a: Tough Mike|Earth Power|p1a: Gastrodon
|-damage|p1a: Gastrodon|39/100 tox
|
|-weather|Sandstorm|[upkeep]
|-damage|p2a: Tough Mike|45/100 tox|[from] psn
|-damage|p1a: Gastrodon|33/100 tox|[from] psn
|upkeep
|turn|17
|
|t:|1660321984
|move|p2a: Tough Mike|Earth Power|p1a: Gastrodon
|-damage|p1a: Gastrodon|13/100 tox
|move|p1a: Gastrodon|Recover|p1a: Gastrodon
|-heal|p1a: Gastrodon|63/100 tox
|
|-weather|Sandstorm|[upkeep]
|-damage|p2a: Tough Mike|26/100 tox|[from] psn
|-damage|p1a: Gastrodon|51/100 tox|[from] psn
|upkeep
|turn|18
|
|t:|1660321992
|move|p2a: Tough Mike|Earth Power|p1a: Gastrodon
|-damage|p1a: Gastrodon|32/100 tox
|move|p1a: Gastrodon|Recover|p1a: Gastrodon
|-heal|p1a: Gastrodon|82/100 tox
|
|-weather|Sandstorm|[upkeep]
|-damage|p2a: Tough Mike|1/100 tox|[from] psn
|-damage|p1a: Gastrodon|63/100 tox|[from] psn
|upkeep
|turn|19
|
|t:|1660322001
|move|p2a: Tough Mike|Earth Power|p1a: Gastrodon
|-damage|p1a: Gastrodon|45/100 tox
|move|p1a: Gastrodon|Recover|p1a: Gastrodon
|-heal|p1a: Gastrodon|95/100 tox
|
|-weather|none
|-damage|p2a: Tough Mike|0 fnt|[from] psn
|faint|p2a: Tough Mike
|-damage|p1a: Gastrodon|71/100 tox|[from] psn
|upkeep
|
|t:|1660322019
|switch|p2a: Pom pom mew|Mew|100/100
|-damage|p2a: Pom pom mew|88/100|[from] Stealth Rock
|turn|20
|
|t:|1660322025
|switch|p1a: Heatran|Heatran, M|94/100
|-damage|p1a: Heatran|82/100|[from] Stealth Rock
|move|p2a: Pom pom mew|Agility|p2a: Pom pom mew
|-boost|p2a: Pom pom mew|spe|2
|
|-heal|p1a: Heatran|88/100|[from] item: Leftovers
|upkeep
|turn|21
|
|t:|1660322034
|move|p2a: Pom pom mew|Aura Sphere|p1a: Heatran
|-supereffective|p1a: Heatran
|-damage|p1a: Heatran|56/100
|move|p1a: Heatran|Toxic|p2a: Pom pom mew
|-status|p2a: Pom pom mew|tox
|-activate|p2a: Pom pom mew|ability: Synchronize
|-immune|p1a: Heatran
|
|-heal|p1a: Heatran|63/100|[from] item: Leftovers
|-damage|p2a: Pom pom mew|82/100 tox|[from] psn
|upkeep
|turn|22
|
|t:|1660322043
|move|p2a: Pom pom mew|Aura Sphere|p1a: Heatran
|-supereffective|p1a: Heatran
|-damage|p1a: Heatran|31/100
|move|p1a: Heatran|Heavy Slam|p2a: Pom pom mew
|-damage|p2a: Pom pom mew|47/100 tox
|
|-heal|p1a: Heatran|37/100|[from] item: Leftovers
|-damage|p2a: Pom pom mew|35/100 tox|[from] psn
|upkeep
|turn|23
|
|t:|1660322053
|switch|p1a: Skarmory|Skarmory, F|6/100 par
|-damage|p1a: Skarmory|0 fnt|[from] Stealth Rock
|faint|p1a: Skarmory
|move|p2a: Pom pom mew|Stored Power|p1: Skarmory|[notarget]
|-fail|p2a: Pom pom mew
|
|-damage|p2a: Pom pom mew|17/100 tox|[from] psn
|upkeep
|
|t:|1660322059
|switch|p1a: Dragapult|Dragapult, F|84/100
|turn|24
|
|t:|1660322067
|switch|p1a: Weavile|Weavile, F|100/100
|-ability|p1a: Weavile|Pressure
|move|p2a: Pom pom mew|Stored Power|p1a: Weavile
|-immune|p1a: Weavile
|
|-damage|p2a: Pom pom mew|0 fnt|[from] psn
|faint|p2a: Pom pom mew
|upkeep
|
|t:|1660322072
|switch|p2a: Big Willy|Melmetal|100/100
|-damage|p2a: Big Willy|94/100|[from] Stealth Rock
|turn|25
|
|t:|1660322085
|switch|p1a: Gastrodon|Gastrodon, M|71/100 tox
|move|p2a: Big Willy|Earthquake|p1a: Gastrodon
|-damage|p1a: Gastrodon|24/100 tox
|
|-damage|p1a: Gastrodon|18/100 tox|[from] psn
|upkeep
|turn|26
|
|t:|1660322092
|move|p2a: Big Willy|Earthquake|p1a: Gastrodon
|-damage|p1a: Gastrodon|0 fnt
|faint|p1a: Gastrodon
|
|upkeep
|
|t:|1660322096
|switch|p1a: Dragapult|Dragapult, F|84/100
|turn|27
|
|t:|1660322107
|switch|p2a: Bayou Billy|Swampert, M|48/100
|-damage|p2a: Bayou Billy|42/100|[from] Stealth Rock
|move|p1a: Dragapult|Fire Blast|p2a: Bayou Billy
|-resisted|p2a: Bayou Billy
|-damage|p2a: Bayou Billy|31/100
|
|-heal|p2a: Bayou Billy|37/100|[from] item: Leftovers
|upkeep
|turn|28
|
|t:|1660322115
|move|p1a: Dragapult|Draco Meteor|p2a: Bayou Billy
|-damage|p2a: Bayou Billy|0 fnt
|-unboost|p1a: Dragapult|spa|2
|faint|p2a: Bayou Billy
|
|upkeep
|
|t:|1660322124
|switch|p2a: Big Willy|Melmetal|94/100
|-damage|p2a: Big Willy|88/100|[from] Stealth Rock
|turn|29
|
|t:|1660322132
|move|p1a: Dragapult|U-turn|p2a: Big Willy
|-resisted|p2a: Big Willy
|-damage|p2a: Big Willy|83/100
|
|t:|1660322136
|switch|p1a: Heatran|Heatran, M|37/100|[from]move: U-turn
|-damage|p1a: Heatran|24/100|[from] Stealth Rock
|move|p2a: Big Willy|Earthquake|p1a: Heatran
|-supereffective|p1a: Heatran
|-damage|p1a: Heatran|0 fnt
|faint|p1a: Heatran
|
|upkeep
|
|t:|1660322137
|switch|p1a: Dragapult|Dragapult, F|84/100
|turn|30
|
|t:|1660322150
|switch|p2a: Buzzy Mandy|Mandibuzz, F|92/100
|-damage|p2a: Buzzy Mandy|67/100|[from] Stealth Rock
|move|p1a: Dragapult|Fire Blast|p2a: Buzzy Mandy
|-damage|p2a: Buzzy Mandy|42/100
|
|upkeep
|turn|31
|
|t:|1660322155
|move|p1a: Dragapult|Draco Meteor|p2a: Buzzy Mandy
|-damage|p2a: Buzzy Mandy|0 fnt
|-unboost|p1a: Dragapult|spa|2
|faint|p2a: Buzzy Mandy
|
|upkeep
|
|t:|1660322167
|switch|p2a: Big Willy|Melmetal|83/100
|-damage|p2a: Big Willy|77/100|[from] Stealth Rock
|turn|32
|
|t:|1660322176
|move|p1a: Dragapult|Fire Blast|p2a: Big Willy
|-supereffective|p2a: Big Willy
|-damage|p2a: Big Willy|43/100
|move|p2a: Big Willy|Double Iron Bash|p1a: Dragapult
|-damage|p1a: Dragapult|23/100
|-damage|p1a: Dragapult|0 fnt
|faint|p1a: Dragapult
|-hitcount|p1: Dragapult|2
|
|upkeep
|
|t:|1660322179
|switch|p1a: Weavile|Weavile, F|100/100
|-ability|p1a: Weavile|Pressure
|turn|33
|j| Wiener thing
|
|t:|1660322188
|move|p1a: Weavile|Knock Off|p2a: Big Willy
|-damage|p2a: Big Willy|20/100
|-enditem|p2a: Big Willy|Choice Scarf|[from] move: Knock Off|[of] p1a: Weavile
|move|p2a: Big Willy|Double Iron Bash|p1a: Weavile
|-supereffective|p1a: Weavile
|-damage|p1a: Weavile|0 fnt
|faint|p1a: Weavile
|-hitcount|p1: Weavile|1
|
|win|Mreow
|raw|j_albacino023's rating: 1866 &rarr; <strong>1840</strong><br />(-26 for losing)
|raw|Mreow's rating: 1752 &rarr; <strong>1778</strong><br />(+26 for winning)
|l|☆j_albacino023
|l| LT92PF Silk
|l|☆Mreow
||Ladder isn't responding, score probably updated but might not have (Request timeout).
|l| Wiener thing
