|j|☆drop a baby
|j|‽CokoiZ
|t:|1663745935
|gametype|singles
|player|p1|drop a baby|chase|1647
|player|p2|CokoiZ|candice|1545
|teamsize|p1|6
|teamsize|p2|6
|gen|8
|tier|[Gen 8] OU
|rated|
|rule|Sleep Clause Mod: Limit one foe put to sleep
|rule|Species Clause: Limit one of each Pokémon
|rule|OHKO Clause: OHKO moves are banned
|rule|Evasion Items Clause: Evasion items are banned
|rule|Evasion Moves Clause: Evasion moves are banned
|rule|Endless Battle Clause: Forcing endless battles is banned
|rule|HP Percentage Mod: HP is shown in percentages
|rule|Dynamax Clause: You cannot dynamax
|clearpoke
|poke|p1|Weavile, M|
|poke|p1|Slowbro, M|
|poke|p1|Heatran, M|
|poke|p1|Landorus-Therian, M|
|poke|p1|Tornadus-Therian, M|
|poke|p1|Tyranitar, M|
|poke|p2|Weezing, F|
|poke|p2|Slurpuff, M|
|poke|p2|Bisharp, M|
|poke|p2|Heatran, M|
|poke|p2|Tapu Bulu|
|poke|p2|Dragonite, F|
|teampreview
|inactive|Battle timer is ON: inactive players will automatically lose when time's up. (requested by CokoiZ)
|
|t:|1663745954
|start
|switch|p1a: Tornadus|Tornadus-Therian, M|100/100
|switch|p2a: Weezing|Weezing, F|100/100
|turn|1
|
|t:|1663745960
|move|p1a: Tornadus|Taunt|p2a: Weezing
|-start|p2a: Weezing|move: Taunt
|cant|p2a: Weezing|move: Taunt|Toxic Spikes
|
|upkeep
|turn|2
|
|t:|1663745964
|move|p1a: Tornadus|U-turn|p2a: Weezing
|-resisted|p2a: Weezing
|-damage|p2a: Weezing|95/100
|
|t:|1663745966
|switch|p1a: Landorus|Landorus-Therian, M|100/100|[from]move: U-turn
|-ability|p1a: Landorus|Intimidate|boost
|-unboost|p2a: Weezing|atk|1
|move|p2a: Weezing|Sludge Bomb|p1a: Landorus
|-resisted|p1a: Landorus
|-damage|p1a: Landorus|90/100
|
|-heal|p1a: Landorus|96/100|[from] item: Leftovers
|-heal|p2a: Weezing|100/100|[from] item: Leftovers
|upkeep
|turn|3
|
|t:|1663745974
|move|p1a: Landorus|Gravity|p1a: Landorus
|-fieldstart|move: Gravity
|move|p2a: Weezing|Sludge Bomb|p1a: Landorus
|-resisted|p1a: Landorus
|-damage|p1a: Landorus|87/100
|-status|p1a: Landorus|psn
|
|-heal|p1a: Landorus|93/100 psn|[from] item: Leftovers
|-damage|p1a: Landorus|80/100 psn|[from] psn
|-end|p2a: Weezing|move: Taunt
|upkeep
|turn|4
|
|t:|1663745983
|switch|p1a: Weavile|Weavile, M|100/100
|-ability|p1a: Weavile|Pressure
|switch|p2a: Tapu Bulu|Tapu Bulu|100/100
|-fieldstart|move: Grassy Terrain|[from] ability: Grassy Surge|[of] p2a: Tapu Bulu
|
|upkeep
|turn|5
|
|t:|1663745995
|switch|p2a: Bisharp|Bisharp, M|100/100
|move|p1a: Weavile|Knock Off|p2a: Bisharp
|-resisted|p2a: Bisharp
|-damage|p2a: Bisharp|68/100
|-enditem|p2a: Bisharp|Life Orb|[from] move: Knock Off|[of] p1a: Weavile
|
|-heal|p2a: Bisharp|74/100|[from] Grassy Terrain
|upkeep
|turn|6
|
|t:|1663746003
|switch|p1a: Slowbro|Slowbro, M|100/100
|move|p2a: Bisharp|Substitute|p2a: Bisharp
|-start|p2a: Bisharp|Substitute
|-damage|p2a: Bisharp|50/100
|
|-heal|p2a: Bisharp|55/100|[from] Grassy Terrain
|upkeep
|turn|7
|
|t:|1663746007
|move|p2a: Bisharp|Knock Off|p1a: Slowbro
|-supereffective|p1a: Slowbro
|-enditem|p1a: Slowbro|Colbur Berry|[eat]
|-enditem|p1a: Slowbro|Colbur Berry|[weaken]
|-damage|p1a: Slowbro|72/100
|move|p1a: Slowbro|Body Press|p2a: Bisharp
|-supereffective|p2a: Bisharp
|-end|p2a: Bisharp|Substitute
|
|-heal|p2a: Bisharp|61/100|[from] Grassy Terrain
|-heal|p1a: Slowbro|78/100|[from] Grassy Terrain
|-fieldend|move: Gravity
|upkeep
|turn|8
|
|t:|1663746015
|switch|p2a: Weezing|Weezing, F|100/100
|move|p1a: Slowbro|Teleport|p1a: Slowbro
|
|t:|1663746024
|switch|p1a: Tyranitar|Tyranitar, M|100/100|[from]move: Teleport
|-weather|Sandstorm|[from] ability: Sand Stream|[of] p1a: Tyranitar
|
|-weather|Sandstorm|[upkeep]
|-damage|p2a: Weezing|95/100|[from] Sandstorm
|-heal|p2a: Weezing|100/100|[from] item: Leftovers
|-fieldend|move: Grassy Terrain
|upkeep
|turn|9
|
|t:|1663746041
|switch|p2a: Tapu Bulu|Tapu Bulu|100/100
|-fieldstart|move: Grassy Terrain|[from] ability: Grassy Surge|[of] p2a: Tapu Bulu
|move|p1a: Tyranitar|Stone Edge|p2a: Tapu Bulu
|-damage|p2a: Tapu Bulu|16/100
|
|-weather|Sandstorm|[upkeep]
|-damage|p2a: Tapu Bulu|9/100|[from] Sandstorm
|-heal|p2a: Tapu Bulu|16/100|[from] Grassy Terrain
|-heal|p2a: Tapu Bulu|22/100|[from] item: Leftovers
|upkeep
|turn|10
|
|t:|1663746048
|switch|p1a: Tornadus|Tornadus-Therian, M|100/100
|move|p2a: Tapu Bulu|Wood Hammer|p1a: Tornadus
|-resisted|p1a: Tornadus
|-damage|p1a: Tornadus|66/100
|-damage|p2a: Tapu Bulu|10/100|[from] Recoil
|
|-weather|Sandstorm|[upkeep]
|-damage|p1a: Tornadus|60/100|[from] Sandstorm
|-damage|p2a: Tapu Bulu|3/100|[from] Sandstorm
|-heal|p2a: Tapu Bulu|10/100|[from] Grassy Terrain
|-heal|p2a: Tapu Bulu|16/100|[from] item: Leftovers
|upkeep
|turn|11
|
|t:|1663746057
|move|p2a: Tapu Bulu|Protect|p2a: Tapu Bulu
|-singleturn|p2a: Tapu Bulu|Protect
|move|p1a: Tornadus|U-turn|p2a: Tapu Bulu
|-activate|p2a: Tapu Bulu|move: Protect
|
|-weather|Sandstorm|[upkeep]
|-damage|p1a: Tornadus|54/100|[from] Sandstorm
|-damage|p2a: Tapu Bulu|10/100|[from] Sandstorm
|-heal|p2a: Tapu Bulu|16/100|[from] Grassy Terrain
|-heal|p2a: Tapu Bulu|22/100|[from] item: Leftovers
|upkeep
|turn|12
|
|t:|1663746063
|switch|p2a: Weezing|Weezing, F|100/100
|move|p1a: Tornadus|U-turn|p2a: Weezing
|-resisted|p2a: Weezing
|-damage|p2a: Weezing|94/100
|
|t:|1663746065
|switch|p1a: Tyranitar|Tyranitar, M|100/100|[from]move: U-turn
|
|-weather|none
|-heal|p2a: Weezing|99/100|[from] item: Leftovers
|upkeep
|turn|13
|
|t:|1663746078
|move|p1a: Tyranitar|Stone Edge|p2a: Weezing|[miss]
|-miss|p1a: Tyranitar|p2a: Weezing
|move|p2a: Weezing|Toxic Spikes|p1a: Tyranitar
|-sidestart|p1: drop a baby|move: Toxic Spikes
|
|-heal|p2a: Weezing|100/100|[from] item: Leftovers
|-fieldend|move: Grassy Terrain
|upkeep
|turn|14
|
|t:|1663746083
|move|p1a: Tyranitar|Stone Edge|p2a: Weezing
|-damage|p2a: Weezing|26/100
|move|p2a: Weezing|Toxic Spikes|p1a: Tyranitar
|-sidestart|p1: drop a baby|move: Toxic Spikes
|
|-heal|p2a: Weezing|32/100|[from] item: Leftovers
|upkeep
|turn|15
|
|t:|1663746090
|move|p2a: Weezing|Protect|p2a: Weezing
|-singleturn|p2a: Weezing|Protect
|move|p1a: Tyranitar|Stone Edge|p2a: Weezing
|-activate|p2a: Weezing|move: Protect
|
|-heal|p2a: Weezing|38/100|[from] item: Leftovers
|upkeep
|turn|16
|
|t:|1663746096
|switch|p2a: Bisharp|Bisharp, M|61/100
|move|p1a: Tyranitar|Stone Edge|p2a: Bisharp
|-resisted|p2a: Bisharp
|-damage|p2a: Bisharp|8/100
|
|upkeep
|turn|17
|
|t:|1663746102
|switch|p1a: Tornadus|Tornadus-Therian, M|87/100
|move|p2a: Bisharp|Iron Head|p1a: Tornadus
|-damage|p1a: Tornadus|46/100
|
|upkeep
|turn|18
|
|t:|1663746112
|move|p1a: Tornadus|U-turn|p2a: Bisharp
|-damage|p2a: Bisharp|0 fnt
|faint|p2a: Bisharp
|
|t:|1663746117
|switch|p1a: Landorus|Landorus-Therian, M|80/100 psn|[from]move: U-turn
|
|-heal|p1a: Landorus|86/100 psn|[from] item: Leftovers
|-damage|p1a: Landorus|74/100 psn|[from] psn
|upkeep
|
|t:|1663746123
|switch|p2a: Heatran|Heatran, M|100/100
|-item|p2a: Heatran|Air Balloon
|turn|19
|
|t:|1663746127
|move|p1a: Landorus|U-turn|p2a: Heatran
|-resisted|p2a: Heatran
|-damage|p2a: Heatran|96/100
|-enditem|p2a: Heatran|Air Balloon
|
|t:|1663746133
|switch|p1a: Heatran|Heatran, M|100/100|[from]move: U-turn
|move|p2a: Heatran|Eruption|p1a: Heatran
|-start|p1a: Heatran|ability: Flash Fire
|
|upkeep
|turn|20
|
|t:|1663746142
|-end|p1a: Heatran|ability: Flash Fire|[silent]
|switch|p1a: Landorus|Landorus-Therian, M|74/100 psn
|-ability|p1a: Landorus|Intimidate|boost
|-unboost|p2a: Heatran|atk|1
|switch|p2a: Weezing|Weezing, F|38/100
|
|-heal|p1a: Landorus|80/100 psn|[from] item: Leftovers
|-heal|p2a: Weezing|44/100|[from] item: Leftovers
|-damage|p1a: Landorus|68/100 psn|[from] psn
|upkeep
|turn|21
|
|t:|1663746149
|move|p1a: Landorus|U-turn|p2a: Weezing
|-resisted|p2a: Weezing
|-damage|p2a: Weezing|34/100
|
|t:|1663746151
|switch|p1a: Tornadus|Tornadus-Therian, M|79/100|[from]move: U-turn
|move|p2a: Weezing|Sludge Bomb|p1a: Tornadus
|-damage|p1a: Tornadus|53/100
|
|-heal|p2a: Weezing|40/100|[from] item: Leftovers
|upkeep
|turn|22
|
|t:|1663746160
|move|p1a: Tornadus|Defog|p2a: Weezing
|-unboost|p2a: Weezing|evasion|1
|-sideend|p1: drop a baby|Toxic Spikes|[from] move: Defog|[of] p1a: Tornadus
|move|p2a: Weezing|Sludge Bomb|p1a: Tornadus
|-damage|p1a: Tornadus|24/100
|
|-heal|p2a: Weezing|46/100|[from] item: Leftovers
|upkeep
|turn|23
|
|t:|1663746166
|move|p1a: Tornadus|U-turn|p2a: Weezing
|-resisted|p2a: Weezing
|-damage|p2a: Weezing|40/100
|
|t:|1663746168
|switch|p1a: Tyranitar|Tyranitar, M|100/100|[from]move: U-turn
|-weather|Sandstorm|[from] ability: Sand Stream|[of] p1a: Tyranitar
|move|p2a: Weezing|Toxic Spikes|p1a: Tyranitar
|-sidestart|p1: drop a baby|move: Toxic Spikes
|
|-weather|Sandstorm|[upkeep]
|-damage|p2a: Weezing|34/100|[from] Sandstorm
|-heal|p2a: Weezing|40/100|[from] item: Leftovers
|upkeep
|turn|24
|j| envyah
|
|t:|1663746175
|move|p1a: Tyranitar|Stone Edge|p2a: Weezing
|-damage|p2a: Weezing|0 fnt
|faint|p2a: Weezing
|
|-weather|Sandstorm|[upkeep]
|upkeep
|
|t:|1663746180
|switch|p2a: Heatran|Heatran, M|96/100
|turn|25
|
|t:|1663746189
|move|p2a: Heatran|Flash Cannon|p1a: Tyranitar
|-supereffective|p1a: Tyranitar
|-damage|p1a: Tyranitar|51/100
|move|p1a: Tyranitar|Stone Edge|p2a: Heatran
|-damage|p2a: Heatran|19/100
|
|-weather|Sandstorm|[upkeep]
|upkeep
|turn|26
|
|t:|1663746199
|switch|p1a: Landorus|Landorus-Therian, M|68/100 psn
|-ability|p1a: Landorus|Intimidate|boost
|-unboost|p2a: Heatran|atk|1
|move|p2a: Heatran|Flash Cannon|p1a: Landorus
|-crit|p1a: Landorus
|-damage|p1a: Landorus|16/100 psn
|
|-weather|Sandstorm|[upkeep]
|-heal|p1a: Landorus|22/100 psn|[from] item: Leftovers
|-damage|p1a: Landorus|9/100 psn|[from] psn
|upkeep
|turn|27
|
|t:|1663746210
|switch|p2a: Tapu Bulu|Tapu Bulu|22/100
|-fieldstart|move: Grassy Terrain|[from] ability: Grassy Surge|[of] p2a: Tapu Bulu
|move|p1a: Landorus|Earthquake|p2a: Tapu Bulu
|-resisted|p2a: Tapu Bulu
|-damage|p2a: Tapu Bulu|11/100
|
|-weather|none
|-heal|p2a: Tapu Bulu|17/100|[from] Grassy Terrain
|-heal|p2a: Tapu Bulu|23/100|[from] item: Leftovers
|-heal|p1a: Landorus|15/100 psn|[from] item: Leftovers
|-damage|p1a: Landorus|3/100 psn|[from] psn
|upkeep
|turn|28
|j| Ctannn
|
|t:|1663746217
|move|p2a: Tapu Bulu|Wood Hammer|p1a: Landorus
|-damage|p1a: Landorus|0 fnt
|faint|p1a: Landorus
|-damage|p2a: Tapu Bulu|22/100|[from] Recoil
|
|-heal|p2a: Tapu Bulu|28/100|[from] Grassy Terrain
|-heal|p2a: Tapu Bulu|35/100|[from] item: Leftovers
|upkeep
|
|t:|1663746220
|switch|p1a: Tornadus|Tornadus-Therian, M|58/100
|turn|29
|
|t:|1663746225
|move|p1a: Tornadus|Defog|p2a: Tapu Bulu
|-unboost|p2a: Tapu Bulu|evasion|1
|-sideend|p1: drop a baby|Toxic Spikes|[from] move: Defog|[of] p1a: Tornadus
|-fieldend|move: Grassy Terrain
|move|p2a: Tapu Bulu|Stone Edge|p1a: Tornadus|[miss]
|-miss|p2a: Tapu Bulu|p1a: Tornadus
|
|-heal|p2a: Tapu Bulu|41/100|[from] item: Leftovers
|upkeep
|turn|30
|
|t:|1663746231
|move|p1a: Tornadus|Hurricane|p2a: Tapu Bulu|[miss]
|-miss|p1a: Tornadus|p2a: Tapu Bulu
|move|p2a: Tapu Bulu|Stone Edge|p1a: Tornadus|[miss]
|-miss|p2a: Tapu Bulu|p1a: Tornadus
|
|-heal|p2a: Tapu Bulu|47/100|[from] item: Leftovers
|upkeep
|turn|31
|
|t:|1663746236
|move|p1a: Tornadus|U-turn|p2a: Tapu Bulu
|-damage|p2a: Tapu Bulu|34/100
|
|t:|1663746240
|switch|p1a: Heatran|Heatran, M|100/100|[from]move: U-turn
|move|p2a: Tapu Bulu|Stone Edge|p1a: Heatran|[miss]
|-miss|p2a: Tapu Bulu|p1a: Heatran
|
|-heal|p2a: Tapu Bulu|41/100|[from] item: Leftovers
|upkeep
|turn|32
|
|t:|1663746250
|move|p2a: Tapu Bulu|High Horsepower|p1a: Heatran
|-supereffective|p1a: Heatran
|-damage|p1a: Heatran|0 fnt
|faint|p1a: Heatran
|
|-heal|p2a: Tapu Bulu|47/100|[from] item: Leftovers
|upkeep
|
|t:|1663746258
|switch|p1a: Weavile|Weavile, M|100/100
|-ability|p1a: Weavile|Pressure
|turn|33
|
|t:|1663746265
|move|p2a: Tapu Bulu|Protect|p2a: Tapu Bulu
|-singleturn|p2a: Tapu Bulu|Protect
|move|p1a: Weavile|Triple Axel|p2a: Tapu Bulu
|-activate|p2a: Tapu Bulu|move: Protect
|
|-heal|p2a: Tapu Bulu|53/100|[from] item: Leftovers
|upkeep
|turn|34
|
|t:|1663746270
|switch|p2a: Heatran|Heatran, M|19/100
|move|p1a: Weavile|Triple Axel|p2a: Heatran
|-resisted|p2a: Heatran
|-damage|p2a: Heatran|17/100
|-resisted|p2a: Heatran
|-damage|p2a: Heatran|13/100
|-resisted|p2a: Heatran
|-damage|p2a: Heatran|6/100
|-hitcount|p2a: Heatran|3
|
|upkeep
|turn|35
|
|t:|1663746276
|move|p1a: Weavile|Knock Off|p2a: Heatran
|-damage|p2a: Heatran|0 fnt
|faint|p2a: Heatran
|
|upkeep
|
|t:|1663746279
|switch|p2a: Slurpuff|Slurpuff, M|100/100
|turn|36
|
|t:|1663746284
|move|p1a: Weavile|Triple Axel|p2a: Slurpuff
|-damage|p2a: Slurpuff|87/100
|-damage|p2a: Slurpuff|60/100
|-damage|p2a: Slurpuff|20/100
|-enditem|p2a: Slurpuff|Aguav Berry|[eat]
|-heal|p2a: Slurpuff|53/100|[from] item: Aguav Berry
|-hitcount|p2a: Slurpuff|3
|move|p2a: Slurpuff|Drain Punch|p1a: Weavile
|-supereffective|p1a: Weavile
|-damage|p1a: Weavile|0 fnt
|-heal|p2a: Slurpuff|99/100|[from] drain|[of] p1a: Weavile
|faint|p1a: Weavile
|
|upkeep
|
|t:|1663746297
|switch|p1a: Slowbro|Slowbro, M|100/100
|turn|37
|
|t:|1663746306
|move|p2a: Slurpuff|Substitute|p2a: Slurpuff
|-start|p2a: Slurpuff|Substitute
|-damage|p2a: Slurpuff|74/100
|move|p1a: Slowbro|Future Sight|p2a: Slurpuff
|-start|p1a: Slowbro|move: Future Sight
|
|upkeep
|turn|38
|
|t:|1663746310
|move|p2a: Slurpuff|Belly Drum|p2a: Slurpuff
|-damage|p2a: Slurpuff|24/100
|-setboost|p2a: Slurpuff|atk|6|[from] move: Belly Drum
|move|p1a: Slowbro|Teleport|p1a: Slowbro
|
|t:|1663746315
|switch|p1a: Tornadus|Tornadus-Therian, M|91/100|[from]move: Teleport
|
|upkeep
|turn|39
|
|t:|1663746319
|switch|p1a: Slowbro|Slowbro, M|100/100
|move|p2a: Slurpuff|Play Rough|p1a: Slowbro
|-damage|p1a: Slowbro|15/100
|
|-end|p2a: Slurpuff|move: Future Sight
|-end|p2a: Slurpuff|Substitute
|upkeep
|turn|40
|-message|drop a baby forfeited.
|
|win|CokoiZ
|raw|drop a baby's rating: 1647 &rarr; <strong>1621</strong><br />(-26 for losing)
|raw|CokoiZ's rating: 1545 &rarr; <strong>1571</strong><br />(+26 for winning)
|l|☆drop a baby
