|j|☆had sweep
|j|☆quixana
|t:|1667695517
|gametype|singles
|player|p1|had sweep|swimmer-gen4|1720
|player|p2|quixana|ethan-pokeathlon|1791
|teamsize|p1|6
|teamsize|p2|6
|gen|8
|tier|[Gen 8] OU
|rated|
|rule|Sleep Clause Mod: Limit one foe put to sleep
|rule|Species Clause: Limit one of each Pokémon
|rule|OHKO Clause: OHKO moves are banned
|rule|Evasion Items Clause: Evasion items are banned
|rule|Evasion Moves Clause: Evasion moves are banned
|rule|Endless Battle Clause: Forcing endless battles is banned
|rule|HP Percentage Mod: HP is shown in percentages
|rule|Dynamax Clause: You cannot dynamax
|clearpoke
|poke|p1|Heatran, F|
|poke|p1|Metagross|
|poke|p1|Tapu Bulu|
|poke|p1|Toxapex, M|
|poke|p1|Landorus-Therian, M|
|poke|p1|Hydreigon, M|
|poke|p2|Slowking-Galar, F|
|poke|p2|Tapu Koko|
|poke|p2|Hippowdon, M|
|poke|p2|Urshifu-*, M|
|poke|p2|Hydreigon, F|
|poke|p2|Corviknight, F|
|teampreview
|inactive|Battle timer is ON: inactive players will automatically lose when time's up. (requested by had sweep)
|inactive|had sweep has 120 seconds left.
|inactive|quixana has 120 seconds left.
|j| BabyPigsAreLaughin
|inactive|had sweep has 90 seconds left.
|inactive|quixana has 90 seconds left.
|
|t:|1667695583
|start
|switch|p1a: Tapu Bulu|Tapu Bulu|100/100
|switch|p2a: Tapu Koko|Tapu Koko|100/100
|-fieldstart|move: Electric Terrain|[from] ability: Electric Surge|[of] p2a: Tapu Koko
|-fieldstart|move: Grassy Terrain|[from] ability: Grassy Surge|[of] p1a: Tapu Bulu
|turn|1
|
|t:|1667695596
|move|p2a: Tapu Koko|Volt Switch|p1a: Tapu Bulu
|-resisted|p1a: Tapu Bulu
|-crit|p1a: Tapu Bulu
|-damage|p1a: Tapu Bulu|77/100
|
|t:|1667695599
|switch|p2a: Slowking|Slowking-Galar, F|100/100|[from]move: Volt Switch
|move|p1a: Tapu Bulu|Close Combat|p2a: Slowking
|-resisted|p2a: Slowking
|-damage|p2a: Slowking|92/100
|-unboost|p1a: Tapu Bulu|def|1
|-unboost|p1a: Tapu Bulu|spd|1
|
|-heal|p1a: Tapu Bulu|84/100|[from] Grassy Terrain
|-heal|p2a: Slowking|98/100|[from] Grassy Terrain
|upkeep
|turn|2
|
|t:|1667695606
|switch|p1a: Heatran|Heatran, F|100/100
|move|p2a: Slowking|Future Sight|p1a: Heatran
|-start|p2a: Slowking|move: Future Sight
|
|-heal|p2a: Slowking|100/100|[from] Grassy Terrain
|upkeep
|turn|3
|
|t:|1667695614
|switch|p2a: Hippowdon|Hippowdon, M|100/100
|-weather|Sandstorm|[from] ability: Sand Stream|[of] p2a: Hippowdon
|move|p1a: Heatran|Magma Storm|p2a: Hippowdon|[miss]
|-miss|p1a: Heatran|p2a: Hippowdon
|
|-weather|Sandstorm|[upkeep]
|upkeep
|turn|4
|
|t:|1667695635
|switch|p1a: Hydreigon|Hydreigon, M|100/100
|move|p2a: Hippowdon|Stealth Rock|p1a: Hydreigon
|-sidestart|p1: had sweep|move: Stealth Rock
|
|-weather|Sandstorm|[upkeep]
|-damage|p1a: Hydreigon|94/100|[from] Sandstorm
|-end|p1a: Hydreigon|move: Future Sight
|-immune|p1a: Hydreigon
|upkeep
|turn|5
|inactive|quixana has 120 seconds left.
|
|t:|1667695660
|switch|p2a: Slowking|Slowking-Galar, F|100/100
|move|p1a: Hydreigon|U-turn|p2a: Slowking
|-crit|p2a: Slowking
|-damage|p2a: Slowking|83/100
|
|t:|1667695670
|switch|p1a: Landorus|Landorus-Therian, M|100/100|[from]move: U-turn
|-damage|p1a: Landorus|88/100|[from] Stealth Rock
|-ability|p1a: Landorus|Intimidate|boost
|-unboost|p2a: Slowking|atk|1
|
|-weather|Sandstorm|[upkeep]
|-damage|p2a: Slowking|77/100|[from] Sandstorm
|-heal|p1a: Landorus|94/100|[from] item: Leftovers
|-heal|p2a: Slowking|83/100|[from] Grassy Terrain
|upkeep
|turn|6
|j| 0SiegeWarfare
|
|t:|1667695674
|move|p1a: Landorus|Stealth Rock|p2a: Slowking
|-sidestart|p2: quixana|move: Stealth Rock
|move|p2a: Slowking|Ice Beam|p1a: Landorus
|-supereffective|p1a: Landorus
|-damage|p1a: Landorus|31/100
|-status|p1a: Landorus|frz
|
|-weather|Sandstorm|[upkeep]
|-damage|p2a: Slowking|77/100|[from] Sandstorm
|-heal|p1a: Landorus|37/100 frz|[from] item: Leftovers
|-heal|p2a: Slowking|83/100|[from] Grassy Terrain
|upkeep
|turn|7
|
|t:|1667695687
|cant|p1a: Landorus|frz
|move|p2a: Slowking|Future Sight|p1a: Landorus
|-start|p2a: Slowking|move: Future Sight
|
|-weather|none
|-heal|p1a: Landorus|43/100 frz|[from] item: Leftovers
|-heal|p2a: Slowking|89/100|[from] Grassy Terrain
|upkeep
|turn|8
|j| GoldenTTRex1
|c| 0SiegeWarfare|..
|
|t:|1667695692
|cant|p1a: Landorus|frz
|move|p2a: Slowking|Ice Beam|p1a: Landorus
|-supereffective|p1a: Landorus
|-damage|p1a: Landorus|0 fnt
|faint|p1a: Landorus
|
|-heal|p2a: Slowking|95/100|[from] Grassy Terrain
|-fieldend|move: Grassy Terrain
|upkeep
|
|t:|1667695695
|switch|p1a: Heatran|Heatran, F|100/100
|-damage|p1a: Heatran|88/100|[from] Stealth Rock
|turn|9
|c|☆had sweep|what
|
|t:|1667695703
|switch|p2a: Hippowdon|Hippowdon, M|100/100
|-damage|p2a: Hippowdon|94/100|[from] Stealth Rock
|-weather|Sandstorm|[from] ability: Sand Stream|[of] p2a: Hippowdon
|move|p1a: Heatran|Magma Storm|p2a: Hippowdon|[miss]
|-miss|p1a: Heatran|p2a: Hippowdon
|
|-weather|Sandstorm|[upkeep]
|-end|p1a: Heatran|move: Future Sight
|-resisted|p1a: Heatran
|-damage|p1a: Heatran|76/100
|-heal|p2a: Hippowdon|100/100|[from] item: Leftovers
|upkeep
|turn|10
|-message|had sweep forfeited.
|
|win|quixana
|raw|had sweep's rating: 1720 &rarr; <strong>1704</strong><br />(-16 for losing)
|raw|quixana's rating: 1791 &rarr; <strong>1807</strong><br />(+16 for winning)
|l|☆had sweep
|c| 0SiegeWarfare|that freeze...
|c| BabyPigsAreLaughin|You know he's mad.
|c|☆quixana|def lucky on my part
|c|☆quixana|but keeping lando in
|c|☆quixana|was risky
|c| 0SiegeWarfare|YE
|l| 0SiegeWarfare
||Ladder isn't responding, score probably updated but might not have (Request timeout).
