|html|<div class="broadcast-blue"><strong>[Gen 8] OU is currently suspecting Melmetal! For information on how to participate check out the <a href="https://www.smogon.com/forums/threads/np-ss-ou-suspect-process-round-12-monster-mash.3709234/">suspect thread</a>.</strong></div>
|j|☆Huskothy
|j|☆Steez Ibanez
|t:|1666239206
|gametype|singles
|player|p1|Huskothy|lucas|1798
|player|p2|Steez Ibanez|acetrainer-gen7|1898
|teamsize|p1|6
|teamsize|p2|6
|gen|8
|tier|[Gen 8] OU
|rated|
|rule|Sleep Clause Mod: Limit one foe put to sleep
|rule|Species Clause: Limit one of each Pokémon
|rule|OHKO Clause: OHKO moves are banned
|rule|Evasion Items Clause: Evasion items are banned
|rule|Evasion Moves Clause: Evasion moves are banned
|rule|Endless Battle Clause: Forcing endless battles is banned
|rule|HP Percentage Mod: HP is shown in percentages
|rule|Dynamax Clause: You cannot dynamax
|clearpoke
|poke|p1|Swampert, M|
|poke|p1|Obstagoon, F|
|poke|p1|Landorus-Therian, M|
|poke|p1|Regieleki|
|poke|p1|Ferrothorn, F|
|poke|p1|Clefable, F|
|poke|p2|Clefable, M|
|poke|p2|Zapdos-Galar|
|poke|p2|Tapu Koko|
|poke|p2|Melmetal|
|poke|p2|Garchomp, M|
|poke|p2|Ferrothorn, M|
|teampreview
|
|t:|1666239215
|start
|switch|p1a: Regieleki|Regieleki|100/100
|switch|p2a: Samehada|Garchomp, M|100/100
|turn|1
|
|t:|1666239223
|switch|p1a: Landorus|Landorus-Therian, M|100/100
|-ability|p1a: Landorus|Intimidate|boost
|-unboost|p2a: Samehada|atk|1
|move|p2a: Samehada|Stealth Rock|p1a: Landorus
|-sidestart|p1: Huskothy|move: Stealth Rock
|
|upkeep
|turn|2
|
|t:|1666239225
|move|p2a: Samehada|Toxic|p1a: Landorus
|-status|p1a: Landorus|tox
|move|p1a: Landorus|Stealth Rock|p2a: Samehada
|-sidestart|p2: Steez Ibanez|move: Stealth Rock
|
|-damage|p1a: Landorus|94/100 tox|[from] psn
|upkeep
|turn|3
|
|t:|1666239228
|switch|p2a: Abomination|Ferrothorn, M|100/100
|-damage|p2a: Abomination|95/100|[from] Stealth Rock
|move|p1a: Landorus|U-turn|p2a: Abomination
|-damage|p2a: Abomination|82/100
|-damage|p1a: Landorus|82/100 tox|[from] ability: Iron Barbs|[of] p2a: Abomination
|-damage|p1a: Landorus|66/100 tox|[from] item: Rocky Helmet|[of] p2a: Abomination
|j| blisc
|
|t:|1666239239
|switch|p1a: Swampert|Swampert, M|100/100|[from]move: U-turn
|-damage|p1a: Swampert|94/100|[from] Stealth Rock
|
|-heal|p1a: Swampert|100/100|[from] item: Leftovers
|upkeep
|turn|4
|
|t:|1666239241
|move|p1a: Swampert|Substitute|p1a: Swampert
|-start|p1a: Swampert|Substitute
|-damage|p1a: Swampert|75/100
|move|p2a: Abomination|Knock Off|p1a: Swampert
|-activate|p1a: Swampert|move: Substitute|[damage]
|
|-heal|p1a: Swampert|82/100|[from] item: Leftovers
|upkeep
|turn|5
|
|t:|1666239245
|move|p1a: Swampert|Bulk Up|p1a: Swampert
|-boost|p1a: Swampert|atk|1
|-boost|p1a: Swampert|def|1
|move|p2a: Abomination|Knock Off|p1a: Swampert
|-end|p1a: Swampert|Substitute
|
|-heal|p1a: Swampert|88/100|[from] item: Leftovers
|upkeep
|turn|6
|
|t:|1666239251
|switch|p2a: Kenny Omega|Zapdos-Galar|100/100
|-damage|p2a: Kenny Omega|88/100|[from] Stealth Rock
|move|p1a: Swampert|Substitute|p1a: Swampert
|-start|p1a: Swampert|Substitute
|-damage|p1a: Swampert|63/100
|
|-heal|p1a: Swampert|69/100|[from] item: Leftovers
|upkeep
|turn|7
|
|t:|1666239256
|move|p2a: Kenny Omega|Thunderous Kick|p1a: Swampert
|-end|p1a: Swampert|Substitute
|move|p1a: Swampert|Bulk Up|p1a: Swampert
|-boost|p1a: Swampert|atk|1
|-boost|p1a: Swampert|def|1
|
|-heal|p1a: Swampert|75/100|[from] item: Leftovers
|upkeep
|turn|8
|
|t:|1666239259
|move|p2a: Kenny Omega|Thunderous Kick|p1a: Swampert
|-damage|p1a: Swampert|41/100
|-unboost|p1a: Swampert|def|1
|move|p1a: Swampert|Liquidation|p2a: Kenny Omega
|-damage|p2a: Kenny Omega|2/100
|
|-heal|p1a: Swampert|47/100|[from] item: Leftovers
|upkeep
|turn|9
|
|t:|1666239265
|switch|p1a: Clefable|Clefable, F|100/100
|move|p2a: Kenny Omega|Thunderous Kick|p1a: Clefable
|-resisted|p1a: Clefable
|-damage|p1a: Clefable|70/100
|-unboost|p1a: Clefable|def|1
|-damage|p2a: Kenny Omega|0 fnt|[from] item: Rocky Helmet|[of] p1a: Clefable
|faint|p2a: Kenny Omega
|
|upkeep
|
|t:|1666239270
|switch|p2a: Luke Cage|Melmetal|100/100
|-damage|p2a: Luke Cage|94/100|[from] Stealth Rock
|turn|10
|
|t:|1666239274
|switch|p1a: Ferrothorn|Ferrothorn, F|100/100
|-damage|p1a: Ferrothorn|94/100|[from] Stealth Rock
|move|p2a: Luke Cage|Double Iron Bash|p1a: Ferrothorn
|-resisted|p1a: Ferrothorn
|-damage|p1a: Ferrothorn|80/100
|-activate|p1a: Ferrothorn|ability: Iron Barbs
|-activate|p2a: Luke Cage|item: Protective Pads
|-resisted|p1a: Ferrothorn
|-damage|p1a: Ferrothorn|66/100
|-activate|p1a: Ferrothorn|ability: Iron Barbs
|-activate|p2a: Luke Cage|item: Protective Pads
|-hitcount|p1a: Ferrothorn|2
|
|upkeep
|turn|11
|
|t:|1666239279
|move|p2a: Luke Cage|Double Iron Bash|p1a: Ferrothorn
|-resisted|p1a: Ferrothorn
|-damage|p1a: Ferrothorn|53/100
|-activate|p1a: Ferrothorn|ability: Iron Barbs
|-activate|p2a: Luke Cage|item: Protective Pads
|-resisted|p1a: Ferrothorn
|-damage|p1a: Ferrothorn|41/100
|-activate|p1a: Ferrothorn|ability: Iron Barbs
|-activate|p2a: Luke Cage|item: Protective Pads
|-hitcount|p1a: Ferrothorn|2
|move|p1a: Ferrothorn|Leech Seed|p2a: Luke Cage
|-start|p2a: Luke Cage|move: Leech Seed
|
|-damage|p2a: Luke Cage|82/100|[from] Leech Seed|[of] p1a: Ferrothorn
|-heal|p1a: Ferrothorn|56/100|[silent]
|upkeep
|turn|12
|
|t:|1666239285
|switch|p2a: Majinn|Clefable, M|100/100
|move|p1a: Ferrothorn|Body Press|p2a: Majinn
|-resisted|p2a: Majinn
|-damage|p2a: Majinn|87/100
|
|upkeep
|turn|13
|
|t:|1666239289
|move|p2a: Majinn|Trick|p1a: Ferrothorn
|-activate|p2a: Majinn|move: Trick|[of] p1a: Ferrothorn
|-item|p1a: Ferrothorn|Sticky Barb|[from] move: Trick
|-item|p2a: Majinn|Chople Berry|[from] move: Trick
|move|p1a: Ferrothorn|Spikes|p2a: Majinn
|-sidestart|p2: Steez Ibanez|Spikes
|
|-damage|p1a: Ferrothorn|43/100|[from] item: Sticky Barb
|upkeep
|turn|14
|
|t:|1666239300
|switch|p2a: Luke Cage|Melmetal|82/100
|-damage|p2a: Luke Cage|76/100|[from] Stealth Rock
|-damage|p2a: Luke Cage|63/100|[from] Spikes
|switch|p1a: Regieleki|Regieleki|100/100
|
|upkeep
|turn|15
|
|t:|1666239303
|move|p1a: Regieleki|Volt Switch|p2a: Luke Cage
|-damage|p2a: Luke Cage|21/100
|
|t:|1666239305
|switch|p1a: Ferrothorn|Ferrothorn, F|43/100|[from]move: Volt Switch
|-damage|p1a: Ferrothorn|37/100|[from] Stealth Rock
|move|p2a: Luke Cage|Double Iron Bash|p1a: Ferrothorn
|-resisted|p1a: Ferrothorn
|-damage|p1a: Ferrothorn|24/100
|-activate|p1a: Ferrothorn|ability: Iron Barbs
|-activate|p2a: Luke Cage|item: Protective Pads
|-resisted|p1a: Ferrothorn
|-damage|p1a: Ferrothorn|11/100
|-activate|p1a: Ferrothorn|ability: Iron Barbs
|-activate|p2a: Luke Cage|item: Protective Pads
|-hitcount|p1a: Ferrothorn|2
|
|-damage|p1a: Ferrothorn|0 fnt|[from] item: Sticky Barb
|faint|p1a: Ferrothorn
|upkeep
|
|t:|1666239310
|switch|p1a: Swampert|Swampert, M|47/100
|-damage|p1a: Swampert|41/100|[from] Stealth Rock
|turn|16
|
|t:|1666239314
|switch|p2a: Samehada|Garchomp, M|100/100
|-damage|p2a: Samehada|94/100|[from] Stealth Rock
|-damage|p2a: Samehada|82/100|[from] Spikes
|move|p1a: Swampert|Earthquake|p2a: Samehada
|-damage|p2a: Samehada|47/100
|
|-heal|p2a: Samehada|53/100|[from] item: Leftovers
|-heal|p1a: Swampert|47/100|[from] item: Leftovers
|upkeep
|turn|17
|
|t:|1666239317
|switch|p1a: Landorus|Landorus-Therian, M|66/100 tox
|-damage|p1a: Landorus|53/100 tox|[from] Stealth Rock
|-ability|p1a: Landorus|Intimidate|boost
|-unboost|p2a: Samehada|atk|1
|move|p2a: Samehada|Earthquake|p1a: Landorus
|-immune|p1a: Landorus
|
|-heal|p2a: Samehada|59/100|[from] item: Leftovers
|-heal|p1a: Landorus|59/100 tox|[from] item: Leftovers
|-damage|p1a: Landorus|53/100 tox|[from] psn
|upkeep
|turn|18
|
|t:|1666239320
|switch|p1a: Obstagoon|Obstagoon, F|100/100
|-damage|p1a: Obstagoon|88/100|[from] Stealth Rock
|move|p2a: Samehada|Protect||[still]
|-fail|p2a: Samehada
|
|-heal|p2a: Samehada|65/100|[from] item: Leftovers
|-status|p1a: Obstagoon|brn|[from] item: Flame Orb
|upkeep
|turn|19
|
|t:|1666239326
|move|p1a: Obstagoon|Switcheroo|p2a: Samehada
|-activate|p1a: Obstagoon|move: Trick|[of] p2a: Samehada
|-item|p2a: Samehada|Flame Orb|[from] move: Switcheroo
|-item|p1a: Obstagoon|Leftovers|[from] move: Switcheroo
|move|p2a: Samehada|Earthquake|p1a: Obstagoon
|-crit|p1a: Obstagoon
|-damage|p1a: Obstagoon|16/100 brn
|
|-heal|p1a: Obstagoon|23/100 brn|[from] item: Leftovers
|-damage|p1a: Obstagoon|16/100 brn|[from] brn
|-status|p2a: Samehada|brn|[from] item: Flame Orb
|upkeep
|turn|20
|
|t:|1666239336
|move|p1a: Obstagoon|Parting Shot|p2a: Samehada
|-unboost|p2a: Samehada|atk|1
|-unboost|p2a: Samehada|spa|1
|
|t:|1666239340
|switch|p1a: Clefable|Clefable, F|70/100|[from]move: Parting Shot
|move|p2a: Samehada|Earthquake|p1a: Clefable
|-damage|p1a: Clefable|60/100
|
|-damage|p2a: Samehada|59/100 brn|[from] brn
|upkeep
|turn|21
|
|t:|1666239348
|switch|p2a: Luke Cage|Melmetal|21/100
|-damage|p2a: Luke Cage|15/100|[from] Stealth Rock
|-damage|p2a: Luke Cage|3/100|[from] Spikes
|move|p1a: Clefable|Soft-Boiled|p1a: Clefable
|-heal|p1a: Clefable|100/100
|
|upkeep
|turn|22
|
|t:|1666239350
|move|p1a: Clefable|Moonblast|p2a: Luke Cage
|-resisted|p2a: Luke Cage
|-damage|p2a: Luke Cage|0 fnt
|faint|p2a: Luke Cage
|
|upkeep
|
|t:|1666239355
|switch|p2a: Abomination|Ferrothorn, M|82/100
|-damage|p2a: Abomination|76/100|[from] Stealth Rock
|-damage|p2a: Abomination|63/100|[from] Spikes
|turn|23
|
|t:|1666239359
|move|p1a: Clefable|Moonblast|p2a: Abomination
|-resisted|p2a: Abomination
|-damage|p2a: Abomination|50/100
|move|p2a: Abomination|Knock Off|p1a: Clefable
|-resisted|p1a: Clefable
|-damage|p1a: Clefable|92/100
|-damage|p2a: Abomination|33/100|[from] item: Rocky Helmet|[of] p1a: Clefable
|-enditem|p1a: Clefable|Rocky Helmet|[from] move: Knock Off|[of] p2a: Abomination
|
|upkeep
|turn|24
|
|t:|1666239362
|move|p1a: Clefable|Moonblast|p2a: Abomination
|-resisted|p2a: Abomination
|-damage|p2a: Abomination|19/100
|move|p2a: Abomination|Gyro Ball|p1a: Clefable
|-supereffective|p1a: Clefable
|-crit|p1a: Clefable
|-damage|p1a: Clefable|1/100
|
|upkeep
|turn|25
|
|t:|1666239365
|move|p1a: Clefable|Healing Wish|p1a: Clefable
|faint|p1a: Clefable
|move|p2a: Abomination|Gyro Ball|p1: Clefable|[notarget]
|-fail|p2a: Abomination
|
|upkeep
|
|t:|1666239367
|switch|p1a: Swampert|Swampert, M|47/100
|-heal|p1a: Swampert|100/100|[from] move: Healing Wish
|-damage|p1a: Swampert|94/100|[from] Stealth Rock
|turn|26
|
|t:|1666239370
|switch|p2a: Majinn|Clefable, M|87/100
|move|p1a: Swampert|Substitute|p1a: Swampert
|-start|p1a: Swampert|Substitute
|-damage|p1a: Swampert|69/100
|
|-heal|p1a: Swampert|75/100|[from] item: Leftovers
|upkeep
|turn|27
|
|t:|1666239373
|move|p1a: Swampert|Bulk Up|p1a: Swampert
|-boost|p1a: Swampert|atk|1
|-boost|p1a: Swampert|def|1
|move|p2a: Majinn|Moonblast|p1a: Swampert
|-end|p1a: Swampert|Substitute
|
|-heal|p1a: Swampert|82/100|[from] item: Leftovers
|upkeep
|turn|28
|
|t:|1666239375
|move|p1a: Swampert|Earthquake|p2a: Majinn
|-damage|p2a: Majinn|22/100
|move|p2a: Majinn|Moonblast|p1a: Swampert
|-damage|p1a: Swampert|51/100
|
|-heal|p1a: Swampert|57/100|[from] item: Leftovers
|upkeep
|turn|29
|
|t:|1666239377
|move|p1a: Swampert|Earthquake|p2a: Majinn
|-damage|p2a: Majinn|0 fnt
|faint|p2a: Majinn
|
|-heal|p1a: Swampert|64/100|[from] item: Leftovers
|upkeep
|
|t:|1666239379
|switch|p2a: Samehada|Garchomp, M|59/100 brn
|-damage|p2a: Samehada|53/100 brn|[from] Stealth Rock
|-damage|p2a: Samehada|41/100 brn|[from] Spikes
|turn|30
|
|t:|1666239381
|move|p2a: Samehada|Toxic|p1a: Swampert
|-status|p1a: Swampert|tox
|move|p1a: Swampert|Earthquake|p2a: Samehada
|-damage|p2a: Samehada|0 fnt
|faint|p2a: Samehada
|
|-heal|p1a: Swampert|70/100 tox|[from] item: Leftovers
|-damage|p1a: Swampert|64/100 tox|[from] psn
|upkeep
|
|t:|1666239393
|switch|p2a: Abomination|Ferrothorn, M|19/100
|-damage|p2a: Abomination|13/100|[from] Stealth Rock
|-damage|p2a: Abomination|1/100|[from] Spikes
|turn|31
|
|t:|1666239395
|move|p1a: Swampert|Earthquake|p2a: Abomination
|-damage|p2a: Abomination|0 fnt
|faint|p2a: Abomination
|
|-heal|p1a: Swampert|70/100 tox|[from] item: Leftovers
|-damage|p1a: Swampert|57/100 tox|[from] psn
|upkeep
|
|t:|1666239397
|switch|p2a: Birdman|Tapu Koko|100/100
|-damage|p2a: Birdman|88/100|[from] Stealth Rock
|-damage|p2a: Birdman|76/100|[from] Spikes
|-fieldstart|move: Electric Terrain|[from] ability: Electric Surge|[of] p2a: Birdman
|turn|32
|
|t:|1666239399
|move|p2a: Birdman|Dazzling Gleam|p1a: Swampert
|-crit|p1a: Swampert
|-damage|p1a: Swampert|0 fnt
|faint|p1a: Swampert
|
|upkeep
|
|t:|1666239402
|switch|p1a: Regieleki|Regieleki|100/100
|turn|33
|
|t:|1666239404
|move|p1a: Regieleki|Volt Switch|p2a: Birdman
|-resisted|p2a: Birdman
|-damage|p2a: Birdman|28/100
|
|t:|1666239406
|switch|p1a: Obstagoon|Obstagoon, F|16/100 brn|[from]move: Volt Switch
|-damage|p1a: Obstagoon|4/100 brn|[from] Stealth Rock
|move|p2a: Birdman|Dazzling Gleam|p1a: Obstagoon
|-supereffective|p1a: Obstagoon
|-damage|p1a: Obstagoon|0 fnt
|faint|p1a: Obstagoon
|
|upkeep
|
|t:|1666239407
|switch|p1a: Regieleki|Regieleki|100/100
|turn|34
|c|☆Huskothy|gg
|
|t:|1666239410
|move|p1a: Regieleki|Thunderbolt|p2a: Birdman
|-resisted|p2a: Birdman
|-damage|p2a: Birdman|0 fnt
|faint|p2a: Birdman
|
|win|Huskothy
|raw|Huskothy's rating: 1798 &rarr; <strong>1824</strong><br />(+26 for winning)
|raw|Steez Ibanez's rating: 1911 &rarr; <strong>1885</strong><br />(-26 for losing)
|c|☆Steez Ibanez|gg
|l|☆Steez Ibanez
