|j|☆aired out
|j|☆xSkelly34
|inactive|Battle timer is ON: inactive players will automatically lose when time's up.
|t:|1652496021
|gametype|singles
|player|p1|aired out|flannery|
|player|p2|xSkelly34|bugsy|
|teamsize|p1|6
|teamsize|p2|6
|gen|8
|tier|[Gen 8] OU
|rated|Tournament battle
|rule|Sleep Clause Mod: Limit one foe put to sleep
|rule|Species Clause: Limit one of each Pokémon
|rule|OHKO Clause: OHKO moves are banned
|rule|Evasion Moves Clause: Evasion moves are banned
|rule|Endless Battle Clause: Forcing endless battles is banned
|rule|HP Percentage Mod: HP is shown in percentages
|rule|Dynamax Clause: You cannot dynamax
|clearpoke
|poke|p1|Gengar, F|
|poke|p1|Dragapult, M|
|poke|p1|Corviknight, M|
|poke|p1|Landorus-Therian, M|
|poke|p1|Toxapex, M|
|poke|p1|Weavile, M|
|poke|p2|Zeraora|
|poke|p2|Buzzwole|
|poke|p2|Landorus-Therian, M|
|poke|p2|Heatran, F|
|poke|p2|Weavile, M|
|poke|p2|Slowking, M|
|teampreview
|j|*Lady Monita ✿
|j| BB-8-NU
|j|+Some Thug@!
|j| UnzipsCrogre
|j| SeenTHroughCracks
|j| fearlessgod
|j| ubers D RANK
|j| i got the spirit
|j| SkittyAdam
|j| Knopper
|j| JJ09LIE
|j| PokeArt2004❤
|j| stopgap
|
|t:|1652496047
|start
|switch|p1a: Dragapult|Dragapult, M|100/100
|switch|p2a: Weavile|Weavile, M|100/100
|-ability|p2a: Weavile|Pressure
|turn|1
|j|+Goro Yagami
|l|+Goro Yagami
|j| Casual❊dot❊exe
|
|t:|1652496059
|switch|p2a: Heatran|Heatran, F|100/100
|move|p1a: Dragapult|U-turn|p2a: Heatran
|-resisted|p2a: Heatran
|-damage|p2a: Heatran|97/100
|
|t:|1652496063
|switch|p1a: Landorus|Landorus-Therian, M|100/100|[from]move: U-turn
|-ability|p1a: Landorus|Intimidate|boost
|-unboost|p2a: Heatran|atk|1
|
|-heal|p2a: Heatran|100/100|[from] item: Leftovers
|upkeep
|turn|2
|j| TheKingOfToast
|l| Casual❊dot❊exe
|j|@sirmrwhale
|j| L2p lucario
|l| L2p lucario
|l|+Some Thug
|j| Casual❊dot❊exe
|j| yoshida yuuko
|inactive|xSkelly34 has 120 seconds left.
|
|t:|1652496095
|switch|p2a: Landorus|Landorus-Therian, M|100/100
|-ability|p2a: Landorus|Intimidate|boost
|-unboost|p1a: Landorus|atk|1
|move|p1a: Landorus|Stealth Rock|p2a: Landorus
|-sidestart|p2: xSkelly34|move: Stealth Rock
|
|upkeep
|turn|3
|
|t:|1652496101
|move|p1a: Landorus|Toxic|p2a: Landorus
|-status|p2a: Landorus|tox
|move|p2a: Landorus|Toxic|p1a: Landorus|[miss]
|-miss|p2a: Landorus|p1a: Landorus
|
|-damage|p2a: Landorus|94/100 tox|[from] psn
|upkeep
|turn|4
|j|+Fragments
|j| Flow of Laminar
|j| beautifications
|j| team charm
|j| bergenser
|
|t:|1652496113
|move|p1a: Landorus|U-turn|p2a: Landorus
|-resisted|p2a: Landorus
|-damage|p2a: Landorus|88/100 tox
|l| SkittyAdam
|
|t:|1652496116
|switch|p1a: Corviknight|Corviknight, M|100/100|[from]move: U-turn
|-ability|p1a: Corviknight|Pressure
|move|p2a: Landorus|Defog|p1a: Corviknight
|-unboost|p1a: Corviknight|evasion|1
|-sideend|p2: xSkelly34|Stealth Rock|[from] move: Defog|[of] p2a: Landorus
|
|-heal|p2a: Landorus|94/100 tox|[from] item: Leftovers
|-damage|p2a: Landorus|82/100 tox|[from] psn
|upkeep
|turn|5
|l|+Fragments
|j| Blitzburgh
|inactive|xSkelly34 has 120 seconds left.
|j| gokupichu
|
|t:|1652496145
|move|p2a: Landorus|U-turn|p1a: Corviknight
|-resisted|p1a: Corviknight
|-damage|p1a: Corviknight|97/100
|inactive|xSkelly34 has 120 seconds left.
|
|t:|1652496151
|switch|p2a: Zeraora|Zeraora|100/100|[from]move: U-turn
|move|p1a: Corviknight|U-turn|p2a: Zeraora
|-damage|p2a: Zeraora|80/100
|l| beautifications
|
|t:|1652496154
|switch|p1a: Landorus|Landorus-Therian, M|100/100|[from]move: U-turn
|-ability|p1a: Landorus|Intimidate|boost
|-unboost|p2a: Zeraora|atk|1
|
|upkeep
|turn|6
|j| reje
|l| team charm
|c| fearlessgod|i like xskelly team but vs rain dance team she had no chances
|inactive|xSkelly34 has 120 seconds left.
|j| Bernal2890
|
|t:|1652496179
|switch|p2a: Landorus|Landorus-Therian, M|82/100 tox
|-ability|p2a: Landorus|Intimidate|boost
|-unboost|p1a: Landorus|atk|1
|move|p1a: Landorus|Toxic|p2a: Landorus
|-fail|p2a: Landorus|tox
|
|-heal|p2a: Landorus|88/100 tox|[from] item: Leftovers
|-damage|p2a: Landorus|82/100 tox|[from] psn
|upkeep
|turn|7
|inactive|xSkelly34 has 120 seconds left.
|
|t:|1652496185
|move|p1a: Landorus|U-turn|p2a: Landorus
|-resisted|p2a: Landorus
|-damage|p2a: Landorus|75/100 tox
|l| Bernal2890
|
|t:|1652496188
|switch|p1a: Corviknight|Corviknight, M|97/100|[from]move: U-turn
|-ability|p1a: Corviknight|Pressure
|move|p2a: Landorus|U-turn|p1a: Corviknight
|-resisted|p1a: Corviknight
|-damage|p1a: Corviknight|94/100
|c| reje|pls dont lose to this balloonhead skelly
|
|t:|1652496192
|switch|p2a: Zeraora|Zeraora|80/100|[from]move: U-turn
|
|-heal|p1a: Corviknight|99/100|[from] item: Leftovers
|upkeep
|turn|8
|j| ShamuLamu
|
|t:|1652496196
|move|p2a: Zeraora|Knock Off|p1a: Corviknight
|-damage|p1a: Corviknight|79/100
|-enditem|p1a: Corviknight|Leftovers|[from] move: Knock Off|[of] p2a: Zeraora
|move|p1a: Corviknight|U-turn|p2a: Zeraora
|-damage|p2a: Zeraora|62/100
|l| ShamuLamu
|
|t:|1652496198
|switch|p1a: Landorus|Landorus-Therian, M|100/100|[from]move: U-turn
|-ability|p1a: Landorus|Intimidate|boost
|-unboost|p2a: Zeraora|atk|1
|
|upkeep
|turn|9
|
|t:|1652496205
|move|p2a: Zeraora|Knock Off|p1a: Landorus
|-damage|p1a: Landorus|79/100
|-enditem|p1a: Landorus|Leftovers|[from] move: Knock Off|[of] p2a: Zeraora
|move|p1a: Landorus|Stealth Rock|p2a: Zeraora
|-sidestart|p2: xSkelly34|move: Stealth Rock
|
|upkeep
|turn|10
|j| TGA
|
|t:|1652496209
|switch|p2a: Buzzwole|Buzzwole|100/100
|-damage|p2a: Buzzwole|88/100|[from] Stealth Rock
|move|p1a: Landorus|U-turn|p2a: Buzzwole
|-resisted|p2a: Buzzwole
|-damage|p2a: Buzzwole|81/100
|-damage|p1a: Landorus|63/100|[from] item: Rocky Helmet|[of] p2a: Buzzwole
|
|t:|1652496214
|switch|p1a: Gengar|Gengar, F|100/100|[from]move: U-turn
|
|upkeep
|turn|11
|
|t:|1652496232
|switch|p2a: Heatran|Heatran, F|100/100
|-damage|p2a: Heatran|88/100|[from] Stealth Rock
|move|p1a: Gengar|Shadow Ball|p2a: Heatran
|-damage|p2a: Heatran|51/100
|
|-heal|p2a: Heatran|57/100|[from] item: Leftovers
|upkeep
|turn|12
|j|+Fragments
|
|t:|1652496252
|move|p1a: Gengar|Shadow Ball|p2a: Heatran
|-damage|p2a: Heatran|19/100
|-unboost|p2a: Heatran|spd|1
|move|p2a: Heatran|Magma Storm|p1a: Gengar|[miss]
|-miss|p2a: Heatran|p1a: Gengar
|
|-heal|p2a: Heatran|26/100|[from] item: Leftovers
|upkeep
|turn|13
|l| yoshida yuuko
|
|t:|1652496268
|switch|p2a: Weavile|Weavile, M|100/100
|-ability|p2a: Weavile|Pressure
|move|p1a: Gengar|Shadow Ball|p2a: Weavile
|-resisted|p2a: Weavile
|-damage|p2a: Weavile|56/100
|
|upkeep
|turn|14
|c| i got the spirit|pain
|
|t:|1652496277
|switch|p1a: Toxapex|Toxapex, M|100/100
|move|p2a: Weavile|Swords Dance|p2a: Weavile
|-boost|p2a: Weavile|atk|2
|
|upkeep
|turn|15
|
|t:|1652496286
|move|p2a: Weavile|Knock Off|p1a: Toxapex
|-damage|p1a: Toxapex|41/100
|-enditem|p1a: Toxapex|Eject Button|[from] move: Knock Off|[of] p2a: Weavile
|move|p1a: Toxapex|Haze|p1a: Toxapex
|-clearallboost
|
|upkeep
|turn|16
|
|t:|1652496292
|switch|p2a: Slowking|Slowking, M|100/100
|move|p1a: Toxapex|Recover|p1a: Toxapex
|-heal|p1a: Toxapex|91/100
|
|upkeep
|turn|17
|
|t:|1652496303
|move|p1a: Toxapex|Knock Off|p2a: Slowking
|-supereffective|p2a: Slowking
|-damage|p2a: Slowking|70/100
|-enditem|p2a: Slowking|Heavy-Duty Boots|[from] move: Knock Off|[of] p1a: Toxapex
|move|p2a: Slowking|Future Sight|p1a: Toxapex
|-start|p2a: Slowking|move: Future Sight
|
|upkeep
|turn|18
|
|t:|1652496318
|move|p1a: Toxapex|Scald|p2a: Slowking
|-resisted|p2a: Slowking
|-damage|p2a: Slowking|65/100
|move|p2a: Slowking|Teleport|p2a: Slowking
|
|t:|1652496324
|switch|p2a: Zeraora|Zeraora|62/100|[from]move: Teleport
|
|upkeep
|turn|19
|j| yoshida yuuko
|
|t:|1652496352
|switch|p1a: Corviknight|Corviknight, M|79/100
|-ability|p1a: Corviknight|Pressure
|move|p2a: Zeraora|Bulk Up|p2a: Zeraora
|-boost|p2a: Zeraora|atk|1
|-boost|p2a: Zeraora|def|1
|
|-end|p1a: Corviknight|move: Future Sight
|-resisted|p1a: Corviknight
|-damage|p1a: Corviknight|60/100
|upkeep
|turn|20
|
|t:|1652496371
|move|p2a: Zeraora|Knock Off|p1a: Corviknight
|-damage|p1a: Corviknight|41/100
|move|p1a: Corviknight|U-turn|p2a: Zeraora
|-damage|p2a: Zeraora|49/100
|
|t:|1652496373
|switch|p1a: Landorus|Landorus-Therian, M|63/100|[from]move: U-turn
|-ability|p1a: Landorus|Intimidate|boost
|-unboost|p2a: Zeraora|atk|1
|
|upkeep
|turn|21
|
|t:|1652496380
|switch|p2a: Landorus|Landorus-Therian, M|75/100 tox
|-damage|p2a: Landorus|63/100 tox|[from] Stealth Rock
|-ability|p2a: Landorus|Intimidate|boost
|-unboost|p1a: Landorus|atk|1
|move|p1a: Landorus|Earthquake|p2a: Landorus
|-immune|p2a: Landorus
|
|-heal|p2a: Landorus|69/100 tox|[from] item: Leftovers
|-damage|p2a: Landorus|63/100 tox|[from] psn
|upkeep
|turn|22
|j|+Some Thug@!
|
|t:|1652496385
|move|p1a: Landorus|U-turn|p2a: Landorus
|-resisted|p2a: Landorus
|-damage|p2a: Landorus|56/100 tox
|
|t:|1652496391
|switch|p1a: Corviknight|Corviknight, M|41/100|[from]move: U-turn
|-ability|p1a: Corviknight|Pressure
|move|p2a: Landorus|Defog|p1a: Corviknight
|-unboost|p1a: Corviknight|evasion|1
|-sideend|p2: xSkelly34|Stealth Rock|[from] move: Defog|[of] p2a: Landorus
|
|-heal|p2a: Landorus|62/100 tox|[from] item: Leftovers
|-damage|p2a: Landorus|50/100 tox|[from] psn
|upkeep
|turn|23
|l|+Some Thug
|
|t:|1652496415
|switch|p2a: Heatran|Heatran, F|26/100
|move|p1a: Corviknight|U-turn|p2a: Heatran
|-resisted|p2a: Heatran
|-damage|p2a: Heatran|23/100
|
|t:|1652496417
|switch|p1a: Gengar|Gengar, F|100/100|[from]move: U-turn
|
|-heal|p2a: Heatran|29/100|[from] item: Leftovers
|upkeep
|turn|24
|inactive|xSkelly34 has 120 seconds left.
|
|t:|1652496443
|switch|p2a: Landorus|Landorus-Therian, M|50/100 tox
|-ability|p2a: Landorus|Intimidate|boost
|-unboost|p1a: Gengar|atk|1
|move|p1a: Gengar|Shadow Ball|p2a: Landorus
|-damage|p2a: Landorus|2/100 tox
|-unboost|p2a: Landorus|spd|1
|
|-heal|p2a: Landorus|8/100 tox|[from] item: Leftovers
|-damage|p2a: Landorus|2/100 tox|[from] psn
|upkeep
|turn|25
|
|t:|1652496446
|move|p1a: Gengar|Shadow Ball|p2a: Landorus
|-damage|p2a: Landorus|0 fnt
|faint|p2a: Landorus
|
|upkeep
|
|t:|1652496448
|switch|p2a: Weavile|Weavile, M|56/100
|-ability|p2a: Weavile|Pressure
|turn|26
|
|t:|1652496456
|switch|p2a: Slowking|Slowking, M|98/100
|switch|p1a: Toxapex|Toxapex, M|100/100
|
|upkeep
|turn|27
|
|t:|1652496462
|switch|p1a: Gengar|Gengar, F|100/100
|move|p2a: Slowking|Future Sight|p1a: Gengar
|-start|p2a: Slowking|move: Future Sight
|
|upkeep
|turn|28
|
|t:|1652496465
|move|p1a: Gengar|Shadow Ball|p2a: Slowking
|-supereffective|p2a: Slowking
|-damage|p2a: Slowking|24/100
|move|p2a: Slowking|Teleport|p2a: Slowking
|
|t:|1652496468
|switch|p2a: Weavile|Weavile, M|56/100|[from]move: Teleport
|-ability|p2a: Weavile|Pressure
|
|upkeep
|turn|29
|
|t:|1652496475
|switch|p1a: Corviknight|Corviknight, M|41/100
|-ability|p1a: Corviknight|Pressure
|move|p2a: Weavile|Knock Off|p1a: Corviknight
|-damage|p1a: Corviknight|21/100
|
|-end|p1a: Corviknight|move: Future Sight
|-resisted|p1a: Corviknight
|-damage|p1a: Corviknight|4/100
|upkeep
|turn|30
|
|t:|1652496499
|switch|p1a: Toxapex|Toxapex, M|100/100
|move|p2a: Weavile|Knock Off|p1a: Toxapex
|-damage|p1a: Toxapex|79/100
|
|upkeep
|turn|31
|
|t:|1652496512
|move|p2a: Weavile|Knock Off|p1a: Toxapex
|-crit|p1a: Toxapex
|-damage|p1a: Toxapex|47/100
|move|p1a: Toxapex|Scald|p2a: Weavile
|-damage|p2a: Weavile|30/100
|-status|p2a: Weavile|brn
|
|-damage|p2a: Weavile|24/100 brn|[from] brn
|upkeep
|turn|32
|-message|xSkelly34 forfeited.
|
|win|aired out
|n|☆aired out|airedout
|n|☆xSkelly34|xskelly34
|n|*Lady Monita ✿|ladymonita
|n| BB-8-NU|bb8nu
|n| UnzipsCrogre|unzipscrogre
|n| SeenTHroughCracks|seenthroughcracks
|n| fearlessgod|fearlessgod
|n| ubers D RANK|ubersdrank
|n| i got the spirit|igotthespirit
|n| Knopper|knopper
|n| JJ09LIE|jj09lie
|n| PokeArt2004❤|pokeart2004
|n| stopgap|stopgap
|n| TheKingOfToast|thekingoftoast
|n| sirmrwhale|sirmrwhale
|n| Casual❊dot❊exe|casualdotexe
|n| Flow of Laminar|flowoflaminar
|n| bergenser|bergenser
|n| Blitzburgh|blitzburgh
|n| gokupichu|gokupichu
|n| reje|reje
|n| TGA|tga
|n|+Fragments|fragments
|n| yoshida yuuko|yoshidayuuko
