|j|☆RaulGB44
|j|☆soap776
|t:|1652543024
|gametype|singles
|player|p1|RaulGB44|2|1594
|player|p2|soap776|nate|1623
|teamsize|p1|6
|teamsize|p2|6
|gen|8
|tier|[Gen 8] OU
|rated|
|rule|Sleep Clause Mod: Limit one foe put to sleep
|rule|Species Clause: Limit one of each Pokémon
|rule|OHKO Clause: OHKO moves are banned
|rule|Evasion Moves Clause: Evasion moves are banned
|rule|Endless Battle Clause: Forcing endless battles is banned
|rule|HP Percentage Mod: HP is shown in percentages
|rule|Dynamax Clause: You cannot dynamax
|clearpoke
|poke|p1|Tapu Fini|
|poke|p1|Nihilego|
|poke|p1|Mew|
|poke|p1|Landorus-Therian, M|
|poke|p1|Dragapult, F|
|poke|p1|Weavile, F|
|poke|p2|Tapu Lele|
|poke|p2|Kommo-o, M|
|poke|p2|Slowbro, F|
|poke|p2|Tornadus-Therian, M|
|poke|p2|Garchomp, F|
|poke|p2|Heatran, F|
|teampreview
|inactive|Battle timer is ON: inactive players will automatically lose when time's up. (requested by RaulGB44)
|
|t:|1652543030
|start
|switch|p1a: Mew|Mew|100/100
|switch|p2a: Heatran|Heatran, F|100/100
|turn|1
|
|t:|1652543035
|move|p1a: Mew|Taunt|p2a: Heatran
|-start|p2a: Heatran|move: Taunt
|cant|p2a: Heatran|move: Taunt|Stealth Rock
|
|upkeep
|turn|2
|
|t:|1652543040
|move|p1a: Mew|Spikes|p2a: Heatran
|-sidestart|p2: soap776|Spikes
|move|p2a: Heatran|Magma Storm|p1a: Mew|[miss]
|-miss|p2a: Heatran|p1a: Mew
|
|upkeep
|turn|3
|
|t:|1652543044
|move|p1a: Mew|Spikes|p2a: Heatran
|-sidestart|p2: soap776|Spikes
|move|p2a: Heatran|Magma Storm|p1a: Mew
|-damage|p1a: Mew|57/100
|-activate|p1a: Mew|move: Magma Storm|[of] p2a: Heatran
|-enditem|p1a: Mew|Red Card|[of] p2a: Heatran
|drag|p2a: Tornadus|Tornadus-Therian, M|100/100
|
|-end|p1a: Mew|Magma Storm|[partiallytrapped]|[silent]
|upkeep
|turn|4
|
|t:|1652543049
|move|p2a: Tornadus|Defog|p1a: Mew
|-unboost|p1a: Mew|evasion|1
|-sideend|p2: soap776|Spikes|[from] move: Defog|[of] p2a: Tornadus
|move|p1a: Mew|Taunt|p2a: Tornadus
|-start|p2a: Tornadus|move: Taunt
|
|upkeep
|turn|5
|
|t:|1652543060
|move|p2a: Tornadus|Hurricane|p1a: Mew
|-damage|p1a: Mew|16/100
|move|p1a: Mew|Spikes|p2a: Tornadus
|-sidestart|p2: soap776|Spikes
|
|upkeep
|turn|6
|
|t:|1652543072
|move|p2a: Tornadus|U-turn|p1a: Mew
|-supereffective|p1a: Mew
|-damage|p1a: Mew|0 fnt
|faint|p1a: Mew
|
|t:|1652543082
|switch|p2a: Heatran|Heatran, F|100/100|[from]move: U-turn
|-damage|p2a: Heatran|88/100|[from] Spikes
|
|-heal|p2a: Heatran|94/100|[from] item: Leftovers
|upkeep
|
|t:|1652543086
|switch|p1a: Landorus|Landorus-Therian, M|100/100
|-ability|p1a: Landorus|Intimidate|boost
|-unboost|p2a: Heatran|atk|1
|turn|7
|
|t:|1652543096
|switch|p2a: Slowbro|Slowbro, F|100/100
|move|p1a: Landorus|Earthquake|p2a: Slowbro
|-damage|p2a: Slowbro|54/100
|
|upkeep
|turn|8
|
|t:|1652543108
|switch|p1a: Tapu Fini|Tapu Fini|100/100
|-fieldstart|move: Misty Terrain|[from] ability: Misty Surge|[of] p1a: Tapu Fini
|move|p2a: Slowbro|Scald|p1a: Tapu Fini
|-resisted|p1a: Tapu Fini
|-crit|p1a: Tapu Fini
|-damage|p1a: Tapu Fini|84/100
|
|-heal|p1a: Tapu Fini|90/100|[from] item: Leftovers
|upkeep
|turn|9
|
|t:|1652543119
|switch|p2a: Tapu Lele|Tapu Lele|100/100
|-damage|p2a: Tapu Lele|88/100|[from] Spikes
|-fieldstart|move: Psychic Terrain|[from] ability: Psychic Surge|[of] p2a: Tapu Lele
|move|p1a: Tapu Fini|Calm Mind|p1a: Tapu Fini
|-boost|p1a: Tapu Fini|spa|1
|-boost|p1a: Tapu Fini|spd|1
|
|-heal|p1a: Tapu Fini|96/100|[from] item: Leftovers
|upkeep
|turn|10
|
|t:|1652543126
|move|p2a: Tapu Lele|Moonblast|p1a: Tapu Fini
|-damage|p1a: Tapu Fini|51/100
|move|p1a: Tapu Fini|Draining Kiss|p2a: Tapu Lele
|-damage|p2a: Tapu Lele|60/100
|-heal|p1a: Tapu Fini|69/100|[from] drain|[of] p2a: Tapu Lele
|
|-heal|p1a: Tapu Fini|75/100|[from] item: Leftovers
|upkeep
|turn|11
|
|t:|1652543134
|move|p2a: Tapu Lele|Moonblast|p1a: Tapu Fini
|-damage|p1a: Tapu Fini|31/100
|move|p1a: Tapu Fini|Draining Kiss|p2a: Tapu Lele
|-damage|p2a: Tapu Lele|34/100
|-heal|p1a: Tapu Fini|47/100|[from] drain|[of] p2a: Tapu Lele
|
|-heal|p1a: Tapu Fini|53/100|[from] item: Leftovers
|upkeep
|turn|12
|
|t:|1652543144
|switch|p1a: Nihilego|Nihilego|100/100
|move|p2a: Tapu Lele|Moonblast|p1a: Nihilego
|-resisted|p1a: Nihilego
|-damage|p1a: Nihilego|74/100
|
|upkeep
|turn|13
|inactive|soap776 has 120 seconds left.
|inactive|soap776 has 90 seconds left.
|
|t:|1652543214
|switch|p2a: Garchomp|Garchomp, F|100/100
|-damage|p2a: Garchomp|88/100|[from] Spikes
|move|p1a: Nihilego|Meteor Beam||[still]
|-prepare|p1a: Nihilego|Meteor Beam
|-boost|p1a: Nihilego|spa|1
|-enditem|p1a: Nihilego|Power Herb
|-anim|p1a: Nihilego|Meteor Beam|p2a: Garchomp
|-resisted|p2a: Garchomp
|-crit|p2a: Garchomp
|-damage|p2a: Garchomp|18/100
|
|-fieldend|move: Psychic Terrain
|upkeep
|turn|14
|
|t:|1652543225
|move|p2a: Garchomp|Earthquake|p1a: Nihilego
|-supereffective|p1a: Nihilego
|-damage|p1a: Nihilego|0 fnt
|faint|p1a: Nihilego
|
|upkeep
|
|t:|1652543230
|switch|p1a: Landorus|Landorus-Therian, M|100/100
|-ability|p1a: Landorus|Intimidate|boost
|-unboost|p2a: Garchomp|atk|1
|turn|15
|inactive|soap776 has 90 seconds left.
|
|t:|1652543252
|switch|p2a: Slowbro|Slowbro, F|87/100
|move|p1a: Landorus|Rock Polish|p1a: Landorus
|-boost|p1a: Landorus|spe|2
|
|upkeep
|turn|16
|
|t:|1652543265
|move|p1a: Landorus|Swords Dance|p1a: Landorus
|-boost|p1a: Landorus|atk|2
|move|p2a: Slowbro|Scald|p1a: Landorus
|-supereffective|p1a: Landorus
|-damage|p1a: Landorus|32/100
|-status|p1a: Landorus|brn
|
|-damage|p1a: Landorus|26/100 brn|[from] brn
|upkeep
|turn|17
|j| Aphro mari
|
|t:|1652543271
|move|p1a: Landorus|Earthquake|p2a: Slowbro
|-damage|p2a: Slowbro|43/100
|move|p2a: Slowbro|Scald|p1a: Landorus
|-supereffective|p1a: Landorus
|-damage|p1a: Landorus|0 fnt
|faint|p1a: Landorus
|
|upkeep
|
|t:|1652543280
|switch|p1a: Dragapult|Dragapult, F|100/100
|turn|18
|
|t:|1652543283
|switch|p2a: Kommo-o|Kommo-o, M|100/100
|-damage|p2a: Kommo-o|88/100|[from] Spikes
|move|p1a: Dragapult|Dragon Dance|p1a: Dragapult
|-boost|p1a: Dragapult|atk|1
|-boost|p1a: Dragapult|spe|1
|
|upkeep
|turn|19
|
|t:|1652543298
|move|p1a: Dragapult|Dragon Darts|p2a: Kommo-o
|-supereffective|p2a: Kommo-o
|-damage|p2a: Kommo-o|0 fnt
|faint|p2a: Kommo-o
|-damage|p1a: Dragapult|91/100|[from] item: Life Orb
|
|upkeep
|
|t:|1652543314
|switch|p2a: Heatran|Heatran, F|94/100
|-damage|p2a: Heatran|82/100|[from] Spikes
|turn|20
|
|t:|1652543336
|switch|p1a: Weavile|Weavile, F|100/100
|-ability|p1a: Weavile|Pressure
|move|p2a: Heatran|Toxic|p1a: Weavile
|-status|p1a: Weavile|tox
|
|-heal|p2a: Heatran|88/100|[from] item: Leftovers
|-damage|p1a: Weavile|94/100 tox|[from] psn
|upkeep
|turn|21
|
|t:|1652543347
|switch|p2a: Slowbro|Slowbro, F|76/100
|move|p1a: Weavile|Knock Off|p2a: Slowbro
|-supereffective|p2a: Slowbro
|-damage|p2a: Slowbro|0 fnt
|-enditem|p2a: Slowbro|Heavy-Duty Boots|[from] move: Knock Off|[of] p1a: Weavile
|faint|p2a: Slowbro
|
|-damage|p1a: Weavile|82/100 tox|[from] psn
|upkeep
|inactive|soap776 has 90 seconds left.
|
|t:|1652543401
|switch|p2a: Garchomp|Garchomp, F|18/100
|-damage|p2a: Garchomp|5/100|[from] Spikes
|turn|22
|
|t:|1652543420
|move|p2a: Garchomp|Earthquake|p1a: Weavile
|-damage|p1a: Weavile|0 fnt
|faint|p1a: Weavile
|
|upkeep
|
|t:|1652543423
|switch|p1a: Tapu Fini|Tapu Fini|53/100
|-fieldstart|move: Misty Terrain|[from] ability: Misty Surge|[of] p1a: Tapu Fini
|turn|23
|
|t:|1652543429
|switch|p2a: Tornadus|Tornadus-Therian, M|100/100
|move|p1a: Tapu Fini|Draining Kiss|p2a: Tornadus
|-crit|p2a: Tornadus
|-damage|p2a: Tornadus|76/100
|-heal|p1a: Tapu Fini|72/100|[from] drain|[of] p2a: Tornadus
|
|-heal|p1a: Tapu Fini|78/100|[from] item: Leftovers
|upkeep
|turn|24
|
|t:|1652543433
|move|p2a: Tornadus|Defog|p1a: Tapu Fini
|-unboost|p1a: Tapu Fini|evasion|1
|-sideend|p2: soap776|Spikes|[from] move: Defog|[of] p2a: Tornadus
|-fieldend|Misty Terrain
|move|p1a: Tapu Fini|Calm Mind|p1a: Tapu Fini
|-boost|p1a: Tapu Fini|spa|1
|-boost|p1a: Tapu Fini|spd|1
|
|-heal|p1a: Tapu Fini|84/100|[from] item: Leftovers
|upkeep
|turn|25
|
|t:|1652543445
|move|p2a: Tornadus|Knock Off|p1a: Tapu Fini
|-resisted|p1a: Tapu Fini
|-damage|p1a: Tapu Fini|77/100
|-enditem|p1a: Tapu Fini|Leftovers|[from] move: Knock Off|[of] p2a: Tornadus
|move|p1a: Tapu Fini|Calm Mind|p1a: Tapu Fini
|-boost|p1a: Tapu Fini|spa|1
|-boost|p1a: Tapu Fini|spd|1
|
|upkeep
|turn|26
|
|t:|1652543451
|move|p2a: Tornadus|Hurricane|p1a: Tapu Fini
|-damage|p1a: Tapu Fini|60/100
|move|p1a: Tapu Fini|Draining Kiss|p2a: Tornadus
|-damage|p2a: Tornadus|41/100
|-heal|p1a: Tapu Fini|88/100|[from] drain|[of] p2a: Tornadus
|
|upkeep
|turn|27
|
|t:|1652543456
|move|p2a: Tornadus|Hurricane|p1a: Tapu Fini|[miss]
|-miss|p2a: Tornadus|p1a: Tapu Fini
|move|p1a: Tapu Fini|Calm Mind|p1a: Tapu Fini
|-boost|p1a: Tapu Fini|spa|1
|-boost|p1a: Tapu Fini|spd|1
|
|upkeep
|turn|28
|
|t:|1652543460
|move|p2a: Tornadus|Hurricane|p1a: Tapu Fini
|-damage|p1a: Tapu Fini|73/100
|move|p1a: Tapu Fini|Draining Kiss|p2a: Tornadus
|-crit|p2a: Tornadus
|-damage|p2a: Tornadus|0 fnt
|-heal|p1a: Tapu Fini|100/100|[from] drain|[of] p2a: Tornadus
|faint|p2a: Tornadus
|
|upkeep
|
|t:|1652543463
|switch|p2a: Tapu Lele|Tapu Lele|34/100
|-fieldstart|move: Psychic Terrain|[from] ability: Psychic Surge|[of] p2a: Tapu Lele
|turn|29
|
|t:|1652543466
|move|p2a: Tapu Lele|Psyshock|p1a: Tapu Fini
|-damage|p1a: Tapu Fini|36/100
|move|p1a: Tapu Fini|Draining Kiss|p2a: Tapu Lele
|-damage|p2a: Tapu Lele|0 fnt
|-heal|p1a: Tapu Fini|57/100|[from] drain|[of] p2a: Tapu Lele
|faint|p2a: Tapu Lele
|
|upkeep
|
|t:|1652543468
|switch|p2a: Garchomp|Garchomp, F|5/100
|turn|30
|
|t:|1652543479
|move|p2a: Garchomp|Earthquake|p1a: Tapu Fini
|-damage|p1a: Tapu Fini|20/100
|move|p1a: Tapu Fini|Surf|p2a: Garchomp
|-damage|p2a: Garchomp|0 fnt
|faint|p2a: Garchomp
|
|upkeep
|
|t:|1652543482
|switch|p2a: Heatran|Heatran, F|88/100
|turn|31
|
|t:|1652543484
|move|p1a: Tapu Fini|Surf|p2a: Heatran
|-supereffective|p2a: Heatran
|-damage|p2a: Heatran|0 fnt
|faint|p2a: Heatran
|
|win|RaulGB44
|raw|RaulGB44's rating: 1594 &rarr; <strong>1616</strong><br />(+22 for winning)
|raw|soap776's rating: 1623 &rarr; <strong>1601</strong><br />(-22 for losing)
|l|☆soap776
