|j|☆Coach from L4D2
|j|☆rigmortus
|t:|1634607477
|gametype|singles
|player|p1|Coach from L4D2|linebacker|1765
|player|p2|rigmortus|lucas|1857
|teamsize|p1|6
|teamsize|p2|6
|gen|8
|tier|[Gen 8] OU
|rated|
|rule|Sleep Clause Mod: Limit one foe put to sleep
|rule|Species Clause: Limit one of each Pokémon
|rule|OHKO Clause: OHKO moves are banned
|rule|Evasion Moves Clause: Evasion moves are banned
|rule|Endless Battle Clause: Forcing endless battles is banned
|rule|HP Percentage Mod: HP is shown in percentages
|rule|Dynamax Clause: You cannot dynamax
|clearpoke
|poke|p1|Raichu-Alola, F|
|poke|p1|Tapu Koko|
|poke|p1|Corviknight, M|
|poke|p1|Garchomp, F|
|poke|p1|Kyurem|
|poke|p1|Kartana|
|poke|p2|Skarmory, F|
|poke|p2|Rotom-Wash|
|poke|p2|Heatran, M|
|poke|p2|Landorus-Therian, M|
|poke|p2|Tapu Lele|
|poke|p2|Dragapult, M|
|teampreview
|inactive|Battle timer is ON: inactive players will automatically lose when time's up. (requested by rigmortus)
|
|t:|1634607489
|start
|switch|p1a: Kyurem|Kyurem|100/100
|switch|p2a: Tapu Lele|Tapu Lele|100/100
|-ability|p1a: Kyurem|Pressure
|-fieldstart|move: Psychic Terrain|[from] ability: Psychic Surge|[of] p2a: Tapu Lele
|turn|1
|
|t:|1634607495
|switch|p1a: Corviknight|Corviknight, M|100/100
|-ability|p1a: Corviknight|Pressure
|move|p2a: Tapu Lele|Moonblast|p1a: Corviknight
|-resisted|p1a: Corviknight
|-damage|p1a: Corviknight|82/100
|
|-heal|p1a: Corviknight|88/100|[from] item: Leftovers
|upkeep
|turn|2
|
|t:|1634607503
|move|p2a: Tapu Lele|Thunderbolt|p1a: Corviknight
|-supereffective|p1a: Corviknight
|-damage|p1a: Corviknight|42/100
|move|p1a: Corviknight|U-turn|p2a: Tapu Lele
|-damage|p2a: Tapu Lele|78/100
|
|t:|1634607508
|switch|p1a: Kartana|Kartana|100/100|[from]move: U-turn
|
|upkeep
|turn|3
|
|t:|1634607517
|switch|p2a: Skarmory|Skarmory, F|100/100
|move|p1a: Kartana|Knock Off|p2a: Skarmory
|-damage|p2a: Skarmory|73/100
|-damage|p1a: Kartana|84/100|[from] item: Rocky Helmet|[of] p2a: Skarmory
|-enditem|p2a: Skarmory|Rocky Helmet|[from] move: Knock Off|[of] p1a: Kartana
|
|upkeep
|turn|4
|
|t:|1634607522
|switch|p1a: Corviknight|Corviknight, M|42/100
|-ability|p1a: Corviknight|Pressure
|move|p2a: Skarmory|Spikes|p1a: Corviknight
|-sidestart|p1: Coach from L4D2|Spikes
|
|-heal|p1a: Corviknight|49/100|[from] item: Leftovers
|upkeep
|turn|5
|
|t:|1634607525
|switch|p2a: Heatran|Heatran, M|100/100
|move|p1a: Corviknight|Roost|p1a: Corviknight
|-heal|p1a: Corviknight|99/100
|-singleturn|p1a: Corviknight|move: Roost
|
|-heal|p1a: Corviknight|100/100|[from] item: Leftovers
|-fieldend|move: Psychic Terrain
|upkeep
|turn|6
|
|t:|1634607527
|switch|p1a: Garchomp|Garchomp, F|100/100
|-damage|p1a: Garchomp|88/100|[from] Spikes
|move|p2a: Heatran|Magma Storm|p1a: Garchomp
|-resisted|p1a: Garchomp
|-damage|p1a: Garchomp|66/100
|-activate|p1a: Garchomp|move: Magma Storm|[of] p2a: Heatran
|
|-damage|p1a: Garchomp|54/100|[from] move: Magma Storm|[partiallytrapped]
|upkeep
|turn|7
|
|t:|1634607536
|switch|p2a: Landorus|Landorus-Therian, M|100/100
|-ability|p2a: Landorus|Intimidate|boost
|-unboost|p1a: Garchomp|atk|1
|move|p1a: Garchomp|Toxic|p2a: Landorus
|-status|p2a: Landorus|tox
|
|-damage|p2a: Landorus|94/100 tox|[from] psn
|-end|p1a: Garchomp|Magma Storm|[partiallytrapped]|[silent]
|upkeep
|turn|8
|
|t:|1634607545
|move|p1a: Garchomp|Stealth Rock|p2a: Landorus
|-sidestart|p2: rigmortus|move: Stealth Rock
|move|p2a: Landorus|Earthquake|p1a: Garchomp
|-damage|p1a: Garchomp|20/100
|
|-heal|p2a: Landorus|100/100 tox|[from] item: Leftovers
|-damage|p2a: Landorus|88/100 tox|[from] psn
|upkeep
|turn|9
|
|t:|1634607550
|move|p1a: Garchomp|Flamethrower|p2a: Landorus
|-damage|p2a: Landorus|77/100 tox
|move|p2a: Landorus|Earthquake|p1a: Garchomp
|-damage|p1a: Garchomp|0 fnt
|faint|p1a: Garchomp
|
|-heal|p2a: Landorus|83/100 tox|[from] item: Leftovers
|-damage|p2a: Landorus|65/100 tox|[from] psn
|upkeep
|
|t:|1634607553
|switch|p1a: Kyurem|Kyurem|100/100
|-damage|p1a: Kyurem|88/100|[from] Spikes
|-ability|p1a: Kyurem|Pressure
|turn|10
|
|t:|1634607562
|move|p1a: Kyurem|Earth Power|p2a: Landorus
|-immune|p2a: Landorus
|move|p2a: Landorus|U-turn|p1a: Kyurem
|-damage|p1a: Kyurem|66/100
|
|t:|1634607574
|switch|p2a: Tapu Lele|Tapu Lele|78/100|[from]move: U-turn
|-damage|p2a: Tapu Lele|65/100|[from] Stealth Rock
|-fieldstart|move: Psychic Terrain|[from] ability: Psychic Surge|[of] p2a: Tapu Lele
|
|upkeep
|turn|11
|
|t:|1634607579
|move|p2a: Tapu Lele|Thunderbolt|p1a: Kyurem
|-resisted|p1a: Kyurem
|-damage|p1a: Kyurem|51/100
|move|p1a: Kyurem|Earth Power|p2a: Tapu Lele
|-damage|p2a: Tapu Lele|29/100
|-unboost|p2a: Tapu Lele|spd|1
|
|upkeep
|turn|12
|
|t:|1634607584
|switch|p1a: Corviknight|Corviknight, M|100/100
|-ability|p1a: Corviknight|Pressure
|move|p2a: Tapu Lele|Moonblast|p1a: Corviknight
|-resisted|p1a: Corviknight
|-damage|p1a: Corviknight|81/100
|
|-heal|p1a: Corviknight|87/100|[from] item: Leftovers
|upkeep
|turn|13
|
|t:|1634607590
|move|p2a: Tapu Lele|Thunderbolt|p1a: Corviknight
|-supereffective|p1a: Corviknight
|-damage|p1a: Corviknight|36/100
|move|p1a: Corviknight|U-turn|p2a: Tapu Lele
|-damage|p2a: Tapu Lele|7/100
|
|t:|1634607592
|switch|p1a: Tapu Koko|Tapu Koko|100/100|[from]move: U-turn
|-damage|p1a: Tapu Koko|88/100|[from] Spikes
|-fieldstart|move: Electric Terrain|[from] ability: Electric Surge|[of] p1a: Tapu Koko
|
|upkeep
|turn|14
|
|t:|1634607596
|switch|p2a: Heatran|Heatran, M|100/100
|-damage|p2a: Heatran|88/100|[from] Stealth Rock
|move|p1a: Tapu Koko|U-turn|p2a: Heatran
|-resisted|p2a: Heatran
|-damage|p2a: Heatran|85/100
|
|t:|1634607600
|switch|p1a: Kyurem|Kyurem|51/100|[from]move: U-turn
|-damage|p1a: Kyurem|38/100|[from] Spikes
|-ability|p1a: Kyurem|Pressure
|
|-heal|p2a: Heatran|91/100|[from] item: Leftovers
|upkeep
|turn|15
|
|t:|1634607602
|switch|p2a: Tapu Lele|Tapu Lele|7/100
|-damage|p2a: Tapu Lele|0 fnt|[from] Stealth Rock
|faint|p2a: Tapu Lele
|move|p1a: Kyurem|Ice Beam|p2: Tapu Lele|[notarget]
|-fail|p1a: Kyurem
|
|upkeep
|
|t:|1634607605
|switch|p2a: Heatran|Heatran, M|91/100
|-damage|p2a: Heatran|78/100|[from] Stealth Rock
|turn|16
|
|t:|1634607613
|switch|p1a: Corviknight|Corviknight, M|36/100
|-ability|p1a: Corviknight|Pressure
|move|p2a: Heatran|Stealth Rock|p1a: Corviknight
|-sidestart|p1: Coach from L4D2|move: Stealth Rock
|
|-heal|p2a: Heatran|85/100|[from] item: Leftovers
|-heal|p1a: Corviknight|42/100|[from] item: Leftovers
|upkeep
|turn|17
|
|t:|1634607616
|move|p2a: Heatran|Magma Storm|p1a: Corviknight
|-supereffective|p1a: Corviknight
|-damage|p1a: Corviknight|0 fnt
|faint|p1a: Corviknight
|
|-heal|p2a: Heatran|91/100|[from] item: Leftovers
|upkeep
|
|t:|1634607623
|switch|p1a: Kartana|Kartana|84/100
|-damage|p1a: Kartana|78/100|[from] Stealth Rock
|-damage|p1a: Kartana|65/100|[from] Spikes
|turn|18
|
|t:|1634607627
|switch|p2a: Landorus|Landorus-Therian, M|65/100 tox
|-damage|p2a: Landorus|52/100 tox|[from] Stealth Rock
|-ability|p2a: Landorus|Intimidate|boost
|-unboost|p1a: Kartana|atk|1
|move|p1a: Kartana|Knock Off|p2a: Landorus
|-damage|p2a: Landorus|23/100 tox
|-enditem|p2a: Landorus|Leftovers|[from] move: Knock Off|[of] p1a: Kartana
|
|-damage|p2a: Landorus|17/100 tox|[from] psn
|upkeep
|turn|19
|
|t:|1634607630
|switch|p2a: Skarmory|Skarmory, F|73/100
|-damage|p2a: Skarmory|61/100|[from] Stealth Rock
|move|p1a: Kartana|Knock Off|p2a: Skarmory
|-damage|p2a: Skarmory|50/100
|
|upkeep
|turn|20
|
|t:|1634607636
|switch|p1a: Kyurem|Kyurem|38/100
|-damage|p1a: Kyurem|14/100|[from] Stealth Rock
|-damage|p1a: Kyurem|1/100|[from] Spikes
|-ability|p1a: Kyurem|Pressure
|move|p2a: Skarmory|Roost|p2a: Skarmory
|-heal|p2a: Skarmory|99/100
|-singleturn|p2a: Skarmory|move: Roost
|
|-fieldend|move: Electric Terrain
|upkeep
|turn|21
|
|t:|1634607641
|switch|p2a: Landorus|Landorus-Therian, M|17/100 tox
|-damage|p2a: Landorus|5/100 tox|[from] Stealth Rock
|-ability|p2a: Landorus|Intimidate|boost
|-unboost|p1a: Kyurem|atk|1
|move|p1a: Kyurem|Ice Beam|p2a: Landorus
|-supereffective|p2a: Landorus
|-damage|p2a: Landorus|0 fnt
|faint|p2a: Landorus
|
|upkeep
|
|t:|1634607645
|switch|p2a: Heatran|Heatran, M|91/100
|-damage|p2a: Heatran|78/100|[from] Stealth Rock
|turn|22
|
|t:|1634607649
|move|p1a: Kyurem|Ice Beam|p2a: Heatran
|-resisted|p2a: Heatran
|-damage|p2a: Heatran|66/100
|move|p2a: Heatran|Earth Power|p1a: Kyurem
|-damage|p1a: Kyurem|0 fnt
|faint|p1a: Kyurem
|
|-heal|p2a: Heatran|72/100|[from] item: Leftovers
|upkeep
|j| O3482482O
|l| O3482482O
|
|t:|1634607654
|switch|p1a: Kartana|Kartana|65/100
|-damage|p1a: Kartana|53/100|[from] Spikes
|-damage|p1a: Kartana|47/100|[from] Stealth Rock
|turn|23
|
|t:|1634607657
|switch|p2a: Skarmory|Skarmory, F|99/100
|-damage|p2a: Skarmory|88/100|[from] Stealth Rock
|move|p1a: Kartana|Knock Off|p2a: Skarmory
|-damage|p2a: Skarmory|70/100
|
|upkeep
|turn|24
|
|t:|1634607665
|switch|p1a: Tapu Koko|Tapu Koko|88/100
|-damage|p1a: Tapu Koko|76/100|[from] Spikes
|-damage|p1a: Tapu Koko|63/100|[from] Stealth Rock
|-fieldstart|move: Electric Terrain|[from] ability: Electric Surge|[of] p1a: Tapu Koko
|move|p2a: Skarmory|Body Press|p1a: Tapu Koko
|-resisted|p1a: Tapu Koko
|-damage|p1a: Tapu Koko|42/100
|
|upkeep
|turn|25
|
|t:|1634607676
|switch|p2a: Rotom|Rotom-Wash|100/100
|-damage|p2a: Rotom|88/100|[from] Stealth Rock
|move|p1a: Tapu Koko|Thunderbolt|p2a: Rotom
|-damage|p2a: Rotom|35/100
|
|upkeep
|turn|26
|
|t:|1634607678
|move|p1a: Tapu Koko|Thunderbolt|p2a: Rotom
|-damage|p2a: Rotom|0 fnt
|faint|p2a: Rotom
|
|upkeep
|
|t:|1634607680
|switch|p2a: Dragapult|Dragapult, M|100/100
|-damage|p2a: Dragapult|88/100|[from] Stealth Rock
|turn|27
|
|t:|1634607684
|move|p2a: Dragapult|Shadow Ball|p1a: Tapu Koko
|-damage|p1a: Tapu Koko|0 fnt
|faint|p1a: Tapu Koko
|
|upkeep
|
|t:|1634607688
|switch|p1a: Kartana|Kartana|47/100
|-damage|p1a: Kartana|35/100|[from] Spikes
|-damage|p1a: Kartana|29/100|[from] Stealth Rock
|turn|28
|
|t:|1634607691
|switch|p1a: Raichu|Raichu-Alola, F, shiny|100/100
|-damage|p1a: Raichu|88/100|[from] Stealth Rock
|-damage|p1a: Raichu|76/100|[from] Spikes
|switch|p2a: Skarmory|Skarmory, F|70/100
|-damage|p2a: Skarmory|58/100|[from] Stealth Rock
|
|upkeep
|turn|29
|
|t:|1634607701
|switch|p2a: Heatran|Heatran, M|72/100
|-damage|p2a: Heatran|60/100|[from] Stealth Rock
|move|p1a: Raichu|Nasty Plot|p1a: Raichu
|-boost|p1a: Raichu|spa|2
|
|-heal|p2a: Heatran|66/100|[from] item: Leftovers
|upkeep
|turn|30
|
|t:|1634607707
|move|p1a: Raichu|Rising Voltage|p2a: Heatran
|-damage|p2a: Heatran|0 fnt
|faint|p2a: Heatran
|-damage|p1a: Raichu|66/100|[from] item: Life Orb
|
|upkeep
|
|t:|1634607729
|switch|p2a: Dragapult|Dragapult, M|88/100
|-damage|p2a: Dragapult|76/100|[from] Stealth Rock
|turn|31
|
|t:|1634607735
|move|p1a: Raichu|Rising Voltage|p2a: Dragapult
|-resisted|p2a: Dragapult
|-damage|p2a: Dragapult|0 fnt
|faint|p2a: Dragapult
|-damage|p1a: Raichu|56/100|[from] item: Life Orb
|
|-fieldend|move: Electric Terrain
|upkeep
|-message|rigmortus forfeited.
|
|win|Coach from L4D2
|raw|Coach from L4D2's rating: 1765 &rarr; <strong>1790</strong><br />(+25 for winning)
|raw|rigmortus's rating: 1857 &rarr; <strong>1832</strong><br />(-25 for losing)
|l|☆rigmortus
