|j|☆8balljacketguy
|j|☆Lemon Ginger
|t:|1626889555
|gametype|singles
|player|p1|8balljacketguy|red|1437
|player|p2|Lemon Ginger|102|1545
|teamsize|p1|6
|teamsize|p2|6
|gen|8
|tier|[Gen 8] OU
|rated|
|rule|Sleep Clause Mod: Limit one foe put to sleep
|rule|Species Clause: Limit one of each Pokémon
|rule|OHKO Clause: OHKO moves are banned
|rule|Evasion Moves Clause: Evasion moves are banned
|rule|Endless Battle Clause: Forcing endless battles is banned
|rule|HP Percentage Mod: HP is shown in percentages
|rule|Dynamax Clause: You cannot dynamax
|clearpoke
|poke|p1|Volcanion|
|poke|p1|Rillaboom, M|
|poke|p1|Landorus-Therian, M|
|poke|p1|Kyurem|
|poke|p1|Krookodile, F|
|poke|p1|Tapu Fini|
|poke|p2|Zapdos-Galar|
|poke|p2|Dragalge, M|
|poke|p2|Weavile, M|
|poke|p2|Blissey, F|
|poke|p2|Garchomp, M|
|poke|p2|Melmetal|
|teampreview
|inactive|Battle timer is ON: inactive players will automatically lose when time's up. (requested by 8balljacketguy)
|inactive|Lemon Ginger has 120 seconds left.
|
|t:|1626889608
|start
|switch|p1a: Kyurem|Kyurem|100/100
|switch|p2a: Zapdos|Zapdos-Galar|100/100
|-ability|p1a: Kyurem|Pressure
|turn|1
|
|t:|1626889617
|move|p2a: Zapdos|Close Combat|p1a: Kyurem
|-supereffective|p1a: Kyurem
|-damage|p1a: Kyurem|0 fnt
|-unboost|p2a: Zapdos|def|1
|-unboost|p2a: Zapdos|spd|1
|faint|p1a: Kyurem
|
|upkeep
|
|t:|1626889626
|switch|p1a: Tapu Fini|Tapu Fini|100/100
|-fieldstart|move: Misty Terrain|[from] ability: Misty Surge|[of] p1a: Tapu Fini
|turn|2
|
|t:|1626889640
|switch|p2a: Dragalge|Dragalge, M|100/100
|move|p1a: Tapu Fini|Whirlpool|p2a: Dragalge
|-resisted|p2a: Dragalge
|-damage|p2a: Dragalge|93/100
|-activate|p2a: Dragalge|move: Whirlpool|[of] p1a: Tapu Fini
|
|-damage|p2a: Dragalge|81/100|[from] move: Whirlpool|[partiallytrapped]
|upkeep
|turn|3
|
|t:|1626889653
|move|p1a: Tapu Fini|Moonblast|p2a: Dragalge
|-damage|p2a: Dragalge|41/100
|move|p2a: Dragalge|Sludge Bomb|p1a: Tapu Fini
|-supereffective|p1a: Tapu Fini
|-damage|p1a: Tapu Fini|0 fnt
|faint|p1a: Tapu Fini
|
|-end|p2a: Dragalge|Whirlpool|[partiallytrapped]|[silent]
|upkeep
|
|t:|1626889665
|switch|p1a: Landorus|Landorus-Therian, M|100/100
|-ability|p1a: Landorus|Intimidate|boost
|-unboost|p2a: Dragalge|atk|1
|turn|4
|inactive|Lemon Ginger has 120 seconds left.
|
|t:|1626889697
|move|p1a: Landorus|Stealth Rock|p2a: Dragalge
|-sidestart|p2: Lemon Ginger|move: Stealth Rock
|move|p2a: Dragalge|Sludge Bomb|p1a: Landorus
|-resisted|p1a: Landorus
|-damage|p1a: Landorus|53/100
|
|-heal|p1a: Landorus|59/100|[from] item: Leftovers
|upkeep
|turn|5
|
|t:|1626889703
|switch|p2a: Zapdos|Zapdos-Galar|100/100
|-damage|p2a: Zapdos|88/100|[from] Stealth Rock
|move|p1a: Landorus|Earthquake|p2a: Zapdos
|-immune|p2a: Zapdos
|
|-heal|p1a: Landorus|65/100|[from] item: Leftovers
|upkeep
|turn|6
|
|t:|1626889706
|move|p2a: Zapdos|Brave Bird|p1a: Landorus
|-damage|p1a: Landorus|4/100
|-damage|p2a: Zapdos|64/100|[from] Recoil
|move|p1a: Landorus|Toxic|p2a: Zapdos
|-status|p2a: Zapdos|tox
|
|-heal|p1a: Landorus|10/100|[from] item: Leftovers
|-damage|p2a: Zapdos|58/100 tox|[from] psn
|-fieldend|Misty Terrain
|upkeep
|turn|7
|
|t:|1626889711
|move|p2a: Zapdos|Brave Bird|p1a: Landorus
|-damage|p1a: Landorus|0 fnt
|faint|p1a: Landorus
|-damage|p2a: Zapdos|54/100 tox|[from] Recoil
|
|-damage|p2a: Zapdos|42/100 tox|[from] psn
|upkeep
|
|t:|1626889713
|switch|p1a: Volcanion|Volcanion|100/100
|turn|8
|
|t:|1626889718
|switch|p2a: Dragalge|Dragalge, M|41/100
|-damage|p2a: Dragalge|29/100|[from] Stealth Rock
|move|p1a: Volcanion|Steam Eruption|p2a: Dragalge
|-resisted|p2a: Dragalge
|-damage|p2a: Dragalge|0 fnt
|faint|p2a: Dragalge
|
|upkeep
|
|t:|1626889720
|switch|p2a: Blissey|Blissey, F|100/100
|-damage|p2a: Blissey|88/100|[from] Stealth Rock
|turn|9
|
|t:|1626889728
|switch|p1a: Rillaboom|Rillaboom, M|100/100
|-fieldstart|move: Grassy Terrain|[from] ability: Grassy Surge|[of] p1a: Rillaboom
|move|p2a: Blissey|Healing Wish|p2a: Blissey
|faint|p2a: Blissey
|
|upkeep
|
|t:|1626889730
|switch|p2a: Zapdos|Zapdos-Galar|42/100 tox
|-heal|p2a: Zapdos|100/100|[from] move: Healing Wish
|-damage|p2a: Zapdos|88/100|[from] Stealth Rock
|turn|10
|
|t:|1626889742
|move|p1a: Rillaboom|Grassy Glide|p2a: Zapdos
|-resisted|p2a: Zapdos
|-damage|p2a: Zapdos|50/100
|-damage|p1a: Rillaboom|91/100|[from] item: Life Orb
|move|p2a: Zapdos|Brave Bird|p1a: Rillaboom
|-supereffective|p1a: Rillaboom
|-damage|p1a: Rillaboom|0 fnt
|faint|p1a: Rillaboom
|-damage|p2a: Zapdos|19/100|[from] Recoil
|
|upkeep
|
|t:|1626889747
|switch|p1a: Volcanion|Volcanion|100/100
|turn|11
|
|t:|1626889759
|move|p2a: Zapdos|Brave Bird|p1a: Volcanion
|-damage|p1a: Volcanion|24/100
|-damage|p2a: Zapdos|0 fnt|[from] Recoil
|faint|p2a: Zapdos
|move|p1a: Volcanion|Steam Eruption|p2: Zapdos|[notarget]
|-fail|p1a: Volcanion
|
|-heal|p1a: Volcanion|30/100|[from] Grassy Terrain
|-heal|p1a: Volcanion|36/100|[from] item: Leftovers
|upkeep
|
|t:|1626889766
|switch|p2a: Garchomp|Garchomp, M|100/100
|-damage|p2a: Garchomp|94/100|[from] Stealth Rock
|turn|12
|
|t:|1626889769
|move|p2a: Garchomp|Scale Shot|p1a: Volcanion
|-damage|p1a: Volcanion|22/100
|-damage|p1a: Volcanion|8/100
|-damage|p1a: Volcanion|0 fnt
|faint|p1a: Volcanion
|-hitcount|p1: Volcanion|3
|-unboost|p2a: Garchomp|def|1
|-boost|p2a: Garchomp|spe|1
|-damage|p2a: Garchomp|85/100|[from] item: Life Orb
|
|-heal|p2a: Garchomp|91/100|[from] Grassy Terrain
|upkeep
|
|t:|1626889773
|switch|p1a: Krookodile|Krookodile, F|100/100
|turn|13
|
|t:|1626889781
|move|p2a: Garchomp|Swords Dance|p2a: Garchomp
|-boost|p2a: Garchomp|atk|2
|move|p1a: Krookodile|Earthquake|p2a: Garchomp
|-damage|p2a: Garchomp|57/100
|
|-heal|p2a: Garchomp|63/100|[from] Grassy Terrain
|-fieldend|move: Grassy Terrain
|upkeep
|turn|14
|
|t:|1626889786
|move|p2a: Garchomp|Earthquake|p1a: Krookodile
|-damage|p1a: Krookodile|0 fnt
|faint|p1a: Krookodile
|-damage|p2a: Garchomp|53/100|[from] item: Life Orb
|
|win|Lemon Ginger
|raw|8balljacketguy's rating: 1436 &rarr; <strong>1422</strong><br />(-14 for losing)
|raw|Lemon Ginger's rating: 1544 &rarr; <strong>1558</strong><br />(+14 for winning)
|l|☆8balljacketguy
