|j|☆Zees_1OAK
|j|☆IMSOMALD
|t:|1655837607
|gametype|singles
|player|p1|Zees_1OAK|acetrainer|1699
|player|p2|IMSOMALD|n|1681
|teamsize|p1|6
|teamsize|p2|6
|gen|8
|tier|[Gen 8] OU
|rated|
|rule|Sleep Clause Mod: Limit one foe put to sleep
|rule|Species Clause: Limit one of each Pokémon
|rule|OHKO Clause: OHKO moves are banned
|rule|Evasion Moves Clause: Evasion moves are banned
|rule|Endless Battle Clause: Forcing endless battles is banned
|rule|HP Percentage Mod: HP is shown in percentages
|rule|Dynamax Clause: You cannot dynamax
|clearpoke
|poke|p1|Heatran, F|
|poke|p1|Tapu Fini|
|poke|p1|Kartana|
|poke|p1|Mandibuzz, F|
|poke|p1|Garchomp, F|
|poke|p1|Tapu Lele|
|poke|p2|Ninetales-Alola, M|
|poke|p2|Garchomp, M|
|poke|p2|Dragapult, F|
|poke|p2|Tapu Lele|
|poke|p2|Blaziken, F|
|poke|p2|Heatran, F|
|teampreview
|inactive|Battle timer is ON: inactive players will automatically lose when time's up. (requested by IMSOMALD)
|
|t:|1655837636
|start
|switch|p1a: Kartana|Kartana|100/100
|switch|p2a: Ninetales|Ninetales-Alola, M|100/100
|-weather|Hail|[from] ability: Snow Warning|[of] p2a: Ninetales
|turn|1
|
|t:|1655837648
|switch|p2a: Heatran|Heatran, F|100/100
|-item|p2a: Heatran|Air Balloon
|switch|p1a: Heatran|Heatran, F|100/100
|
|-weather|Hail|[upkeep]
|-damage|p1a: Heatran|94/100|[from] Hail
|-damage|p2a: Heatran|94/100|[from] Hail
|-heal|p1a: Heatran|100/100|[from] item: Leftovers
|upkeep
|turn|2
|j| paflechien93
|
|t:|1655837658
|switch|p1a: Mandibuzz|Mandibuzz, F|100/100
|move|p2a: Heatran|Stealth Rock|p1a: Mandibuzz
|-sidestart|p1: Zees_1OAK|move: Stealth Rock
|
|-weather|Hail|[upkeep]
|-damage|p2a: Heatran|88/100|[from] Hail
|upkeep
|turn|3
|
|t:|1655837667
|switch|p2a: Ninetales|Ninetales-Alola, M|100/100
|move|p1a: Mandibuzz|U-turn|p2a: Ninetales
|-resisted|p2a: Ninetales
|-damage|p2a: Ninetales|93/100
|
|t:|1655837673
|switch|p1a: Heatran|Heatran, F|100/100|[from]move: U-turn
|-damage|p1a: Heatran|88/100|[from] Stealth Rock
|
|-weather|Hail|[upkeep]
|-damage|p1a: Heatran|82/100|[from] Hail
|-heal|p1a: Heatran|88/100|[from] item: Leftovers
|upkeep
|turn|4
|
|t:|1655837682
|switch|p2a: Heatran|Heatran, F|88/100
|-item|p2a: Heatran|Air Balloon
|switch|p1a: Mandibuzz|Mandibuzz, F|100/100
|
|-weather|Hail|[upkeep]
|-damage|p2a: Heatran|82/100|[from] Hail
|upkeep
|turn|5
|
|t:|1655837693
|move|p1a: Mandibuzz|Defog|p2a: Heatran
|-unboost|p2a: Heatran|evasion|1
|-sideend|p1: Zees_1OAK|Stealth Rock|[from] move: Defog|[of] p1a: Mandibuzz
|move|p2a: Heatran|Magma Storm|p1a: Mandibuzz
|-damage|p1a: Mandibuzz|66/100
|-activate|p1a: Mandibuzz|move: Magma Storm|[of] p2a: Heatran
|
|-weather|none
|-damage|p1a: Mandibuzz|53/100|[from] move: Magma Storm|[partiallytrapped]
|upkeep
|turn|6
|
|t:|1655837708
|switch|p2a: Ninetales|Ninetales-Alola, M|93/100
|-weather|Hail|[from] ability: Snow Warning|[of] p2a: Ninetales
|move|p1a: Mandibuzz|U-turn|p2a: Ninetales
|-resisted|p2a: Ninetales
|-damage|p2a: Ninetales|86/100
|
|t:|1655837729
|switch|p1a: Tapu Lele|Tapu Lele, shiny|100/100|[from]move: U-turn
|-fieldstart|move: Psychic Terrain|[from] ability: Psychic Surge|[of] p1a: Tapu Lele
|
|-weather|Hail|[upkeep]
|-damage|p1a: Tapu Lele|94/100|[from] Hail
|upkeep
|turn|7
|
|t:|1655837740
|move|p2a: Ninetales|Aurora Veil|p2a: Ninetales
|-sidestart|p2: IMSOMALD|move: Aurora Veil
|move|p1a: Tapu Lele|Psyshock|p2a: Ninetales
|-damage|p2a: Ninetales|33/100
|
|-weather|Hail|[upkeep]
|-damage|p1a: Tapu Lele|88/100|[from] Hail
|upkeep
|turn|8
|
|t:|1655837752
|move|p2a: Ninetales|Hypnosis|p1a: Tapu Lele
|-status|p1a: Tapu Lele|slp|[from] move: Hypnosis
|cant|p1a: Tapu Lele|slp
|
|-weather|Hail|[upkeep]
|-damage|p1a: Tapu Lele|82/100 slp|[from] Hail
|upkeep
|turn|9
|
|t:|1655837765
|switch|p2a: Garchomp|Garchomp, M|100/100
|switch|p1a: Tapu Fini|Tapu Fini|100/100
|-fieldstart|move: Misty Terrain|[from] ability: Misty Surge|[of] p1a: Tapu Fini
|
|-weather|Hail|[upkeep]
|-damage|p1a: Tapu Fini|94/100|[from] Hail
|-damage|p2a: Garchomp|94/100|[from] Hail
|-heal|p2a: Garchomp|100/100|[from] item: Leftovers
|upkeep
|turn|10
|
|t:|1655837775
|move|p1a: Tapu Fini|Moonblast|p2a: Garchomp
|-supereffective|p2a: Garchomp
|-damage|p2a: Garchomp|59/100
|move|p2a: Garchomp|Swords Dance|p2a: Garchomp
|-boost|p2a: Garchomp|atk|2
|
|-weather|none
|-heal|p2a: Garchomp|65/100|[from] item: Leftovers
|upkeep
|turn|11
|
|t:|1655837791
|switch|p1a: Mandibuzz|Mandibuzz, F|53/100
|move|p2a: Garchomp|Earthquake|p1a: Mandibuzz
|-immune|p1a: Mandibuzz
|
|-heal|p2a: Garchomp|72/100|[from] item: Leftovers
|upkeep
|turn|12
|
|t:|1655837817
|switch|p2a: Blaziken|Blaziken, F|100/100
|-item|p2a: Blaziken|Air Balloon
|switch|p1a: Tapu Fini|Tapu Fini|94/100
|
|upkeep
|turn|13
|j| Ran Kob
|
|t:|1655837828
|move|p1a: Tapu Fini|Surf|p2a: Blaziken
|-supereffective|p2a: Blaziken
|-damage|p2a: Blaziken|43/100
|-enditem|p2a: Blaziken|Air Balloon
|move|p2a: Blaziken|Thunder Punch|p1a: Tapu Fini
|-supereffective|p1a: Tapu Fini
|-damage|p1a: Tapu Fini|30/100
|
|-fieldend|Misty Terrain
|-ability|p2a: Blaziken|Speed Boost|boost
|-boost|p2a: Blaziken|spe|1
|upkeep
|turn|14
|
|t:|1655837838
|switch|p2a: Dragapult|Dragapult, F|100/100
|move|p1a: Tapu Fini|Surf|p2a: Dragapult
|-resisted|p2a: Dragapult
|-damage|p2a: Dragapult|86/100
|
|-sideend|p2: IMSOMALD|move: Aurora Veil
|upkeep
|turn|15
|
|t:|1655837848
|switch|p1a: Mandibuzz|Mandibuzz, F|53/100
|move|p2a: Dragapult|Dragon Darts|p1a: Mandibuzz
|-damage|p1a: Mandibuzz|34/100
|-anim|p2a: Dragapult|Dragon Darts|p1a: Mandibuzz
|-damage|p1a: Mandibuzz|15/100
|
|upkeep
|turn|16
|
|t:|1655837855
|switch|p1a: Tapu Fini|Tapu Fini|30/100
|-fieldstart|move: Misty Terrain|[from] ability: Misty Surge|[of] p1a: Tapu Fini
|move|p2a: Dragapult|Dragon Darts|p1a: Tapu Fini
|-immune|p1a: Tapu Fini
|
|upkeep
|turn|17
|
|t:|1655837863
|switch|p2a: Tapu Lele|Tapu Lele|100/100
|-fieldstart|move: Psychic Terrain|[from] ability: Psychic Surge|[of] p2a: Tapu Lele
|move|p1a: Tapu Fini|Surf|p2a: Tapu Lele
|-damage|p2a: Tapu Lele|67/100
|
|upkeep
|turn|18
|
|t:|1655837872
|switch|p1a: Heatran|Heatran, F|88/100
|move|p2a: Tapu Lele|Calm Mind|p2a: Tapu Lele
|-boost|p2a: Tapu Lele|spa|1
|-boost|p2a: Tapu Lele|spd|1
|
|-heal|p1a: Heatran|94/100|[from] item: Leftovers
|upkeep
|turn|19
|
|t:|1655837878
|move|p2a: Tapu Lele|Focus Blast|p1a: Heatran|[miss]
|-miss|p2a: Tapu Lele|p1a: Heatran
|move|p1a: Heatran|Toxic|p2a: Tapu Lele
|-status|p2a: Tapu Lele|tox
|
|-heal|p1a: Heatran|100/100|[from] item: Leftovers
|-damage|p2a: Tapu Lele|61/100 tox|[from] psn
|upkeep
|turn|20
|
|t:|1655837885
|switch|p1a: Tapu Lele|Tapu Lele, shiny|82/100 slp
|move|p2a: Tapu Lele|Psyshock|p1a: Tapu Lele
|-resisted|p1a: Tapu Lele
|-damage|p1a: Tapu Lele|0 fnt
|faint|p1a: Tapu Lele
|-damage|p2a: Tapu Lele|51/100 tox|[from] item: Life Orb
|
|-damage|p2a: Tapu Lele|39/100 tox|[from] psn
|upkeep
|
|t:|1655837898
|switch|p1a: Kartana|Kartana|100/100
|turn|21
|
|t:|1655837907
|switch|p2a: Heatran|Heatran, F|82/100
|-item|p2a: Heatran|Air Balloon
|move|p1a: Kartana|Knock Off|p2a: Heatran
|-damage|p2a: Heatran|44/100
|-enditem|p2a: Heatran|Air Balloon
|
|-fieldend|move: Psychic Terrain
|upkeep
|turn|22
|
|t:|1655837916
|switch|p1a: Garchomp|Garchomp, F|100/100
|move|p2a: Heatran|Stealth Rock|p1a: Garchomp
|-sidestart|p1: Zees_1OAK|move: Stealth Rock
|
|upkeep
|turn|23
|
|t:|1655837925
|switch|p2a: Ninetales|Ninetales-Alola, M|33/100
|-weather|Hail|[from] ability: Snow Warning|[of] p2a: Ninetales
|move|p1a: Garchomp|Scale Shot|p2a: Ninetales
|-immune|p2a: Ninetales
|
|-weather|Hail|[upkeep]
|-damage|p1a: Garchomp|94/100|[from] Hail
|-heal|p1a: Garchomp|100/100|[from] item: Leftovers
|upkeep
|turn|24
|
|t:|1655837933
|move|p2a: Ninetales|Aurora Veil|p2a: Ninetales
|-sidestart|p2: IMSOMALD|move: Aurora Veil
|move|p1a: Garchomp|Earthquake|p2a: Ninetales
|-damage|p2a: Ninetales|2/100
|
|-weather|Hail|[upkeep]
|-damage|p1a: Garchomp|94/100|[from] Hail
|-heal|p1a: Garchomp|100/100|[from] item: Leftovers
|upkeep
|turn|25
|
|t:|1655837962
|switch|p2a: Garchomp|Garchomp, M|72/100
|switch|p1a: Heatran|Heatran, F|100/100
|-damage|p1a: Heatran|88/100|[from] Stealth Rock
|
|-weather|Hail|[upkeep]
|-damage|p2a: Garchomp|65/100|[from] Hail
|-damage|p1a: Heatran|82/100|[from] Hail
|-heal|p2a: Garchomp|72/100|[from] item: Leftovers
|-heal|p1a: Heatran|88/100|[from] item: Leftovers
|upkeep
|turn|26
|
|t:|1655837968
|switch|p1a: Kartana|Kartana|100/100
|-damage|p1a: Kartana|94/100|[from] Stealth Rock
|move|p2a: Garchomp|Earthquake|p1a: Kartana
|-damage|p1a: Kartana|35/100
|
|-weather|Hail|[upkeep]
|-damage|p1a: Kartana|29/100|[from] Hail
|-damage|p2a: Garchomp|65/100|[from] Hail
|-heal|p2a: Garchomp|72/100|[from] item: Leftovers
|upkeep
|turn|27
|j| PenguinEnthusiast
|
|t:|1655837981
|move|p1a: Kartana|Leaf Blade|p2a: Garchomp
|-damage|p2a: Garchomp|29/100
|-damage|p1a: Kartana|16/100|[from] ability: Rough Skin|[of] p2a: Garchomp
|move|p2a: Garchomp|Earthquake|p1a: Kartana
|-crit|p1a: Kartana
|-damage|p1a: Kartana|0 fnt
|faint|p1a: Kartana
|
|-weather|none
|-heal|p2a: Garchomp|36/100|[from] item: Leftovers
|upkeep
|
|t:|1655837991
|switch|p1a: Tapu Fini|Tapu Fini|30/100
|-damage|p1a: Tapu Fini|18/100|[from] Stealth Rock
|-fieldstart|move: Misty Terrain|[from] ability: Misty Surge|[of] p1a: Tapu Fini
|turn|28
|
|t:|1655838008
|switch|p2a: Tapu Lele|Tapu Lele|39/100 tox
|-fieldstart|move: Psychic Terrain|[from] ability: Psychic Surge|[of] p2a: Tapu Lele
|move|p1a: Tapu Fini|Moonblast|p2a: Tapu Lele
|-damage|p2a: Tapu Lele|22/100 tox
|
|-damage|p2a: Tapu Lele|16/100 tox|[from] psn
|upkeep
|turn|29
|
|t:|1655838016
|move|p1a: Tapu Fini|Moonblast|p2a: Tapu Lele
|-damage|p2a: Tapu Lele|0 fnt
|faint|p2a: Tapu Lele
|
|upkeep
|
|t:|1655838027
|switch|p2a: Heatran|Heatran, F|44/100
|turn|30
|
|t:|1655838037
|switch|p1a: Heatran|Heatran, F|88/100
|-damage|p1a: Heatran|76/100|[from] Stealth Rock
|move|p2a: Heatran|Toxic|p1a: Heatran
|-immune|p1a: Heatran
|
|-heal|p1a: Heatran|82/100|[from] item: Leftovers
|upkeep
|turn|31
|l| Ran Kob
|
|t:|1655838053
|switch|p1a: Mandibuzz|Mandibuzz, F|15/100
|move|p2a: Heatran|Earth Power|p1a: Mandibuzz
|-immune|p1a: Mandibuzz
|
|-sideend|p2: IMSOMALD|move: Aurora Veil
|upkeep
|turn|32
|
|t:|1655838061
|switch|p2a: Ninetales|Ninetales-Alola, M|2/100
|-weather|Hail|[from] ability: Snow Warning|[of] p2a: Ninetales
|move|p1a: Mandibuzz|Roost|p1a: Mandibuzz
|-heal|p1a: Mandibuzz|66/100
|-singleturn|p1a: Mandibuzz|move: Roost
|
|-weather|Hail|[upkeep]
|-fieldend|move: Psychic Terrain
|upkeep
|turn|33
|l| PenguinEnthusiast
|
|t:|1655838068
|move|p2a: Ninetales|Encore|p1a: Mandibuzz
|-start|p1a: Mandibuzz|Encore
|move|p1a: Mandibuzz|Roost|p1a: Mandibuzz
|-heal|p1a: Mandibuzz|100/100
|-singleturn|p1a: Mandibuzz|move: Roost
|
|-weather|Hail|[upkeep]
|upkeep
|turn|34
|
|t:|1655838073
|switch|p1a: Heatran|Heatran, F|82/100
|-damage|p1a: Heatran|69/100|[from] Stealth Rock
|move|p2a: Ninetales|Aurora Veil|p2a: Ninetales
|-sidestart|p2: IMSOMALD|move: Aurora Veil
|
|-weather|Hail|[upkeep]
|-damage|p1a: Heatran|63/100|[from] Hail
|-heal|p1a: Heatran|69/100|[from] item: Leftovers
|upkeep
|turn|35
|
|t:|1655838079
|move|p2a: Ninetales|Hypnosis|p1a: Heatran
|-status|p1a: Heatran|slp|[from] move: Hypnosis
|cant|p1a: Heatran|slp
|
|-weather|Hail|[upkeep]
|-damage|p1a: Heatran|63/100 slp|[from] Hail
|-heal|p1a: Heatran|69/100 slp|[from] item: Leftovers
|upkeep
|turn|36
|
|t:|1655838087
|switch|p2a: Blaziken|Blaziken, F|43/100
|switch|p1a: Mandibuzz|Mandibuzz, F|100/100
|
|-weather|none
|upkeep
|turn|37
|
|t:|1655838094
|move|p2a: Blaziken|Swords Dance|p2a: Blaziken
|-boost|p2a: Blaziken|atk|2
|move|p1a: Mandibuzz|Defog|p2a: Blaziken
|-unboost|p2a: Blaziken|evasion|1
|-sideend|p2: IMSOMALD|move: Aurora Veil
|-sideend|p1: Zees_1OAK|Stealth Rock|[from] move: Defog|[of] p1a: Mandibuzz
|
|-ability|p2a: Blaziken|Speed Boost|boost
|-boost|p2a: Blaziken|spe|1
|upkeep
|turn|38
|
|t:|1655838098
|move|p2a: Blaziken|Thunder Punch|p1a: Mandibuzz
|-supereffective|p1a: Mandibuzz
|-damage|p1a: Mandibuzz|37/100
|move|p1a: Mandibuzz|Foul Play|p2a: Blaziken
|-resisted|p2a: Blaziken
|-damage|p2a: Blaziken|0 fnt
|faint|p2a: Blaziken
|
|upkeep
|
|t:|1655838108
|switch|p2a: Ninetales|Ninetales-Alola, M|2/100
|-weather|Hail|[from] ability: Snow Warning|[of] p2a: Ninetales
|turn|39
|
|t:|1655838116
|move|p2a: Ninetales|Freeze-Dry|p1a: Mandibuzz
|-supereffective|p1a: Mandibuzz
|-crit|p1a: Mandibuzz
|-damage|p1a: Mandibuzz|0 fnt
|faint|p1a: Mandibuzz
|
|-weather|Hail|[upkeep]
|upkeep
|
|t:|1655838121
|switch|p1a: Tapu Fini|Tapu Fini|18/100
|-fieldstart|move: Misty Terrain|[from] ability: Misty Surge|[of] p1a: Tapu Fini
|turn|40
|
|t:|1655838134
|switch|p2a: Garchomp|Garchomp, M|36/100
|move|p1a: Tapu Fini|Surf|p2a: Garchomp
|-damage|p2a: Garchomp|0 fnt
|faint|p2a: Garchomp
|
|-weather|Hail|[upkeep]
|-damage|p1a: Tapu Fini|12/100|[from] Hail
|upkeep
|
|t:|1655838139
|switch|p2a: Dragapult|Dragapult, F|86/100
|turn|41
|
|t:|1655838146
|switch|p1a: Heatran|Heatran, F|69/100 slp
|move|p2a: Dragapult|Dragon Dance|p2a: Dragapult
|-boost|p2a: Dragapult|atk|1
|-boost|p2a: Dragapult|spe|1
|
|-weather|Hail|[upkeep]
|-damage|p2a: Dragapult|80/100|[from] Hail
|-damage|p1a: Heatran|63/100 slp|[from] Hail
|-heal|p1a: Heatran|69/100 slp|[from] item: Leftovers
|upkeep
|turn|42
|
|t:|1655838158
|switch|p1a: Tapu Fini|Tapu Fini|12/100
|move|p2a: Dragapult|Dragon Dance|p2a: Dragapult
|-boost|p2a: Dragapult|atk|1
|-boost|p2a: Dragapult|spe|1
|
|-weather|Hail|[upkeep]
|-damage|p2a: Dragapult|74/100|[from] Hail
|-damage|p1a: Tapu Fini|6/100|[from] Hail
|upkeep
|turn|43
|
|t:|1655838163
|move|p2a: Dragapult|Flamethrower|p1a: Tapu Fini
|-resisted|p1a: Tapu Fini
|-damage|p1a: Tapu Fini|0 fnt
|faint|p1a: Tapu Fini
|
|-weather|none
|upkeep
|-message|Zees_1OAK forfeited.
|
|win|IMSOMALD
|raw|Zees_1OAK's rating: 1699 &rarr; <strong>1678</strong><br />(-21 for losing)
|raw|IMSOMALD's rating: 1681 &rarr; <strong>1702</strong><br />(+21 for winning)
