|j|‽minimax_ai
|j|☆Geenobe
|t:|1667713736
|gametype|singles
|player|p1|minimax_ai|169|1590
|player|p2|Geenobe|101|1719
|teamsize|p1|6
|teamsize|p2|6
|gen|8
|tier|[Gen 8] OU
|rated|
|rule|Sleep Clause Mod: Limit one foe put to sleep
|rule|Species Clause: Limit one of each Pokémon
|rule|OHKO Clause: OHKO moves are banned
|rule|Evasion Items Clause: Evasion items are banned
|rule|Evasion Moves Clause: Evasion moves are banned
|rule|Endless Battle Clause: Forcing endless battles is banned
|rule|HP Percentage Mod: HP is shown in percentages
|rule|Dynamax Clause: You cannot dynamax
|clearpoke
|poke|p1|Rotom-Wash|
|poke|p1|Weavile, M|
|poke|p1|Landorus-Therian, M|
|poke|p1|Heatran, M|
|poke|p1|Tangrowth, M|
|poke|p1|Melmetal|
|poke|p2|Torkoal, M|
|poke|p2|Venusaur, M|
|poke|p2|Regieleki|
|poke|p2|Bisharp, F|
|poke|p2|Charizard, M|
|poke|p2|Landorus-Therian, M|
|teampreview
|inactive|Battle timer is ON: inactive players will automatically lose when time's up. (requested by minimax_ai)
|
|t:|1667713757
|start
|switch|p1a: Landorus|Landorus-Therian, M|100/100
|switch|p2a: Torkoal|Torkoal, M|100/100
|-ability|p1a: Landorus|Intimidate|boost
|-unboost|p2a: Torkoal|atk|1
|-weather|SunnyDay|[from] ability: Drought|[of] p2a: Torkoal
|turn|1
|
|t:|1667713763
|move|p1a: Landorus|U-turn|p2a: Torkoal
|-resisted|p2a: Torkoal
|-damage|p2a: Torkoal|95/100
|
|t:|1667713764
|switch|p1a: Rotom|Rotom-Wash|100/100|[from]move: U-turn
|move|p2a: Torkoal|Toxic|p1a: Rotom
|-status|p1a: Rotom|tox
|
|-weather|SunnyDay|[upkeep]
|-damage|p1a: Rotom|94/100 tox|[from] psn
|upkeep
|turn|2
|
|t:|1667713771
|switch|p1a: Heatran|Heatran, M|100/100
|-item|p1a: Heatran|Air Balloon
|switch|p2a: Venusaur|Venusaur, M|100/100
|
|-weather|SunnyDay|[upkeep]
|upkeep
|turn|3
|j| Skinnybiscuit
|
|t:|1667713784
|switch|p2a: Venusaur 2|Charizard, M|100/100
|move|p1a: Heatran|Eruption|p2a: Venusaur 2
|-resisted|p2a: Venusaur 2
|-damage|p2a: Venusaur 2|24/100
|
|-weather|SunnyDay|[upkeep]
|-damage|p2a: Venusaur 2|12/100|[from] ability: Solar Power|[of] p2a: Venusaur 2
|upkeep
|turn|4
|
|t:|1667713791
|move|p2a: Venusaur 2|Focus Blast|p1a: Heatran|[miss]
|-miss|p2a: Venusaur 2|p1a: Heatran
|move|p1a: Heatran|Stealth Rock|p2a: Venusaur 2
|-sidestart|p2: Geenobe|move: Stealth Rock
|
|-weather|SunnyDay|[upkeep]
|-damage|p2a: Venusaur 2|0 fnt|[from] ability: Solar Power|[of] p2a: Venusaur 2
|faint|p2a: Venusaur 2
|upkeep
|j| Diamond 4 Mid
|
|t:|1667713800
|switch|p2a: Bisharp|Bisharp, F|100/100
|-damage|p2a: Bisharp|95/100|[from] Stealth Rock
|turn|5
|
|t:|1667713806
|move|p2a: Bisharp|Sucker Punch|p1a: Heatran
|-damage|p1a: Heatran|54/100
|-enditem|p1a: Heatran|Air Balloon
|move|p1a: Heatran|Eruption|p2a: Bisharp
|-supereffective|p2a: Bisharp
|-damage|p2a: Bisharp|0 fnt
|faint|p2a: Bisharp
|
|-weather|SunnyDay|[upkeep]
|upkeep
|
|t:|1667713808
|switch|p2a: Venusaur|Venusaur, M|100/100
|-damage|p2a: Venusaur|88/100|[from] Stealth Rock
|turn|6
|
|t:|1667713811
|switch|p1a: Landorus|Landorus-Therian, M|100/100
|-ability|p1a: Landorus|Intimidate|boost
|-unboost|p2a: Venusaur|atk|1
|move|p2a: Venusaur|Growth|p2a: Venusaur
|-boost|p2a: Venusaur|atk|2
|-boost|p2a: Venusaur|spa|2
|
|-weather|SunnyDay|[upkeep]
|upkeep
|turn|7
|
|t:|1667713814
|move|p2a: Venusaur|Weather Ball|p1a: Landorus
|-damage|p1a: Landorus|9/100
|-damage|p2a: Venusaur|78/100|[from] item: Life Orb
|move|p1a: Landorus|U-turn|p2a: Venusaur
|-damage|p2a: Venusaur|51/100
|
|t:|1667713815
|switch|p1a: Weavile|Weavile, M|100/100|[from]move: U-turn
|-ability|p1a: Weavile|Pressure
|
|-weather|SunnyDay|[upkeep]
|upkeep
|turn|8
|
|t:|1667713826
|move|p1a: Weavile|Ice Shard|p2a: Venusaur
|-supereffective|p2a: Venusaur
|-damage|p2a: Venusaur|0 fnt
|faint|p2a: Venusaur
|
|-weather|none
|upkeep
|
|t:|1667713829
|switch|p2a: Regieleki|Regieleki|100/100
|turn|9
|c|☆Geenobe|gg
|-message|Geenobe forfeited.
|
|win|minimax_ai
|raw|minimax_ai's rating: 1590 &rarr; <strong>1617</strong><br />(+27 for winning)
|raw|Geenobe's rating: 1719 &rarr; <strong>1692</strong><br />(-27 for losing)
|l|☆Geenobe
