|j|☆browoo42
|j|☆stopthreat
|t:|1649865416
|gametype|singles
|player|p1|browoo42|1|1688
|player|p2|stopthreat|skier|1724
|teamsize|p1|6
|teamsize|p2|6
|gen|8
|tier|[Gen 8] OU
|rated|
|rule|Sleep Clause Mod: Limit one foe put to sleep
|rule|Species Clause: Limit one of each Pokémon
|rule|OHKO Clause: OHKO moves are banned
|rule|Evasion Moves Clause: Evasion moves are banned
|rule|Endless Battle Clause: Forcing endless battles is banned
|rule|HP Percentage Mod: HP is shown in percentages
|rule|Dynamax Clause: You cannot dynamax
|clearpoke
|poke|p1|Dragonite, M|
|poke|p1|Landorus-Therian, M|
|poke|p1|Mew|
|poke|p1|Tapu Koko|
|poke|p1|Jirachi|
|poke|p1|Crawdaunt, M|
|poke|p2|Dragapult, M|
|poke|p2|Clefable, M|
|poke|p2|Crawdaunt, M|
|poke|p2|Corviknight, M|
|poke|p2|Heatran, F|
|poke|p2|Gastrodon, F|
|teampreview
|inactive|Battle timer is ON: inactive players will automatically lose when time's up. (requested by stopthreat)
|
|t:|1649865437
|start
|switch|p1a: Crawdaunt|Crawdaunt, M|100/100
|switch|p2a: Clefable|Clefable, M|100/100
|turn|1
|
|t:|1649865448
|move|p2a: Clefable|Moonblast|p1a: Crawdaunt
|-supereffective|p1a: Crawdaunt
|-enditem|p1a: Crawdaunt|Focus Sash
|-damage|p1a: Crawdaunt|1/100
|move|p1a: Crawdaunt|Crabhammer|p2a: Clefable|[miss]
|-miss|p1a: Crawdaunt|p2a: Clefable
|
|upkeep
|turn|2
|c|☆browoo42|rip
|c|☆browoo42|gg
|j| M0rD3uR Test
|
|t:|1649865456
|switch|p1a: Jirachi|Jirachi|100/100
|move|p2a: Clefable|Flamethrower|p1a: Jirachi
|-supereffective|p1a: Jirachi
|-damage|p1a: Jirachi|23/100
|-status|p1a: Jirachi|brn
|
|-damage|p1a: Jirachi|17/100 brn|[from] brn
|upkeep
|turn|3
|c|☆browoo42|double rip
|c|☆stopthreat|rip rip
|
|t:|1649865470
|switch|p2a: Gastrodon|Gastrodon, F|100/100
|move|p1a: Jirachi|Trick|p2a: Gastrodon
|-activate|p1a: Jirachi|move: Trick|[of] p2a: Gastrodon
|-item|p2a: Gastrodon|Choice Scarf|[from] move: Trick
|-item|p1a: Jirachi|Leftovers|[from] move: Trick
|
|-heal|p1a: Jirachi|23/100 brn|[from] item: Leftovers
|-damage|p1a: Jirachi|17/100 brn|[from] brn
|upkeep
|turn|4
|
|t:|1649865478
|switch|p1a: Mew|Mew|100/100
|move|p2a: Gastrodon|Scald|p1a: Mew
|-damage|p1a: Mew|76/100
|
|upkeep
|turn|5
|
|t:|1649865506
|switch|p2a: Heatran|Heatran, F|100/100
|move|p1a: Mew|Ice Beam|p2a: Heatran
|-resisted|p2a: Heatran
|-damage|p2a: Heatran|96/100
|-damage|p1a: Mew|66/100|[from] item: Life Orb
|
|-heal|p2a: Heatran|100/100|[from] item: Leftovers
|upkeep
|turn|6
|
|t:|1649865514
|move|p1a: Mew|Earth Power|p2a: Heatran
|-supereffective|p2a: Heatran
|-damage|p2a: Heatran|16/100
|-damage|p1a: Mew|56/100|[from] item: Life Orb
|move|p2a: Heatran|Magma Storm|p1a: Mew
|-damage|p1a: Mew|13/100
|-activate|p1a: Mew|move: Magma Storm|[of] p2a: Heatran
|
|-heal|p2a: Heatran|22/100|[from] item: Leftovers
|-damage|p1a: Mew|1/100|[from] move: Magma Storm|[partiallytrapped]
|upkeep
|turn|7
|inactive|stopthreat has 120 seconds left.
|
|t:|1649865554
|move|p2a: Heatran|Protect|p2a: Heatran
|-singleturn|p2a: Heatran|Protect
|move|p1a: Mew|Giga Drain|p2a: Heatran
|-activate|p2a: Heatran|move: Protect
|
|-heal|p2a: Heatran|28/100|[from] item: Leftovers
|-damage|p1a: Mew|0 fnt|[from] move: Magma Storm|[partiallytrapped]
|faint|p1a: Mew
|upkeep
|
|t:|1649865564
|switch|p1a: Crawdaunt|Crawdaunt, M|1/100
|turn|8
|
|t:|1649865579
|move|p1a: Crawdaunt|Swords Dance|p1a: Crawdaunt
|-boost|p1a: Crawdaunt|atk|2
|move|p2a: Heatran|Earth Power|p1a: Crawdaunt
|-damage|p1a: Crawdaunt|0 fnt
|faint|p1a: Crawdaunt
|
|-heal|p2a: Heatran|34/100|[from] item: Leftovers
|upkeep
|j| ppev
|c|☆browoo42|gg
|
|t:|1649865588
|switch|p1a: Dragonite|Dragonite, M|100/100
|turn|9
|
|t:|1649865594
|switch|p2a: Clefable|Clefable, M|100/100
|move|p1a: Dragonite|Earthquake|p2a: Clefable
|-damage|p2a: Clefable|20/100
|
|upkeep
|turn|10
|c|☆browoo42|gg
|c|☆browoo42|gg
|c|☆browoo42|gg
|c|☆browoo42|gg
|c|☆browoo42|gg
|inactive|stopthreat has 120 seconds left.
|
|t:|1649865602
|switch|p2a: Corviknight|Corviknight, M|100/100
|-ability|p2a: Corviknight|Pressure
|move|p1a: Dragonite|Earthquake|p2a: Corviknight
|-immune|p2a: Corviknight
|
|upkeep
|turn|11
|c|☆stopthreat|gg
|-message|browoo42 forfeited.
|
|win|stopthreat
|raw|browoo42's rating: 1688 &rarr; <strong>1672</strong><br />(-16 for losing)
|raw|stopthreat's rating: 1754 &rarr; <strong>1770</strong><br />(+16 for winning)
|l|☆browoo42
||Ladder isn't responding, score probably updated but might not have (Request timeout).
