|j|☆Highv0ltag3
|j|☆lt91bb bj
|t:|1659139138
|gametype|singles
|player|p1|Highv0ltag3|volo|1838
|player|p2|lt91bb bj|colress|1891
|teamsize|p1|6
|teamsize|p2|6
|gen|8
|tier|[Gen 8] OU
|rated|
|rule|Sleep Clause Mod: Limit one foe put to sleep
|rule|Species Clause: Limit one of each Pokémon
|rule|OHKO Clause: OHKO moves are banned
|rule|Evasion Moves Clause: Evasion moves are banned
|rule|Endless Battle Clause: Forcing endless battles is banned
|rule|HP Percentage Mod: HP is shown in percentages
|rule|Dynamax Clause: You cannot dynamax
|clearpoke
|poke|p1|Tapu Koko|
|poke|p1|Hippowdon, F|
|poke|p1|Blissey, F|
|poke|p1|Dragonite, M|
|poke|p1|Melmetal|
|poke|p1|Toxapex, F|
|poke|p2|Weavile, M|
|poke|p2|Ferrothorn, M|
|poke|p2|Urshifu-*, F|
|poke|p2|Slowking-Galar, F|
|poke|p2|Landorus-Therian, M|
|poke|p2|Tornadus-Therian, M|
|teampreview
|
|t:|1659139155
|start
|switch|p1a: Tapu Koko|Tapu Koko|100/100
|switch|p2a: Urshifu|Urshifu-Rapid-Strike, F|100/100
|-fieldstart|move: Electric Terrain|[from] ability: Electric Surge|[of] p1a: Tapu Koko
|turn|1
|
|t:|1659139161
|switch|p2a: Ferrothorn|Ferrothorn, M|100/100
|move|p1a: Tapu Koko|Volt Switch|p2a: Ferrothorn
|-resisted|p2a: Ferrothorn
|-damage|p2a: Ferrothorn|87/100
|
|t:|1659139165
|switch|p1a: Dragonite|Dragonite, M|100/100|[from]move: Volt Switch
|
|-heal|p2a: Ferrothorn|93/100|[from] item: Leftovers
|upkeep
|turn|2
|
|t:|1659139169
|switch|p2a: Landorus|Landorus-Therian, M|100/100
|-ability|p2a: Landorus|Intimidate|boost
|-unboost|p1a: Dragonite|atk|1
|move|p1a: Dragonite|Flamethrower|p2a: Landorus
|-damage|p2a: Landorus|81/100
|
|-heal|p2a: Landorus|87/100|[from] item: Leftovers
|upkeep
|turn|3
|
|t:|1659139175
|move|p1a: Dragonite|Waterfall|p2a: Landorus
|-supereffective|p2a: Landorus
|-damage|p2a: Landorus|56/100
|move|p2a: Landorus|U-turn|p1a: Dragonite
|-resisted|p1a: Dragonite
|-damage|p1a: Dragonite|96/100
|
|t:|1659139179
|switch|p2a: Weavile|Weavile, M|100/100|[from]move: U-turn
|-ability|p2a: Weavile|Pressure
|
|upkeep
|turn|4
|
|t:|1659139186
|switch|p1a: Toxapex|Toxapex, F|100/100
|move|p2a: Weavile|Knock Off|p1a: Toxapex
|-damage|p1a: Toxapex|69/100
|-enditem|p1a: Toxapex|Shuca Berry|[from] move: Knock Off|[of] p2a: Weavile
|
|upkeep
|turn|5
|
|t:|1659139194
|switch|p2a: Slowking|Slowking-Galar, F, shiny|100/100
|move|p1a: Toxapex|Knock Off|p2a: Slowking
|-supereffective|p2a: Slowking
|-damage|p2a: Slowking|70/100
|-enditem|p2a: Slowking|Assault Vest|[from] move: Knock Off|[of] p1a: Toxapex
|
|-fieldend|move: Electric Terrain
|upkeep
|turn|6
|
|t:|1659139196
|switch|p1a: Blissey|Blissey, F|100/100
|move|p2a: Slowking|Future Sight|p1a: Blissey
|-start|p2a: Slowking|move: Future Sight
|
|upkeep
|turn|7
|j| zReptar
|j| EQ Enrique
|
|t:|1659139201
|switch|p2a: Landorus|Landorus-Therian, M|56/100
|-ability|p2a: Landorus|Intimidate|boost
|-unboost|p1a: Blissey|atk|1
|move|p1a: Blissey|Wish|p1a: Blissey
|
|-heal|p2a: Landorus|62/100|[from] item: Leftovers
|upkeep
|turn|8
|
|t:|1659139205
|switch|p1a: Dragonite|Dragonite, M|96/100
|move|p2a: Landorus|Stealth Rock|p1a: Dragonite
|-sidestart|p1: Highv0ltag3|move: Stealth Rock
|
|-end|p1a: Dragonite|move: Future Sight
|-damage|p1a: Dragonite|36/100
|-heal|p1a: Dragonite|100/100|[from] move: Wish|[wisher] Blissey
|-heal|p2a: Landorus|68/100|[from] item: Leftovers
|upkeep
|turn|9
|
|t:|1659139210
|move|p1a: Dragonite|Defog|p2a: Landorus
|-unboost|p2a: Landorus|evasion|1
|-sideend|p1: Highv0ltag3|Stealth Rock|[from] move: Defog|[of] p1a: Dragonite
|move|p2a: Landorus|U-turn|p1a: Dragonite
|-resisted|p1a: Dragonite
|-damage|p1a: Dragonite|95/100
|j| 76 keys
|
|t:|1659139214
|switch|p2a: Weavile|Weavile, M|100/100|[from]move: U-turn
|-ability|p2a: Weavile|Pressure
|
|upkeep
|turn|10
|j| fardin
|
|t:|1659139220
|switch|p2a: Slowking|Slowking-Galar, F, shiny|100/100
|switch|p1a: Toxapex|Toxapex, F|100/100
|
|upkeep
|turn|11
|
|t:|1659139224
|switch|p1a: Blissey|Blissey, F|100/100
|move|p2a: Slowking|Future Sight|p1a: Blissey
|-start|p2a: Slowking|move: Future Sight
|
|upkeep
|turn|12
|
|t:|1659139227
|switch|p2a: Urshifu|Urshifu-Rapid-Strike, F|100/100
|move|p1a: Blissey|Wish|p1a: Blissey
|
|upkeep
|turn|13
|inactive|Battle timer is ON: inactive players will automatically lose when time's up. (requested by Highv0ltag3)
|
|t:|1659139237
|switch|p1a: Dragonite|Dragonite, M|95/100
|move|p2a: Urshifu|U-turn|p1a: Dragonite
|-resisted|p1a: Dragonite
|-damage|p1a: Dragonite|77/100
|
|t:|1659139244
|switch|p2a: Weavile|Weavile, M|100/100|[from]move: U-turn
|-ability|p2a: Weavile|Pressure
|
|-end|p1a: Dragonite|move: Future Sight
|-damage|p1a: Dragonite|15/100
|-heal|p1a: Dragonite|100/100|[from] move: Wish|[wisher] Blissey
|upkeep
|turn|14
|
|t:|1659139254
|switch|p2a: Slowking|Slowking-Galar, F, shiny|100/100
|switch|p1a: Melmetal|Melmetal|100/100
|
|upkeep
|turn|15
|
|t:|1659139260
|switch|p2a: Ferrothorn|Ferrothorn, M|93/100
|move|p1a: Melmetal|Superpower|p2a: Ferrothorn
|-supereffective|p2a: Ferrothorn
|-crit|p2a: Ferrothorn
|-damage|p2a: Ferrothorn|6/100
|-unboost|p1a: Melmetal|atk|1
|-unboost|p1a: Melmetal|def|1
|-damage|p1a: Melmetal|88/100|[from] ability: Iron Barbs|[of] p2a: Ferrothorn
|
|-heal|p2a: Ferrothorn|12/100|[from] item: Leftovers
|upkeep
|turn|16
|l| 76 keys
|
|t:|1659139272
|switch|p2a: Tornadus|Tornadus-Therian, M|100/100
|move|p1a: Melmetal|Double Iron Bash|p2a: Tornadus
|-damage|p2a: Tornadus|68/100
|-damage|p2a: Tornadus|36/100
|-hitcount|p2a: Tornadus|2
|
|upkeep
|turn|17
|j| OGEIV
|l| OGEIV
|
|t:|1659139276
|move|p2a: Tornadus|U-turn|p1a: Melmetal
|-resisted|p1a: Melmetal
|-damage|p1a: Melmetal|82/100
|
|t:|1659139279
|switch|p2a: Urshifu|Urshifu-Rapid-Strike, F|100/100|[from]move: U-turn
|move|p1a: Melmetal|Double Iron Bash|p2a: Urshifu
|-resisted|p2a: Urshifu
|-damage|p2a: Urshifu|86/100
|-resisted|p2a: Urshifu
|-damage|p2a: Urshifu|71/100
|-hitcount|p2a: Urshifu|2
|
|upkeep
|turn|18
|
|t:|1659139285
|switch|p1a: Tapu Koko|Tapu Koko|100/100
|-fieldstart|move: Electric Terrain|[from] ability: Electric Surge|[of] p1a: Tapu Koko
|move|p2a: Urshifu|U-turn|p1a: Tapu Koko
|-resisted|p1a: Tapu Koko
|-damage|p1a: Tapu Koko|79/100
|
|t:|1659139289
|switch|p2a: Ferrothorn|Ferrothorn, M|12/100|[from]move: U-turn
|
|-heal|p2a: Ferrothorn|18/100|[from] item: Leftovers
|upkeep
|turn|19
|j| Mara Sattei
|l| Mara Sattei
|
|t:|1659139294
|switch|p2a: Landorus|Landorus-Therian, M|68/100
|-ability|p2a: Landorus|Intimidate|boost
|-unboost|p1a: Tapu Koko|atk|1
|move|p1a: Tapu Koko|Volt Switch|p2a: Landorus
|-immune|p2a: Landorus
|
|-heal|p2a: Landorus|74/100|[from] item: Leftovers
|upkeep
|turn|20
|
|t:|1659139299
|move|p1a: Tapu Koko|Toxic|p2a: Landorus
|-status|p2a: Landorus|tox
|move|p2a: Landorus|Stealth Rock|p1a: Tapu Koko
|-sidestart|p1: Highv0ltag3|move: Stealth Rock
|
|-heal|p2a: Landorus|80/100 tox|[from] item: Leftovers
|-damage|p2a: Landorus|74/100 tox|[from] psn
|upkeep
|turn|21
|
|t:|1659139303
|move|p1a: Tapu Koko|Roost|p1a: Tapu Koko
|-heal|p1a: Tapu Koko|100/100
|-singleturn|p1a: Tapu Koko|move: Roost
|move|p2a: Landorus|U-turn|p1a: Tapu Koko
|-resisted|p1a: Tapu Koko
|-damage|p1a: Tapu Koko|89/100
|
|t:|1659139307
|switch|p2a: Slowking|Slowking-Galar, F, shiny|100/100|[from]move: U-turn
|
|upkeep
|turn|22
|
|t:|1659139311
|switch|p2a: Landorus|Landorus-Therian, M|74/100 tox
|-ability|p2a: Landorus|Intimidate|boost
|-unboost|p1a: Tapu Koko|atk|1
|move|p1a: Tapu Koko|Volt Switch|p2a: Landorus
|-immune|p2a: Landorus
|
|-heal|p2a: Landorus|80/100 tox|[from] item: Leftovers
|-damage|p2a: Landorus|74/100 tox|[from] psn
|-fieldend|move: Electric Terrain
|upkeep
|turn|23
|
|t:|1659139316
|move|p1a: Tapu Koko|U-turn|p2a: Landorus
|-resisted|p2a: Landorus
|-damage|p2a: Landorus|71/100 tox
|
|t:|1659139321
|switch|p1a: Hippowdon|Hippowdon, F|100/100|[from]move: U-turn
|-damage|p1a: Hippowdon|94/100|[from] Stealth Rock
|move|p2a: Landorus|U-turn|p1a: Hippowdon
|-damage|p1a: Hippowdon|82/100
|-damage|p2a: Landorus|54/100 tox|[from] item: Rocky Helmet|[of] p1a: Hippowdon
|
|t:|1659139326
|switch|p2a: Urshifu|Urshifu-Rapid-Strike, F|71/100|[from]move: U-turn
|
|upkeep
|turn|24
|
|t:|1659139334
|move|p2a: Urshifu|Surging Strikes|p1a: Hippowdon
|-supereffective|p1a: Hippowdon
|-crit|p1a: Hippowdon
|-damage|p1a: Hippowdon|52/100
|-damage|p2a: Urshifu|54/100|[from] item: Rocky Helmet|[of] p1a: Hippowdon
|-supereffective|p1a: Hippowdon
|-crit|p1a: Hippowdon
|-damage|p1a: Hippowdon|20/100
|-damage|p2a: Urshifu|38/100|[from] item: Rocky Helmet|[of] p1a: Hippowdon
|-supereffective|p1a: Hippowdon
|-crit|p1a: Hippowdon
|-damage|p1a: Hippowdon|0 fnt
|-damage|p2a: Urshifu|22/100|[from] item: Rocky Helmet|[of] p1a: Hippowdon
|faint|p1a: Hippowdon
|-hitcount|p1: Hippowdon|3
|
|upkeep
|
|t:|1659139340
|switch|p1a: Dragonite|Dragonite, M|100/100
|turn|25
|l| fardin
|
|t:|1659139357
|switch|p2a: Weavile|Weavile, M|100/100
|-ability|p2a: Weavile|Pressure
|move|p1a: Dragonite|Defog|p2a: Weavile
|-unboost|p2a: Weavile|evasion|1
|-sideend|p1: Highv0ltag3|Stealth Rock|[from] move: Defog|[of] p1a: Dragonite
|
|upkeep
|turn|26
|
|t:|1659139365
|switch|p2a: Slowking|Slowking-Galar, F, shiny|100/100
|switch|p1a: Melmetal|Melmetal|82/100
|
|upkeep
|turn|27
|
|t:|1659139387
|switch|p2a: Ferrothorn|Ferrothorn, M|18/100
|move|p1a: Melmetal|Double Iron Bash|p2a: Ferrothorn
|-resisted|p2a: Ferrothorn
|-damage|p2a: Ferrothorn|5/100
|-damage|p1a: Melmetal|69/100|[from] ability: Iron Barbs|[of] p2a: Ferrothorn
|-resisted|p2a: Ferrothorn
|-damage|p2a: Ferrothorn|0 fnt
|-damage|p1a: Melmetal|57/100|[from] ability: Iron Barbs|[of] p2a: Ferrothorn
|faint|p2a: Ferrothorn
|-hitcount|p2: Ferrothorn|2
|
|upkeep
|
|t:|1659139393
|switch|p2a: Landorus|Landorus-Therian, M|54/100 tox
|-ability|p2a: Landorus|Intimidate|boost
|-unboost|p1a: Melmetal|atk|1
|turn|28
|j| North
|
|t:|1659139396
|switch|p1a: Dragonite|Dragonite, M|100/100
|move|p2a: Landorus|Stealth Rock|p1a: Dragonite
|-sidestart|p1: Highv0ltag3|move: Stealth Rock
|
|-heal|p2a: Landorus|60/100 tox|[from] item: Leftovers
|-damage|p2a: Landorus|54/100 tox|[from] psn
|upkeep
|turn|29
|
|t:|1659139399
|move|p1a: Dragonite|Defog|p2a: Landorus
|-unboost|p2a: Landorus|evasion|1
|-sideend|p1: Highv0ltag3|Stealth Rock|[from] move: Defog|[of] p1a: Dragonite
|move|p2a: Landorus|U-turn|p1a: Dragonite
|-resisted|p1a: Dragonite
|-damage|p1a: Dragonite|95/100
|j| Ernstbusch
|
|t:|1659139405
|switch|p2a: Slowking|Slowking-Galar, F, shiny|100/100|[from]move: U-turn
|
|upkeep
|turn|30
|
|t:|1659139407
|switch|p1a: Blissey|Blissey, F|100/100
|move|p2a: Slowking|Future Sight|p1a: Blissey
|-start|p2a: Slowking|move: Future Sight
|
|upkeep
|turn|31
|
|t:|1659139416
|switch|p2a: Urshifu|Urshifu-Rapid-Strike, F|22/100
|move|p1a: Blissey|Wish|p1a: Blissey
|
|upkeep
|turn|32
|
|t:|1659139430
|switch|p1a: Dragonite|Dragonite, M|95/100
|move|p2a: Urshifu|Close Combat|p1a: Dragonite
|-resisted|p1a: Dragonite
|-damage|p1a: Dragonite|47/100
|-unboost|p2a: Urshifu|def|1
|-unboost|p2a: Urshifu|spd|1
|
|-end|p1a: Dragonite|move: Future Sight
|-damage|p1a: Dragonite|0 fnt
|faint|p1a: Dragonite
|upkeep
|
|t:|1659139436
|switch|p1a: Tapu Koko|Tapu Koko|89/100
|-fieldstart|move: Electric Terrain|[from] ability: Electric Surge|[of] p1a: Tapu Koko
|turn|33
|j| tubitr
|
|t:|1659139452
|switch|p1a: Blissey|Blissey, F|100/100
|switch|p2a: Slowking|Slowking-Galar, F, shiny|100/100
|
|upkeep
|turn|34
|
|t:|1659139459
|move|p1a: Blissey|Wish|p1a: Blissey
|move|p2a: Slowking|Future Sight|p1a: Blissey
|-start|p2a: Slowking|move: Future Sight
|
|upkeep
|turn|35
|
|t:|1659139466
|switch|p1a: Tapu Koko|Tapu Koko|89/100
|switch|p2a: Urshifu|Urshifu-Rapid-Strike, F|22/100
|
|-heal|p1a: Tapu Koko|100/100|[from] move: Wish|[wisher] Blissey
|upkeep
|turn|36
|
|t:|1659139475
|switch|p2a: Landorus|Landorus-Therian, M|54/100 tox
|-ability|p2a: Landorus|Intimidate|boost
|-unboost|p1a: Tapu Koko|atk|1
|move|p1a: Tapu Koko|U-turn|p2a: Landorus
|-resisted|p2a: Landorus
|-crit|p2a: Landorus
|-damage|p2a: Landorus|43/100 tox
|
|t:|1659139477
|switch|p1a: Blissey|Blissey, F|100/100|[from]move: U-turn
|
|-end|p1a: Blissey|move: Future Sight
|-damage|p1a: Blissey|82/100
|-heal|p2a: Landorus|49/100 tox|[from] item: Leftovers
|-heal|p1a: Blissey|88/100|[from] item: Leftovers
|-damage|p2a: Landorus|43/100 tox|[from] psn
|upkeep
|turn|37
|
|t:|1659139487
|move|p2a: Landorus|Earthquake|p1a: Blissey
|-damage|p1a: Blissey|49/100
|move|p1a: Blissey|Wish|p1a: Blissey
|
|-heal|p2a: Landorus|49/100 tox|[from] item: Leftovers
|-heal|p1a: Blissey|55/100|[from] item: Leftovers
|-damage|p2a: Landorus|37/100 tox|[from] psn
|-fieldend|move: Electric Terrain
|upkeep
|turn|38
|
|t:|1659139492
|move|p1a: Blissey|Protect|p1a: Blissey
|-singleturn|p1a: Blissey|Protect
|move|p2a: Landorus|Stealth Rock|p1a: Blissey
|-sidestart|p1: Highv0ltag3|move: Stealth Rock
|
|-heal|p1a: Blissey|100/100|[from] move: Wish|[wisher] Blissey
|-heal|p2a: Landorus|43/100 tox|[from] item: Leftovers
|-damage|p2a: Landorus|25/100 tox|[from] psn
|upkeep
|turn|39
|
|t:|1659139495
|move|p2a: Landorus|U-turn|p1a: Blissey
|-damage|p1a: Blissey|82/100
|
|t:|1659139502
|switch|p2a: Slowking|Slowking-Galar, F, shiny|100/100|[from]move: U-turn
|move|p1a: Blissey|Wish|p1a: Blissey
|
|-heal|p1a: Blissey|88/100|[from] item: Leftovers
|upkeep
|turn|40
|l| Ernstbusch
|
|t:|1659139507
|switch|p1a: Melmetal|Melmetal|57/100
|-damage|p1a: Melmetal|51/100|[from] Stealth Rock
|switch|p2a: Urshifu|Urshifu-Rapid-Strike, F|22/100
|
|-heal|p1a: Melmetal|100/100|[from] move: Wish|[wisher] Blissey
|upkeep
|turn|41
|
|t:|1659139511
|switch|p1a: Toxapex|Toxapex, F|100/100
|-damage|p1a: Toxapex|88/100|[from] Stealth Rock
|move|p2a: Urshifu|U-turn|p1a: Toxapex
|-resisted|p1a: Toxapex
|-damage|p1a: Toxapex|76/100
|
|t:|1659139513
|switch|p2a: Slowking|Slowking-Galar, F, shiny|100/100|[from]move: U-turn
|
|upkeep
|turn|42
|
|t:|1659139516
|switch|p1a: Melmetal|Melmetal|100/100
|-damage|p1a: Melmetal|94/100|[from] Stealth Rock
|move|p2a: Slowking|Future Sight|p1a: Melmetal
|-start|p2a: Slowking|move: Future Sight
|
|upkeep
|turn|43
|
|t:|1659139524
|switch|p2a: Weavile|Weavile, M|100/100
|-ability|p2a: Weavile|Pressure
|move|p1a: Melmetal|Double Iron Bash|p2a: Weavile
|-supereffective|p2a: Weavile
|-damage|p2a: Weavile|0 fnt
|faint|p2a: Weavile
|-hitcount|p2: Weavile|1
|
|upkeep
|
|t:|1659139526
|switch|p2a: Urshifu|Urshifu-Rapid-Strike, F|22/100
|turn|44
|
|t:|1659139547
|switch|p1a: Blissey|Blissey, F|88/100
|-damage|p1a: Blissey|75/100|[from] Stealth Rock
|move|p2a: Urshifu|Close Combat|p1a: Blissey
|-supereffective|p1a: Blissey
|-damage|p1a: Blissey|0 fnt
|-unboost|p2a: Urshifu|def|1
|-unboost|p2a: Urshifu|spd|1
|faint|p1a: Blissey
|
|-hint|Future Sight did not hit because the target is fainted.
|upkeep
|
|t:|1659139549
|switch|p1a: Tapu Koko|Tapu Koko|100/100
|-fieldstart|move: Electric Terrain|[from] ability: Electric Surge|[of] p1a: Tapu Koko
|turn|45
|j| Ernstbusch
|
|t:|1659139565
|switch|p2a: Slowking|Slowking-Galar, F, shiny|100/100
|move|p1a: Tapu Koko|Volt Switch|p2a: Slowking
|-damage|p2a: Slowking|78/100
|
|t:|1659139567
|switch|p1a: Melmetal|Melmetal|94/100|[from]move: Volt Switch
|-damage|p1a: Melmetal|88/100|[from] Stealth Rock
|
|upkeep
|turn|46
|
|t:|1659139584
|switch|p2a: Tornadus|Tornadus-Therian, M|69/100
|move|p1a: Melmetal|Double Iron Bash|p2a: Tornadus
|-damage|p2a: Tornadus|25/100
|-damage|p2a: Tornadus|0 fnt
|faint|p2a: Tornadus
|-hitcount|p2: Tornadus|2
|
|upkeep
|
|t:|1659139586
|switch|p2a: Urshifu|Urshifu-Rapid-Strike, F|22/100
|turn|47
|
|t:|1659139591
|switch|p1a: Toxapex|Toxapex, F|100/100
|-damage|p1a: Toxapex|88/100|[from] Stealth Rock
|move|p2a: Urshifu|U-turn|p1a: Toxapex
|-resisted|p1a: Toxapex
|-damage|p1a: Toxapex|76/100
|
|t:|1659139593
|switch|p2a: Slowking|Slowking-Galar, F, shiny|100/100|[from]move: U-turn
|
|upkeep
|turn|48
|
|t:|1659139601
|switch|p1a: Melmetal|Melmetal|88/100
|-damage|p1a: Melmetal|82/100|[from] Stealth Rock
|switch|p2a: Urshifu|Urshifu-Rapid-Strike, F|22/100
|
|upkeep
|turn|49
|
|t:|1659139604
|switch|p1a: Toxapex|Toxapex, F|100/100
|-damage|p1a: Toxapex|88/100|[from] Stealth Rock
|move|p2a: Urshifu|U-turn|p1a: Toxapex
|-resisted|p1a: Toxapex
|-damage|p1a: Toxapex|76/100
|
|t:|1659139606
|switch|p2a: Slowking|Slowking-Galar, F, shiny|100/100|[from]move: U-turn
|
|-fieldend|move: Electric Terrain
|upkeep
|turn|50
|
|t:|1659139615
|switch|p1a: Tapu Koko|Tapu Koko|100/100
|-fieldstart|move: Electric Terrain|[from] ability: Electric Surge|[of] p1a: Tapu Koko
|switch|p2a: Urshifu|Urshifu-Rapid-Strike, F|22/100
|
|upkeep
|turn|51
|
|t:|1659139620
|switch|p2a: Landorus|Landorus-Therian, M|25/100 tox
|-ability|p2a: Landorus|Intimidate|boost
|-unboost|p1a: Tapu Koko|atk|1
|move|p1a: Tapu Koko|U-turn|p2a: Landorus
|-resisted|p2a: Landorus
|-damage|p2a: Landorus|20/100 tox
|
|t:|1659139624
|switch|p1a: Toxapex|Toxapex, F|100/100|[from]move: U-turn
|-damage|p1a: Toxapex|88/100|[from] Stealth Rock
|
|-heal|p2a: Landorus|26/100 tox|[from] item: Leftovers
|-damage|p2a: Landorus|20/100 tox|[from] psn
|upkeep
|turn|52
|
|t:|1659139631
|move|p2a: Landorus|U-turn|p1a: Toxapex
|-resisted|p1a: Toxapex
|-damage|p1a: Toxapex|81/100
|
|t:|1659139633
|switch|p2a: Slowking|Slowking-Galar, F, shiny|100/100|[from]move: U-turn
|move|p1a: Toxapex|Knock Off|p2a: Slowking
|-supereffective|p2a: Slowking
|-damage|p2a: Slowking|82/100
|
|upkeep
|turn|53
|
|t:|1659139637
|switch|p1a: Melmetal|Melmetal|82/100
|-damage|p1a: Melmetal|76/100|[from] Stealth Rock
|switch|p2a: Urshifu|Urshifu-Rapid-Strike, F|22/100
|
|upkeep
|turn|54
|l| tubitr
|
|t:|1659139641
|switch|p1a: Toxapex|Toxapex, F|100/100
|-damage|p1a: Toxapex|88/100|[from] Stealth Rock
|move|p2a: Urshifu|U-turn|p1a: Toxapex
|-resisted|p1a: Toxapex
|-damage|p1a: Toxapex|77/100
|
|t:|1659139642
|switch|p2a: Slowking|Slowking-Galar, F, shiny|100/100|[from]move: U-turn
|
|-fieldend|move: Electric Terrain
|upkeep
|turn|55
|
|t:|1659139647
|switch|p1a: Melmetal|Melmetal|76/100
|-damage|p1a: Melmetal|70/100|[from] Stealth Rock
|move|p2a: Slowking|Flamethrower|p1a: Melmetal
|-supereffective|p1a: Melmetal
|-damage|p1a: Melmetal|41/100
|
|upkeep
|turn|56
|j| london13
|
|t:|1659139656
|move|p1a: Melmetal|Double Iron Bash|p2a: Slowking
|-damage|p2a: Slowking|51/100
|-damage|p2a: Slowking|9/100
|-hitcount|p2a: Slowking|2
|move|p2a: Slowking|Flamethrower|p1a: Melmetal
|-supereffective|p1a: Melmetal
|-damage|p1a: Melmetal|12/100
|
|upkeep
|turn|57
|
|t:|1659139666
|switch|p2a: Landorus|Landorus-Therian, M|20/100 tox
|-ability|p2a: Landorus|Intimidate|boost
|-unboost|p1a: Melmetal|atk|1
|move|p1a: Melmetal|Ice Punch|p2a: Landorus
|-supereffective|p2a: Landorus
|-damage|p2a: Landorus|0 fnt
|faint|p2a: Landorus
|
|upkeep
|
|t:|1659139671
|switch|p2a: Urshifu|Urshifu-Rapid-Strike, F|22/100
|turn|58
|
|t:|1659139674
|switch|p1a: Toxapex|Toxapex, F|100/100
|-damage|p1a: Toxapex|88/100|[from] Stealth Rock
|move|p2a: Urshifu|U-turn|p1a: Toxapex
|-resisted|p1a: Toxapex
|-damage|p1a: Toxapex|78/100
|
|t:|1659139675
|switch|p2a: Slowking|Slowking-Galar, F, shiny|42/100|[from]move: U-turn
|
|upkeep
|turn|59
|
|t:|1659139685
|move|p1a: Toxapex|Knock Off|p2a: Slowking
|-supereffective|p2a: Slowking
|-damage|p2a: Slowking|21/100
|move|p2a: Slowking|Future Sight|p1a: Toxapex
|-start|p2a: Slowking|move: Future Sight
|
|upkeep
|turn|60
|
|t:|1659139694
|switch|p2a: Urshifu|Urshifu-Rapid-Strike, F|22/100
|move|p1a: Toxapex|Knock Off|p2a: Urshifu
|-resisted|p2a: Urshifu
|-damage|p2a: Urshifu|15/100
|-enditem|p2a: Urshifu|Choice Band|[from] move: Knock Off|[of] p1a: Toxapex
|
|upkeep
|turn|61
|
|t:|1659139699
|move|p2a: Urshifu|U-turn|p1a: Toxapex
|-resisted|p1a: Toxapex
|-damage|p1a: Toxapex|71/100
|
|t:|1659139701
|switch|p2a: Slowking|Slowking-Galar, F, shiny|55/100|[from]move: U-turn
|move|p1a: Toxapex|Knock Off|p2a: Slowking
|-supereffective|p2a: Slowking
|-damage|p2a: Slowking|36/100
|
|-end|p1a: Toxapex|move: Future Sight
|-supereffective|p1a: Toxapex
|-damage|p1a: Toxapex|0 fnt
|faint|p1a: Toxapex
|upkeep
|
|t:|1659139704
|switch|p1a: Melmetal|Melmetal|12/100
|-damage|p1a: Melmetal|6/100|[from] Stealth Rock
|turn|62
|
|t:|1659139721
|move|p1a: Melmetal|Thunder Punch|p2a: Slowking
|-damage|p2a: Slowking|0 fnt
|faint|p2a: Slowking
|
|upkeep
|
|t:|1659139724
|switch|p2a: Urshifu|Urshifu-Rapid-Strike, F|15/100
|turn|63
|c|☆Highv0ltag3|Gg
|c|☆Highv0ltag3|Wp
|-message|lt91bb bj forfeited.
|
|win|Highv0ltag3
|raw|Highv0ltag3's rating: 1838 &rarr; <strong>1861</strong><br />(+23 for winning)
|raw|lt91bb bj's rating: 1891 &rarr; <strong>1868</strong><br />(-23 for losing)
|l|☆lt91bb bj
|l|☆Highv0ltag3
|l| zReptar
||Ladder isn't responding, score probably updated but might not have (Request timeout).
|l| Ernstbusch
|l| london13
