|j|☆tanishq1
|j|☆LolzMachine
|t:|1610291598
|player|p1|tanishq1|1|1766
|player|p2|LolzMachine|294|1817
|teamsize|p1|6
|teamsize|p2|6
|gametype|singles
|gen|8
|tier|[Gen 8] OU
|rated|
|clearpoke
|poke|p1|Urshifu-*, F|
|poke|p1|Clefable, M|
|poke|p1|Nidoking, M|
|poke|p1|Zapdos|
|poke|p1|Porygon2|
|poke|p1|Heatran, F|
|poke|p2|Aggron, F|
|poke|p2|Araquanid, F|
|poke|p2|Garchomp, M|
|poke|p2|Zapdos-Galar|
|poke|p2|Obstagoon, M|
|poke|p2|Regieleki|
|rule|Sleep Clause Mod: Limit one foe put to sleep
|rule|Species Clause: Limit one of each Pokémon
|rule|OHKO Clause: OHKO moves are banned
|rule|Evasion Moves Clause: Evasion moves are banned
|rule|Endless Battle Clause: Forcing endless battles is banned
|rule|HP Percentage Mod: HP is shown in percentages
|rule|Dynamax Clause: You cannot dynamax
|teampreview
|inactive|Battle timer is ON: inactive players will automatically lose when time's up. (requested by tanishq1)
|j| flesh world
|
|t:|1610291607
|start
|switch|p1a: Zapdos|Zapdos, shiny|100/100
|switch|p2a: Araquanid|Araquanid, F|100/100
|turn|1
|
|t:|1610291612
|move|p1a: Zapdos|Hurricane|p2a: Araquanid|[miss]
|-miss|p1a: Zapdos|p2a: Araquanid
|move|p2a: Araquanid|Sticky Web|p1a: Zapdos
|-sidestart|p1: tanishq1|move: Sticky Web
|
|upkeep
|turn|2
|
|t:|1610291614
|switch|p2a: Aggron|Aggron, F|100/100
|move|p1a: Zapdos|Hurricane|p2a: Aggron
|-resisted|p2a: Aggron
|-damage|p2a: Aggron|79/100
|
|upkeep
|turn|3
|j| 0zorcNecropHADES
|
|t:|1610291617
|move|p1a: Zapdos|Volt Switch|p2a: Aggron
|-damage|p2a: Aggron|24/100
|
|t:|1610291622
|switch|p1a: Clefable|Clefable, M, shiny|100/100|[from]move: Volt Switch
|-activate|p1a: Clefable|move: Sticky Web
|-unboost|p1a: Clefable|spe|1
|move|p2a: Aggron|Head Smash|p1a: Clefable
|-damage|p1a: Clefable|20/100
|-damage|p2a: Aggron|7/100|[from] item: Rocky Helmet|[of] p1a: Clefable
|
|upkeep
|turn|4
|
|t:|1610291625
|move|p2a: Aggron|Head Smash|p1a: Clefable
|-damage|p1a: Clefable|0 fnt
|-damage|p2a: Aggron|0 fnt|[from] item: Rocky Helmet|[of] p1a: Clefable
|faint|p1a: Clefable
|faint|p2a: Aggron
|
|upkeep
|
|t:|1610291629
|switch|p2a: Obstagoon|Obstagoon, M|100/100
|switch|p1a: Zapdos|Zapdos, shiny|100/100
|turn|5
|
|t:|1610291631
|move|p2a: Obstagoon|Taunt|p1a: Zapdos
|-start|p1a: Zapdos|move: Taunt
|cant|p1a: Zapdos|move: Taunt|Defog
|
|-status|p2a: Obstagoon|brn|[from] item: Flame Orb
|upkeep
|turn|6
|
|t:|1610291634
|move|p2a: Obstagoon|Facade|p1a: Zapdos
|-damage|p1a: Zapdos|37/100
|move|p1a: Zapdos|Volt Switch|p2a: Obstagoon
|-damage|p2a: Obstagoon|64/100 brn
|
|t:|1610291637
|switch|p1a: Porygon2|Porygon2, shiny|100/100|[from]move: Volt Switch
|-activate|p1a: Porygon2|move: Sticky Web
|-unboost|p1a: Porygon2|spe|1
|-ability|p1a: Porygon2|Guts|[from] ability: Trace|[of] p2a: Obstagoon
|
|-damage|p2a: Obstagoon|58/100 brn|[from] brn
|upkeep
|turn|7
|
|t:|1610291641
|move|p2a: Obstagoon|Knock Off|p1a: Porygon2
|-damage|p1a: Porygon2|69/100
|-enditem|p1a: Porygon2|Eviolite|[from] move: Knock Off|[of] p2a: Obstagoon
|move|p1a: Porygon2|Teleport|p1a: Porygon2
|
|t:|1610291646
|switch|p1a: Urshifu|Urshifu-Rapid-Strike, F, shiny|100/100|[from]move: Teleport
|-activate|p1a: Urshifu|move: Sticky Web
|-unboost|p1a: Urshifu|spe|1
|
|-damage|p2a: Obstagoon|52/100 brn|[from] brn
|upkeep
|turn|8
|
|t:|1610291650
|switch|p2a: Garchomp|Garchomp, M|100/100
|move|p1a: Urshifu|Close Combat|p2a: Garchomp
|-damage|p2a: Garchomp|18/100
|-unboost|p1a: Urshifu|def|1
|-unboost|p1a: Urshifu|spd|1
|-damage|p1a: Urshifu|88/100|[from] ability: Rough Skin|[of] p2a: Garchomp
|-damage|p1a: Urshifu|72/100|[from] item: Rocky Helmet|[of] p2a: Garchomp
|
|upkeep
|turn|9
|j| allo-oui-bijour
|
|t:|1610291656
|switch|p2a: Obstagoon|Obstagoon, M|52/100 brn
|switch|p1a: Porygon2|Porygon2, shiny|69/100
|-activate|p1a: Porygon2|move: Sticky Web
|-unboost|p1a: Porygon2|spe|1
|-ability|p1a: Porygon2|Guts|[from] ability: Trace|[of] p2a: Obstagoon
|
|-damage|p2a: Obstagoon|45/100 brn|[from] brn
|upkeep
|turn|10
|
|t:|1610291659
|move|p2a: Obstagoon|Facade|p1a: Porygon2
|-damage|p1a: Porygon2|10/100
|move|p1a: Porygon2|Foul Play|p2a: Obstagoon
|-resisted|p2a: Obstagoon
|-crit|p2a: Obstagoon
|-damage|p2a: Obstagoon|25/100 brn
|
|-damage|p2a: Obstagoon|19/100 brn|[from] brn
|upkeep
|turn|11
|
|t:|1610291661
|move|p2a: Obstagoon|Facade|p1a: Porygon2
|-damage|p1a: Porygon2|0 fnt
|faint|p1a: Porygon2
|
|-damage|p2a: Obstagoon|13/100 brn|[from] brn
|upkeep
|
|t:|1610291665
|switch|p1a: Urshifu|Urshifu-Rapid-Strike, F, shiny|72/100
|-activate|p1a: Urshifu|move: Sticky Web
|-unboost|p1a: Urshifu|spe|1
|turn|12
|
|t:|1610291671
|switch|p2a: Garchomp|Garchomp, M|18/100
|move|p1a: Urshifu|Aqua Jet|p2a: Garchomp
|-damage|p2a: Garchomp|0 fnt
|-damage|p1a: Urshifu|59/100|[from] ability: Rough Skin|[of] p2a: Garchomp
|-damage|p1a: Urshifu|43/100|[from] item: Rocky Helmet|[of] p2a: Garchomp
|faint|p2a: Garchomp
|
|upkeep
|
|t:|1610291677
|switch|p2a: Zapdos|Zapdos-Galar|100/100
|turn|13
|j| skylink42❤
|
|t:|1610291680
|switch|p1a: Zapdos|Zapdos, shiny|37/100
|move|p2a: Zapdos|Brave Bird|p1a: Zapdos
|-resisted|p1a: Zapdos
|-damage|p1a: Zapdos|15/100
|-damage|p2a: Zapdos|92/100|[from] Recoil
|
|-heal|p2a: Zapdos|98/100|[from] item: Leftovers
|upkeep
|turn|14
|
|t:|1610291682
|move|p2a: Zapdos|Brave Bird|p1a: Zapdos
|-resisted|p1a: Zapdos
|-damage|p1a: Zapdos|0 fnt
|-status|p2a: Zapdos|par|[from] ability: Static|[of] p1a: Zapdos
|-damage|p2a: Zapdos|92/100 par|[from] Recoil
|faint|p1a: Zapdos
|
|-heal|p2a: Zapdos|99/100 par|[from] item: Leftovers
|upkeep
|
|t:|1610291685
|switch|p1a: Nidoking|Nidoking, M, shiny|100/100
|-activate|p1a: Nidoking|move: Sticky Web
|-unboost|p1a: Nidoking|spe|1
|turn|15
|
|t:|1610291687
|move|p1a: Nidoking|Ice Beam|p2a: Zapdos
|-supereffective|p2a: Zapdos
|-damage|p2a: Zapdos|1/100 par
|move|p2a: Zapdos|Brave Bird|p1a: Nidoking
|-damage|p1a: Nidoking|0 fnt
|-damage|p2a: Zapdos|0 fnt|[from] Recoil
|faint|p1a: Nidoking
|faint|p2a: Zapdos
|
|upkeep
|
|t:|1610291692
|switch|p2a: Araquanid|Araquanid, F|100/100
|switch|p1a: Heatran|Heatran, F|100/100
|-activate|p1a: Heatran|move: Sticky Web
|-unboost|p1a: Heatran|spe|1
|turn|16
|
|t:|1610291693
|move|p1a: Heatran|Eruption|p2a: Araquanid
|-damage|p2a: Araquanid|61/100
|move|p2a: Araquanid|Liquidation|p1a: Heatran
|-supereffective|p1a: Heatran
|-damage|p1a: Heatran|0 fnt
|faint|p1a: Heatran
|
|upkeep
|-message|tanishq1 forfeited.
|
|win|LolzMachine
|l|☆tanishq1
|raw|tanishq1's rating: 1766 &rarr; <strong>1748</strong><br />(-18 for losing)
|raw|LolzMachine's rating: 1817 &rarr; <strong>1834</strong><br />(+17 for winning)
|l|☆LolzMachine
