|j|☆corumba
|j|☆Lemon Ginger
|t:|1656766415
|gametype|singles
|player|p1|corumba|2|1812
|player|p2|Lemon Ginger|266|1766
|teamsize|p1|6
|teamsize|p2|6
|gen|8
|tier|[Gen 8] OU
|rated|
|rule|Sleep Clause Mod: Limit one foe put to sleep
|rule|Species Clause: Limit one of each Pokémon
|rule|OHKO Clause: OHKO moves are banned
|rule|Evasion Moves Clause: Evasion moves are banned
|rule|Endless Battle Clause: Forcing endless battles is banned
|rule|HP Percentage Mod: HP is shown in percentages
|rule|Dynamax Clause: You cannot dynamax
|clearpoke
|poke|p1|Shuckle, M|
|poke|p1|Silvally-*|
|poke|p1|Rillaboom, F|
|poke|p1|Kommo-o, F|
|poke|p1|Mimikyu, M|
|poke|p1|Blaziken, M|
|poke|p2|Blacephalon|
|poke|p2|Tapu Lele|
|poke|p2|Landorus-Therian, M|
|poke|p2|Slurpuff, M|
|poke|p2|Regieleki|
|poke|p2|Gengar, M|
|teampreview
|
|t:|1656766425
|start
|switch|p1a: Shuckle|Shuckle, M|100/100
|switch|p2a: Slurpuff|Slurpuff, M|100/100
|turn|1
|c|☆corumba|i now like lemon ginger tea again
|c|☆corumba|since our last game
|c|☆corumba|it needs honey though
|
|t:|1656766445
|move|p2a: Slurpuff|Magic Coat|p2a: Slurpuff
|-singleturn|p2a: Slurpuff|move: Magic Coat
|move|p1a: Shuckle|Sticky Web|p2a: Slurpuff
|move|p2a: Slurpuff|Sticky Web|p1a: Shuckle|[from]Magic Coat
|-sidestart|p1: corumba|move: Sticky Web
|
|upkeep
|turn|2
|c|☆Lemon Ginger|Mm yes, honey is a good sweetener
|
|t:|1656766463
|move|p2a: Slurpuff|Magic Coat|p2a: Slurpuff
|-singleturn|p2a: Slurpuff|move: Magic Coat
|move|p1a: Shuckle|Stealth Rock|p2a: Slurpuff
|move|p2a: Slurpuff|Stealth Rock|p1a: Shuckle|[from]Magic Coat
|-sidestart|p1: corumba|move: Stealth Rock
|
|upkeep
|turn|3
|
|t:|1656766466
|move|p2a: Slurpuff|Magic Coat|p2a: Slurpuff
|-singleturn|p2a: Slurpuff|move: Magic Coat
|move|p1a: Shuckle|Sticky Web|p2a: Slurpuff
|move|p2a: Slurpuff|Sticky Web||[from]Magic Coat|[still]
|-fail|p2a: Slurpuff
|
|upkeep
|turn|4
|
|t:|1656766472
|move|p2a: Slurpuff|Yawn|p1a: Shuckle
|-start|p1a: Shuckle|move: Yawn|[of] p2a: Slurpuff
|move|p1a: Shuckle|Stealth Rock|p2a: Slurpuff
|-sidestart|p2: Lemon Ginger|move: Stealth Rock
|
|upkeep
|turn|5
|
|t:|1656766475
|move|p2a: Slurpuff|Magic Coat|p2a: Slurpuff
|-singleturn|p2a: Slurpuff|move: Magic Coat
|move|p1a: Shuckle|Final Gambit|p2a: Slurpuff
|-damage|p2a: Slurpuff|21/100
|faint|p1a: Shuckle
|
|upkeep
|j| Peepeepoopoo72
|
|t:|1656766485
|switch|p1a: Rillaboom|Rillaboom, F|100/100
|-activate|p1a: Rillaboom|move: Sticky Web
|-unboost|p1a: Rillaboom|spe|1
|-damage|p1a: Rillaboom|88/100|[from] Stealth Rock
|-fieldstart|move: Grassy Terrain|[from] ability: Grassy Surge|[of] p1a: Rillaboom
|turn|6
|
|t:|1656766493
|move|p1a: Rillaboom|Grassy Glide|p2a: Slurpuff
|-damage|p2a: Slurpuff|0 fnt
|faint|p2a: Slurpuff
|
|-heal|p1a: Rillaboom|94/100|[from] Grassy Terrain
|upkeep
|
|t:|1656766496
|switch|p2a: Tapu Lele|Tapu Lele|100/100
|-damage|p2a: Tapu Lele|88/100|[from] Stealth Rock
|-fieldstart|move: Psychic Terrain|[from] ability: Psychic Surge|[of] p2a: Tapu Lele
|turn|7
|c|☆corumba|i never got my webs up
|c|☆corumba|lol
|
|t:|1656766511
|move|p2a: Tapu Lele|Psychic|p1a: Rillaboom
|-damage|p1a: Rillaboom|14/100
|move|p1a: Rillaboom|Wood Hammer|p2a: Tapu Lele
|-damage|p2a: Tapu Lele|0 fnt
|faint|p2a: Tapu Lele
|-damage|p1a: Rillaboom|0 fnt|[from] Recoil
|faint|p1a: Rillaboom
|
|upkeep
|
|t:|1656766524
|switch|p2a: Landorus|Landorus-Therian, M|100/100
|switch|p1a: Kommo-o|Kommo-o, F|100/100
|-damage|p2a: Landorus|88/100|[from] Stealth Rock
|-ability|p2a: Landorus|Intimidate|boost
|-unboost|p1a: Kommo-o|atk|1
|-activate|p1a: Kommo-o|move: Sticky Web
|-unboost|p1a: Kommo-o|spe|1
|-damage|p1a: Kommo-o|94/100|[from] Stealth Rock
|turn|8
|
|t:|1656766530
|move|p2a: Landorus|Explosion|p1a: Kommo-o
|-damage|p1a: Kommo-o|7/100
|faint|p2a: Landorus
|move|p1a: Kommo-o|Dragon Dance|p1a: Kommo-o
|-boost|p1a: Kommo-o|atk|1
|-boost|p1a: Kommo-o|spe|1
|
|upkeep
|
|t:|1656766537
|switch|p2a: Regieleki|Regieleki|100/100
|-damage|p2a: Regieleki|88/100|[from] Stealth Rock
|turn|9
|
|t:|1656766542
|move|p2a: Regieleki|Rapid Spin|p1a: Kommo-o
|-damage|p1a: Kommo-o|0 fnt
|-boost|p2a: Regieleki|spe|1
|-sideend|p2: Lemon Ginger|Stealth Rock|[from] move: Rapid Spin|[of] p2a: Regieleki
|faint|p1a: Kommo-o
|-damage|p2a: Regieleki|78/100|[from] item: Life Orb
|
|upkeep
|
|t:|1656766550
|switch|p1a: Silvally|Silvally-Electric|100/100
|-activate|p1a: Silvally|move: Sticky Web
|-unboost|p1a: Silvally|spe|1
|-damage|p1a: Silvally|88/100|[from] Stealth Rock
|turn|10
|
|t:|1656766559
|move|p2a: Regieleki|Explosion|p1a: Silvally
|-damage|p1a: Silvally|0 fnt
|faint|p2a: Regieleki
|faint|p1a: Silvally
|
|upkeep
|
|t:|1656766566
|switch|p2a: Blacephalon|Blacephalon|100/100
|switch|p1a: Blaziken|Blaziken, M|100/100
|-activate|p1a: Blaziken|move: Sticky Web
|-unboost|p1a: Blaziken|spe|1
|-damage|p1a: Blaziken|88/100|[from] Stealth Rock
|turn|11
|
|t:|1656766576
|move|p2a: Blacephalon|Expanding Force|p1a: Blaziken
|-supereffective|p1a: Blaziken
|-damage|p1a: Blaziken|0 fnt
|faint|p1a: Blaziken
|-ability|p2a: Blacephalon|Beast Boost|boost
|-boost|p2a: Blacephalon|spa|1
|
|upkeep
|j| Zees_1OAK
|
|t:|1656766583
|switch|p1a: Mimikyu|Mimikyu, M|100/100
|-activate|p1a: Mimikyu|move: Sticky Web
|-unboost|p1a: Mimikyu|spe|1
|-damage|p1a: Mimikyu|88/100|[from] Stealth Rock
|turn|12
|
|t:|1656766590
|move|p2a: Blacephalon|Shadow Ball|p1a: Mimikyu
|-activate|p1a: Mimikyu|ability: Disguise
|-damage|p1a: Mimikyu|88/100
|detailschange|p1a: Mimikyu|Mimikyu-Busted, M
|-damage|p1a: Mimikyu|76/100|[from] pokemon: Mimikyu-Busted
|move|p1a: Mimikyu|Shadow Claw|p2a: Blacephalon
|-supereffective|p2a: Blacephalon
|-enditem|p2a: Blacephalon|Focus Sash
|-damage|p2a: Blacephalon|1/100
|-damage|p1a: Mimikyu|66/100|[from] item: Life Orb
|
|upkeep
|turn|13
|c|☆corumba|gg
|-message|corumba forfeited.
|
|win|Lemon Ginger
|raw|corumba's rating: 1812 &rarr; <strong>1789</strong><br />(-23 for losing)
|raw|Lemon Ginger's rating: 1766 &rarr; <strong>1789</strong><br />(+23 for winning)
|l|☆corumba
|c|☆Lemon Ginger|Gg
|l| Peepeepoopoo72
