|j|☆cump2
|j|☆El Stefano
|t:|1658700456
|gametype|singles
|player|p1|cump2|doctor|1732
|player|p2|El Stefano|170|1794
|teamsize|p1|6
|teamsize|p2|6
|gen|8
|tier|[Gen 8] OU
|rated|
|rule|Sleep Clause Mod: Limit one foe put to sleep
|rule|Species Clause: Limit one of each Pokémon
|rule|OHKO Clause: OHKO moves are banned
|rule|Evasion Moves Clause: Evasion moves are banned
|rule|Endless Battle Clause: Forcing endless battles is banned
|rule|HP Percentage Mod: HP is shown in percentages
|rule|Dynamax Clause: You cannot dynamax
|clearpoke
|poke|p1|Heatran, M|
|poke|p1|Latias, F|
|poke|p1|Blissey, F|
|poke|p1|Magnezone|
|poke|p1|Dragonite, M|
|poke|p1|Zeraora|
|poke|p2|Pelipper, F|
|poke|p2|Melmetal|
|poke|p2|Tapu Bulu|
|poke|p2|Tornadus-Therian, M|
|poke|p2|Hippowdon, F|
|poke|p2|Magnezone|
|teampreview
|c|☆cump2|hf
|j| Hella Rare Pepe
|
|t:|1658700466
|start
|switch|p1a: Zeraora|Zeraora, shiny|100/100
|switch|p2a: Melmetal|Melmetal|100/100
|turn|1
|
|t:|1658700479
|switch|p1a: Latias|Latias, F|100/100
|switch|p2a: Hippowdon|Hippowdon, F|100/100
|-weather|Sandstorm|[from] ability: Sand Stream|[of] p2a: Hippowdon
|
|-weather|Sandstorm|[upkeep]
|-damage|p1a: Latias|94/100|[from] Sandstorm
|-heal|p1a: Latias|100/100|[from] item: Leftovers
|upkeep
|turn|2
|j| Partynparadise
|
|t:|1658700485
|move|p1a: Latias|Toxic|p2a: Hippowdon
|-status|p2a: Hippowdon|tox
|move|p2a: Hippowdon|Toxic|p1a: Latias
|-status|p1a: Latias|tox
|
|-weather|Sandstorm|[upkeep]
|-damage|p1a: Latias|94/100 tox|[from] Sandstorm
|-heal|p1a: Latias|100/100 tox|[from] item: Leftovers
|-damage|p1a: Latias|94/100 tox|[from] psn
|-damage|p2a: Hippowdon|94/100 tox|[from] psn
|upkeep
|turn|3
|
|t:|1658700488
|move|p1a: Latias|Ice Beam|p2a: Hippowdon
|-supereffective|p2a: Hippowdon
|-damage|p2a: Hippowdon|63/100 tox
|move|p2a: Hippowdon|Stealth Rock|p1a: Latias
|-sidestart|p1: cump2|move: Stealth Rock
|
|-weather|Sandstorm|[upkeep]
|-damage|p1a: Latias|88/100 tox|[from] Sandstorm
|-heal|p1a: Latias|94/100 tox|[from] item: Leftovers
|-heal|p2a: Hippowdon|70/100 tox|[from] item: Leftovers
|-damage|p1a: Latias|82/100 tox|[from] psn
|-damage|p2a: Hippowdon|57/100 tox|[from] psn
|upkeep
|turn|4
|
|t:|1658700494
|switch|p2a: Melmetal|Melmetal|100/100
|move|p1a: Latias|Defog|p2a: Melmetal
|-unboost|p2a: Melmetal|evasion|1
|-sideend|p1: cump2|Stealth Rock|[from] move: Defog|[of] p1a: Latias
|
|-weather|Sandstorm|[upkeep]
|-damage|p1a: Latias|76/100 tox|[from] Sandstorm
|-heal|p1a: Latias|82/100 tox|[from] item: Leftovers
|-damage|p1a: Latias|64/100 tox|[from] psn
|upkeep
|turn|5
|
|t:|1658700498
|switch|p1a: Magnezone|Magnezone, shiny|100/100
|move|p2a: Melmetal|Earthquake|p1a: Magnezone
|-supereffective|p1a: Magnezone
|-damage|p1a: Magnezone|0 fnt
|faint|p1a: Magnezone
|
|-weather|none
|upkeep
|
|t:|1658700504
|switch|p1a: Heatran|Heatran, M|100/100
|turn|6
|
|t:|1658700508
|switch|p2a: Pelipper|Pelipper, F|100/100
|-weather|RainDance|[from] ability: Drizzle|[of] p2a: Pelipper
|move|p1a: Heatran|Stealth Rock|p2a: Pelipper
|-sidestart|p2: El Stefano|move: Stealth Rock
|
|-weather|RainDance|[upkeep]
|upkeep
|turn|7
|
|t:|1658700515
|switch|p2a: Tornadus|Tornadus-Therian, M|100/100
|switch|p1a: Blissey|Blissey, F, shiny|100/100
|
|-weather|RainDance|[upkeep]
|upkeep
|turn|8
|
|t:|1658700522
|move|p2a: Tornadus|Defog|p1a: Blissey
|-unboost|p1a: Blissey|evasion|1
|-sideend|p2: El Stefano|Stealth Rock|[from] move: Defog|[of] p2a: Tornadus
|move|p1a: Blissey|Soft-Boiled||[still]
|-fail|p1a: Blissey|heal
|
|-weather|RainDance|[upkeep]
|upkeep
|turn|9
|
|t:|1658700526
|switch|p1a: Zeraora|Zeraora, shiny|100/100
|move|p2a: Tornadus|Knock Off|p1a: Zeraora
|-damage|p1a: Zeraora|73/100
|-enditem|p1a: Zeraora|Heavy-Duty Boots|[from] move: Knock Off|[of] p2a: Tornadus
|
|-weather|RainDance|[upkeep]
|upkeep
|turn|10
|
|t:|1658700533
|switch|p2a: Tapu Bulu|Tapu Bulu|100/100
|-fieldstart|move: Grassy Terrain|[from] ability: Grassy Surge|[of] p2a: Tapu Bulu
|move|p1a: Zeraora|Knock Off|p2a: Tapu Bulu
|-resisted|p2a: Tapu Bulu
|-damage|p2a: Tapu Bulu|87/100
|-enditem|p2a: Tapu Bulu|Expert Belt|[from] move: Knock Off|[of] p1a: Zeraora
|
|-weather|none
|-heal|p1a: Zeraora|79/100|[from] Grassy Terrain
|-heal|p2a: Tapu Bulu|93/100|[from] Grassy Terrain
|upkeep
|turn|11
|
|t:|1658700541
|switch|p1a: Dragonite|Dragonite, M|100/100
|move|p2a: Tapu Bulu|Stone Edge|p1a: Dragonite
|-supereffective|p1a: Dragonite
|-damage|p1a: Dragonite|63/100
|
|-heal|p2a: Tapu Bulu|99/100|[from] Grassy Terrain
|upkeep
|turn|12
|
|t:|1658700549
|switch|p2a: Magnezone|Magnezone|100/100
|move|p1a: Dragonite|Roost|p1a: Dragonite
|-heal|p1a: Dragonite|100/100
|-singleturn|p1a: Dragonite|move: Roost
|
|upkeep
|turn|13
|
|t:|1658700556
|move|p1a: Dragonite|Substitute|p1a: Dragonite
|-start|p1a: Dragonite|Substitute
|-damage|p1a: Dragonite|76/100
|move|p2a: Magnezone|Discharge|p1a: Dragonite
|-end|p1a: Dragonite|Substitute
|
|upkeep
|turn|14
|
|t:|1658700562
|switch|p1a: Zeraora|Zeraora, shiny|79/100
|move|p2a: Magnezone|Discharge|p1a: Zeraora
|-heal|p1a: Zeraora|100/100|[from] ability: Volt Absorb|[of] p2a: Magnezone
|
|-fieldend|move: Grassy Terrain
|upkeep
|turn|15
|
|t:|1658700571
|switch|p2a: Tapu Bulu|Tapu Bulu|99/100
|-fieldstart|move: Grassy Terrain|[from] ability: Grassy Surge|[of] p2a: Tapu Bulu
|move|p1a: Zeraora|Close Combat|p2a: Tapu Bulu
|-resisted|p2a: Tapu Bulu
|-damage|p2a: Tapu Bulu|82/100
|-unboost|p1a: Zeraora|def|1
|-unboost|p1a: Zeraora|spd|1
|
|-heal|p2a: Tapu Bulu|89/100|[from] Grassy Terrain
|upkeep
|turn|16
|
|t:|1658700577
|switch|p1a: Latias|Latias, F|64/100 tox
|move|p2a: Tapu Bulu|Swords Dance|p2a: Tapu Bulu
|-boost|p2a: Tapu Bulu|atk|2
|
|-heal|p1a: Latias|70/100 tox|[from] item: Leftovers
|-heal|p2a: Tapu Bulu|95/100|[from] Grassy Terrain
|-damage|p1a: Latias|64/100 tox|[from] psn
|upkeep
|turn|17
|l| Partynparadise
|
|t:|1658700581
|switch|p2a: Melmetal|Melmetal|100/100
|move|p1a: Latias|Toxic|p2a: Melmetal
|-immune|p2a: Melmetal
|
|-heal|p1a: Latias|70/100 tox|[from] item: Leftovers
|-damage|p1a: Latias|58/100 tox|[from] psn
|upkeep
|turn|18
|j| ash_won_kalos
|
|t:|1658700586
|move|p1a: Latias|Recover|p1a: Latias
|-heal|p1a: Latias|100/100 tox
|move|p2a: Melmetal|Earthquake|p1a: Latias
|-immune|p1a: Latias|[from] ability: Levitate
|
|-damage|p1a: Latias|82/100 tox|[from] psn
|upkeep
|turn|19
|
|t:|1658700590
|switch|p1a: Dragonite|Dragonite, M|76/100
|move|p2a: Melmetal|Earthquake|p1a: Dragonite
|-immune|p1a: Dragonite
|
|-fieldend|move: Grassy Terrain
|upkeep
|turn|20
|
|t:|1658700595
|move|p1a: Dragonite|Substitute|p1a: Dragonite
|-start|p1a: Dragonite|Substitute
|-damage|p1a: Dragonite|51/100
|move|p2a: Melmetal|Double Iron Bash|p1a: Dragonite
|-end|p1a: Dragonite|Substitute
|-damage|p1a: Dragonite|12/100
|-hitcount|p1a: Dragonite|2
|
|upkeep
|turn|21
|
|t:|1658700600
|move|p1a: Dragonite|Roost|p1a: Dragonite
|-heal|p1a: Dragonite|62/100
|-singleturn|p1a: Dragonite|move: Roost
|move|p2a: Melmetal|Earthquake|p1a: Dragonite
|-crit|p1a: Dragonite
|-damage|p1a: Dragonite|9/100
|
|upkeep
|turn|22
|
|t:|1658700604
|switch|p1a: Latias|Latias, F|82/100 tox
|move|p2a: Melmetal|Earthquake|p1a: Latias
|-immune|p1a: Latias|[from] ability: Levitate
|
|-heal|p1a: Latias|88/100 tox|[from] item: Leftovers
|-damage|p1a: Latias|82/100 tox|[from] psn
|upkeep
|turn|23
|
|t:|1658700607
|switch|p1a: Heatran|Heatran, M|100/100
|move|p2a: Melmetal|Double Iron Bash|p1a: Heatran
|-resisted|p1a: Heatran
|-damage|p1a: Heatran|94/100
|-resisted|p1a: Heatran
|-damage|p1a: Heatran|87/100
|-hitcount|p1a: Heatran|2
|
|-heal|p1a: Heatran|93/100|[from] item: Leftovers
|upkeep
|turn|24
|
|t:|1658700611
|switch|p2a: Pelipper|Pelipper, F|100/100
|-weather|RainDance|[from] ability: Drizzle|[of] p2a: Pelipper
|move|p1a: Heatran|Lava Plume|p2a: Pelipper
|-resisted|p2a: Pelipper
|-damage|p2a: Pelipper|88/100
|
|-weather|RainDance|[upkeep]
|-heal|p1a: Heatran|99/100|[from] item: Leftovers
|upkeep
|turn|25
|
|t:|1658700617
|switch|p1a: Blissey|Blissey, F, shiny|100/100
|move|p2a: Pelipper|Weather Ball|p1a: Blissey
|-damage|p1a: Blissey|59/100
|
|-weather|RainDance|[upkeep]
|upkeep
|turn|26
|j| zMercurio
|
|t:|1658700622
|switch|p2a: Tapu Bulu|Tapu Bulu|95/100
|-fieldstart|move: Grassy Terrain|[from] ability: Grassy Surge|[of] p2a: Tapu Bulu
|move|p1a: Blissey|Soft-Boiled|p1a: Blissey
|-heal|p1a: Blissey|100/100
|
|-weather|RainDance|[upkeep]
|-heal|p2a: Tapu Bulu|100/100|[from] Grassy Terrain
|upkeep
|turn|27
|j| Partynparadise
|j| sdiubfgadfig
|
|t:|1658700632
|switch|p1a: Latias|Latias, F|82/100 tox
|move|p2a: Tapu Bulu|Close Combat|p1a: Latias
|-resisted|p1a: Latias
|-damage|p1a: Latias|58/100 tox
|-unboost|p2a: Tapu Bulu|def|1
|-unboost|p2a: Tapu Bulu|spd|1
|
|-weather|RainDance|[upkeep]
|-heal|p1a: Latias|64/100 tox|[from] item: Leftovers
|-damage|p1a: Latias|58/100 tox|[from] psn
|upkeep
|turn|28
|j| 50 at max
|l| sdiubfgadfig
|
|t:|1658700639
|switch|p1a: Heatran|Heatran, M|99/100
|switch|p2a: Melmetal|Melmetal|100/100
|
|-weather|none
|-heal|p1a: Heatran|100/100|[from] Grassy Terrain
|upkeep
|turn|29
|
|t:|1658700646
|switch|p2a: Hippowdon|Hippowdon, F|57/100 tox
|-weather|Sandstorm|[from] ability: Sand Stream|[of] p2a: Hippowdon
|move|p1a: Heatran|Stealth Rock|p2a: Hippowdon
|-sidestart|p2: El Stefano|move: Stealth Rock
|
|-weather|Sandstorm|[upkeep]
|-heal|p2a: Hippowdon|63/100 tox|[from] Grassy Terrain
|-heal|p2a: Hippowdon|70/100 tox|[from] item: Leftovers
|-damage|p2a: Hippowdon|63/100 tox|[from] psn
|upkeep
|turn|30
|
|t:|1658700653
|switch|p1a: Dragonite|Dragonite, M|9/100
|move|p2a: Hippowdon|Toxic|p1a: Dragonite
|-status|p1a: Dragonite|tox
|
|-weather|Sandstorm|[upkeep]
|-damage|p1a: Dragonite|3/100 tox|[from] Sandstorm
|-heal|p2a: Hippowdon|70/100 tox|[from] Grassy Terrain
|-heal|p2a: Hippowdon|76/100 tox|[from] item: Leftovers
|-damage|p1a: Dragonite|0 fnt|[from] psn
|faint|p1a: Dragonite
|-damage|p2a: Hippowdon|63/100 tox|[from] psn
|-fieldend|move: Grassy Terrain
|upkeep
|
|t:|1658700659
|switch|p1a: Blissey|Blissey, F, shiny|100/100
|turn|31
|
|t:|1658700663
|switch|p2a: Tornadus|Tornadus-Therian, M|100/100
|move|p1a: Blissey|Aromatherapy|p1a: Blissey
|-activate|p1a: Blissey|move: Aromatherapy
|-curestatus|p1: Latias|tox|[msg]
|
|-weather|Sandstorm|[upkeep]
|-damage|p2a: Tornadus|94/100|[from] Sandstorm
|-damage|p1a: Blissey|94/100|[from] Sandstorm
|upkeep
|turn|32
|
|t:|1658700671
|move|p2a: Tornadus|Defog|p1a: Blissey
|-unboost|p1a: Blissey|evasion|1
|-sideend|p2: El Stefano|Stealth Rock|[from] move: Defog|[of] p2a: Tornadus
|move|p1a: Blissey|Teleport|p1a: Blissey
|
|t:|1658700672
|switch|p1a: Zeraora|Zeraora, shiny|100/100|[from]move: Teleport
|
|-weather|Sandstorm|[upkeep]
|-damage|p1a: Zeraora|95/100|[from] Sandstorm
|-damage|p2a: Tornadus|88/100|[from] Sandstorm
|upkeep
|turn|33
|
|t:|1658700680
|switch|p2a: Tapu Bulu|Tapu Bulu|100/100
|-fieldstart|move: Grassy Terrain|[from] ability: Grassy Surge|[of] p2a: Tapu Bulu
|move|p1a: Zeraora|Knock Off|p2a: Tapu Bulu
|-resisted|p2a: Tapu Bulu
|-damage|p2a: Tapu Bulu|92/100
|
|-weather|none
|-heal|p1a: Zeraora|100/100|[from] Grassy Terrain
|-heal|p2a: Tapu Bulu|98/100|[from] Grassy Terrain
|upkeep
|turn|34
|-message|cump2 forfeited.
|
|win|El Stefano
|raw|cump2's rating: 1732 &rarr; <strong>1716</strong><br />(-16 for losing)
|raw|El Stefano's rating: 1794 &rarr; <strong>1810</strong><br />(+16 for winning)
|l|☆cump2
