|html|<div class="broadcast-blue"><strong>[Gen 8] OU is currently suspecting Spectrier! For information on how to participate check out the <a href="https://www.smogon.com/forums/threads/np-ss-ou-suspect-process-round-9-old-town-road.3676744/">suspect thread</a>.</strong></div>
|j|☆I'M AT MY LIMIT!
|j|☆a green yes
|t:|1612548845
|player|p1|I'M AT MY LIMIT!|lucas|
|player|p2|a green yes|hiker-gen4|
|teamsize|p1|6
|teamsize|p2|6
|gametype|singles
|gen|8
|tier|[Gen 8] OU
|clearpoke
|poke|p1|Jirachi|
|poke|p1|Clefable, F|
|poke|p1|Pikachu, F|
|poke|p1|Garchomp, F|
|poke|p1|Mandibuzz, F|
|poke|p1|Blissey, F|
|poke|p2|Volcarona, M|
|poke|p2|Xatu, M|
|poke|p2|Chansey, F|
|poke|p2|Ferrothorn, F|
|poke|p2|Quagsire, M|
|poke|p2|Mandibuzz, F|
|rule|Sleep Clause Mod: Limit one foe put to sleep
|rule|Species Clause: Limit one of each Pokémon
|rule|OHKO Clause: OHKO moves are banned
|rule|Evasion Moves Clause: Evasion moves are banned
|rule|Endless Battle Clause: Forcing endless battles is banned
|rule|HP Percentage Mod: HP is shown in percentages
|rule|Dynamax Clause: You cannot dynamax
|teampreview
|inactive|Battle timer is ON: inactive players will automatically lose when time's up. (requested by I'M AT MY LIMIT!)
|inactive|I'M AT MY LIMIT! has 270 seconds left.
|inactive|a green yes has 270 seconds left.
|j| spikematoi
|inactive|a green yes has 240 seconds left.
|l|☆I'M AT MY LIMIT!
|inactive|I'M AT MY LIMIT! disconnected and has 300 seconds to reconnect!
|player|p1|
|j|☆I'M AT MY LIMIT!
|inactive|I'M AT MY LIMIT! reconnected.
|player|p1|I'M AT MY LIMIT!|lucas
|
|t:|1612548934
|start
|switch|p1a: Ash's wet sock|Pikachu, F, shiny|100/100
|switch|p2a: Ferrothorn|Ferrothorn, F|100/100
|turn|1
|
|t:|1612548946
|switch|p1a: African west virus|Garchomp, F|100/100
|move|p2a: Ferrothorn|Knock Off|p1a: African west virus
|-damage|p1a: African west virus|88/100
|-damage|p2a: Ferrothorn|88/100|[from] ability: Rough Skin|[of] p1a: African west virus
|-damage|p2a: Ferrothorn|72/100|[from] item: Rocky Helmet|[of] p1a: African west virus
|-enditem|p1a: African west virus|Rocky Helmet|[from] move: Knock Off|[of] p2a: Ferrothorn
|
|-heal|p2a: Ferrothorn|78/100|[from] item: Leftovers
|upkeep
|turn|2
|
|t:|1612548949
|move|p1a: African west virus|Stealth Rock|p2a: Ferrothorn
|-sidestart|p2: a green yes|move: Stealth Rock
|move|p2a: Ferrothorn|Leech Seed|p1a: African west virus
|-start|p1a: African west virus|move: Leech Seed
|
|-heal|p2a: Ferrothorn|84/100|[from] item: Leftovers
|-damage|p1a: African west virus|76/100|[from] Leech Seed|[of] p2a: Ferrothorn
|-heal|p2a: Ferrothorn|99/100|[silent]
|upkeep
|turn|3
|
|t:|1612548958
|switch|p1a: Oh|Mandibuzz, F, shiny|100/100
|switch|p2a: Mandibuzz|Mandibuzz, F|100/100
|-damage|p2a: Mandibuzz|76/100|[from] Stealth Rock
|
|upkeep
|turn|4
|
|t:|1612548961
|move|p2a: Mandibuzz|Defog|p1a: Oh
|-unboost|p1a: Oh|evasion|1
|-sideend|p2: a green yes|Stealth Rock|[from] move: Defog|[of] p2a: Mandibuzz
|move|p1a: Oh|Toxic|p2a: Mandibuzz|[miss]
|-miss|p1a: Oh|p2a: Mandibuzz
|
|upkeep
|turn|5
|
|t:|1612548967
|switch|p1a: GUSTAVO FRING|Clefable, F, shiny|100/100
|switch|p2a: Ferrothorn|Ferrothorn, F|99/100
|
|-heal|p2a: Ferrothorn|100/100|[from] item: Leftovers
|upkeep
|turn|6
|
|t:|1612548973
|move|p1a: GUSTAVO FRING|Fire Blast|p2a: Ferrothorn
|-supereffective|p2a: Ferrothorn
|-crit|p2a: Ferrothorn
|-damage|p2a: Ferrothorn|0 fnt
|faint|p2a: Ferrothorn
|
|upkeep
|
|t:|1612548977
|switch|p2a: Volcarona|Volcarona, M|100/100
|turn|7
|
|t:|1612548986
|switch|p1a: African west virus|Garchomp, F|76/100
|move|p2a: Volcarona|Quiver Dance|p2a: Volcarona
|-boost|p2a: Volcarona|spa|1
|-boost|p2a: Volcarona|spd|1
|-boost|p2a: Volcarona|spe|1
|
|upkeep
|turn|8
|
|t:|1612548991
|move|p2a: Volcarona|Quiver Dance|p2a: Volcarona
|-boost|p2a: Volcarona|spa|1
|-boost|p2a: Volcarona|spd|1
|-boost|p2a: Volcarona|spe|1
|move|p1a: African west virus|Toxic|p2a: Volcarona
|-status|p2a: Volcarona|tox
|
|-damage|p2a: Volcarona|94/100 tox|[from] psn
|upkeep
|turn|9
|
|t:|1612548996
|switch|p1a: BOOM|Blissey, F, shiny|100/100
|move|p2a: Volcarona|Fiery Dance|p1a: BOOM
|-crit|p1a: BOOM
|-damage|p1a: BOOM|63/100
|-boost|p2a: Volcarona|spa|1
|
|-damage|p2a: Volcarona|82/100 tox|[from] psn
|upkeep
|turn|10
|
|t:|1612549001
|switch|p2a: Quagsire|Quagsire, M|100/100
|move|p1a: BOOM|Protect||[still]
|-fail|p1a: BOOM
|
|upkeep
|turn|11
|
|t:|1612549011
|switch|p1a: African west virus|Garchomp, F|76/100
|move|p2a: Quagsire|Infestation|p1a: African west virus
|-damage|p1a: African west virus|73/100
|-activate|p1a: African west virus|move: Infestation|[of] p2a: Quagsire
|-damage|p2a: Quagsire|88/100|[from] ability: Rough Skin|[of] p1a: African west virus
|
|-heal|p2a: Quagsire|94/100|[from] item: Leftovers
|-damage|p1a: African west virus|60/100|[from] move: Infestation|[partiallytrapped]
|upkeep
|turn|12
|
|t:|1612549015
|move|p2a: Quagsire|Yawn|p1a: African west virus
|-start|p1a: African west virus|move: Yawn|[of] p2a: Quagsire
|move|p1a: African west virus|Dragon Tail|p2a: Quagsire
|-damage|p2a: Quagsire|77/100
|drag|p2a: Volcarona|Volcarona, M|82/100 tox
|
|-damage|p2a: Volcarona|76/100 tox|[from] psn
|-end|p1a: African west virus|Infestation|[partiallytrapped]|[silent]
|upkeep
|turn|13
|
|t:|1612549020
|switch|p2a: Xatu|Xatu, M|100/100
|switch|p1a: BOOM|Blissey, F, shiny|63/100
|
|upkeep
|turn|14
|
|t:|1612549027
|switch|p2a: Quagsire|Quagsire, M|77/100
|move|p1a: BOOM|Wish|p1a: BOOM
|
|-heal|p2a: Quagsire|83/100|[from] item: Leftovers
|upkeep
|turn|15
|
|t:|1612549030
|switch|p1a: African west virus|Garchomp, F|60/100
|move|p2a: Quagsire|Infestation|p1a: African west virus
|-damage|p1a: African west virus|57/100
|-activate|p1a: African west virus|move: Infestation|[of] p2a: Quagsire
|-damage|p2a: Quagsire|70/100|[from] ability: Rough Skin|[of] p1a: African west virus
|
|-heal|p1a: African west virus|100/100|[from] move: Wish|[wisher] BOOM
|-heal|p2a: Quagsire|76/100|[from] item: Leftovers
|-damage|p1a: African west virus|88/100|[from] move: Infestation|[partiallytrapped]
|upkeep
|turn|16
|
|t:|1612549033
|switch|p2a: Chansey|Chansey, F|100/100
|move|p1a: African west virus|Dragon Tail|p2a: Chansey
|-damage|p2a: Chansey|82/100
|drag|p2a: Xatu|Xatu, M|100/100
|
|-end|p1a: African west virus|Infestation|[partiallytrapped]|[silent]
|upkeep
|turn|17
|
|t:|1612549039
|switch|p1a: The RACHI|Jirachi|100/100
|move|p2a: Xatu|Night Shade|p1a: The RACHI
|-damage|p1a: The RACHI|71/100
|
|upkeep
|turn|18
|
|t:|1612549043
|move|p1a: The RACHI|Trick|p2a: Xatu
|-activate|p1a: The RACHI|move: Trick|[of] p2a: Xatu
|-item|p2a: Xatu|Choice Scarf|[from] move: Trick
|-item|p1a: The RACHI|Leftovers|[from] move: Trick
|move|p2a: Xatu|Night Shade|p1a: The RACHI
|-damage|p1a: The RACHI|42/100
|
|-heal|p1a: The RACHI|48/100|[from] item: Leftovers
|upkeep
|turn|19
|
|t:|1612549048
|switch|p1a: BOOM|Blissey, F, shiny|63/100
|move|p2a: Xatu|Night Shade|p1a: BOOM
|-immune|p1a: BOOM
|
|upkeep
|turn|20
|
|t:|1612549051
|switch|p2a: Quagsire|Quagsire, M|76/100
|move|p1a: BOOM|Wish|p1a: BOOM
|
|-heal|p2a: Quagsire|82/100|[from] item: Leftovers
|upkeep
|turn|21
|
|t:|1612549060
|switch|p1a: The RACHI|Jirachi|48/100
|switch|p2a: Chansey|Chansey, F|82/100
|
|-heal|p1a: The RACHI|100/100|[from] move: Wish|[wisher] BOOM
|upkeep
|turn|22
|
|t:|1612549064
|switch|p2a: Mandibuzz|Mandibuzz, F|76/100
|move|p1a: The RACHI|Iron Head|p2a: Mandibuzz
|-damage|p2a: Mandibuzz|56/100
|-damage|p1a: The RACHI|84/100|[from] item: Rocky Helmet|[of] p2a: Mandibuzz
|
|-heal|p1a: The RACHI|90/100|[from] item: Leftovers
|upkeep
|turn|23
|
|t:|1612549072
|switch|p1a: BOOM|Blissey, F, shiny|63/100
|move|p2a: Mandibuzz|Roost|p2a: Mandibuzz
|-heal|p2a: Mandibuzz|100/100
|-singleturn|p2a: Mandibuzz|move: Roost
|
|upkeep
|turn|24
|
|t:|1612549075
|switch|p2a: Quagsire|Quagsire, M|82/100
|move|p1a: BOOM|Wish|p1a: BOOM
|
|-heal|p2a: Quagsire|89/100|[from] item: Leftovers
|upkeep
|turn|25
|
|t:|1612549081
|switch|p2a: Chansey|Chansey, F|82/100
|move|p1a: BOOM|Protect||[still]
|-fail|p1a: BOOM
|
|-heal|p1a: BOOM|100/100|[from] move: Wish|[wisher] BOOM
|upkeep
|turn|26
|
|t:|1612549083
|move|p1a: BOOM|Wish|p1a: BOOM
|move|p2a: Chansey|Toxic|p1a: BOOM
|-status|p1a: BOOM|tox
|
|-damage|p1a: BOOM|94/100 tox|[from] psn
|upkeep
|turn|27
|
|t:|1612549086
|switch|p1a: The RACHI|Jirachi|90/100
|move|p2a: Chansey|Seismic Toss|p1a: The RACHI
|-damage|p1a: The RACHI|61/100
|
|-heal|p1a: The RACHI|100/100|[from] move: Wish|[wisher] BOOM
|upkeep
|turn|28
|
|t:|1612549093
|switch|p2a: Quagsire|Quagsire, M|89/100
|move|p1a: The RACHI|U-turn|p2a: Quagsire
|-damage|p2a: Quagsire|74/100
|
|t:|1612549106
|switch|p1a: African west virus|Garchomp, F|88/100|[from]move: U-turn
|
|-heal|p2a: Quagsire|80/100|[from] item: Leftovers
|upkeep
|turn|29
|
|t:|1612549111
|switch|p2a: Mandibuzz|Mandibuzz, F|100/100
|move|p1a: African west virus|Dragon Tail|p2a: Mandibuzz
|-damage|p2a: Mandibuzz|86/100
|-damage|p1a: African west virus|71/100|[from] item: Rocky Helmet|[of] p2a: Mandibuzz
|drag|p2a: Xatu|Xatu, M|100/100
|
|upkeep
|turn|30
|
|t:|1612549115
|switch|p1a: BOOM|Blissey, F, shiny|94/100
|move|p2a: Xatu|Night Shade|p1a: BOOM
|-immune|p1a: BOOM
|
|upkeep
|turn|31
|
|t:|1612549119
|switch|p2a: Chansey|Chansey, F|82/100
|move|p1a: BOOM|Thunder Wave|p2a: Chansey
|-status|p2a: Chansey|par
|
|upkeep
|turn|32
|
|t:|1612549122
|switch|p2a: Xatu|Xatu, M|100/100
|move|p1a: BOOM|Seismic Toss|p2a: Xatu
|-damage|p2a: Xatu|71/100
|
|upkeep
|turn|33
|
|t:|1612549125
|switch|p2a: Chansey|Chansey, F|82/100
|move|p1a: BOOM|Seismic Toss|p2a: Chansey
|-damage|p2a: Chansey|68/100
|
|upkeep
|turn|34
|
|t:|1612549129
|switch|p2a: Xatu|Xatu, M|71/100
|move|p1a: BOOM|Wish|p1a: BOOM
|
|upkeep
|turn|35
|
|t:|1612549131
|switch|p2a: Chansey|Chansey, F|68/100
|switch|p1a: African west virus|Garchomp, F|71/100
|
|-heal|p1a: African west virus|100/100|[from] move: Wish|[wisher] BOOM
|upkeep
|turn|36
|
|t:|1612549136
|switch|p1a: GUSTAVO FRING|Clefable, F, shiny|100/100
|switch|p2a: Xatu|Xatu, M|71/100
|
|upkeep
|turn|37
|
|t:|1612549139
|switch|p2a: Quagsire|Quagsire, M|80/100
|move|p1a: GUSTAVO FRING|Calm Mind|p1a: GUSTAVO FRING
|-boost|p1a: GUSTAVO FRING|spa|1
|-boost|p1a: GUSTAVO FRING|spd|1
|
|-heal|p2a: Quagsire|86/100|[from] item: Leftovers
|upkeep
|turn|38
|
|t:|1612549142
|switch|p1a: African west virus|Garchomp, F|100/100
|move|p2a: Quagsire|Infestation|p1a: African west virus
|-damage|p1a: African west virus|97/100
|-activate|p1a: African west virus|move: Infestation|[of] p2a: Quagsire
|-damage|p2a: Quagsire|73/100|[from] ability: Rough Skin|[of] p1a: African west virus
|
|-heal|p2a: Quagsire|79/100|[from] item: Leftovers
|-damage|p1a: African west virus|85/100|[from] move: Infestation|[partiallytrapped]
|upkeep
|turn|39
|
|t:|1612549147
|switch|p2a: Xatu|Xatu, M|71/100
|move|p1a: African west virus|Dragon Tail|p2a: Xatu
|-damage|p2a: Xatu|33/100
|drag|p2a: Volcarona|Volcarona, M|76/100 tox
|
|-damage|p2a: Volcarona|70/100 tox|[from] psn
|-end|p1a: African west virus|Infestation|[partiallytrapped]|[silent]
|upkeep
|turn|40
|
|t:|1612549154
|switch|p2a: Mandibuzz|Mandibuzz, F|86/100
|switch|p1a: BOOM|Blissey, F, shiny|94/100
|
|upkeep
|turn|41
|
|t:|1612549159
|switch|p2a: Xatu|Xatu, M|33/100
|switch|p1a: GUSTAVO FRING|Clefable, F, shiny|100/100
|
|upkeep
|turn|42
|
|t:|1612549161
|move|p2a: Xatu|Roost|p2a: Xatu
|-heal|p2a: Xatu|83/100
|-singleturn|p2a: Xatu|move: Roost
|move|p1a: GUSTAVO FRING|Moonblast|p2a: Xatu
|-damage|p2a: Xatu|27/100
|
|upkeep
|turn|43
|
|t:|1612549170
|move|p2a: Xatu|Roost|p2a: Xatu
|-heal|p2a: Xatu|77/100
|-singleturn|p2a: Xatu|move: Roost
|move|p1a: GUSTAVO FRING|Moonblast|p2a: Xatu
|-damage|p2a: Xatu|27/100
|
|upkeep
|turn|44
|
|t:|1612549176
|move|p2a: Xatu|Roost|p2a: Xatu
|-heal|p2a: Xatu|77/100
|-singleturn|p2a: Xatu|move: Roost
|move|p1a: GUSTAVO FRING|Moonblast|p2a: Xatu
|-damage|p2a: Xatu|26/100
|
|upkeep
|turn|45
|
|t:|1612549180
|switch|p2a: Chansey|Chansey, F|68/100
|move|p1a: GUSTAVO FRING|Moonblast|p2a: Chansey
|-damage|p2a: Chansey|50/100
|-unboost|p2a: Chansey|spa|1
|
|upkeep
|turn|46
|
|t:|1612549182
|move|p1a: GUSTAVO FRING|Calm Mind|p1a: GUSTAVO FRING
|-boost|p1a: GUSTAVO FRING|spa|1
|-boost|p1a: GUSTAVO FRING|spd|1
|move|p2a: Chansey|Soft-Boiled|p2a: Chansey
|-heal|p2a: Chansey|99/100
|
|upkeep
|turn|47
|
|t:|1612549185
|switch|p2a: Quagsire|Quagsire, M|79/100
|move|p1a: GUSTAVO FRING|Moonblast|p2a: Quagsire
|-damage|p2a: Quagsire|8/100
|
|-heal|p2a: Quagsire|14/100|[from] item: Leftovers
|upkeep
|turn|48
|
|t:|1612549191
|move|p1a: GUSTAVO FRING|Moonblast|p2a: Quagsire
|-damage|p2a: Quagsire|0 fnt
|faint|p2a: Quagsire
|
|upkeep
|
|t:|1612549192
|switch|p2a: Chansey|Chansey, F|99/100
|turn|49
|
|t:|1612549194
|move|p1a: GUSTAVO FRING|Calm Mind|p1a: GUSTAVO FRING
|-boost|p1a: GUSTAVO FRING|spa|1
|-boost|p1a: GUSTAVO FRING|spd|1
|move|p2a: Chansey|Seismic Toss|p1a: GUSTAVO FRING
|-damage|p1a: GUSTAVO FRING|74/100
|
|upkeep
|turn|50
|
|t:|1612549196
|move|p1a: GUSTAVO FRING|Calm Mind|p1a: GUSTAVO FRING
|-boost|p1a: GUSTAVO FRING|spa|1
|-boost|p1a: GUSTAVO FRING|spd|1
|move|p2a: Chansey|Seismic Toss|p1a: GUSTAVO FRING
|-damage|p1a: GUSTAVO FRING|47/100
|
|upkeep
|turn|51
|
|t:|1612549197
|move|p1a: GUSTAVO FRING|Soft-Boiled|p1a: GUSTAVO FRING
|-heal|p1a: GUSTAVO FRING|97/100
|move|p2a: Chansey|Seismic Toss|p1a: GUSTAVO FRING
|-damage|p1a: GUSTAVO FRING|70/100
|
|upkeep
|turn|52
|
|t:|1612549199
|move|p1a: GUSTAVO FRING|Soft-Boiled|p1a: GUSTAVO FRING
|-heal|p1a: GUSTAVO FRING|100/100
|move|p2a: Chansey|Seismic Toss|p1a: GUSTAVO FRING
|-damage|p1a: GUSTAVO FRING|74/100
|
|upkeep
|turn|53
|
|t:|1612549201
|move|p1a: GUSTAVO FRING|Moonblast|p2a: Chansey
|-damage|p2a: Chansey|57/100
|-unboost|p2a: Chansey|spa|1
|move|p2a: Chansey|Seismic Toss|p1a: GUSTAVO FRING
|-damage|p1a: GUSTAVO FRING|47/100
|
|upkeep
|turn|54
|
|t:|1612549203
|move|p1a: GUSTAVO FRING|Soft-Boiled|p1a: GUSTAVO FRING
|-heal|p1a: GUSTAVO FRING|97/100
|move|p2a: Chansey|Seismic Toss|p1a: GUSTAVO FRING
|-damage|p1a: GUSTAVO FRING|70/100
|
|upkeep
|turn|55
|
|t:|1612549205
|move|p1a: GUSTAVO FRING|Moonblast|p2a: Chansey
|-damage|p2a: Chansey|13/100
|move|p2a: Chansey|Seismic Toss|p1a: GUSTAVO FRING
|-damage|p1a: GUSTAVO FRING|43/100
|
|upkeep
|turn|56
|
|t:|1612549207
|move|p1a: GUSTAVO FRING|Soft-Boiled|p1a: GUSTAVO FRING
|-heal|p1a: GUSTAVO FRING|93/100
|move|p2a: Chansey|Seismic Toss|p1a: GUSTAVO FRING
|-damage|p1a: GUSTAVO FRING|66/100
|
|upkeep
|turn|57
|
|t:|1612549209
|move|p1a: GUSTAVO FRING|Soft-Boiled|p1a: GUSTAVO FRING
|-heal|p1a: GUSTAVO FRING|100/100
|move|p2a: Chansey|Seismic Toss|p1a: GUSTAVO FRING
|-damage|p1a: GUSTAVO FRING|74/100
|
|upkeep
|turn|58
|
|t:|1612549213
|move|p1a: GUSTAVO FRING|Moonblast|p2a: Chansey
|-damage|p2a: Chansey|0 fnt
|faint|p2a: Chansey
|
|upkeep
|
|t:|1612549219
|switch|p2a: Volcarona|Volcarona, M|70/100 tox
|turn|59
|
|t:|1612549224
|move|p2a: Volcarona|Quiver Dance|p2a: Volcarona
|-boost|p2a: Volcarona|spa|1
|-boost|p2a: Volcarona|spd|1
|-boost|p2a: Volcarona|spe|1
|move|p1a: GUSTAVO FRING|Fire Blast|p2a: Volcarona
|-damage|p2a: Volcarona|1/100 tox
|
|-damage|p2a: Volcarona|0 fnt|[from] psn
|faint|p2a: Volcarona
|upkeep
|
|t:|1612549226
|switch|p2a: Mandibuzz|Mandibuzz, F|86/100
|turn|60
|
|t:|1612549229
|move|p1a: GUSTAVO FRING|Moonblast|p2a: Mandibuzz
|-supereffective|p2a: Mandibuzz
|-damage|p2a: Mandibuzz|0 fnt
|faint|p2a: Mandibuzz
|
|upkeep
|
|t:|1612549230
|switch|p2a: Xatu|Xatu, M|26/100
|turn|61
|inactive|a green yes has 270 seconds left.
|
|t:|1612549286
|switch|p1a: Ash's wet sock|Pikachu, F, shiny|100/100
|move|p2a: Xatu|Roost|p2a: Xatu
|-heal|p2a: Xatu|76/100
|-singleturn|p2a: Xatu|move: Roost
|
|upkeep
|turn|62
|
|t:|1612549289
|move|p2a: Xatu|Roost|p2a: Xatu
|-heal|p2a: Xatu|100/100
|-singleturn|p2a: Xatu|move: Roost
|move|p1a: Ash's wet sock|Volt Tackle|p2a: Xatu
|-damage|p2a: Xatu|0 fnt
|-damage|p1a: Ash's wet sock|48/100|[from] Recoil
|faint|p2a: Xatu
|
|win|I'M AT MY LIMIT!
