|j|☆NeoNaruto®++
|j|☆Peewee McGee XXX
|t:|1662044807
|gametype|singles
|player|p1|NeoNaruto®++|burglar-gen1rb|1656
|player|p2|Peewee McGee XXX|1|1656
|teamsize|p1|6
|teamsize|p2|6
|gen|8
|tier|[Gen 8] OU
|rated|
|rule|Sleep Clause Mod: Limit one foe put to sleep
|rule|Species Clause: Limit one of each Pokémon
|rule|OHKO Clause: OHKO moves are banned
|rule|Evasion Items Clause: Evasion items are banned
|rule|Evasion Moves Clause: Evasion moves are banned
|rule|Endless Battle Clause: Forcing endless battles is banned
|rule|HP Percentage Mod: HP is shown in percentages
|rule|Dynamax Clause: You cannot dynamax
|clearpoke
|poke|p1|Landorus-Therian, M|
|poke|p1|Ferrothorn, F|
|poke|p1|Tapu Koko|
|poke|p1|Dragonite, F|
|poke|p1|Darmanitan, M|
|poke|p1|Tyranitar, F|
|poke|p2|Regieleki|
|poke|p2|Tapu Koko|
|poke|p2|Klefki, M|
|poke|p2|Blissey, F|
|poke|p2|Slowbro, M|
|poke|p2|Dragapult, M|
|teampreview
|inactive|Battle timer is ON: inactive players will automatically lose when time's up. (requested by NeoNaruto®++)
|inactive|NeoNaruto®++ has 120 seconds left.
|
|t:|1662044850
|start
|switch|p1a: Bernie Landers|Landorus-Therian, M|100/100
|switch|p2a: Klefki|Klefki, M|100/100
|-ability|p1a: Bernie Landers|Intimidate|boost
|-unboost|p2a: Klefki|atk|1
|turn|1
|
|t:|1662044858
|move|p2a: Klefki|Switcheroo|p1a: Bernie Landers
|-activate|p2a: Klefki|move: Trick|[of] p1a: Bernie Landers
|-item|p1a: Bernie Landers|Ring Target|[from] move: Switcheroo
|-item|p2a: Klefki|Rocky Helmet|[from] move: Switcheroo
|move|p1a: Bernie Landers|Knock Off|p2a: Klefki
|-resisted|p2a: Klefki
|-damage|p2a: Klefki|89/100
|-damage|p1a: Bernie Landers|84/100|[from] item: Rocky Helmet|[of] p2a: Klefki
|-enditem|p2a: Klefki|Rocky Helmet|[from] move: Knock Off|[of] p1a: Bernie Landers
|
|upkeep
|turn|2
|
|t:|1662044866
|move|p2a: Klefki|Spikes|p1a: Bernie Landers
|-sidestart|p1: NeoNaruto®++|Spikes
|move|p1a: Bernie Landers|Stealth Rock|p2a: Klefki
|-sidestart|p2: Peewee McGee XXX|move: Stealth Rock
|
|upkeep
|turn|3
|
|t:|1662044869
|move|p2a: Klefki|Spikes|p1a: Bernie Landers
|-sidestart|p1: NeoNaruto®++|Spikes
|move|p1a: Bernie Landers|U-turn|p2a: Klefki
|-resisted|p2a: Klefki
|-damage|p2a: Klefki|84/100
|
|t:|1662044875
|switch|p1a: VODECi|Tapu Koko|100/100|[from]move: U-turn
|-damage|p1a: VODECi|84/100|[from] Spikes
|-fieldstart|move: Electric Terrain|[from] ability: Electric Surge|[of] p1a: VODECi
|
|upkeep
|turn|4
|
|t:|1662044877
|move|p2a: Klefki|Toxic|p1a: VODECi
|-status|p1a: VODECi|tox
|move|p1a: VODECi|Thunderbolt|p2a: Klefki
|-damage|p2a: Klefki|0 fnt
|faint|p2a: Klefki
|
|-damage|p1a: VODECi|78/100 tox|[from] psn
|upkeep
|
|t:|1662044883
|switch|p2a: Regieleki|Regieleki|100/100
|-damage|p2a: Regieleki|88/100|[from] Stealth Rock
|turn|5
|
|t:|1662044890
|switch|p1a: Bernie Landers|Landorus-Therian, M|84/100
|-ability|p1a: Bernie Landers|Intimidate|boost
|-unboost|p2a: Regieleki|atk|1
|move|p2a: Regieleki|Rising Voltage|p1a: Bernie Landers
|-supereffective|p1a: Bernie Landers
|-damage|p1a: Bernie Landers|0 fnt
|faint|p1a: Bernie Landers
|
|upkeep
|
|t:|1662044895
|switch|p1a: DA LAST REX(3005)|Tyranitar, F|100/100
|-damage|p1a: DA LAST REX(3005)|84/100|[from] Spikes
|-weather|Sandstorm|[from] ability: Sand Stream|[of] p1a: DA LAST REX(3005)
|turn|6
|
|t:|1662044899
|switch|p2a: Slowbro|Slowbro, M|100/100
|-damage|p2a: Slowbro|88/100|[from] Stealth Rock
|move|p1a: DA LAST REX(3005)|Earthquake|p2a: Slowbro
|-damage|p2a: Slowbro|71/100
|
|-weather|Sandstorm|[upkeep]
|-damage|p2a: Slowbro|65/100|[from] Sandstorm
|upkeep
|turn|7
|
|t:|1662044908
|switch|p1a: VODECi|Tapu Koko|78/100 tox
|-damage|p1a: VODECi|62/100 tox|[from] Spikes
|move|p2a: Slowbro|Future Sight|p1a: VODECi
|-start|p2a: Slowbro|move: Future Sight
|
|-weather|Sandstorm|[upkeep]
|-damage|p1a: VODECi|56/100 tox|[from] Sandstorm
|-damage|p2a: Slowbro|59/100|[from] Sandstorm
|-damage|p1a: VODECi|50/100 tox|[from] psn
|-fieldend|move: Electric Terrain
|upkeep
|turn|8
|
|t:|1662044911
|switch|p2a: Blissey|Blissey, F|100/100
|-damage|p2a: Blissey|88/100|[from] Stealth Rock
|move|p1a: VODECi|Volt Switch|p2a: Blissey
|-damage|p2a: Blissey|70/100
|
|t:|1662044914
|switch|p1a: RX PAPi|Ferrothorn, F|100/100|[from]move: Volt Switch
|-damage|p1a: RX PAPi|84/100|[from] Spikes
|
|-weather|Sandstorm|[upkeep]
|-damage|p2a: Blissey|64/100|[from] Sandstorm
|-heal|p2a: Blissey|70/100|[from] item: Leftovers
|upkeep
|turn|9
|
|t:|1662044918
|move|p2a: Blissey|Stealth Rock|p1a: RX PAPi
|-sidestart|p1: NeoNaruto®++|move: Stealth Rock
|move|p1a: RX PAPi|Spikes|p2a: Blissey
|-sidestart|p2: Peewee McGee XXX|Spikes
|
|-weather|Sandstorm|[upkeep]
|-damage|p2a: Blissey|64/100|[from] Sandstorm
|-end|p1a: RX PAPi|move: Future Sight
|-resisted|p1a: RX PAPi
|-damage|p1a: RX PAPi|67/100
|-heal|p2a: Blissey|70/100|[from] item: Leftovers
|upkeep
|turn|10
|
|t:|1662044922
|move|p1a: RX PAPi|Spikes|p2a: Blissey
|-sidestart|p2: Peewee McGee XXX|Spikes
|move|p2a: Blissey|Teleport|p2a: Blissey
|j| Theodort.3000
|
|t:|1662044926
|switch|p2a: Slowbro|Slowbro, M|92/100|[from]move: Teleport
|-damage|p2a: Slowbro|80/100|[from] Stealth Rock
|-damage|p2a: Slowbro|63/100|[from] Spikes
|
|-weather|none
|upkeep
|turn|11
|
|t:|1662044929
|move|p2a: Slowbro|Flamethrower|p1a: RX PAPi
|-supereffective|p1a: RX PAPi
|-damage|p1a: RX PAPi|0 fnt
|faint|p1a: RX PAPi
|
|upkeep
|
|t:|1662044932
|switch|p1a: VODECi|Tapu Koko|50/100 tox
|-damage|p1a: VODECi|33/100 tox|[from] Spikes
|-damage|p1a: VODECi|21/100 tox|[from] Stealth Rock
|-fieldstart|move: Electric Terrain|[from] ability: Electric Surge|[of] p1a: VODECi
|turn|12
|
|t:|1662044937
|switch|p2a: Blissey|Blissey, F|70/100
|-damage|p2a: Blissey|58/100|[from] Stealth Rock
|-damage|p2a: Blissey|41/100|[from] Spikes
|move|p1a: VODECi|Thunderbolt|p2a: Blissey
|-damage|p2a: Blissey|9/100
|
|-heal|p2a: Blissey|15/100|[from] item: Leftovers
|-damage|p1a: VODECi|15/100 tox|[from] psn
|upkeep
|turn|13
|
|t:|1662044945
|move|p1a: VODECi|Thunderbolt|p2a: Blissey
|-damage|p2a: Blissey|0 fnt
|faint|p2a: Blissey
|
|-damage|p1a: VODECi|3/100 tox|[from] psn
|upkeep
|
|t:|1662044949
|switch|p2a: Regieleki|Regieleki|88/100
|-damage|p2a: Regieleki|76/100|[from] Stealth Rock
|-damage|p2a: Regieleki|59/100|[from] Spikes
|turn|14
|
|t:|1662044951
|move|p2a: Regieleki|Rising Voltage|p1a: VODECi
|-hint|Rising Voltage's BP doubled on grounded target.
|-resisted|p1a: VODECi
|-damage|p1a: VODECi|0 fnt
|faint|p1a: VODECi
|
|upkeep
|
|t:|1662044954
|switch|p1a: Fat Charizard|Dragonite, F, shiny|100/100
|turn|15
|
|t:|1662044956
|move|p1a: Fat Charizard|Extreme Speed|p2a: Regieleki
|-damage|p2a: Regieleki|2/100
|move|p2a: Regieleki|Rising Voltage|p1a: Fat Charizard
|-damage|p1a: Fat Charizard|47/100
|
|upkeep
|turn|16
|
|t:|1662044963
|move|p1a: Fat Charizard|Extreme Speed|p2a: Regieleki
|-damage|p2a: Regieleki|0 fnt
|faint|p2a: Regieleki
|
|-fieldend|move: Electric Terrain
|upkeep
|
|t:|1662044967
|switch|p2a: Tapu Koko|Tapu Koko|100/100
|-fieldstart|move: Electric Terrain|[from] ability: Electric Surge|[of] p2a: Tapu Koko
|turn|17
|j| Palgeo
|
|t:|1662044979
|switch|p1a: DA LAST REX(3005)|Tyranitar, F|84/100
|-damage|p1a: DA LAST REX(3005)|67/100|[from] Spikes
|-damage|p1a: DA LAST REX(3005)|55/100|[from] Stealth Rock
|-weather|Sandstorm|[from] ability: Sand Stream|[of] p1a: DA LAST REX(3005)
|move|p2a: Tapu Koko|Thunderbolt|p1a: DA LAST REX(3005)
|-damage|p1a: DA LAST REX(3005)|39/100
|
|-weather|Sandstorm|[upkeep]
|-damage|p2a: Tapu Koko|94/100|[from] Sandstorm
|upkeep
|turn|18
|l| Theodort.3000
|
|t:|1662044985
|switch|p1a: PURRP FOR SALE|Darmanitan, M|100/100
|-damage|p1a: PURRP FOR SALE|84/100|[from] Spikes
|-damage|p1a: PURRP FOR SALE|59/100|[from] Stealth Rock
|move|p2a: Tapu Koko|Volt Switch|p1a: PURRP FOR SALE
|-damage|p1a: PURRP FOR SALE|0 fnt
|faint|p1a: PURRP FOR SALE
|
|t:|1662044991
|switch|p2a: Dragapult|Dragapult, M|100/100|[from]move: Volt Switch
|-damage|p2a: Dragapult|88/100|[from] Stealth Rock
|-damage|p2a: Dragapult|72/100|[from] Spikes
|
|-weather|Sandstorm|[upkeep]
|-damage|p2a: Dragapult|66/100|[from] Sandstorm
|upkeep
|
|t:|1662044998
|switch|p1a: Fat Charizard|Dragonite, F, shiny|47/100
|turn|19
|
|t:|1662045001
|move|p2a: Dragapult|Dragon Darts|p1a: Fat Charizard
|-supereffective|p1a: Fat Charizard
|-damage|p1a: Fat Charizard|0 fnt
|faint|p1a: Fat Charizard
|
|-weather|Sandstorm|[upkeep]
|-damage|p2a: Dragapult|60/100|[from] Sandstorm
|upkeep
|-message|NeoNaruto®++ forfeited.
|
|win|Peewee McGee XXX
|raw|NeoNaruto®++'s rating: 1630 &rarr; <strong>1611</strong><br />(-19 for losing)
|raw|Peewee McGee XXX's rating: 1656 &rarr; <strong>1675</strong><br />(+19 for winning)
|l|☆NeoNaruto®++
|l|☆Peewee McGee XXX
||Ladder isn't responding, score probably updated but might not have (Request timeout).
|j| Theodort.3000
|l| Theodort.3000
