|j|☆GORAN EL DRACO
|j|☆WG Hitman
|player|p1|GORAN EL DRACO|n|1825
|player|p2|WG Hitman|doubleteam|1939
|teamsize|p1|6
|teamsize|p2|6
|gametype|singles
|gen|8
|tier|[Gen 8] OU
|rated|
|clearpoke
|poke|p1|Torkoal, M|
|poke|p1|Rillaboom, M|
|poke|p1|Primarina, M|
|poke|p1|Zeraora|
|poke|p1|Hawlucha, M|
|poke|p1|Venusaur, F|
|poke|p2|Primarina, M|
|poke|p2|Hippowdon, F|
|poke|p2|Gengar, F|
|poke|p2|Cinderace, M|
|poke|p2|Ferrothorn, F|
|poke|p2|Excadrill, M|
|rule|Sleep Clause Mod: Limit one foe put to sleep
|rule|Species Clause: Limit one of each Pokémon
|rule|OHKO Clause: OHKO moves are banned
|rule|Evasion Moves Clause: Evasion moves are banned
|rule|Endless Battle Clause: Forcing endless battles is banned
|rule|HP Percentage Mod: HP is shown in percentages
|rule|Dynamax Clause: You cannot dynamax
|teampreview
|j| lil foe le do it
|inactive|Battle timer is ON: inactive players will automatically lose when time's up. (requested by GORAN EL DRACO)
|j| DOUBLE KICK TERRAK
|j| Sheik
|j| ironboundmayhem
|j| cancer02
|c| lil foe le do it|./rank wg hitman
|inactive|WG Hitman has 120 seconds left.
|j| Prescrumptuous
|j| Hell Arisen
|j| fluffy cows
|
|start
|switch|p1a: Torkoal|Torkoal, M|100/100
|switch|p2a: Cinderace|Cinderace, M|100/100
|-weather|SunnyDay|[from] ability: Drought|[of] p1a: Torkoal
|turn|1
|j| Daegnar
|
|move|p2a: Cinderace|U-turn|p1a: Torkoal
|-start|p2a: Cinderace|typechange|Bug|[from] ability: Libero
|-resisted|p1a: Torkoal
|-damage|p1a: Torkoal|90/100
|j| Zombini62
|
|switch|p2a: Hippowdon|Hippowdon, F|100/100|[from]move: U-turn
|-weather|Sandstorm|[from] ability: Sand Stream|[of] p2a: Hippowdon
|move|p1a: Torkoal|Stealth Rock|p2a: Hippowdon
|-sidestart|p2: WG Hitman|move: Stealth Rock
|
|-weather|Sandstorm|[upkeep]
|-damage|p1a: Torkoal|84/100|[from] Sandstorm
|upkeep
|turn|2
|j| Spracky2020
|
|switch|p1a: Rillaboom|Rillaboom, M|100/100
|-fieldstart|move: Grassy Terrain|[from] ability: Grassy Surge|[of] p1a: Rillaboom
|move|p2a: Hippowdon|Stealth Rock|p1a: Rillaboom
|-sidestart|p1: GORAN EL DRACO|move: Stealth Rock
|
|-weather|Sandstorm|[upkeep]
|-damage|p1a: Rillaboom|94/100|[from] Sandstorm
|-heal|p1a: Rillaboom|100/100|[from] Grassy Terrain
|upkeep
|turn|3
|j| GlobalWarmingDoom
|
|switch|p2a: Cinderace|Cinderace, M|100/100
|move|p1a: Rillaboom|Wood Hammer|p2a: Cinderace
|-resisted|p2a: Cinderace
|-damage|p2a: Cinderace|34/100
|-damage|p1a: Rillaboom|81/100|[from] Recoil
|
|-weather|Sandstorm|[upkeep]
|-damage|p2a: Cinderace|28/100|[from] Sandstorm
|-damage|p1a: Rillaboom|75/100|[from] Sandstorm
|-heal|p2a: Cinderace|34/100|[from] Grassy Terrain
|-heal|p1a: Rillaboom|81/100|[from] Grassy Terrain
|upkeep
|turn|4
|
|switch|p1a: Torkoal|Torkoal, M|84/100
|-weather|SunnyDay|[from] ability: Drought|[of] p1a: Torkoal
|move|p2a: Cinderace|Zen Headbutt|p1a: Torkoal
|-start|p2a: Cinderace|typechange|Psychic|[from] ability: Libero
|-damage|p1a: Torkoal|58/100
|
|-weather|SunnyDay|[upkeep]
|-heal|p2a: Cinderace|40/100|[from] Grassy Terrain
|-heal|p1a: Torkoal|64/100|[from] Grassy Terrain
|upkeep
|turn|5
|
|move|p2a: Cinderace|Zen Headbutt|p1a: Torkoal
|-damage|p1a: Torkoal|38/100
|cant|p1a: Torkoal|flinch
|
|-weather|SunnyDay|[upkeep]
|-heal|p2a: Cinderace|46/100|[from] Grassy Terrain
|-heal|p1a: Torkoal|44/100|[from] Grassy Terrain
|upkeep
|turn|6
|
|move|p2a: Cinderace|U-turn|p1a: Torkoal
|-start|p2a: Cinderace|typechange|Bug|[from] ability: Libero
|-resisted|p1a: Torkoal
|-damage|p1a: Torkoal|33/100
|
|switch|p2a: Gengar|Gengar, F|100/100|[from]move: U-turn
|-damage|p2a: Gengar|88/100|[from] Stealth Rock
|move|p1a: Torkoal|Yawn|p2a: Gengar
|-start|p2a: Gengar|move: Yawn|[of] p1a: Torkoal
|
|-weather|SunnyDay|[upkeep]
|-heal|p2a: Gengar|94/100|[from] Grassy Terrain
|-heal|p1a: Torkoal|39/100|[from] Grassy Terrain
|-fieldend|move: Grassy Terrain
|upkeep
|turn|7
|
|switch|p2a: Hippowdon|Hippowdon, F|100/100
|-damage|p2a: Hippowdon|94/100|[from] Stealth Rock
|-weather|Sandstorm|[from] ability: Sand Stream|[of] p2a: Hippowdon
|switch|p1a: Venusaur|Venusaur, F|100/100
|-damage|p1a: Venusaur|88/100|[from] Stealth Rock
|
|-weather|Sandstorm|[upkeep]
|-damage|p1a: Venusaur|82/100|[from] Sandstorm
|-heal|p2a: Hippowdon|100/100|[from] item: Leftovers
|upkeep
|turn|8
|
|switch|p1a: Torkoal|Torkoal, M|39/100
|-weather|SunnyDay|[from] ability: Drought|[of] p1a: Torkoal
|switch|p2a: Ferrothorn|Ferrothorn, F|100/100
|-damage|p2a: Ferrothorn|94/100|[from] Stealth Rock
|
|-weather|SunnyDay|[upkeep]
|upkeep
|turn|9
|
|switch|p2a: Hippowdon|Hippowdon, F|100/100
|-damage|p2a: Hippowdon|94/100|[from] Stealth Rock
|-weather|Sandstorm|[from] ability: Sand Stream|[of] p2a: Hippowdon
|move|p1a: Torkoal|Lava Plume|p2a: Hippowdon
|-damage|p2a: Hippowdon|70/100
|
|-weather|Sandstorm|[upkeep]
|-damage|p1a: Torkoal|33/100|[from] Sandstorm
|-heal|p2a: Hippowdon|77/100|[from] item: Leftovers
|upkeep
|turn|10
|l| Sheik
|
|switch|p1a: Rillaboom|Rillaboom, M|81/100
|-damage|p1a: Rillaboom|69/100|[from] Stealth Rock
|-fieldstart|move: Grassy Terrain|[from] ability: Grassy Surge|[of] p1a: Rillaboom
|move|p2a: Hippowdon|Earthquake|p1a: Rillaboom
|-resisted|p1a: Rillaboom
|-damage|p1a: Rillaboom|59/100
|
|-weather|Sandstorm|[upkeep]
|-damage|p1a: Rillaboom|52/100|[from] Sandstorm
|-heal|p1a: Rillaboom|59/100|[from] Grassy Terrain
|-heal|p2a: Hippowdon|83/100|[from] item: Leftovers
|-heal|p2a: Hippowdon|89/100|[from] Grassy Terrain
|upkeep
|turn|11
|
|switch|p2a: Ferrothorn|Ferrothorn, F|94/100
|-damage|p2a: Ferrothorn|88/100|[from] Stealth Rock
|move|p1a: Rillaboom|Knock Off|p2a: Ferrothorn
|-damage|p2a: Ferrothorn|63/100
|-damage|p1a: Rillaboom|46/100|[from] ability: Iron Barbs|[of] p2a: Ferrothorn
|-damage|p1a: Rillaboom|30/100|[from] item: Rocky Helmet|[of] p2a: Ferrothorn
|-enditem|p2a: Ferrothorn|Rocky Helmet|[from] move: Knock Off|[of] p1a: Rillaboom
|
|-weather|Sandstorm|[upkeep]
|-damage|p1a: Rillaboom|24/100|[from] Sandstorm
|-heal|p1a: Rillaboom|30/100|[from] Grassy Terrain
|-heal|p2a: Ferrothorn|69/100|[from] Grassy Terrain
|upkeep
|turn|12
|
|switch|p2a: Primarina|Primarina, M|100/100
|-damage|p2a: Primarina|88/100|[from] Stealth Rock
|move|p1a: Rillaboom|Superpower|p2a: Primarina
|-resisted|p2a: Primarina
|-crit|p2a: Primarina
|-damage|p2a: Primarina|42/100
|-unboost|p1a: Rillaboom|atk|1
|-unboost|p1a: Rillaboom|def|1
|
|-weather|Sandstorm|[upkeep]
|-damage|p1a: Rillaboom|24/100|[from] Sandstorm
|-damage|p2a: Primarina|36/100|[from] Sandstorm
|-heal|p1a: Rillaboom|30/100|[from] Grassy Terrain
|-heal|p2a: Primarina|42/100|[from] item: Leftovers
|-heal|p2a: Primarina|48/100|[from] Grassy Terrain
|upkeep
|turn|13
|
|switch|p2a: Gengar|Gengar, F|94/100
|-damage|p2a: Gengar|82/100|[from] Stealth Rock
|move|p1a: Rillaboom|Wood Hammer|p2a: Gengar
|-resisted|p2a: Gengar
|-damage|p2a: Gengar|21/100
|-damage|p1a: Rillaboom|15/100|[from] Recoil
|
|-weather|none
|-heal|p2a: Gengar|27/100|[from] Grassy Terrain
|-heal|p1a: Rillaboom|21/100|[from] Grassy Terrain
|upkeep
|turn|14
|
|switch|p1a: Zeraora|Zeraora|100/100
|-damage|p1a: Zeraora|88/100|[from] Stealth Rock
|move|p2a: Gengar|Sludge Wave|p1a: Zeraora
|-damage|p1a: Zeraora|9/100
|
|-heal|p2a: Gengar|33/100|[from] Grassy Terrain
|-heal|p1a: Zeraora|15/100|[from] Grassy Terrain
|-fieldend|move: Grassy Terrain
|upkeep
|turn|15
|
|move|p2a: Gengar|Sludge Wave|p1a: Zeraora
|-damage|p1a: Zeraora|0 fnt
|faint|p1a: Zeraora
|
|upkeep
|
|switch|p1a: Rillaboom|Rillaboom, M|21/100
|-damage|p1a: Rillaboom|8/100|[from] Stealth Rock
|-fieldstart|move: Grassy Terrain|[from] ability: Grassy Surge|[of] p1a: Rillaboom
|turn|16
|j| Youtube-Lucurryo
|
|move|p2a: Gengar|Sludge Wave|p1a: Rillaboom
|-supereffective|p1a: Rillaboom
|-damage|p1a: Rillaboom|0 fnt
|faint|p1a: Rillaboom
|
|-heal|p2a: Gengar|40/100|[from] Grassy Terrain
|upkeep
|
|switch|p1a: Hawlucha|Hawlucha, M|100/100
|-damage|p1a: Hawlucha|88/100|[from] Stealth Rock
|-enditem|p1a: Hawlucha|Grassy Seed
|-boost|p1a: Hawlucha|def|1|[from] item: Grassy Seed
|turn|17
|j| lukisonic23
|
|switch|p2a: Hippowdon|Hippowdon, F|89/100
|-damage|p2a: Hippowdon|83/100|[from] Stealth Rock
|-weather|Sandstorm|[from] ability: Sand Stream|[of] p2a: Hippowdon
|move|p1a: Hawlucha|Acrobatics|p2a: Hippowdon
|-damage|p2a: Hippowdon|56/100
|
|-weather|Sandstorm|[upkeep]
|-damage|p1a: Hawlucha|82/100|[from] Sandstorm
|-heal|p2a: Hippowdon|62/100|[from] item: Leftovers
|-heal|p2a: Hippowdon|68/100|[from] Grassy Terrain
|upkeep
|turn|18
|
|move|p1a: Hawlucha|Taunt|p2a: Hippowdon
|-start|p2a: Hippowdon|move: Taunt
|cant|p2a: Hippowdon|move: Taunt|Whirlwind
|
|-weather|Sandstorm|[upkeep]
|-damage|p1a: Hawlucha|76/100|[from] Sandstorm
|-heal|p2a: Hippowdon|74/100|[from] item: Leftovers
|-heal|p2a: Hippowdon|80/100|[from] Grassy Terrain
|upkeep
|turn|19
|j| sizes
|
|switch|p2a: Ferrothorn|Ferrothorn, F|69/100
|-damage|p2a: Ferrothorn|63/100|[from] Stealth Rock
|move|p1a: Hawlucha|Swords Dance|p1a: Hawlucha
|-boost|p1a: Hawlucha|atk|2
|
|-weather|Sandstorm|[upkeep]
|-damage|p1a: Hawlucha|70/100|[from] Sandstorm
|-heal|p2a: Ferrothorn|69/100|[from] Grassy Terrain
|upkeep
|turn|20
|j| YourWisdomTooth
|
|move|p1a: Hawlucha|Close Combat|p2a: Ferrothorn
|-supereffective|p2a: Ferrothorn
|-damage|p2a: Ferrothorn|0 fnt
|-unboost|p1a: Hawlucha|def|1
|-unboost|p1a: Hawlucha|spd|1
|-damage|p1a: Hawlucha|57/100|[from] ability: Iron Barbs|[of] p2a: Ferrothorn
|faint|p2a: Ferrothorn
|
|-weather|Sandstorm|[upkeep]
|-damage|p1a: Hawlucha|51/100|[from] Sandstorm
|-fieldend|move: Grassy Terrain
|upkeep
|j| Arnaud senju vgc
|j| jyroy
|inactive|WG Hitman has 120 seconds left.
|inactive|WG Hitman has 90 seconds left.
|
|switch|p2a: Excadrill|Excadrill, M|100/100
|-damage|p2a: Excadrill|97/100|[from] Stealth Rock
|turn|21
|j| kaleb5hildreth
|
|move|p2a: Excadrill|Rock Tomb|p1a: Hawlucha
|-damage|p1a: Hawlucha|24/100
|-unboost|p1a: Hawlucha|spe|1
|move|p1a: Hawlucha|Close Combat|p2a: Excadrill
|-supereffective|p2a: Excadrill
|-damage|p2a: Excadrill|0 fnt
|-unboost|p1a: Hawlucha|def|1
|-unboost|p1a: Hawlucha|spd|1
|faint|p2a: Excadrill
|
|-weather|none
|upkeep
|c| Youtube-Lucurryo|wait
|c| Youtube-Lucurryo|why does cinder have h.a now
|c| Youtube-Lucurryo|is it released today?
|inactive|WG Hitman has 60 seconds left.
|c|☆GORAN EL DRACO|jolly rock tomb
|c|☆GORAN EL DRACO|why
|c| YourWisdomTooth|all starts got it
|c|☆GORAN EL DRACO|and yea
|j| iron bash
|c| YourWisdomTooth|starters*
|c| Youtube-Lucurryo|wow
|c| Youtube-Lucurryo|i need the patchnotes
|c| Youtube-Lucurryo|:o
|c| YourWisdomTooth|ppl are trying rilaboom and grassy terrain now
|c|☆GORAN EL DRACO|it’s just the starter HAs that’s it
|l| Daegnar
|inactive|WG Hitman has 30 seconds left.
|
|switch|p2a: Cinderace|Cinderace, M|46/100
|turn|22
|c| DOUBLE KICK TERRAK|the guy with an all furries team is asking the questions yes
|j| Daegnar
|
|move|p2a: Cinderace|Sucker Punch|p1a: Hawlucha
|-start|p2a: Cinderace|typechange|Dark|[from] ability: Libero
|-resisted|p1a: Hawlucha
|-damage|p1a: Hawlucha|0 fnt
|faint|p1a: Hawlucha
|
|upkeep
|j| ihacu
|j| Sheik
|
|switch|p1a: Primarina|Primarina, M|100/100
|-damage|p1a: Primarina|88/100|[from] Stealth Rock
|turn|23
|j| Sharmakarma
|c| YourWisdomTooth|cinderace definitely gonna be a lot more prominent
|c|☆GORAN EL DRACO|yiff yourself
|c|☆WG Hitman|me?
|c| Sharmakarma|how does exca outspeed even if jolly
|
|move|p2a: Cinderace|Zen Headbutt|p1a: Primarina
|-start|p2a: Cinderace|typechange|Psychic|[from] ability: Libero
|-damage|p1a: Primarina|31/100
|cant|p1a: Primarina|flinch
|
|-heal|p1a: Primarina|37/100|[from] item: Leftovers
|upkeep
|turn|24
|c| Sharmakarma|hp investment hawlucha?
|c| DOUBLE KICK TERRAK|way too easy
|c| DOUBLE KICK TERRAK|good lord
|
|move|p2a: Cinderace|Zen Headbutt|p1a: Primarina|[miss]
|-miss|p2a: Cinderace|p1a: Primarina
|move|p1a: Primarina|Scald|p2a: Cinderace
|-damage|p2a: Cinderace|0 fnt
|faint|p2a: Cinderace
|
|-heal|p1a: Primarina|44/100|[from] item: Leftovers
|upkeep
|l| Daegnar
|
|switch|p2a: Gengar|Gengar, F|40/100
|-damage|p2a: Gengar|27/100|[from] Stealth Rock
|turn|25
|l| ihacu
|j| Daegnar
|j| Burnt Bright
|
|move|p2a: Gengar|Sludge Wave|p1a: Primarina
|-supereffective|p1a: Primarina
|-damage|p1a: Primarina|0 fnt
|faint|p1a: Primarina
|
|upkeep
|
|switch|p1a: Torkoal|Torkoal, M|33/100
|-weather|SunnyDay|[from] ability: Drought|[of] p1a: Torkoal
|turn|26
|
|switch|p1a: Venusaur|Venusaur, F|82/100
|-damage|p1a: Venusaur|70/100|[from] Stealth Rock
|move|p2a: Gengar|Sludge Wave|p1a: Venusaur
|-damage|p1a: Venusaur|10/100
|
|-weather|SunnyDay|[upkeep]
|upkeep
|turn|27
|c| Youtube-Lucurryo|terrak lol
|inactive|WG Hitman has 90 seconds left.
|l| jyroy
|j| TFL
|l| Burnt Bright
|j| ID Uc207Pr4f57t9
|j| Trophus
|
|switch|p2a: Hippowdon|Hippowdon, F|80/100
|-damage|p2a: Hippowdon|74/100|[from] Stealth Rock
|-weather|Sandstorm|[from] ability: Sand Stream|[of] p2a: Hippowdon
|move|p1a: Venusaur|Giga Drain|p2a: Hippowdon
|-supereffective|p2a: Hippowdon
|-damage|p2a: Hippowdon|0 fnt
|-heal|p1a: Venusaur|62/100|[from] drain|[of] p2a: Hippowdon
|-damage|p1a: Venusaur|52/100|[from] item: Life Orb
|faint|p2a: Hippowdon
|
|-weather|Sandstorm|[upkeep]
|-damage|p1a: Venusaur|46/100|[from] Sandstorm
|upkeep
|
|switch|p2a: Gengar|Gengar, F|27/100
|-damage|p2a: Gengar|15/100|[from] Stealth Rock
|turn|28
|
|switch|p2a: Primarina|Primarina, M|48/100
|-damage|p2a: Primarina|36/100|[from] Stealth Rock
|switch|p1a: Torkoal|Torkoal, M|33/100
|-weather|SunnyDay|[from] ability: Drought|[of] p1a: Torkoal
|
|-weather|SunnyDay|[upkeep]
|-heal|p2a: Primarina|42/100|[from] item: Leftovers
|upkeep
|turn|29
|
|move|p2a: Primarina|Substitute|p2a: Primarina
|-start|p2a: Primarina|Substitute
|-damage|p2a: Primarina|17/100
|move|p1a: Torkoal|Lava Plume|p2a: Primarina
|-resisted|p2a: Primarina
|-activate|p2a: Primarina|move: Substitute|[damage]
|
|-weather|SunnyDay|[upkeep]
|-heal|p2a: Primarina|23/100|[from] item: Leftovers
|upkeep
|turn|30
|c| Zombini62|L
|
|switch|p1a: Venusaur|Venusaur, F|46/100
|-damage|p1a: Venusaur|33/100|[from] Stealth Rock
|move|p2a: Primarina|Calm Mind|p2a: Primarina
|-boost|p2a: Primarina|spa|1
|-boost|p2a: Primarina|spd|1
|
|-weather|SunnyDay|[upkeep]
|-heal|p2a: Primarina|29/100|[from] item: Leftovers
|upkeep
|turn|31
|
|move|p1a: Venusaur|Giga Drain|p2a: Primarina
|-supereffective|p2a: Primarina
|-end|p2a: Primarina|Substitute
|-heal|p1a: Venusaur|37/100|[from] drain|[of] p2a: Primarina
|-damage|p1a: Venusaur|27/100|[from] item: Life Orb
|move|p2a: Primarina|Scald|p1a: Venusaur
|-resisted|p1a: Venusaur
|-damage|p1a: Venusaur|0 fnt
|faint|p1a: Venusaur
|
|-weather|SunnyDay|[upkeep]
|-heal|p2a: Primarina|35/100|[from] item: Leftovers
|upkeep
|l| GlobalWarmingDoom
|c|☆WG Hitman|Gg
|c|☆GORAN EL DRACO|gg
|c| DOUBLE KICK TERRAK|ez
|-message|GORAN EL DRACO forfeited.
|
|win|WG Hitman
|l|☆GORAN EL DRACO
|c| DOUBLE KICK TERRAK|yummy points
|l| fluffy cows
|l| Zombini62
|l| cancer02
|c| lil foe le do it|who is this kid
|l| DOUBLE KICK TERRAK
|l| sizes
|l| Spracky2020
|l| Sharmakarma
|l| lukisonic23
|l| iron bash
