|j|☆Another Brazy
|j|☆Mutako Z
|t:|1653408655
|gametype|singles
|player|p1|Another Brazy|veteran|1554
|player|p2|Mutako Z|cynthia-gen4|1527
|teamsize|p1|6
|teamsize|p2|6
|gen|8
|tier|[Gen 8] OU
|rated|
|rule|Sleep Clause Mod: Limit one foe put to sleep
|rule|Species Clause: Limit one of each Pokémon
|rule|OHKO Clause: OHKO moves are banned
|rule|Evasion Moves Clause: Evasion moves are banned
|rule|Endless Battle Clause: Forcing endless battles is banned
|rule|HP Percentage Mod: HP is shown in percentages
|rule|Dynamax Clause: You cannot dynamax
|clearpoke
|poke|p1|Cloyster, M|
|poke|p1|Polteageist|
|poke|p1|Gengar, M|
|poke|p1|Dragapult, F|
|poke|p1|Victini|
|poke|p1|Zeraora|
|poke|p2|Zeraora|
|poke|p2|Tapu Lele|
|poke|p2|Kartana|
|poke|p2|Zapdos|
|poke|p2|Heatran, F|
|poke|p2|Slowbro, F|
|teampreview
|inactive|Battle timer is ON: inactive players will automatically lose when time's up. (requested by Another Brazy)
|
|t:|1653408660
|start
|switch|p1a: Cloyster|Cloyster, M|100/100
|switch|p2a: Zeraora|Zeraora|100/100
|turn|1
|
|t:|1653408668
|move|p2a: Zeraora|Bulk Up|p2a: Zeraora
|-boost|p2a: Zeraora|atk|1
|-boost|p2a: Zeraora|def|1
|move|p1a: Cloyster|Shell Smash|p1a: Cloyster
|-unboost|p1a: Cloyster|def|1
|-unboost|p1a: Cloyster|spd|1
|-boost|p1a: Cloyster|atk|2
|-boost|p1a: Cloyster|spa|2
|-boost|p1a: Cloyster|spe|2
|
|upkeep
|turn|2
|
|t:|1653408677
|move|p1a: Cloyster|Icicle Spear|p2a: Zeraora
|-damage|p2a: Zeraora|78/100
|-damage|p2a: Zeraora|59/100
|-damage|p2a: Zeraora|39/100
|-crit|p2a: Zeraora
|-damage|p2a: Zeraora|0 fnt
|faint|p2a: Zeraora
|-hitcount|p2: Zeraora|4
|
|upkeep
|
|t:|1653408688
|switch|p2a: Kartana|Kartana|100/100
|turn|3
|
|t:|1653408691
|move|p1a: Cloyster|Shell Smash|p1a: Cloyster
|-unboost|p1a: Cloyster|def|1
|-unboost|p1a: Cloyster|spd|1
|-boost|p1a: Cloyster|atk|2
|-boost|p1a: Cloyster|spa|2
|-boost|p1a: Cloyster|spe|2
|move|p2a: Kartana|Leaf Blade|p1a: Cloyster
|-supereffective|p1a: Cloyster
|-enditem|p1a: Cloyster|Focus Sash
|-damage|p1a: Cloyster|1/100
|-damage|p2a: Kartana|91/100|[from] item: Life Orb
|
|upkeep
|turn|4
|
|t:|1653408702
|move|p1a: Cloyster|Icicle Spear|p2a: Kartana
|-damage|p2a: Kartana|60/100
|-damage|p2a: Kartana|27/100
|-damage|p2a: Kartana|0 fnt
|faint|p2a: Kartana
|-hitcount|p2: Kartana|3
|
|upkeep
|
|t:|1653408713
|switch|p2a: Slowbro|Slowbro, F|100/100
|turn|5
|
|t:|1653408716
|move|p1a: Cloyster|Explosion|p2a: Slowbro
|-damage|p2a: Slowbro|0 fnt
|faint|p1a: Cloyster
|faint|p2a: Slowbro
|
|upkeep
|
|t:|1653408723
|switch|p1a: Victini|Victini|100/100
|switch|p2a: Zapdos|Zapdos|100/100
|turn|6
|
|t:|1653408727
|move|p1a: Victini|Final Gambit|p2a: Zapdos
|-damage|p2a: Zapdos|0 fnt
|faint|p1a: Victini
|faint|p2a: Zapdos
|
|upkeep
|
|t:|1653408732
|switch|p1a: Zeraora|Zeraora|100/100
|switch|p2a: Heatran|Heatran, F|100/100
|turn|7
|
|t:|1653408736
|move|p1a: Zeraora|Charge|p1a: Zeraora
|-boost|p1a: Zeraora|spd|1
|-activate|p1a: Zeraora|move: Charge
|move|p2a: Heatran|Earth Power|p1a: Zeraora
|-supereffective|p1a: Zeraora
|-damage|p1a: Zeraora|54/100
|
|-heal|p1a: Zeraora|60/100|[from] item: Leftovers
|upkeep
|turn|8
|
|t:|1653408743
|move|p1a: Zeraora|Plasma Fists|p2a: Heatran
|-damage|p2a: Heatran|18/100
|-fieldactivate|move: Ion Deluge
|-hint|Normal-type moves become Electric-type after using Plasma Fists.
|move|p2a: Heatran|Earth Power|p1a: Zeraora
|-supereffective|p1a: Zeraora
|-damage|p1a: Zeraora|14/100
|
|-heal|p1a: Zeraora|20/100|[from] item: Leftovers
|-heal|p2a: Heatran|24/100|[from] item: Leftovers
|upkeep
|turn|9
|
|t:|1653408753
|move|p1a: Zeraora|Drain Punch|p2a: Heatran
|-supereffective|p2a: Heatran
|-damage|p2a: Heatran|0 fnt
|-heal|p1a: Zeraora|35/100|[from] drain|[of] p2a: Heatran
|faint|p2a: Heatran
|
|-heal|p1a: Zeraora|41/100|[from] item: Leftovers
|upkeep
|
|t:|1653408760
|switch|p2a: Tapu Lele|Tapu Lele|100/100
|-fieldstart|move: Psychic Terrain|[from] ability: Psychic Surge|[of] p2a: Tapu Lele
|turn|10
|
|t:|1653408765
|move|p2a: Tapu Lele|Psyshock|p1a: Zeraora
|-damage|p1a: Zeraora|0 fnt
|faint|p1a: Zeraora
|
|upkeep
|
|t:|1653408770
|switch|p1a: Dragapult|Dragapult, F|100/100
|turn|11
|
|t:|1653408772
|move|p2a: Tapu Lele|Psyshock|p1a: Dragapult
|-damage|p1a: Dragapult|22/100
|move|p1a: Dragapult|Phantom Force||[still]
|-prepare|p1a: Dragapult|Phantom Force
|
|upkeep
|turn|12
|
|t:|1653408776
|move|p2a: Tapu Lele|Psyshock|p1a: Dragapult|[miss]
|-miss|p2a: Tapu Lele|p1a: Dragapult
|move|p1a: Dragapult|Phantom Force|p2a: Tapu Lele|[from]lockedmove
|-supereffective|p2a: Tapu Lele
|-damage|p2a: Tapu Lele|0 fnt
|faint|p2a: Tapu Lele
|-damage|p1a: Dragapult|12/100|[from] item: Life Orb
|
|win|Another Brazy
|raw|Another Brazy's rating: 1554 &rarr; <strong>1572</strong><br />(+18 for winning)
|raw|Mutako Z's rating: 1527 &rarr; <strong>1509</strong><br />(-18 for losing)
