|html|<div class="broadcast-blue"><strong>[Gen 8] OU is currently suspecting Melmetal! For information on how to participate check out the <a href="https://www.smogon.com/forums/threads/np-ss-ou-suspect-process-round-12-monster-mash.3709234/">suspect thread</a>.</strong></div>
|j|☆minimax_ai
|j|☆gotsnsd
|t:|1666128307
|gametype|singles
|player|p1|minimax_ai|lusamine-nihilego|1422
|player|p2|gotsnsd|beauty-gen2jp|1490
|teamsize|p1|6
|teamsize|p2|6
|gen|8
|tier|[Gen 8] OU
|rated|
|rule|Sleep Clause Mod: Limit one foe put to sleep
|rule|Species Clause: Limit one of each Pokémon
|rule|OHKO Clause: OHKO moves are banned
|rule|Evasion Items Clause: Evasion items are banned
|rule|Evasion Moves Clause: Evasion moves are banned
|rule|Endless Battle Clause: Forcing endless battles is banned
|rule|HP Percentage Mod: HP is shown in percentages
|rule|Dynamax Clause: You cannot dynamax
|clearpoke
|poke|p1|Rotom-Wash|
|poke|p1|Weavile, M|
|poke|p1|Landorus-Therian, M|
|poke|p1|Heatran, M|
|poke|p1|Tangrowth, F|
|poke|p1|Melmetal|
|poke|p2|Dragapult, F|
|poke|p2|Kartana|
|poke|p2|Weavile, M|
|poke|p2|Volcanion|
|poke|p2|Mew|
|poke|p2|Landorus-Therian, M|
|teampreview
|c|☆minimax_ai|hf
|inactive|Battle timer is ON: inactive players will automatically lose when time's up. (requested by minimax_ai)
|
|t:|1666128324
|start
|switch|p1a: rotomwash|Rotom-Wash|100/100
|switch|p2a: Dragapult|Dragapult, F|100/100
|turn|1
|
|t:|1666128331
|switch|p1a: landorustherian|Landorus-Therian, M|100/100
|-ability|p1a: landorustherian|Intimidate|boost
|-fail|p2a: Dragapult|unboost|[from] ability: Clear Body|[of] p2a: Dragapult
|move|p2a: Dragapult|U-turn|p1a: landorustherian
|-resisted|p1a: landorustherian
|-damage|p1a: landorustherian|83/100
|
|t:|1666128343
|switch|p2a: Weavile|Weavile, M|100/100|[from]move: U-turn
|-ability|p2a: Weavile|Pressure
|
|-heal|p1a: landorustherian|89/100|[from] item: Leftovers
|upkeep
|turn|2
|
|t:|1666128346
|move|p2a: Weavile|Beat Up|p1a: landorustherian
|-damage|p1a: landorustherian|75/100
|-damage|p1a: landorustherian|56/100
|-crit|p1a: landorustherian
|-damage|p1a: landorustherian|34/100
|-damage|p1a: landorustherian|21/100
|-damage|p1a: landorustherian|10/100
|-damage|p1a: landorustherian|0 fnt
|faint|p1a: landorustherian
|-hitcount|p1: landorustherian|6
|
|upkeep
|
|t:|1666128347
|switch|p1a: Weavile|Weavile, M|100/100
|-ability|p1a: Weavile|Pressure
|turn|3
|
|t:|1666128360
|switch|p2a: Volcanion|Volcanion|100/100
|move|p1a: Weavile|Knock Off|p2a: Volcanion
|-damage|p2a: Volcanion|25/100
|-enditem|p2a: Volcanion|Choice Specs|[from] move: Knock Off|[of] p1a: Weavile
|
|upkeep
|turn|4
|
|t:|1666128368
|move|p1a: Weavile|Knock Off|p2a: Volcanion
|-damage|p2a: Volcanion|0 fnt
|faint|p2a: Volcanion
|
|upkeep
|
|t:|1666128377
|switch|p2a: Landorus|Landorus-Therian, M|100/100
|-ability|p2a: Landorus|Intimidate|boost
|-unboost|p1a: Weavile|atk|1
|turn|5
|
|t:|1666128380
|switch|p1a: Tangrowth|Tangrowth, F|100/100
|move|p2a: Landorus|Gravity|p2a: Landorus
|-fieldstart|move: Gravity
|
|upkeep
|turn|6
|
|t:|1666128390
|switch|p2a: Mew|Mew|100/100
|move|p1a: Tangrowth|Giga Drain|p2a: Mew
|-damage|p2a: Mew|77/100
|-enditem|p2a: Mew|Red Card|[of] p1a: Tangrowth
|drag|p1a: Heatran|Heatran, M|100/100
|
|upkeep
|turn|7
|
|t:|1666128394
|move|p2a: Mew|Stealth Rock|p1a: Heatran
|-sidestart|p1: minimax_ai|move: Stealth Rock
|move|p1a: Heatran|Eruption|p2a: Mew
|-damage|p2a: Mew|8/100
|
|upkeep
|turn|8
|
|t:|1666128397
|move|p2a: Mew|Close Combat|p1a: Heatran
|-supereffective|p1a: Heatran
|-crit|p1a: Heatran
|-damage|p1a: Heatran|22/100
|-unboost|p2a: Mew|def|1
|-unboost|p2a: Mew|spd|1
|-enditem|p1a: Heatran|Air Balloon
|move|p1a: Heatran|Magma Storm|p2a: Mew
|-damage|p2a: Mew|0 fnt
|faint|p2a: Mew
|
|upkeep
|
|t:|1666128419
|switch|p2a: Landorus|Landorus-Therian, M|100/100
|-ability|p2a: Landorus|Intimidate|boost
|-unboost|p1a: Heatran|atk|1
|turn|9
|
|t:|1666128434
|switch|p2a: Dragapult|Dragapult, F|100/100
|switch|p1a: Tangrowth|Tangrowth, F|100/100
|-damage|p1a: Tangrowth|88/100|[from] Stealth Rock
|
|-fieldend|move: Gravity
|upkeep
|turn|10
|
|t:|1666128436
|move|p2a: Dragapult|U-turn|p1a: Tangrowth
|-supereffective|p1a: Tangrowth
|-damage|p1a: Tangrowth|51/100
|-damage|p2a: Dragapult|84/100|[from] item: Rocky Helmet|[of] p1a: Tangrowth
|
|t:|1666128444
|switch|p2a: Weavile|Weavile, M|100/100|[from]move: U-turn
|-ability|p2a: Weavile|Pressure
|move|p1a: Tangrowth|Knock Off|p2a: Weavile
|-resisted|p2a: Weavile
|-damage|p2a: Weavile|80/100
|-enditem|p2a: Weavile|Choice Band|[from] move: Knock Off|[of] p1a: Tangrowth
|
|upkeep
|turn|11
|
|t:|1666128447
|switch|p1a: Melmetal|Melmetal|100/100
|-damage|p1a: Melmetal|94/100|[from] Stealth Rock
|move|p2a: Weavile|Triple Axel|p1a: Melmetal
|-resisted|p1a: Melmetal
|-damage|p1a: Melmetal|91/100
|-resisted|p1a: Melmetal
|-damage|p1a: Melmetal|85/100
|-resisted|p1a: Melmetal
|-damage|p1a: Melmetal|76/100
|-hitcount|p1a: Melmetal|3
|
|upkeep
|turn|12
|
|t:|1666128451
|switch|p2a: Kartana|Kartana|100/100
|move|p1a: Melmetal|Double Iron Bash|p2a: Kartana
|-resisted|p2a: Kartana
|-damage|p2a: Kartana|80/100
|-resisted|p2a: Kartana
|-damage|p2a: Kartana|61/100
|-hitcount|p2a: Kartana|2
|
|upkeep
|turn|13
|
|t:|1666128455
|switch|p1a: Tangrowth|Tangrowth, F|84/100
|-damage|p1a: Tangrowth|72/100|[from] Stealth Rock
|move|p2a: Kartana|Knock Off|p1a: Tangrowth
|-damage|p1a: Tangrowth|49/100
|-damage|p2a: Kartana|44/100|[from] item: Rocky Helmet|[of] p1a: Tangrowth
|-enditem|p1a: Tangrowth|Rocky Helmet|[from] move: Knock Off|[of] p2a: Kartana
|
|upkeep
|turn|14
|
|t:|1666128462
|switch|p2a: Weavile|Weavile, M|80/100
|-ability|p2a: Weavile|Pressure
|move|p1a: Tangrowth|Giga Drain|p2a: Weavile
|-damage|p2a: Weavile|44/100
|-heal|p1a: Tangrowth|61/100|[from] drain|[of] p2a: Weavile
|
|upkeep
|turn|15
|
|t:|1666128467
|switch|p1a: Melmetal|Melmetal|76/100
|-damage|p1a: Melmetal|70/100|[from] Stealth Rock
|move|p2a: Weavile|Low Kick|p1a: Melmetal
|-supereffective|p1a: Melmetal
|-damage|p1a: Melmetal|20/100
|
|upkeep
|turn|16
|
|t:|1666128474
|switch|p1a: rotomwash|Rotom-Wash|100/100
|-damage|p1a: rotomwash|88/100|[from] Stealth Rock
|move|p2a: Weavile|Beat Up|p1a: rotomwash
|-damage|p1a: rotomwash|78/100
|-damage|p1a: rotomwash|64/100
|-damage|p1a: rotomwash|52/100
|-damage|p1a: rotomwash|43/100
|-hitcount|p1a: rotomwash|4
|
|-heal|p1a: rotomwash|49/100|[from] item: Leftovers
|upkeep
|turn|17
|
|t:|1666128492
|switch|p2a: Dragapult|Dragapult, F|84/100
|switch|p1a: Heatran|Heatran, M|22/100
|-damage|p1a: Heatran|10/100|[from] Stealth Rock
|
|upkeep
|turn|18
|
|t:|1666128496
|move|p2a: Dragapult|Dragon Darts|p1a: Heatran
|-resisted|p1a: Heatran
|-damage|p1a: Heatran|0 fnt
|faint|p1a: Heatran
|
|upkeep
|
|t:|1666128496
|switch|p1a: Tangrowth|Tangrowth, F|94/100
|-damage|p1a: Tangrowth|82/100|[from] Stealth Rock
|turn|19
|
|t:|1666128516
|switch|p2a: Landorus|Landorus-Therian, M|100/100
|-ability|p2a: Landorus|Intimidate|boost
|-unboost|p1a: Tangrowth|atk|1
|move|p1a: Tangrowth|Knock Off|p2a: Landorus
|-damage|p2a: Landorus|85/100
|-enditem|p2a: Landorus|Leftovers|[from] move: Knock Off|[of] p1a: Tangrowth
|
|upkeep
|turn|20
|
|t:|1666128526
|switch|p2a: Kartana|Kartana|44/100
|move|p1a: Tangrowth|Knock Off|p2a: Kartana
|-damage|p2a: Kartana|28/100
|-enditem|p2a: Kartana|Choice Scarf|[from] move: Knock Off|[of] p1a: Tangrowth
|
|upkeep
|turn|21
|
|t:|1666128530
|switch|p2a: Landorus|Landorus-Therian, M|85/100
|-ability|p2a: Landorus|Intimidate|boost
|-unboost|p1a: Tangrowth|atk|1
|move|p1a: Tangrowth|Knock Off|p2a: Landorus
|-damage|p2a: Landorus|77/100
|
|upkeep
|turn|22
|
|t:|1666128535
|move|p2a: Landorus|Swords Dance|p2a: Landorus
|-boost|p2a: Landorus|atk|2
|move|p1a: Tangrowth|Knock Off|p2a: Landorus
|-damage|p2a: Landorus|69/100
|
|upkeep
|turn|23
|
|t:|1666128539
|move|p2a: Landorus|Stone Edge|p1a: Tangrowth|[miss]
|-miss|p2a: Landorus|p1a: Tangrowth
|move|p1a: Tangrowth|Giga Drain|p2a: Landorus
|-damage|p2a: Landorus|39/100
|-heal|p1a: Tangrowth|97/100|[from] drain|[of] p2a: Landorus
|
|upkeep
|turn|24
|
|t:|1666128543
|move|p2a: Landorus|Stone Edge|p1a: Tangrowth
|-damage|p1a: Tangrowth|62/100
|move|p1a: Tangrowth|Giga Drain|p2a: Landorus
|-damage|p2a: Landorus|10/100
|-heal|p1a: Tangrowth|76/100|[from] drain|[of] p2a: Landorus
|
|upkeep
|turn|25
|
|t:|1666128547
|switch|p2a: Dragapult|Dragapult, F|84/100
|move|p1a: Tangrowth|Giga Drain|p2a: Dragapult
|-resisted|p2a: Dragapult
|-damage|p2a: Dragapult|65/100
|-heal|p1a: Tangrowth|83/100|[from] drain|[of] p2a: Dragapult
|
|upkeep
|turn|26
|
|t:|1666128554
|move|p2a: Dragapult|U-turn|p1a: Tangrowth
|-supereffective|p1a: Tangrowth
|-damage|p1a: Tangrowth|46/100
|
|t:|1666128561
|switch|p2a: Landorus|Landorus-Therian, M|10/100|[from]move: U-turn
|-ability|p2a: Landorus|Intimidate|boost
|-unboost|p1a: Tangrowth|atk|1
|move|p1a: Tangrowth|Sleep Powder|p2a: Landorus|[miss]
|-miss|p1a: Tangrowth|p2a: Landorus
|
|upkeep
|turn|27
|
|t:|1666128566
|switch|p2a: Weavile|Weavile, M|44/100
|-ability|p2a: Weavile|Pressure
|move|p1a: Tangrowth|Sleep Powder|p2a: Weavile
|-status|p2a: Weavile|slp|[from] move: Sleep Powder
|
|upkeep
|turn|28
|
|t:|1666128572
|cant|p2a: Weavile|slp
|move|p1a: Tangrowth|Giga Drain|p2a: Weavile
|-damage|p2a: Weavile|3/100 slp
|-heal|p1a: Tangrowth|60/100|[from] drain|[of] p2a: Weavile
|
|upkeep
|turn|29
|
|t:|1666128575
|switch|p1a: Weavile|Weavile, M|100/100
|-damage|p1a: Weavile|76/100|[from] Stealth Rock
|-ability|p1a: Weavile|Pressure
|cant|p2a: Weavile|slp
|
|upkeep
|turn|30
|
|t:|1666128579
|move|p1a: Weavile|Ice Shard|p2a: Weavile
|-resisted|p2a: Weavile
|-damage|p2a: Weavile|0 fnt
|faint|p2a: Weavile
|
|upkeep
|
|t:|1666128585
|switch|p2a: Landorus|Landorus-Therian, M|10/100
|-ability|p2a: Landorus|Intimidate|boost
|-unboost|p1a: Weavile|atk|1
|turn|31
|
|t:|1666128590
|move|p1a: Weavile|Ice Shard|p2a: Landorus
|-supereffective|p2a: Landorus
|-damage|p2a: Landorus|0 fnt
|faint|p2a: Landorus
|
|upkeep
|
|t:|1666128592
|switch|p2a: Dragapult|Dragapult, F|65/100
|turn|32
|
|t:|1666128595
|move|p1a: Weavile|Ice Shard|p2a: Dragapult
|-supereffective|p2a: Dragapult
|-damage|p2a: Dragapult|12/100
|move|p2a: Dragapult|Dragon Darts|p1a: Weavile
|-damage|p1a: Weavile|13/100
|-anim|p2a: Dragapult|Dragon Darts|p1a: Weavile
|-damage|p1a: Weavile|0 fnt
|faint|p1a: Weavile
|
|upkeep
|
|t:|1666128595
|switch|p1a: Tangrowth|Tangrowth, F|93/100
|-damage|p1a: Tangrowth|80/100|[from] Stealth Rock
|turn|33
|
|t:|1666128598
|move|p2a: Dragapult|Dragon Darts|p1a: Tangrowth
|-crit|p1a: Tangrowth
|-damage|p1a: Tangrowth|52/100
|-anim|p2a: Dragapult|Dragon Darts|p1a: Tangrowth
|-damage|p1a: Tangrowth|34/100
|move|p1a: Tangrowth|Giga Drain|p2a: Dragapult
|-resisted|p2a: Dragapult
|-damage|p2a: Dragapult|0 fnt
|-heal|p1a: Tangrowth|39/100|[from] drain|[of] p2a: Dragapult
|faint|p2a: Dragapult
|
|upkeep
|
|t:|1666128601
|switch|p2a: Kartana|Kartana|28/100
|turn|34
|
|t:|1666128604
|move|p2a: Kartana|Smart Strike|p1a: Tangrowth
|-damage|p1a: Tangrowth|12/100
|move|p1a: Tangrowth|Focus Blast|p2a: Kartana
|-supereffective|p2a: Kartana
|-damage|p2a: Kartana|0 fnt
|faint|p2a: Kartana
|
|win|minimax_ai
|raw|minimax_ai's rating: 1422 &rarr; <strong>1446</strong><br />(+24 for winning)
|raw|gotsnsd's rating: 1490 &rarr; <strong>1466</strong><br />(-24 for losing)
|c|☆minimax_ai|gg
