|raw|<div class="broadcast-blue"><strong>This battle is required to be public due to a player having a name starting with 'btlt200'.</div>
|j|☆btlt200$ devin
|j|☆yummydonutstealer
|t:|1667839959
|gametype|singles
|player|p1|btlt200$ devin|proton|1520
|player|p2|yummydonutstealer|brock|1566
|teamsize|p1|6
|teamsize|p2|6
|gen|8
|tier|[Gen 8] OU
|rated|
|rule|Sleep Clause Mod: Limit one foe put to sleep
|rule|Species Clause: Limit one of each Pokémon
|rule|OHKO Clause: OHKO moves are banned
|rule|Evasion Items Clause: Evasion items are banned
|rule|Evasion Moves Clause: Evasion moves are banned
|rule|Endless Battle Clause: Forcing endless battles is banned
|rule|HP Percentage Mod: HP is shown in percentages
|rule|Dynamax Clause: You cannot dynamax
|clearpoke
|poke|p1|Dragapult, F|
|poke|p1|Urshifu-*, F|
|poke|p1|Zapdos|
|poke|p1|Melmetal|
|poke|p1|Landorus-Therian, M|
|poke|p1|Rillaboom, F|
|poke|p2|Slowking-Galar, F|
|poke|p2|Garchomp, M|
|poke|p2|Tapu Fini|
|poke|p2|Zapdos|
|poke|p2|Kartana|
|poke|p2|Buzzwole|
|teampreview
|inactive|Battle timer is ON: inactive players will automatically lose when time's up. (requested by btlt200$ devin)
|
|t:|1667839973
|start
|switch|p1a: Landorus|Landorus-Therian, M|100/100
|switch|p2a: Gabagool|Garchomp, M|100/100
|-ability|p1a: Landorus|Intimidate|boost
|-unboost|p2a: Gabagool|atk|1
|turn|1
|
|t:|1667839982
|switch|p2a: Immunity Idol|Tapu Fini, shiny|100/100
|-fieldstart|move: Misty Terrain|[from] ability: Misty Surge|[of] p2a: Immunity Idol
|move|p1a: Landorus|Stealth Rock|p2a: Immunity Idol
|-sidestart|p2: yummydonutstealer|move: Stealth Rock
|
|upkeep
|turn|2
|
|t:|1667839988
|move|p1a: Landorus|Earthquake|p2a: Immunity Idol
|-damage|p2a: Immunity Idol|66/100
|move|p2a: Immunity Idol|Nature's Madness|p1a: Landorus
|-damage|p1a: Landorus|50/100
|
|-heal|p1a: Landorus|57/100|[from] item: Leftovers
|-heal|p2a: Immunity Idol|72/100|[from] item: Leftovers
|upkeep
|turn|3
|
|t:|1667839994
|switch|p2a: Gabagool|Garchomp, M|100/100
|-damage|p2a: Gabagool|94/100|[from] Stealth Rock
|move|p1a: Landorus|U-turn|p2a: Gabagool
|-crit|p2a: Gabagool
|-damage|p2a: Gabagool|71/100
|-damage|p1a: Landorus|44/100|[from] ability: Rough Skin|[of] p2a: Gabagool
|
|t:|1667840001
|switch|p1a: Urshifu|Urshifu-Rapid-Strike, F|100/100|[from]move: U-turn
|
|-heal|p2a: Gabagool|77/100|[from] item: Leftovers
|upkeep
|turn|4
|
|t:|1667840005
|switch|p2a: BostonRob|Buzzwole|100/100
|-damage|p2a: BostonRob|88/100|[from] Stealth Rock
|move|p1a: Urshifu|Surging Strikes|p2a: BostonRob
|-crit|p2a: BostonRob
|-damage|p2a: BostonRob|75/100
|-crit|p2a: BostonRob
|-damage|p2a: BostonRob|62/100
|-crit|p2a: BostonRob
|-damage|p2a: BostonRob|50/100
|-hitcount|p2a: BostonRob|3
|
|upkeep
|turn|5
|
|t:|1667840009
|move|p1a: Urshifu|Taunt|p2a: BostonRob
|-start|p2a: BostonRob|move: Taunt
|cant|p2a: BostonRob|move: Taunt|Roost
|
|-fieldend|Misty Terrain
|upkeep
|turn|6
|j| BTLT200$ SF'
|
|t:|1667840022
|move|p1a: Urshifu|Surging Strikes|p2a: BostonRob
|-crit|p2a: BostonRob
|-damage|p2a: BostonRob|36/100
|-crit|p2a: BostonRob
|-damage|p2a: BostonRob|22/100
|-crit|p2a: BostonRob
|-damage|p2a: BostonRob|8/100
|-hitcount|p2a: BostonRob|3
|move|p2a: BostonRob|Close Combat|p1a: Urshifu
|-damage|p1a: Urshifu|30/100
|-unboost|p2a: BostonRob|def|1
|-unboost|p2a: BostonRob|spd|1
|
|upkeep
|turn|7
|
|t:|1667840030
|switch|p2a: Derrick Rose|Kartana, shiny|100/100
|-damage|p2a: Derrick Rose|94/100|[from] Stealth Rock
|move|p1a: Urshifu|Surging Strikes|p2a: Derrick Rose
|-resisted|p2a: Derrick Rose
|-crit|p2a: Derrick Rose
|-damage|p2a: Derrick Rose|84/100
|-resisted|p2a: Derrick Rose
|-crit|p2a: Derrick Rose
|-damage|p2a: Derrick Rose|74/100
|-resisted|p2a: Derrick Rose
|-crit|p2a: Derrick Rose
|-damage|p2a: Derrick Rose|64/100
|-hitcount|p2a: Derrick Rose|3
|
|upkeep
|turn|8
|
|t:|1667840039
|switch|p2a: Skadoosh|Slowking-Galar, F|100/100
|-damage|p2a: Skadoosh|88/100|[from] Stealth Rock
|move|p1a: Urshifu|Surging Strikes|p2a: Skadoosh
|-crit|p2a: Skadoosh
|-damage|p2a: Skadoosh|68/100
|-crit|p2a: Skadoosh
|-damage|p2a: Skadoosh|50/100
|-crit|p2a: Skadoosh
|-damage|p2a: Skadoosh|28/100
|-hitcount|p2a: Skadoosh|3
|
|upkeep
|turn|9
|-message|yummydonutstealer forfeited.
|
|win|btlt200$ devin
|raw|btlt200$ devin's rating: 1520 &rarr; <strong>1543</strong><br />(+23 for winning)
|raw|yummydonutstealer's rating: 1566 &rarr; <strong>1543</strong><br />(-23 for losing)
|l|☆yummydonutstealer
