|j|☆comp233
|j|☆skyexperimenter
|t:|1655631578
|gametype|singles
|player|p1|comp233|rosa|1589
|player|p2|skyexperimenter|veteranf|1578
|teamsize|p1|6
|teamsize|p2|6
|gen|8
|tier|[Gen 8] OU
|rated|
|rule|Sleep Clause Mod: Limit one foe put to sleep
|rule|Species Clause: Limit one of each Pokémon
|rule|OHKO Clause: OHKO moves are banned
|rule|Evasion Moves Clause: Evasion moves are banned
|rule|Endless Battle Clause: Forcing endless battles is banned
|rule|HP Percentage Mod: HP is shown in percentages
|rule|Dynamax Clause: You cannot dynamax
|clearpoke
|poke|p1|Dragapult, F|
|poke|p1|Melmetal|
|poke|p1|Zapdos-Galar|
|poke|p1|Blaziken, M|
|poke|p1|Victini|
|poke|p1|Landorus-Therian, M|
|poke|p2|Amoonguss, F|
|poke|p2|Hippowdon, M|
|poke|p2|Moltres|
|poke|p2|Scizor, M|
|poke|p2|Slowking, M|
|poke|p2|Nidoking, M|
|teampreview
|inactive|Battle timer is ON: inactive players will automatically lose when time's up. (requested by skyexperimenter)
|
|t:|1655631606
|start
|switch|p1a: Zapdos|Zapdos-Galar|100/100
|switch|p2a: Hippowdon|Hippowdon, M|100/100
|-weather|Sandstorm|[from] ability: Sand Stream|[of] p2a: Hippowdon
|turn|1
|
|t:|1655631610
|switch|p2a: Moltres|Moltres|100/100
|move|p1a: Zapdos|Close Combat|p2a: Moltres
|-resisted|p2a: Moltres
|-damage|p2a: Moltres|67/100
|-unboost|p1a: Zapdos|def|1
|-unboost|p1a: Zapdos|spd|1
|-status|p1a: Zapdos|brn|[from] ability: Flame Body|[of] p2a: Moltres
|
|-weather|Sandstorm|[upkeep]
|-damage|p1a: Zapdos|94/100 brn|[from] Sandstorm
|-damage|p2a: Moltres|61/100|[from] Sandstorm
|-damage|p1a: Zapdos|88/100 brn|[from] brn
|upkeep
|turn|2
|
|t:|1655631617
|switch|p1a: Victini|Victini|100/100
|move|p2a: Moltres|Roost|p2a: Moltres
|-heal|p2a: Moltres|100/100
|-singleturn|p2a: Moltres|move: Roost
|
|-weather|Sandstorm|[upkeep]
|-damage|p1a: Victini|94/100|[from] Sandstorm
|-damage|p2a: Moltres|94/100|[from] Sandstorm
|upkeep
|turn|3
|
|t:|1655631626
|move|p1a: Victini|Glaciate|p2a: Moltres
|-damage|p2a: Moltres|76/100
|-unboost|p2a: Moltres|spe|1
|-damage|p1a: Victini|85/100|[from] item: Life Orb
|move|p2a: Moltres|U-turn|p1a: Victini
|-damage|p1a: Victini|72/100
|
|t:|1655631628
|switch|p2a: Hippowdon|Hippowdon, M|100/100|[from]move: U-turn
|
|-weather|Sandstorm|[upkeep]
|-damage|p1a: Victini|66/100|[from] Sandstorm
|upkeep
|turn|4
|
|t:|1655631633
|switch|p1a: Landorus|Landorus-Therian, M|100/100
|-ability|p1a: Landorus|Intimidate|boost
|-unboost|p2a: Hippowdon|atk|1
|move|p2a: Hippowdon|Earthquake|p1a: Landorus
|-immune|p1a: Landorus
|
|-weather|Sandstorm|[upkeep]
|upkeep
|turn|5
|
|t:|1655631634
|move|p1a: Landorus|Stealth Rock|p2a: Hippowdon
|-sidestart|p2: skyexperimenter|move: Stealth Rock
|move|p2a: Hippowdon|Toxic|p1a: Landorus
|-status|p1a: Landorus|tox
|
|-weather|none
|-damage|p1a: Landorus|95/100 tox|[from] psn
|upkeep
|turn|6
|
|t:|1655631637
|move|p1a: Landorus|Knock Off|p2a: Hippowdon
|-damage|p2a: Hippowdon|77/100
|-enditem|p2a: Hippowdon|Leftovers|[from] move: Knock Off|[of] p1a: Landorus
|move|p2a: Hippowdon|Stealth Rock|p1a: Landorus
|-sidestart|p1: comp233|move: Stealth Rock
|
|-damage|p1a: Landorus|83/100 tox|[from] psn
|upkeep
|turn|7
|
|t:|1655631643
|switch|p1a: Zapdos|Zapdos-Galar|88/100 brn
|-damage|p1a: Zapdos|76/100 brn|[from] Stealth Rock
|move|p2a: Hippowdon|Slack Off|p2a: Hippowdon
|-heal|p2a: Hippowdon|100/100
|
|-damage|p1a: Zapdos|69/100 brn|[from] brn
|upkeep
|turn|8
|
|t:|1655631650
|move|p1a: Zapdos|Brave Bird|p2a: Hippowdon
|-damage|p2a: Hippowdon|70/100
|-damage|p1a: Zapdos|56/100 brn|[from] Recoil
|move|p2a: Hippowdon|Slack Off|p2a: Hippowdon
|-heal|p2a: Hippowdon|100/100
|
|-damage|p1a: Zapdos|50/100 brn|[from] brn
|upkeep
|turn|9
|
|t:|1655631658
|switch|p1a: Dragapult|Dragapult, F, shiny|100/100
|-damage|p1a: Dragapult|88/100|[from] Stealth Rock
|switch|p2a: Moltres|Moltres|76/100
|
|upkeep
|turn|10
|
|t:|1655631665
|move|p1a: Dragapult|Draco Meteor|p2a: Moltres
|-damage|p2a: Moltres|16/100
|-unboost|p1a: Dragapult|spa|2
|move|p2a: Moltres|U-turn|p1a: Dragapult
|-resisted|p1a: Dragapult
|-damage|p1a: Dragapult|79/100
|
|t:|1655631673
|switch|p2a: Scizor|Scizor, M|100/100|[from]move: U-turn
|
|upkeep
|turn|11
|
|t:|1655631677
|switch|p1a: Landorus|Landorus-Therian, M|83/100 tox
|-damage|p1a: Landorus|70/100 tox|[from] Stealth Rock
|-ability|p1a: Landorus|Intimidate|boost
|-unboost|p2a: Scizor|atk|1
|move|p2a: Scizor|Knock Off|p1a: Landorus
|-damage|p1a: Landorus|50/100 tox
|-enditem|p1a: Landorus|Focus Sash|[from] move: Knock Off|[of] p2a: Scizor
|
|-damage|p1a: Landorus|44/100 tox|[from] psn
|upkeep
|turn|12
|
|t:|1655631685
|switch|p1a: Blaziken|Blaziken, M, shiny|100/100
|-damage|p1a: Blaziken|88/100|[from] Stealth Rock
|move|p2a: Scizor|Swords Dance|p2a: Scizor
|-boost|p2a: Scizor|atk|2
|
|upkeep
|turn|13
|
|t:|1655631701
|switch|p2a: Hippowdon|Hippowdon, M|100/100
|-damage|p2a: Hippowdon|94/100|[from] Stealth Rock
|-weather|Sandstorm|[from] ability: Sand Stream|[of] p2a: Hippowdon
|move|p1a: Blaziken|Close Combat|p2a: Hippowdon
|-damage|p2a: Hippowdon|41/100
|-unboost|p1a: Blaziken|def|1
|-unboost|p1a: Blaziken|spd|1
|-damage|p1a: Blaziken|78/100|[from] item: Life Orb
|
|-weather|Sandstorm|[upkeep]
|-damage|p1a: Blaziken|72/100|[from] Sandstorm
|-ability|p1a: Blaziken|Speed Boost|boost
|-boost|p1a: Blaziken|spe|1
|upkeep
|turn|14
|
|t:|1655631708
|switch|p2a: Slowking|Slowking, M|100/100
|move|p1a: Blaziken|Close Combat|p2a: Slowking
|-resisted|p2a: Slowking
|-damage|p2a: Slowking|57/100
|-unboost|p1a: Blaziken|def|1
|-unboost|p1a: Blaziken|spd|1
|-damage|p1a: Blaziken|62/100|[from] item: Life Orb
|
|-weather|Sandstorm|[upkeep]
|-damage|p1a: Blaziken|56/100|[from] Sandstorm
|-damage|p2a: Slowking|51/100|[from] Sandstorm
|-ability|p1a: Blaziken|Speed Boost|boost
|-boost|p1a: Blaziken|spe|1
|upkeep
|turn|15
|
|t:|1655631714
|switch|p2a: Amoonguss|Amoonguss, F, shiny|100/100
|-damage|p2a: Amoonguss|88/100|[from] Stealth Rock
|move|p1a: Blaziken|Thunder Punch|p2a: Amoonguss
|-resisted|p2a: Amoonguss
|-damage|p2a: Amoonguss|77/100
|-damage|p1a: Blaziken|40/100|[from] item: Rocky Helmet|[of] p2a: Amoonguss
|-damage|p1a: Blaziken|30/100|[from] item: Life Orb
|
|-weather|Sandstorm|[upkeep]
|-damage|p1a: Blaziken|24/100|[from] Sandstorm
|-damage|p2a: Amoonguss|71/100|[from] Sandstorm
|-ability|p1a: Blaziken|Speed Boost|boost
|-boost|p1a: Blaziken|spe|1
|upkeep
|turn|16
|
|t:|1655631724
|switch|p1a: Zapdos|Zapdos-Galar|50/100 brn
|-damage|p1a: Zapdos|38/100 brn|[from] Stealth Rock
|switch|p2a: Slowking|Slowking, M|85/100
|
|-weather|Sandstorm|[upkeep]
|-damage|p1a: Zapdos|31/100 brn|[from] Sandstorm
|-damage|p2a: Slowking|79/100|[from] Sandstorm
|-damage|p1a: Zapdos|25/100 brn|[from] brn
|upkeep
|turn|17
|
|t:|1655631729
|switch|p2a: Scizor|Scizor, M|100/100
|move|p1a: Zapdos|Brave Bird|p2a: Scizor
|-damage|p2a: Scizor|66/100
|-damage|p1a: Zapdos|13/100 brn|[from] Recoil
|
|-weather|none
|-damage|p1a: Zapdos|6/100 brn|[from] brn
|upkeep
|turn|18
|
|t:|1655631732
|move|p1a: Zapdos|Brave Bird|p2a: Scizor
|-damage|p2a: Scizor|30/100
|-damage|p1a: Zapdos|0 fnt|[from] Recoil
|faint|p1a: Zapdos
|move|p2a: Scizor|Roost|p2a: Scizor
|-heal|p2a: Scizor|80/100
|-singleturn|p2a: Scizor|move: Roost
|
|upkeep
|
|t:|1655631737
|switch|p1a: Victini|Victini|66/100
|-damage|p1a: Victini|41/100|[from] Stealth Rock
|turn|19
|
|t:|1655631757
|switch|p2a: Slowking|Slowking, M|100/100
|move|p1a: Victini|Bolt Strike|p2a: Slowking
|-supereffective|p2a: Slowking
|-crit|p2a: Slowking
|-damage|p2a: Slowking|0 fnt
|faint|p2a: Slowking
|-damage|p1a: Victini|31/100|[from] item: Life Orb
|
|upkeep
|
|t:|1655631762
|switch|p2a: Hippowdon|Hippowdon, M|41/100
|-damage|p2a: Hippowdon|34/100|[from] Stealth Rock
|-weather|Sandstorm|[from] ability: Sand Stream|[of] p2a: Hippowdon
|turn|20
|
|t:|1655631766
|switch|p2a: Moltres|Moltres|16/100
|move|p1a: Victini|V-create|p2a: Moltres
|-resisted|p2a: Moltres
|-damage|p2a: Moltres|0 fnt
|-unboost|p1a: Victini|spe|1
|-unboost|p1a: Victini|def|1
|-unboost|p1a: Victini|spd|1
|faint|p2a: Moltres
|-damage|p1a: Victini|21/100|[from] item: Life Orb
|
|-weather|Sandstorm|[upkeep]
|-damage|p1a: Victini|15/100|[from] Sandstorm
|upkeep
|
|t:|1655631769
|switch|p2a: Scizor|Scizor, M|80/100
|turn|21
|
|t:|1655631772
|move|p2a: Scizor|Bullet Punch|p1a: Victini
|-resisted|p1a: Victini
|-damage|p1a: Victini|0 fnt
|faint|p1a: Victini
|
|-weather|Sandstorm|[upkeep]
|upkeep
|
|t:|1655631776
|switch|p1a: Dragapult|Dragapult, F, shiny|79/100
|-damage|p1a: Dragapult|66/100|[from] Stealth Rock
|turn|22
|
|t:|1655631783
|switch|p2a: Hippowdon|Hippowdon, M|34/100
|-damage|p2a: Hippowdon|28/100|[from] Stealth Rock
|move|p1a: Dragapult|Flamethrower|p2a: Hippowdon
|-damage|p2a: Hippowdon|6/100
|
|-weather|Sandstorm|[upkeep]
|-damage|p1a: Dragapult|60/100|[from] Sandstorm
|upkeep
|turn|23
|
|t:|1655631794
|switch|p2a: Amoonguss|Amoonguss, F, shiny|100/100
|-damage|p2a: Amoonguss|88/100|[from] Stealth Rock
|move|p1a: Dragapult|Flamethrower|p2a: Amoonguss
|-supereffective|p2a: Amoonguss
|-damage|p2a: Amoonguss|32/100
|
|-weather|Sandstorm|[upkeep]
|-damage|p1a: Dragapult|54/100|[from] Sandstorm
|-damage|p2a: Amoonguss|26/100|[from] Sandstorm
|upkeep
|turn|24
|
|t:|1655631800
|switch|p2a: Hippowdon|Hippowdon, M|6/100
|-damage|p2a: Hippowdon|0 fnt|[from] Stealth Rock
|faint|p2a: Hippowdon
|move|p1a: Dragapult|Flamethrower|p2: Hippowdon|[notarget]
|-fail|p1a: Dragapult
|
|-weather|none
|upkeep
|
|t:|1655631802
|switch|p2a: Nidoking|Nidoking, M, shiny|100/100
|-damage|p2a: Nidoking|95/100|[from] Stealth Rock
|turn|25
|
|t:|1655631810
|switch|p1a: Blaziken|Blaziken, M, shiny|24/100
|-damage|p1a: Blaziken|11/100|[from] Stealth Rock
|move|p2a: Nidoking|Ice Beam|p1a: Blaziken
|-resisted|p1a: Blaziken
|-damage|p1a: Blaziken|0 fnt
|faint|p1a: Blaziken
|
|upkeep
|
|t:|1655631812
|switch|p1a: Landorus|Landorus-Therian, M|44/100 tox
|-damage|p1a: Landorus|32/100 tox|[from] Stealth Rock
|-ability|p1a: Landorus|Intimidate|boost
|-unboost|p2a: Nidoking|atk|1
|turn|26
|
|t:|1655631816
|switch|p2a: Amoonguss|Amoonguss, F, shiny|59/100
|-damage|p2a: Amoonguss|47/100|[from] Stealth Rock
|move|p1a: Landorus|Earthquake|p2a: Amoonguss
|-damage|p2a: Amoonguss|4/100
|
|-damage|p1a: Landorus|26/100 tox|[from] psn
|upkeep
|turn|27
|
|t:|1655631823
|switch|p1a: Dragapult|Dragapult, F, shiny|54/100
|-damage|p1a: Dragapult|42/100|[from] Stealth Rock
|switch|p2a: Scizor|Scizor, M|80/100
|
|upkeep
|turn|28
|
|t:|1655631833
|switch|p2a: Amoonguss|Amoonguss, F, shiny|37/100
|-damage|p2a: Amoonguss|25/100|[from] Stealth Rock
|move|p1a: Dragapult|Flamethrower|p2a: Amoonguss
|-supereffective|p2a: Amoonguss
|-damage|p2a: Amoonguss|0 fnt
|faint|p2a: Amoonguss
|
|upkeep
|
|t:|1655631836
|switch|p2a: Nidoking|Nidoking, M, shiny|95/100
|-damage|p2a: Nidoking|89/100|[from] Stealth Rock
|turn|29
|inactive|comp233 has 120 seconds left.
|
|t:|1655631868
|switch|p1a: Melmetal|Melmetal, shiny|100/100
|-damage|p1a: Melmetal|94/100|[from] Stealth Rock
|move|p2a: Nidoking|Ice Beam|p1a: Melmetal
|-resisted|p1a: Melmetal
|-damage|p1a: Melmetal|75/100
|
|upkeep
|turn|30
|inactive|comp233 has 120 seconds left.
|
|t:|1655631879
|move|p2a: Nidoking|Flamethrower|p1a: Melmetal
|-supereffective|p1a: Melmetal
|-damage|p1a: Melmetal|0 fnt
|faint|p1a: Melmetal
|
|upkeep
|inactive|comp233 has 120 seconds left.
|
|t:|1655631884
|switch|p1a: Landorus|Landorus-Therian, M|26/100 tox
|-damage|p1a: Landorus|13/100 tox|[from] Stealth Rock
|-ability|p1a: Landorus|Intimidate|boost
|-unboost|p2a: Nidoking|atk|1
|turn|31
|
|t:|1655631893
|move|p1a: Landorus|Earthquake|p2a: Nidoking
|-supereffective|p2a: Nidoking
|-damage|p2a: Nidoking|0 fnt
|faint|p2a: Nidoking
|
|-damage|p1a: Landorus|7/100 tox|[from] psn
|upkeep
|
|t:|1655631896
|switch|p2a: Scizor|Scizor, M|80/100
|turn|32
|
|t:|1655631898
|move|p1a: Landorus|Earthquake|p2a: Scizor
|-damage|p2a: Scizor|40/100
|move|p2a: Scizor|Swords Dance|p2a: Scizor
|-boost|p2a: Scizor|atk|2
|
|-damage|p1a: Landorus|0 fnt|[from] psn
|faint|p1a: Landorus
|upkeep
|
|t:|1655631900
|switch|p1a: Dragapult|Dragapult, F, shiny|42/100
|-damage|p1a: Dragapult|30/100|[from] Stealth Rock
|turn|33
|
|t:|1655631905
|move|p2a: Scizor|Bullet Punch|p1a: Dragapult
|-damage|p1a: Dragapult|0 fnt
|faint|p1a: Dragapult
|
|win|skyexperimenter
|raw|comp233's rating: 1589 &rarr; <strong>1568</strong><br />(-21 for losing)
|raw|skyexperimenter's rating: 1578 &rarr; <strong>1599</strong><br />(+21 for winning)
|l|☆comp233
