|j|☆LudwigFrog
|j|☆frouug
|t:|1636812890
|gametype|singles
|player|p1|LudwigFrog|hilbert-wonderlauncher|1524
|player|p2|frouug|spenser-gen3|1528
|teamsize|p1|6
|teamsize|p2|6
|gen|8
|tier|[Gen 8] OU
|rated|
|rule|Sleep Clause Mod: Limit one foe put to sleep
|rule|Species Clause: Limit one of each Pokémon
|rule|OHKO Clause: OHKO moves are banned
|rule|Evasion Moves Clause: Evasion moves are banned
|rule|Endless Battle Clause: Forcing endless battles is banned
|rule|HP Percentage Mod: HP is shown in percentages
|rule|Dynamax Clause: You cannot dynamax
|clearpoke
|poke|p1|Toxapex, M|
|poke|p1|Tapu Lele|
|poke|p1|Landorus-Therian, M|
|poke|p1|Dragapult, M|
|poke|p1|Dragonite, F|
|poke|p1|Melmetal|
|poke|p2|Zeraora|
|poke|p2|Ferrothorn, M|
|poke|p2|Zapdos-Galar|
|poke|p2|Entei|
|poke|p2|Excadrill, M|
|poke|p2|Cloyster, F|
|teampreview
|inactive|Battle timer is ON: inactive players will automatically lose when time's up. (requested by LudwigFrog)
|inactive|frouug has 120 seconds left.
|
|t:|1636812931
|start
|switch|p1a: Dragapult|Dragapult, M|100/100
|switch|p2a: Superstar Girl|Cloyster, F, shiny|100/100
|turn|1
|
|t:|1636812960
|move|p1a: Dragapult|U-turn|p2a: Superstar Girl
|-damage|p2a: Superstar Girl|86/100
|
|t:|1636812962
|switch|p1a: Melmetal|Melmetal|100/100|[from]move: U-turn
|move|p2a: Superstar Girl|Shell Smash|p2a: Superstar Girl
|-unboost|p2a: Superstar Girl|def|1
|-unboost|p2a: Superstar Girl|spd|1
|-boost|p2a: Superstar Girl|atk|2
|-boost|p2a: Superstar Girl|spa|2
|-boost|p2a: Superstar Girl|spe|2
|
|upkeep
|turn|2
|
|t:|1636812968
|move|p2a: Superstar Girl|Explosion|p1a: Melmetal
|-resisted|p1a: Melmetal
|-damage|p1a: Melmetal|50/100
|faint|p2a: Superstar Girl
|move|p1a: Melmetal|Double Iron Bash|p2: Superstar Girl|[notarget]
|-fail|p1a: Melmetal
|
|-heal|p1a: Melmetal|56/100|[from] item: Leftovers
|upkeep
|
|t:|1636812976
|switch|p2a: 90210|Entei|100/100
|turn|3
|
|t:|1636812979
|move|p1a: Melmetal|Protect|p1a: Melmetal
|-singleturn|p1a: Melmetal|Protect
|move|p2a: 90210|Sacred Fire|p1a: Melmetal
|-activate|p1a: Melmetal|move: Protect
|
|-heal|p1a: Melmetal|62/100|[from] item: Leftovers
|upkeep
|turn|4
|
|t:|1636812987
|switch|p1a: Toxapex|Toxapex, M|100/100
|move|p2a: 90210|Sacred Fire|p1a: Toxapex
|-resisted|p1a: Toxapex
|-damage|p1a: Toxapex|80/100
|-damage|p2a: 90210|91/100|[from] item: Life Orb
|
|upkeep
|turn|5
|
|t:|1636812990
|move|p2a: 90210|Stomping Tantrum|p1a: Toxapex
|-supereffective|p1a: Toxapex
|-crit|p1a: Toxapex
|-damage|p1a: Toxapex|25/100
|-damage|p2a: 90210|74/100|[from] item: Rocky Helmet|[of] p1a: Toxapex
|-damage|p2a: 90210|64/100|[from] item: Life Orb
|move|p1a: Toxapex|Knock Off|p2a: 90210
|-damage|p2a: 90210|49/100
|-enditem|p2a: 90210|Life Orb|[from] move: Knock Off|[of] p1a: Toxapex
|
|upkeep
|turn|6
|
|t:|1636812998
|switch|p2a: 50 on her caddy|Zapdos-Galar|100/100
|switch|p1a: Landorus|Landorus-Therian, M|100/100
|-ability|p1a: Landorus|Intimidate|boost
|-unboost|p2a: 50 on her caddy|atk|1
|-ability|p2a: 50 on her caddy|Defiant
|-boost|p2a: 50 on her caddy|atk|2
|
|upkeep
|turn|7
|j| Igiegie fans
|l| Igiegie fans
|
|t:|1636813005
|switch|p1a: Melmetal|Melmetal|62/100
|move|p2a: 50 on her caddy|Brave Bird|p1a: Melmetal
|-resisted|p1a: Melmetal
|-crit|p1a: Melmetal
|-damage|p1a: Melmetal|2/100
|-damage|p2a: 50 on her caddy|75/100|[from] Recoil
|
|-heal|p1a: Melmetal|8/100|[from] item: Leftovers
|upkeep
|turn|8
|
|t:|1636813009
|move|p1a: Melmetal|Protect|p1a: Melmetal
|-singleturn|p1a: Melmetal|Protect
|move|p2a: 50 on her caddy|Brave Bird|p1a: Melmetal
|-activate|p1a: Melmetal|move: Protect
|
|-heal|p1a: Melmetal|14/100|[from] item: Leftovers
|upkeep
|turn|9
|
|t:|1636813019
|move|p2a: 50 on her caddy|Brave Bird|p1a: Melmetal
|-resisted|p1a: Melmetal
|-damage|p1a: Melmetal|0 fnt
|faint|p1a: Melmetal
|-damage|p2a: 50 on her caddy|69/100|[from] Recoil
|
|upkeep
|
|t:|1636813021
|switch|p1a: Dragapult|Dragapult, M|100/100
|turn|10
|
|t:|1636813028
|switch|p2a: For the Alley|Excadrill, M, shiny|100/100
|-ability|p2a: For the Alley|Mold Breaker
|move|p1a: Dragapult|Shadow Ball|p2a: For the Alley
|-damage|p2a: For the Alley|71/100
|-unboost|p2a: For the Alley|spd|1
|
|upkeep
|turn|11
|
|t:|1636813040
|move|p1a: Dragapult|Shadow Ball|p2a: For the Alley
|-damage|p2a: For the Alley|30/100
|move|p2a: For the Alley|Rock Tomb|p1a: Dragapult
|-damage|p1a: Dragapult|74/100
|-unboost|p1a: Dragapult|spe|1
|
|upkeep
|turn|12
|
|t:|1636813063
|move|p1a: Dragapult|Shadow Ball|p2a: For the Alley
|-damage|p2a: For the Alley|0 fnt
|faint|p2a: For the Alley
|
|upkeep
|
|t:|1636813065
|switch|p2a: Pornstar Girl|Zeraora|100/100
|turn|13
|
|t:|1636813075
|switch|p1a: Toxapex|Toxapex, M|58/100
|move|p2a: Pornstar Girl|Knock Off|p1a: Toxapex
|-damage|p1a: Toxapex|37/100
|-damage|p2a: Pornstar Girl|84/100|[from] item: Rocky Helmet|[of] p1a: Toxapex
|-enditem|p1a: Toxapex|Rocky Helmet|[from] move: Knock Off|[of] p2a: Pornstar Girl
|
|upkeep
|turn|14
|
|t:|1636813085
|switch|p2a: 50 on her chain|Ferrothorn, M, shiny|100/100
|switch|p1a: Landorus|Landorus-Therian, M|100/100
|-ability|p1a: Landorus|Intimidate|boost
|-unboost|p2a: 50 on her chain|atk|1
|
|upkeep
|turn|15
|
|t:|1636813091
|move|p1a: Landorus|Earthquake|p2a: 50 on her chain
|-damage|p2a: 50 on her chain|75/100
|move|p2a: 50 on her chain|Stealth Rock|p1a: Landorus
|-sidestart|p1: LudwigFrog|move: Stealth Rock
|
|upkeep
|turn|16
|
|t:|1636813101
|move|p1a: Landorus|Defog|p2a: 50 on her chain
|-unboost|p2a: 50 on her chain|evasion|1
|-sideend|p1: LudwigFrog|Stealth Rock|[from] move: Defog|[of] p1a: Landorus
|move|p2a: 50 on her chain|Power Whip|p1a: Landorus
|-damage|p1a: Landorus|74/100
|
|-heal|p1a: Landorus|80/100|[from] item: Leftovers
|upkeep
|turn|17
|
|t:|1636813108
|move|p1a: Landorus|U-turn|p2a: 50 on her chain
|-damage|p2a: 50 on her chain|61/100
|-damage|p1a: Landorus|67/100|[from] ability: Iron Barbs|[of] p2a: 50 on her chain
|
|t:|1636813112
|switch|p1a: Dragapult|Dragapult, M|74/100|[from]move: U-turn
|move|p2a: 50 on her chain|Stealth Rock|p1a: Dragapult
|-sidestart|p1: LudwigFrog|move: Stealth Rock
|
|upkeep
|turn|18
|
|t:|1636813118
|move|p1a: Dragapult|Flamethrower|p2a: 50 on her chain
|-supereffective|p2a: 50 on her chain
|-damage|p2a: 50 on her chain|0 fnt
|faint|p2a: 50 on her chain
|
|upkeep
|
|t:|1636813121
|switch|p2a: Pornstar Girl|Zeraora|84/100
|turn|19
|
|t:|1636813129
|switch|p1a: Toxapex|Toxapex, M|70/100
|-damage|p1a: Toxapex|57/100|[from] Stealth Rock
|move|p2a: Pornstar Girl|Knock Off|p1a: Toxapex
|-damage|p1a: Toxapex|43/100
|
|upkeep
|turn|20
|
|t:|1636813132
|switch|p2a: 50 on her caddy|Zapdos-Galar|69/100
|switch|p1a: Landorus|Landorus-Therian, M|67/100
|-damage|p1a: Landorus|55/100|[from] Stealth Rock
|-ability|p1a: Landorus|Intimidate|boost
|-unboost|p2a: 50 on her caddy|atk|1
|-ability|p2a: 50 on her caddy|Defiant
|-boost|p2a: 50 on her caddy|atk|2
|
|-heal|p1a: Landorus|61/100|[from] item: Leftovers
|upkeep
|turn|21
|
|t:|1636813139
|move|p2a: 50 on her caddy|Drill Peck|p1a: Landorus
|-damage|p1a: Landorus|0 fnt
|faint|p1a: Landorus
|
|upkeep
|
|t:|1636813143
|switch|p1a: Tapu Lele|Tapu Lele|100/100
|-damage|p1a: Tapu Lele|88/100|[from] Stealth Rock
|-fieldstart|move: Psychic Terrain|[from] ability: Psychic Surge|[of] p1a: Tapu Lele
|turn|22
|
|t:|1636813149
|move|p1a: Tapu Lele|Psyshock|p2a: 50 on her caddy
|-supereffective|p2a: 50 on her caddy
|-damage|p2a: 50 on her caddy|0 fnt
|faint|p2a: 50 on her caddy
|
|upkeep
|
|t:|1636813155
|switch|p2a: Pornstar Girl|Zeraora|84/100
|turn|23
|
|t:|1636813161
|move|p2a: Pornstar Girl|Plasma Fists|p1a: Tapu Lele
|-damage|p1a: Tapu Lele|4/100
|move|p1a: Tapu Lele|Psyshock|p2a: Pornstar Girl
|-damage|p2a: Pornstar Girl|0 fnt
|faint|p2a: Pornstar Girl
|
|upkeep
|
|t:|1636813164
|switch|p2a: 90210|Entei|49/100
|turn|24
|
|t:|1636813168
|move|p1a: Tapu Lele|Psyshock|p2a: 90210
|-damage|p2a: 90210|0 fnt
|faint|p2a: 90210
|
|win|LudwigFrog
|raw|LudwigFrog's rating: 1524 &rarr; <strong>1544</strong><br />(+20 for winning)
|raw|frouug's rating: 1528 &rarr; <strong>1508</strong><br />(-20 for losing)
|c|☆frouug|gg
|l|☆LudwigFrog
