|j|☆Arnaud Senju vgc
|j|☆LT71LX WD
|t:|1596987317
|player|p1|Arnaud Senju vgc|steven|1846
|player|p2|LT71LX WD|266|1964
|teamsize|p1|6
|teamsize|p2|6
|gametype|singles
|gen|8
|tier|[Gen 8] OU
|rated|
|clearpoke
|poke|p1|Torkoal, M|
|poke|p1|Charizard, F|
|poke|p1|Blissey, F|
|poke|p1|Venusaur, M|
|poke|p1|Ninetales, F|
|poke|p1|Talonflame, M|
|poke|p2|Mew|
|poke|p2|Azumarill, M|
|poke|p2|Rillaboom, F|
|poke|p2|Scizor, M|
|poke|p2|Zeraora|
|poke|p2|Togekiss, M|
|rule|Sleep Clause Mod: Limit one foe put to sleep
|rule|Species Clause: Limit one of each Pokémon
|rule|OHKO Clause: OHKO moves are banned
|rule|Evasion Moves Clause: Evasion moves are banned
|rule|Endless Battle Clause: Forcing endless battles is banned
|rule|HP Percentage Mod: HP is shown in percentages
|rule|Dynamax Clause: You cannot dynamax
|teampreview
|
|t:|1596987332
|start
|switch|p1a: Ninetales|Ninetales, F|100/100
|switch|p2a: Togekiss|Togekiss, M|100/100
|-weather|SunnyDay|[from] ability: Drought|[of] p1a: Ninetales
|turn|1
|
|t:|1596987336
|move|p2a: Togekiss|Air Slash|p1a: Ninetales
|-damage|p1a: Ninetales|55/100
|move|p1a: Ninetales|Nasty Plot|p1a: Ninetales
|-boost|p1a: Ninetales|spa|2
|
|-weather|SunnyDay|[upkeep]
|upkeep
|turn|2
|
|t:|1596987339
|move|p2a: Togekiss|Air Slash|p1a: Ninetales
|-damage|p1a: Ninetales|7/100
|move|p1a: Ninetales|Fire Blast|p2a: Togekiss
|-crit|p2a: Togekiss
|-damage|p2a: Togekiss|0 fnt
|faint|p2a: Togekiss
|
|-weather|SunnyDay|[upkeep]
|upkeep
|c|☆LT71LX WD|no way
|j| RoseTheory
|
|t:|1596987349
|switch|p2a: Mew|Mew|100/100
|turn|3
|
|t:|1596987351
|move|p1a: Ninetales|Fire Blast|p2a: Mew
|-enditem|p2a: Mew|Focus Sash
|-damage|p2a: Mew|1/100
|move|p2a: Mew|Stealth Rock|p1a: Ninetales
|-sidestart|p1: Arnaud Senju vgc|move: Stealth Rock
|
|-weather|SunnyDay|[upkeep]
|upkeep
|turn|4
|
|t:|1596987356
|move|p2a: Mew|Explosion|p1a: Ninetales
|-damage|p1a: Ninetales|0 fnt
|faint|p2a: Mew
|faint|p1a: Ninetales
|
|-weather|SunnyDay|[upkeep]
|upkeep
|
|t:|1596987365
|switch|p1a: Charizard|Charizard, F|100/100
|switch|p2a: Zeraora|Zeraora|100/100
|turn|5
|
|t:|1596987369
|move|p2a: Zeraora|Plasma Fists|p1a: Charizard
|-supereffective|p1a: Charizard
|-crit|p1a: Charizard
|-damage|p1a: Charizard|0 fnt
|-fieldactivate|move: Ion Deluge
|-damage|p2a: Zeraora|91/100|[from] item: Life Orb
|faint|p1a: Charizard
|
|-weather|SunnyDay|[upkeep]
|upkeep
|
|t:|1596987375
|switch|p1a: Torkoal|Torkoal, M|100/100
|-damage|p1a: Torkoal|76/100|[from] Stealth Rock
|turn|6
|
|t:|1596987379
|move|p2a: Zeraora|Plasma Fists|p1a: Torkoal
|-damage|p1a: Torkoal|44/100
|-fieldactivate|move: Ion Deluge
|-damage|p2a: Zeraora|81/100|[from] item: Life Orb
|move|p1a: Torkoal|Rapid Spin|p2a: Zeraora
|-heal|p2a: Zeraora|100/100|[from] ability: Volt Absorb|[of] p1a: Torkoal
|
|-weather|SunnyDay|[upkeep]
|upkeep
|turn|7
|
|t:|1596987388
|move|p2a: Zeraora|Plasma Fists|p1a: Torkoal
|-damage|p1a: Torkoal|8/100
|-fieldactivate|move: Ion Deluge
|-damage|p2a: Zeraora|91/100|[from] item: Life Orb
|move|p1a: Torkoal|Rest|p1a: Torkoal
|-status|p1a: Torkoal|slp|[from] move: Rest
|-heal|p1a: Torkoal|100/100 slp|[silent]
|
|-weather|SunnyDay|[upkeep]
|upkeep
|turn|8
|
|t:|1596987395
|move|p2a: Zeraora|Plasma Fists|p1a: Torkoal
|-damage|p1a: Torkoal|63/100 slp
|-fieldactivate|move: Ion Deluge
|-damage|p2a: Zeraora|81/100|[from] item: Life Orb
|cant|p1a: Torkoal|slp
|
|-weather|none
|upkeep
|turn|9
|
|t:|1596987399
|move|p2a: Zeraora|Plasma Fists|p1a: Torkoal
|-damage|p1a: Torkoal|30/100 slp
|-fieldactivate|move: Ion Deluge
|-damage|p2a: Zeraora|71/100|[from] item: Life Orb
|cant|p1a: Torkoal|slp
|move|p1a: Torkoal|Sleep Talk|p1a: Torkoal
|move|p1a: Torkoal|Rapid Spin|p2a: Zeraora|[from]Sleep Talk
|-heal|p2a: Zeraora|96/100|[from] ability: Volt Absorb|[of] p1a: Torkoal
|
|upkeep
|turn|10
|c|☆LT71LX WD|nice
|
|t:|1596987412
|switch|p1a: Blissey|Blissey, F|100/100
|move|p2a: Zeraora|Plasma Fists|p1a: Blissey
|-damage|p1a: Blissey|49/100
|-fieldactivate|move: Ion Deluge
|-damage|p2a: Zeraora|86/100|[from] item: Life Orb
|
|upkeep
|turn|11
|
|t:|1596987417
|move|p2a: Zeraora|Plasma Fists|p1a: Blissey
|-damage|p1a: Blissey|0 fnt
|-fieldactivate|move: Ion Deluge
|-damage|p2a: Zeraora|77/100|[from] item: Life Orb
|faint|p1a: Blissey
|
|upkeep
|
|t:|1596987420
|switch|p1a: Torkoal|Torkoal, M|30/100 slp
|-damage|p1a: Torkoal|5/100 slp|[from] Stealth Rock
|-weather|SunnyDay|[from] ability: Drought|[of] p1a: Torkoal
|turn|12
|
|t:|1596987426
|move|p2a: Zeraora|Plasma Fists|p1a: Torkoal
|-damage|p1a: Torkoal|0 fnt
|-fieldactivate|move: Ion Deluge
|-damage|p2a: Zeraora|67/100|[from] item: Life Orb
|faint|p1a: Torkoal
|
|-weather|SunnyDay|[upkeep]
|upkeep
|
|t:|1596987434
|switch|p1a: Talonflame|Talonflame, M|100/100
|turn|13
|
|t:|1596987438
|move|p1a: Talonflame|Brave Bird|p2a: Zeraora
|-resisted|p2a: Zeraora
|-damage|p2a: Zeraora|34/100
|-damage|p1a: Talonflame|89/100|[from] Recoil
|move|p2a: Zeraora|Plasma Fists|p1a: Talonflame
|-supereffective|p1a: Talonflame
|-damage|p1a: Talonflame|0 fnt
|-fieldactivate|move: Ion Deluge
|-damage|p2a: Zeraora|24/100|[from] item: Life Orb
|faint|p1a: Talonflame
|
|-weather|SunnyDay|[upkeep]
|upkeep
|
|t:|1596987444
|switch|p1a: Venusaur|Venusaur, M|100/100
|-damage|p1a: Venusaur|88/100|[from] Stealth Rock
|turn|14
|
|t:|1596987451
|move|p1a: Venusaur|Sludge Bomb|p2a: Zeraora
|-damage|p2a: Zeraora|0 fnt
|-damage|p1a: Venusaur|78/100|[from] item: Life Orb
|faint|p2a: Zeraora
|
|-weather|SunnyDay|[upkeep]
|upkeep
|
|t:|1596987454
|switch|p2a: Scizor|Scizor, M|100/100
|turn|15
|
|t:|1596987456
|move|p2a: Scizor|Bullet Punch|p1a: Venusaur
|-damage|p1a: Venusaur|4/100
|move|p1a: Venusaur|Weather Ball|p2a: Scizor
|-supereffective|p2a: Scizor
|-damage|p2a: Scizor|0 fnt
|-damage|p1a: Venusaur|0 fnt|[from] item: Life Orb
|faint|p2a: Scizor
|faint|p1a: Venusaur
|
|win|LT71LX WD
|c|☆LT71LX WD|gg
|l|☆Arnaud Senju vgc
|raw|Arnaud Senju vgc's rating: 1846 &rarr; <strong>1831</strong><br />(-15 for losing)
|raw|LT71LX WD's rating: 1937 &rarr; <strong>1952</strong><br />(+15 for winning)
