|j|☆idntfckngknw
|j|☆Aimuji17
|t:|1667880919
|gametype|singles
|player|p1|idntfckngknw|shadowtriad|1284
|player|p2|Aimuji17|170|1330
|teamsize|p1|6
|teamsize|p2|6
|gen|8
|tier|[Gen 8] OU
|rated|
|rule|Sleep Clause Mod: Limit one foe put to sleep
|rule|Species Clause: Limit one of each Pokémon
|rule|OHKO Clause: OHKO moves are banned
|rule|Evasion Items Clause: Evasion items are banned
|rule|Evasion Moves Clause: Evasion moves are banned
|rule|Endless Battle Clause: Forcing endless battles is banned
|rule|HP Percentage Mod: HP is shown in percentages
|rule|Dynamax Clause: You cannot dynamax
|clearpoke
|poke|p1|Mew|
|poke|p1|Bisharp, M|
|poke|p1|Volcarona, M|
|poke|p1|Landorus-Therian, M|
|poke|p1|Tapu Fini|
|poke|p1|Dragapult, M|
|poke|p2|Mew|
|poke|p2|Blacephalon|
|poke|p2|Zapdos-Galar|
|poke|p2|Gastrodon, M|
|poke|p2|Melmetal|
|poke|p2|Weavile, M|
|teampreview
|
|t:|1667880925
|start
|switch|p1a: Mew|Mew|100/100
|switch|p2a: Blacephalon|Blacephalon|100/100
|turn|1
|
|t:|1667880930
|move|p2a: Blacephalon|Shadow Ball|p1a: Mew
|-supereffective|p1a: Mew
|-damage|p1a: Mew|21/100
|move|p1a: Mew|Thunder Wave|p2a: Blacephalon
|-status|p2a: Blacephalon|par
|
|upkeep
|turn|2
|
|t:|1667880935
|move|p1a: Mew|Stealth Rock|p2a: Blacephalon
|-sidestart|p2: Aimuji17|move: Stealth Rock
|move|p2a: Blacephalon|Shadow Ball|p1a: Mew
|-supereffective|p1a: Mew
|-damage|p1a: Mew|0 fnt
|faint|p1a: Mew
|-ability|p2a: Blacephalon|Beast Boost|boost
|-boost|p2a: Blacephalon|spa|1
|
|upkeep
|
|t:|1667880938
|switch|p1a: Bisharp|Bisharp, M|100/100
|turn|3
|
|t:|1667880944
|cant|p2a: Blacephalon|par
|move|p1a: Bisharp|Knock Off|p2a: Blacephalon
|-supereffective|p2a: Blacephalon
|-damage|p2a: Blacephalon|0 fnt
|-enditem|p2a: Blacephalon|Choice Scarf|[from] move: Knock Off|[of] p1a: Bisharp
|faint|p2a: Blacephalon
|
|upkeep
|
|t:|1667880948
|switch|p2a: Zapdos|Zapdos-Galar|100/100
|-damage|p2a: Zapdos|88/100|[from] Stealth Rock
|turn|4
|
|t:|1667880956
|move|p2a: Zapdos|U-turn|p1a: Bisharp
|-damage|p1a: Bisharp|56/100
|
|t:|1667880961
|switch|p2a: Weavile|Weavile, M|100/100|[from]move: U-turn
|move|p1a: Bisharp|Swords Dance|p1a: Bisharp
|-boost|p1a: Bisharp|atk|2
|
|upkeep
|turn|5
|
|t:|1667880967
|move|p2a: Weavile|Low Kick|p1a: Bisharp
|-supereffective|p1a: Bisharp
|-damage|p1a: Bisharp|0 fnt
|faint|p1a: Bisharp
|
|upkeep
|
|t:|1667880970
|switch|p1a: Tapu Fini|Tapu Fini|100/100
|-fieldstart|move: Misty Terrain|[from] ability: Misty Surge|[of] p1a: Tapu Fini
|turn|6
|
|t:|1667880973
|switch|p1a: Landorus|Landorus-Therian, M|100/100
|-ability|p1a: Landorus|Intimidate|boost
|-unboost|p2a: Weavile|atk|1
|switch|p2a: Gastrodon|Gastrodon, M|100/100
|
|upkeep
|turn|7
|
|t:|1667880977
|move|p1a: Landorus|Swords Dance|p1a: Landorus
|-boost|p1a: Landorus|atk|2
|move|p2a: Gastrodon|Scald|p1a: Landorus
|-supereffective|p1a: Landorus
|-damage|p1a: Landorus|32/100
|
|-heal|p1a: Landorus|38/100|[from] item: Leftovers
|upkeep
|turn|8
|
|t:|1667880984
|move|p1a: Landorus|Rock Polish|p1a: Landorus
|-boost|p1a: Landorus|spe|2
|move|p2a: Gastrodon|Scald|p1a: Landorus
|-supereffective|p1a: Landorus
|-damage|p1a: Landorus|0 fnt
|faint|p1a: Landorus
|
|upkeep
|
|t:|1667880991
|switch|p1a: Dragapult|Dragapult, M|100/100
|turn|9
|
|t:|1667881004
|move|p1a: Dragapult|Dragon Dance|p1a: Dragapult
|-boost|p1a: Dragapult|atk|1
|-boost|p1a: Dragapult|spe|1
|move|p2a: Gastrodon|Scald|p1a: Dragapult
|-resisted|p1a: Dragapult
|-damage|p1a: Dragapult|82/100
|
|upkeep
|turn|10
|
|t:|1667881013
|move|p1a: Dragapult|Phantom Force||[still]
|-prepare|p1a: Dragapult|Phantom Force
|move|p2a: Gastrodon|Toxic|p1a: Dragapult|[miss]
|-miss|p2a: Gastrodon|p1a: Dragapult
|
|-fieldend|Misty Terrain
|upkeep
|turn|11
|
|t:|1667881025
|move|p1a: Dragapult|Phantom Force|p2a: Gastrodon|[from]lockedmove
|-damage|p2a: Gastrodon|1/100
|-damage|p1a: Dragapult|72/100|[from] item: Life Orb
|move|p2a: Gastrodon|Toxic|p1a: Dragapult
|-status|p1a: Dragapult|tox
|
|-damage|p1a: Dragapult|66/100 tox|[from] psn
|upkeep
|turn|12
|
|t:|1667881036
|move|p1a: Dragapult|Flamethrower|p2a: Gastrodon
|-resisted|p2a: Gastrodon
|-damage|p2a: Gastrodon|0 fnt
|faint|p2a: Gastrodon
|-damage|p1a: Dragapult|56/100 tox|[from] item: Life Orb
|
|-damage|p1a: Dragapult|44/100 tox|[from] psn
|upkeep
|
|t:|1667881039
|switch|p2a: Weavile|Weavile, M|100/100
|turn|13
|
|t:|1667881049
|switch|p1a: Tapu Fini|Tapu Fini|100/100
|-fieldstart|move: Misty Terrain|[from] ability: Misty Surge|[of] p1a: Tapu Fini
|switch|p2a: Mew|Mew|100/100
|-damage|p2a: Mew|88/100|[from] Stealth Rock
|
|upkeep
|turn|14
|
|t:|1667881066
|switch|p1a: Volcarona|Volcarona, M|100/100
|move|p2a: Mew|Taunt|p1a: Volcarona
|-start|p1a: Volcarona|move: Taunt
|
|upkeep
|turn|15
|
|t:|1667881071
|switch|p1a: Tapu Fini|Tapu Fini|100/100
|move|p2a: Mew|Stealth Rock|p1a: Tapu Fini
|-sidestart|p1: idntfckngknw|move: Stealth Rock
|
|upkeep
|turn|16
|
|t:|1667881079
|move|p1a: Tapu Fini|Trick|p2a: Mew
|-activate|p1a: Tapu Fini|move: Trick|[of] p2a: Mew
|-item|p2a: Mew|Choice Scarf|[from] move: Trick
|-item|p1a: Tapu Fini|Red Card|[from] move: Trick
|move|p2a: Mew|Spikes|p1a: Tapu Fini
|-sidestart|p1: idntfckngknw|Spikes
|
|upkeep
|turn|17
|
|t:|1667881090
|switch|p2a: Zapdos|Zapdos-Galar|88/100
|-damage|p2a: Zapdos|76/100|[from] Stealth Rock
|move|p1a: Tapu Fini|Calm Mind|p1a: Tapu Fini
|-boost|p1a: Tapu Fini|spa|1
|-boost|p1a: Tapu Fini|spd|1
|
|-fieldend|Misty Terrain
|upkeep
|turn|18
|
|t:|1667881098
|move|p2a: Zapdos|U-turn|p1a: Tapu Fini
|-resisted|p1a: Tapu Fini
|-damage|p1a: Tapu Fini|82/100
|-enditem|p1a: Tapu Fini|Red Card|[of] p2a: Zapdos
|drag|p2a: Mew|Mew|88/100
|-damage|p2a: Mew|76/100|[from] Stealth Rock
|move|p1a: Tapu Fini|Hydro Pump|p2a: Mew
|-damage|p2a: Mew|15/100
|
|upkeep
|turn|19
|
|t:|1667881106
|switch|p2a: Melmetal|Melmetal|100/100
|-damage|p2a: Melmetal|94/100|[from] Stealth Rock
|switch|p1a: Volcarona|Volcarona, M|100/100
|
|upkeep
|turn|20
|
|t:|1667881119
|move|p1a: Volcarona|Quiver Dance|p1a: Volcarona
|-boost|p1a: Volcarona|spa|1
|-boost|p1a: Volcarona|spd|1
|-boost|p1a: Volcarona|spe|1
|move|p2a: Melmetal|Earthquake|p1a: Volcarona
|-damage|p1a: Volcarona|1/100
|
|upkeep
|turn|21
|
|t:|1667881126
|switch|p2a: Mew|Mew|15/100
|-damage|p2a: Mew|2/100|[from] Stealth Rock
|move|p1a: Volcarona|Flamethrower|p2a: Mew
|-damage|p2a: Mew|0 fnt
|faint|p2a: Mew
|
|upkeep
|
|t:|1667881132
|switch|p2a: Weavile|Weavile, M|100/100
|turn|22
|
|t:|1667881136
|move|p2a: Weavile|Ice Shard|p1a: Volcarona
|-resisted|p1a: Volcarona
|-damage|p1a: Volcarona|0 fnt
|faint|p1a: Volcarona
|
|upkeep
|
|t:|1667881138
|switch|p1a: Tapu Fini|Tapu Fini|82/100
|-damage|p1a: Tapu Fini|70/100|[from] Stealth Rock
|-damage|p1a: Tapu Fini|58/100|[from] Spikes
|-fieldstart|move: Misty Terrain|[from] ability: Misty Surge|[of] p1a: Tapu Fini
|turn|23
|-message|idntfckngknw forfeited.
|
|win|Aimuji17
|raw|idntfckngknw's rating: 1284 &rarr; <strong>1262</strong><br />(-22 for losing)
|raw|Aimuji17's rating: 1330 &rarr; <strong>1347</strong><br />(+17 for winning)
|l|☆idntfckngknw
||Ladder isn't responding, score probably updated but might not have (Request timeout).
