|j|☆cute pink team
|j|☆LT92PF PDC
|t:|1659871380
|gametype|singles
|player|p1|cute pink team|misty-gen1|1810
|player|p2|LT92PF PDC|ethan|1840
|teamsize|p1|6
|teamsize|p2|6
|gen|8
|tier|[Gen 8] OU
|rated|
|rule|Sleep Clause Mod: Limit one foe put to sleep
|rule|Species Clause: Limit one of each Pokémon
|rule|OHKO Clause: OHKO moves are banned
|rule|Evasion Items Clause: Evasion items are banned
|rule|Evasion Moves Clause: Evasion moves are banned
|rule|Endless Battle Clause: Forcing endless battles is banned
|rule|HP Percentage Mod: HP is shown in percentages
|rule|Dynamax Clause: You cannot dynamax
|clearpoke
|poke|p1|Tyranitar, F|
|poke|p1|Corviknight, M|
|poke|p1|Volcanion|
|poke|p1|Zapdos|
|poke|p1|Weavile, F|
|poke|p1|Nidoking, M|
|poke|p2|Hawlucha, F|
|poke|p2|Espeon, F|
|poke|p2|Tapu Lele|
|poke|p2|Omastar, F|
|poke|p2|Cloyster, M|
|poke|p2|Polteageist|
|teampreview
|inactive|Battle timer is ON: inactive players will automatically lose when time's up. (requested by cute pink team)
|
|t:|1659871399
|start
|switch|p1a: Weavile|Weavile, F|100/100
|switch|p2a: Tapu Lele|Tapu Lele|100/100
|-ability|p1a: Weavile|Pressure
|-fieldstart|move: Psychic Terrain|[from] ability: Psychic Surge|[of] p2a: Tapu Lele
|turn|1
|
|t:|1659871402
|move|p1a: Weavile|Beat Up|p2a: Tapu Lele
|-damage|p2a: Tapu Lele|83/100
|-damage|p2a: Tapu Lele|71/100
|-damage|p2a: Tapu Lele|55/100
|-damage|p2a: Tapu Lele|42/100
|-damage|p2a: Tapu Lele|25/100
|-damage|p2a: Tapu Lele|10/100
|-hitcount|p2a: Tapu Lele|6
|move|p2a: Tapu Lele|Moonblast|p1a: Weavile
|-supereffective|p1a: Weavile
|-damage|p1a: Weavile|0 fnt
|faint|p1a: Weavile
|
|upkeep
|j| the art of
|j| lt92pf sab
|
|t:|1659871410
|switch|p1a: Nidoking|Nidoking, M|100/100
|turn|2
|j| Hyrule1115
|j| LT92P Fripouille
|j| fesfnejjef
|
|t:|1659871415
|move|p1a: Nidoking|Earth Power|p2a: Tapu Lele
|-damage|p2a: Tapu Lele|0 fnt
|faint|p2a: Tapu Lele
|
|upkeep
|
|t:|1659871423
|switch|p2a: Hawlucha|Hawlucha, F|100/100
|-enditem|p2a: Hawlucha|Psychic Seed
|-boost|p2a: Hawlucha|spd|1|[from] item: Psychic Seed
|turn|3
|
|t:|1659871425
|switch|p1a: Zapdos|Zapdos|100/100
|move|p2a: Hawlucha|Swords Dance|p2a: Hawlucha
|-boost|p2a: Hawlucha|atk|2
|
|upkeep
|turn|4
|j| LT92PF line
|
|t:|1659871428
|move|p2a: Hawlucha|Acrobatics|p1a: Zapdos
|-resisted|p1a: Zapdos
|-damage|p1a: Zapdos|40/100
|-status|p2a: Hawlucha|par|[from] ability: Static|[of] p1a: Zapdos
|move|p1a: Zapdos|Thunderbolt|p2a: Hawlucha
|-supereffective|p2a: Hawlucha
|-damage|p2a: Hawlucha|0 fnt
|faint|p2a: Hawlucha
|
|upkeep
|j| zhuaba
|j| rheysali
|
|t:|1659871439
|switch|p2a: Omastar|Omastar, F|100/100
|turn|5
|
|t:|1659871444
|move|p1a: Zapdos|Thunderbolt|p2a: Omastar
|-supereffective|p2a: Omastar
|-enditem|p2a: Omastar|Focus Sash
|-damage|p2a: Omastar|1/100
|move|p2a: Omastar|Shell Smash|p2a: Omastar
|-unboost|p2a: Omastar|def|1
|-unboost|p2a: Omastar|spd|1
|-boost|p2a: Omastar|atk|2
|-boost|p2a: Omastar|spa|2
|-boost|p2a: Omastar|spe|2
|
|upkeep
|turn|6
|
|t:|1659871447
|switch|p1a: Volcanion|Volcanion|100/100
|move|p2a: Omastar|Ice Beam|p1a: Volcanion
|-resisted|p1a: Volcanion
|-damage|p1a: Volcanion|80/100
|
|upkeep
|turn|7
|
|t:|1659871449
|switch|p1a: Corviknight|Corviknight, M|100/100
|-ability|p1a: Corviknight|Pressure
|move|p2a: Omastar|Earth Power|p1a: Corviknight
|-immune|p1a: Corviknight
|
|upkeep
|turn|8
|
|t:|1659871453
|move|p2a: Omastar|Hydro Pump|p1a: Corviknight
|-damage|p1a: Corviknight|22/100
|move|p1a: Corviknight|U-turn|p2a: Omastar
|-damage|p2a: Omastar|0 fnt
|faint|p2a: Omastar
|
|t:|1659871455
|switch|p1a: Zapdos|Zapdos|40/100|[from]move: U-turn
|
|-fieldend|move: Psychic Terrain
|upkeep
|j| LT92PF JP_PN
|j| Amelza
|j| FrankieDeJong
|
|t:|1659871464
|switch|p2a: Espeon|Espeon, F|100/100
|turn|9
|
|t:|1659871467
|switch|p1a: Tyranitar|Tyranitar, F|100/100
|-weather|Sandstorm|[from] ability: Sand Stream|[of] p1a: Tyranitar
|move|p2a: Espeon|Yawn|p1a: Tyranitar
|-start|p1a: Tyranitar|move: Yawn|[of] p2a: Espeon
|
|-weather|Sandstorm|[upkeep]
|-damage|p2a: Espeon|94/100|[from] Sandstorm
|upkeep
|turn|10
|j| LT92PF gei
|
|t:|1659871471
|switch|p1a: Corviknight|Corviknight, M|22/100
|-ability|p1a: Corviknight|Pressure
|move|p2a: Espeon|Dazzling Gleam|p1a: Corviknight
|-resisted|p1a: Corviknight
|-damage|p1a: Corviknight|13/100
|
|-weather|Sandstorm|[upkeep]
|-damage|p2a: Espeon|88/100|[from] Sandstorm
|-heal|p1a: Corviknight|19/100|[from] item: Leftovers
|upkeep
|turn|11
|
|t:|1659871473
|move|p2a: Espeon|Zap Cannon|p1a: Corviknight|[miss]
|-miss|p2a: Espeon|p1a: Corviknight
|move|p1a: Corviknight|Roost|p1a: Corviknight
|-heal|p1a: Corviknight|69/100
|-singleturn|p1a: Corviknight|move: Roost
|
|-weather|Sandstorm|[upkeep]
|-damage|p2a: Espeon|82/100|[from] Sandstorm
|-heal|p1a: Corviknight|75/100|[from] item: Leftovers
|upkeep
|turn|12
|j| Mrdin69
|
|t:|1659871476
|move|p2a: Espeon|Zap Cannon|p1a: Corviknight|[miss]
|-miss|p2a: Espeon|p1a: Corviknight
|move|p1a: Corviknight|U-turn|p2a: Espeon
|-supereffective|p2a: Espeon
|-damage|p2a: Espeon|30/100
|-enditem|p2a: Espeon|Eject Button
|
|t:|1659871480
|switch|p2a: Polteageist|Polteageist|100/100
|
|-weather|Sandstorm|[upkeep]
|-damage|p2a: Polteageist|94/100|[from] Sandstorm
|-heal|p1a: Corviknight|81/100|[from] item: Leftovers
|upkeep
|turn|13
|
|t:|1659871482
|move|p2a: Polteageist|Shell Smash|p2a: Polteageist
|-unboost|p2a: Polteageist|def|1
|-unboost|p2a: Polteageist|spd|1
|-boost|p2a: Polteageist|atk|2
|-boost|p2a: Polteageist|spa|2
|-boost|p2a: Polteageist|spe|2
|move|p1a: Corviknight|Brave Bird|p2a: Polteageist
|-damage|p2a: Polteageist|0 fnt
|faint|p2a: Polteageist
|-damage|p1a: Corviknight|61/100|[from] Recoil
|
|-weather|none
|-heal|p1a: Corviknight|67/100|[from] item: Leftovers
|upkeep
|
|t:|1659871485
|switch|p2a: Cloyster|Cloyster, M|100/100
|turn|14
|j| LT92PF Sunny
|
|t:|1659871489
|move|p2a: Cloyster|Shell Smash|p2a: Cloyster
|-unboost|p2a: Cloyster|def|1
|-unboost|p2a: Cloyster|spd|1
|-boost|p2a: Cloyster|atk|2
|-boost|p2a: Cloyster|spa|2
|-boost|p2a: Cloyster|spe|2
|move|p1a: Corviknight|Brave Bird|p2a: Cloyster
|-damage|p2a: Cloyster|53/100
|-damage|p1a: Corviknight|58/100|[from] Recoil
|
|-heal|p1a: Corviknight|64/100|[from] item: Leftovers
|upkeep
|turn|15
|
|t:|1659871496
|move|p2a: Cloyster|Icicle Spear|p1a: Corviknight
|-damage|p1a: Corviknight|44/100
|-damage|p1a: Corviknight|25/100
|-damage|p1a: Corviknight|8/100
|-damage|p1a: Corviknight|0 fnt
|faint|p1a: Corviknight
|-hitcount|p1: Corviknight|4
|
|upkeep
|
|t:|1659871503
|switch|p1a: Tyranitar|Tyranitar, F|100/100
|-weather|Sandstorm|[from] ability: Sand Stream|[of] p1a: Tyranitar
|turn|16
|j| isudbhfahsb
|
|t:|1659871507
|switch|p1a: Zapdos|Zapdos|40/100
|move|p2a: Cloyster|Icicle Spear|p1a: Zapdos
|-supereffective|p1a: Zapdos
|-damage|p1a: Zapdos|0 fnt
|faint|p1a: Zapdos
|-hitcount|p1: Zapdos|1
|
|-weather|Sandstorm|[upkeep]
|-damage|p2a: Cloyster|47/100|[from] Sandstorm
|upkeep
|
|t:|1659871510
|switch|p1a: Volcanion|Volcanion|80/100
|turn|17
|j| LT92PF Buzzwole
|
|t:|1659871514
|move|p2a: Cloyster|Rock Blast|p1a: Volcanion
|-supereffective|p1a: Volcanion
|-damage|p1a: Volcanion|50/100
|-supereffective|p1a: Volcanion
|-damage|p1a: Volcanion|20/100
|-supereffective|p1a: Volcanion
|-damage|p1a: Volcanion|0 fnt
|faint|p1a: Volcanion
|-hitcount|p1: Volcanion|3
|
|-weather|Sandstorm|[upkeep]
|-damage|p2a: Cloyster|41/100|[from] Sandstorm
|upkeep
|
|t:|1659871516
|switch|p1a: Tyranitar|Tyranitar, F|100/100
|turn|18
|j| user1_ou
|
|t:|1659871522
|move|p2a: Cloyster|Icicle Spear|p1a: Tyranitar
|-damage|p1a: Tyranitar|80/100
|-crit|p1a: Tyranitar
|-damage|p1a: Tyranitar|46/100
|-damage|p1a: Tyranitar|25/100
|-damage|p1a: Tyranitar|5/100
|-damage|p1a: Tyranitar|0 fnt
|faint|p1a: Tyranitar
|-hitcount|p1: Tyranitar|5
|
|-weather|Sandstorm|[upkeep]
|-damage|p2a: Cloyster|35/100|[from] Sandstorm
|upkeep
|j| bfdbdfbdfbdf
|
|t:|1659871529
|switch|p1a: Nidoking|Nidoking, M|100/100
|turn|19
|
|t:|1659871531
|move|p2a: Cloyster|Icicle Spear|p1a: Nidoking
|-supereffective|p1a: Nidoking
|-damage|p1a: Nidoking|37/100
|-supereffective|p1a: Nidoking
|-damage|p1a: Nidoking|0 fnt
|faint|p1a: Nidoking
|-hitcount|p1: Nidoking|2
|
|win|LT92PF PDC
|raw|cute pink team's rating: 1810 &rarr; <strong>1792</strong><br />(-18 for losing)
|raw|LT92PF PDC's rating: 1840 &rarr; <strong>1858</strong><br />(+18 for winning)
|c|☆LT92PF PDC|gg
|l|☆cute pink team
|l| bfdbdfbdfbdf
|l| the art of
|l|☆LT92PF PDC
|l| LT92PF Sunny
|l| isudbhfahsb
|l| Mrdin69
|j| jjjiijijipkkl
||Ladder isn't responding, score probably updated but might not have (Request timeout).
