|j|☆Gieros
|j|☆samohi0
|t:|1664674465
|gametype|singles
|player|p1|Gieros|101|1631
|player|p2|samohi0|102|1625
|teamsize|p1|6
|teamsize|p2|6
|gen|8
|tier|[Gen 8] OU
|rated|
|rule|Sleep Clause Mod: Limit one foe put to sleep
|rule|Species Clause: Limit one of each Pokémon
|rule|OHKO Clause: OHKO moves are banned
|rule|Evasion Items Clause: Evasion items are banned
|rule|Evasion Moves Clause: Evasion moves are banned
|rule|Endless Battle Clause: Forcing endless battles is banned
|rule|HP Percentage Mod: HP is shown in percentages
|rule|Dynamax Clause: You cannot dynamax
|clearpoke
|poke|p1|Nidoking, M|
|poke|p1|Hydreigon, M|
|poke|p1|Melmetal|
|poke|p1|Volcarona, F|
|poke|p1|Urshifu-*, F|
|poke|p1|Dragapult, M|
|poke|p2|Tapu Bulu|
|poke|p2|Kartana|
|poke|p2|Zapdos|
|poke|p2|Slowbro, M|
|poke|p2|Heatran, F|
|poke|p2|Landorus-Therian, M|
|teampreview
|j| zhuzi
|
|t:|1664674492
|start
|switch|p1a: Urshifu|Urshifu-Rapid-Strike, F|100/100
|switch|p2a: A Real Shocker|Zapdos|100/100
|turn|1
|l| zhuzi
|
|t:|1664674507
|switch|p1a: Melmetal|Melmetal|100/100
|move|p2a: A Real Shocker|Hurricane|p1a: Melmetal|[miss]
|-miss|p2a: A Real Shocker|p1a: Melmetal
|
|upkeep
|turn|2
|
|t:|1664674520
|switch|p1a: Nidoking|Nidoking, M|100/100
|move|p2a: A Real Shocker|Heat Wave|p1a: Nidoking
|-damage|p1a: Nidoking|59/100
|
|upkeep
|turn|3
|
|t:|1664674523
|move|p2a: A Real Shocker|Hurricane|p1a: Nidoking|[miss]
|-miss|p2a: A Real Shocker|p1a: Nidoking
|move|p1a: Nidoking|Ice Beam|p2a: A Real Shocker
|-supereffective|p2a: A Real Shocker
|-damage|p2a: A Real Shocker|14/100
|
|upkeep
|turn|4
|
|t:|1664674530
|switch|p1a: Melmetal|Melmetal|100/100
|move|p2a: A Real Shocker|Hurricane|p1a: Melmetal
|-resisted|p1a: Melmetal
|-damage|p1a: Melmetal|71/100
|-start|p1a: Melmetal|confusion
|
|upkeep
|turn|5
|
|t:|1664674540
|move|p2a: A Real Shocker|Roost|p2a: A Real Shocker
|-heal|p2a: A Real Shocker|64/100
|-singleturn|p2a: A Real Shocker|move: Roost
|-activate|p1a: Melmetal|confusion
|move|p1a: Melmetal|Double Iron Bash|p2a: A Real Shocker
|-resisted|p2a: A Real Shocker
|-damage|p2a: A Real Shocker|39/100
|-resisted|p2a: A Real Shocker
|-crit|p2a: A Real Shocker
|-damage|p2a: A Real Shocker|0 fnt
|faint|p2a: A Real Shocker
|-hitcount|p2: A Real Shocker|2
|
|upkeep
|j| vybyibyuhbuyibgu
|
|t:|1664674550
|switch|p2a: Calrissian|Landorus-Therian, M|100/100
|-ability|p2a: Calrissian|Intimidate|boost
|-unboost|p1a: Melmetal|atk|1
|turn|6
|
|t:|1664674559
|move|p2a: Calrissian|Earthquake|p1a: Melmetal
|-supereffective|p1a: Melmetal
|-damage|p1a: Melmetal|22/100
|-activate|p1a: Melmetal|confusion
|-damage|p1a: Melmetal|15/100|[from] confusion
|
|upkeep
|turn|7
|
|t:|1664674563
|move|p2a: Calrissian|Earthquake|p1a: Melmetal
|-supereffective|p1a: Melmetal
|-damage|p1a: Melmetal|0 fnt
|faint|p1a: Melmetal
|
|upkeep
|
|t:|1664674568
|switch|p1a: Hydreigon|Hydreigon, M|100/100
|turn|8
|
|t:|1664674580
|move|p1a: Hydreigon|U-turn|p2a: Calrissian
|-resisted|p2a: Calrissian
|-damage|p2a: Calrissian|94/100
|
|t:|1664674584
|switch|p1a: Nidoking|Nidoking, M|59/100|[from]move: U-turn
|move|p2a: Calrissian|U-turn|p1a: Nidoking
|-resisted|p1a: Nidoking
|-damage|p1a: Nidoking|44/100
|
|t:|1664674588
|switch|p2a: Olly|Kartana, shiny|100/100|[from]move: U-turn
|
|upkeep
|turn|9
|j| Noob 0_o
|
|t:|1664674595
|switch|p1a: Urshifu|Urshifu-Rapid-Strike, F|100/100
|move|p2a: Olly|Knock Off|p1a: Urshifu
|-resisted|p1a: Urshifu
|-damage|p1a: Urshifu|78/100
|-enditem|p1a: Urshifu|Choice Band|[from] move: Knock Off|[of] p2a: Olly
|
|upkeep
|turn|10
|
|t:|1664674600
|switch|p2a: Why he Ourple|Slowbro, M, shiny|100/100
|move|p1a: Urshifu|U-turn|p2a: Why he Ourple
|-supereffective|p2a: Why he Ourple
|-damage|p2a: Why he Ourple|70/100
|
|t:|1664674607
|switch|p1a: Dragapult|Dragapult, M|100/100|[from]move: U-turn
|
|upkeep
|turn|11
|
|t:|1664674610
|switch|p2a: Calrissian|Landorus-Therian, M|94/100
|-ability|p2a: Calrissian|Intimidate|boost
|-unboost|p1a: Dragapult|atk|1
|move|p1a: Dragapult|Shadow Ball|p2a: Calrissian
|-damage|p2a: Calrissian|52/100
|-unboost|p2a: Calrissian|spd|1
|
|-heal|p2a: Calrissian|58/100|[from] item: Leftovers
|upkeep
|turn|12
|
|t:|1664674613
|move|p1a: Dragapult|Shadow Ball|p2a: Calrissian
|-damage|p2a: Calrissian|0 fnt
|faint|p2a: Calrissian
|
|upkeep
|
|t:|1664674615
|switch|p2a: Olly|Kartana, shiny|100/100
|turn|13
|j| Wailord with a G
|
|t:|1664674620
|switch|p1a: Urshifu|Urshifu-Rapid-Strike, F|78/100
|move|p2a: Olly|Knock Off|p1a: Urshifu
|-resisted|p1a: Urshifu
|-damage|p1a: Urshifu|64/100
|
|upkeep
|turn|14
|
|t:|1664674628
|switch|p2a: Why he Ourple|Slowbro, M, shiny|100/100
|move|p1a: Urshifu|U-turn|p2a: Why he Ourple
|-supereffective|p2a: Why he Ourple
|-damage|p2a: Why he Ourple|71/100
|
|t:|1664674636
|switch|p1a: Dragapult|Dragapult, M|100/100|[from]move: U-turn
|
|upkeep
|turn|15
|
|t:|1664674642
|switch|p2a: Ironclad|Heatran, F|100/100
|move|p1a: Dragapult|Shadow Ball|p2a: Ironclad
|-damage|p2a: Ironclad|63/100
|-unboost|p2a: Ironclad|spd|1
|
|-heal|p2a: Ironclad|69/100|[from] item: Leftovers
|upkeep
|turn|16
|
|t:|1664674644
|move|p2a: Ironclad|Protect|p2a: Ironclad
|-singleturn|p2a: Ironclad|Protect
|move|p1a: Dragapult|Shadow Ball|p2a: Ironclad
|-activate|p2a: Ironclad|move: Protect
|
|-heal|p2a: Ironclad|75/100|[from] item: Leftovers
|upkeep
|turn|17
|
|t:|1664674649
|move|p1a: Dragapult|Shadow Ball|p2a: Ironclad
|-damage|p2a: Ironclad|26/100
|move|p2a: Ironclad|Magma Storm|p1a: Dragapult
|-resisted|p1a: Dragapult
|-damage|p1a: Dragapult|73/100
|-activate|p1a: Dragapult|move: Magma Storm|[of] p2a: Ironclad
|
|-heal|p2a: Ironclad|32/100|[from] item: Leftovers
|-damage|p1a: Dragapult|61/100|[from] move: Magma Storm|[partiallytrapped]
|upkeep
|turn|18
|
|t:|1664674651
|move|p2a: Ironclad|Protect|p2a: Ironclad
|-singleturn|p2a: Ironclad|Protect
|move|p1a: Dragapult|Shadow Ball|p2a: Ironclad
|-activate|p2a: Ironclad|move: Protect
|
|-heal|p2a: Ironclad|39/100|[from] item: Leftovers
|-damage|p1a: Dragapult|49/100|[from] move: Magma Storm|[partiallytrapped]
|upkeep
|turn|19
|
|t:|1664674660
|switch|p2a: Why he Ourple|Slowbro, M, shiny|100/100
|move|p1a: Dragapult|Shadow Ball|p2a: Why he Ourple
|-supereffective|p2a: Why he Ourple
|-damage|p2a: Why he Ourple|0 fnt
|faint|p2a: Why he Ourple
|
|-end|p1a: Dragapult|Magma Storm|[partiallytrapped]|[silent]
|upkeep
|
|t:|1664674661
|switch|p2a: Olly|Kartana, shiny|100/100
|turn|20
|
|t:|1664674665
|move|p2a: Olly|Leaf Blade|p1a: Dragapult
|-resisted|p1a: Dragapult
|-damage|p1a: Dragapult|7/100
|move|p1a: Dragapult|Shadow Ball|p2a: Olly
|-damage|p2a: Olly|0 fnt
|faint|p2a: Olly
|
|upkeep
|-message|samohi0 forfeited.
|
|win|Gieros
|raw|Gieros's rating: 1631 &rarr; <strong>1651</strong><br />(+20 for winning)
|raw|samohi0's rating: 1625 &rarr; <strong>1605</strong><br />(-20 for losing)
|l|☆samohi0
|c|☆Gieros|mb
|l| vybyibyuhbuyibgu
||Ladder isn't responding, score probably updated but might not have (Request timeout).
|l| Noob 0_o
|l|☆Gieros
|j|☆Gieros
|player|p1|Gieros|101
