|j|☆legitteambuilder
|j|☆SimonBoi99
|inactive|Battle timer is ON: inactive players will automatically lose when time's up.
|t:|1616415815
|player|p1|legitteambuilder|lance|
|player|p2|SimonBoi99|hiker-gen4|
|teamsize|p1|6
|teamsize|p2|6
|gametype|singles
|gen|8
|tier|[Gen 8] OU
|rated|Tournament battle
|clearpoke
|poke|p1|Heatran, M|
|poke|p1|Dragapult, M|
|poke|p1|Corviknight, F|
|poke|p1|Tapu Lele|
|poke|p1|Garchomp, M|
|poke|p1|Ferrothorn, M|
|poke|p2|Rillaboom, F|
|poke|p2|Heatran, F|
|poke|p2|Slowking, M|
|poke|p2|Dragapult, M|
|poke|p2|Landorus-Therian, M|
|poke|p2|Bisharp, F|
|rule|Sleep Clause Mod: Limit one foe put to sleep
|rule|Species Clause: Limit one of each Pokémon
|rule|OHKO Clause: OHKO moves are banned
|rule|Evasion Moves Clause: Evasion moves are banned
|rule|Endless Battle Clause: Forcing endless battles is banned
|rule|HP Percentage Mod: HP is shown in percentages
|rule|Dynamax Clause: You cannot dynamax
|teampreview
|j| Temperance_PS
|c|☆SimonBoi99|glhf
|j| X-Wing Fighter
|c|☆SimonBoi99|me scared
|c| Temperance_PS|oh
|c| X-Wing Fighter|finals?
|c| Temperance_PS|3 steels
|c| Temperance_PS|nice
|j| Kiawe lol
|inactive|legitteambuilder has 120 seconds left.
|c|☆legitteambuilder|gl!
|c|☆legitteambuilder|less goo
|c|☆SimonBoi99|i have like over 10 bits in tournaments lobby
|inactive|legitteambuilder has 90 seconds left.
|
|t:|1616415878
|start
|switch|p1a: Tapu Lele|Tapu Lele|100/100
|switch|p2a: Landorus|Landorus-Therian, M|100/100
|-fieldstart|move: Psychic Terrain|[from] ability: Psychic Surge|[of] p1a: Tapu Lele
|-ability|p2a: Landorus|Intimidate|boost
|-unboost|p1a: Tapu Lele|atk|1
|turn|1
|j| Colokpl
|
|t:|1616415893
|switch|p2a: Slowking|Slowking, M|100/100
|move|p1a: Tapu Lele|Psychic|p2a: Slowking
|-resisted|p2a: Slowking
|-damage|p2a: Slowking|74/100
|
|upkeep
|turn|2
|
|t:|1616415902
|switch|p1a: draga deez nuts|Dragapult, M, shiny|100/100
|switch|p2a: Heatran|Heatran, F|100/100
|
|upkeep
|turn|3
|c|☆SimonBoi99|i am not risking focus miss
|c| Temperance_PS|risk it.
|c| Temperance_PS|do it.
|c|☆SimonBoi99|just now when lele came out
|c| Kiawe lol|From behind tapu lele looks like, it has wings
|
|t:|1616415932
|move|p1a: draga deez nuts|U-turn|p2a: Heatran
|-resisted|p2a: Heatran
|-damage|p2a: Heatran|96/100
|
|t:|1616415937
|switch|p1a: Garchomp|Garchomp, M|100/100|[from]move: U-turn
|move|p2a: Heatran|Magma Storm|p1a: Garchomp
|-resisted|p1a: Garchomp
|-damage|p1a: Garchomp|68/100
|-activate|p1a: Garchomp|move: Magma Storm|[of] p2a: Heatran
|
|-damage|p1a: Garchomp|56/100|[from] move: Magma Storm|[partiallytrapped]
|upkeep
|turn|4
|c|☆SimonBoi99|ah yes
|c|☆SimonBoi99|heatran was better play there
|
|t:|1616415952
|switch|p2a: Rillaboom|Rillaboom, F|100/100
|-fieldstart|move: Grassy Terrain|[from] ability: Grassy Surge|[of] p2a: Rillaboom
|move|p1a: Garchomp|Swords Dance|p1a: Garchomp
|-boost|p1a: Garchomp|atk|2
|
|-heal|p1a: Garchomp|62/100|[from] Grassy Terrain
|-end|p1a: Garchomp|Magma Storm|[partiallytrapped]|[silent]
|upkeep
|turn|5
|
|t:|1616415956
|switch|p1a: Ferrothorn|Ferrothorn, M|100/100
|move|p2a: Rillaboom|Grassy Glide|p1a: Ferrothorn
|-resisted|p1a: Ferrothorn
|-damage|p1a: Ferrothorn|90/100
|-damage|p2a: Rillaboom|88/100|[from] ability: Iron Barbs|[of] p1a: Ferrothorn
|
|-heal|p2a: Rillaboom|94/100|[from] Grassy Terrain
|-heal|p1a: Ferrothorn|96/100|[from] Grassy Terrain
|-heal|p1a: Ferrothorn|100/100|[from] item: Leftovers
|upkeep
|turn|6
|j| RavageJolol9001
|c| RavageJolol9001|Yo i'm late
|c| RavageJolol9001|Lol
|
|t:|1616415969
|switch|p2a: Dragapult|Dragapult, M|100/100
|move|p1a: Ferrothorn|Spikes|p2a: Dragapult
|-sidestart|p2: SimonBoi99|Spikes
|
|upkeep
|turn|7
|
|t:|1616415975
|switch|p1a: phrog|Heatran, M, shiny|100/100
|move|p2a: Dragapult|Shadow Ball|p1a: phrog
|-damage|p1a: phrog|50/100
|
|-heal|p1a: phrog|57/100|[from] Grassy Terrain
|-heal|p1a: phrog|63/100|[from] item: Leftovers
|upkeep
|turn|8
|j| mustard is spicy
|c| RavageJolol9001|still kinda salty about the semis loss but i'm excited for this game  : )
|
|t:|1616415987
|move|p2a: Dragapult|Shadow Ball|p1a: phrog
|-damage|p1a: phrog|6/100
|move|p1a: phrog|Stealth Rock|p2a: Dragapult
|-sidestart|p2: SimonBoi99|move: Stealth Rock
|
|-heal|p1a: phrog|12/100|[from] Grassy Terrain
|-heal|p1a: phrog|18/100|[from] item: Leftovers
|-fieldend|move: Grassy Terrain
|upkeep
|turn|9
|c|☆SimonBoi99|u should be here
|c|☆SimonBoi99|not me
|c|☆SimonBoi99|quarters is enough for me
|
|t:|1616416009
|move|p2a: Dragapult|Shadow Ball|p1a: phrog
|-damage|p1a: phrog|0 fnt
|faint|p1a: phrog
|
|upkeep
|
|t:|1616416012
|switch|p1a: draga deez nuts|Dragapult, M, shiny|100/100
|turn|10
|c| RavageJolol9001|Lol why do none of us have ghost resists
|
|t:|1616416025
|switch|p2a: Bisharp|Bisharp, F|100/100
|-damage|p2a: Bisharp|88/100|[from] Spikes
|-damage|p2a: Bisharp|82/100|[from] Stealth Rock
|move|p1a: draga deez nuts|U-turn|p2a: Bisharp
|-damage|p2a: Bisharp|62/100
|c|☆SimonBoi99|bisharp
|c| RavageJolol9001|no i mean ur oppos
|c| mustard is spicy|bisharp hardly counts
|c|☆SimonBoi99|if only i clicked shadow ball
|inactive|legitteambuilder has 120 seconds left.
|
|t:|1616416058
|switch|p1a: Tapu Lele|Tapu Lele|100/100|[from]move: U-turn
|-fieldstart|move: Psychic Terrain|[from] ability: Psychic Surge|[of] p1a: Tapu Lele
|
|upkeep
|turn|11
|c| RavageJolol9001|not the time to think about plays u could have made lol
|inactive|legitteambuilder has 120 seconds left.
|c| RavageJolol9001|focus on the gamr
|j| Gengar Mask
|
|t:|1616416085
|switch|p1a: Garchomp|Garchomp, M|62/100
|switch|p2a: Slowking|Slowking, M|100/100
|
|upkeep
|turn|12
|
|t:|1616416095
|move|p1a: Garchomp|Earthquake|p2a: Slowking
|-damage|p2a: Slowking|26/100
|-damage|p1a: Garchomp|52/100|[from] item: Life Orb
|move|p2a: Slowking|Teleport|p2a: Slowking
|
|t:|1616416097
|switch|p2a: Rillaboom|Rillaboom, F|94/100|[from]move: Teleport
|-damage|p2a: Rillaboom|82/100|[from] Stealth Rock
|-damage|p2a: Rillaboom|69/100|[from] Spikes
|-fieldstart|move: Grassy Terrain|[from] ability: Grassy Surge|[of] p2a: Rillaboom
|
|-heal|p1a: Garchomp|58/100|[from] Grassy Terrain
|-heal|p2a: Rillaboom|75/100|[from] Grassy Terrain
|upkeep
|turn|13
|c| Kiawe lol|This is terrain control
|c| mustard is spicy|rillachad
|inactive|legitteambuilder has 90 seconds left.
|inactive|legitteambuilder has 60 seconds left.
|
|t:|1616416159
|switch|p1a: no zone pls :(|Corviknight, F, shiny|100/100
|-ability|p1a: no zone pls :(|Pressure
|move|p2a: Rillaboom|Superpower|p1a: no zone pls :(
|-damage|p1a: no zone pls :(|58/100
|-unboost|p2a: Rillaboom|atk|1
|-unboost|p2a: Rillaboom|def|1
|
|-heal|p2a: Rillaboom|81/100|[from] Grassy Terrain
|-heal|p1a: no zone pls :(|64/100|[from] item: Leftovers
|upkeep
|turn|14
|c|☆SimonBoi99|i dont see zone in ou
|
|t:|1616416183
|switch|p2a: Heatran|Heatran, F|96/100
|-damage|p2a: Heatran|84/100|[from] Spikes
|-damage|p2a: Heatran|72/100|[from] Stealth Rock
|move|p1a: no zone pls :(|U-turn|p2a: Heatran
|-resisted|p2a: Heatran
|-damage|p2a: Heatran|68/100
|
|t:|1616416193
|switch|p1a: Garchomp|Garchomp, M|58/100|[from]move: U-turn
|
|-heal|p1a: Garchomp|65/100|[from] Grassy Terrain
|-heal|p2a: Heatran|74/100|[from] Grassy Terrain
|upkeep
|turn|15
|
|t:|1616416199
|move|p1a: Garchomp|Swords Dance|p1a: Garchomp
|-boost|p1a: Garchomp|atk|2
|move|p2a: Heatran|Solar Beam||[still]
|-prepare|p2a: Heatran|Solar Beam
|-enditem|p2a: Heatran|Power Herb
|-anim|p2a: Heatran|Solar Beam|p1a: Garchomp
|-damage|p1a: Garchomp|2/100
|
|-heal|p1a: Garchomp|8/100|[from] Grassy Terrain
|-heal|p2a: Heatran|81/100|[from] Grassy Terrain
|upkeep
|turn|16
|c|☆legitteambuilder|lol
|c|☆SimonBoi99|i deserved it
|c| RavageJolol9001|Offensive Heatran
|c|☆SimonBoi99|for getting a lucky roll
|c| RavageJolol9001|wow
|c| mustard is spicy|run nature power tran
|inactive|SimonBoi99 has 120 seconds left.
|
|t:|1616416229
|switch|p2a: Landorus|Landorus-Therian, M|100/100
|-damage|p2a: Landorus|88/100|[from] Stealth Rock
|-ability|p2a: Landorus|Intimidate|boost
|-unboost|p1a: Garchomp|atk|1
|move|p1a: Garchomp|Swords Dance|p1a: Garchomp
|-boost|p1a: Garchomp|atk|2
|
|-heal|p1a: Garchomp|15/100|[from] Grassy Terrain
|-heal|p2a: Landorus|94/100|[from] item: Leftovers
|-fieldend|move: Grassy Terrain
|upkeep
|turn|17
|c| mustard is spicy|becomes energy ball in terrain
|
|t:|1616416237
|move|p1a: Garchomp|Stone Edge|p2a: Landorus
|-damage|p2a: Landorus|0 fnt
|-damage|p1a: Garchomp|5/100|[from] item: Life Orb
|faint|p2a: Landorus
|
|upkeep
|
|t:|1616416239
|switch|p2a: Bisharp|Bisharp, F|62/100
|-damage|p2a: Bisharp|49/100|[from] Spikes
|-damage|p2a: Bisharp|43/100|[from] Stealth Rock
|turn|18
|inactive|legitteambuilder has 90 seconds left.
|
|t:|1616416256
|switch|p1a: Ferrothorn|Ferrothorn, M|100/100
|move|p2a: Bisharp|Sucker Punch||[still]
|-fail|p2a: Bisharp
|
|upkeep
|turn|19
|c|☆SimonBoi99|smart
|
|t:|1616416264
|switch|p1a: Garchomp|Garchomp, M|5/100
|move|p2a: Bisharp|Low Kick|p1a: Garchomp
|-damage|p1a: Garchomp|0 fnt
|-damage|p2a: Bisharp|31/100|[from] ability: Rough Skin|[of] p1a: Garchomp
|faint|p1a: Garchomp
|
|upkeep
|j| chimkin nugget
|j| guts88
|
|t:|1616416268
|switch|p1a: Tapu Lele|Tapu Lele|100/100
|-fieldstart|move: Psychic Terrain|[from] ability: Psychic Surge|[of] p1a: Tapu Lele
|turn|20
|c|☆SimonBoi99|focus miss
|c|☆SimonBoi99|or not?
|c| guts88|focus miss
|
|t:|1616416287
|move|p1a: Tapu Lele|Moonblast|p2a: Bisharp
|-damage|p2a: Bisharp|0 fnt
|faint|p2a: Bisharp
|
|upkeep
|c| Temperance_PS|they dont need to focus
|
|t:|1616416297
|switch|p2a: Heatran|Heatran, F|81/100
|-damage|p2a: Heatran|68/100|[from] Spikes
|-damage|p2a: Heatran|56/100|[from] Stealth Rock
|turn|21
|c|☆legitteambuilder|did you just assume my gender
|c| RavageJolol9001|hol up
|c| RavageJolol9001|lOl
|c|☆SimonBoi99|nani?
|inactive|legitteambuilder has 90 seconds left.
|
|t:|1616416329
|switch|p1a: no zone pls :(|Corviknight, F, shiny|64/100
|-ability|p1a: no zone pls :(|Pressure
|move|p2a: Heatran|Magma Storm|p1a: no zone pls :(
|-supereffective|p1a: no zone pls :(
|-damage|p1a: no zone pls :(|0 fnt
|faint|p1a: no zone pls :(
|
|upkeep
|
|t:|1616416331
|switch|p1a: Tapu Lele|Tapu Lele|100/100
|turn|22
|
|t:|1616416338
|switch|p2a: Slowking|Slowking, M|59/100
|move|p1a: Tapu Lele|Psychic|p2a: Slowking
|-resisted|p2a: Slowking
|-crit|p2a: Slowking
|-damage|p2a: Slowking|16/100
|
|upkeep
|turn|23
|c| RavageJolol9001|holy
|c|☆SimonBoi99|STRONK
|c| mustard is spicy|lefties corv sucks
|
|t:|1616416347
|switch|p2a: Heatran|Heatran, F|56/100
|-damage|p2a: Heatran|44/100|[from] Stealth Rock
|-damage|p2a: Heatran|31/100|[from] Spikes
|move|p1a: Tapu Lele|Psychic|p2a: Heatran
|-resisted|p2a: Heatran
|-damage|p2a: Heatran|0 fnt
|faint|p2a: Heatran
|
|upkeep
|c| chimkin nugget|f for corviknight
|c| RavageJolol9001|free kill moment
|c| mustard is spicy|rocky helmet or shed shell
|
|t:|1616416353
|switch|p2a: Rillaboom|Rillaboom, F|81/100
|-damage|p2a: Rillaboom|69/100|[from] Stealth Rock
|-damage|p2a: Rillaboom|57/100|[from] Spikes
|-fieldstart|move: Grassy Terrain|[from] ability: Grassy Surge|[of] p2a: Rillaboom
|turn|24
|
|t:|1616416364
|switch|p1a: Ferrothorn|Ferrothorn, M|100/100
|move|p2a: Rillaboom|Grassy Glide|p1a: Ferrothorn
|-resisted|p1a: Ferrothorn
|-damage|p1a: Ferrothorn|89/100
|-damage|p2a: Rillaboom|44/100|[from] ability: Iron Barbs|[of] p1a: Ferrothorn
|
|-heal|p2a: Rillaboom|50/100|[from] Grassy Terrain
|-heal|p1a: Ferrothorn|95/100|[from] Grassy Terrain
|-heal|p1a: Ferrothorn|100/100|[from] item: Leftovers
|upkeep
|turn|25
|c| RavageJolol9001|I mean lefties is useful
|
|t:|1616416371
|switch|p2a: Dragapult|Dragapult, M|100/100
|-damage|p2a: Dragapult|88/100|[from] Spikes
|-damage|p2a: Dragapult|76/100|[from] Stealth Rock
|move|p1a: Ferrothorn|Toxic|p2a: Dragapult
|-status|p2a: Dragapult|tox
|
|-heal|p2a: Dragapult|82/100 tox|[from] Grassy Terrain
|-damage|p2a: Dragapult|76/100 tox|[from] psn
|upkeep
|turn|26
|c| RavageJolol9001|so u don't have to actively roost
|c| chimkin nugget|i was so prepared for the superpower read
|
|t:|1616416375
|move|p2a: Dragapult|Shadow Ball|p1a: Ferrothorn
|-damage|p1a: Ferrothorn|54/100
|move|p1a: Ferrothorn|Spikes|p2a: Dragapult
|-sidestart|p2: SimonBoi99|Spikes
|
|-heal|p2a: Dragapult|82/100 tox|[from] Grassy Terrain
|-heal|p1a: Ferrothorn|60/100|[from] Grassy Terrain
|-heal|p1a: Ferrothorn|66/100|[from] item: Leftovers
|-damage|p2a: Dragapult|70/100 tox|[from] psn
|upkeep
|turn|27
|
|t:|1616416381
|move|p2a: Dragapult|Shadow Ball|p1a: Ferrothorn
|-damage|p1a: Ferrothorn|20/100
|move|p1a: Ferrothorn|Spikes|p2a: Dragapult
|-sidestart|p2: SimonBoi99|Spikes
|
|-heal|p2a: Dragapult|76/100 tox|[from] Grassy Terrain
|-heal|p1a: Ferrothorn|26/100|[from] Grassy Terrain
|-heal|p1a: Ferrothorn|33/100|[from] item: Leftovers
|-damage|p2a: Dragapult|58/100 tox|[from] psn
|upkeep
|turn|28
|
|t:|1616416385
|move|p2a: Dragapult|Shadow Ball|p1a: Ferrothorn
|-damage|p1a: Ferrothorn|0 fnt
|faint|p1a: Ferrothorn
|
|-heal|p2a: Dragapult|64/100 tox|[from] Grassy Terrain
|-fieldend|move: Grassy Terrain
|-damage|p2a: Dragapult|40/100 tox|[from] psn
|upkeep
|
|t:|1616416386
|switch|p1a: draga deez nuts|Dragapult, M, shiny|100/100
|turn|29
|
|t:|1616416389
|move|p1a: draga deez nuts|Shadow Ball|p2a: Dragapult
|-supereffective|p2a: Dragapult
|-damage|p2a: Dragapult|0 fnt
|faint|p2a: Dragapult
|
|upkeep
|c|☆SimonBoi99|i deserved it
|c| mustard is spicy|ha*x
|c|☆legitteambuilder|gg
|c|☆SimonBoi99|unless choice scarf??
|c|☆legitteambuilder|hax?!
|
|t:|1616416411
|switch|p2a: Rillaboom|Rillaboom, F|50/100
|-damage|p2a: Rillaboom|26/100|[from] Spikes
|-damage|p2a: Rillaboom|13/100|[from] Stealth Rock
|-fieldstart|move: Grassy Terrain|[from] ability: Grassy Surge|[of] p2a: Rillaboom
|turn|30
|c|☆legitteambuilder|no im scarfed
|c| Temperance_PS|reveal king's rock rilla
|c| Temperance_PS|u wont
|inactive|SimonBoi99 has 120 seconds left.
|c|☆SimonBoi99|choice scarf pult new meta
|
|t:|1616416436
|move|p2a: Rillaboom|Grassy Glide|p1a: draga deez nuts
|-resisted|p1a: draga deez nuts
|-damage|p1a: draga deez nuts|51/100
|move|p1a: draga deez nuts|Shadow Ball|p2a: Rillaboom
|-damage|p2a: Rillaboom|0 fnt
|faint|p2a: Rillaboom
|
|-heal|p1a: draga deez nuts|57/100|[from] Grassy Terrain
|upkeep
|c| RavageJolol9001|watch this shadow ballmis
|c| RavageJolol9001|LOl
|inactive|SimonBoi99 has 120 seconds left.
|
|t:|1616416442
|switch|p2a: Slowking|Slowking, M|49/100
|turn|31
|
|t:|1616416445
|move|p1a: draga deez nuts|Shadow Ball|p2a: Slowking
|-supereffective|p2a: Slowking
|-damage|p2a: Slowking|7/100
|move|p2a: Slowking|Slack Off|p2a: Slowking
|-heal|p2a: Slowking|57/100
|
|-heal|p1a: draga deez nuts|63/100|[from] Grassy Terrain
|-heal|p2a: Slowking|63/100|[from] Grassy Terrain
|upkeep
|turn|32
|c| Temperance_PS|ate
|c| RavageJolol9001|damnn it lived?
|c| mustard is spicy|wtf
|c|☆legitteambuilder|that proves it
|c|☆SimonBoi99|THICC BOI
|c| mustard is spicy|it really is scarf
|c| chimkin nugget|slowking bouta 2v1
|c| RavageJolol9001|Hol up
|
|t:|1616416463
|move|p1a: draga deez nuts|Shadow Ball|p2a: Slowking
|-supereffective|p2a: Slowking
|-damage|p2a: Slowking|22/100
|move|p2a: Slowking|Slack Off|p2a: Slowking
|-heal|p2a: Slowking|72/100
|
|-heal|p1a: draga deez nuts|69/100|[from] Grassy Terrain
|-heal|p2a: Slowking|78/100|[from] Grassy Terrain
|upkeep
|turn|33
|c| RavageJolol9001|this about to be a 2v1 lol
|c|☆legitteambuilder|spdef drop
|c| RavageJolol9001|i mean spdef drop would end it
|c|☆SimonBoi99|or crit
|c| Temperance_PS|still more shadow balls than slacks tho
|
|t:|1616416474
|move|p1a: draga deez nuts|Shadow Ball|p2a: Slowking
|-supereffective|p2a: Slowking
|-damage|p2a: Slowking|36/100
|move|p2a: Slowking|Slack Off|p2a: Slowking
|-heal|p2a: Slowking|86/100
|
|-heal|p1a: draga deez nuts|75/100|[from] Grassy Terrain
|-heal|p2a: Slowking|92/100|[from] Grassy Terrain
|upkeep
|turn|34
|c| Temperance_PS|so like
|c| mustard is spicy|scarf pult sucks man
|c| RavageJolol9001|yea
|c| Temperance_PS|it doesnt matter
|
|t:|1616416482
|move|p1a: draga deez nuts|Shadow Ball|p2a: Slowking
|-supereffective|p2a: Slowking
|-damage|p2a: Slowking|48/100
|move|p2a: Slowking|Future Sight|p1a: draga deez nuts
|-start|p2a: Slowking|move: Future Sight
|
|-heal|p1a: draga deez nuts|81/100|[from] Grassy Terrain
|-heal|p2a: Slowking|54/100|[from] Grassy Terrain
|-fieldend|move: Grassy Terrain
|upkeep
|turn|35
|c| mustard is spicy|it was only useful when kyurem-b was still around
|
|t:|1616416494
|move|p1a: draga deez nuts|Shadow Ball|p2a: Slowking
|-supereffective|p2a: Slowking
|-damage|p2a: Slowking|14/100
|move|p2a: Slowking|Slack Off|p2a: Slowking
|-heal|p2a: Slowking|64/100
|
|upkeep
|turn|36
|c|☆legitteambuilder|drop
|
|t:|1616416502
|move|p1a: draga deez nuts|Shadow Ball|p2a: Slowking
|-supereffective|p2a: Slowking
|-damage|p2a: Slowking|20/100
|move|p2a: Slowking|Slack Off|p2a: Slowking
|-heal|p2a: Slowking|70/100
|
|-end|p1a: draga deez nuts|move: Future Sight
|-damage|p1a: draga deez nuts|29/100
|upkeep
|turn|37
|c| Temperance_PS|crit future sight rn
|c| Temperance_PS|sad
|c| guts88|sad
|c| RavageJolol9001|Lol
|
|t:|1616416515
|move|p1a: draga deez nuts|Shadow Ball|p2a: Slowking
|-supereffective|p2a: Slowking
|-damage|p2a: Slowking|28/100
|move|p2a: Slowking|Slack Off|p2a: Slowking
|-heal|p2a: Slowking|78/100
|
|upkeep
|turn|38
|c|☆legitteambuilder|still no?
|c| RavageJolol9001|i'm surprised no drops yet
|c| RavageJolol9001|watch me jynx it for simon
|c| RavageJolol9001|lol
|c|☆legitteambuilder|on the 8th come on
|c| Temperance_PS|10 more slacks
|
|t:|1616416537
|move|p1a: draga deez nuts|Shadow Ball|p2a: Slowking
|-supereffective|p2a: Slowking
|-damage|p2a: Slowking|35/100
|-unboost|p2a: Slowking|spd|1
|move|p2a: Slowking|Slack Off|p2a: Slowking
|-heal|p2a: Slowking|85/100
|
|upkeep
|turn|39
|j| luckluckluckwin
|c| luckluckluckwin|hello
|c|☆legitteambuilder|yesss
|c| Temperance_PS|there it is
|c| RavageJolol9001|Gotcha
|c| mustard is spicy|RIP
|c| RavageJolol9001|Lol
|
|t:|1616416546
|move|p1a: draga deez nuts|Shadow Ball|p2a: Slowking
|-supereffective|p2a: Slowking
|-damage|p2a: Slowking|19/100
|move|p2a: Slowking|Future Sight|p1a: draga deez nuts
|-start|p2a: Slowking|move: Future Sight
|
|upkeep
|turn|40
|c| RavageJolol9001|rip
|c| RavageJolol9001|simon
|c|☆legitteambuilder|gg
|
|t:|1616416550
|move|p1a: draga deez nuts|Shadow Ball|p2a: Slowking
|-supereffective|p2a: Slowking
|-damage|p2a: Slowking|0 fnt
|faint|p2a: Slowking
|
|win|legitteambuilder
|n|☆legitteambuilder|legitteambuilder
|n|☆SimonBoi99|simonboi99
|n| Temperance_PS|temperanceps
|n| X-Wing Fighter|xwingfighter
|n| Kiawe lol|kiawelol
|n| Colokpl|colokpl
|n| RavageJolol9001|ravagejolol9001
|n| mustard is spicy|mustardisspicy
|n| Gengar Mask|gengarmask
|n| chimkin nugget|chimkinnugget
|n| guts88|guts88
|n| luckluckluckwin|luckluckluckwin
|c| guts88|gg
|c| RavageJolol9001|this is gg
|c|☆SimonBoi99|gg
|c| chimkin nugget|ggs
|l| guts88
|c|☆legitteambuilder|nice game
|l| chimkin nugget
