|raw|<div class="broadcast-blue"><strong>This battle is required to be public due to a player having a name starting with 'lt91bb'.</div>
|j|☆Hostile Takeovers
|j|☆LT91BB N
|t:|1658992219
|gametype|singles
|player|p1|Hostile Takeovers|clerk-boss|1814
|player|p2|LT91BB N|blue-gen3|1716
|teamsize|p1|6
|teamsize|p2|6
|gen|8
|tier|[Gen 8] OU
|rated|
|rule|Sleep Clause Mod: Limit one foe put to sleep
|rule|Species Clause: Limit one of each Pokémon
|rule|OHKO Clause: OHKO moves are banned
|rule|Evasion Moves Clause: Evasion moves are banned
|rule|Endless Battle Clause: Forcing endless battles is banned
|rule|HP Percentage Mod: HP is shown in percentages
|rule|Dynamax Clause: You cannot dynamax
|clearpoke
|poke|p1|Marowak-Alola, M|
|poke|p1|Porygon2|
|poke|p1|Hatterene, F|
|poke|p1|Melmetal|
|poke|p1|Xatu, F|
|poke|p1|Glastrier|
|poke|p2|Dragapult, M|
|poke|p2|Mew|
|poke|p2|Scizor, M|
|poke|p2|Blaziken, M|
|poke|p2|Garchomp, F|
|poke|p2|Weavile, M|
|teampreview
|inactive|Battle timer is ON: inactive players will automatically lose when time's up. (requested by Hostile Takeovers)
|j| BURBERO VIOLA
|
|t:|1658992228
|start
|switch|p1a: Hatterene|Hatterene, F|100/100
|switch|p2a: Scizor|Scizor, M|100/100
|turn|1
|j| once a pep
|
|t:|1658992252
|move|p2a: Scizor|Bullet Punch|p1a: Hatterene
|-supereffective|p1a: Hatterene
|-crit|p1a: Hatterene
|-enditem|p1a: Hatterene|Focus Sash
|-damage|p1a: Hatterene|1/100
|move|p1a: Hatterene|Trick Room|p1a: Hatterene
|-fieldstart|move: Trick Room|[of] p1a: Hatterene
|
|upkeep
|turn|2
|j| liet32120
|
|t:|1658992260
|switch|p1a: Melmetal|Melmetal|100/100
|move|p2a: Scizor|Bullet Punch|p1a: Melmetal
|-resisted|p1a: Melmetal
|-damage|p1a: Melmetal|90/100
|
|upkeep
|turn|3
|j| leechinginbdo
|
|t:|1658992267
|move|p1a: Melmetal|Earthquake|p2a: Scizor
|-damage|p2a: Scizor|49/100
|-damage|p1a: Melmetal|80/100|[from] item: Life Orb
|move|p2a: Scizor|Knock Off|p1a: Melmetal
|-damage|p1a: Melmetal|61/100
|-enditem|p1a: Melmetal|Life Orb|[from] move: Knock Off|[of] p2a: Scizor
|
|upkeep
|turn|4
|j| OLT Farmer
|
|t:|1658992276
|move|p1a: Melmetal|Earthquake|p2a: Scizor
|-damage|p2a: Scizor|6/100
|move|p2a: Scizor|Roost|p2a: Scizor
|-heal|p2a: Scizor|57/100
|-singleturn|p2a: Scizor|move: Roost
|
|upkeep
|turn|5
|j| LT91BB AlI
|j|+Tuthur
|
|t:|1658992284
|switch|p1a: Xatu|Xatu, F|100/100
|move|p2a: Scizor|Roost|p2a: Scizor
|-heal|p2a: Scizor|100/100
|-singleturn|p2a: Scizor|move: Roost
|
|-fieldend|move: Trick Room
|upkeep
|turn|6
|j| Bad Luck Inbound
|
|t:|1658992292
|move|p2a: Scizor|Knock Off|p1a: Xatu
|-supereffective|p1a: Xatu
|-damage|p1a: Xatu|38/100
|-enditem|p1a: Xatu|Red Card|[from] move: Knock Off|[of] p2a: Scizor
|move|p1a: Xatu|Trick Room|p1a: Xatu
|-fieldstart|move: Trick Room|[of] p1a: Xatu
|
|upkeep
|turn|7
|j| LT91BBYoruVelaNoxx
|l| Bad Luck Inbound
|j| Barracades
|
|t:|1658992301
|move|p2a: Scizor|Knock Off|p1a: Xatu
|-supereffective|p1a: Xatu
|-damage|p1a: Xatu|0 fnt
|faint|p1a: Xatu
|
|upkeep
|
|t:|1658992307
|switch|p1a: Marowak|Marowak-Alola, M|100/100
|turn|8
|j| T-Wave Clef
|
|t:|1658992311
|switch|p2a: Blaziken|Blaziken, M|100/100
|-item|p2a: Blaziken|Air Balloon
|move|p1a: Marowak|Swords Dance|p1a: Marowak
|-boost|p1a: Marowak|atk|2
|
|upkeep
|turn|9
|j| Ivehadenoughshit
|
|t:|1658992318
|move|p1a: Marowak|Substitute|p1a: Marowak
|-start|p1a: Marowak|Substitute
|-damage|p1a: Marowak|76/100
|move|p2a: Blaziken|Flare Blitz|p1a: Marowak
|-resisted|p1a: Marowak
|-end|p1a: Marowak|Substitute
|-damage|p2a: Blaziken|92/100|[from] Recoil|[of] p1a: Marowak
|
|-ability|p2a: Blaziken|Speed Boost|boost
|-boost|p2a: Blaziken|spe|1
|upkeep
|turn|10
|j| Lunala
|
|t:|1658992327
|move|p1a: Marowak|Poltergeist|p2a: Blaziken
|-activate|p2a: Blaziken|move: Poltergeist|Air Balloon
|-damage|p2a: Blaziken|0 fnt
|-enditem|p2a: Blaziken|Air Balloon
|faint|p2a: Blaziken
|
|-fieldend|move: Trick Room
|upkeep
|
|t:|1658992337
|switch|p2a: Weavile|Weavile, M|100/100
|-ability|p2a: Weavile|Pressure
|turn|11
|j| imchokingrn
|j| mgz zzapdos
|
|t:|1658992353
|switch|p1a: Hatterene|Hatterene, F|1/100
|move|p2a: Weavile|Knock Off|p1a: Hatterene
|-damage|p1a: Hatterene|0 fnt
|faint|p1a: Hatterene
|-damage|p2a: Weavile|91/100|[from] item: Life Orb
|
|upkeep
|
|t:|1658992356
|switch|p1a: Porygon2|Porygon2|100/100
|-ability|p1a: Porygon2|Pressure|[from] ability: Trace|[of] p2a: Weavile
|-ability|p1a: Porygon2|Pressure
|turn|12
|
|t:|1658992359
|move|p2a: Weavile|Knock Off|p1a: Porygon2
|-damage|p1a: Porygon2|68/100
|-enditem|p1a: Porygon2|Eviolite|[from] move: Knock Off|[of] p2a: Weavile
|-damage|p2a: Weavile|81/100|[from] item: Life Orb
|move|p1a: Porygon2|Trick Room|p1a: Porygon2
|-fieldstart|move: Trick Room|[of] p1a: Porygon2
|
|upkeep
|turn|13
|
|t:|1658992363
|move|p2a: Weavile|Triple Axel|p1a: Porygon2
|-damage|p1a: Porygon2|60/100
|-damage|p1a: Porygon2|41/100
|-damage|p1a: Porygon2|13/100
|-hitcount|p1a: Porygon2|3
|-damage|p2a: Weavile|71/100|[from] item: Life Orb
|move|p1a: Porygon2|Teleport|p1a: Porygon2
|j| antarctozolt
|
|t:|1658992374
|switch|p1a: Marowak|Marowak-Alola, M|76/100|[from]move: Teleport
|
|upkeep
|turn|14
|
|t:|1658992378
|switch|p2a: Garchomp|Garchomp, F|100/100
|move|p1a: Marowak|Earthquake|p2a: Garchomp
|-damage|p2a: Garchomp|50/100
|
|upkeep
|turn|15
|j| innovamania
|
|t:|1658992402
|move|p1a: Marowak|Poltergeist|p2a: Garchomp
|-activate|p2a: Garchomp|move: Poltergeist|Life Orb
|-damage|p2a: Garchomp|0 fnt
|faint|p2a: Garchomp
|
|upkeep
|
|t:|1658992414
|switch|p2a: Weavile|Weavile, M|71/100
|-ability|p2a: Weavile|Pressure
|turn|16
|l| BURBERO VIOLA
|
|t:|1658992420
|move|p1a: Marowak|Earthquake|p2a: Weavile
|-damage|p2a: Weavile|0 fnt
|faint|p2a: Weavile
|
|-fieldend|move: Trick Room
|upkeep
|
|t:|1658992436
|switch|p2a: Dragapult|Dragapult, M|100/100
|turn|17
|j| ascaeac
|
|t:|1658992447
|move|p2a: Dragapult|Hydro Pump|p1a: Marowak
|-supereffective|p1a: Marowak
|-damage|p1a: Marowak|0 fnt
|faint|p1a: Marowak
|
|upkeep
|
|t:|1658992452
|switch|p1a: Glastrier|Glastrier|100/100
|turn|18
|
|t:|1658992458
|move|p2a: Dragapult|Fire Blast|p1a: Glastrier
|-supereffective|p1a: Glastrier
|-damage|p1a: Glastrier|46/100
|move|p1a: Glastrier|Swords Dance|p1a: Glastrier
|-boost|p1a: Glastrier|atk|2
|
|upkeep
|turn|19
|
|t:|1658992465
|move|p2a: Dragapult|Fire Blast|p1a: Glastrier
|-supereffective|p1a: Glastrier
|-damage|p1a: Glastrier|0 fnt
|faint|p1a: Glastrier
|
|upkeep
|-message|Hostile Takeovers forfeited.
|
|win|LT91BB N
|raw|Hostile Takeovers's rating: 1814 &rarr; <strong>1789</strong><br />(-25 for losing)
|raw|LT91BB N's rating: 1716 &rarr; <strong>1741</strong><br />(+25 for winning)
|l|☆Hostile Takeovers
|l| OLT Farmer
|l| innovamania
|l| Lunala
|l| T-Wave Clef
|l| LT91BBYoruVelaNoxx
|l| imchokingrn
|l|☆LT91BB N
|l| mgz zzapdos
|j| confusien
|l| ascaeac
|l| confusien
|l| Ivehadenoughshit
|l| leechinginbdo
|j| LT91BB Mad Cow
|l| liet32120
|l| LT91BB Mad Cow
|j| Separation
|l|+Tuthur
