|j|☆minimax_ai
|j|☆Eclipse77
|t:|1665055798
|gametype|singles
|player|p1|minimax_ai|lusamine-nihilego|1538
|player|p2|Eclipse77|kahili|1564
|teamsize|p1|6
|teamsize|p2|6
|gen|8
|tier|[Gen 8] OU
|rated|
|rule|Sleep Clause Mod: Limit one foe put to sleep
|rule|Species Clause: Limit one of each Pokémon
|rule|OHKO Clause: OHKO moves are banned
|rule|Evasion Items Clause: Evasion items are banned
|rule|Evasion Moves Clause: Evasion moves are banned
|rule|Endless Battle Clause: Forcing endless battles is banned
|rule|HP Percentage Mod: HP is shown in percentages
|rule|Dynamax Clause: You cannot dynamax
|clearpoke
|poke|p1|Rotom-Wash|
|poke|p1|Weavile, F|
|poke|p1|Landorus-Therian, M|
|poke|p1|Heatran, M|
|poke|p1|Tangrowth, M|
|poke|p1|Melmetal|
|poke|p2|Urshifu-*, M|
|poke|p2|Tyranitar, F|
|poke|p2|Excadrill, M|
|poke|p2|Zapdos|
|poke|p2|Ferrothorn, M|
|poke|p2|Tapu Lele|
|teampreview
|c|☆minimax_ai|hf
|inactive|Battle timer is ON: inactive players will automatically lose when time's up. (requested by minimax_ai)
|c|☆Eclipse77|hf
|
|t:|1665055811
|start
|switch|p1a: landorustherian|Landorus-Therian, M|100/100
|switch|p2a: Urshifu|Urshifu-Rapid-Strike, M|100/100
|-ability|p1a: landorustherian|Intimidate|boost
|-unboost|p2a: Urshifu|atk|1
|turn|1
|
|t:|1665055815
|switch|p1a: Tangrowth|Tangrowth, M|100/100
|move|p2a: Urshifu|Surging Strikes|p1a: Tangrowth
|-resisted|p1a: Tangrowth
|-crit|p1a: Tangrowth
|-damage|p1a: Tangrowth|95/100
|-resisted|p1a: Tangrowth
|-crit|p1a: Tangrowth
|-damage|p1a: Tangrowth|89/100
|-resisted|p1a: Tangrowth
|-crit|p1a: Tangrowth
|-damage|p1a: Tangrowth|85/100
|-hitcount|p1a: Tangrowth|3
|
|upkeep
|turn|2
|
|t:|1665055820
|move|p2a: Urshifu|U-turn|p1a: Tangrowth
|-supereffective|p1a: Tangrowth
|-damage|p1a: Tangrowth|66/100
|
|t:|1665055823
|switch|p2a: Ferrothorn|Ferrothorn, M|100/100|[from]move: U-turn
|move|p1a: Tangrowth|Giga Drain|p2a: Ferrothorn
|-resisted|p2a: Ferrothorn
|-damage|p2a: Ferrothorn|96/100
|-heal|p1a: Tangrowth|68/100|[from] drain|[of] p2a: Ferrothorn
|
|-heal|p2a: Ferrothorn|100/100|[from] item: Leftovers
|upkeep
|turn|3
|
|t:|1665055827
|switch|p1a: Heatran|Heatran, M|100/100
|-item|p1a: Heatran|Air Balloon
|switch|p2a: Zapdos|Zapdos|100/100
|
|upkeep
|turn|4
|
|t:|1665055830
|switch|p1a: landorustherian|Landorus-Therian, M|100/100
|-ability|p1a: landorustherian|Intimidate|boost
|-unboost|p2a: Zapdos|atk|1
|move|p2a: Zapdos|Volt Switch|p1a: landorustherian
|-immune|p1a: landorustherian
|
|upkeep
|turn|5
|
|t:|1665055832
|switch|p2a: Urshifu|Urshifu-Rapid-Strike, M|100/100
|move|p1a: landorustherian|Earthquake|p2a: Urshifu
|-damage|p2a: Urshifu|55/100
|
|upkeep
|turn|6
|
|t:|1665055836
|switch|p1a: Tangrowth|Tangrowth, M|100/100
|move|p2a: Urshifu|Surging Strikes|p1a: Tangrowth
|-resisted|p1a: Tangrowth
|-crit|p1a: Tangrowth
|-damage|p1a: Tangrowth|95/100
|-resisted|p1a: Tangrowth
|-crit|p1a: Tangrowth
|-damage|p1a: Tangrowth|90/100
|-resisted|p1a: Tangrowth
|-crit|p1a: Tangrowth
|-damage|p1a: Tangrowth|85/100
|-hitcount|p1a: Tangrowth|3
|
|upkeep
|turn|7
|
|t:|1665055840
|move|p2a: Urshifu|U-turn|p1a: Tangrowth
|-supereffective|p1a: Tangrowth
|-damage|p1a: Tangrowth|58/100
|
|t:|1665055842
|switch|p2a: Zapdos|Zapdos|100/100|[from]move: U-turn
|move|p1a: Tangrowth|Focus Blast|p2a: Zapdos
|-resisted|p2a: Zapdos
|-damage|p2a: Zapdos|86/100
|
|upkeep
|turn|8
|
|t:|1665055845
|switch|p1a: landorustherian|Landorus-Therian, M|100/100
|-ability|p1a: landorustherian|Intimidate|boost
|-unboost|p2a: Zapdos|atk|1
|move|p2a: Zapdos|Volt Switch|p1a: landorustherian
|-immune|p1a: landorustherian
|
|upkeep
|turn|9
|
|t:|1665055852
|switch|p2a: Urshifu|Urshifu-Rapid-Strike, M|55/100
|move|p1a: landorustherian|Earthquake|p2a: Urshifu
|-damage|p2a: Urshifu|9/100
|
|upkeep
|turn|10
|
|t:|1665055859
|switch|p1a: Tangrowth|Tangrowth, M|91/100
|move|p2a: Urshifu|U-turn|p1a: Tangrowth
|-supereffective|p1a: Tangrowth
|-damage|p1a: Tangrowth|67/100
|
|t:|1665055862
|switch|p2a: Zapdos|Zapdos|86/100|[from]move: U-turn
|
|upkeep
|turn|11
|
|t:|1665055864
|switch|p1a: landorustherian|Landorus-Therian, M|100/100
|-ability|p1a: landorustherian|Intimidate|boost
|-unboost|p2a: Zapdos|atk|1
|move|p2a: Zapdos|Hurricane|p1a: landorustherian
|-damage|p1a: landorustherian|63/100
|
|-heal|p1a: landorustherian|69/100|[from] item: Leftovers
|upkeep
|turn|12
|
|t:|1665055868
|move|p2a: Zapdos|Hurricane|p1a: landorustherian
|-damage|p1a: landorustherian|35/100
|move|p1a: landorustherian|Earthquake|p2a: Zapdos
|-immune|p2a: Zapdos
|
|-heal|p1a: landorustherian|41/100|[from] item: Leftovers
|upkeep
|turn|13
|
|t:|1665055872
|move|p2a: Zapdos|Hurricane|p1a: landorustherian
|-damage|p1a: landorustherian|10/100
|-start|p1a: landorustherian|confusion
|-activate|p1a: landorustherian|confusion
|move|p1a: landorustherian|Earthquake|p2a: Zapdos
|-immune|p2a: Zapdos
|
|-heal|p1a: landorustherian|16/100|[from] item: Leftovers
|upkeep
|turn|14
|
|t:|1665055878
|switch|p1a: rotomwash|Rotom-Wash|100/100
|move|p2a: Zapdos|Heat Wave|p1a: rotomwash
|-resisted|p1a: rotomwash
|-damage|p1a: rotomwash|87/100
|
|-heal|p1a: rotomwash|94/100|[from] item: Leftovers
|upkeep
|turn|15
|
|t:|1665055882
|switch|p1a: landorustherian|Landorus-Therian, M|16/100
|-ability|p1a: landorustherian|Intimidate|boost
|-unboost|p2a: Zapdos|atk|1
|switch|p2a: Ferrothorn|Ferrothorn, M|100/100
|
|-heal|p1a: landorustherian|22/100|[from] item: Leftovers
|upkeep
|turn|16
|
|t:|1665055885
|move|p1a: landorustherian|U-turn|p2a: Ferrothorn
|-damage|p2a: Ferrothorn|84/100
|-damage|p1a: landorustherian|10/100|[from] ability: Iron Barbs|[of] p2a: Ferrothorn
|
|t:|1665055885
|switch|p1a: Tangrowth|Tangrowth, M|99/100|[from]move: U-turn
|move|p2a: Ferrothorn|Knock Off|p1a: Tangrowth
|-damage|p1a: Tangrowth|89/100
|-damage|p2a: Ferrothorn|68/100|[from] item: Rocky Helmet|[of] p1a: Tangrowth
|-enditem|p1a: Tangrowth|Rocky Helmet|[from] move: Knock Off|[of] p2a: Ferrothorn
|
|-heal|p2a: Ferrothorn|74/100|[from] item: Leftovers
|upkeep
|turn|17
|
|t:|1665055891
|switch|p2a: Zapdos|Zapdos|86/100
|move|p1a: Tangrowth|Focus Blast|p2a: Zapdos|[miss]
|-miss|p1a: Tangrowth|p2a: Zapdos
|
|upkeep
|turn|18
|
|t:|1665055901
|switch|p1a: Melmetal|Melmetal|100/100
|move|p2a: Zapdos|Volt Switch|p1a: Melmetal
|-damage|p1a: Melmetal|85/100
|
|t:|1665055907
|switch|p2a: Urshifu|Urshifu-Rapid-Strike, M|9/100|[from]move: Volt Switch
|
|upkeep
|turn|19
|
|t:|1665055912
|move|p2a: Urshifu|Close Combat|p1a: Melmetal
|-supereffective|p1a: Melmetal
|-damage|p1a: Melmetal|16/100
|-unboost|p2a: Urshifu|def|1
|-unboost|p2a: Urshifu|spd|1
|move|p1a: Melmetal|Earthquake|p2a: Urshifu
|-damage|p2a: Urshifu|0 fnt
|faint|p2a: Urshifu
|
|upkeep
|
|t:|1665055918
|switch|p2a: Zapdos|Zapdos|86/100
|turn|20
|
|t:|1665055920
|switch|p1a: landorustherian|Landorus-Therian, M|10/100
|-ability|p1a: landorustherian|Intimidate|boost
|-unboost|p2a: Zapdos|atk|1
|move|p2a: Zapdos|Volt Switch|p1a: landorustherian
|-immune|p1a: landorustherian
|
|-heal|p1a: landorustherian|16/100|[from] item: Leftovers
|upkeep
|turn|21
|
|t:|1665055923
|move|p2a: Zapdos|Volt Switch|p1a: landorustherian
|-immune|p1a: landorustherian
|move|p1a: landorustherian|Toxic|p2a: Zapdos
|-status|p2a: Zapdos|tox
|
|-heal|p1a: landorustherian|22/100|[from] item: Leftovers
|-damage|p2a: Zapdos|80/100 tox|[from] psn
|upkeep
|turn|22
|
|t:|1665055925
|switch|p1a: Heatran|Heatran, M|100/100
|-item|p1a: Heatran|Air Balloon
|move|p2a: Zapdos|Heat Wave|p1a: Heatran
|-start|p1a: Heatran|ability: Flash Fire
|
|-damage|p2a: Zapdos|68/100 tox|[from] psn
|upkeep
|turn|23
|
|t:|1665055927
|move|p1a: Heatran|Earth Power|p2a: Zapdos
|-immune|p2a: Zapdos
|move|p2a: Zapdos|Volt Switch|p1a: Heatran
|-damage|p1a: Heatran|73/100
|-enditem|p1a: Heatran|Air Balloon
|
|t:|1665055933
|switch|p2a: Tyranitar|Tyranitar, F|100/100|[from]move: Volt Switch
|-weather|Sandstorm|[from] ability: Sand Stream|[of] p2a: Tyranitar
|
|-weather|Sandstorm|[upkeep]
|upkeep
|turn|24
|
|t:|1665055936
|-end|p1a: Heatran|ability: Flash Fire|[silent]
|switch|p1a: Tangrowth|Tangrowth, M|100/100
|move|p2a: Tyranitar|Crunch|p1a: Tangrowth
|-damage|p1a: Tangrowth|62/100
|
|-weather|Sandstorm|[upkeep]
|-damage|p1a: Tangrowth|55/100|[from] Sandstorm
|upkeep
|turn|25
|
|t:|1665055939
|move|p2a: Tyranitar|Crunch|p1a: Tangrowth
|-damage|p1a: Tangrowth|21/100
|-unboost|p1a: Tangrowth|def|1
|move|p1a: Tangrowth|Sleep Powder|p2a: Tyranitar
|-status|p2a: Tyranitar|slp|[from] move: Sleep Powder
|
|-weather|Sandstorm|[upkeep]
|-damage|p1a: Tangrowth|14/100|[from] Sandstorm
|upkeep
|turn|26
|j| Chiwis Del Norte
|
|t:|1665055948
|switch|p1a: landorustherian|Landorus-Therian, M|22/100
|-ability|p1a: landorustherian|Intimidate|boost
|-unboost|p2a: Tyranitar|atk|1
|cant|p2a: Tyranitar|slp
|
|-weather|Sandstorm|[upkeep]
|-heal|p1a: landorustherian|28/100|[from] item: Leftovers
|upkeep
|turn|27
|
|t:|1665055951
|switch|p2a: Zapdos|Zapdos|68/100 tox
|move|p1a: landorustherian|Earthquake|p2a: Zapdos
|-immune|p2a: Zapdos
|
|-weather|none
|-heal|p1a: landorustherian|34/100|[from] item: Leftovers
|-damage|p2a: Zapdos|62/100 tox|[from] psn
|upkeep
|turn|28
|
|t:|1665055956
|switch|p1a: rotomwash|Rotom-Wash|94/100
|move|p2a: Zapdos|Volt Switch|p1a: rotomwash
|-damage|p1a: rotomwash|62/100
|
|t:|1665055961
|switch|p2a: Tapu Lele|Tapu Lele, shiny|100/100|[from]move: Volt Switch
|-fieldstart|move: Psychic Terrain|[from] ability: Psychic Surge|[of] p2a: Tapu Lele
|
|-heal|p1a: rotomwash|68/100|[from] item: Leftovers
|upkeep
|turn|29
|
|t:|1665055964
|switch|p1a: landorustherian|Landorus-Therian, M|34/100
|-ability|p1a: landorustherian|Intimidate|boost
|-unboost|p2a: Tapu Lele|atk|1
|move|p2a: Tapu Lele|Focus Blast|p1a: landorustherian
|-resisted|p1a: landorustherian
|-damage|p1a: landorustherian|18/100
|
|-heal|p1a: landorustherian|24/100|[from] item: Leftovers
|upkeep
|turn|30
|
|t:|1665055969
|switch|p2a: Zapdos|Zapdos|62/100 tox
|move|p1a: landorustherian|Earthquake|p2a: Zapdos
|-immune|p2a: Zapdos
|
|-heal|p1a: landorustherian|30/100|[from] item: Leftovers
|-damage|p2a: Zapdos|56/100 tox|[from] psn
|upkeep
|turn|31
|
|t:|1665055973
|move|p2a: Zapdos|Roost|p2a: Zapdos
|-heal|p2a: Zapdos|100/100 tox
|-singleturn|p2a: Zapdos|move: Roost
|move|p1a: landorustherian|U-turn|p2a: Zapdos
|-damage|p2a: Zapdos|84/100 tox
|
|t:|1665055974
|switch|p1a: Weavile|Weavile, F|100/100|[from]move: U-turn
|-ability|p1a: Weavile|Pressure
|
|-damage|p2a: Zapdos|72/100 tox|[from] psn
|upkeep
|turn|32
|
|t:|1665055977
|switch|p2a: Ferrothorn|Ferrothorn, M|74/100
|move|p1a: Weavile|Triple Axel|p2a: Ferrothorn
|-damage|p2a: Ferrothorn|64/100
|-damage|p1a: Weavile|88/100|[from] ability: Iron Barbs|[of] p2a: Ferrothorn
|-damage|p2a: Ferrothorn|45/100
|-damage|p1a: Weavile|76/100|[from] ability: Iron Barbs|[of] p2a: Ferrothorn
|-damage|p2a: Ferrothorn|16/100
|-damage|p1a: Weavile|63/100|[from] ability: Iron Barbs|[of] p2a: Ferrothorn
|-hitcount|p2a: Ferrothorn|3
|
|-heal|p2a: Ferrothorn|22/100|[from] item: Leftovers
|-fieldend|move: Psychic Terrain
|upkeep
|turn|33
|
|t:|1665055983
|move|p1a: Weavile|Triple Axel|p2a: Ferrothorn
|-damage|p2a: Ferrothorn|11/100
|-damage|p1a: Weavile|51/100|[from] ability: Iron Barbs|[of] p2a: Ferrothorn
|-damage|p2a: Ferrothorn|0 fnt
|-damage|p1a: Weavile|38/100|[from] ability: Iron Barbs|[of] p2a: Ferrothorn
|faint|p2a: Ferrothorn
|-hitcount|p2: Ferrothorn|2
|
|upkeep
|
|t:|1665055987
|switch|p2a: Tapu Lele|Tapu Lele, shiny|100/100
|-fieldstart|move: Psychic Terrain|[from] ability: Psychic Surge|[of] p2a: Tapu Lele
|turn|34
|
|t:|1665055990
|switch|p1a: rotomwash|Rotom-Wash|68/100
|move|p2a: Tapu Lele|Focus Blast|p1a: rotomwash
|-damage|p1a: rotomwash|27/100
|
|-heal|p1a: rotomwash|33/100|[from] item: Leftovers
|upkeep
|turn|35
|
|t:|1665055995
|switch|p1a: landorustherian|Landorus-Therian, M|30/100
|-ability|p1a: landorustherian|Intimidate|boost
|-unboost|p2a: Tapu Lele|atk|1
|move|p2a: Tapu Lele|Focus Blast|p1a: landorustherian
|-resisted|p1a: landorustherian
|-crit|p1a: landorustherian
|-damage|p1a: landorustherian|6/100
|
|-heal|p1a: landorustherian|12/100|[from] item: Leftovers
|upkeep
|turn|36
|
|t:|1665055997
|move|p2a: Tapu Lele|Focus Blast|p1a: landorustherian
|-resisted|p1a: landorustherian
|-damage|p1a: landorustherian|0 fnt
|faint|p1a: landorustherian
|
|upkeep
|
|t:|1665055997
|switch|p1a: Melmetal|Melmetal|16/100
|turn|37
|
|t:|1665056000
|move|p2a: Tapu Lele|Focus Blast|p1a: Melmetal
|-supereffective|p1a: Melmetal
|-damage|p1a: Melmetal|0 fnt
|faint|p1a: Melmetal
|
|upkeep
|
|t:|1665056000
|switch|p1a: Weavile|Weavile, F|38/100
|-ability|p1a: Weavile|Pressure
|turn|38
|
|t:|1665056006
|switch|p2a: Zapdos|Zapdos|72/100 tox
|move|p1a: Weavile|Triple Axel|p2a: Zapdos
|-supereffective|p2a: Zapdos
|-damage|p2a: Zapdos|48/100 tox
|-status|p1a: Weavile|par|[from] ability: Static|[of] p2a: Zapdos
|-supereffective|p2a: Zapdos
|-damage|p2a: Zapdos|3/100 tox
|-supereffective|p2a: Zapdos
|-damage|p2a: Zapdos|0 fnt
|faint|p2a: Zapdos
|-hitcount|p2: Zapdos|3
|
|-fieldend|move: Psychic Terrain
|upkeep
|
|t:|1665056011
|switch|p2a: Excadrill|Excadrill, M|100/100
|turn|39
|
|t:|1665056022
|move|p2a: Excadrill|Iron Head|p1a: Weavile
|-supereffective|p1a: Weavile
|-damage|p1a: Weavile|0 fnt
|faint|p1a: Weavile
|
|upkeep
|
|t:|1665056022
|switch|p1a: rotomwash|Rotom-Wash|33/100
|turn|40
|
|t:|1665056026
|switch|p2a: Tapu Lele|Tapu Lele, shiny|100/100
|-fieldstart|move: Psychic Terrain|[from] ability: Psychic Surge|[of] p2a: Tapu Lele
|move|p1a: rotomwash|Pain Split|p2a: Tapu Lele
|-sethp|p2a: Tapu Lele|68/100|[from] move: Pain Split|[silent]
|-sethp|p1a: rotomwash|63/100|[from] move: Pain Split
|
|-heal|p1a: rotomwash|69/100|[from] item: Leftovers
|upkeep
|turn|41
|
|t:|1665056038
|move|p2a: Tapu Lele|Psyshock|p1a: rotomwash
|-damage|p1a: rotomwash|12/100
|move|p1a: rotomwash|Pain Split|p2a: Tapu Lele
|-sethp|p2a: Tapu Lele|40/100|[from] move: Pain Split|[silent]
|-sethp|p1a: rotomwash|37/100|[from] move: Pain Split
|
|-heal|p1a: rotomwash|44/100|[from] item: Leftovers
|upkeep
|turn|42
|
|t:|1665056046
|switch|p2a: Tyranitar|Tyranitar, F|100/100 slp
|-weather|Sandstorm|[from] ability: Sand Stream|[of] p2a: Tyranitar
|switch|p1a: Tangrowth|Tangrowth, M|48/100
|
|-weather|Sandstorm|[upkeep]
|-damage|p1a: Tangrowth|41/100|[from] Sandstorm
|upkeep
|turn|43
|
|t:|1665056048
|cant|p2a: Tyranitar|slp
|move|p1a: Tangrowth|Giga Drain|p2a: Tyranitar
|-supereffective|p2a: Tyranitar
|-damage|p2a: Tyranitar|61/100 slp
|-heal|p1a: Tangrowth|58/100|[from] drain|[of] p2a: Tyranitar
|
|-weather|Sandstorm|[upkeep]
|-damage|p1a: Tangrowth|52/100|[from] Sandstorm
|upkeep
|turn|44
|
|t:|1665056050
|cant|p2a: Tyranitar|slp
|move|p1a: Tangrowth|Giga Drain|p2a: Tyranitar
|-supereffective|p2a: Tyranitar
|-damage|p2a: Tyranitar|22/100 slp
|-heal|p1a: Tangrowth|68/100|[from] drain|[of] p2a: Tyranitar
|
|-weather|Sandstorm|[upkeep]
|-damage|p1a: Tangrowth|62/100|[from] Sandstorm
|-fieldend|move: Psychic Terrain
|upkeep
|turn|45
|
|t:|1665056062
|switch|p2a: Excadrill|Excadrill, M|100/100
|move|p1a: Tangrowth|Giga Drain|p2a: Excadrill
|-damage|p2a: Excadrill|65/100
|-heal|p1a: Tangrowth|78/100|[from] drain|[of] p2a: Excadrill
|
|-weather|Sandstorm|[upkeep]
|-damage|p1a: Tangrowth|72/100|[from] Sandstorm
|upkeep
|turn|46
|
|t:|1665056069
|move|p2a: Excadrill|Rock Slide|p1a: Tangrowth
|-damage|p1a: Tangrowth|48/100
|move|p1a: Tangrowth|Knock Off|p2a: Excadrill
|-damage|p2a: Excadrill|32/100
|-enditem|p2a: Excadrill|Choice Band|[from] move: Knock Off|[of] p1a: Tangrowth
|
|-weather|none
|upkeep
|turn|47
|
|t:|1665056075
|move|p2a: Excadrill|Rock Slide|p1a: Tangrowth|[miss]
|-miss|p2a: Excadrill|p1a: Tangrowth
|move|p1a: Tangrowth|Giga Drain|p2a: Excadrill
|-damage|p2a: Excadrill|0 fnt
|-heal|p1a: Tangrowth|62/100|[from] drain|[of] p2a: Excadrill
|faint|p2a: Excadrill
|
|upkeep
|
|t:|1665056077
|switch|p2a: Tapu Lele|Tapu Lele, shiny|40/100
|-fieldstart|move: Psychic Terrain|[from] ability: Psychic Surge|[of] p2a: Tapu Lele
|turn|48
|
|t:|1665056080
|switch|p1a: rotomwash|Rotom-Wash|44/100
|move|p2a: Tapu Lele|Focus Blast|p1a: rotomwash
|-damage|p1a: rotomwash|0 fnt
|faint|p1a: rotomwash
|
|upkeep
|
|t:|1665056080
|switch|p1a: Tangrowth|Tangrowth, M|95/100
|turn|49
|
|t:|1665056084
|move|p2a: Tapu Lele|Focus Blast|p1a: Tangrowth
|-damage|p1a: Tangrowth|38/100
|move|p1a: Tangrowth|Giga Drain|p2a: Tapu Lele
|-damage|p2a: Tapu Lele|9/100
|-heal|p1a: Tangrowth|49/100|[from] drain|[of] p2a: Tapu Lele
|
|upkeep
|turn|50
|
|t:|1665056098
|move|p2a: Tapu Lele|Focus Blast|p1a: Tangrowth
|-damage|p1a: Tangrowth|0 fnt
|faint|p1a: Tangrowth
|
|upkeep
|
|t:|1665056098
|switch|p1a: Heatran|Heatran, M|73/100
|turn|51
|
|t:|1665056103
|-activate|p2a: Tapu Lele|move: Struggle
|move|p2a: Tapu Lele|Struggle|p1a: Heatran
|-damage|p1a: Heatran|65/100
|-damage|p2a: Tapu Lele|0 fnt|[from] recoil
|faint|p2a: Tapu Lele
|move|p1a: Heatran|Eruption|p2: Tapu Lele|[notarget]
|-fail|p1a: Heatran
|
|upkeep
|
|t:|1665056107
|switch|p2a: Tyranitar|Tyranitar, F|22/100 slp
|-weather|Sandstorm|[from] ability: Sand Stream|[of] p2a: Tyranitar
|turn|52
|
|t:|1665056111
|move|p1a: Heatran|Earth Power|p2a: Tyranitar
|-supereffective|p2a: Tyranitar
|-damage|p2a: Tyranitar|0 fnt
|faint|p2a: Tyranitar
|
|win|minimax_ai
|raw|minimax_ai's rating: 1538 &rarr; <strong>1559</strong><br />(+21 for winning)
|raw|Eclipse77's rating: 1564 &rarr; <strong>1543</strong><br />(-21 for losing)
|c|☆minimax_ai|gg
