|j|‽minimax_ai
|j|☆Stads
|t:|1661522619
|gametype|singles
|player|p1|minimax_ai|lusamine-nihilego|1580
|player|p2|Stads|265|1640
|teamsize|p1|6
|teamsize|p2|6
|gen|8
|tier|[Gen 8] OU
|rated|
|rule|Sleep Clause Mod: Limit one foe put to sleep
|rule|Species Clause: Limit one of each Pokémon
|rule|OHKO Clause: OHKO moves are banned
|rule|Evasion Items Clause: Evasion items are banned
|rule|Evasion Moves Clause: Evasion moves are banned
|rule|Endless Battle Clause: Forcing endless battles is banned
|rule|HP Percentage Mod: HP is shown in percentages
|rule|Dynamax Clause: You cannot dynamax
|clearpoke
|poke|p1|Rotom-Wash|
|poke|p1|Weavile, M|
|poke|p1|Landorus-Therian, M|
|poke|p1|Heatran, M|
|poke|p1|Tangrowth, F|
|poke|p1|Melmetal|
|poke|p2|Tornadus-Therian, M|
|poke|p2|Corviknight, M|
|poke|p2|Kartana|
|poke|p2|Toxapex, F|
|poke|p2|Hippowdon, F|
|poke|p2|Heatran, M|
|teampreview
|inactive|Battle timer is ON: inactive players will automatically lose when time's up. (requested by minimax_ai)
|
|t:|1661522626
|start
|switch|p1a: Heatran|Heatran, M|100/100
|switch|p2a: Tornadus|Tornadus-Therian, M|100/100
|-item|p1a: Heatran|Air Balloon
|turn|1
|
|t:|1661522630
|move|p2a: Tornadus|Knock Off|p1a: Heatran
|-damage|p1a: Heatran|81/100
|-enditem|p1a: Heatran|Air Balloon
|move|p1a: Heatran|Stealth Rock|p2a: Tornadus
|-sidestart|p2: Stads|move: Stealth Rock
|
|upkeep
|turn|2
|
|t:|1661522633
|move|p2a: Tornadus|Hurricane|p1a: Heatran
|-resisted|p1a: Heatran
|-damage|p1a: Heatran|56/100
|move|p1a: Heatran|Earth Power|p2a: Tornadus
|-immune|p2a: Tornadus
|
|upkeep
|turn|3
|
|t:|1661522636
|move|p2a: Tornadus|Hurricane|p1a: Heatran|[miss]
|-miss|p2a: Tornadus|p1a: Heatran
|move|p1a: Heatran|Earth Power|p2a: Tornadus
|-immune|p2a: Tornadus
|
|upkeep
|turn|4
|
|t:|1661522638
|move|p2a: Tornadus|Hurricane|p1a: Heatran
|-resisted|p1a: Heatran
|-damage|p1a: Heatran|29/100
|move|p1a: Heatran|Earth Power|p2a: Tornadus
|-immune|p2a: Tornadus
|
|upkeep
|turn|5
|
|t:|1661522641
|move|p2a: Tornadus|Hurricane|p1a: Heatran
|-resisted|p1a: Heatran
|-damage|p1a: Heatran|6/100
|move|p1a: Heatran|Magma Storm|p2a: Tornadus
|-damage|p2a: Tornadus|60/100
|-activate|p2a: Tornadus|move: Magma Storm|[of] p1a: Heatran
|
|-damage|p2a: Tornadus|48/100|[from] move: Magma Storm|[partiallytrapped]
|upkeep
|turn|6
|
|t:|1661522643
|move|p2a: Tornadus|Knock Off|p1a: Heatran
|-damage|p1a: Heatran|0 fnt
|faint|p1a: Heatran
|
|-end|p2a: Tornadus|Magma Storm|[partiallytrapped]|[silent]
|upkeep
|
|t:|1661522643
|switch|p1a: Weavile|Weavile, M|100/100
|-ability|p1a: Weavile|Pressure
|turn|7
|
|t:|1661522646
|switch|p2a: Toxapex|Toxapex, F|100/100
|-damage|p2a: Toxapex|88/100|[from] Stealth Rock
|move|p1a: Weavile|Knock Off|p2a: Toxapex
|-damage|p2a: Toxapex|49/100
|-enditem|p2a: Toxapex|Shed Shell|[from] move: Knock Off|[of] p1a: Weavile
|
|upkeep
|turn|8
|
|t:|1661522652
|switch|p1a: Melmetal|Melmetal|100/100
|move|p2a: Toxapex|Recover|p2a: Toxapex
|-heal|p2a: Toxapex|99/100
|
|upkeep
|turn|9
|
|t:|1661522655
|move|p1a: Melmetal|Double Iron Bash|p2a: Toxapex
|-resisted|p2a: Toxapex
|-damage|p2a: Toxapex|87/100
|-resisted|p2a: Toxapex
|-damage|p2a: Toxapex|74/100
|-hitcount|p2a: Toxapex|2
|move|p2a: Toxapex|Knock Off|p1a: Melmetal
|-damage|p1a: Melmetal|93/100
|-enditem|p1a: Melmetal|Assault Vest|[from] move: Knock Off|[of] p2a: Toxapex
|
|upkeep
|turn|10
|
|t:|1661522658
|switch|p2a: Corviknight|Corviknight, M|100/100
|-damage|p2a: Corviknight|88/100|[from] Stealth Rock
|-ability|p2a: Corviknight|Pressure
|move|p1a: Melmetal|Thunder Punch|p2a: Corviknight
|-supereffective|p2a: Corviknight
|-damage|p2a: Corviknight|41/100
|
|-heal|p2a: Corviknight|47/100|[from] item: Leftovers
|upkeep
|turn|11
|
|t:|1661522661
|move|p2a: Corviknight|Roost|p2a: Corviknight
|-heal|p2a: Corviknight|97/100
|-singleturn|p2a: Corviknight|move: Roost
|move|p1a: Melmetal|Thunder Punch|p2a: Corviknight
|-damage|p2a: Corviknight|77/100
|
|-heal|p2a: Corviknight|83/100|[from] item: Leftovers
|upkeep
|turn|12
|
|t:|1661522663
|move|p2a: Corviknight|Defog|p1a: Melmetal
|-unboost|p1a: Melmetal|evasion|1
|-sideend|p2: Stads|Stealth Rock|[from] move: Defog|[of] p2a: Corviknight
|move|p1a: Melmetal|Thunder Punch|p2a: Corviknight
|-supereffective|p2a: Corviknight
|-damage|p2a: Corviknight|40/100
|
|-heal|p2a: Corviknight|46/100|[from] item: Leftovers
|upkeep
|turn|13
|
|t:|1661522665
|move|p2a: Corviknight|Roost|p2a: Corviknight
|-heal|p2a: Corviknight|96/100
|-singleturn|p2a: Corviknight|move: Roost
|move|p1a: Melmetal|Thunder Punch|p2a: Corviknight
|-damage|p2a: Corviknight|75/100
|
|-heal|p2a: Corviknight|81/100|[from] item: Leftovers
|upkeep
|turn|14
|
|t:|1661522671
|move|p2a: Corviknight|Body Press|p1a: Melmetal
|-supereffective|p1a: Melmetal
|-damage|p1a: Melmetal|64/100
|move|p1a: Melmetal|Thunder Punch|p2a: Corviknight
|-supereffective|p2a: Corviknight
|-damage|p2a: Corviknight|34/100
|
|-heal|p2a: Corviknight|41/100|[from] item: Leftovers
|upkeep
|turn|15
|
|t:|1661522678
|move|p2a: Corviknight|Body Press|p1a: Melmetal
|-supereffective|p1a: Melmetal
|-crit|p1a: Melmetal
|-damage|p1a: Melmetal|22/100
|move|p1a: Melmetal|Thunder Punch|p2a: Corviknight
|-supereffective|p2a: Corviknight
|-damage|p2a: Corviknight|0 fnt
|faint|p2a: Corviknight
|
|upkeep
|
|t:|1661522682
|switch|p2a: Tornadus|Tornadus-Therian, M|81/100
|turn|16
|
|t:|1661522685
|move|p2a: Tornadus|Heat Wave|p1a: Melmetal
|-supereffective|p1a: Melmetal
|-damage|p1a: Melmetal|0 fnt
|faint|p1a: Melmetal
|
|upkeep
|
|t:|1661522685
|switch|p1a: Landorus|Landorus-Therian, M|100/100
|-ability|p1a: Landorus|Intimidate|boost
|-unboost|p2a: Tornadus|atk|1
|turn|17
|
|t:|1661522688
|move|p2a: Tornadus|Knock Off|p1a: Landorus
|-damage|p1a: Landorus|88/100
|-enditem|p1a: Landorus|Leftovers|[from] move: Knock Off|[of] p2a: Tornadus
|move|p1a: Landorus|Earthquake|p2a: Tornadus
|-immune|p2a: Tornadus
|
|upkeep
|turn|18
|
|t:|1661522692
|move|p2a: Tornadus|Hurricane|p1a: Landorus|[miss]
|-miss|p2a: Tornadus|p1a: Landorus
|move|p1a: Landorus|Earthquake|p2a: Tornadus
|-immune|p2a: Tornadus
|
|upkeep
|turn|19
|
|t:|1661522694
|move|p2a: Tornadus|Hurricane|p1a: Landorus|[miss]
|-miss|p2a: Tornadus|p1a: Landorus
|move|p1a: Landorus|Earthquake|p2a: Tornadus
|-immune|p2a: Tornadus
|
|upkeep
|turn|20
|
|t:|1661522696
|move|p2a: Tornadus|Hurricane|p1a: Landorus
|-damage|p1a: Landorus|48/100
|-start|p1a: Landorus|confusion
|-activate|p1a: Landorus|confusion
|move|p1a: Landorus|Earthquake|p2a: Tornadus
|-immune|p2a: Tornadus
|
|upkeep
|turn|21
|
|t:|1661522700
|switch|p1a: Rotom|Rotom-Wash|100/100
|move|p2a: Tornadus|Hurricane|p1a: Rotom
|-resisted|p1a: Rotom
|-damage|p1a: Rotom|76/100
|-start|p1a: Rotom|confusion
|
|-heal|p1a: Rotom|82/100|[from] item: Leftovers
|upkeep
|turn|22
|
|t:|1661522701
|move|p2a: Tornadus|Knock Off|p1a: Rotom
|-damage|p1a: Rotom|68/100
|-enditem|p1a: Rotom|Leftovers|[from] move: Knock Off|[of] p2a: Tornadus
|-activate|p1a: Rotom|confusion
|move|p1a: Rotom|Thunderbolt|p2a: Tornadus
|-supereffective|p2a: Tornadus
|-damage|p2a: Tornadus|19/100
|
|upkeep
|turn|23
|
|t:|1661522704
|move|p2a: Tornadus|U-turn|p1a: Rotom
|-damage|p1a: Rotom|57/100
|
|t:|1661522709
|switch|p2a: Hippowdon|Hippowdon, F|100/100|[from]move: U-turn
|-weather|Sandstorm|[from] ability: Sand Stream|[of] p2a: Hippowdon
|-activate|p1a: Rotom|confusion
|-damage|p1a: Rotom|51/100|[from] confusion
|
|-weather|Sandstorm|[upkeep]
|-damage|p1a: Rotom|45/100|[from] Sandstorm
|upkeep
|turn|24
|
|t:|1661522712
|-activate|p1a: Rotom|confusion
|-damage|p1a: Rotom|38/100|[from] confusion
|move|p2a: Hippowdon|Toxic|p1a: Rotom
|-status|p1a: Rotom|tox
|
|-weather|Sandstorm|[upkeep]
|-damage|p1a: Rotom|32/100 tox|[from] Sandstorm
|-damage|p1a: Rotom|26/100 tox|[from] psn
|upkeep
|turn|25
|
|t:|1661522714
|-end|p1a: Rotom|confusion
|move|p1a: Rotom|Hydro Pump|p2a: Hippowdon
|-supereffective|p2a: Hippowdon
|-damage|p2a: Hippowdon|33/100
|move|p2a: Hippowdon|Stealth Rock|p1a: Rotom
|-sidestart|p1: minimax_ai|move: Stealth Rock
|
|-weather|Sandstorm|[upkeep]
|-damage|p1a: Rotom|20/100 tox|[from] Sandstorm
|-heal|p2a: Hippowdon|40/100|[from] item: Leftovers
|-damage|p1a: Rotom|7/100 tox|[from] psn
|upkeep
|turn|26
|
|t:|1661522717
|switch|p2a: Toxapex|Toxapex, F|100/100
|move|p1a: Rotom|Hydro Pump|p2a: Toxapex
|-resisted|p2a: Toxapex
|-damage|p2a: Toxapex|84/100
|
|-weather|Sandstorm|[upkeep]
|-damage|p1a: Rotom|1/100 tox|[from] Sandstorm
|-damage|p2a: Toxapex|78/100|[from] Sandstorm
|-damage|p1a: Rotom|0 fnt|[from] psn
|faint|p1a: Rotom
|upkeep
|
|t:|1661522717
|switch|p1a: Landorus|Landorus-Therian, M|48/100
|-damage|p1a: Landorus|36/100|[from] Stealth Rock
|-ability|p1a: Landorus|Intimidate|boost
|-unboost|p2a: Toxapex|atk|1
|turn|27
|
|t:|1661522720
|switch|p2a: Tornadus|Tornadus-Therian, M|52/100
|move|p1a: Landorus|Earthquake|p2a: Tornadus
|-immune|p2a: Tornadus
|
|-weather|none
|upkeep
|turn|28
|
|t:|1661522722
|move|p2a: Tornadus|Hurricane|p1a: Landorus
|-damage|p1a: Landorus|0 fnt
|faint|p1a: Landorus
|
|upkeep
|
|t:|1661522722
|switch|p1a: Weavile|Weavile, M|100/100
|-damage|p1a: Weavile|76/100|[from] Stealth Rock
|-ability|p1a: Weavile|Pressure
|turn|29
|
|t:|1661522725
|switch|p2a: Toxapex|Toxapex, F|100/100
|move|p1a: Weavile|Knock Off|p2a: Toxapex
|-damage|p2a: Toxapex|73/100
|
|upkeep
|turn|30
|
|t:|1661522726
|move|p1a: Weavile|Knock Off|p2a: Toxapex
|-damage|p2a: Toxapex|44/100
|move|p2a: Toxapex|Scald|p1a: Weavile
|-damage|p1a: Weavile|53/100
|
|upkeep
|turn|31
|
|t:|1661522728
|move|p1a: Weavile|Knock Off|p2a: Toxapex
|-damage|p2a: Toxapex|15/100
|move|p2a: Toxapex|Recover|p2a: Toxapex
|-heal|p2a: Toxapex|65/100
|
|upkeep
|turn|32
|
|t:|1661522730
|move|p1a: Weavile|Knock Off|p2a: Toxapex
|-damage|p2a: Toxapex|38/100
|move|p2a: Toxapex|Recover|p2a: Toxapex
|-heal|p2a: Toxapex|88/100
|
|upkeep
|turn|33
|
|t:|1661522732
|move|p1a: Weavile|Knock Off|p2a: Toxapex
|-damage|p2a: Toxapex|60/100
|move|p2a: Toxapex|Scald|p1a: Weavile
|-damage|p1a: Weavile|32/100
|
|upkeep
|turn|34
|
|t:|1661522733
|move|p1a: Weavile|Knock Off|p2a: Toxapex
|-damage|p2a: Toxapex|28/100
|move|p2a: Toxapex|Recover|p2a: Toxapex
|-heal|p2a: Toxapex|78/100
|
|upkeep
|turn|35
|
|t:|1661522735
|move|p1a: Weavile|Knock Off|p2a: Toxapex
|-damage|p2a: Toxapex|50/100
|move|p2a: Toxapex|Recover|p2a: Toxapex
|-heal|p2a: Toxapex|99/100
|
|upkeep
|turn|36
|
|t:|1661522736
|move|p1a: Weavile|Knock Off|p2a: Toxapex
|-damage|p2a: Toxapex|71/100
|move|p2a: Toxapex|Scald|p1a: Weavile
|-damage|p1a: Weavile|10/100
|
|upkeep
|turn|37
|
|t:|1661522738
|move|p1a: Weavile|Knock Off|p2a: Toxapex
|-damage|p2a: Toxapex|42/100
|move|p2a: Toxapex|Recover|p2a: Toxapex
|-heal|p2a: Toxapex|92/100
|
|upkeep
|turn|38
|
|t:|1661522739
|move|p1a: Weavile|Knock Off|p2a: Toxapex
|-damage|p2a: Toxapex|64/100
|move|p2a: Toxapex|Recover|p2a: Toxapex
|-heal|p2a: Toxapex|100/100
|
|upkeep
|turn|39
|
|t:|1661522740
|move|p1a: Weavile|Knock Off|p2a: Toxapex
|-damage|p2a: Toxapex|73/100
|move|p2a: Toxapex|Scald|p1a: Weavile
|-damage|p1a: Weavile|0 fnt
|faint|p1a: Weavile
|
|upkeep
|
|t:|1661522740
|switch|p1a: Tangrowth|Tangrowth, F|100/100
|-damage|p1a: Tangrowth|88/100|[from] Stealth Rock
|turn|40
|
|t:|1661522743
|move|p1a: Tangrowth|Sleep Powder|p2a: Toxapex
|-status|p2a: Toxapex|slp|[from] move: Sleep Powder
|cant|p2a: Toxapex|slp
|
|upkeep
|turn|41
|
|t:|1661522747
|switch|p2a: Tornadus|Tornadus-Therian, M|85/100
|move|p1a: Tangrowth|Focus Blast|p2a: Tornadus
|-resisted|p2a: Tornadus
|-damage|p2a: Tornadus|73/100
|
|upkeep
|turn|42
|
|t:|1661522749
|move|p2a: Tornadus|Knock Off|p1a: Tangrowth
|-damage|p1a: Tangrowth|77/100
|-damage|p2a: Tornadus|57/100|[from] item: Rocky Helmet|[of] p1a: Tangrowth
|-enditem|p1a: Tangrowth|Rocky Helmet|[from] move: Knock Off|[of] p2a: Tornadus
|move|p1a: Tangrowth|Knock Off|p2a: Tornadus
|-damage|p2a: Tornadus|26/100
|-enditem|p2a: Tornadus|Assault Vest|[from] move: Knock Off|[of] p1a: Tangrowth
|
|upkeep
|turn|43
|
|t:|1661522751
|move|p2a: Tornadus|U-turn|p1a: Tangrowth
|-supereffective|p1a: Tangrowth
|-damage|p1a: Tangrowth|62/100
|
|t:|1661522752
|switch|p2a: Toxapex|Toxapex, F|100/100 slp|[from]move: U-turn
|move|p1a: Tangrowth|Knock Off|p2a: Toxapex
|-crit|p2a: Toxapex
|-damage|p2a: Toxapex|86/100 slp
|
|upkeep
|turn|44
|
|t:|1661522754
|switch|p2a: Tornadus|Tornadus-Therian, M|59/100
|move|p1a: Tangrowth|Focus Blast|p2a: Tornadus|[miss]
|-miss|p1a: Tangrowth|p2a: Tornadus
|
|upkeep
|turn|45
|
|t:|1661522757
|move|p2a: Tornadus|Heat Wave|p1a: Tangrowth
|-supereffective|p1a: Tangrowth
|-damage|p1a: Tangrowth|0 fnt
|faint|p1a: Tangrowth
|
|win|Stads
|raw|minimax_ai's rating: 1580 &rarr; <strong>1563</strong><br />(-17 for losing)
|raw|Stads's rating: 1640 &rarr; <strong>1657</strong><br />(+17 for winning)
