|raw|<div class="broadcast-blue"><strong>This battle is required to be public due to a player having a name prefixed by 'LT72MS'.</div>
|j|☆LT72MS Adri
|j|☆gaijineagle
|t:|1597590977
|player|p1|LT72MS Adri|#adri|1444
|player|p2|gaijineagle|1|1418
|teamsize|p1|6
|teamsize|p2|6
|gametype|singles
|gen|8
|tier|[Gen 8] OU
|rated|
|clearpoke
|poke|p1|Scizor, F|
|poke|p1|Rillaboom, F|
|poke|p1|Crawdaunt, M|
|poke|p1|Togekiss, M|
|poke|p1|Zeraora|
|poke|p1|Necrozma|
|poke|p2|Dragapult, M|
|poke|p2|Hippowdon, F|
|poke|p2|Clefable, F|
|poke|p2|Ferrothorn, M|
|poke|p2|Excadrill, M|
|poke|p2|Urshifu-*, M|
|rule|Sleep Clause Mod: Limit one foe put to sleep
|rule|Species Clause: Limit one of each Pokémon
|rule|OHKO Clause: OHKO moves are banned
|rule|Evasion Moves Clause: Evasion moves are banned
|rule|Endless Battle Clause: Forcing endless battles is banned
|rule|HP Percentage Mod: HP is shown in percentages
|rule|Dynamax Clause: You cannot dynamax
|teampreview
|inactive|Battle timer is ON: inactive players will automatically lose when time's up. (requested by gaijineagle)
|inactive|gaijineagle has 120 seconds left.
|inactive|gaijineagle has 90 seconds left.
|inactive|gaijineagle has 60 seconds left.
|inactive|gaijineagle has 30 seconds left.
|inactiveoff|Battle timer is now OFF.
|
|t:|1597591105
|start
|switch|p1a: Necrozma|Necrozma|100/100
|switch|p2a: Urshifu|Urshifu, M|100/100
|turn|1
|inactive|Battle timer is ON: inactive players will automatically lose when time's up. (requested by LT72MS Adri)
|
|t:|1597591118
|move|p2a: Urshifu|Wicked Blow|p1a: Necrozma
|-supereffective|p1a: Necrozma
|-crit|p1a: Necrozma
|-damage|p1a: Necrozma|0 fnt
|-damage|p2a: Urshifu|91/100|[from] item: Life Orb
|faint|p1a: Necrozma
|
|upkeep
|
|t:|1597591123
|switch|p1a: Togekiss|Togekiss, M|100/100
|turn|2
|
|t:|1597591137
|switch|p2a: Hippowdon|Hippowdon, F|100/100
|-weather|Sandstorm|[from] ability: Sand Stream|[of] p2a: Hippowdon
|move|p1a: Togekiss|Air Slash|p2a: Hippowdon
|-damage|p2a: Hippowdon|64/100
|
|-weather|Sandstorm|[upkeep]
|-damage|p1a: Togekiss|94/100|[from] Sandstorm
|upkeep
|turn|3
|
|t:|1597591140
|move|p1a: Togekiss|Air Slash|p2a: Hippowdon
|-damage|p2a: Hippowdon|27/100
|cant|p2a: Hippowdon|flinch
|
|-weather|Sandstorm|[upkeep]
|-damage|p1a: Togekiss|88/100|[from] Sandstorm
|upkeep
|turn|4
|
|t:|1597591151
|switch|p2a: Ferrothorn|Ferrothorn, M|100/100
|move|p1a: Togekiss|Air Slash|p2a: Ferrothorn
|-damage|p2a: Ferrothorn|70/100
|
|-weather|Sandstorm|[upkeep]
|-damage|p1a: Togekiss|82/100|[from] Sandstorm
|-heal|p2a: Ferrothorn|77/100|[from] item: Leftovers
|upkeep
|turn|5
|
|t:|1597591155
|move|p1a: Togekiss|Air Slash|p2a: Ferrothorn
|-damage|p2a: Ferrothorn|44/100
|cant|p2a: Ferrothorn|flinch
|
|-weather|Sandstorm|[upkeep]
|-damage|p1a: Togekiss|76/100|[from] Sandstorm
|-heal|p2a: Ferrothorn|50/100|[from] item: Leftovers
|upkeep
|turn|6
|
|t:|1597591159
|move|p1a: Togekiss|Air Slash|p2a: Ferrothorn
|-damage|p2a: Ferrothorn|18/100
|move|p2a: Ferrothorn|Knock Off|p1a: Togekiss
|-resisted|p1a: Togekiss
|-damage|p1a: Togekiss|64/100
|-enditem|p1a: Togekiss|Choice Scarf|[from] move: Knock Off|[of] p2a: Ferrothorn
|
|-weather|Sandstorm|[upkeep]
|-damage|p1a: Togekiss|58/100|[from] Sandstorm
|-heal|p2a: Ferrothorn|24/100|[from] item: Leftovers
|upkeep
|turn|7
|
|t:|1597591170
|switch|p2a: Clefable|Clefable, F|100/100
|move|p1a: Togekiss|Flamethrower|p2a: Clefable
|-damage|p2a: Clefable|74/100
|
|-weather|Sandstorm|[upkeep]
|-damage|p1a: Togekiss|52/100|[from] Sandstorm
|upkeep
|turn|8
|
|t:|1597591174
|move|p1a: Togekiss|Air Slash|p2a: Clefable
|-damage|p2a: Clefable|38/100
|move|p2a: Clefable|Thunderbolt|p1a: Togekiss
|-supereffective|p1a: Togekiss
|-damage|p1a: Togekiss|3/100
|
|-weather|Sandstorm|[upkeep]
|-damage|p1a: Togekiss|0 fnt|[from] Sandstorm
|faint|p1a: Togekiss
|upkeep
|
|t:|1597591196
|switch|p1a: Zeraora|Zeraora|100/100
|turn|9
|
|t:|1597591217
|switch|p2a: Ferrothorn|Ferrothorn, M|24/100
|move|p1a: Zeraora|Plasma Fists|p2a: Ferrothorn
|-resisted|p2a: Ferrothorn
|-damage|p2a: Ferrothorn|6/100
|-fieldactivate|move: Ion Deluge
|-damage|p1a: Zeraora|88/100|[from] ability: Iron Barbs|[of] p2a: Ferrothorn
|-damage|p1a: Zeraora|78/100|[from] item: Life Orb
|
|-weather|none
|-heal|p2a: Ferrothorn|12/100|[from] item: Leftovers
|upkeep
|turn|10
|
|t:|1597591234
|switch|p2a: Hippowdon|Hippowdon, F|27/100
|-weather|Sandstorm|[from] ability: Sand Stream|[of] p2a: Hippowdon
|move|p1a: Zeraora|Knock Off|p2a: Hippowdon
|-damage|p2a: Hippowdon|6/100
|-enditem|p2a: Hippowdon|Smooth Rock|[from] move: Knock Off|[of] p1a: Zeraora
|-damage|p1a: Zeraora|69/100|[from] item: Life Orb
|
|-weather|Sandstorm|[upkeep]
|-damage|p1a: Zeraora|63/100|[from] Sandstorm
|upkeep
|turn|11
|
|t:|1597591241
|move|p1a: Zeraora|Grass Knot|p2a: Hippowdon
|-supereffective|p2a: Hippowdon
|-damage|p2a: Hippowdon|0 fnt
|-damage|p1a: Zeraora|53/100|[from] item: Life Orb
|faint|p2a: Hippowdon
|
|-weather|Sandstorm|[upkeep]
|-damage|p1a: Zeraora|47/100|[from] Sandstorm
|upkeep
|
|t:|1597591250
|switch|p2a: Excadrill|Excadrill, M|100/100
|turn|12
|
|t:|1597591258
|switch|p1a: Rillaboom|Rillaboom, F|100/100
|-fieldstart|move: Grassy Terrain|[from] ability: Grassy Surge|[of] p1a: Rillaboom
|move|p2a: Excadrill|Earthquake|p1a: Rillaboom
|-resisted|p1a: Rillaboom
|-damage|p1a: Rillaboom|80/100
|-damage|p2a: Excadrill|91/100|[from] item: Life Orb
|
|-weather|Sandstorm|[upkeep]
|-damage|p1a: Rillaboom|74/100|[from] Sandstorm
|-heal|p2a: Excadrill|97/100|[from] Grassy Terrain
|-heal|p1a: Rillaboom|80/100|[from] Grassy Terrain
|upkeep
|turn|13
|
|t:|1597591280
|switch|p2a: Ferrothorn|Ferrothorn, M|12/100
|move|p1a: Rillaboom|Grassy Glide|p2a: Ferrothorn
|-resisted|p2a: Ferrothorn
|-damage|p2a: Ferrothorn|1/100
|-damage|p1a: Rillaboom|68/100|[from] ability: Iron Barbs|[of] p2a: Ferrothorn
|
|-weather|Sandstorm|[upkeep]
|-damage|p1a: Rillaboom|61/100|[from] Sandstorm
|-heal|p1a: Rillaboom|68/100|[from] Grassy Terrain
|-heal|p2a: Ferrothorn|7/100|[from] item: Leftovers
|-heal|p2a: Ferrothorn|13/100|[from] Grassy Terrain
|upkeep
|turn|14
|
|t:|1597591290
|move|p1a: Rillaboom|Grassy Glide|p2a: Ferrothorn
|-resisted|p2a: Ferrothorn
|-damage|p2a: Ferrothorn|3/100
|-damage|p1a: Rillaboom|55/100|[from] ability: Iron Barbs|[of] p2a: Ferrothorn
|move|p2a: Ferrothorn|Body Press|p1a: Rillaboom
|-damage|p1a: Rillaboom|20/100
|
|-weather|Sandstorm|[upkeep]
|-damage|p1a: Rillaboom|14/100|[from] Sandstorm
|-heal|p1a: Rillaboom|20/100|[from] Grassy Terrain
|-heal|p2a: Ferrothorn|9/100|[from] item: Leftovers
|-heal|p2a: Ferrothorn|15/100|[from] Grassy Terrain
|upkeep
|turn|15
|
|t:|1597591301
|switch|p1a: Scizor|Scizor, F|100/100
|move|p2a: Ferrothorn|Body Press|p1a: Scizor
|-damage|p1a: Scizor|61/100
|
|-weather|Sandstorm|[upkeep]
|-heal|p1a: Scizor|67/100|[from] Grassy Terrain
|-heal|p2a: Ferrothorn|22/100|[from] item: Leftovers
|-heal|p2a: Ferrothorn|28/100|[from] Grassy Terrain
|upkeep
|turn|16
|
|t:|1597591322
|move|p1a: Scizor|Swords Dance|p1a: Scizor
|-boost|p1a: Scizor|atk|2
|move|p2a: Ferrothorn|Body Press|p1a: Scizor
|-damage|p1a: Scizor|33/100
|
|-weather|Sandstorm|[upkeep]
|-heal|p1a: Scizor|40/100|[from] Grassy Terrain
|-heal|p2a: Ferrothorn|34/100|[from] item: Leftovers
|-heal|p2a: Ferrothorn|40/100|[from] Grassy Terrain
|-fieldend|move: Grassy Terrain
|upkeep
|turn|17
|
|t:|1597591332
|move|p1a: Scizor|Knock Off|p2a: Ferrothorn
|-damage|p2a: Ferrothorn|0 fnt
|-damage|p1a: Scizor|27/100|[from] ability: Iron Barbs|[of] p2a: Ferrothorn
|-enditem|p2a: Ferrothorn|Leftovers|[from] move: Knock Off|[of] p1a: Scizor
|-damage|p1a: Scizor|17/100|[from] item: Life Orb
|faint|p2a: Ferrothorn
|
|-weather|none
|upkeep
|inactive|gaijineagle has 120 seconds left.
|
|t:|1597591363
|switch|p2a: Urshifu|Urshifu, M|91/100
|turn|18
|
|t:|1597591367
|move|p1a: Scizor|Bullet Punch|p2a: Urshifu
|-damage|p2a: Urshifu|0 fnt
|-damage|p1a: Scizor|7/100|[from] item: Life Orb
|faint|p2a: Urshifu
|
|upkeep
|
|t:|1597591385
|switch|p2a: Dragapult|Dragapult, M|100/100
|turn|19
|
|t:|1597591387
|move|p2a: Dragapult|Sucker Punch|p1a: Scizor
|-damage|p1a: Scizor|0 fnt
|-damage|p2a: Dragapult|91/100|[from] item: Life Orb
|faint|p1a: Scizor
|
|upkeep
|
|t:|1597591397
|switch|p1a: Crawdaunt|Crawdaunt, M|100/100
|turn|20
|
|t:|1597591401
|move|p2a: Dragapult|Thunderbolt|p1a: Crawdaunt
|-supereffective|p1a: Crawdaunt
|-damage|p1a: Crawdaunt|0 fnt
|-damage|p2a: Dragapult|81/100|[from] item: Life Orb
|faint|p1a: Crawdaunt
|
|upkeep
|
|t:|1597591403
|switch|p1a: Zeraora|Zeraora|47/100
|turn|21
|
|t:|1597591416
|move|p2a: Dragapult|Dragon Darts|p1a: Zeraora
|-damage|p1a: Zeraora|13/100
|-anim|p2a: Dragapult|Dragon Darts|p1a: Zeraora
|-crit|p1a: Zeraora
|-damage|p1a: Zeraora|0 fnt
|-damage|p2a: Dragapult|71/100|[from] item: Life Orb
|faint|p1a: Zeraora
|
|upkeep
|-message|LT72MS Adri forfeited.
|
|win|gaijineagle
|l|☆LT72MS Adri
|c|☆gaijineagle|gg
|raw|LT72MS Adri's rating: 1444 &rarr; <strong>1423</strong><br />(-21 for losing)
|raw|gaijineagle's rating: 1418 &rarr; <strong>1440</strong><br />(+22 for winning)
