|j|☆Spectre Ace
|j|☆KnownHeretic
|t:|1664584896
|gametype|singles
|player|p1|Spectre Ace|juggler|1572
|player|p2|KnownHeretic|drayden|1595
|teamsize|p1|6
|teamsize|p2|6
|gen|8
|tier|[Gen 8] OU
|rated|
|rule|Sleep Clause Mod: Limit one foe put to sleep
|rule|Species Clause: Limit one of each Pokémon
|rule|OHKO Clause: OHKO moves are banned
|rule|Evasion Items Clause: Evasion items are banned
|rule|Evasion Moves Clause: Evasion moves are banned
|rule|Endless Battle Clause: Forcing endless battles is banned
|rule|HP Percentage Mod: HP is shown in percentages
|rule|Dynamax Clause: You cannot dynamax
|clearpoke
|poke|p1|Landorus-Therian, M|
|poke|p1|Ferrothorn, M|
|poke|p1|Volcanion|
|poke|p1|Raichu-Alola, F|
|poke|p1|Tapu Koko|
|poke|p1|Clefable, F|
|poke|p2|Buzzwole|
|poke|p2|Blissey, F|
|poke|p2|Zapdos|
|poke|p2|Ferrothorn, M|
|poke|p2|Marowak-Alola, M|
|poke|p2|Nidoking, M|
|teampreview
|j| Owlnin
|
|t:|1664584916
|start
|switch|p1a: Booker|Tapu Koko|100/100
|switch|p2a: Nidoking|Nidoking, M|100/100
|-fieldstart|move: Electric Terrain|[from] ability: Electric Surge|[of] p1a: Booker
|turn|1
|
|t:|1664584923
|move|p1a: Booker|U-turn|p2a: Nidoking
|-resisted|p2a: Nidoking
|-damage|p2a: Nidoking|89/100
|
|t:|1664584927
|switch|p1a: Amadeus|Landorus-Therian, M|100/100|[from]move: U-turn
|-ability|p1a: Amadeus|Intimidate|boost
|-unboost|p2a: Nidoking|atk|1
|move|p2a: Nidoking|Sludge Wave|p1a: Amadeus
|-resisted|p1a: Amadeus
|-damage|p1a: Amadeus|77/100
|
|-heal|p1a: Amadeus|83/100|[from] item: Leftovers
|upkeep
|turn|2
|
|t:|1664584934
|switch|p2a: Zapdos|Zapdos|100/100
|switch|p1a: Engine|Volcanion|100/100
|
|upkeep
|turn|3
|
|t:|1664584946
|switch|p1a: Amadeus|Landorus-Therian, M|83/100
|-ability|p1a: Amadeus|Intimidate|boost
|-unboost|p2a: Zapdos|atk|1
|move|p2a: Zapdos|Volt Switch|p1a: Amadeus
|-immune|p1a: Amadeus
|
|-heal|p1a: Amadeus|89/100|[from] item: Leftovers
|upkeep
|turn|4
|
|t:|1664584955
|move|p2a: Zapdos|Hurricane|p1a: Amadeus
|-damage|p1a: Amadeus|52/100
|move|p1a: Amadeus|U-turn|p2a: Zapdos
|-resisted|p2a: Zapdos
|-damage|p2a: Zapdos|92/100
|
|t:|1664584959
|switch|p1a: Valentine|Raichu-Alola, F, shiny|100/100|[from]move: U-turn
|
|upkeep
|turn|5
|
|t:|1664584964
|switch|p2a: Blissey|Blissey, F|100/100
|move|p1a: Valentine|Nasty Plot|p1a: Valentine
|-boost|p1a: Valentine|spa|2
|
|upkeep
|turn|6
|
|t:|1664584971
|move|p1a: Valentine|Rising Voltage|p2a: Blissey
|-hint|Rising Voltage's BP doubled on grounded target.
|-damage|p2a: Blissey|25/100
|-damage|p1a: Valentine|91/100|[from] item: Life Orb
|move|p2a: Blissey|Seismic Toss|p1a: Valentine
|-damage|p1a: Valentine|52/100
|
|upkeep
|turn|7
|
|t:|1664584982
|move|p1a: Valentine|Psyshock|p2a: Blissey
|-damage|p2a: Blissey|0 fnt
|faint|p2a: Blissey
|-damage|p1a: Valentine|42/100|[from] item: Life Orb
|
|upkeep
|
|t:|1664584990
|switch|p2a: Nidoking|Nidoking, M|89/100
|turn|8
|
|t:|1664584995
|switch|p2a: Ferrothorn|Ferrothorn, M|100/100
|move|p1a: Valentine|Rising Voltage|p2a: Ferrothorn
|-hint|Rising Voltage's BP doubled on grounded target.
|-resisted|p2a: Ferrothorn
|-damage|p2a: Ferrothorn|3/100
|-damage|p1a: Valentine|32/100|[from] item: Life Orb
|
|-heal|p2a: Ferrothorn|9/100|[from] item: Leftovers
|-fieldend|move: Electric Terrain
|upkeep
|turn|9
|
|t:|1664585007
|move|p1a: Valentine|Psyshock|p2a: Ferrothorn
|-resisted|p2a: Ferrothorn
|-damage|p2a: Ferrothorn|0 fnt
|faint|p2a: Ferrothorn
|-damage|p1a: Valentine|22/100|[from] item: Life Orb
|
|upkeep
|
|t:|1664585010
|switch|p2a: Buzzwole|Buzzwole|100/100
|turn|10
|
|t:|1664585014
|switch|p1a: Clefable|Clefable, F|100/100
|move|p2a: Buzzwole|Ice Punch|p1a: Clefable
|-damage|p1a: Clefable|75/100
|
|upkeep
|turn|11
|
|t:|1664585018
|switch|p2a: Nidoking|Nidoking, M|89/100
|move|p1a: Clefable|Stealth Rock|p2a: Nidoking
|-sidestart|p2: KnownHeretic|move: Stealth Rock
|
|upkeep
|turn|12
|
|t:|1664585024
|move|p2a: Nidoking|Sludge Wave|p1a: Clefable
|-supereffective|p1a: Clefable
|-damage|p1a: Clefable|0 fnt
|faint|p1a: Clefable
|
|upkeep
|
|t:|1664585027
|switch|p1a: Amadeus|Landorus-Therian, M|52/100
|-ability|p1a: Amadeus|Intimidate|boost
|-unboost|p2a: Nidoking|atk|1
|turn|13
|
|t:|1664585034
|move|p2a: Nidoking|Ice Beam|p1a: Amadeus
|-supereffective|p1a: Amadeus
|-damage|p1a: Amadeus|0 fnt
|faint|p1a: Amadeus
|
|upkeep
|
|t:|1664585036
|switch|p1a: Booker|Tapu Koko|100/100
|-fieldstart|move: Electric Terrain|[from] ability: Electric Surge|[of] p1a: Booker
|turn|14
|
|t:|1664585038
|move|p1a: Booker|U-turn|p2a: Nidoking
|-resisted|p2a: Nidoking
|-damage|p2a: Nidoking|78/100
|
|t:|1664585043
|switch|p1a: Sundowner|Ferrothorn, M, shiny|100/100|[from]move: U-turn
|move|p2a: Nidoking|Sludge Wave|p1a: Sundowner
|-immune|p1a: Sundowner
|
|upkeep
|turn|15
|
|t:|1664585053
|switch|p2a: Zapdos|Zapdos|92/100
|move|p1a: Sundowner|Gyro Ball|p2a: Zapdos
|-resisted|p2a: Zapdos
|-damage|p2a: Zapdos|73/100
|
|upkeep
|turn|16
|
|t:|1664585060
|move|p2a: Zapdos|Defog|p1a: Sundowner
|-unboost|p1a: Sundowner|evasion|1
|-sideend|p2: KnownHeretic|Stealth Rock|[from] move: Defog|[of] p2a: Zapdos
|-fieldend|move: Electric Terrain
|move|p1a: Sundowner|Spikes|p2a: Zapdos
|-sidestart|p2: KnownHeretic|Spikes
|
|upkeep
|turn|17
|
|t:|1664585063
|move|p2a: Zapdos|Volt Switch|p1a: Sundowner
|-resisted|p1a: Sundowner
|-damage|p1a: Sundowner|92/100
|
|t:|1664585065
|switch|p2a: Marowak|Marowak-Alola, M|100/100|[from]move: Volt Switch
|-damage|p2a: Marowak|88/100|[from] Spikes
|move|p1a: Sundowner|Leech Seed|p2a: Marowak
|-start|p2a: Marowak|move: Leech Seed
|
|-heal|p1a: Sundowner|98/100|[from] item: Leftovers
|-damage|p2a: Marowak|76/100|[from] Leech Seed|[of] p1a: Sundowner
|-heal|p1a: Sundowner|100/100|[silent]
|upkeep
|turn|18
|
|t:|1664585072
|switch|p1a: Engine|Volcanion|100/100
|move|p2a: Marowak|Flare Blitz|p1a: Engine
|-resisted|p1a: Engine
|-damage|p1a: Engine|78/100
|
|-damage|p2a: Marowak|64/100|[from] Leech Seed|[of] p1a: Engine
|-heal|p1a: Engine|89/100|[silent]
|upkeep
|turn|19
|
|t:|1664585079
|move|p1a: Engine|Steam Eruption|p2a: Marowak
|-supereffective|p2a: Marowak
|-damage|p2a: Marowak|0 fnt
|faint|p2a: Marowak
|
|upkeep
|
|t:|1664585083
|switch|p2a: Zapdos|Zapdos|73/100
|turn|20
|
|t:|1664585088
|move|p1a: Engine|Steam Eruption|p2a: Zapdos
|-damage|p2a: Zapdos|16/100
|move|p2a: Zapdos|Volt Switch|p1a: Engine
|-supereffective|p1a: Engine
|-damage|p1a: Engine|13/100
|
|t:|1664585094
|switch|p2a: Buzzwole|Buzzwole|100/100|[from]move: Volt Switch
|-damage|p2a: Buzzwole|88/100|[from] Spikes
|
|upkeep
|turn|21
|
|t:|1664585102
|move|p2a: Buzzwole|Earthquake|p1a: Engine
|-supereffective|p1a: Engine
|-damage|p1a: Engine|0 fnt
|faint|p1a: Engine
|-ability|p2a: Buzzwole|Beast Boost|boost
|-boost|p2a: Buzzwole|atk|1
|
|upkeep
|
|t:|1664585104
|switch|p1a: Booker|Tapu Koko|100/100
|-fieldstart|move: Electric Terrain|[from] ability: Electric Surge|[of] p1a: Booker
|turn|22
|
|t:|1664585114
|move|p2a: Buzzwole|Earthquake|p1a: Booker
|-supereffective|p1a: Booker
|-damage|p1a: Booker|0 fnt
|faint|p1a: Booker
|-ability|p2a: Buzzwole|Beast Boost|boost
|-boost|p2a: Buzzwole|atk|1
|
|upkeep
|
|t:|1664585116
|switch|p1a: Valentine|Raichu-Alola, F, shiny|22/100
|turn|23
|
|t:|1664585127
|switch|p2a: Zapdos|Zapdos|16/100
|move|p1a: Valentine|Rising Voltage|p2a: Zapdos
|-damage|p2a: Zapdos|0 fnt
|faint|p2a: Zapdos
|-damage|p1a: Valentine|12/100|[from] item: Life Orb
|
|upkeep
|
|t:|1664585136
|switch|p2a: Nidoking|Nidoking, M|78/100
|-damage|p2a: Nidoking|66/100|[from] Spikes
|turn|24
|
|t:|1664585143
|switch|p2a: Buzzwole|Buzzwole|88/100
|-damage|p2a: Buzzwole|76/100|[from] Spikes
|move|p1a: Valentine|Psyshock|p2a: Buzzwole
|-supereffective|p2a: Buzzwole
|-damage|p2a: Buzzwole|2/100
|-damage|p1a: Valentine|2/100|[from] item: Life Orb
|
|upkeep
|turn|25
|
|t:|1664585148
|switch|p1a: Sundowner|Ferrothorn, M, shiny|100/100
|move|p2a: Buzzwole|Close Combat|p1a: Sundowner
|-supereffective|p1a: Sundowner
|-damage|p1a: Sundowner|0 fnt
|-unboost|p2a: Buzzwole|def|1
|-unboost|p2a: Buzzwole|spd|1
|-damage|p2a: Buzzwole|0 fnt|[from] ability: Iron Barbs|[of] p1a: Sundowner
|faint|p1a: Sundowner
|faint|p2a: Buzzwole
|
|upkeep
|
|t:|1664585155
|switch|p2a: Nidoking|Nidoking, M|66/100
|switch|p1a: Valentine|Raichu-Alola, F, shiny|2/100
|-damage|p2a: Nidoking|54/100|[from] Spikes
|turn|26
|
|t:|1664585157
|move|p1a: Valentine|Psyshock|p2a: Nidoking
|-supereffective|p2a: Nidoking
|-damage|p2a: Nidoking|0 fnt
|faint|p2a: Nidoking
|-damage|p1a: Valentine|0 fnt|[from] item: Life Orb
|faint|p1a: Valentine
|
|win|Spectre Ace
|raw|Spectre Ace's rating: 1572 &rarr; <strong>1593</strong><br />(+21 for winning)
|raw|KnownHeretic's rating: 1595 &rarr; <strong>1574</strong><br />(-21 for losing)
|l|☆KnownHeretic
|l| Owlnin
||Ladder isn't responding, score probably updated but might not have (Request timeout).
