|raw|<div class="broadcast-blue"><strong>This battle is required to be public due to a player having a name starting with 'lt83aq'.</div>
|j|☆lt83aq hsa
|j|‽PokeDa
|t:|1626846262
|gametype|singles
|player|p1|lt83aq hsa|steven|1836
|player|p2|PokeDa|winona-gen6|1711
|teamsize|p1|6
|teamsize|p2|6
|gen|8
|tier|[Gen 8] OU
|rated|
|rule|Sleep Clause Mod: Limit one foe put to sleep
|rule|Species Clause: Limit one of each Pokémon
|rule|OHKO Clause: OHKO moves are banned
|rule|Evasion Moves Clause: Evasion moves are banned
|rule|Endless Battle Clause: Forcing endless battles is banned
|rule|HP Percentage Mod: HP is shown in percentages
|rule|Dynamax Clause: You cannot dynamax
|clearpoke
|poke|p1|Slowking-Galar, M|
|poke|p1|Weavile, F|
|poke|p1|Magnezone|
|poke|p1|Garchomp, F|
|poke|p1|Corviknight, F|
|poke|p1|Urshifu-*, F|
|poke|p2|Dragapult, F|
|poke|p2|Garchomp, M|
|poke|p2|Weavile, M|
|poke|p2|Melmetal|
|poke|p2|Tapu Fini|
|poke|p2|Dragonite, F|
|teampreview
|inactive|Battle timer is ON: inactive players will automatically lose when time's up. (requested by lt83aq hsa)
|
|t:|1626846280
|start
|switch|p1a: Weavile|Weavile, F|100/100
|switch|p2a: Dragapult|Dragapult, F|100/100
|-ability|p1a: Weavile|Pressure
|turn|1
|
|t:|1626846287
|switch|p1a: Garchomp|Garchomp, F, shiny|100/100
|move|p2a: Dragapult|Draco Meteor|p1a: Garchomp
|-supereffective|p1a: Garchomp
|-damage|p1a: Garchomp|0 fnt
|-unboost|p2a: Dragapult|spa|2
|faint|p1a: Garchomp
|
|upkeep
|j| ayevon
|
|t:|1626846294
|switch|p1a: Urshifu|Urshifu-Rapid-Strike, F|100/100
|turn|2
|
|t:|1626846301
|switch|p2a: Garchomp|Garchomp, M, shiny|100/100
|move|p1a: Urshifu|Surging Strikes|p2a: Garchomp
|-crit|p2a: Garchomp
|-damage|p2a: Garchomp|72/100
|-damage|p1a: Urshifu|88/100|[from] ability: Rough Skin|[of] p2a: Garchomp
|-crit|p2a: Garchomp
|-damage|p2a: Garchomp|42/100
|-damage|p1a: Urshifu|76/100|[from] ability: Rough Skin|[of] p2a: Garchomp
|-crit|p2a: Garchomp
|-damage|p2a: Garchomp|14/100
|-damage|p1a: Urshifu|64/100|[from] ability: Rough Skin|[of] p2a: Garchomp
|-hitcount|p2a: Garchomp|3
|
|-heal|p2a: Garchomp|20/100|[from] item: Leftovers
|upkeep
|turn|3
|
|t:|1626846320
|switch|p1a: Corviknight|Corviknight, F, shiny|100/100
|-ability|p1a: Corviknight|Pressure
|move|p2a: Garchomp|Earthquake|p1a: Corviknight
|-immune|p1a: Corviknight
|
|-heal|p2a: Garchomp|27/100|[from] item: Leftovers
|upkeep
|turn|4
|
|t:|1626846332
|switch|p2a: Dragapult|Dragapult, F|100/100
|move|p1a: Corviknight|Brave Bird|p2a: Dragapult
|-damage|p2a: Dragapult|48/100
|-damage|p1a: Corviknight|87/100|[from] Recoil
|
|upkeep
|turn|5
|
|t:|1626846341
|switch|p2a: Melmetal|Melmetal|100/100
|move|p1a: Corviknight|U-turn|p2a: Melmetal
|-resisted|p2a: Melmetal
|-damage|p2a: Melmetal|96/100
|
|t:|1626846344
|switch|p1a: Urshifu|Urshifu-Rapid-Strike, F|64/100|[from]move: U-turn
|
|upkeep
|turn|6
|
|t:|1626846349
|switch|p2a: Dragonite|Dragonite, F|100/100
|move|p1a: Urshifu|Surging Strikes|p2a: Dragonite
|-resisted|p2a: Dragonite
|-crit|p2a: Dragonite
|-damage|p2a: Dragonite|95/100
|-resisted|p2a: Dragonite
|-crit|p2a: Dragonite
|-damage|p2a: Dragonite|84/100
|-resisted|p2a: Dragonite
|-crit|p2a: Dragonite
|-damage|p2a: Dragonite|73/100
|-hitcount|p2a: Dragonite|3
|
|upkeep
|turn|7
|
|t:|1626846357
|switch|p1a: Corviknight|Corviknight, F, shiny|87/100
|-ability|p1a: Corviknight|Pressure
|move|p2a: Dragonite|Roost|p2a: Dragonite
|-heal|p2a: Dragonite|100/100
|-singleturn|p2a: Dragonite|move: Roost
|
|upkeep
|turn|8
|
|t:|1626846361
|move|p2a: Dragonite|Thunderbolt|p1a: Corviknight
|-supereffective|p1a: Corviknight
|-damage|p1a: Corviknight|47/100
|move|p1a: Corviknight|U-turn|p2a: Dragonite
|-resisted|p2a: Dragonite
|-damage|p2a: Dragonite|98/100
|
|t:|1626846364
|switch|p1a: Weavile|Weavile, F|100/100|[from]move: U-turn
|-ability|p1a: Weavile|Pressure
|
|upkeep
|turn|9
|
|t:|1626846376
|move|p1a: Weavile|Knock Off|p2a: Dragonite
|-damage|p2a: Dragonite|57/100
|-enditem|p2a: Dragonite|Heavy-Duty Boots|[from] move: Knock Off|[of] p1a: Weavile
|move|p2a: Dragonite|Dual Wingbeat|p1a: Weavile
|-crit|p1a: Weavile
|-damage|p1a: Weavile|59/100
|-damage|p1a: Weavile|28/100
|-hitcount|p1a: Weavile|2
|
|upkeep
|turn|10
|
|t:|1626846388
|switch|p2a: Tapu Fini|Tapu Fini|100/100
|-fieldstart|move: Misty Terrain|[from] ability: Misty Surge|[of] p2a: Tapu Fini
|move|p1a: Weavile|Knock Off|p2a: Tapu Fini
|-resisted|p2a: Tapu Fini
|-damage|p2a: Tapu Fini|80/100
|-enditem|p2a: Tapu Fini|Leftovers|[from] move: Knock Off|[of] p1a: Weavile
|
|upkeep
|turn|11
|
|t:|1626846405
|switch|p1a: Slowking|Slowking-Galar, M, shiny|100/100
|switch|p2a: Garchomp|Garchomp, M, shiny|27/100
|
|-heal|p2a: Garchomp|33/100|[from] item: Leftovers
|upkeep
|turn|12
|
|t:|1626846412
|move|p2a: Garchomp|Earthquake|p1a: Slowking
|-supereffective|p1a: Slowking
|-damage|p1a: Slowking|0 fnt
|faint|p1a: Slowking
|
|-heal|p2a: Garchomp|39/100|[from] item: Leftovers
|upkeep
|
|t:|1626846416
|switch|p1a: Corviknight|Corviknight, F, shiny|47/100
|-ability|p1a: Corviknight|Pressure
|turn|13
|
|t:|1626846428
|switch|p2a: Dragonite|Dragonite, F|57/100
|move|p1a: Corviknight|Roost|p1a: Corviknight
|-heal|p1a: Corviknight|97/100
|-singleturn|p1a: Corviknight|move: Roost
|
|upkeep
|turn|14
|
|t:|1626846433
|move|p2a: Dragonite|Roost|p2a: Dragonite
|-heal|p2a: Dragonite|100/100
|-singleturn|p2a: Dragonite|move: Roost
|move|p1a: Corviknight|U-turn|p2a: Dragonite
|-damage|p2a: Dragonite|95/100
|
|t:|1626846439
|switch|p1a: Weavile|Weavile, F|28/100|[from]move: U-turn
|-ability|p1a: Weavile|Pressure
|
|-fieldend|Misty Terrain
|upkeep
|turn|15
|
|t:|1626846450
|switch|p2a: Tapu Fini|Tapu Fini|80/100
|-fieldstart|move: Misty Terrain|[from] ability: Misty Surge|[of] p2a: Tapu Fini
|move|p1a: Weavile|Triple Axel|p2a: Tapu Fini
|-resisted|p2a: Tapu Fini
|-damage|p2a: Tapu Fini|77/100
|-resisted|p2a: Tapu Fini
|-crit|p2a: Tapu Fini
|-damage|p2a: Tapu Fini|65/100
|-resisted|p2a: Tapu Fini
|-damage|p2a: Tapu Fini|52/100
|-hitcount|p2a: Tapu Fini|3
|
|upkeep
|turn|16
|
|t:|1626846462
|switch|p1a: Corviknight|Corviknight, F, shiny|97/100
|-ability|p1a: Corviknight|Pressure
|move|p2a: Tapu Fini|Scald|p1a: Corviknight
|-damage|p1a: Corviknight|74/100
|
|upkeep
|turn|17
|
|t:|1626846473
|move|p2a: Tapu Fini|Scald|p1a: Corviknight
|-damage|p1a: Corviknight|50/100
|move|p1a: Corviknight|Brave Bird|p2a: Tapu Fini
|-damage|p2a: Tapu Fini|26/100
|-damage|p1a: Corviknight|42/100|[from] Recoil
|
|upkeep
|turn|18
|
|t:|1626846480
|move|p2a: Tapu Fini|Taunt|p1a: Corviknight
|-start|p1a: Corviknight|move: Taunt
|cant|p1a: Corviknight|move: Taunt|Roost
|
|upkeep
|turn|19
|
|t:|1626846483
|switch|p1a: Magnezone|Magnezone|100/100
|move|p2a: Tapu Fini|Scald|p1a: Magnezone
|-damage|p1a: Magnezone|68/100
|
|-fieldend|Misty Terrain
|upkeep
|turn|20
|
|t:|1626846489
|move|p2a: Tapu Fini|Scald|p1a: Magnezone
|-damage|p1a: Magnezone|30/100
|move|p1a: Magnezone|Volt Switch|p2a: Tapu Fini
|-supereffective|p2a: Tapu Fini
|-damage|p2a: Tapu Fini|0 fnt
|faint|p2a: Tapu Fini
|
|t:|1626846496
|switch|p1a: Weavile|Weavile, F|28/100|[from]move: Volt Switch
|-ability|p1a: Weavile|Pressure
|
|upkeep
|
|t:|1626846504
|switch|p2a: Melmetal|Melmetal|96/100
|turn|21
|
|t:|1626846509
|switch|p1a: Magnezone|Magnezone|30/100
|move|p2a: Melmetal|Double Iron Bash|p1a: Magnezone
|-resisted|p1a: Magnezone
|-damage|p1a: Magnezone|18/100
|-resisted|p1a: Magnezone
|-damage|p1a: Magnezone|7/100
|-hitcount|p1a: Magnezone|2
|
|upkeep
|turn|22
|
|t:|1626846520
|move|p1a: Magnezone|Thunderbolt|p2a: Melmetal
|-damage|p2a: Melmetal|17/100
|move|p2a: Melmetal|Double Iron Bash|p1a: Magnezone
|-resisted|p1a: Magnezone
|-damage|p1a: Magnezone|0 fnt
|faint|p1a: Magnezone
|-hitcount|p1: Magnezone|1
|
|upkeep
|
|t:|1626846523
|switch|p1a: Corviknight|Corviknight, F, shiny|42/100
|-ability|p1a: Corviknight|Pressure
|turn|23
|
|t:|1626846531
|move|p2a: Melmetal|Thunder Wave|p1a: Corviknight
|-status|p1a: Corviknight|par
|move|p1a: Corviknight|Roost|p1a: Corviknight
|-heal|p1a: Corviknight|92/100 par
|-singleturn|p1a: Corviknight|move: Roost
|
|upkeep
|turn|24
|
|t:|1626846536
|move|p2a: Melmetal|Thunder Punch|p1a: Corviknight
|-supereffective|p1a: Corviknight
|-damage|p1a: Corviknight|49/100 par
|move|p1a: Corviknight|U-turn|p2a: Melmetal
|-resisted|p2a: Melmetal
|-damage|p2a: Melmetal|12/100
|
|t:|1626846544
|switch|p1a: Urshifu|Urshifu-Rapid-Strike, F|64/100|[from]move: U-turn
|
|upkeep
|turn|25
|
|t:|1626846557
|move|p1a: Urshifu|U-turn|p2a: Melmetal
|-resisted|p2a: Melmetal
|-damage|p2a: Melmetal|1/100
|
|t:|1626846560
|switch|p1a: Corviknight|Corviknight, F, shiny|49/100 par|[from]move: U-turn
|-ability|p1a: Corviknight|Pressure
|move|p2a: Melmetal|Thunder Punch|p1a: Corviknight
|-supereffective|p1a: Corviknight
|-damage|p1a: Corviknight|4/100 par
|
|upkeep
|turn|26
|
|t:|1626846568
|move|p2a: Melmetal|Thunder Punch|p1a: Corviknight
|-supereffective|p1a: Corviknight
|-damage|p1a: Corviknight|0 fnt
|faint|p1a: Corviknight
|
|upkeep
|
|t:|1626846570
|switch|p1a: Weavile|Weavile, F|28/100
|-ability|p1a: Weavile|Pressure
|turn|27
|
|t:|1626846577
|move|p1a: Weavile|Ice Shard|p2a: Melmetal
|-resisted|p2a: Melmetal
|-damage|p2a: Melmetal|0 fnt
|faint|p2a: Melmetal
|
|upkeep
|
|t:|1626846584
|switch|p2a: Weavile|Weavile, M|100/100
|turn|28
|
|t:|1626846594
|switch|p1a: Urshifu|Urshifu-Rapid-Strike, F|64/100
|move|p2a: Weavile|Triple Axel|p1a: Urshifu
|-resisted|p1a: Urshifu
|-damage|p1a: Urshifu|59/100
|-resisted|p1a: Urshifu
|-damage|p1a: Urshifu|48/100
|-resisted|p1a: Urshifu
|-damage|p1a: Urshifu|31/100
|-hitcount|p1a: Urshifu|3
|
|upkeep
|turn|29
|j| Cheesing Rain
|
|t:|1626846615
|switch|p2a: Garchomp|Garchomp, M, shiny|39/100
|move|p1a: Urshifu|Close Combat|p2a: Garchomp
|-damage|p2a: Garchomp|0 fnt
|-unboost|p1a: Urshifu|def|1
|-unboost|p1a: Urshifu|spd|1
|-damage|p1a: Urshifu|18/100|[from] ability: Rough Skin|[of] p2a: Garchomp
|faint|p2a: Garchomp
|
|upkeep
|
|t:|1626846618
|switch|p2a: Dragapult|Dragapult, F|48/100
|turn|30
|
|t:|1626846624
|move|p2a: Dragapult|Shadow Ball|p1a: Urshifu
|-damage|p1a: Urshifu|0 fnt
|faint|p1a: Urshifu
|
|upkeep
|
|t:|1626846626
|switch|p1a: Weavile|Weavile, F|28/100
|-ability|p1a: Weavile|Pressure
|turn|31
|
|t:|1626846631
|move|p1a: Weavile|Ice Shard|p2a: Dragapult
|-supereffective|p2a: Dragapult
|-damage|p2a: Dragapult|0 fnt
|faint|p2a: Dragapult
|
|upkeep
|
|t:|1626846634
|switch|p2a: Weavile|Weavile, M|100/100
|turn|32
|
|t:|1626846640
|move|p1a: Weavile|Triple Axel|p2a: Weavile
|-resisted|p2a: Weavile
|-damage|p2a: Weavile|92/100
|-resisted|p2a: Weavile
|-damage|p2a: Weavile|75/100
|-resisted|p2a: Weavile
|-damage|p2a: Weavile|46/100
|-hitcount|p2a: Weavile|3
|move|p2a: Weavile|Triple Axel|p1a: Weavile
|-resisted|p1a: Weavile
|-damage|p1a: Weavile|18/100
|-resisted|p1a: Weavile
|-damage|p1a: Weavile|0 fnt
|faint|p1a: Weavile
|-hitcount|p1: Weavile|2
|
|win|PokeDa
|raw|lt83aq hsa's rating: 1836 &rarr; <strong>1809</strong><br />(-27 for losing)
|raw|PokeDa's rating: 1711 &rarr; <strong>1738</strong><br />(+27 for winning)
|l|☆lt83aq hsa
