|j|☆TestBot777
|j|☆Lunar Neo
|player|p1|TestBot777|ghetsis|1505
|player|p2|Lunar Neo|248|1551
|teamsize|p1|6
|teamsize|p2|6
|gametype|singles
|gen|8
|tier|[Gen 8] OU
|rated|
|rule|Sleep Clause Mod: Limit one foe put to sleep
|rule|Species Clause: Limit one of each Pokémon
|rule|OHKO Clause: OHKO moves are banned
|rule|Evasion Moves Clause: Evasion moves are banned
|rule|Endless Battle Clause: Forcing endless battles is banned
|rule|HP Percentage Mod: HP is shown in percentages
|clearpoke
|poke|p1|Umbreon, F|
|poke|p1|Hatterene, F|
|poke|p1|Corviknight, F|
|poke|p1|Cinderace, F|
|poke|p1|Dragapult, M|
|poke|p1|Seismitoad, M|
|poke|p2|Hydreigon, M|
|poke|p2|Mamoswine, M|
|poke|p2|Aegislash, M|
|poke|p2|Clefable, F|
|poke|p2|Rotom-Wash|
|poke|p2|Toxtricity, F|
|teampreview
|
|start
|switch|p1a: Seismitoad|Seismitoad, M|100/100
|switch|p2a: Mamoswine|Mamoswine, M|100/100
|turn|1
|inactive|Battle timer is ON: inactive players will automatically lose when time's up. (requested by Lunar Neo)
|
|move|p2a: Mamoswine|Stealth Rock|p1a: Seismitoad
|-sidestart|p1: TestBot777|move: Stealth Rock
|move|p1a: Seismitoad|Stealth Rock|p2a: Mamoswine
|-sidestart|p2: Lunar Neo|move: Stealth Rock
|
|upkeep
|turn|2
|
|switch|p2a: Hydreigon|Hydreigon, M|100/100
|-damage|p2a: Hydreigon|88/100|[from] Stealth Rock
|move|p1a: Seismitoad|Scald|p2a: Hydreigon
|-resisted|p2a: Hydreigon
|-crit|p2a: Hydreigon
|-damage|p2a: Hydreigon|68/100
|
|-heal|p2a: Hydreigon|74/100|[from] item: Leftovers
|upkeep
|turn|3
|inactive|TestBot777 has 120 seconds left.
|
|switch|p1a: Umbreon|Umbreon, F|100/100
|-damage|p1a: Umbreon|88/100|[from] Stealth Rock
|move|p2a: Hydreigon|Nasty Plot|p2a: Hydreigon
|-boost|p2a: Hydreigon|spa|2
|
|-heal|p2a: Hydreigon|80/100|[from] item: Leftovers
|-heal|p1a: Umbreon|94/100|[from] item: Leftovers
|upkeep
|turn|4
|inactive|TestBot777 has 120 seconds left.
|
|move|p2a: Hydreigon|Flash Cannon|p1a: Umbreon
|-damage|p1a: Umbreon|65/100
|-unboost|p1a: Umbreon|spd|1
|move|p1a: Umbreon|Taunt|p2a: Hydreigon
|-start|p2a: Hydreigon|move: Taunt
|
|-heal|p2a: Hydreigon|86/100|[from] item: Leftovers
|-heal|p1a: Umbreon|71/100|[from] item: Leftovers
|upkeep
|turn|5
|inactive|TestBot777 has 120 seconds left.
|
|switch|p1a: Cinderace|Cinderace, F|100/100
|-damage|p1a: Cinderace|76/100|[from] Stealth Rock
|move|p2a: Hydreigon|Flash Cannon|p1a: Cinderace
|-resisted|p1a: Cinderace
|-damage|p1a: Cinderace|40/100
|-unboost|p1a: Cinderace|spd|1
|
|-heal|p2a: Hydreigon|92/100|[from] item: Leftovers
|upkeep
|turn|6
|inactive|TestBot777 has 120 seconds left.
|
|switch|p2a: Aegislash|Aegislash, M|100/100
|-damage|p2a: Aegislash|94/100|[from] Stealth Rock
|move|p1a: Cinderace|U-turn|p2a: Aegislash
|-resisted|p2a: Aegislash
|-damage|p2a: Aegislash|88/100
|
|switch|p1a: Umbreon|Umbreon, F|71/100|[from]move: U-turn
|-damage|p1a: Umbreon|59/100|[from] Stealth Rock
|
|-heal|p1a: Umbreon|65/100|[from] item: Leftovers
|-heal|p2a: Aegislash|95/100|[from] item: Leftovers
|upkeep
|turn|7
|
|switch|p2a: Toxtricity|Toxtricity, F|100/100
|-damage|p2a: Toxtricity|88/100|[from] Stealth Rock
|move|p1a: Umbreon|Wish|p1a: Umbreon
|
|-heal|p1a: Umbreon|71/100|[from] item: Leftovers
|upkeep
|turn|8
|
|move|p2a: Toxtricity|Overdrive|p1a: Umbreon
|-damage|p1a: Umbreon|26/100
|move|p1a: Umbreon|Foul Play|p2a: Toxtricity
|-damage|p2a: Toxtricity|50/100
|
|-heal|p1a: Umbreon|76/100|[from] move: Wish|[wisher] Umbreon
|-heal|p1a: Umbreon|82/100|[from] item: Leftovers
|upkeep
|turn|9
|
|switch|p2a: Hydreigon|Hydreigon, M|92/100
|-damage|p2a: Hydreigon|80/100|[from] Stealth Rock
|move|p1a: Umbreon|Wish|p1a: Umbreon
|
|-heal|p2a: Hydreigon|86/100|[from] item: Leftovers
|-heal|p1a: Umbreon|89/100|[from] item: Leftovers
|upkeep
|turn|10
|
|switch|p2a: Mamoswine|Mamoswine, M|100/100
|-damage|p2a: Mamoswine|88/100|[from] Stealth Rock
|switch|p1a: Cinderace|Cinderace, F|40/100
|-damage|p1a: Cinderace|15/100|[from] Stealth Rock
|
|-heal|p1a: Cinderace|81/100|[from] move: Wish|[wisher] Umbreon
|upkeep
|turn|11
|
|move|p1a: Cinderace|Pyro Ball|p2a: Mamoswine
|-supereffective|p2a: Mamoswine
|-damage|p2a: Mamoswine|0 fnt
|faint|p2a: Mamoswine
|
|upkeep
|
|switch|p2a: Rotom|Rotom-Wash|100/100
|-damage|p2a: Rotom|88/100|[from] Stealth Rock
|turn|12
|
|switch|p1a: Seismitoad|Seismitoad, M|100/100
|-damage|p1a: Seismitoad|94/100|[from] Stealth Rock
|move|p2a: Rotom|Will-O-Wisp|p1a: Seismitoad
|-status|p1a: Seismitoad|brn
|
|-heal|p2a: Rotom|94/100|[from] item: Leftovers
|-damage|p1a: Seismitoad|88/100 brn|[from] brn
|upkeep
|turn|13
|inactive|TestBot777 has 120 seconds left.
|
|switch|p2a: Hydreigon|Hydreigon, M|86/100
|-damage|p2a: Hydreigon|74/100|[from] Stealth Rock
|move|p1a: Seismitoad|Scald|p2a: Hydreigon
|-resisted|p2a: Hydreigon
|-damage|p2a: Hydreigon|60/100
|
|-heal|p2a: Hydreigon|66/100|[from] item: Leftovers
|-damage|p1a: Seismitoad|82/100 brn|[from] brn
|upkeep
|turn|14
|inactive|TestBot777 has 120 seconds left.
|
|switch|p1a: Umbreon|Umbreon, F|89/100
|-damage|p1a: Umbreon|76/100|[from] Stealth Rock
|move|p2a: Hydreigon|Nasty Plot|p2a: Hydreigon
|-boost|p2a: Hydreigon|spa|2
|
|-heal|p2a: Hydreigon|72/100|[from] item: Leftovers
|-heal|p1a: Umbreon|82/100|[from] item: Leftovers
|upkeep
|turn|15
|
|move|p2a: Hydreigon|Flash Cannon|p1a: Umbreon
|-damage|p1a: Umbreon|53/100
|move|p1a: Umbreon|Taunt|p2a: Hydreigon
|-start|p2a: Hydreigon|move: Taunt
|
|-heal|p2a: Hydreigon|78/100|[from] item: Leftovers
|-heal|p1a: Umbreon|59/100|[from] item: Leftovers
|upkeep
|turn|16
|
|move|p2a: Hydreigon|Flash Cannon|p1a: Umbreon
|-damage|p1a: Umbreon|29/100
|move|p1a: Umbreon|Wish|p1a: Umbreon
|
|-heal|p2a: Hydreigon|84/100|[from] item: Leftovers
|-heal|p1a: Umbreon|35/100|[from] item: Leftovers
|upkeep
|turn|17
|inactive|TestBot777 has 120 seconds left.
|
|move|p2a: Hydreigon|Flash Cannon|p1a: Umbreon
|-damage|p1a: Umbreon|8/100
|move|p1a: Umbreon|Foul Play|p2a: Hydreigon
|-resisted|p2a: Hydreigon
|-damage|p2a: Hydreigon|69/100
|
|-heal|p1a: Umbreon|58/100|[from] move: Wish|[wisher] Umbreon
|-heal|p2a: Hydreigon|75/100|[from] item: Leftovers
|-heal|p1a: Umbreon|64/100|[from] item: Leftovers
|upkeep
|turn|18
|inactive|TestBot777 has 120 seconds left.
|
|move|p2a: Hydreigon|Flash Cannon|p1a: Umbreon
|-damage|p1a: Umbreon|36/100
|move|p1a: Umbreon|Wish|p1a: Umbreon
|
|-heal|p2a: Hydreigon|81/100|[from] item: Leftovers
|-heal|p1a: Umbreon|42/100|[from] item: Leftovers
|-end|p2a: Hydreigon|move: Taunt
|upkeep
|turn|19
|inactive|TestBot777 has 120 seconds left.
|
|switch|p1a: Cinderace|Cinderace, F|81/100
|-damage|p1a: Cinderace|56/100|[from] Stealth Rock
|move|p2a: Hydreigon|Nasty Plot|p2a: Hydreigon
|-boost|p2a: Hydreigon|spa|2
|
|-heal|p1a: Cinderace|100/100|[from] move: Wish|[wisher] Umbreon
|-heal|p2a: Hydreigon|88/100|[from] item: Leftovers
|upkeep
|turn|20
|inactive|TestBot777 has 120 seconds left.
|
|switch|p2a: Clefable|Clefable, F|100/100
|move|p1a: Cinderace|U-turn|p2a: Clefable
|-resisted|p2a: Clefable
|-damage|p2a: Clefable|86/100
|
|switch|p1a: Hatterene|Hatterene, F|100/100|[from]move: U-turn
|-damage|p1a: Hatterene|88/100|[from] Stealth Rock
|
|-heal|p2a: Clefable|92/100|[from] item: Leftovers
|upkeep
|turn|21
|inactive|TestBot777 has 120 seconds left.
|
|move|p2a: Clefable|Moonblast|p1a: Hatterene
|-damage|p1a: Hatterene|67/100
|move|p1a: Hatterene|Mystical Fire|p2a: Clefable
|-damage|p2a: Clefable|68/100
|-unboost|p2a: Clefable|spa|1
|
|-heal|p2a: Clefable|74/100|[from] item: Leftovers
|upkeep
|turn|22
|inactive|TestBot777 has 120 seconds left.
|
|move|p2a: Clefable|Moonblast|p1a: Hatterene
|-crit|p1a: Hatterene
|-damage|p1a: Hatterene|35/100
|move|p1a: Hatterene|Future Sight|p2a: Clefable
|-start|p1a: Hatterene|move: Future Sight
|
|-heal|p2a: Clefable|80/100|[from] item: Leftovers
|upkeep
|turn|23
|inactive|TestBot777 has 120 seconds left.
|
|switch|p1a: Cinderace|Cinderace, F|100/100
|-damage|p1a: Cinderace|76/100|[from] Stealth Rock
|move|p2a: Clefable|Moonblast|p1a: Cinderace
|-resisted|p1a: Cinderace
|-damage|p1a: Cinderace|60/100
|-unboost|p1a: Cinderace|spa|1
|
|-heal|p2a: Clefable|86/100|[from] item: Leftovers
|upkeep
|turn|24
|inactive|TestBot777 has 120 seconds left.
|
|switch|p2a: Hydreigon|Hydreigon, M|88/100
|-damage|p2a: Hydreigon|75/100|[from] Stealth Rock
|move|p1a: Cinderace|Pyro Ball|p2a: Hydreigon
|-resisted|p2a: Hydreigon
|-damage|p2a: Hydreigon|29/100
|
|-end|p2a: Hydreigon|move: Future Sight
|-immune|p2a: Hydreigon
|-heal|p2a: Hydreigon|35/100|[from] item: Leftovers
|upkeep
|turn|25
|inactive|TestBot777 has 120 seconds left.
|
|switch|p2a: Rotom|Rotom-Wash|94/100
|-damage|p2a: Rotom|82/100|[from] Stealth Rock
|move|p1a: Cinderace|Pyro Ball|p2a: Rotom
|-resisted|p2a: Rotom
|-damage|p2a: Rotom|50/100
|
|-heal|p2a: Rotom|56/100|[from] item: Leftovers
|upkeep
|turn|26
|inactive|TestBot777 has 120 seconds left.
|
|switch|p1a: Seismitoad|Seismitoad, M|82/100 brn
|-damage|p1a: Seismitoad|76/100 brn|[from] Stealth Rock
|switch|p2a: Hydreigon|Hydreigon, M|35/100
|-damage|p2a: Hydreigon|23/100|[from] Stealth Rock
|
|-heal|p2a: Hydreigon|29/100|[from] item: Leftovers
|-damage|p1a: Seismitoad|70/100 brn|[from] brn
|upkeep
|turn|27
|inactive|TestBot777 has 120 seconds left.
|
|move|p2a: Hydreigon|Nasty Plot|p2a: Hydreigon
|-boost|p2a: Hydreigon|spa|2
|move|p1a: Seismitoad|Toxic|p2a: Hydreigon
|-status|p2a: Hydreigon|tox
|
|-heal|p2a: Hydreigon|35/100 tox|[from] item: Leftovers
|-damage|p2a: Hydreigon|29/100 tox|[from] psn
|-damage|p1a: Seismitoad|64/100 brn|[from] brn
|upkeep
|turn|28
|
|switch|p1a: Umbreon|Umbreon, F|42/100
|-damage|p1a: Umbreon|30/100|[from] Stealth Rock
|move|p2a: Hydreigon|Dark Pulse|p1a: Umbreon
|-resisted|p1a: Umbreon
|-damage|p1a: Umbreon|8/100
|
|-heal|p2a: Hydreigon|35/100 tox|[from] item: Leftovers
|-heal|p1a: Umbreon|14/100|[from] item: Leftovers
|-damage|p2a: Hydreigon|23/100 tox|[from] psn
|upkeep
|turn|29
|
|switch|p2a: Clefable|Clefable, F|86/100
|move|p1a: Umbreon|Protect||[still]
|-fail|p1a: Umbreon
|
|-heal|p1a: Umbreon|20/100|[from] item: Leftovers
|-heal|p2a: Clefable|92/100|[from] item: Leftovers
|upkeep
|turn|30
|
|move|p1a: Umbreon|Wish|p1a: Umbreon
|move|p2a: Clefable|Moonblast|p1a: Umbreon
|-supereffective|p1a: Umbreon
|-damage|p1a: Umbreon|0 fnt
|faint|p1a: Umbreon
|
|-heal|p2a: Clefable|98/100|[from] item: Leftovers
|upkeep
|
|switch|p1a: Hatterene|Hatterene, F|35/100
|-damage|p1a: Hatterene|23/100|[from] Stealth Rock
|turn|31
|
|move|p2a: Clefable|Moonblast|p1a: Hatterene
|-damage|p1a: Hatterene|2/100
|move|p1a: Hatterene|Mystical Fire|p2a: Clefable
|-damage|p2a: Clefable|72/100
|-unboost|p2a: Clefable|spa|1
|
|-heal|p1a: Hatterene|64/100|[from] move: Wish|[wisher] Umbreon
|-heal|p2a: Clefable|78/100|[from] item: Leftovers
|upkeep
|turn|32
|
|switch|p2a: Aegislash|Aegislash, M|95/100
|-damage|p2a: Aegislash|88/100|[from] Stealth Rock
|move|p1a: Hatterene|Future Sight|p2a: Aegislash
|-start|p1a: Hatterene|move: Future Sight
|
|-heal|p2a: Aegislash|95/100|[from] item: Leftovers
|upkeep
|turn|33
|inactive|TestBot777 has 90 seconds left.
|
|-start|p1a: Hatterene|Dynamax
|-formechange|p1a: Hatterene|Hatterene-Gmax|
|-heal|p1a: Hatterene|64/100|[silent]
|-formechange|p2a: Aegislash|Aegislash-Blade||[from] ability: Stance Change
|move|p2a: Aegislash|Shadow Ball|p1a: Hatterene
|-supereffective|p1a: Hatterene
|-damage|p1a: Hatterene|35/100
|move|p1a: Hatterene|Max Flare|p2a: Aegislash
|-supereffective|p2a: Aegislash
|-damage|p2a: Aegislash|0 fnt
|-weather|SunnyDay
|faint|p2a: Aegislash
|
|-weather|SunnyDay|[upkeep]
|upkeep
|
|switch|p2a: Toxtricity|Toxtricity, F|50/100
|-damage|p2a: Toxtricity|37/100|[from] Stealth Rock
|turn|34
|inactive|TestBot777 has 90 seconds left.
|
|-end|p1a: Hatterene|Dynamax
|-formechange|p1a: Hatterene|Hatterene|
|-heal|p1a: Hatterene|35/100|[silent]
|switch|p1a: Dragapult|Dragapult, M|100/100
|-damage|p1a: Dragapult|88/100|[from] Stealth Rock
|move|p2a: Toxtricity|Sludge Wave|p1a: Dragapult
|-resisted|p1a: Dragapult
|-damage|p1a: Dragapult|39/100
|
|-weather|SunnyDay|[upkeep]
|-end|p2a: Toxtricity|move: Future Sight
|-supereffective|p2a: Toxtricity
|-damage|p2a: Toxtricity|0 fnt
|upkeep
|faint|p2a: Toxtricity
|
|switch|p2a: Clefable|Clefable, F|78/100
|turn|35
|
|move|p1a: Dragapult|Shadow Ball|p2a: Clefable
|-damage|p2a: Clefable|47/100
|move|p2a: Clefable|Flamethrower|p1a: Dragapult
|-resisted|p1a: Dragapult
|-damage|p1a: Dragapult|19/100
|
|-weather|SunnyDay|[upkeep]
|-heal|p2a: Clefable|53/100|[from] item: Leftovers
|upkeep
|turn|36
|j| fufu account
|
|switch|p1a: Cinderace|Cinderace, F|60/100
|-damage|p1a: Cinderace|35/100|[from] Stealth Rock
|move|p2a: Clefable|Moonlight|p2a: Clefable
|-heal|p2a: Clefable|100/100
|
|-weather|SunnyDay|[upkeep]
|upkeep
|turn|37
|
|-start|p2a: Clefable|Dynamax
|-heal|p2a: Clefable|100/100|[silent]
|move|p2a: Clefable|Max Guard|p2a: Clefable
|-singleturn|p2a: Clefable|Max Guard
|move|p1a: Cinderace|Pyro Ball|p2a: Clefable
|-activate|p2a: Clefable|move: Max Guard
|
|-weather|none
|upkeep
|turn|38
|
|move|p1a: Cinderace|Pyro Ball|p2a: Clefable
|-damage|p2a: Clefable|65/100
|-status|p2a: Clefable|brn
|move|p2a: Clefable|Max Lightning|p1a: Cinderace
|-crit|p1a: Cinderace
|-damage|p1a: Cinderace|0 fnt
|-fieldstart|move: Electric Terrain
|faint|p1a: Cinderace
|
|-heal|p2a: Clefable|68/100 brn|[from] item: Leftovers
|upkeep
|inactive|TestBot777 has 60 seconds left.
|
|switch|p1a: Dragapult|Dragapult, M|19/100
|-damage|p1a: Dragapult|6/100|[from] Stealth Rock
|turn|39
|
|move|p1a: Dragapult|Shadow Ball|p2a: Clefable
|-damage|p2a: Clefable|53/100 brn
|move|p2a: Clefable|Max Starfall|p1a: Dragapult
|-supereffective|p1a: Dragapult
|-damage|p1a: Dragapult|0 fnt
|-fieldstart|move: Misty Terrain
|faint|p1a: Dragapult
|
|-heal|p2a: Clefable|56/100 brn|[from] item: Leftovers
|-end|p2a: Clefable|Dynamax
|-heal|p2a: Clefable|56/100 brn|[silent]
|upkeep
|inactive|TestBot777 has 60 seconds left.
|
|switch|p1a: Hatterene|Hatterene, F|35/100
|-damage|p1a: Hatterene|23/100|[from] Stealth Rock
|turn|40
|inactive|TestBot777 has 60 seconds left.
|
|move|p2a: Clefable|Moonblast|p1a: Hatterene
|-damage|p1a: Hatterene|1/100
|-unboost|p1a: Hatterene|spa|1
|move|p1a: Hatterene|Dazzling Gleam|p2a: Clefable
|-damage|p2a: Clefable|31/100 brn
|
|-heal|p2a: Clefable|38/100 brn|[from] item: Leftovers
|upkeep
|turn|41
|inactive|TestBot777 has 60 seconds left.
|
|move|p2a: Clefable|Moonlight|p2a: Clefable
|-heal|p2a: Clefable|88/100 brn
|move|p1a: Hatterene|Mystical Fire|p2a: Clefable
|-damage|p2a: Clefable|71/100 brn
|-unboost|p2a: Clefable|spa|1
|
|-heal|p2a: Clefable|77/100 brn|[from] item: Leftovers
|upkeep
|turn|42
|inactive|TestBot777 has 60 seconds left.
|
|switch|p1a: Corviknight|Corviknight, F|100/100
|-damage|p1a: Corviknight|88/100|[from] Stealth Rock
|-ability|p1a: Corviknight|Pressure
|move|p2a: Clefable|Moonblast|p1a: Corviknight
|-resisted|p1a: Corviknight
|-damage|p1a: Corviknight|80/100
|
|-heal|p2a: Clefable|83/100 brn|[from] item: Leftovers
|upkeep
|turn|43
|inactive|TestBot777 has 60 seconds left.
|
|switch|p2a: Rotom|Rotom-Wash|56/100
|-damage|p2a: Rotom|44/100|[from] Stealth Rock
|move|p1a: Corviknight|Bulk Up|p1a: Corviknight
|-boost|p1a: Corviknight|atk|1
|-boost|p1a: Corviknight|def|1
|
|-heal|p2a: Rotom|50/100|[from] item: Leftovers
|-fieldend|Misty Terrain
|upkeep
|turn|44
|inactive|TestBot777 has 60 seconds left.
|
|move|p2a: Rotom|Will-O-Wisp|p1a: Corviknight
|-status|p1a: Corviknight|brn
|move|p1a: Corviknight|Taunt|p2a: Rotom
|-start|p2a: Rotom|move: Taunt
|
|-heal|p2a: Rotom|56/100|[from] item: Leftovers
|-damage|p1a: Corviknight|74/100 brn|[from] brn
|upkeep
|turn|45
|
|move|p2a: Rotom|Hydro Pump|p1a: Corviknight|[miss]
|-miss|p2a: Rotom|p1a: Corviknight
|move|p1a: Corviknight|Bulk Up|p1a: Corviknight
|-boost|p1a: Corviknight|atk|1
|-boost|p1a: Corviknight|def|1
|
|-heal|p2a: Rotom|63/100|[from] item: Leftovers
|-damage|p1a: Corviknight|68/100 brn|[from] brn
|upkeep
|turn|46
|
|move|p2a: Rotom|Hydro Pump|p1a: Corviknight
|-damage|p1a: Corviknight|41/100 brn
|move|p1a: Corviknight|Roost|p1a: Corviknight
|-heal|p1a: Corviknight|91/100 brn
|-singleturn|p1a: Corviknight|move: Roost
|
|-heal|p2a: Rotom|69/100|[from] item: Leftovers
|-damage|p1a: Corviknight|85/100 brn|[from] brn
|upkeep
|turn|47
|
|move|p2a: Rotom|Volt Switch|p1a: Corviknight
|-supereffective|p1a: Corviknight
|-damage|p1a: Corviknight|47/100 brn
|
|switch|p2a: Clefable|Clefable, F|83/100 brn|[from]move: Volt Switch
|move|p1a: Corviknight|Bulk Up|p1a: Corviknight
|-boost|p1a: Corviknight|atk|1
|-boost|p1a: Corviknight|def|1
|
|-heal|p2a: Clefable|89/100 brn|[from] item: Leftovers
|-damage|p1a: Corviknight|41/100 brn|[from] brn
|upkeep
|turn|48
|inactive|TestBot777 has 60 seconds left.
|
|move|p1a: Corviknight|Roost|p1a: Corviknight
|-heal|p1a: Corviknight|91/100 brn
|-singleturn|p1a: Corviknight|move: Roost
|move|p2a: Clefable|Flamethrower|p1a: Corviknight
|-supereffective|p1a: Corviknight
|-damage|p1a: Corviknight|60/100 brn
|
|-heal|p2a: Clefable|95/100 brn|[from] item: Leftovers
|-damage|p1a: Corviknight|54/100 brn|[from] brn
|upkeep
|turn|49
|inactive|TestBot777 has 60 seconds left.
|
|move|p1a: Corviknight|Bulk Up|p1a: Corviknight
|-boost|p1a: Corviknight|atk|1
|-boost|p1a: Corviknight|def|1
|move|p2a: Clefable|Flamethrower|p1a: Corviknight
|-supereffective|p1a: Corviknight
|-damage|p1a: Corviknight|23/100 brn
|
|-heal|p2a: Clefable|100/100 brn|[from] item: Leftovers
|-damage|p1a: Corviknight|17/100 brn|[from] brn
|upkeep
|turn|50
|inactive|TestBot777 has 60 seconds left.
|
|move|p1a: Corviknight|Roost|p1a: Corviknight
|-heal|p1a: Corviknight|67/100 brn
|-singleturn|p1a: Corviknight|move: Roost
|move|p2a: Clefable|Flamethrower|p1a: Corviknight
|-supereffective|p1a: Corviknight
|-damage|p1a: Corviknight|36/100 brn
|
|-damage|p1a: Corviknight|30/100 brn|[from] brn
|upkeep
|turn|51
|inactive|TestBot777 has 60 seconds left.
|
|move|p1a: Corviknight|Roost|p1a: Corviknight
|-heal|p1a: Corviknight|80/100 brn
|-singleturn|p1a: Corviknight|move: Roost
|move|p2a: Clefable|Flamethrower|p1a: Corviknight
|-supereffective|p1a: Corviknight
|-damage|p1a: Corviknight|53/100 brn
|
|-damage|p1a: Corviknight|47/100 brn|[from] brn
|upkeep
|turn|52
|
|move|p1a: Corviknight|Roost|p1a: Corviknight
|-heal|p1a: Corviknight|97/100 brn
|-singleturn|p1a: Corviknight|move: Roost
|move|p2a: Clefable|Flamethrower|p1a: Corviknight
|-supereffective|p1a: Corviknight
|-damage|p1a: Corviknight|69/100 brn
|
|-damage|p1a: Corviknight|63/100 brn|[from] brn
|upkeep
|turn|53
|
|move|p1a: Corviknight|Roost|p1a: Corviknight
|-heal|p1a: Corviknight|100/100 brn
|-singleturn|p1a: Corviknight|move: Roost
|move|p2a: Clefable|Thunderbolt|p1a: Corviknight
|-damage|p1a: Corviknight|87/100 brn
|
|-damage|p1a: Corviknight|81/100 brn|[from] brn
|upkeep
|turn|54
|
|move|p1a: Corviknight|Bulk Up|p1a: Corviknight
|-boost|p1a: Corviknight|atk|1
|-boost|p1a: Corviknight|def|1
|move|p2a: Clefable|Thunderbolt|p1a: Corviknight
|-supereffective|p1a: Corviknight
|-damage|p1a: Corviknight|49/100 brn
|
|-damage|p1a: Corviknight|43/100 brn|[from] brn
|upkeep
|turn|55
|j| hhrrs
|
|move|p1a: Corviknight|Roost|p1a: Corviknight
|-heal|p1a: Corviknight|93/100 brn
|-singleturn|p1a: Corviknight|move: Roost
|move|p2a: Clefable|Flamethrower|p1a: Corviknight
|-supereffective|p1a: Corviknight
|-damage|p1a: Corviknight|64/100 brn
|
|-damage|p1a: Corviknight|58/100 brn|[from] brn
|upkeep
|turn|56
|l| hhrrs
|
|move|p1a: Corviknight|Roost|p1a: Corviknight
|-heal|p1a: Corviknight|100/100 brn
|-singleturn|p1a: Corviknight|move: Roost
|move|p2a: Clefable|Flamethrower|p1a: Corviknight
|-supereffective|p1a: Corviknight
|-damage|p1a: Corviknight|68/100 brn
|
|-damage|p1a: Corviknight|62/100 brn|[from] brn
|upkeep
|turn|57
|
|move|p1a: Corviknight|Bulk Up|p1a: Corviknight
|-boost|p1a: Corviknight|atk|1
|-boost|p1a: Corviknight|def|1
|move|p2a: Clefable|Flamethrower|p1a: Corviknight
|-supereffective|p1a: Corviknight
|-damage|p1a: Corviknight|33/100 brn
|
|-damage|p1a: Corviknight|27/100 brn|[from] brn
|upkeep
|turn|58
|
|move|p1a: Corviknight|Roost|p1a: Corviknight
|-heal|p1a: Corviknight|77/100 brn
|-singleturn|p1a: Corviknight|move: Roost
|move|p2a: Clefable|Flamethrower|p1a: Corviknight
|-supereffective|p1a: Corviknight
|-damage|p1a: Corviknight|49/100 brn
|
|-damage|p1a: Corviknight|43/100 brn|[from] brn
|upkeep
|turn|59
|
|move|p1a: Corviknight|Roost|p1a: Corviknight
|-heal|p1a: Corviknight|93/100 brn
|-singleturn|p1a: Corviknight|move: Roost
|move|p2a: Clefable|Thunderbolt|p1a: Corviknight
|-damage|p1a: Corviknight|79/100 brn
|
|-damage|p1a: Corviknight|73/100 brn|[from] brn
|upkeep
|turn|60
|j| Chifusca
|
|move|p1a: Corviknight|Roost|p1a: Corviknight
|-heal|p1a: Corviknight|100/100 brn
|-singleturn|p1a: Corviknight|move: Roost
|move|p2a: Clefable|Flamethrower|p1a: Corviknight
|-supereffective|p1a: Corviknight
|-damage|p1a: Corviknight|69/100 brn
|
|-damage|p1a: Corviknight|63/100 brn|[from] brn
|upkeep
|turn|61
|j| uedhuihen
|
|move|p1a: Corviknight|Roost|p1a: Corviknight
|-heal|p1a: Corviknight|100/100 brn
|-singleturn|p1a: Corviknight|move: Roost
|move|p2a: Clefable|Thunderbolt|p1a: Corviknight
|-damage|p1a: Corviknight|86/100 brn
|
|-damage|p1a: Corviknight|80/100 brn|[from] brn
|upkeep
|turn|62
|l| uedhuihen
|
|move|p1a: Corviknight|Brave Bird|p2a: Clefable
|-damage|p2a: Clefable|40/100 brn
|-damage|p1a: Corviknight|60/100 brn|[from] Recoil
|move|p2a: Clefable|Thunderbolt|p1a: Corviknight
|-supereffective|p1a: Corviknight
|-damage|p1a: Corviknight|31/100 brn
|
|-heal|p2a: Clefable|46/100 brn|[from] item: Leftovers
|-damage|p1a: Corviknight|25/100 brn|[from] brn
|upkeep
|turn|63
|inactive|TestBot777 has 90 seconds left.
|
|move|p1a: Corviknight|Brave Bird|p2a: Clefable
|-damage|p2a: Clefable|0 fnt
|-damage|p1a: Corviknight|10/100 brn|[from] Recoil
|faint|p2a: Clefable
|
|-damage|p1a: Corviknight|4/100 brn|[from] brn
|upkeep
|
|switch|p2a: Hydreigon|Hydreigon, M|23/100 tox
|-damage|p2a: Hydreigon|11/100 tox|[from] Stealth Rock
|turn|64
|
|move|p2a: Hydreigon|Dark Pulse|p1a: Corviknight
|-damage|p1a: Corviknight|0 fnt
|faint|p1a: Corviknight
|
|-heal|p2a: Hydreigon|17/100 tox|[from] item: Leftovers
|-damage|p2a: Hydreigon|11/100 tox|[from] psn
|upkeep
|
|switch|p1a: Hatterene|Hatterene, F|1/100
|-damage|p1a: Hatterene|0 fnt|[from] Stealth Rock
|faint|p1a: Hatterene
|
|switch|p1a: Seismitoad|Seismitoad, M|64/100 brn
|-damage|p1a: Seismitoad|58/100 brn|[from] Stealth Rock
|turn|65
|
|move|p2a: Hydreigon|Dark Pulse|p1a: Seismitoad
|-damage|p1a: Seismitoad|17/100 brn
|-enditem|p1a: Seismitoad|Sitrus Berry|[eat]
|-heal|p1a: Seismitoad|42/100 brn|[from] item: Sitrus Berry
|move|p1a: Seismitoad|Scald|p2a: Hydreigon
|-resisted|p2a: Hydreigon
|-damage|p2a: Hydreigon|0 fnt
|faint|p2a: Hydreigon
|
|-damage|p1a: Seismitoad|36/100 brn|[from] brn
|upkeep
|
|switch|p2a: Rotom|Rotom-Wash|69/100
|-damage|p2a: Rotom|56/100|[from] Stealth Rock
|turn|66
|
|move|p2a: Rotom|Volt Switch|p1a: Seismitoad
|-immune|p1a: Seismitoad
|move|p1a: Seismitoad|Toxic|p2a: Rotom
|-status|p2a: Rotom|tox
|
|-heal|p2a: Rotom|63/100 tox|[from] item: Leftovers
|-damage|p2a: Rotom|56/100 tox|[from] psn
|-damage|p1a: Seismitoad|29/100 brn|[from] brn
|upkeep
|turn|67
|
|move|p2a: Rotom|Volt Switch|p1a: Seismitoad
|-immune|p1a: Seismitoad
|move|p1a: Seismitoad|Scald|p2a: Rotom
|-resisted|p2a: Rotom
|-damage|p2a: Rotom|43/100 tox
|
|-heal|p2a: Rotom|50/100 tox|[from] item: Leftovers
|-damage|p2a: Rotom|37/100 tox|[from] psn
|-damage|p1a: Seismitoad|23/100 brn|[from] brn
|upkeep
|turn|68
|
|move|p2a: Rotom|Volt Switch|p1a: Seismitoad
|-immune|p1a: Seismitoad
|move|p1a: Seismitoad|Scald|p2a: Rotom
|-resisted|p2a: Rotom
|-damage|p2a: Rotom|25/100 tox
|
|-heal|p2a: Rotom|31/100 tox|[from] item: Leftovers
|-damage|p2a: Rotom|13/100 tox|[from] psn
|-damage|p1a: Seismitoad|17/100 brn|[from] brn
|upkeep
|turn|69
|
|move|p2a: Rotom|Volt Switch|p1a: Seismitoad
|-immune|p1a: Seismitoad
|move|p1a: Seismitoad|Scald|p2a: Rotom
|-resisted|p2a: Rotom
|-damage|p2a: Rotom|0 fnt
|faint|p2a: Rotom
|
|win|TestBot777
|l|☆Lunar Neo
||Ladder (probably) updated, but score could not be retrieved (Response not received).
|error|Unexpected response null from ladder server.
|l| Chifusca
