|j|☆TestTubetrial
|j|☆Rheinmetal
|player|p1|TestTubetrial|1|1472
|player|p2|Rheinmetal|cynthia|1442
|teamsize|p1|6
|teamsize|p2|6
|gametype|singles
|gen|8
|tier|[Gen 8] OU
|rated|
|html|<div class="broadcast-red"><strong>OU is currently suspecting Arena Trap! For information on how to participate check out the <a href="https://www.smogon.com/forums/threads/3661134/">suspect thread</a>.</strong></div>
|clearpoke
|poke|p1|Toxtricity, F|
|poke|p1|Bisharp, M|
|poke|p1|Pincurchin, F|
|poke|p1|Hawlucha, M|
|poke|p1|Gastrodon, F|
|poke|p1|Zeraora|
|poke|p2|Crawdaunt, M|
|poke|p2|Clefable, M|
|poke|p2|Rotom-Heat|
|poke|p2|Seismitoad, F|
|poke|p2|Dragapult, F|
|poke|p2|Ferrothorn, M|
|rule|Sleep Clause Mod: Limit one foe put to sleep
|rule|Species Clause: Limit one of each Pokémon
|rule|OHKO Clause: OHKO moves are banned
|rule|Evasion Moves Clause: Evasion moves are banned
|rule|Endless Battle Clause: Forcing endless battles is banned
|rule|HP Percentage Mod: HP is shown in percentages
|rule|Dynamax Clause: You cannot dynamax
|teampreview
|inactive|Battle timer is ON: inactive players will automatically lose when time's up. (requested by TestTubetrial)
|
|start
|switch|p1a: Gastrodon|Gastrodon, F|100/100
|switch|p2a: Seismitoad|Seismitoad, F|100/100
|turn|1
|
|move|p2a: Seismitoad|Toxic|p1a: Gastrodon
|-status|p1a: Gastrodon|tox
|move|p1a: Gastrodon|Earth Power|p2a: Seismitoad
|-damage|p2a: Seismitoad|38/100
|
|-heal|p2a: Seismitoad|44/100|[from] item: Leftovers
|-damage|p1a: Gastrodon|94/100 tox|[from] psn
|upkeep
|turn|2
|
|switch|p2a: Clefable|Clefable, M|100/100
|switch|p1a: Hawlucha|Hawlucha, M|100/100
|
|upkeep
|turn|3
|
|switch|p1a: Gastrodon|Gastrodon, F|94/100 tox
|move|p2a: Clefable|Moonblast|p1a: Gastrodon
|-damage|p1a: Gastrodon|64/100 tox
|-unboost|p1a: Gastrodon|spa|1
|
|-damage|p1a: Gastrodon|58/100 tox|[from] psn
|upkeep
|turn|4
|
|move|p2a: Clefable|Wish|p2a: Clefable
|move|p1a: Gastrodon|Sludge Wave|p2a: Clefable
|-supereffective|p2a: Clefable
|-damage|p2a: Clefable|65/100
|
|-heal|p2a: Clefable|71/100|[from] item: Leftovers
|-damage|p1a: Gastrodon|46/100 tox|[from] psn
|upkeep
|turn|5
|
|move|p2a: Clefable|Moonblast|p1a: Gastrodon
|-damage|p1a: Gastrodon|14/100 tox
|move|p1a: Gastrodon|Sludge Wave|p2a: Clefable
|-supereffective|p2a: Clefable
|-crit|p2a: Clefable
|-damage|p2a: Clefable|0 fnt
|faint|p2a: Clefable
|
|-damage|p1a: Gastrodon|0 fnt|[from] psn
|faint|p1a: Gastrodon
|upkeep
|
|switch|p2a: Rotom|Rotom-Heat|100/100
|switch|p1a: Pincurchin|Pincurchin, F|100/100
|-fieldstart|move: Electric Terrain|[from] ability: Electric Surge|[of] p1a: Pincurchin
|turn|6
|
|move|p2a: Rotom|Nasty Plot|p2a: Rotom
|-boost|p2a: Rotom|spa|2
|move|p1a: Pincurchin|Memento|p2a: Rotom
|-unboost|p2a: Rotom|atk|2
|-unboost|p2a: Rotom|spa|2
|faint|p1a: Pincurchin
|
|upkeep
|
|switch|p1a: Toxtricity|Toxtricity, F|100/100
|turn|7
|
|move|p2a: Rotom|Volt Switch|p1a: Toxtricity
|-resisted|p1a: Toxtricity
|-damage|p1a: Toxtricity|84/100
|
|switch|p2a: Ferrothorn|Ferrothorn, M|100/100|[from]move: Volt Switch
|move|p1a: Toxtricity|Shift Gear|p1a: Toxtricity
|-boost|p1a: Toxtricity|spe|2
|-boost|p1a: Toxtricity|atk|1
|
|upkeep
|turn|8
|
|move|p1a: Toxtricity|Overdrive|p2a: Ferrothorn
|-resisted|p2a: Ferrothorn
|-damage|p2a: Ferrothorn|72/100
|-enditem|p1a: Toxtricity|Throat Spray
|-boost|p1a: Toxtricity|spa|1|[from] item: Throat Spray
|move|p2a: Ferrothorn|Knock Off|p1a: Toxtricity
|-damage|p1a: Toxtricity|65/100
|
|-heal|p2a: Ferrothorn|78/100|[from] item: Leftovers
|upkeep
|turn|9
|
|move|p1a: Toxtricity|Boomburst|p2a: Ferrothorn
|-resisted|p2a: Ferrothorn
|-damage|p2a: Ferrothorn|37/100
|move|p2a: Ferrothorn|Leech Seed|p1a: Toxtricity|[miss]
|-miss|p2a: Ferrothorn|p1a: Toxtricity
|
|-heal|p2a: Ferrothorn|44/100|[from] item: Leftovers
|upkeep
|turn|10
|
|switch|p2a: Dragapult|Dragapult, F|100/100
|move|p1a: Toxtricity|Boomburst|p2a: Dragapult
|-immune|p2a: Dragapult
|
|upkeep
|turn|11
|
|move|p2a: Dragapult|Draco Meteor|p1a: Toxtricity
|-damage|p1a: Toxtricity|0 fnt
|-unboost|p2a: Dragapult|spa|2
|faint|p1a: Toxtricity
|
|upkeep
|
|switch|p1a: Hawlucha|Hawlucha, M|100/100
|-enditem|p1a: Hawlucha|Electric Seed
|-boost|p1a: Hawlucha|def|1|[from] item: Electric Seed
|turn|12
|
|switch|p2a: Rotom|Rotom-Heat|100/100
|move|p1a: Hawlucha|Swords Dance|p1a: Hawlucha
|-boost|p1a: Hawlucha|atk|2
|
|upkeep
|turn|13
|
|move|p1a: Hawlucha|High Jump Kick|p2a: Rotom
|-crit|p2a: Rotom
|-damage|p2a: Rotom|0 fnt
|faint|p2a: Rotom
|
|-fieldend|move: Electric Terrain
|upkeep
|c|☆Rheinmetal|wow
|c|☆Rheinmetal|crits whenever you need em i guess
|inactive|Rheinmetal has 120 seconds left.
|
|switch|p2a: Seismitoad|Seismitoad, F|44/100
|turn|14
|
|move|p1a: Hawlucha|Acrobatics|p2a: Seismitoad
|-damage|p2a: Seismitoad|0 fnt
|faint|p2a: Seismitoad
|
|upkeep
|
|switch|p2a: Ferrothorn|Ferrothorn, M|44/100
|turn|15
|
|move|p1a: Hawlucha|Acrobatics|p2a: Ferrothorn
|-damage|p2a: Ferrothorn|0 fnt
|-damage|p1a: Hawlucha|88/100|[from] ability: Iron Barbs|[of] p2a: Ferrothorn
|faint|p2a: Ferrothorn
|
|upkeep
|
|switch|p2a: Dragapult|Dragapult, F|100/100
|turn|16
|
|move|p1a: Hawlucha|Acrobatics|p2a: Dragapult
|-damage|p2a: Dragapult|0 fnt
|faint|p2a: Dragapult
|
|upkeep
|
|switch|p2a: Crawdaunt|Crawdaunt, M|100/100
|turn|17
|
|move|p2a: Crawdaunt|Aqua Jet|p1a: Hawlucha
|-damage|p1a: Hawlucha|44/100
|move|p1a: Hawlucha|Acrobatics|p2a: Crawdaunt
|-damage|p2a: Crawdaunt|0 fnt
|faint|p2a: Crawdaunt
|
|win|TestTubetrial
|l|☆Rheinmetal
|raw|TestTubetrial's rating: 1472 &rarr; <strong>1489</strong><br />(+17 for winning)
|raw|Rheinmetal's rating: 1423 &rarr; <strong>1405</strong><br />(-18 for losing)
