|j|☆minimax_ai
|j|☆64j3t3hrt3h
|t:|1662302991
|gametype|singles
|player|p1|minimax_ai|lusamine-nihilego|1521
|player|p2|64j3t3hrt3h|1|1614
|teamsize|p1|6
|teamsize|p2|6
|gen|8
|tier|[Gen 8] OU
|rated|
|rule|Sleep Clause Mod: Limit one foe put to sleep
|rule|Species Clause: Limit one of each Pokémon
|rule|OHKO Clause: OHKO moves are banned
|rule|Evasion Items Clause: Evasion items are banned
|rule|Evasion Moves Clause: Evasion moves are banned
|rule|Endless Battle Clause: Forcing endless battles is banned
|rule|HP Percentage Mod: HP is shown in percentages
|rule|Dynamax Clause: You cannot dynamax
|clearpoke
|poke|p1|Rotom-Wash|
|poke|p1|Weavile, F|
|poke|p1|Landorus-Therian, M|
|poke|p1|Heatran, M|
|poke|p1|Tangrowth, M|
|poke|p1|Melmetal|
|poke|p2|Buzzwole|
|poke|p2|Landorus-Therian, M|
|poke|p2|Magnezone|
|poke|p2|Tyranitar, F|
|poke|p2|Tapu Lele|
|poke|p2|Toxapex, M|
|teampreview
|c|☆minimax_ai|hf
|inactive|Battle timer is ON: inactive players will automatically lose when time's up. (requested by minimax_ai)
|
|t:|1662302998
|start
|switch|p1a: Melmetal|Melmetal|100/100
|switch|p2a: Tapu Lele|Tapu Lele, shiny|100/100
|-fieldstart|move: Psychic Terrain|[from] ability: Psychic Surge|[of] p2a: Tapu Lele
|turn|1
|
|t:|1662303000
|switch|p2a: Magnezone|Magnezone|100/100
|move|p1a: Melmetal|Ice Punch|p2a: Magnezone
|-resisted|p2a: Magnezone
|-damage|p2a: Magnezone|89/100
|
|-heal|p2a: Magnezone|95/100|[from] item: Leftovers
|upkeep
|turn|2
|
|t:|1662303005
|move|p2a: Magnezone|Iron Defense|p2a: Magnezone
|-boost|p2a: Magnezone|def|2
|move|p1a: Melmetal|Earthquake|p2a: Magnezone
|-supereffective|p2a: Magnezone
|-damage|p2a: Magnezone|45/100
|
|-heal|p2a: Magnezone|52/100|[from] item: Leftovers
|upkeep
|turn|3
|
|t:|1662303009
|move|p2a: Magnezone|Magnet Rise|p2a: Magnezone
|-start|p2a: Magnezone|Magnet Rise
|move|p1a: Melmetal|Earthquake|p2a: Magnezone
|-immune|p2a: Magnezone
|
|-heal|p2a: Magnezone|58/100|[from] item: Leftovers
|upkeep
|turn|4
|
|t:|1662303012
|move|p2a: Magnezone|Iron Defense|p2a: Magnezone
|-boost|p2a: Magnezone|def|2
|move|p1a: Melmetal|Ice Punch|p2a: Magnezone
|-resisted|p2a: Magnezone
|-damage|p2a: Magnezone|54/100
|
|-heal|p2a: Magnezone|60/100|[from] item: Leftovers
|upkeep
|turn|5
|
|t:|1662303015
|move|p2a: Magnezone|Iron Defense|p2a: Magnezone
|-boost|p2a: Magnezone|def|2
|move|p1a: Melmetal|Ice Punch|p2a: Magnezone
|-resisted|p2a: Magnezone
|-damage|p2a: Magnezone|57/100
|
|-heal|p2a: Magnezone|63/100|[from] item: Leftovers
|-fieldend|move: Psychic Terrain
|upkeep
|turn|6
|
|t:|1662303016
|move|p2a: Magnezone|Body Press|p1a: Melmetal
|-supereffective|p1a: Melmetal
|-damage|p1a: Melmetal|0 fnt
|faint|p1a: Melmetal
|
|-heal|p2a: Magnezone|69/100|[from] item: Leftovers
|upkeep
|
|t:|1662303016
|switch|p1a: Heatran|Heatran, M|100/100
|-item|p1a: Heatran|Air Balloon
|turn|7
|
|t:|1662303024
|switch|p2a: Landorus|Landorus-Therian, M|100/100
|-ability|p2a: Landorus|Intimidate|boost
|-unboost|p1a: Heatran|atk|1
|move|p1a: Heatran|Magma Storm|p2a: Landorus
|-damage|p2a: Landorus|61/100
|-activate|p2a: Landorus|move: Magma Storm|[of] p1a: Heatran
|
|-heal|p2a: Landorus|67/100|[from] item: Leftovers
|-damage|p2a: Landorus|55/100|[from] move: Magma Storm|[partiallytrapped]
|upkeep
|turn|8
|
|t:|1662303032
|move|p1a: Heatran|Magma Storm|p2a: Landorus
|-damage|p2a: Landorus|15/100
|move|p2a: Landorus|U-turn|p1a: Heatran
|-resisted|p1a: Heatran
|-damage|p1a: Heatran|95/100
|-enditem|p1a: Heatran|Air Balloon
|
|t:|1662303035
|switch|p2a: Buzzwole|Buzzwole|100/100|[from]move: U-turn
|
|upkeep
|turn|9
|
|t:|1662303040
|switch|p1a: Tangrowth|Tangrowth, M|100/100
|move|p2a: Buzzwole|Close Combat|p1a: Tangrowth
|-damage|p1a: Tangrowth|68/100
|-unboost|p2a: Buzzwole|def|1
|-unboost|p2a: Buzzwole|spd|1
|-damage|p2a: Buzzwole|84/100|[from] item: Rocky Helmet|[of] p1a: Tangrowth
|
|upkeep
|turn|10
|
|t:|1662303049
|switch|p2a: Toxapex|Toxapex, M|100/100
|move|p1a: Tangrowth|Giga Drain|p2a: Toxapex
|-damage|p2a: Toxapex|79/100
|-heal|p1a: Tangrowth|76/100|[from] drain|[of] p2a: Toxapex
|
|upkeep
|turn|11
|
|t:|1662303052
|move|p1a: Tangrowth|Sleep Powder|p2a: Toxapex
|-status|p2a: Toxapex|slp|[from] move: Sleep Powder
|cant|p2a: Toxapex|slp
|
|upkeep
|turn|12
|
|t:|1662303054
|move|p1a: Tangrowth|Giga Drain|p2a: Toxapex
|-damage|p2a: Toxapex|57/100 slp
|-heal|p1a: Tangrowth|84/100|[from] drain|[of] p2a: Toxapex
|-curestatus|p2a: Toxapex|slp|[msg]
|move|p2a: Toxapex|Toxic|p1a: Tangrowth
|-status|p1a: Tangrowth|tox
|
|-damage|p1a: Tangrowth|78/100 tox|[from] psn
|upkeep
|turn|13
|
|t:|1662303058
|move|p1a: Tangrowth|Sleep Powder|p2a: Toxapex
|-status|p2a: Toxapex|slp|[from] move: Sleep Powder
|cant|p2a: Toxapex|slp
|
|-damage|p1a: Tangrowth|66/100 tox|[from] psn
|upkeep
|turn|14
|
|t:|1662303060
|switch|p1a: rotomwash|Rotom-Wash|100/100
|cant|p2a: Toxapex|slp
|
|upkeep
|turn|15
|
|t:|1662303067
|switch|p2a: Landorus|Landorus-Therian, M|15/100
|-ability|p2a: Landorus|Intimidate|boost
|-unboost|p1a: rotomwash|atk|1
|move|p1a: rotomwash|Nasty Plot|p1a: rotomwash
|-boost|p1a: rotomwash|spa|2
|
|-heal|p2a: Landorus|21/100|[from] item: Leftovers
|upkeep
|turn|16
|
|t:|1662303073
|move|p1a: rotomwash|Hydro Pump|p2a: Landorus
|-supereffective|p2a: Landorus
|-damage|p2a: Landorus|0 fnt
|faint|p2a: Landorus
|
|upkeep
|
|t:|1662303079
|switch|p2a: Tapu Lele|Tapu Lele, shiny|100/100
|-fieldstart|move: Psychic Terrain|[from] ability: Psychic Surge|[of] p2a: Tapu Lele
|turn|17
|
|t:|1662303082
|switch|p1a: landorustherian|Landorus-Therian, M|100/100
|-ability|p1a: landorustherian|Intimidate|boost
|-unboost|p2a: Tapu Lele|atk|1
|move|p2a: Tapu Lele|Psychic|p1a: landorustherian
|-damage|p1a: landorustherian|23/100
|
|-heal|p1a: landorustherian|29/100|[from] item: Leftovers
|upkeep
|turn|18
|
|t:|1662303085
|switch|p1a: Weavile|Weavile, F|100/100
|-ability|p1a: Weavile|Pressure
|move|p2a: Tapu Lele|Psychic|p1a: Weavile
|-immune|p1a: Weavile
|
|upkeep
|turn|19
|
|t:|1662303087
|switch|p2a: Toxapex|Toxapex, M|90/100 slp
|move|p1a: Weavile|Triple Axel|p2a: Toxapex
|-resisted|p2a: Toxapex
|-damage|p2a: Toxapex|86/100 slp
|-damage|p1a: Weavile|84/100|[from] item: Rocky Helmet|[of] p2a: Toxapex
|-resisted|p2a: Toxapex
|-damage|p2a: Toxapex|76/100 slp
|-damage|p1a: Weavile|68/100|[from] item: Rocky Helmet|[of] p2a: Toxapex
|-resisted|p2a: Toxapex
|-damage|p2a: Toxapex|63/100 slp
|-damage|p1a: Weavile|51/100|[from] item: Rocky Helmet|[of] p2a: Toxapex
|-hitcount|p2a: Toxapex|3
|
|upkeep
|turn|20
|
|t:|1662303094
|switch|p1a: rotomwash|Rotom-Wash|100/100
|-curestatus|p2a: Toxapex|slp|[msg]
|move|p2a: Toxapex|Recover|p2a: Toxapex
|-heal|p2a: Toxapex|100/100
|
|upkeep
|turn|21
|
|t:|1662303096
|move|p1a: rotomwash|Nasty Plot|p1a: rotomwash
|-boost|p1a: rotomwash|spa|2
|move|p2a: Toxapex|Toxic|p1a: rotomwash
|-status|p1a: rotomwash|tox
|
|-damage|p1a: rotomwash|94/100 tox|[from] psn
|-fieldend|move: Psychic Terrain
|upkeep
|turn|22
|
|t:|1662303098
|switch|p2a: Tyranitar|Tyranitar, F|100/100
|-weather|Sandstorm|[from] ability: Sand Stream|[of] p2a: Tyranitar
|move|p1a: rotomwash|Thunderbolt|p2a: Tyranitar
|-damage|p2a: Tyranitar|70/100
|
|-weather|Sandstorm|[upkeep]
|-damage|p1a: rotomwash|88/100 tox|[from] Sandstorm
|-heal|p1a: rotomwash|94/100 tox|[from] item: Leftovers
|-heal|p2a: Tyranitar|76/100|[from] item: Leftovers
|-damage|p1a: rotomwash|82/100 tox|[from] psn
|upkeep
|turn|23
|
|t:|1662303114
|switch|p2a: Magnezone|Magnezone|69/100
|move|p1a: rotomwash|Hydro Pump|p2a: Magnezone
|-damage|p2a: Magnezone|0 fnt
|faint|p2a: Magnezone
|
|-weather|Sandstorm|[upkeep]
|-damage|p1a: rotomwash|75/100 tox|[from] Sandstorm
|-heal|p1a: rotomwash|82/100 tox|[from] item: Leftovers
|-damage|p1a: rotomwash|63/100 tox|[from] psn
|upkeep
|
|t:|1662303119
|switch|p2a: Buzzwole|Buzzwole|84/100
|turn|24
|
|t:|1662303121
|move|p2a: Buzzwole|Close Combat|p1a: rotomwash
|-damage|p1a: rotomwash|0 fnt
|-unboost|p2a: Buzzwole|def|1
|-unboost|p2a: Buzzwole|spd|1
|faint|p1a: rotomwash
|-ability|p2a: Buzzwole|Beast Boost|boost
|-boost|p2a: Buzzwole|atk|1
|
|-weather|Sandstorm|[upkeep]
|-damage|p2a: Buzzwole|78/100|[from] Sandstorm
|upkeep
|
|t:|1662303121
|switch|p1a: Tangrowth|Tangrowth, M|99/100 tox
|turn|25
|
|t:|1662303127
|switch|p2a: Toxapex|Toxapex, M|100/100
|move|p1a: Tangrowth|Sleep Powder|p2a: Toxapex|[miss]
|-miss|p1a: Tangrowth|p2a: Toxapex
|
|-weather|Sandstorm|[upkeep]
|-damage|p1a: Tangrowth|93/100 tox|[from] Sandstorm
|-damage|p2a: Toxapex|94/100|[from] Sandstorm
|-damage|p1a: Tangrowth|87/100 tox|[from] psn
|upkeep
|turn|26
|
|t:|1662303132
|move|p1a: Tangrowth|Sleep Powder|p2a: Toxapex
|-status|p2a: Toxapex|slp|[from] move: Sleep Powder
|cant|p2a: Toxapex|slp
|
|-weather|none
|-damage|p1a: Tangrowth|74/100 tox|[from] psn
|upkeep
|turn|27
|
|t:|1662303135
|switch|p1a: Weavile|Weavile, F|51/100
|-ability|p1a: Weavile|Pressure
|-curestatus|p2a: Toxapex|slp|[msg]
|move|p2a: Toxapex|Knock Off|p1a: Weavile
|-resisted|p1a: Weavile
|-damage|p1a: Weavile|38/100
|-enditem|p1a: Weavile|Choice Band|[from] move: Knock Off|[of] p2a: Toxapex
|
|upkeep
|turn|28
|
|t:|1662303145
|move|p1a: Weavile|Ice Shard|p2a: Toxapex
|-resisted|p2a: Toxapex
|-damage|p2a: Toxapex|88/100
|move|p2a: Toxapex|Toxic|p1a: Weavile
|-status|p1a: Weavile|tox
|
|-damage|p1a: Weavile|32/100 tox|[from] psn
|upkeep
|turn|29
|
|t:|1662303148
|move|p1a: Weavile|Ice Shard|p2a: Toxapex
|-resisted|p2a: Toxapex
|-damage|p2a: Toxapex|82/100
|move|p2a: Toxapex|Knock Off|p1a: Weavile
|-resisted|p1a: Weavile
|-damage|p1a: Weavile|23/100 tox
|
|-damage|p1a: Weavile|10/100 tox|[from] psn
|upkeep
|turn|30
|
|t:|1662303155
|move|p1a: Weavile|Triple Axel|p2a: Toxapex
|-resisted|p2a: Toxapex
|-damage|p2a: Toxapex|79/100
|-damage|p1a: Weavile|0 fnt|[from] item: Rocky Helmet|[of] p2a: Toxapex
|faint|p1a: Weavile
|-hitcount|p2a: Toxapex|1
|move|p2a: Toxapex|Recover|p2a: Toxapex
|-heal|p2a: Toxapex|100/100
|
|upkeep
|
|t:|1662303155
|switch|p1a: Heatran|Heatran, M|95/100
|turn|31
|
|t:|1662303172
|switch|p2a: Tyranitar|Tyranitar, F|76/100
|-weather|Sandstorm|[from] ability: Sand Stream|[of] p2a: Tyranitar
|move|p1a: Heatran|Eruption|p2a: Tyranitar
|-resisted|p2a: Tyranitar
|-damage|p2a: Tyranitar|61/100
|
|-weather|Sandstorm|[upkeep]
|-heal|p2a: Tyranitar|67/100|[from] item: Leftovers
|upkeep
|turn|32
|
|t:|1662303177
|switch|p1a: Tangrowth|Tangrowth, M|100/100 tox
|move|p2a: Tyranitar|Thunder Wave||[still]
|-fail|p2a: Tyranitar
|
|-weather|Sandstorm|[upkeep]
|-damage|p1a: Tangrowth|94/100 tox|[from] Sandstorm
|-heal|p2a: Tyranitar|74/100|[from] item: Leftovers
|-damage|p1a: Tangrowth|88/100 tox|[from] psn
|upkeep
|turn|33
|
|t:|1662303181
|switch|p2a: Toxapex|Toxapex, M|100/100
|move|p1a: Tangrowth|Sleep Powder|p2a: Toxapex
|-status|p2a: Toxapex|slp|[from] move: Sleep Powder
|
|-weather|Sandstorm|[upkeep]
|-damage|p1a: Tangrowth|82/100 tox|[from] Sandstorm
|-damage|p2a: Toxapex|94/100 slp|[from] Sandstorm
|-damage|p1a: Tangrowth|70/100 tox|[from] psn
|upkeep
|turn|34
|
|t:|1662303199
|move|p1a: Tangrowth|Giga Drain|p2a: Toxapex
|-damage|p2a: Toxapex|72/100 slp
|-heal|p1a: Tangrowth|78/100 tox|[from] drain|[of] p2a: Toxapex
|cant|p2a: Toxapex|slp
|
|-weather|Sandstorm|[upkeep]
|-damage|p1a: Tangrowth|72/100 tox|[from] Sandstorm
|-damage|p2a: Toxapex|65/100 slp|[from] Sandstorm
|-damage|p1a: Tangrowth|53/100 tox|[from] psn
|upkeep
|turn|35
|
|t:|1662303201
|switch|p1a: Heatran|Heatran, M|95/100
|cant|p2a: Toxapex|slp
|
|-weather|none
|upkeep
|turn|36
|
|t:|1662303204
|switch|p2a: Tyranitar|Tyranitar, F|74/100
|-weather|Sandstorm|[from] ability: Sand Stream|[of] p2a: Tyranitar
|move|p1a: Heatran|Eruption|p2a: Tyranitar
|-resisted|p2a: Tyranitar
|-damage|p2a: Tyranitar|58/100
|
|-weather|Sandstorm|[upkeep]
|-heal|p2a: Tyranitar|64/100|[from] item: Leftovers
|upkeep
|turn|37
|
|t:|1662303208
|switch|p1a: Tangrowth|Tangrowth, M|87/100 tox
|move|p2a: Tyranitar|Stealth Rock|p1a: Tangrowth
|-sidestart|p1: minimax_ai|move: Stealth Rock
|
|-weather|Sandstorm|[upkeep]
|-damage|p1a: Tangrowth|80/100 tox|[from] Sandstorm
|-heal|p2a: Tyranitar|70/100|[from] item: Leftovers
|-damage|p1a: Tangrowth|74/100 tox|[from] psn
|upkeep
|turn|38
|
|t:|1662303212
|switch|p2a: Toxapex|Toxapex, M|99/100 slp
|move|p1a: Tangrowth|Giga Drain|p2a: Toxapex
|-damage|p2a: Toxapex|75/100 slp
|-heal|p1a: Tangrowth|83/100 tox|[from] drain|[of] p2a: Toxapex
|
|-weather|Sandstorm|[upkeep]
|-damage|p1a: Tangrowth|77/100 tox|[from] Sandstorm
|-damage|p2a: Toxapex|69/100 slp|[from] Sandstorm
|-damage|p1a: Tangrowth|65/100 tox|[from] psn
|upkeep
|turn|39
|
|t:|1662303215
|move|p1a: Tangrowth|Giga Drain|p2a: Toxapex
|-damage|p2a: Toxapex|44/100 slp
|-heal|p1a: Tangrowth|74/100 tox|[from] drain|[of] p2a: Toxapex
|cant|p2a: Toxapex|slp
|
|-weather|Sandstorm|[upkeep]
|-damage|p1a: Tangrowth|68/100 tox|[from] Sandstorm
|-damage|p2a: Toxapex|37/100 slp|[from] Sandstorm
|-damage|p1a: Tangrowth|49/100 tox|[from] psn
|upkeep
|turn|40
|
|t:|1662303219
|switch|p1a: Heatran|Heatran, M|95/100
|-damage|p1a: Heatran|82/100|[from] Stealth Rock
|-curestatus|p2a: Toxapex|slp|[msg]
|move|p2a: Toxapex|Recover|p2a: Toxapex
|-heal|p2a: Toxapex|87/100
|
|-weather|none
|upkeep
|turn|41
|
|t:|1662303224
|move|p1a: Heatran|Magma Storm|p2a: Toxapex
|-resisted|p2a: Toxapex
|-damage|p2a: Toxapex|68/100
|-activate|p2a: Toxapex|move: Magma Storm|[of] p1a: Heatran
|move|p2a: Toxapex|Recover|p2a: Toxapex
|-heal|p2a: Toxapex|100/100
|
|-damage|p2a: Toxapex|88/100|[from] move: Magma Storm|[partiallytrapped]
|upkeep
|turn|42
|
|t:|1662303231
|move|p1a: Heatran|Magma Storm|p2a: Toxapex
|-resisted|p2a: Toxapex
|-damage|p2a: Toxapex|68/100
|move|p2a: Toxapex|Recover|p2a: Toxapex
|-heal|p2a: Toxapex|100/100
|
|-damage|p2a: Toxapex|88/100|[from] move: Magma Storm|[partiallytrapped]
|upkeep
|turn|43
|
|t:|1662303233
|move|p1a: Heatran|Magma Storm|p2a: Toxapex
|-resisted|p2a: Toxapex
|-damage|p2a: Toxapex|67/100
|move|p2a: Toxapex|Knock Off|p1a: Heatran
|-damage|p1a: Heatran|72/100
|
|-damage|p2a: Toxapex|54/100|[from] move: Magma Storm|[partiallytrapped]
|upkeep
|turn|44
|
|t:|1662303243
|move|p1a: Heatran|Magma Storm|p2a: Toxapex
|-resisted|p2a: Toxapex
|-damage|p2a: Toxapex|32/100
|move|p2a: Toxapex|Recover|p2a: Toxapex
|-heal|p2a: Toxapex|82/100
|
|-damage|p2a: Toxapex|70/100|[from] move: Magma Storm|[partiallytrapped]
|upkeep
|turn|45
|
|t:|1662303248
|move|p1a: Heatran|Magma Storm|p2a: Toxapex|[miss]
|-miss|p1a: Heatran|p2a: Toxapex
|move|p2a: Toxapex|Knock Off|p1a: Heatran
|-damage|p1a: Heatran|61/100
|
|-end|p2a: Toxapex|Magma Storm|[partiallytrapped]
|upkeep
|turn|46
|
|t:|1662303251
|switch|p2a: Tyranitar|Tyranitar, F|70/100
|-weather|Sandstorm|[from] ability: Sand Stream|[of] p2a: Tyranitar
|move|p1a: Heatran|Earth Power|p2a: Tyranitar
|-supereffective|p2a: Tyranitar
|-damage|p2a: Tyranitar|44/100
|
|-weather|Sandstorm|[upkeep]
|-heal|p2a: Tyranitar|50/100|[from] item: Leftovers
|upkeep
|turn|47
|c|☆64j3t3hrt3h|why didnt you go for that earlier
|
|t:|1662303267
|switch|p1a: Tangrowth|Tangrowth, M|82/100 tox
|-damage|p1a: Tangrowth|70/100 tox|[from] Stealth Rock
|move|p2a: Tyranitar|Earthquake|p1a: Tangrowth
|-resisted|p1a: Tangrowth
|-damage|p1a: Tangrowth|63/100 tox
|
|-weather|Sandstorm|[upkeep]
|-damage|p1a: Tangrowth|56/100 tox|[from] Sandstorm
|-heal|p2a: Tyranitar|56/100|[from] item: Leftovers
|-damage|p1a: Tangrowth|50/100 tox|[from] psn
|upkeep
|turn|48
|
|t:|1662303272
|switch|p2a: Toxapex|Toxapex, M|100/100
|move|p1a: Tangrowth|Sleep Powder|p2a: Toxapex
|-status|p2a: Toxapex|slp|[from] move: Sleep Powder
|
|-weather|Sandstorm|[upkeep]
|-damage|p1a: Tangrowth|44/100 tox|[from] Sandstorm
|-damage|p2a: Toxapex|94/100 slp|[from] Sandstorm
|-damage|p1a: Tangrowth|32/100 tox|[from] psn
|upkeep
|turn|49
|
|t:|1662303280
|switch|p1a: Heatran|Heatran, M|61/100
|-damage|p1a: Heatran|49/100|[from] Stealth Rock
|cant|p2a: Toxapex|slp
|
|-weather|Sandstorm|[upkeep]
|-damage|p2a: Toxapex|88/100 slp|[from] Sandstorm
|upkeep
|turn|50
|
|t:|1662303284
|switch|p2a: Tyranitar|Tyranitar, F|56/100
|move|p1a: Heatran|Earth Power|p2a: Tyranitar
|-supereffective|p2a: Tyranitar
|-damage|p2a: Tyranitar|32/100
|
|-weather|none
|-heal|p2a: Tyranitar|38/100|[from] item: Leftovers
|upkeep
|turn|51
|
|t:|1662303290
|move|p1a: Heatran|Earth Power|p2a: Tyranitar
|-supereffective|p2a: Tyranitar
|-damage|p2a: Tyranitar|0 fnt
|faint|p2a: Tyranitar
|
|upkeep
|
|t:|1662303292
|switch|p2a: Buzzwole|Buzzwole|78/100
|turn|52
|
|t:|1662303295
|move|p2a: Buzzwole|Close Combat|p1a: Heatran
|-supereffective|p1a: Heatran
|-damage|p1a: Heatran|0 fnt
|-unboost|p2a: Buzzwole|def|1
|-unboost|p2a: Buzzwole|spd|1
|faint|p1a: Heatran
|-ability|p2a: Buzzwole|Beast Boost|boost
|-boost|p2a: Buzzwole|atk|1
|
|upkeep
|
|t:|1662303295
|switch|p1a: landorustherian|Landorus-Therian, M|29/100
|-damage|p1a: landorustherian|17/100|[from] Stealth Rock
|-ability|p1a: landorustherian|Intimidate|boost
|-unboost|p2a: Buzzwole|atk|1
|turn|53
|
|t:|1662303297
|switch|p1a: Tangrowth|Tangrowth, M|65/100 tox
|-damage|p1a: Tangrowth|52/100 tox|[from] Stealth Rock
|move|p2a: Buzzwole|Close Combat|p1a: Tangrowth
|-damage|p1a: Tangrowth|15/100 tox
|-unboost|p2a: Buzzwole|def|1
|-unboost|p2a: Buzzwole|spd|1
|-damage|p2a: Buzzwole|61/100|[from] item: Rocky Helmet|[of] p1a: Tangrowth
|
|-damage|p1a: Tangrowth|9/100 tox|[from] psn
|upkeep
|turn|54
|
|t:|1662303299
|move|p2a: Buzzwole|Close Combat|p1a: Tangrowth
|-damage|p1a: Tangrowth|0 fnt
|-unboost|p2a: Buzzwole|def|1
|-unboost|p2a: Buzzwole|spd|1
|-damage|p2a: Buzzwole|44/100|[from] item: Rocky Helmet|[of] p1a: Tangrowth
|faint|p1a: Tangrowth
|-ability|p2a: Buzzwole|Beast Boost|boost
|-boost|p2a: Buzzwole|atk|1
|
|upkeep
|
|t:|1662303299
|switch|p1a: landorustherian|Landorus-Therian, M|17/100
|-damage|p1a: landorustherian|4/100|[from] Stealth Rock
|-ability|p1a: landorustherian|Intimidate|boost
|-unboost|p2a: Buzzwole|atk|1
|turn|55
|
|t:|1662303301
|move|p2a: Buzzwole|Close Combat|p1a: landorustherian
|-resisted|p1a: landorustherian
|-damage|p1a: landorustherian|0 fnt
|-unboost|p2a: Buzzwole|def|1
|-unboost|p2a: Buzzwole|spd|1
|faint|p1a: landorustherian
|
|win|64j3t3hrt3h
|raw|minimax_ai's rating: 1521 &rarr; <strong>1506</strong><br />(-15 for losing)
|raw|64j3t3hrt3h's rating: 1614 &rarr; <strong>1629</strong><br />(+15 for winning)
|c|☆minimax_ai|gg
