|j|☆Kingbrick
|j|☆Contorted Lies
|t:|1607027746
|player|p1|Kingbrick|palmer|1974
|player|p2|Contorted Lies|102|1914
|teamsize|p1|6
|teamsize|p2|6
|gametype|singles
|gen|8
|tier|[Gen 8] OU
|rated|
|clearpoke
|poke|p1|Melmetal|
|poke|p1|Clefable, M|
|poke|p1|Magearna|
|poke|p1|Landorus-Therian, M|
|poke|p1|Rillaboom, M|
|poke|p1|Mandibuzz, F|
|poke|p2|Spectrier|
|poke|p2|Magnezone|
|poke|p2|Urshifu-*, M|
|poke|p2|Dragonite, F|
|poke|p2|Swampert, M|
|poke|p2|Clefable, M|
|rule|Sleep Clause Mod: Limit one foe put to sleep
|rule|Species Clause: Limit one of each Pokémon
|rule|OHKO Clause: OHKO moves are banned
|rule|Evasion Moves Clause: Evasion moves are banned
|rule|Endless Battle Clause: Forcing endless battles is banned
|rule|HP Percentage Mod: HP is shown in percentages
|rule|Dynamax Clause: You cannot dynamax
|teampreview
|l|☆Kingbrick
|player|p1|
|j|☆Kingbrick
|player|p1|Kingbrick|palmer
|j| BrothaOptions
|j| Effect volume
|
|t:|1607027779
|start
|switch|p1a: Magearna|Magearna|100/100
|switch|p2a: Swampert|Swampert, M|100/100
|turn|1
|l|☆Kingbrick
|player|p1|
|j| corumba
|j| Bulbatran
|j|☆Kingbrick
|player|p1|Kingbrick|palmer
|
|t:|1607027820
|switch|p1a: Rillaboom|Rillaboom, M|100/100
|-fieldstart|move: Grassy Terrain|[from] ability: Grassy Surge|[of] p1a: Rillaboom
|move|p2a: Swampert|Stealth Rock|p1a: Rillaboom
|-sidestart|p1: Kingbrick|move: Stealth Rock
|
|upkeep
|turn|2
|j| Windows 98 SE
|j| Arnaud senju vgc
|j| lupe kiasko
|l|☆Kingbrick
|player|p1|
|l| lupe kiasko
|j|☆Kingbrick
|player|p1|Kingbrick|palmer
|
|t:|1607027867
|switch|p2a: Dragonite|Dragonite, F|100/100
|move|p1a: Rillaboom|Swords Dance|p1a: Rillaboom
|-boost|p1a: Rillaboom|atk|2
|
|upkeep
|turn|3
|
|t:|1607027876
|move|p1a: Rillaboom|Knock Off|p2a: Dragonite
|-damage|p2a: Dragonite|49/100
|-enditem|p2a: Dragonite|Heavy-Duty Boots|[from] move: Knock Off|[of] p1a: Rillaboom
|-damage|p1a: Rillaboom|91/100|[from] item: Life Orb
|move|p2a: Dragonite|Dragon Dance|p2a: Dragonite
|-boost|p2a: Dragonite|atk|1
|-boost|p2a: Dragonite|spe|1
|
|-heal|p1a: Rillaboom|97/100|[from] Grassy Terrain
|upkeep
|turn|4
|
|t:|1607027882
|switch|p1a: Clefable|Clefable, M|100/100
|move|p2a: Dragonite|Dual Wingbeat|p1a: Clefable
|-damage|p1a: Clefable|74/100
|-damage|p1a: Clefable|45/100
|-hitcount|p1a: Clefable|2
|
|-heal|p1a: Clefable|51/100|[from] item: Leftovers
|-heal|p1a: Clefable|57/100|[from] Grassy Terrain
|upkeep
|turn|5
|j| dakingrulesz
|
|t:|1607027886
|move|p2a: Dragonite|Dual Wingbeat|p1a: Clefable
|-damage|p1a: Clefable|31/100
|-damage|p1a: Clefable|6/100
|-hitcount|p1a: Clefable|2
|move|p1a: Clefable|Moonblast|p2a: Dragonite
|-supereffective|p2a: Dragonite
|-damage|p2a: Dragonite|0 fnt
|faint|p2a: Dragonite
|
|-heal|p1a: Clefable|12/100|[from] item: Leftovers
|-heal|p1a: Clefable|19/100|[from] Grassy Terrain
|-fieldend|move: Grassy Terrain
|upkeep
|
|t:|1607027892
|switch|p2a: Urshifu|Urshifu, M|100/100
|turn|6
|
|t:|1607027896
|move|p2a: Urshifu|Close Combat|p1a: Clefable
|-resisted|p1a: Clefable
|-damage|p1a: Clefable|0 fnt
|-unboost|p2a: Urshifu|def|1
|-unboost|p2a: Urshifu|spd|1
|faint|p1a: Clefable
|
|upkeep
|
|t:|1607027905
|switch|p1a: Magearna|Magearna|100/100
|-damage|p1a: Magearna|95/100|[from] Stealth Rock
|turn|7
|
|t:|1607027908
|switch|p2a: Swampert|Swampert, M|100/100
|move|p1a: Magearna|Fleur Cannon|p2a: Swampert
|-damage|p2a: Swampert|55/100
|-unboost|p1a: Magearna|spa|2
|
|-heal|p2a: Swampert|61/100|[from] item: Leftovers
|upkeep
|turn|8
|j| trialofgay
|l| Effect volume
|
|t:|1607027919
|switch|p1a: Landorus|Landorus-Therian, M|100/100
|-damage|p1a: Landorus|88/100|[from] Stealth Rock
|-ability|p1a: Landorus|Intimidate|boost
|-unboost|p2a: Swampert|atk|1
|move|p2a: Swampert|Flip Turn|p1a: Landorus
|-supereffective|p1a: Landorus
|-damage|p1a: Landorus|57/100
|j| sagdgagsad
|
|t:|1607027930
|switch|p2a: Urshifu|Urshifu, M|100/100|[from]move: Flip Turn
|
|-heal|p1a: Landorus|63/100|[from] item: Leftovers
|upkeep
|turn|9
|j| kiki32
|
|t:|1607027939
|move|p2a: Urshifu|Wicked Blow|p1a: Landorus
|-crit|p1a: Landorus
|-damage|p1a: Landorus|0 fnt
|faint|p1a: Landorus
|
|upkeep
|
|t:|1607027942
|switch|p1a: Mandibuzz|Mandibuzz, F|100/100
|turn|10
|j| akihiro54
|
|t:|1607027946
|switch|p2a: Magnezone|Magnezone|100/100
|switch|p1a: Rillaboom|Rillaboom, M|97/100
|-damage|p1a: Rillaboom|84/100|[from] Stealth Rock
|-fieldstart|move: Grassy Terrain|[from] ability: Grassy Surge|[of] p1a: Rillaboom
|
|-heal|p1a: Rillaboom|91/100|[from] Grassy Terrain
|upkeep
|turn|11
|j| Dylanronpa
|
|t:|1607027950
|move|p1a: Rillaboom|High Horsepower|p2a: Magnezone
|-supereffective|p2a: Magnezone
|-damage|p2a: Magnezone|0 fnt
|-damage|p1a: Rillaboom|81/100|[from] item: Life Orb
|faint|p2a: Magnezone
|
|-heal|p1a: Rillaboom|87/100|[from] Grassy Terrain
|upkeep
|l| kiki32
|j| Vessev
|
|t:|1607027953
|switch|p2a: Urshifu|Urshifu, M|100/100
|turn|12
|j| YoruNoxx
|inactive|Battle timer is ON: inactive players will automatically lose when time's up. (requested by Contorted Lies)
|l| akihiro54
|
|t:|1607028010
|move|p1a: Rillaboom|Grassy Glide|p2a: Urshifu
|-damage|p2a: Urshifu|33/100
|-damage|p1a: Rillaboom|77/100|[from] item: Life Orb
|move|p2a: Urshifu|Close Combat|p1a: Rillaboom
|-damage|p1a: Rillaboom|0 fnt
|-unboost|p2a: Urshifu|def|1
|-unboost|p2a: Urshifu|spd|1
|faint|p1a: Rillaboom
|
|-heal|p2a: Urshifu|39/100|[from] Grassy Terrain
|upkeep
|
|t:|1607028016
|switch|p1a: Magearna|Magearna|95/100
|-damage|p1a: Magearna|89/100|[from] Stealth Rock
|turn|13
|l| sagdgagsad
|
|t:|1607028023
|move|p1a: Magearna|Ice Beam|p2a: Urshifu
|-damage|p2a: Urshifu|0 fnt
|faint|p2a: Urshifu
|-ability|p1a: Magearna|Soul-Heart|boost
|-boost|p1a: Magearna|spa|1
|
|-heal|p1a: Magearna|95/100|[from] Grassy Terrain
|upkeep
|
|t:|1607028027
|switch|p2a: Clefable|Clefable, M|100/100
|turn|14
|j| Adicta al twerk
|
|t:|1607028035
|switch|p1a: Melmetal|Melmetal|100/100
|-damage|p1a: Melmetal|94/100|[from] Stealth Rock
|switch|p2a: Spectrier|Spectrier|100/100
|
|-heal|p1a: Melmetal|100/100|[from] Grassy Terrain
|-fieldend|move: Grassy Terrain
|upkeep
|turn|15
|
|t:|1607028037
|switch|p1a: Mandibuzz|Mandibuzz, F|100/100
|move|p2a: Spectrier|Will-O-Wisp|p1a: Mandibuzz|[miss]
|-miss|p2a: Spectrier|p1a: Mandibuzz
|
|upkeep
|turn|16
|
|t:|1607028043
|move|p2a: Spectrier|Will-O-Wisp|p1a: Mandibuzz
|-status|p1a: Mandibuzz|brn
|move|p1a: Mandibuzz|Toxic|p2a: Spectrier
|-status|p2a: Spectrier|tox
|
|-damage|p2a: Spectrier|95/100 tox|[from] psn
|-damage|p1a: Mandibuzz|94/100 brn|[from] brn
|upkeep
|turn|17
|
|t:|1607028049
|switch|p2a: Swampert|Swampert, M|61/100
|move|p1a: Mandibuzz|Toxic|p2a: Swampert
|-status|p2a: Swampert|tox
|
|-heal|p2a: Swampert|68/100 tox|[from] item: Leftovers
|-damage|p1a: Mandibuzz|88/100 brn|[from] brn
|-damage|p2a: Swampert|61/100 tox|[from] psn
|upkeep
|turn|18
|
|t:|1607028060
|move|p1a: Mandibuzz|Roost|p1a: Mandibuzz
|-heal|p1a: Mandibuzz|100/100 brn
|-singleturn|p1a: Mandibuzz|move: Roost
|move|p2a: Swampert|Flip Turn|p1a: Mandibuzz
|-damage|p1a: Mandibuzz|85/100 brn
|
|t:|1607028063
|switch|p2a: Clefable|Clefable, M|100/100|[from]move: Flip Turn
|
|-damage|p1a: Mandibuzz|79/100 brn|[from] brn
|upkeep
|turn|19
|
|t:|1607028066
|switch|p1a: Melmetal|Melmetal|100/100
|-damage|p1a: Melmetal|94/100|[from] Stealth Rock
|move|p2a: Clefable|Thunder|p1a: Melmetal
|-damage|p1a: Melmetal|71/100
|-status|p1a: Melmetal|par
|
|upkeep
|turn|20
|
|t:|1607028069
|switch|p2a: Swampert|Swampert, M|61/100 tox
|move|p1a: Melmetal|Double Iron Bash|p2a: Swampert
|-resisted|p2a: Swampert
|-damage|p2a: Swampert|32/100 tox
|-resisted|p2a: Swampert
|-damage|p2a: Swampert|2/100 tox
|-hitcount|p2a: Swampert|2
|
|-heal|p2a: Swampert|8/100 tox|[from] item: Leftovers
|-damage|p2a: Swampert|2/100 tox|[from] psn
|upkeep
|turn|21
|j| its way too late
|j| fantastone
|l| Adicta al twerk
|
|t:|1607028087
|switch|p1a: Mandibuzz|Mandibuzz, F|79/100 brn
|move|p2a: Swampert|Flip Turn|p1a: Mandibuzz
|-damage|p1a: Mandibuzz|64/100 brn
|
|t:|1607028089
|switch|p2a: Clefable|Clefable, M|100/100|[from]move: Flip Turn
|
|-damage|p1a: Mandibuzz|58/100 brn|[from] brn
|upkeep
|turn|22
|
|t:|1607028092
|move|p1a: Mandibuzz|Roost|p1a: Mandibuzz
|-heal|p1a: Mandibuzz|100/100 brn
|-singleturn|p1a: Mandibuzz|move: Roost
|move|p2a: Clefable|Moonblast|p1a: Mandibuzz
|-supereffective|p1a: Mandibuzz
|-damage|p1a: Mandibuzz|59/100 brn
|
|-damage|p1a: Mandibuzz|53/100 brn|[from] brn
|upkeep
|turn|23
|
|t:|1607028094
|move|p1a: Mandibuzz|Roost|p1a: Mandibuzz
|-heal|p1a: Mandibuzz|100/100 brn
|-singleturn|p1a: Mandibuzz|move: Roost
|move|p2a: Clefable|Moonblast|p1a: Mandibuzz
|-supereffective|p1a: Mandibuzz
|-damage|p1a: Mandibuzz|62/100 brn
|
|-damage|p1a: Mandibuzz|56/100 brn|[from] brn
|upkeep
|turn|24
|l| Dylanronpa
|
|t:|1607028101
|switch|p1a: Melmetal|Melmetal|71/100 par
|-damage|p1a: Melmetal|65/100 par|[from] Stealth Rock
|move|p2a: Clefable|Moonblast|p1a: Melmetal
|-resisted|p1a: Melmetal
|-damage|p1a: Melmetal|50/100 par
|
|upkeep
|turn|25
|j| Dylanronpa
|
|t:|1607028115
|switch|p2a: Swampert|Swampert, M|2/100 tox
|switch|p1a: Mandibuzz|Mandibuzz, F|56/100 brn
|
|-heal|p2a: Swampert|8/100 tox|[from] item: Leftovers
|-damage|p1a: Mandibuzz|50/100 brn|[from] brn
|-damage|p2a: Swampert|2/100 tox|[from] psn
|upkeep
|turn|26
|
|t:|1607028119
|move|p1a: Mandibuzz|Roost|p1a: Mandibuzz
|-heal|p1a: Mandibuzz|99/100 brn
|-singleturn|p1a: Mandibuzz|move: Roost
|move|p2a: Swampert|Flip Turn|p1a: Mandibuzz
|-damage|p1a: Mandibuzz|83/100 brn
|
|t:|1607028121
|switch|p2a: Clefable|Clefable, M|100/100|[from]move: Flip Turn
|
|-damage|p1a: Mandibuzz|76/100 brn|[from] brn
|upkeep
|turn|27
|
|t:|1607028124
|switch|p1a: Magearna|Magearna|95/100
|-damage|p1a: Magearna|89/100|[from] Stealth Rock
|move|p2a: Clefable|Moonblast|p1a: Magearna
|-resisted|p1a: Magearna
|-damage|p1a: Magearna|74/100
|
|upkeep
|turn|28
|
|t:|1607028131
|switch|p2a: Swampert|Swampert, M|2/100 tox
|move|p1a: Magearna|Trick|p2a: Swampert
|-activate|p1a: Magearna|move: Trick|[of] p2a: Swampert
|-item|p2a: Swampert|Choice Scarf|[from] move: Trick
|-item|p1a: Magearna|Leftovers|[from] move: Trick
|
|-heal|p1a: Magearna|80/100|[from] item: Leftovers
|-damage|p2a: Swampert|0 fnt|[from] psn
|faint|p2a: Swampert
|-ability|p1a: Magearna|Soul-Heart|boost
|-boost|p1a: Magearna|spa|1
|upkeep
|l| YoruNoxx
|
|t:|1607028136
|switch|p2a: Spectrier|Spectrier|95/100 tox
|turn|29
|
|t:|1607028141
|move|p2a: Spectrier|Will-O-Wisp|p1a: Magearna
|-status|p1a: Magearna|brn
|move|p1a: Magearna|Ice Beam|p2a: Spectrier
|-damage|p2a: Spectrier|37/100 tox
|
|-heal|p2a: Spectrier|43/100 tox|[from] item: Leftovers
|-heal|p1a: Magearna|86/100 brn|[from] item: Leftovers
|-damage|p2a: Spectrier|37/100 tox|[from] psn
|-damage|p1a: Magearna|80/100 brn|[from] brn
|upkeep
|turn|30
|j| wrfw
|inactive|Kingbrick has 120 seconds left.
|
|t:|1607028186
|move|p2a: Spectrier|Hex|p1a: Magearna
|-damage|p1a: Magearna|0 fnt
|faint|p1a: Magearna
|-ability|p2a: Spectrier|Grim Neigh|boost
|-boost|p2a: Spectrier|spa|1
|
|-heal|p2a: Spectrier|43/100 tox|[from] item: Leftovers
|-damage|p2a: Spectrier|31/100 tox|[from] psn
|upkeep
|
|t:|1607028190
|switch|p1a: Mandibuzz|Mandibuzz, F|76/100 brn
|turn|31
|j| sadasdopispo
|j| sagdgagsad
|
|t:|1607028199
|switch|p2a: Clefable|Clefable, M|100/100
|switch|p1a: Melmetal|Melmetal|50/100 par
|-damage|p1a: Melmetal|43/100 par|[from] Stealth Rock
|
|upkeep
|turn|32
|
|t:|1607028204
|switch|p2a: Spectrier|Spectrier|31/100 tox
|move|p1a: Melmetal|Double Iron Bash|p2a: Spectrier
|-damage|p2a: Spectrier|0 fnt
|-hitcount|p2a: Spectrier|1
|faint|p2a: Spectrier
|
|upkeep
|
|t:|1607028205
|switch|p2a: Clefable|Clefable, M|100/100
|turn|33
|j| PrezBoy10
|
|t:|1607028208
|move|p2a: Clefable|Calm Mind|p2a: Clefable
|-boost|p2a: Clefable|spa|1
|-boost|p2a: Clefable|spd|1
|move|p1a: Melmetal|Double Iron Bash|p2a: Clefable
|-supereffective|p2a: Clefable
|-damage|p2a: Clefable|5/100
|-supereffective|p2a: Clefable
|-damage|p2a: Clefable|0 fnt
|-hitcount|p2a: Clefable|2
|faint|p2a: Clefable
|
|win|Kingbrick
|c|☆Kingbrick|gg
|l|☆Contorted Lies
|l| its way too late
|l| wrfw
|l| Arnaud senju vgc
|l| Bulbatran
|l| sagdgagsad
|l| corumba
|l| dakingrulesz
||Ladder (probably) updated, but score could not be retrieved (Request timeout).
|l| Dylanronpa
|l|☆Kingbrick
|l| sadasdopispo
