|j|☆Toyesouth
|j|☆testotesto321
|player|p1|Toyesouth|266|1748
|player|p2|testotesto321|bellelba|1727
|teamsize|p1|6
|teamsize|p2|6
|gametype|singles
|gen|8
|tier|[Gen 8] OU
|rated|
|clearpoke
|poke|p1|Chandelure, M|
|poke|p1|Toxapex, M|
|poke|p1|Urshifu-*, F|
|poke|p1|Ferrothorn, F|
|poke|p1|Corviknight, F|
|poke|p1|Clefable, M|
|poke|p2|Alakazam, M|
|poke|p2|Magearna|
|poke|p2|Cinderace, M|
|poke|p2|Chansey, F|
|poke|p2|Mandibuzz, F|
|poke|p2|Toxapex, F|
|rule|Sleep Clause Mod: Limit one foe put to sleep
|rule|Species Clause: Limit one of each Pokémon
|rule|OHKO Clause: OHKO moves are banned
|rule|Evasion Moves Clause: Evasion moves are banned
|rule|Endless Battle Clause: Forcing endless battles is banned
|rule|HP Percentage Mod: HP is shown in percentages
|rule|Dynamax Clause: You cannot dynamax
|teampreview
|inactive|Battle timer is ON: inactive players will automatically lose when time's up. (requested by Toyesouth)
|
|start
|switch|p1a: Toxapex|Toxapex, M|100/100
|switch|p2a: Cinderace|Cinderace, M|100/100
|turn|1
|
|switch|p2a: Toxapex|Toxapex, F, shiny|100/100
|move|p1a: Toxapex|Baneful Bunker||[still]
|-fail|p1a: Toxapex
|
|upkeep
|turn|2
|
|switch|p1a: Ferrothorn|Ferrothorn, F|100/100
|move|p2a: Toxapex|Scald|p1a: Ferrothorn
|-resisted|p1a: Ferrothorn
|-damage|p1a: Ferrothorn|93/100
|
|-heal|p1a: Ferrothorn|99/100|[from] item: Leftovers
|upkeep
|turn|3
|
|move|p2a: Toxapex|Scald|p1a: Ferrothorn
|-resisted|p1a: Ferrothorn
|-damage|p1a: Ferrothorn|93/100
|-status|p1a: Ferrothorn|brn
|move|p1a: Ferrothorn|Knock Off|p2a: Toxapex
|-damage|p2a: Toxapex|97/100
|
|-heal|p1a: Ferrothorn|99/100 brn|[from] item: Leftovers
|-damage|p1a: Ferrothorn|93/100 brn|[from] brn
|upkeep
|turn|4
|
|switch|p2a: Cinderace|Cinderace, M|100/100
|move|p1a: Ferrothorn|Stealth Rock|p2a: Cinderace
|-sidestart|p2: testotesto321|move: Stealth Rock
|
|-heal|p1a: Ferrothorn|99/100 brn|[from] item: Leftovers
|-damage|p1a: Ferrothorn|93/100 brn|[from] brn
|upkeep
|turn|5
|
|switch|p1a: Toxapex|Toxapex, M|100/100
|move|p2a: Cinderace|U-turn|p1a: Toxapex
|-start|p2a: Cinderace|typechange|Bug|[from] ability: Libero
|-resisted|p1a: Toxapex
|-damage|p1a: Toxapex|87/100
|
|switch|p2a: Alakazam|Alakazam, M|100/100|[from]move: U-turn
|
|-heal|p1a: Toxapex|93/100|[from] item: Black Sludge
|upkeep
|turn|6
|
|switch|p1a: Corviknight|Corviknight, F, shiny|100/100
|-ability|p1a: Corviknight|Pressure
|move|p2a: Alakazam|Shadow Ball|p1a: Corviknight
|-damage|p1a: Corviknight|75/100
|-unboost|p1a: Corviknight|spd|1
|
|-heal|p1a: Corviknight|81/100|[from] item: Leftovers
|upkeep
|turn|7
|
|move|p2a: Alakazam|Focus Blast|p1a: Corviknight
|-damage|p1a: Corviknight|27/100
|move|p1a: Corviknight|U-turn|p2a: Alakazam
|-supereffective|p2a: Alakazam
|-damage|p2a: Alakazam|30/100
|
|switch|p1a: Clefable|Clefable, M|100/100|[from]move: U-turn
|
|upkeep
|turn|8
|
|switch|p2a: Magearna|Magearna|100/100
|-damage|p2a: Magearna|95/100|[from] Stealth Rock
|move|p1a: Clefable|Wish|p1a: Clefable
|
|upkeep
|turn|9
|
|switch|p1a: Chandelure|Chandelure, M|100/100
|move|p2a: Magearna|Flash Cannon|p1a: Chandelure
|-resisted|p1a: Chandelure
|-damage|p1a: Chandelure|53/100
|
|-heal|p1a: Chandelure|100/100|[from] move: Wish|[wisher] Clefable
|upkeep
|turn|10
|
|switch|p2a: Chansey|Chansey, F|100/100
|-damage|p2a: Chansey|88/100|[from] Stealth Rock
|move|p1a: Chandelure|Overheat|p2a: Chansey
|-damage|p2a: Chansey|53/100
|-unboost|p1a: Chandelure|spa|2
|
|upkeep
|turn|11
|
|switch|p1a: Corviknight|Corviknight, F, shiny|27/100
|-ability|p1a: Corviknight|Pressure
|switch|p2a: Cinderace|Cinderace, M|100/100
|
|-heal|p1a: Corviknight|33/100|[from] item: Leftovers
|upkeep
|turn|12
|
|switch|p1a: Toxapex|Toxapex, M|100/100
|move|p2a: Cinderace|Pyro Ball|p1a: Toxapex
|-resisted|p1a: Toxapex
|-damage|p1a: Toxapex|79/100
|
|-heal|p1a: Toxapex|85/100|[from] item: Black Sludge
|upkeep
|turn|13
|
|switch|p2a: Toxapex|Toxapex, F, shiny|100/100
|-damage|p2a: Toxapex|88/100|[from] Stealth Rock
|move|p1a: Toxapex|Baneful Bunker||[still]
|-fail|p1a: Toxapex
|
|-heal|p1a: Toxapex|92/100|[from] item: Black Sludge
|upkeep
|turn|14
|
|switch|p2a: Alakazam|Alakazam, M|30/100
|switch|p1a: Corviknight|Corviknight, F, shiny|33/100
|-ability|p1a: Corviknight|Pressure
|
|-heal|p1a: Corviknight|39/100|[from] item: Leftovers
|upkeep
|turn|15
|
|move|p2a: Alakazam|Focus Blast|p1a: Corviknight
|-damage|p1a: Corviknight|0 fnt
|faint|p1a: Corviknight
|
|upkeep
|
|switch|p1a: Clefable|Clefable, M|100/100
|turn|16
|
|switch|p2a: Chansey|Chansey, F|53/100
|-damage|p2a: Chansey|41/100|[from] Stealth Rock
|move|p1a: Clefable|Heal Bell|p1a: Clefable
|-activate|p1a: Clefable|move: Heal Bell
|-curestatus|p1: Ferrothorn|brn|[msg]
|
|upkeep
|turn|17
|
|switch|p1a: Urshifu|Urshifu, F|100/100
|move|p2a: Chansey|Soft-Boiled|p2a: Chansey
|-heal|p2a: Chansey|91/100
|
|upkeep
|turn|18
|
|switch|p2a: Toxapex|Toxapex, F, shiny|100/100
|-damage|p2a: Toxapex|88/100|[from] Stealth Rock
|move|p1a: Urshifu|Wicked Blow|p2a: Toxapex
|-crit|p2a: Toxapex
|-damage|p2a: Toxapex|27/100
|
|upkeep
|turn|19
|
|switch|p1a: Chandelure|Chandelure, M|100/100
|switch|p2a: Mandibuzz|Mandibuzz, F|100/100
|
|upkeep
|turn|20
|
|switch|p2a: Chansey|Chansey, F|91/100
|-damage|p2a: Chansey|78/100|[from] Stealth Rock
|move|p1a: Chandelure|Overheat|p2a: Chansey
|-damage|p2a: Chansey|39/100
|-unboost|p1a: Chandelure|spa|2
|
|upkeep
|turn|21
|
|switch|p1a: Urshifu|Urshifu, F|100/100
|switch|p2a: Mandibuzz|Mandibuzz, F|100/100
|
|upkeep
|turn|22
|
|move|p1a: Urshifu|Close Combat|p2a: Mandibuzz
|-damage|p2a: Mandibuzz|52/100
|-unboost|p1a: Urshifu|def|1
|-unboost|p1a: Urshifu|spd|1
|move|p2a: Mandibuzz|Defog|p1a: Urshifu
|-unboost|p1a: Urshifu|evasion|1
|-sideend|p2: testotesto321|Stealth Rock|[from] move: Defog|[of] p2a: Mandibuzz
|
|upkeep
|turn|23
|
|switch|p1a: Chandelure|Chandelure, M|100/100
|move|p2a: Mandibuzz|Roost|p2a: Mandibuzz
|-heal|p2a: Mandibuzz|100/100
|-singleturn|p2a: Mandibuzz|move: Roost
|
|upkeep
|turn|24
|
|switch|p2a: Toxapex|Toxapex, F, shiny|60/100
|move|p1a: Chandelure|Overheat|p2a: Toxapex
|-resisted|p2a: Toxapex
|-damage|p2a: Toxapex|12/100
|-unboost|p1a: Chandelure|spa|2
|
|upkeep
|turn|25
|
|switch|p1a: Urshifu|Urshifu, F|100/100
|switch|p2a: Chansey|Chansey, F|39/100
|
|upkeep
|turn|26
|
|switch|p2a: Toxapex|Toxapex, F, shiny|46/100
|move|p1a: Urshifu|U-turn|p2a: Toxapex
|-resisted|p2a: Toxapex
|-damage|p2a: Toxapex|35/100
|
|switch|p1a: Chandelure|Chandelure, M|100/100|[from]move: U-turn
|
|upkeep
|turn|27
|
|switch|p2a: Mandibuzz|Mandibuzz, F|100/100
|move|p1a: Chandelure|Overheat|p2a: Mandibuzz
|-damage|p2a: Mandibuzz|0 fnt
|-unboost|p1a: Chandelure|spa|2
|faint|p2a: Mandibuzz
|
|upkeep
|
|switch|p2a: Alakazam|Alakazam, M|30/100
|turn|28
|j| Alphazerty26
|
|switch|p1a: Clefable|Clefable, M|100/100
|move|p2a: Alakazam|Shadow Ball|p1a: Clefable
|-damage|p1a: Clefable|66/100
|
|-heal|p1a: Clefable|72/100|[from] item: Leftovers
|upkeep
|turn|29
|
|switch|p2a: Cinderace|Cinderace, M|100/100
|move|p1a: Clefable|Wish|p1a: Clefable
|
|-heal|p1a: Clefable|78/100|[from] item: Leftovers
|upkeep
|turn|30
|
|switch|p1a: Toxapex|Toxapex, M|100/100
|move|p2a: Cinderace|Gunk Shot|p1a: Toxapex|[miss]
|-start|p2a: Cinderace|typechange|Poison|[from] ability: Libero
|-miss|p2a: Cinderace|p1a: Toxapex
|
|upkeep
|turn|31
|
|switch|p2a: Magearna|Magearna|95/100
|move|p1a: Toxapex|Scald|p2a: Magearna
|-damage|p2a: Magearna|79/100
|
|upkeep
|turn|32
|
|move|p1a: Toxapex|Baneful Bunker|p1a: Toxapex
|-singleturn|p1a: Toxapex|move: Protect
|move|p2a: Magearna|Volt Switch|p1a: Toxapex
|-activate|p1a: Toxapex|move: Protect
|
|upkeep
|turn|33
|
|move|p2a: Magearna|Volt Switch|p1a: Toxapex
|-supereffective|p1a: Toxapex
|-damage|p1a: Toxapex|52/100
|
|switch|p2a: Alakazam|Alakazam, M|30/100|[from]move: Volt Switch
|move|p1a: Toxapex|Scald|p2a: Alakazam
|-damage|p2a: Alakazam|7/100
|-status|p2a: Alakazam|brn
|
|-heal|p1a: Toxapex|59/100|[from] item: Black Sludge
|upkeep
|turn|34
|
|switch|p1a: Clefable|Clefable, M|78/100
|move|p2a: Alakazam|Psychic|p1a: Clefable
|-damage|p1a: Clefable|18/100
|
|-heal|p1a: Clefable|24/100|[from] item: Leftovers
|upkeep
|turn|35
|
|move|p2a: Alakazam|Dazzling Gleam|p1a: Clefable
|-damage|p1a: Clefable|0 fnt
|faint|p1a: Clefable
|
|upkeep
|
|switch|p1a: Ferrothorn|Ferrothorn, F|93/100
|turn|36
|
|move|p2a: Alakazam|Focus Blast|p1a: Ferrothorn
|-supereffective|p1a: Ferrothorn
|-damage|p1a: Ferrothorn|0 fnt
|faint|p1a: Ferrothorn
|
|upkeep
|
|switch|p1a: Toxapex|Toxapex, M|92/100
|turn|37
|
|move|p2a: Alakazam|Psychic|p1a: Toxapex
|-supereffective|p1a: Toxapex
|-crit|p1a: Toxapex
|-damage|p1a: Toxapex|0 fnt
|faint|p1a: Toxapex
|
|upkeep
|
|switch|p1a: Chandelure|Chandelure, M|100/100
|turn|38
|
|move|p2a: Alakazam|Shadow Ball|p1a: Chandelure
|-supereffective|p1a: Chandelure
|-damage|p1a: Chandelure|0 fnt
|faint|p1a: Chandelure
|
|upkeep
|-message|Toyesouth forfeited.
|
|win|testotesto321
|l|☆Toyesouth
||Ladder (probably) updated, but score could not be retrieved (Request timeout).
