|raw|<div class="broadcast-blue"><strong>This battle is required to be public due to a player having a name starting with 'btlt200'.</div>
|j|☆minimax_ai
|j|☆BTLT200$ Qrts
|t:|1667929380
|gametype|singles
|player|p1|minimax_ai|169|1494
|player|p2|BTLT200$ Qrts|#wcop2022france|1541
|teamsize|p1|6
|teamsize|p2|6
|gen|8
|tier|[Gen 8] OU
|rated|
|rule|Sleep Clause Mod: Limit one foe put to sleep
|rule|Species Clause: Limit one of each Pokémon
|rule|OHKO Clause: OHKO moves are banned
|rule|Evasion Items Clause: Evasion items are banned
|rule|Evasion Moves Clause: Evasion moves are banned
|rule|Endless Battle Clause: Forcing endless battles is banned
|rule|HP Percentage Mod: HP is shown in percentages
|rule|Dynamax Clause: You cannot dynamax
|clearpoke
|poke|p1|Rotom-Wash|
|poke|p1|Weavile, F|
|poke|p1|Landorus-Therian, M|
|poke|p1|Heatran, M|
|poke|p1|Tangrowth, F|
|poke|p1|Melmetal|
|poke|p2|Tapu Koko|
|poke|p2|Heatran, M|
|poke|p2|Gastrodon-East, M|
|poke|p2|Clefable, F|
|poke|p2|Skarmory, M|
|poke|p2|Zapdos|
|teampreview
|c|☆minimax_ai|hf
|inactive|Battle timer is ON: inactive players will automatically lose when time's up. (requested by minimax_ai)
|
|t:|1667929387
|start
|switch|p1a: Melmetal|Melmetal|100/100
|switch|p2a: Clefable|Clefable, F|100/100
|turn|1
|c|☆BTLT200$ Qrts|hf
|
|t:|1667929393
|switch|p2a: Skarmory|Skarmory, M|100/100
|move|p1a: Melmetal|Double Iron Bash|p2a: Skarmory
|-resisted|p2a: Skarmory
|-damage|p2a: Skarmory|88/100
|-damage|p1a: Melmetal|84/100|[from] item: Rocky Helmet|[of] p2a: Skarmory
|-resisted|p2a: Skarmory
|-damage|p2a: Skarmory|75/100
|-damage|p1a: Melmetal|67/100|[from] item: Rocky Helmet|[of] p2a: Skarmory
|-hitcount|p2a: Skarmory|2
|
|upkeep
|turn|2
|
|t:|1667929396
|move|p2a: Skarmory|Toxic|p1a: Melmetal
|-immune|p1a: Melmetal
|move|p1a: Melmetal|Thunder Punch|p2a: Skarmory
|-supereffective|p2a: Skarmory
|-damage|p2a: Skarmory|39/100
|-damage|p1a: Melmetal|51/100|[from] item: Rocky Helmet|[of] p2a: Skarmory
|
|upkeep
|turn|3
|
|t:|1667929399
|move|p2a: Skarmory|Roost|p2a: Skarmory
|-heal|p2a: Skarmory|89/100
|-singleturn|p2a: Skarmory|move: Roost
|move|p1a: Melmetal|Thunder Punch|p2a: Skarmory
|-damage|p2a: Skarmory|68/100
|-damage|p1a: Melmetal|34/100|[from] item: Rocky Helmet|[of] p2a: Skarmory
|
|upkeep
|turn|4
|
|t:|1667929401
|switch|p1a: rotomwash|Rotom-Wash|100/100
|move|p2a: Skarmory|Roost|p2a: Skarmory
|-heal|p2a: Skarmory|100/100
|-singleturn|p2a: Skarmory|move: Roost
|
|upkeep
|turn|5
|
|t:|1667929404
|switch|p2a: Gastrodon|Gastrodon-East, M|100/100
|move|p1a: rotomwash|Thunderbolt|p2a: Gastrodon
|-immune|p2a: Gastrodon
|
|upkeep
|turn|6
|
|t:|1667929406
|move|p1a: rotomwash|Nasty Plot|p1a: rotomwash
|-boost|p1a: rotomwash|spa|2
|move|p2a: Gastrodon|Scald|p1a: rotomwash
|-resisted|p1a: rotomwash
|-damage|p1a: rotomwash|87/100
|
|-heal|p1a: rotomwash|93/100|[from] item: Leftovers
|upkeep
|turn|7
|
|t:|1667929408
|move|p1a: rotomwash|Nasty Plot|p1a: rotomwash
|-boost|p1a: rotomwash|spa|2
|move|p2a: Gastrodon|Scald|p1a: rotomwash
|-resisted|p1a: rotomwash
|-damage|p1a: rotomwash|80/100
|
|-heal|p1a: rotomwash|86/100|[from] item: Leftovers
|upkeep
|turn|8
|
|t:|1667929410
|move|p1a: rotomwash|Nasty Plot|p1a: rotomwash
|-boost|p1a: rotomwash|spa|2
|move|p2a: Gastrodon|Scald|p1a: rotomwash
|-resisted|p1a: rotomwash
|-damage|p1a: rotomwash|74/100
|
|-heal|p1a: rotomwash|80/100|[from] item: Leftovers
|upkeep
|turn|9
|
|t:|1667929412
|move|p1a: rotomwash|Pain Split|p2a: Gastrodon
|-sethp|p2a: Gastrodon|79/100|[from] move: Pain Split|[silent]
|-sethp|p1a: rotomwash|100/100|[from] move: Pain Split
|move|p2a: Gastrodon|Scald|p1a: rotomwash
|-resisted|p1a: rotomwash
|-crit|p1a: rotomwash
|-damage|p1a: rotomwash|81/100
|
|-heal|p1a: rotomwash|87/100|[from] item: Leftovers
|upkeep
|turn|10
|
|t:|1667929414
|move|p1a: rotomwash|Pain Split|p2a: Gastrodon
|-sethp|p2a: Gastrodon|70/100|[from] move: Pain Split|[silent]
|-sethp|p1a: rotomwash|99/100|[from] move: Pain Split
|move|p2a: Gastrodon|Scald|p1a: rotomwash
|-resisted|p1a: rotomwash
|-damage|p1a: rotomwash|85/100
|
|-heal|p1a: rotomwash|91/100|[from] item: Leftovers
|upkeep
|turn|11
|
|t:|1667929415
|move|p1a: rotomwash|Pain Split|p2a: Gastrodon
|-sethp|p2a: Gastrodon|68/100|[from] move: Pain Split|[silent]
|-sethp|p1a: rotomwash|95/100|[from] move: Pain Split
|move|p2a: Gastrodon|Scald|p1a: rotomwash
|-resisted|p1a: rotomwash
|-damage|p1a: rotomwash|80/100
|
|-heal|p1a: rotomwash|87/100|[from] item: Leftovers
|upkeep
|turn|12
|
|t:|1667929418
|move|p1a: rotomwash|Pain Split|p2a: Gastrodon
|-sethp|p2a: Gastrodon|65/100|[from] move: Pain Split|[silent]
|-sethp|p1a: rotomwash|91/100|[from] move: Pain Split
|move|p2a: Gastrodon|Scald|p1a: rotomwash
|-resisted|p1a: rotomwash
|-damage|p1a: rotomwash|77/100
|
|-heal|p1a: rotomwash|84/100|[from] item: Leftovers
|upkeep
|turn|13
|
|t:|1667929419
|move|p1a: rotomwash|Pain Split|p2a: Gastrodon
|-sethp|p2a: Gastrodon|62/100|[from] move: Pain Split|[silent]
|-sethp|p1a: rotomwash|87/100|[from] move: Pain Split
|move|p2a: Gastrodon|Scald|p1a: rotomwash
|-resisted|p1a: rotomwash
|-damage|p1a: rotomwash|72/100
|
|-heal|p1a: rotomwash|78/100|[from] item: Leftovers
|upkeep
|turn|14
|
|t:|1667929421
|move|p1a: rotomwash|Pain Split|p2a: Gastrodon
|-sethp|p2a: Gastrodon|59/100|[from] move: Pain Split|[silent]
|-sethp|p1a: rotomwash|83/100|[from] move: Pain Split
|move|p2a: Gastrodon|Scald|p1a: rotomwash
|-resisted|p1a: rotomwash
|-damage|p1a: rotomwash|69/100
|-status|p1a: rotomwash|brn
|
|-heal|p1a: rotomwash|75/100 brn|[from] item: Leftovers
|-damage|p1a: rotomwash|69/100 brn|[from] brn
|upkeep
|turn|15
|
|t:|1667929424
|move|p1a: rotomwash|Thunderbolt|p2a: Gastrodon
|-immune|p2a: Gastrodon
|move|p2a: Gastrodon|Recover|p2a: Gastrodon
|-heal|p2a: Gastrodon|100/100
|
|-heal|p1a: rotomwash|75/100 brn|[from] item: Leftovers
|-damage|p1a: rotomwash|69/100 brn|[from] brn
|upkeep
|turn|16
|
|t:|1667929427
|move|p2a: Gastrodon|Protect|p2a: Gastrodon
|-singleturn|p2a: Gastrodon|Protect
|move|p1a: rotomwash|Thunderbolt|p2a: Gastrodon
|-activate|p2a: Gastrodon|move: Protect
|
|-heal|p1a: rotomwash|75/100 brn|[from] item: Leftovers
|-damage|p1a: rotomwash|69/100 brn|[from] brn
|upkeep
|turn|17
|
|t:|1667929428
|move|p1a: rotomwash|Pain Split|p2a: Gastrodon
|-sethp|p2a: Gastrodon|75/100|[from] move: Pain Split|[silent]
|-sethp|p1a: rotomwash|100/100 brn|[from] move: Pain Split
|move|p2a: Gastrodon|Earthquake|p1a: rotomwash
|-immune|p1a: rotomwash|[from] ability: Levitate
|
|-damage|p1a: rotomwash|94/100 brn|[from] brn
|upkeep
|turn|18
|
|t:|1667929431
|move|p2a: Gastrodon|Protect|p2a: Gastrodon
|-singleturn|p2a: Gastrodon|Protect
|move|p1a: rotomwash|Pain Split|p2a: Gastrodon
|-activate|p2a: Gastrodon|move: Protect
|
|-heal|p1a: rotomwash|100/100 brn|[from] item: Leftovers
|-damage|p1a: rotomwash|94/100 brn|[from] brn
|upkeep
|turn|19
|inactive|BTLT200$ Qrts has 120 seconds left.
|
|t:|1667929466
|move|p1a: rotomwash|Pain Split|p2a: Gastrodon
|-sethp|p2a: Gastrodon|71/100|[from] move: Pain Split|[silent]
|-sethp|p1a: rotomwash|99/100 brn|[from] move: Pain Split
|move|p2a: Gastrodon|Scald|p1a: rotomwash
|-resisted|p1a: rotomwash
|-crit|p1a: rotomwash
|-damage|p1a: rotomwash|78/100 brn
|
|-heal|p1a: rotomwash|84/100 brn|[from] item: Leftovers
|-damage|p1a: rotomwash|78/100 brn|[from] brn
|upkeep
|turn|20
|
|t:|1667929472
|move|p2a: Gastrodon|Protect|p2a: Gastrodon
|-singleturn|p2a: Gastrodon|Protect
|move|p1a: rotomwash|Pain Split|p2a: Gastrodon
|-activate|p2a: Gastrodon|move: Protect
|
|-heal|p1a: rotomwash|84/100 brn|[from] item: Leftovers
|-damage|p1a: rotomwash|78/100 brn|[from] brn
|upkeep
|turn|21
|
|t:|1667929477
|move|p1a: rotomwash|Pain Split|p2a: Gastrodon
|-sethp|p2a: Gastrodon|63/100|[from] move: Pain Split|[silent]
|-sethp|p1a: rotomwash|89/100 brn|[from] move: Pain Split
|move|p2a: Gastrodon|Earthquake|p1a: rotomwash
|-immune|p1a: rotomwash|[from] ability: Levitate
|
|-heal|p1a: rotomwash|95/100 brn|[from] item: Leftovers
|-damage|p1a: rotomwash|89/100 brn|[from] brn
|upkeep
|turn|22
|
|t:|1667929484
|move|p1a: rotomwash|Pain Split|p2a: Gastrodon
|-sethp|p2a: Gastrodon|63/100|[from] move: Pain Split|[silent]
|-sethp|p1a: rotomwash|89/100 brn|[from] move: Pain Split
|move|p2a: Gastrodon|Earthquake|p1a: rotomwash
|-immune|p1a: rotomwash|[from] ability: Levitate
|
|-heal|p1a: rotomwash|95/100 brn|[from] item: Leftovers
|-damage|p1a: rotomwash|89/100 brn|[from] brn
|upkeep
|turn|23
|
|t:|1667929487
|switch|p2a: Clefable|Clefable, F|100/100
|move|p1a: rotomwash|Pain Split|p2a: Clefable
|-sethp|p2a: Clefable|85/100|[from] move: Pain Split|[silent]
|-sethp|p1a: rotomwash|100/100 brn|[from] move: Pain Split
|
|-damage|p1a: rotomwash|94/100 brn|[from] brn
|upkeep
|turn|24
|
|t:|1667929489
|switch|p2a: Gastrodon|Gastrodon-East, M|63/100
|move|p1a: rotomwash|Thunderbolt|p2a: Gastrodon
|-immune|p2a: Gastrodon
|
|-heal|p1a: rotomwash|100/100 brn|[from] item: Leftovers
|-damage|p1a: rotomwash|94/100 brn|[from] brn
|upkeep
|turn|25
|
|t:|1667929494
|move|p1a: rotomwash|Pain Split|p2a: Gastrodon
|-sethp|p2a: Gastrodon|65/100|[from] move: Pain Split|[silent]
|-sethp|p1a: rotomwash|91/100 brn|[from] move: Pain Split
|move|p2a: Gastrodon|Recover|p2a: Gastrodon
|-heal|p2a: Gastrodon|100/100
|
|-heal|p1a: rotomwash|98/100 brn|[from] item: Leftovers
|-damage|p1a: rotomwash|91/100 brn|[from] brn
|upkeep
|turn|26
|
|t:|1667929496
|switch|p2a: Tapu Koko|Tapu Koko|100/100
|-fieldstart|move: Electric Terrain|[from] ability: Electric Surge|[of] p2a: Tapu Koko
|move|p1a: rotomwash|Pain Split|p2a: Tapu Koko
|-sethp|p2a: Tapu Koko|99/100|[from] move: Pain Split|[silent]
|-sethp|p1a: rotomwash|92/100 brn|[from] move: Pain Split
|
|-heal|p1a: rotomwash|98/100 brn|[from] item: Leftovers
|-damage|p1a: rotomwash|92/100 brn|[from] brn
|upkeep
|turn|27
|
|t:|1667929500
|switch|p2a: Gastrodon|Gastrodon-East, M|100/100
|move|p1a: rotomwash|Pain Split|p2a: Gastrodon
|-sethp|p2a: Gastrodon|83/100|[from] move: Pain Split|[silent]
|-sethp|p1a: rotomwash|100/100 brn|[from] move: Pain Split
|
|-damage|p1a: rotomwash|94/100 brn|[from] brn
|upkeep
|turn|28
|
|t:|1667929511
|move|p1a: rotomwash|Pain Split|p2a: Gastrodon
|-sethp|p2a: Gastrodon|75/100|[from] move: Pain Split|[silent]
|-sethp|p1a: rotomwash|100/100 brn|[from] move: Pain Split
|move|p2a: Gastrodon|Scald|p1a: rotomwash
|-resisted|p1a: rotomwash
|-damage|p1a: rotomwash|88/100 brn
|
|-heal|p1a: rotomwash|94/100 brn|[from] item: Leftovers
|-damage|p1a: rotomwash|88/100 brn|[from] brn
|upkeep
|turn|29
|
|t:|1667929515
|move|p1a: rotomwash|Pain Split|p2a: Gastrodon
|-sethp|p2a: Gastrodon|69/100|[from] move: Pain Split|[silent]
|-sethp|p1a: rotomwash|96/100 brn|[from] move: Pain Split
|move|p2a: Gastrodon|Scald|p1a: rotomwash
|-resisted|p1a: rotomwash
|-damage|p1a: rotomwash|82/100 brn
|
|-heal|p1a: rotomwash|89/100 brn|[from] item: Leftovers
|-damage|p1a: rotomwash|82/100 brn|[from] brn
|upkeep
|turn|30
|
|t:|1667929519
|move|p1a: rotomwash|Pain Split|p2a: Gastrodon
|-sethp|p2a: Gastrodon|64/100|[from] move: Pain Split|[silent]
|-sethp|p1a: rotomwash|89/100 brn|[from] move: Pain Split
|move|p2a: Gastrodon|Scald|p1a: rotomwash
|-resisted|p1a: rotomwash
|-damage|p1a: rotomwash|75/100 brn
|
|-heal|p1a: rotomwash|82/100 brn|[from] item: Leftovers
|-damage|p1a: rotomwash|75/100 brn|[from] brn
|-fieldend|move: Electric Terrain
|upkeep
|turn|31
|
|t:|1667929525
|switch|p2a: Zapdos|Zapdos|100/100
|-ability|p2a: Zapdos|Pressure
|move|p1a: rotomwash|Pain Split|p2a: Zapdos
|-sethp|p2a: Zapdos|81/100|[from] move: Pain Split|[silent]
|-sethp|p1a: rotomwash|99/100 brn|[from] move: Pain Split
|
|-heal|p1a: rotomwash|100/100 brn|[from] item: Leftovers
|-damage|p1a: rotomwash|94/100 brn|[from] brn
|upkeep
|turn|32
|
|t:|1667929529
|switch|p2a: Gastrodon|Gastrodon-East, M|64/100
|move|p1a: rotomwash|Pain Split|p2a: Gastrodon
|-sethp|p2a: Gastrodon|66/100|[from] move: Pain Split|[silent]
|-sethp|p1a: rotomwash|92/100 brn|[from] move: Pain Split
|
|-heal|p1a: rotomwash|98/100 brn|[from] item: Leftovers
|-damage|p1a: rotomwash|92/100 brn|[from] brn
|upkeep
|turn|33
|
|t:|1667929534
|move|p1a: rotomwash|Pain Split|p2a: Gastrodon
|-sethp|p2a: Gastrodon|66/100|[from] move: Pain Split|[silent]
|-sethp|p1a: rotomwash|92/100 brn|[from] move: Pain Split
|move|p2a: Gastrodon|Recover|p2a: Gastrodon
|-heal|p2a: Gastrodon|100/100
|
|-heal|p1a: rotomwash|98/100 brn|[from] item: Leftovers
|-damage|p1a: rotomwash|92/100 brn|[from] brn
|upkeep
|turn|34
|
|t:|1667929538
|switch|p2a: Zapdos|Zapdos|81/100
|-ability|p2a: Zapdos|Pressure
|move|p1a: rotomwash|Pain Split|p2a: Zapdos
|-sethp|p2a: Zapdos|77/100|[from] move: Pain Split|[silent]
|-sethp|p1a: rotomwash|96/100 brn|[from] move: Pain Split
|
|-heal|p1a: rotomwash|100/100 brn|[from] item: Leftovers
|-damage|p1a: rotomwash|94/100 brn|[from] brn
|upkeep
|turn|35
|
|t:|1667929542
|move|p2a: Zapdos|Substitute|p2a: Zapdos
|-start|p2a: Zapdos|Substitute
|-damage|p2a: Zapdos|52/100
|move|p1a: rotomwash|Pain Split||[still]
|-fail|p1a: rotomwash
|
|-heal|p1a: rotomwash|100/100 brn|[from] item: Leftovers
|-damage|p1a: rotomwash|94/100 brn|[from] brn
|upkeep
|turn|36
|
|t:|1667929546
|move|p2a: Zapdos|Discharge|p1a: rotomwash
|-damage|p1a: rotomwash|57/100 brn
|move|p1a: rotomwash|Thunderbolt|p2a: Zapdos
|-end|p2a: Zapdos|Substitute
|
|-heal|p1a: rotomwash|64/100 brn|[from] item: Leftovers
|-damage|p1a: rotomwash|57/100 brn|[from] brn
|upkeep
|turn|37
|
|t:|1667929550
|switch|p2a: Gastrodon|Gastrodon-East, M|100/100
|move|p1a: rotomwash|Thunderbolt|p2a: Gastrodon
|-immune|p2a: Gastrodon
|
|-heal|p1a: rotomwash|64/100 brn|[from] item: Leftovers
|-damage|p1a: rotomwash|57/100 brn|[from] brn
|upkeep
|turn|38
|
|t:|1667929553
|switch|p2a: Zapdos|Zapdos|52/100
|-ability|p2a: Zapdos|Pressure
|move|p1a: rotomwash|Pain Split|p2a: Zapdos
|-sethp|p2a: Zapdos|49/100|[from] move: Pain Split|[silent]
|-sethp|p1a: rotomwash|61/100 brn|[from] move: Pain Split
|
|-heal|p1a: rotomwash|67/100 brn|[from] item: Leftovers
|-damage|p1a: rotomwash|61/100 brn|[from] brn
|upkeep
|turn|39
|
|t:|1667929556
|switch|p2a: Gastrodon|Gastrodon-East, M|100/100
|move|p1a: rotomwash|Thunderbolt|p2a: Gastrodon
|-immune|p2a: Gastrodon
|
|-heal|p1a: rotomwash|67/100 brn|[from] item: Leftovers
|-damage|p1a: rotomwash|61/100 brn|[from] brn
|upkeep
|turn|40
|
|t:|1667929559
|move|p1a: rotomwash|Pain Split|p2a: Gastrodon
|-sethp|p2a: Gastrodon|72/100|[from] move: Pain Split|[silent]
|-sethp|p1a: rotomwash|100/100 brn|[from] move: Pain Split
|move|p2a: Gastrodon|Scald|p1a: rotomwash
|-resisted|p1a: rotomwash
|-damage|p1a: rotomwash|86/100 brn
|
|-heal|p1a: rotomwash|93/100 brn|[from] item: Leftovers
|-damage|p1a: rotomwash|86/100 brn|[from] brn
|upkeep
|turn|41
|
|t:|1667929564
|move|p1a: rotomwash|Thunderbolt|p2a: Gastrodon
|-immune|p2a: Gastrodon
|move|p2a: Gastrodon|Scald|p1a: rotomwash
|-resisted|p1a: rotomwash
|-damage|p1a: rotomwash|72/100 brn
|
|-heal|p1a: rotomwash|78/100 brn|[from] item: Leftovers
|-damage|p1a: rotomwash|72/100 brn|[from] brn
|upkeep
|turn|42
|
|t:|1667929566
|move|p1a: rotomwash|Pain Split|p2a: Gastrodon
|-sethp|p2a: Gastrodon|62/100|[from] move: Pain Split|[silent]
|-sethp|p1a: rotomwash|86/100 brn|[from] move: Pain Split
|move|p2a: Gastrodon|Recover|p2a: Gastrodon
|-heal|p2a: Gastrodon|100/100
|
|-heal|p1a: rotomwash|93/100 brn|[from] item: Leftovers
|-damage|p1a: rotomwash|86/100 brn|[from] brn
|upkeep
|turn|43
|
|t:|1667929571
|move|p1a: rotomwash|Thunderbolt|p2a: Gastrodon
|-immune|p2a: Gastrodon
|move|p2a: Gastrodon|Scald|p1a: rotomwash
|-resisted|p1a: rotomwash
|-damage|p1a: rotomwash|73/100 brn
|
|-heal|p1a: rotomwash|79/100 brn|[from] item: Leftovers
|-damage|p1a: rotomwash|73/100 brn|[from] brn
|upkeep
|turn|44
|
|t:|1667929572
|move|p1a: rotomwash|Pain Split|p2a: Gastrodon
|-sethp|p2a: Gastrodon|76/100|[from] move: Pain Split|[silent]
|-sethp|p1a: rotomwash|100/100 brn|[from] move: Pain Split
|move|p2a: Gastrodon|Scald|p1a: rotomwash
|-resisted|p1a: rotomwash
|-damage|p1a: rotomwash|87/100 brn
|
|-heal|p1a: rotomwash|93/100 brn|[from] item: Leftovers
|-damage|p1a: rotomwash|87/100 brn|[from] brn
|upkeep
|turn|45
|
|t:|1667929575
|move|p1a: rotomwash|Thunderbolt|p2a: Gastrodon
|-immune|p2a: Gastrodon
|move|p2a: Gastrodon|Scald|p1a: rotomwash
|-resisted|p1a: rotomwash
|-damage|p1a: rotomwash|73/100 brn
|
|-heal|p1a: rotomwash|79/100 brn|[from] item: Leftovers
|-damage|p1a: rotomwash|73/100 brn|[from] brn
|upkeep
|turn|46
|
|t:|1667929577
|move|p1a: rotomwash|Thunderbolt|p2a: Gastrodon
|-immune|p2a: Gastrodon
|move|p2a: Gastrodon|Scald|p1a: rotomwash
|-resisted|p1a: rotomwash
|-damage|p1a: rotomwash|59/100 brn
|
|-heal|p1a: rotomwash|66/100 brn|[from] item: Leftovers
|-damage|p1a: rotomwash|59/100 brn|[from] brn
|upkeep
|turn|47
|
|t:|1667929578
|move|p1a: rotomwash|Thunderbolt|p2a: Gastrodon
|-immune|p2a: Gastrodon
|move|p2a: Gastrodon|Scald|p1a: rotomwash
|-resisted|p1a: rotomwash
|-damage|p1a: rotomwash|47/100 brn
|
|-heal|p1a: rotomwash|53/100 brn|[from] item: Leftovers
|-damage|p1a: rotomwash|47/100 brn|[from] brn
|upkeep
|turn|48
|
|t:|1667929580
|move|p1a: rotomwash|Thunderbolt|p2a: Gastrodon
|-immune|p2a: Gastrodon
|move|p2a: Gastrodon|Scald|p1a: rotomwash
|-resisted|p1a: rotomwash
|-damage|p1a: rotomwash|33/100 brn
|
|-heal|p1a: rotomwash|39/100 brn|[from] item: Leftovers
|-damage|p1a: rotomwash|33/100 brn|[from] brn
|upkeep
|turn|49
|
|t:|1667929582
|move|p1a: rotomwash|Thunderbolt|p2a: Gastrodon
|-immune|p2a: Gastrodon
|move|p2a: Gastrodon|Scald|p1a: rotomwash
|-resisted|p1a: rotomwash
|-damage|p1a: rotomwash|18/100 brn
|
|-heal|p1a: rotomwash|25/100 brn|[from] item: Leftovers
|-damage|p1a: rotomwash|18/100 brn|[from] brn
|upkeep
|turn|50
|
|t:|1667929584
|move|p1a: rotomwash|Thunderbolt|p2a: Gastrodon
|-immune|p2a: Gastrodon
|move|p2a: Gastrodon|Scald|p1a: rotomwash
|-resisted|p1a: rotomwash
|-damage|p1a: rotomwash|4/100 brn
|
|-heal|p1a: rotomwash|11/100 brn|[from] item: Leftovers
|-damage|p1a: rotomwash|4/100 brn|[from] brn
|upkeep
|turn|51
|
|t:|1667929586
|switch|p1a: Tangrowth|Tangrowth, F|100/100
|move|p2a: Gastrodon|Recover|p2a: Gastrodon
|-heal|p2a: Gastrodon|100/100
|
|upkeep
|turn|52
|j| pdg sous lean
|
|t:|1667929591
|switch|p2a: Clefable|Clefable, F|85/100
|move|p1a: Tangrowth|Sleep Powder|p2a: Clefable
|-status|p2a: Clefable|slp|[from] move: Sleep Powder
|
|upkeep
|turn|53
|
|t:|1667929595
|switch|p2a: Skarmory|Skarmory, M|100/100
|switch|p1a: Heatran|Heatran, M|100/100
|-item|p1a: Heatran|Air Balloon
|
|upkeep
|turn|54
|
|t:|1667929597
|switch|p2a: Gastrodon|Gastrodon-East, M|100/100
|move|p1a: Heatran|Magma Storm|p2a: Gastrodon
|-resisted|p2a: Gastrodon
|-damage|p2a: Gastrodon|84/100
|-activate|p2a: Gastrodon|move: Magma Storm|[of] p1a: Heatran
|
|-damage|p2a: Gastrodon|71/100|[from] move: Magma Storm|[partiallytrapped]
|upkeep
|turn|55
|
|t:|1667929601
|move|p1a: Heatran|Stealth Rock|p2a: Gastrodon
|-sidestart|p2: BTLT200$ Qrts|move: Stealth Rock
|move|p2a: Gastrodon|Recover|p2a: Gastrodon
|-heal|p2a: Gastrodon|100/100
|
|-damage|p2a: Gastrodon|88/100|[from] move: Magma Storm|[partiallytrapped]
|upkeep
|turn|56
|
|t:|1667929602
|switch|p1a: Tangrowth|Tangrowth, F|100/100
|move|p2a: Gastrodon|Scald|p1a: Tangrowth
|-resisted|p1a: Tangrowth
|-damage|p1a: Tangrowth|82/100
|
|-end|p2a: Gastrodon|Magma Storm|[partiallytrapped]|[silent]
|upkeep
|turn|57
|
|t:|1667929609
|switch|p2a: Tapu Koko|Tapu Koko|99/100
|-fieldstart|move: Electric Terrain|[from] ability: Electric Surge|[of] p2a: Tapu Koko
|move|p1a: Tangrowth|Giga Drain|p2a: Tapu Koko
|-damage|p2a: Tapu Koko|58/100
|-heal|p1a: Tangrowth|96/100|[from] drain|[of] p2a: Tapu Koko
|
|upkeep
|turn|58
|
|t:|1667929611
|move|p2a: Tapu Koko|Roost|p2a: Tapu Koko
|-heal|p2a: Tapu Koko|100/100
|-singleturn|p2a: Tapu Koko|move: Roost
|move|p1a: Tangrowth|Giga Drain|p2a: Tapu Koko
|-damage|p2a: Tapu Koko|56/100
|-heal|p1a: Tangrowth|100/100|[from] drain|[of] p2a: Tapu Koko
|
|upkeep
|turn|59
|
|t:|1667929615
|move|p2a: Tapu Koko|Calm Mind|p2a: Tapu Koko
|-boost|p2a: Tapu Koko|spa|1
|-boost|p2a: Tapu Koko|spd|1
|move|p1a: Tangrowth|Giga Drain|p2a: Tapu Koko
|-damage|p2a: Tapu Koko|28/100
|
|upkeep
|turn|60
|
|t:|1667929616
|switch|p1a: landorustherian|Landorus-Therian, M|100/100
|-ability|p1a: landorustherian|Intimidate|boost
|-unboost|p2a: Tapu Koko|atk|1
|move|p2a: Tapu Koko|Roost|p2a: Tapu Koko
|-heal|p2a: Tapu Koko|78/100
|-singleturn|p2a: Tapu Koko|move: Roost
|
|upkeep
|turn|61
|
|t:|1667929619
|switch|p2a: Skarmory|Skarmory, M|100/100
|-damage|p2a: Skarmory|88/100|[from] Stealth Rock
|move|p1a: landorustherian|Toxic|p2a: Skarmory
|-immune|p2a: Skarmory
|
|-fieldend|move: Electric Terrain
|upkeep
|turn|62
|
|t:|1667929621
|move|p1a: landorustherian|U-turn|p2a: Skarmory
|-resisted|p2a: Skarmory
|-damage|p2a: Skarmory|85/100
|-damage|p1a: landorustherian|84/100|[from] item: Rocky Helmet|[of] p2a: Skarmory
|
|t:|1667929621
|switch|p1a: Heatran|Heatran, M|100/100|[from]move: U-turn
|-item|p1a: Heatran|Air Balloon
|move|p2a: Skarmory|Body Press|p1a: Heatran
|-supereffective|p1a: Heatran
|-damage|p1a: Heatran|32/100
|-enditem|p1a: Heatran|Air Balloon
|
|upkeep
|turn|63
|
|t:|1667929624
|switch|p2a: Gastrodon|Gastrodon-East, M|88/100
|move|p1a: Heatran|Magma Storm|p2a: Gastrodon
|-resisted|p2a: Gastrodon
|-damage|p2a: Gastrodon|69/100
|-activate|p2a: Gastrodon|move: Magma Storm|[of] p1a: Heatran
|
|-damage|p2a: Gastrodon|57/100|[from] move: Magma Storm|[partiallytrapped]
|upkeep
|turn|64
|
|t:|1667929628
|switch|p1a: Tangrowth|Tangrowth, F|100/100
|move|p2a: Gastrodon|Earthquake|p1a: Tangrowth
|-resisted|p1a: Tangrowth
|-damage|p1a: Tangrowth|93/100
|
|-end|p2a: Gastrodon|Magma Storm|[partiallytrapped]|[silent]
|upkeep
|turn|65
|
|t:|1667929630
|switch|p2a: Skarmory|Skarmory, M|85/100
|-damage|p2a: Skarmory|72/100|[from] Stealth Rock
|move|p1a: Tangrowth|Giga Drain|p2a: Skarmory
|-resisted|p2a: Skarmory
|-damage|p2a: Skarmory|63/100
|-heal|p1a: Tangrowth|97/100|[from] drain|[of] p2a: Skarmory
|
|upkeep
|turn|66
|
|t:|1667929632
|move|p2a: Skarmory|Spikes|p1a: Tangrowth
|-sidestart|p1: minimax_ai|Spikes
|move|p1a: Tangrowth|Focus Blast|p2a: Skarmory
|-damage|p2a: Skarmory|20/100
|
|upkeep
|turn|67
|
|t:|1667929642
|move|p2a: Skarmory|Toxic|p1a: Tangrowth
|-status|p1a: Tangrowth|tox
|move|p1a: Tangrowth|Focus Blast|p2a: Skarmory|[miss]
|-miss|p1a: Tangrowth|p2a: Skarmory
|
|-damage|p1a: Tangrowth|91/100 tox|[from] psn
|upkeep
|turn|68
|
|t:|1667929647
|move|p2a: Skarmory|Spikes|p1a: Tangrowth
|-sidestart|p1: minimax_ai|Spikes
|move|p1a: Tangrowth|Focus Blast|p2a: Skarmory|[miss]
|-miss|p1a: Tangrowth|p2a: Skarmory
|
|-damage|p1a: Tangrowth|78/100 tox|[from] psn
|upkeep
|turn|69
|
|t:|1667929651
|switch|p1a: landorustherian|Landorus-Therian, M|84/100
|-ability|p1a: landorustherian|Intimidate|boost
|-unboost|p2a: Skarmory|atk|1
|move|p2a: Skarmory|Spikes|p1a: landorustherian
|-sidestart|p1: minimax_ai|Spikes
|
|-heal|p1a: landorustherian|90/100|[from] item: Leftovers
|upkeep
|turn|70
|
|t:|1667929653
|move|p1a: landorustherian|Defog|p2a: Skarmory
|-unboost|p2a: Skarmory|evasion|1
|-sideend|p2: BTLT200$ Qrts|Stealth Rock|[from] move: Defog|[of] p1a: landorustherian
|-sideend|p1: minimax_ai|Spikes|[from] move: Defog|[of] p1a: landorustherian
|move|p2a: Skarmory|Toxic|p1a: landorustherian|[miss]
|-miss|p2a: Skarmory|p1a: landorustherian
|
|-heal|p1a: landorustherian|96/100|[from] item: Leftovers
|upkeep
|turn|71
|
|t:|1667929656
|switch|p1a: rotomwash|Rotom-Wash|4/100 brn
|move|p2a: Skarmory|Roost|p2a: Skarmory
|-heal|p2a: Skarmory|70/100
|-singleturn|p2a: Skarmory|move: Roost
|
|-heal|p1a: rotomwash|11/100 brn|[from] item: Leftovers
|-damage|p1a: rotomwash|4/100 brn|[from] brn
|upkeep
|turn|72
|
|t:|1667929660
|switch|p1a: landorustherian|Landorus-Therian, M|96/100
|-ability|p1a: landorustherian|Intimidate|boost
|-unboost|p2a: Skarmory|atk|1
|switch|p2a: Gastrodon|Gastrodon-East, M|57/100
|
|-heal|p1a: landorustherian|100/100|[from] item: Leftovers
|upkeep
|turn|73
|
|t:|1667929663
|switch|p2a: Skarmory|Skarmory, M|70/100
|move|p1a: landorustherian|Earthquake|p2a: Skarmory
|-immune|p2a: Skarmory
|
|upkeep
|turn|74
|
|t:|1667929666
|move|p1a: landorustherian|U-turn|p2a: Skarmory
|-resisted|p2a: Skarmory
|-damage|p2a: Skarmory|67/100
|-damage|p1a: landorustherian|84/100|[from] item: Rocky Helmet|[of] p2a: Skarmory
|
|t:|1667929666
|switch|p1a: Tangrowth|Tangrowth, F|100/100 tox|[from]move: U-turn
|move|p2a: Skarmory|Spikes|p1a: Tangrowth
|-sidestart|p1: minimax_ai|Spikes
|
|-damage|p1a: Tangrowth|94/100 tox|[from] psn
|upkeep
|turn|75
|
|t:|1667929671
|switch|p2a: Zapdos|Zapdos|49/100
|-ability|p2a: Zapdos|Pressure
|switch|p1a: landorustherian|Landorus-Therian, M|84/100
|-ability|p1a: landorustherian|Intimidate|boost
|-unboost|p2a: Zapdos|atk|1
|
|-heal|p1a: landorustherian|90/100|[from] item: Leftovers
|upkeep
|turn|76
|
|t:|1667929674
|move|p2a: Zapdos|Substitute|p2a: Zapdos
|-start|p2a: Zapdos|Substitute
|-damage|p2a: Zapdos|24/100
|move|p1a: landorustherian|Toxic||[still]
|-fail|p1a: landorustherian
|
|-heal|p1a: landorustherian|96/100|[from] item: Leftovers
|upkeep
|turn|77
|
|t:|1667929676
|move|p2a: Zapdos|Roost|p2a: Zapdos
|-heal|p2a: Zapdos|75/100
|-singleturn|p2a: Zapdos|move: Roost
|move|p1a: landorustherian|Defog|p2a: Zapdos
|-sideend|p1: minimax_ai|Spikes|[from] move: Defog|[of] p1a: landorustherian
|
|-heal|p1a: landorustherian|100/100|[from] item: Leftovers
|upkeep
|turn|78
|
|t:|1667929681
|move|p2a: Zapdos|Hurricane|p1a: landorustherian
|-damage|p1a: landorustherian|63/100
|move|p1a: landorustherian|U-turn|p2a: Zapdos
|-resisted|p2a: Zapdos
|-activate|p2a: Zapdos|move: Substitute|[damage]
|
|t:|1667929681
|switch|p1a: Melmetal|Melmetal|34/100|[from]move: U-turn
|
|upkeep
|turn|79
|
|t:|1667929685
|move|p2a: Zapdos|Discharge|p1a: Melmetal
|-damage|p1a: Melmetal|15/100
|move|p1a: Melmetal|Ice Punch|p2a: Zapdos
|-supereffective|p2a: Zapdos
|-end|p2a: Zapdos|Substitute
|
|upkeep
|turn|80
|
|t:|1667929690
|switch|p2a: Skarmory|Skarmory, M|67/100
|switch|p1a: landorustherian|Landorus-Therian, M|63/100
|-ability|p1a: landorustherian|Intimidate|boost
|-unboost|p2a: Skarmory|atk|1
|
|-heal|p1a: landorustherian|69/100|[from] item: Leftovers
|upkeep
|turn|81
|
|t:|1667929692
|move|p1a: landorustherian|Defog|p2a: Skarmory
|-unboost|p2a: Skarmory|evasion|1
|move|p2a: Skarmory|Roost|p2a: Skarmory
|-heal|p2a: Skarmory|100/100
|-singleturn|p2a: Skarmory|move: Roost
|
|-heal|p1a: landorustherian|75/100|[from] item: Leftovers
|upkeep
|turn|82
|
|t:|1667929694
|move|p1a: landorustherian|Defog|p2a: Skarmory
|-unboost|p2a: Skarmory|evasion|1
|move|p2a: Skarmory|Toxic|p1a: landorustherian
|-status|p1a: landorustherian|tox
|
|-heal|p1a: landorustherian|81/100 tox|[from] item: Leftovers
|-damage|p1a: landorustherian|75/100 tox|[from] psn
|upkeep
|turn|83
|
|t:|1667929696
|switch|p1a: rotomwash|Rotom-Wash|4/100 brn
|move|p2a: Skarmory|Spikes|p1a: rotomwash
|-sidestart|p1: minimax_ai|Spikes
|
|-heal|p1a: rotomwash|11/100 brn|[from] item: Leftovers
|-damage|p1a: rotomwash|4/100 brn|[from] brn
|upkeep
|turn|84
|
|t:|1667929698
|switch|p1a: landorustherian|Landorus-Therian, M|75/100 tox
|-ability|p1a: landorustherian|Intimidate|boost
|-unboost|p2a: Skarmory|atk|1
|switch|p2a: Gastrodon|Gastrodon-East, M|57/100
|
|-heal|p1a: landorustherian|81/100 tox|[from] item: Leftovers
|-damage|p1a: landorustherian|75/100 tox|[from] psn
|upkeep
|turn|85
|
|t:|1667929701
|switch|p2a: Skarmory|Skarmory, M|100/100
|move|p1a: landorustherian|Earthquake|p2a: Skarmory
|-immune|p2a: Skarmory
|
|-heal|p1a: landorustherian|81/100 tox|[from] item: Leftovers
|-damage|p1a: landorustherian|69/100 tox|[from] psn
|upkeep
|turn|86
|
|t:|1667929703
|move|p1a: landorustherian|U-turn|p2a: Skarmory
|-resisted|p2a: Skarmory
|-damage|p2a: Skarmory|97/100
|-damage|p1a: landorustherian|52/100 tox|[from] item: Rocky Helmet|[of] p2a: Skarmory
|
|t:|1667929703
|switch|p1a: rotomwash|Rotom-Wash|4/100 brn|[from]move: U-turn
|move|p2a: Skarmory|Spikes|p1a: rotomwash
|-sidestart|p1: minimax_ai|Spikes
|
|-heal|p1a: rotomwash|11/100 brn|[from] item: Leftovers
|-damage|p1a: rotomwash|4/100 brn|[from] brn
|upkeep
|turn|87
|
|t:|1667929706
|switch|p1a: landorustherian|Landorus-Therian, M|52/100 tox
|-ability|p1a: landorustherian|Intimidate|boost
|-unboost|p2a: Skarmory|atk|1
|switch|p2a: Gastrodon|Gastrodon-East, M|57/100
|
|-heal|p1a: landorustherian|58/100 tox|[from] item: Leftovers
|-damage|p1a: landorustherian|52/100 tox|[from] psn
|upkeep
|turn|88
|
|t:|1667929708
|switch|p2a: Skarmory|Skarmory, M|97/100
|move|p1a: landorustherian|Defog|p2a: Skarmory
|-unboost|p2a: Skarmory|evasion|1
|-sideend|p1: minimax_ai|Spikes|[from] move: Defog|[of] p1a: landorustherian
|
|-heal|p1a: landorustherian|58/100 tox|[from] item: Leftovers
|-damage|p1a: landorustherian|46/100 tox|[from] psn
|upkeep
|turn|89
|
|t:|1667929710
|move|p1a: landorustherian|U-turn|p2a: Skarmory
|-resisted|p2a: Skarmory
|-damage|p2a: Skarmory|94/100
|-damage|p1a: landorustherian|30/100 tox|[from] item: Rocky Helmet|[of] p2a: Skarmory
|
|t:|1667929710
|switch|p1a: Tangrowth|Tangrowth, F|100/100 tox|[from]move: U-turn
|move|p2a: Skarmory|Spikes|p1a: Tangrowth
|-sidestart|p1: minimax_ai|Spikes
|
|-damage|p1a: Tangrowth|94/100 tox|[from] psn
|upkeep
|turn|90
|
|t:|1667929714
|switch|p2a: Zapdos|Zapdos|75/100
|-ability|p2a: Zapdos|Pressure
|move|p1a: Tangrowth|Focus Blast|p2a: Zapdos
|-resisted|p2a: Zapdos
|-damage|p2a: Zapdos|61/100
|
|-damage|p1a: Tangrowth|82/100 tox|[from] psn
|upkeep
|turn|91
|
|t:|1667929719
|switch|p1a: Weavile|Weavile, F|100/100
|-damage|p1a: Weavile|88/100|[from] Spikes
|-ability|p1a: Weavile|Pressure
|move|p2a: Zapdos|Roost|p2a: Zapdos
|-heal|p2a: Zapdos|100/100
|-singleturn|p2a: Zapdos|move: Roost
|
|upkeep
|turn|92
|
|t:|1667929721
|switch|p2a: Skarmory|Skarmory, M|94/100
|move|p1a: Weavile|Knock Off|p2a: Skarmory
|-damage|p2a: Skarmory|56/100
|-damage|p1a: Weavile|72/100|[from] item: Rocky Helmet|[of] p2a: Skarmory
|-enditem|p2a: Skarmory|Rocky Helmet|[from] move: Knock Off|[of] p1a: Weavile
|
|upkeep
|turn|93
|
|t:|1667929723
|switch|p1a: landorustherian|Landorus-Therian, M|30/100 tox
|-ability|p1a: landorustherian|Intimidate|boost
|-unboost|p2a: Skarmory|atk|1
|move|p2a: Skarmory|Roost|p2a: Skarmory
|-heal|p2a: Skarmory|100/100
|-singleturn|p2a: Skarmory|move: Roost
|
|-heal|p1a: landorustherian|36/100 tox|[from] item: Leftovers
|-damage|p1a: landorustherian|30/100 tox|[from] psn
|upkeep
|turn|94
|
|t:|1667929725
|move|p1a: landorustherian|Defog|p2a: Skarmory
|-unboost|p2a: Skarmory|evasion|1
|-sideend|p1: minimax_ai|Spikes|[from] move: Defog|[of] p1a: landorustherian
|move|p2a: Skarmory|Body Press|p1a: landorustherian
|-resisted|p1a: landorustherian
|-damage|p1a: landorustherian|13/100 tox
|
|-heal|p1a: landorustherian|19/100 tox|[from] item: Leftovers
|-damage|p1a: landorustherian|7/100 tox|[from] psn
|upkeep
|turn|95
|
|t:|1667929727
|move|p1a: landorustherian|U-turn|p2a: Skarmory
|-resisted|p2a: Skarmory
|-damage|p2a: Skarmory|98/100
|
|t:|1667929727
|switch|p1a: rotomwash|Rotom-Wash|4/100 brn|[from]move: U-turn
|move|p2a: Skarmory|Spikes|p1a: rotomwash
|-sidestart|p1: minimax_ai|Spikes
|
|-heal|p1a: rotomwash|11/100 brn|[from] item: Leftovers
|-damage|p1a: rotomwash|4/100 brn|[from] brn
|upkeep
|turn|96
|
|t:|1667929732
|switch|p2a: Tapu Koko|Tapu Koko|78/100
|-fieldstart|move: Electric Terrain|[from] ability: Electric Surge|[of] p2a: Tapu Koko
|move|p1a: rotomwash|Thunderbolt|p2a: Tapu Koko
|-resisted|p2a: Tapu Koko
|-damage|p2a: Tapu Koko|52/100
|
|-heal|p1a: rotomwash|11/100 brn|[from] item: Leftovers
|-damage|p1a: rotomwash|4/100 brn|[from] brn
|upkeep
|turn|97
|
|t:|1667929734
|move|p2a: Tapu Koko|Dazzling Gleam|p1a: rotomwash
|-damage|p1a: rotomwash|0 fnt
|faint|p1a: rotomwash
|
|upkeep
|
|t:|1667929734
|switch|p1a: Tangrowth|Tangrowth, F|100/100 tox
|-damage|p1a: Tangrowth|88/100 tox|[from] Spikes
|turn|98
|
|t:|1667929739
|move|p2a: Tapu Koko|Calm Mind|p2a: Tapu Koko
|-boost|p2a: Tapu Koko|spa|1
|-boost|p2a: Tapu Koko|spd|1
|move|p1a: Tangrowth|Giga Drain|p2a: Tapu Koko
|-damage|p2a: Tapu Koko|24/100
|-heal|p1a: Tangrowth|98/100 tox|[from] drain|[of] p2a: Tapu Koko
|
|-damage|p1a: Tangrowth|92/100 tox|[from] psn
|upkeep
|turn|99
|
|t:|1667929741
|move|p2a: Tapu Koko|Roost|p2a: Tapu Koko
|-heal|p2a: Tapu Koko|74/100
|-singleturn|p2a: Tapu Koko|move: Roost
|move|p1a: Tangrowth|Giga Drain|p2a: Tapu Koko
|-damage|p2a: Tapu Koko|44/100
|-heal|p1a: Tangrowth|100/100 tox|[from] drain|[of] p2a: Tapu Koko
|
|-damage|p1a: Tangrowth|88/100 tox|[from] psn
|upkeep
|turn|100
|
|t:|1667929744
|move|p2a: Tapu Koko|Calm Mind|p2a: Tapu Koko
|-boost|p2a: Tapu Koko|spa|1
|-boost|p2a: Tapu Koko|spd|1
|move|p1a: Tangrowth|Giga Drain|p2a: Tapu Koko
|-damage|p2a: Tapu Koko|23/100
|-heal|p1a: Tangrowth|95/100 tox|[from] drain|[of] p2a: Tapu Koko
|
|-damage|p1a: Tangrowth|77/100 tox|[from] psn
|-fieldend|move: Electric Terrain
|upkeep
|turn|101
|
|t:|1667929745
|switch|p1a: landorustherian|Landorus-Therian, M|7/100 tox
|-ability|p1a: landorustherian|Intimidate|boost
|-unboost|p2a: Tapu Koko|atk|1
|move|p2a: Tapu Koko|Roost|p2a: Tapu Koko
|-heal|p2a: Tapu Koko|73/100
|-singleturn|p2a: Tapu Koko|move: Roost
|
|-heal|p1a: landorustherian|13/100 tox|[from] item: Leftovers
|-damage|p1a: landorustherian|7/100 tox|[from] psn
|upkeep
|turn|102
|
|t:|1667929748
|move|p2a: Tapu Koko|Dazzling Gleam|p1a: landorustherian
|-damage|p1a: landorustherian|0 fnt
|faint|p1a: landorustherian
|
|upkeep
|
|t:|1667929748
|switch|p1a: Melmetal|Melmetal|15/100
|-damage|p1a: Melmetal|2/100|[from] Spikes
|turn|103
|
|t:|1667929749
|move|p2a: Tapu Koko|Thunderbolt|p1a: Melmetal
|-damage|p1a: Melmetal|0 fnt
|faint|p1a: Melmetal
|
|upkeep
|
|t:|1667929749
|switch|p1a: Heatran|Heatran, M|32/100
|-damage|p1a: Heatran|19/100|[from] Spikes
|turn|104
|
|t:|1667929751
|move|p2a: Tapu Koko|Thunderbolt|p1a: Heatran
|-damage|p1a: Heatran|0 fnt
|faint|p1a: Heatran
|
|upkeep
|
|t:|1667929751
|switch|p1a: Weavile|Weavile, F|72/100
|-damage|p1a: Weavile|59/100|[from] Spikes
|-ability|p1a: Weavile|Pressure
|turn|105
|
|t:|1667929752
|move|p1a: Weavile|Ice Shard|p2a: Tapu Koko
|-damage|p2a: Tapu Koko|31/100
|move|p2a: Tapu Koko|Thunderbolt|p1a: Weavile
|-damage|p1a: Weavile|0 fnt
|faint|p1a: Weavile
|
|upkeep
|
|t:|1667929752
|switch|p1a: Tangrowth|Tangrowth, F|100/100 tox
|-damage|p1a: Tangrowth|88/100 tox|[from] Spikes
|turn|106
|
|t:|1667929755
|move|p2a: Tapu Koko|Dazzling Gleam|p1a: Tangrowth
|-damage|p1a: Tangrowth|0 fnt
|faint|p1a: Tangrowth
|
|win|BTLT200$ Qrts
|raw|minimax_ai's rating: 1494 &rarr; <strong>1478</strong><br />(-16 for losing)
|raw|BTLT200$ Qrts's rating: 1556 &rarr; <strong>1572</strong><br />(+16 for winning)
|c|☆minimax_ai|gg
