|raw|<div class="broadcast-blue"><strong>This battle is required to be public due to a player having a name starting with 'lt91bb'.</div>
|j|☆OUT Kazt
|j|☆lt91bb metamence
|t:|1659496682
|gametype|singles
|player|p1|OUT Kazt|acetrainersnowf|1737
|player|p2|lt91bb metamence|hilda|1752
|teamsize|p1|6
|teamsize|p2|6
|gen|8
|tier|[Gen 8] OU
|rated|
|rule|Sleep Clause Mod: Limit one foe put to sleep
|rule|Species Clause: Limit one of each Pokémon
|rule|OHKO Clause: OHKO moves are banned
|rule|Evasion Moves Clause: Evasion moves are banned
|rule|Endless Battle Clause: Forcing endless battles is banned
|rule|HP Percentage Mod: HP is shown in percentages
|rule|Dynamax Clause: You cannot dynamax
|clearpoke
|poke|p1|Heatran, M|
|poke|p1|Heracross, F|
|poke|p1|Landorus-Therian, M|
|poke|p1|Slowbro, F|
|poke|p1|Mandibuzz, F|
|poke|p1|Gengar, F|
|poke|p2|Dragonite, F|
|poke|p2|Magnezone|
|poke|p2|Landorus-Therian, M|
|poke|p2|Gastrodon, M|
|poke|p2|Jirachi|
|poke|p2|Tangrowth, M|
|teampreview
|inactive|Battle timer is ON: inactive players will automatically lose when time's up. (requested by OUT Kazt)
|
|t:|1659496699
|start
|switch|p1a: Landorus|Landorus-Therian, M|100/100
|switch|p2a: Landorus|Landorus-Therian, M|100/100
|-ability|p1a: Landorus|Intimidate|boost
|-unboost|p2a: Landorus|atk|1
|-ability|p2a: Landorus|Intimidate|boost
|-unboost|p1a: Landorus|atk|1
|turn|1
|
|t:|1659496704
|move|p1a: Landorus|U-turn|p2a: Landorus
|-resisted|p2a: Landorus
|-damage|p2a: Landorus|90/100
|
|t:|1659496708
|switch|p1a: Slowbro|Slowbro, F|100/100|[from]move: U-turn
|move|p2a: Landorus|Stealth Rock|p1a: Slowbro
|-sidestart|p1: OUT Kazt|move: Stealth Rock
|
|upkeep
|turn|2
|
|t:|1659496713
|move|p2a: Landorus|Knock Off|p1a: Slowbro
|-supereffective|p1a: Slowbro
|-damage|p1a: Slowbro|70/100
|-damage|p2a: Landorus|73/100|[from] item: Rocky Helmet|[of] p1a: Slowbro
|-enditem|p1a: Slowbro|Rocky Helmet|[from] move: Knock Off|[of] p2a: Landorus
|move|p1a: Slowbro|Scald|p2a: Landorus
|-supereffective|p2a: Landorus
|-damage|p2a: Landorus|0 fnt
|faint|p2a: Landorus
|
|upkeep
|j| LT91BB pwns
|inactive|lt91bb metamence has 120 seconds left.
|
|t:|1659496747
|switch|p2a: Jirachi|Jirachi|100/100
|turn|3
|
|t:|1659496750
|move|p2a: Jirachi|Cosmic Power|p2a: Jirachi
|-boost|p2a: Jirachi|def|1
|-boost|p2a: Jirachi|spd|1
|move|p1a: Slowbro|Teleport|p1a: Slowbro
|
|t:|1659496752
|switch|p1a: Gengar|Gengar, F|100/100|[from]move: Teleport
|-damage|p1a: Gengar|88/100|[from] Stealth Rock
|
|upkeep
|turn|4
|
|t:|1659496760
|move|p1a: Gengar|Trick|p2a: Jirachi
|-activate|p1a: Gengar|move: Trick|[of] p2a: Jirachi
|-item|p2a: Jirachi|Choice Specs|[from] move: Trick
|-item|p1a: Gengar|Leftovers|[from] move: Trick
|move|p2a: Jirachi|Cosmic Power|p2a: Jirachi
|-boost|p2a: Jirachi|def|1
|-boost|p2a: Jirachi|spd|1
|
|-heal|p1a: Gengar|94/100|[from] item: Leftovers
|upkeep
|turn|5
|
|t:|1659496787
|switch|p2a: Magnezone|Magnezone|100/100
|move|p1a: Gengar|Shadow Ball|p2a: Magnezone
|-damage|p2a: Magnezone|43/100
|-unboost|p2a: Magnezone|spd|1
|
|-heal|p1a: Gengar|100/100|[from] item: Leftovers
|upkeep
|turn|6
|
|t:|1659496791
|move|p1a: Gengar|Shadow Ball|p2a: Magnezone
|-damage|p2a: Magnezone|0 fnt
|faint|p2a: Magnezone
|
|upkeep
|
|t:|1659496798
|switch|p2a: Gastrodon|Gastrodon, M|100/100
|turn|7
|
|t:|1659496803
|switch|p1a: Slowbro|Slowbro, F|100/100
|-damage|p1a: Slowbro|88/100|[from] Stealth Rock
|move|p2a: Gastrodon|Curse|p2a: Gastrodon
|-unboost|p2a: Gastrodon|spe|1
|-boost|p2a: Gastrodon|atk|1
|-boost|p2a: Gastrodon|def|1
|
|upkeep
|turn|8
|
|t:|1659496818
|move|p2a: Gastrodon|Curse|p2a: Gastrodon
|-unboost|p2a: Gastrodon|spe|1
|-boost|p2a: Gastrodon|atk|1
|-boost|p2a: Gastrodon|def|1
|move|p1a: Slowbro|Teleport|p1a: Slowbro
|
|t:|1659496820
|switch|p1a: Heracross|Heracross, F|100/100|[from]move: Teleport
|-damage|p1a: Heracross|88/100|[from] Stealth Rock
|
|-status|p1a: Heracross|brn|[from] item: Flame Orb
|upkeep
|turn|9
|
|t:|1659496832
|move|p1a: Heracross|Swords Dance|p1a: Heracross
|-boost|p1a: Heracross|atk|2
|move|p2a: Gastrodon|Curse|p2a: Gastrodon
|-unboost|p2a: Gastrodon|spe|1
|-boost|p2a: Gastrodon|atk|1
|-boost|p2a: Gastrodon|def|1
|
|-damage|p1a: Heracross|82/100 brn|[from] brn
|upkeep
|turn|10
|
|t:|1659496841
|move|p1a: Heracross|Close Combat|p2a: Gastrodon
|-damage|p2a: Gastrodon|16/100
|-unboost|p1a: Heracross|def|1
|-unboost|p1a: Heracross|spd|1
|move|p2a: Gastrodon|Waterfall|p1a: Heracross
|-damage|p1a: Heracross|0 fnt
|faint|p1a: Heracross
|
|-heal|p2a: Gastrodon|22/100|[from] item: Leftovers
|upkeep
|
|t:|1659496844
|switch|p1a: Gengar|Gengar, F|100/100
|-damage|p1a: Gengar|88/100|[from] Stealth Rock
|turn|11
|j| be quiet & drive
|l| be quiet & drive
|
|t:|1659496868
|switch|p2a: Jirachi|Jirachi|100/100
|move|p1a: Gengar|Shadow Ball|p2a: Jirachi
|-supereffective|p2a: Jirachi
|-damage|p2a: Jirachi|25/100
|-unboost|p2a: Jirachi|spd|1
|
|-heal|p1a: Gengar|94/100|[from] item: Leftovers
|upkeep
|turn|12
|
|t:|1659496875
|move|p1a: Gengar|Shadow Ball|p2a: Jirachi
|-supereffective|p2a: Jirachi
|-damage|p2a: Jirachi|0 fnt
|faint|p2a: Jirachi
|
|-heal|p1a: Gengar|100/100|[from] item: Leftovers
|upkeep
|
|t:|1659496888
|switch|p2a: Dragonite|Dragonite, F|100/100
|turn|13
|
|t:|1659496892
|switch|p1a: Mandibuzz|Mandibuzz, F|100/100
|move|p2a: Dragonite|Substitute|p2a: Dragonite
|-start|p2a: Dragonite|Substitute
|-damage|p2a: Dragonite|76/100
|
|upkeep
|turn|14
|
|t:|1659496899
|move|p2a: Dragonite|Dragon Dance|p2a: Dragonite
|-boost|p2a: Dragonite|atk|1
|-boost|p2a: Dragonite|spe|1
|move|p1a: Mandibuzz|Foul Play|p2a: Dragonite
|-end|p2a: Dragonite|Substitute
|
|upkeep
|turn|15
|j| HCMagicBounce
|j| dfdfdffdfd75
|inactive|lt91bb metamence has 120 seconds left.
|
|t:|1659496932
|move|p2a: Dragonite|Substitute|p2a: Dragonite
|-start|p2a: Dragonite|Substitute
|-damage|p2a: Dragonite|51/100
|move|p1a: Mandibuzz|Foul Play|p2a: Dragonite
|-end|p2a: Dragonite|Substitute
|
|upkeep
|turn|16
|l| dfdfdffdfd75
|
|t:|1659496938
|move|p2a: Dragonite|Roost|p2a: Dragonite
|-heal|p2a: Dragonite|100/100
|-singleturn|p2a: Dragonite|move: Roost
|move|p1a: Mandibuzz|Foul Play|p2a: Dragonite
|-damage|p2a: Dragonite|67/100
|
|upkeep
|turn|17
|inactive|lt91bb metamence has 120 seconds left.
|
|t:|1659496956
|move|p2a: Dragonite|Roost|p2a: Dragonite
|-heal|p2a: Dragonite|100/100
|-singleturn|p2a: Dragonite|move: Roost
|move|p1a: Mandibuzz|Foul Play|p2a: Dragonite
|-damage|p2a: Dragonite|64/100
|
|upkeep
|turn|18
|inactive|lt91bb metamence has 120 seconds left.
|
|t:|1659496970
|switch|p2a: Tangrowth|Tangrowth, M|100/100
|move|p1a: Mandibuzz|Defog|p2a: Tangrowth
|-unboost|p2a: Tangrowth|evasion|1
|-sideend|p1: OUT Kazt|Stealth Rock|[from] move: Defog|[of] p1a: Mandibuzz
|
|upkeep
|turn|19
|inactive|lt91bb metamence has 120 seconds left.
|
|t:|1659496989
|switch|p1a: Heatran|Heatran, M|100/100
|move|p2a: Tangrowth|Sleep Powder|p1a: Heatran
|-status|p1a: Heatran|slp|[from] move: Sleep Powder
|
|upkeep
|turn|20
|inactive|lt91bb metamence has 120 seconds left.
|
|t:|1659497002
|switch|p1a: Landorus|Landorus-Therian, M|100/100
|-ability|p1a: Landorus|Intimidate|boost
|-unboost|p2a: Tangrowth|atk|1
|switch|p2a: Gastrodon|Gastrodon, M|22/100
|
|-heal|p2a: Gastrodon|28/100|[from] item: Leftovers
|upkeep
|turn|21
|
|t:|1659497006
|switch|p2a: Tangrowth|Tangrowth, M|100/100
|move|p1a: Landorus|Knock Off|p2a: Tangrowth
|-damage|p2a: Tangrowth|83/100
|-damage|p1a: Landorus|84/100|[from] item: Rocky Helmet|[of] p2a: Tangrowth
|-enditem|p2a: Tangrowth|Rocky Helmet|[from] move: Knock Off|[of] p1a: Landorus
|
|upkeep
|turn|22
|
|t:|1659497012
|move|p1a: Landorus|Knock Off|p2a: Tangrowth
|-damage|p2a: Tangrowth|70/100
|move|p2a: Tangrowth|Knock Off|p1a: Landorus
|-damage|p1a: Landorus|61/100
|-enditem|p1a: Landorus|Choice Scarf|[from] move: Knock Off|[of] p2a: Tangrowth
|
|upkeep
|turn|23
|inactive|lt91bb metamence has 120 seconds left.
|
|t:|1659497038
|move|p1a: Landorus|U-turn|p2a: Tangrowth
|-supereffective|p2a: Tangrowth
|-damage|p2a: Tangrowth|44/100
|
|t:|1659497040
|switch|p1a: Slowbro|Slowbro, F|100/100|[from]move: U-turn
|move|p2a: Tangrowth|Knock Off|p1a: Slowbro
|-supereffective|p1a: Slowbro
|-crit|p1a: Slowbro
|-damage|p1a: Slowbro|77/100
|
|upkeep
|turn|24
|
|t:|1659497050
|switch|p2a: Gastrodon|Gastrodon, M|28/100
|move|p1a: Slowbro|Teleport|p1a: Slowbro
|
|t:|1659497054
|switch|p1a: Landorus|Landorus-Therian, M|61/100|[from]move: Teleport
|-ability|p1a: Landorus|Intimidate|boost
|-unboost|p2a: Gastrodon|atk|1
|
|-heal|p2a: Gastrodon|34/100|[from] item: Leftovers
|upkeep
|turn|25
|
|t:|1659497059
|switch|p2a: Tangrowth|Tangrowth, M|78/100
|move|p1a: Landorus|Earthquake|p2a: Tangrowth
|-resisted|p2a: Tangrowth
|-damage|p2a: Tangrowth|64/100
|
|upkeep
|turn|26
|
|t:|1659497069
|move|p1a: Landorus|Stone Edge|p2a: Tangrowth
|-damage|p2a: Tangrowth|45/100
|move|p2a: Tangrowth|Giga Drain|p1a: Landorus
|-damage|p1a: Landorus|27/100
|-heal|p2a: Tangrowth|59/100|[from] drain|[of] p1a: Landorus
|
|upkeep
|turn|27
|
|t:|1659497080
|move|p1a: Landorus|Earthquake|p2a: Tangrowth
|-resisted|p2a: Tangrowth
|-damage|p2a: Tangrowth|45/100
|move|p2a: Tangrowth|Knock Off|p1a: Landorus
|-damage|p1a: Landorus|10/100
|
|upkeep
|turn|28
|
|t:|1659497085
|move|p1a: Landorus|Knock Off|p2a: Tangrowth
|-damage|p2a: Tangrowth|33/100
|move|p2a: Tangrowth|Knock Off|p1a: Landorus
|-damage|p1a: Landorus|0 fnt
|faint|p1a: Landorus
|
|upkeep
|
|t:|1659497087
|switch|p1a: Gengar|Gengar, F|100/100
|turn|29
|inactive|lt91bb metamence has 120 seconds left.
|
|t:|1659497126
|move|p1a: Gengar|Nasty Plot|p1a: Gengar
|-boost|p1a: Gengar|spa|2
|move|p2a: Tangrowth|Knock Off|p1a: Gengar
|-supereffective|p1a: Gengar
|-damage|p1a: Gengar|28/100
|-start|p2a: Tangrowth|Disable|Knock Off|[from] ability: Cursed Body|[of] p1a: Gengar
|-enditem|p1a: Gengar|Leftovers|[from] move: Knock Off|[of] p2a: Tangrowth
|
|upkeep
|turn|30
|inactive|lt91bb metamence has 120 seconds left.
|
|t:|1659497133
|move|p1a: Gengar|Sludge Wave|p2a: Tangrowth
|-supereffective|p2a: Tangrowth
|-damage|p2a: Tangrowth|0 fnt
|faint|p2a: Tangrowth
|
|upkeep
|
|t:|1659497134
|switch|p2a: Dragonite|Dragonite, F|64/100
|turn|31
|
|t:|1659497141
|move|p1a: Gengar|Sludge Wave|p2a: Dragonite
|-damage|p2a: Dragonite|0 fnt
|faint|p2a: Dragonite
|
|upkeep
|
|t:|1659497142
|switch|p2a: Gastrodon|Gastrodon, M|34/100
|turn|32
|c|☆OUT Kazt|gg
|-message|lt91bb metamence forfeited.
|
|win|OUT Kazt
|raw|OUT Kazt's rating: 1737 &rarr; <strong>1758</strong><br />(+21 for winning)
|raw|lt91bb metamence's rating: 1752 &rarr; <strong>1731</strong><br />(-21 for losing)
|l|☆lt91bb metamence
|l| LT91BB pwns
|l| HCMagicBounce
||Ladder isn't responding, score probably updated but might not have (Request timeout).
