|j|☆Qishan
|j|☆Ohmboy Tesla
|t:|1660034287
|gametype|singles
|player|p1|Qishan|bruno|1498
|player|p2|Ohmboy Tesla|eusine|1504
|teamsize|p1|6
|teamsize|p2|6
|gen|8
|tier|[Gen 8] OU
|rated|
|rule|Sleep Clause Mod: Limit one foe put to sleep
|rule|Species Clause: Limit one of each Pokémon
|rule|OHKO Clause: OHKO moves are banned
|rule|Evasion Items Clause: Evasion items are banned
|rule|Evasion Moves Clause: Evasion moves are banned
|rule|Endless Battle Clause: Forcing endless battles is banned
|rule|HP Percentage Mod: HP is shown in percentages
|rule|Dynamax Clause: You cannot dynamax
|clearpoke
|poke|p1|Mew|
|poke|p1|Clefable, M|
|poke|p1|Blissey, F|
|poke|p1|Gastrodon-East, M|
|poke|p1|Toxapex, M|
|poke|p1|Corviknight, M|
|poke|p2|Landorus-Therian, M|
|poke|p2|Buzzwole|
|poke|p2|Slowking-Galar, M|
|poke|p2|Heatran, M|
|poke|p2|Clefable, F|
|poke|p2|Dragonite, M|
|teampreview
|inactive|Battle timer is ON: inactive players will automatically lose when time's up. (requested by Qishan)
|
|t:|1660034293
|start
|switch|p1a: Toxapex|Toxapex, M, shiny|100/100
|switch|p2a: Fat Tony|Heatran, M|100/100
|turn|1
|
|t:|1660034303
|switch|p2a: Cwefabwe|Clefable, F|100/100
|move|p1a: Toxapex|Knock Off|p2a: Cwefabwe
|-resisted|p2a: Cwefabwe
|-damage|p2a: Cwefabwe|93/100
|-enditem|p2a: Cwefabwe|Leftovers|[from] move: Knock Off|[of] p1a: Toxapex
|
|upkeep
|turn|2
|
|t:|1660034317
|move|p2a: Cwefabwe|Knock Off|p1a: Toxapex
|-damage|p1a: Toxapex|92/100
|-enditem|p1a: Toxapex|Shed Shell|[from] move: Knock Off|[of] p2a: Cwefabwe
|move|p1a: Toxapex|Toxic|p2a: Cwefabwe
|-status|p2a: Cwefabwe|tox
|
|upkeep
|turn|3
|j| a little fish
|
|t:|1660034325
|move|p2a: Cwefabwe|Stealth Rock|p1a: Toxapex
|-sidestart|p1: Qishan|move: Stealth Rock
|move|p1a: Toxapex|Scald|p2a: Cwefabwe
|-damage|p2a: Cwefabwe|79/100 tox
|
|upkeep
|turn|4
|
|t:|1660034338
|move|p2a: Cwefabwe|Knock Off|p1a: Toxapex
|-damage|p1a: Toxapex|86/100
|move|p1a: Toxapex|Scald|p2a: Cwefabwe
|-crit|p2a: Cwefabwe
|-damage|p2a: Cwefabwe|59/100 tox
|
|upkeep
|turn|5
|
|t:|1660034347
|move|p2a: Cwefabwe|Soft-Boiled|p2a: Cwefabwe
|-heal|p2a: Cwefabwe|100/100 tox
|move|p1a: Toxapex|Scald|p2a: Cwefabwe
|-damage|p2a: Cwefabwe|87/100 tox
|
|upkeep
|turn|6
|
|t:|1660034365
|move|p2a: Cwefabwe|Moonblast|p1a: Toxapex
|-resisted|p1a: Toxapex
|-damage|p1a: Toxapex|72/100
|-unboost|p1a: Toxapex|spa|1
|move|p1a: Toxapex|Scald|p2a: Cwefabwe
|-damage|p2a: Cwefabwe|77/100 tox
|
|upkeep
|turn|7
|inactive|Qishan has 120 seconds left.
|
|t:|1660034390
|switch|p1a: Blissey|Blissey, F, shiny|100/100
|move|p2a: Cwefabwe|Knock Off|p1a: Blissey
|-damage|p1a: Blissey|87/100
|-enditem|p1a: Blissey|Heavy-Duty Boots|[from] move: Knock Off|[of] p2a: Cwefabwe
|
|upkeep
|turn|8
|
|t:|1660034402
|switch|p2a: Kow Sling|Slowking-Galar, M|100/100
|move|p1a: Blissey|Stealth Rock|p2a: Kow Sling
|-sidestart|p2: Ohmboy Tesla|move: Stealth Rock
|
|upkeep
|turn|9
|inactive|Qishan has 120 seconds left.
|
|t:|1660034425
|move|p1a: Blissey|Seismic Toss|p2a: Kow Sling
|-damage|p2a: Kow Sling|75/100
|move|p2a: Kow Sling|Nasty Plot|p2a: Kow Sling
|-boost|p2a: Kow Sling|spa|2
|
|-heal|p2a: Kow Sling|81/100|[from] item: Black Sludge
|upkeep
|turn|10
|inactive|Qishan has 120 seconds left.
|
|t:|1660034434
|move|p1a: Blissey|Seismic Toss|p2a: Kow Sling
|-damage|p2a: Kow Sling|56/100
|move|p2a: Kow Sling|Psyshock|p1a: Blissey
|-damage|p1a: Blissey|15/100
|
|-heal|p2a: Kow Sling|62/100|[from] item: Black Sludge
|upkeep
|turn|11
|
|t:|1660034444
|move|p1a: Blissey|Seismic Toss|p2a: Kow Sling
|-damage|p2a: Kow Sling|37/100
|move|p2a: Kow Sling|Psyshock|p1a: Blissey
|-crit|p1a: Blissey
|-damage|p1a: Blissey|0 fnt
|faint|p1a: Blissey
|
|-heal|p2a: Kow Sling|43/100|[from] item: Black Sludge
|upkeep
|inactive|Qishan has 120 seconds left.
|
|t:|1660034456
|switch|p1a: Clefable|Clefable, M, shiny|100/100
|turn|12
|
|t:|1660034459
|move|p1a: Clefable|Thunder Wave|p2a: Kow Sling
|-status|p2a: Kow Sling|par
|move|p2a: Kow Sling|Sludge Bomb|p1a: Clefable
|-supereffective|p1a: Clefable
|-damage|p1a: Clefable|14/100
|
|-heal|p2a: Kow Sling|49/100 par|[from] item: Black Sludge
|upkeep
|turn|13
|
|t:|1660034473
|move|p1a: Clefable|Moonblast|p2a: Kow Sling
|-resisted|p2a: Kow Sling
|-damage|p2a: Kow Sling|36/100 par
|move|p2a: Kow Sling|Psyshock|p1a: Clefable
|-damage|p1a: Clefable|0 fnt
|faint|p1a: Clefable
|
|-heal|p2a: Kow Sling|42/100 par|[from] item: Black Sludge
|upkeep
|
|t:|1660034487
|switch|p1a: Corviknight|Corviknight, M, shiny|100/100
|-ability|p1a: Corviknight|Pressure
|turn|14
|
|t:|1660034495
|move|p1a: Corviknight|Body Press|p2a: Kow Sling
|-resisted|p2a: Kow Sling
|-damage|p2a: Kow Sling|36/100 par
|move|p2a: Kow Sling|Scald|p1a: Corviknight
|-damage|p1a: Corviknight|52/100
|-status|p1a: Corviknight|brn
|
|-heal|p2a: Kow Sling|42/100 par|[from] item: Black Sludge
|-damage|p1a: Corviknight|46/100 brn|[from] brn
|upkeep
|turn|15
|-message|Qishan forfeited.
|
|win|Ohmboy Tesla
|raw|Qishan's rating: 1498 &rarr; <strong>1478</strong><br />(-20 for losing)
|raw|Ohmboy Tesla's rating: 1504 &rarr; <strong>1524</strong><br />(+20 for winning)
|l|☆Qishan
|c|☆Ohmboy Tesla|cool cool
|l| a little fish
