|j|☆minimax_ai
|j|☆Red Rushun
|t:|1667948164
|gametype|singles
|player|p1|minimax_ai|169|1683
|player|p2|Red Rushun|clair|1635
|teamsize|p1|6
|teamsize|p2|6
|gen|8
|tier|[Gen 8] OU
|rated|
|rule|Sleep Clause Mod: Limit one foe put to sleep
|rule|Species Clause: Limit one of each Pokémon
|rule|OHKO Clause: OHKO moves are banned
|rule|Evasion Items Clause: Evasion items are banned
|rule|Evasion Moves Clause: Evasion moves are banned
|rule|Endless Battle Clause: Forcing endless battles is banned
|rule|HP Percentage Mod: HP is shown in percentages
|rule|Dynamax Clause: You cannot dynamax
|clearpoke
|poke|p1|Rotom-Wash|
|poke|p1|Weavile, F|
|poke|p1|Landorus-Therian, M|
|poke|p1|Heatran, M|
|poke|p1|Tangrowth, M|
|poke|p1|Melmetal|
|poke|p2|Dragapult, F|
|poke|p2|Blastoise, F|
|poke|p2|Tapu Lele|
|poke|p2|Cobalion|
|poke|p2|Grimmsnarl, M|
|poke|p2|Landorus-Therian, M|
|teampreview
|j| Olia 3
|c|☆minimax_ai|hf
|inactive|Battle timer is ON: inactive players will automatically lose when time's up. (requested by minimax_ai)
|
|t:|1667948188
|start
|switch|p1a: rotomwash|Rotom-Wash|100/100
|switch|p2a: Cobalion|Cobalion, shiny|100/100
|turn|1
|
|t:|1667948192
|move|p2a: Cobalion|Toxic|p1a: rotomwash
|-status|p1a: rotomwash|tox
|move|p1a: rotomwash|Hydro Pump|p2a: Cobalion
|-damage|p2a: Cobalion|50/100
|
|-damage|p1a: rotomwash|94/100 tox|[from] psn
|upkeep
|turn|2
|
|t:|1667948198
|move|p2a: Cobalion|Stealth Rock|p1a: rotomwash
|-sidestart|p1: minimax_ai|move: Stealth Rock
|move|p1a: rotomwash|Hydro Pump|p2a: Cobalion
|-damage|p2a: Cobalion|0 fnt
|faint|p2a: Cobalion
|
|-heal|p1a: rotomwash|100/100 tox|[from] item: Leftovers
|-damage|p1a: rotomwash|88/100 tox|[from] psn
|upkeep
|
|t:|1667948223
|switch|p2a: Tapu Lele|Tapu Lele|100/100
|-fieldstart|move: Psychic Terrain|[from] ability: Psychic Surge|[of] p2a: Tapu Lele
|turn|3
|l| Olia 3
|
|t:|1667948240
|switch|p1a: Melmetal|Melmetal|100/100
|-damage|p1a: Melmetal|94/100|[from] Stealth Rock
|move|p2a: Tapu Lele|Psychic|p1a: Melmetal
|-resisted|p1a: Melmetal
|-damage|p1a: Melmetal|79/100
|
|upkeep
|turn|4
|
|t:|1667948254
|switch|p2a: Landorus|Landorus-Therian, M, shiny|100/100
|-ability|p2a: Landorus|Intimidate|boost
|-unboost|p1a: Melmetal|atk|1
|move|p1a: Melmetal|Double Iron Bash|p2a: Landorus
|-damage|p2a: Landorus|68/100
|-damage|p2a: Landorus|36/100
|-hitcount|p2a: Landorus|2
|
|-heal|p2a: Landorus|42/100|[from] item: Leftovers
|upkeep
|turn|5
|
|t:|1667948262
|move|p2a: Landorus|Substitute|p2a: Landorus
|-start|p2a: Landorus|Substitute
|-damage|p2a: Landorus|17/100
|move|p1a: Melmetal|Double Iron Bash|p2a: Landorus
|-end|p2a: Landorus|Substitute
|-damage|p2a: Landorus|0 fnt
|faint|p2a: Landorus
|-hitcount|p2: Landorus|2
|
|upkeep
|
|t:|1667948271
|switch|p2a: Blastoise|Blastoise, F, shiny|100/100
|turn|6
|
|t:|1667948272
|move|p2a: Blastoise|Shell Smash|p2a: Blastoise
|-unboost|p2a: Blastoise|def|1
|-unboost|p2a: Blastoise|spd|1
|-boost|p2a: Blastoise|atk|2
|-boost|p2a: Blastoise|spa|2
|-boost|p2a: Blastoise|spe|2
|-enditem|p2a: Blastoise|White Herb
|-clearnegativeboost|p2a: Blastoise|[silent]
|move|p1a: Melmetal|Thunder Punch|p2a: Blastoise
|-supereffective|p2a: Blastoise
|-damage|p2a: Blastoise|48/100
|
|upkeep
|turn|7
|
|t:|1667948283
|move|p2a: Blastoise|Surf|p1a: Melmetal
|-damage|p1a: Melmetal|39/100
|move|p1a: Melmetal|Thunder Punch|p2a: Blastoise
|-supereffective|p2a: Blastoise
|-damage|p2a: Blastoise|0 fnt
|faint|p2a: Blastoise
|
|-fieldend|move: Psychic Terrain
|upkeep
|c|☆Red Rushun|wtf
|c|☆Red Rushun|vest ?
|c|☆Red Rushun|+2 SPA
|c|☆Red Rushun|modest
|inactive|Red Rushun has 120 seconds left.
|c|☆Red Rushun|stab
|c|☆Red Rushun|w
|c|☆Red Rushun|t
|c|☆Red Rushun|f
|inactive|Red Rushun has 90 seconds left.
|
|t:|1667948344
|switch|p2a: Tapu Lele|Tapu Lele|100/100
|-fieldstart|move: Psychic Terrain|[from] ability: Psychic Surge|[of] p2a: Tapu Lele
|turn|8
|inactive|Red Rushun has 90 seconds left.
|
|t:|1667948352
|move|p2a: Tapu Lele|Focus Blast|p1a: Melmetal
|-supereffective|p1a: Melmetal
|-damage|p1a: Melmetal|0 fnt
|faint|p1a: Melmetal
|
|upkeep
|
|t:|1667948352
|switch|p1a: landorustherian|Landorus-Therian, M|100/100
|-damage|p1a: landorustherian|88/100|[from] Stealth Rock
|-ability|p1a: landorustherian|Intimidate|boost
|-unboost|p2a: Tapu Lele|atk|1
|turn|9
|
|t:|1667948363
|switch|p2a: Grimmsnarl|Grimmsnarl, M|100/100
|move|p1a: landorustherian|Earthquake|p2a: Grimmsnarl
|-damage|p2a: Grimmsnarl|39/100
|
|-heal|p1a: landorustherian|94/100|[from] item: Leftovers
|upkeep
|turn|10
|
|t:|1667948366
|move|p2a: Grimmsnarl|Reflect|p2a: Grimmsnarl
|-sidestart|p2: Red Rushun|Reflect
|move|p1a: landorustherian|Earthquake|p2a: Grimmsnarl
|-damage|p2a: Grimmsnarl|8/100
|
|-heal|p1a: landorustherian|99/100|[from] item: Leftovers
|upkeep
|turn|11
|
|t:|1667948372
|move|p2a: Grimmsnarl|Light Screen|p2a: Grimmsnarl
|-sidestart|p2: Red Rushun|move: Light Screen
|move|p1a: landorustherian|Earthquake|p2a: Grimmsnarl
|-damage|p2a: Grimmsnarl|0 fnt
|faint|p2a: Grimmsnarl
|
|-heal|p1a: landorustherian|100/100|[from] item: Leftovers
|upkeep
|
|t:|1667948377
|switch|p2a: Dragapult|Dragapult, F|100/100
|turn|12
|
|t:|1667948379
|move|p2a: Dragapult|Dragon Dance|p2a: Dragapult
|-boost|p2a: Dragapult|atk|1
|-boost|p2a: Dragapult|spe|1
|move|p1a: landorustherian|Defog|p2a: Dragapult
|-fail|p2a: Dragapult|unboost|[from] ability: Clear Body|[of] p2a: Dragapult
|-sideend|p2: Red Rushun|Reflect
|-sideend|p2: Red Rushun|move: Light Screen
|-sideend|p1: minimax_ai|Stealth Rock|[from] move: Defog|[of] p1a: landorustherian
|-fieldend|move: Psychic Terrain
|
|upkeep
|turn|13
|
|t:|1667948387
|switch|p1a: Tangrowth|Tangrowth, M|100/100
|move|p2a: Dragapult|Dragon Dance|p2a: Dragapult
|-boost|p2a: Dragapult|atk|1
|-boost|p2a: Dragapult|spe|1
|
|upkeep
|turn|14
|
|t:|1667948396
|move|p2a: Dragapult|Dragon Darts|p1a: Tangrowth
|-damage|p1a: Tangrowth|63/100
|-anim|p2a: Dragapult|Dragon Darts|p1a: Tangrowth
|-damage|p1a: Tangrowth|25/100
|-damage|p2a: Dragapult|91/100|[from] item: Life Orb
|move|p1a: Tangrowth|Knock Off|p2a: Dragapult
|-supereffective|p2a: Dragapult
|-damage|p2a: Dragapult|28/100
|-enditem|p2a: Dragapult|Life Orb|[from] move: Knock Off|[of] p1a: Tangrowth
|
|upkeep
|turn|15
|
|t:|1667948405
|switch|p1a: Heatran|Heatran, M|100/100
|-item|p1a: Heatran|Air Balloon
|move|p2a: Dragapult|Dragon Darts|p1a: Heatran
|-resisted|p1a: Heatran
|-damage|p1a: Heatran|72/100
|-enditem|p1a: Heatran|Air Balloon
|-anim|p2a: Dragapult|Dragon Darts|p1a: Heatran
|-resisted|p1a: Heatran
|-damage|p1a: Heatran|43/100
|
|upkeep
|turn|16
|
|t:|1667948411
|move|p2a: Dragapult|Dragon Darts|p1a: Heatran
|-resisted|p1a: Heatran
|-damage|p1a: Heatran|15/100
|-anim|p2a: Dragapult|Dragon Darts|p1a: Heatran
|-resisted|p1a: Heatran
|-damage|p1a: Heatran|0 fnt
|faint|p1a: Heatran
|
|upkeep
|
|t:|1667948411
|switch|p1a: Weavile|Weavile, F|100/100
|-ability|p1a: Weavile|Pressure
|turn|17
|
|t:|1667948416
|move|p2a: Dragapult|Sucker Punch|p1a: Weavile
|-resisted|p1a: Weavile
|-damage|p1a: Weavile|59/100
|move|p1a: Weavile|Ice Shard|p2a: Dragapult
|-supereffective|p2a: Dragapult
|-damage|p2a: Dragapult|0 fnt
|faint|p2a: Dragapult
|
|upkeep
|
|t:|1667948424
|switch|p2a: Tapu Lele|Tapu Lele|100/100
|-fieldstart|move: Psychic Terrain|[from] ability: Psychic Surge|[of] p2a: Tapu Lele
|turn|18
|
|t:|1667948431
|switch|p1a: landorustherian|Landorus-Therian, M|100/100
|-ability|p1a: landorustherian|Intimidate|boost
|-unboost|p2a: Tapu Lele|atk|1
|move|p2a: Tapu Lele|Moonblast|p1a: landorustherian
|-damage|p1a: landorustherian|62/100
|-unboost|p1a: landorustherian|spa|1
|
|-heal|p1a: landorustherian|68/100|[from] item: Leftovers
|upkeep
|turn|19
|
|t:|1667948439
|move|p2a: Tapu Lele|Psychic|p1a: landorustherian
|-damage|p1a: landorustherian|18/100
|move|p1a: landorustherian|Earthquake|p2a: Tapu Lele
|-damage|p2a: Tapu Lele|29/100
|
|-heal|p1a: landorustherian|24/100|[from] item: Leftovers
|upkeep
|turn|20
|
|t:|1667948448
|move|p2a: Tapu Lele|Moonblast|p1a: landorustherian
|-damage|p1a: landorustherian|0 fnt
|faint|p1a: landorustherian
|
|upkeep
|
|t:|1667948448
|switch|p1a: Weavile|Weavile, F|59/100
|-ability|p1a: Weavile|Pressure
|turn|21
|
|t:|1667948452
|move|p1a: Weavile|Triple Axel|p2a: Tapu Lele
|-crit|p2a: Tapu Lele
|-damage|p2a: Tapu Lele|0 fnt
|faint|p2a: Tapu Lele
|-hitcount|p2: Tapu Lele|1
|
|win|minimax_ai
|raw|minimax_ai's rating: 1683 &rarr; <strong>1700</strong><br />(+17 for winning)
|raw|Red Rushun's rating: 1635 &rarr; <strong>1618</strong><br />(-17 for losing)
|c|☆minimax_ai|gg
