|j|☆ripreckful
|j|☆SetsuStsna
|inactive|Battle timer is ON: inactive players will automatically lose when time's up.
|t:|1651898192
|gametype|singles
|player|p1|ripreckful|hilbert|
|player|p2|SetsuStsna|irida|
|teamsize|p1|6
|teamsize|p2|6
|gen|8
|tier|[Gen 8] OU
|rated|Tournament battle
|rule|Sleep Clause Mod: Limit one foe put to sleep
|rule|Species Clause: Limit one of each Pokémon
|rule|OHKO Clause: OHKO moves are banned
|rule|Evasion Moves Clause: Evasion moves are banned
|rule|Endless Battle Clause: Forcing endless battles is banned
|rule|HP Percentage Mod: HP is shown in percentages
|rule|Dynamax Clause: You cannot dynamax
|rule|Camomons Mod: Pokémon have their types set to match their first two moves.
|rule|350 Cup Mod: If a Pokemon's BST is 350 or lower, all of its stats get doubled.
|clearpoke
|poke|p1|Dragonite, M|
|poke|p1|Pikachu, M|
|poke|p1|Dracovish|
|poke|p1|Gengar, M|
|poke|p1|Lucario, F|
|poke|p1|Sirfetch’d, F|
|poke|p2|Dragonite, M|
|poke|p2|Dracovish|
|poke|p2|Pikachu, M|
|poke|p2|Lucario, M|
|poke|p2|Gengar, F|
|poke|p2|Sirfetch’d, F|
|teampreview|3
|inactive|ripreckful also wants the timer to be on.
|c|☆SetsuStsna|hf
|j| vkhss
|c|☆ripreckful|u2
|j|@georgiethefirst
|c|☆ripreckful|so can we only bring this 6?
|c|@georgiethefirst|ye
|c|@georgiethefirst|bring these 6 then pick 3
|c|☆ripreckful|ahh
|inactive|ripreckful has 120 seconds left.
|j| Kwaga
|
|t:|1651898242
|start
|switch|p1a: Gengar|Gengar, M|100/100
|switch|p2a: Gengar|Gengar, F|100/100
|-start|p1a: Gengar|typechange|Normal/Ghost|[silent]
|-start|p2a: Gengar|typechange|Normal/Grass|[silent]
|-start|p1a: Gengar|typechange|Normal/Ghost|[silent]
|-start|p2a: Gengar|typechange|Normal/Grass|[silent]
|turn|1
|
|t:|1651898250
|move|p2a: Gengar|Spore|p1a: Gengar
|-status|p1a: Gengar|slp|[from] move: Spore
|cant|p1a: Gengar|slp
|
|upkeep
|turn|2
|c|☆ripreckful|yo wtf
|
|t:|1651898262
|move|p2a: Gengar|Stealth Rock|p1a: Gengar
|-sidestart|p1: ripreckful|move: Stealth Rock
|-curestatus|p1a: Gengar|slp|[msg]
|move|p1a: Gengar|Focus Blast|p2a: Gengar
|-supereffective|p2a: Gengar
|-enditem|p2a: Gengar|Focus Sash
|-damage|p2a: Gengar|1/100
|-start|p1a: Gengar|Disable|Focus Blast|[from] ability: Cursed Body|[of] p2a: Gengar
|-damage|p1a: Gengar|91/100|[from] item: Life Orb
|
|upkeep
|turn|3
|j| Whiteout 75
|c|☆ripreckful|how do u have these moves
|c|@georgiethefirst|you can use any move
|
|t:|1651898281
|move|p2a: Gengar|Spore|p1a: Gengar
|-status|p1a: Gengar|slp|[from] move: Spore
|cant|p1a: Gengar|slp
|
|upkeep
|turn|4
|
|t:|1651898286
|move|p2a: Gengar|Explosion|p1a: Gengar
|-immune|p1a: Gengar
|faint|p2a: Gengar
|-curestatus|p1a: Gengar|slp|[msg]
|move|p1a: Gengar|Shadow Ball|p2: Gengar|[notarget]
|-fail|p1a: Gengar
|
|upkeep
|l| Kwaga
|c|@georgiethefirst|t1 wake x.x
|
|t:|1651898296
|switch|p2a: Pikachu|Pikachu, M|100/100
|-start|p2a: Pikachu|typechange|Electric/Normal|[silent]
|-start|p2a: Pikachu|typechange|Electric/Normal|[silent]
|turn|5
|
|t:|1651898310
|move|p2a: Pikachu|Thunderbolt|p1a: Gengar
|-damage|p1a: Gengar|0 fnt
|faint|p1a: Gengar
|
|upkeep
|
|t:|1651898314
|switch|p1a: Dragonite|Dragonite, M|100/100
|-start|p1a: Dragonite|typechange|Dragon/Flying|[silent]
|turn|6
|
|t:|1651898318
|move|p2a: Pikachu|Thunderbolt|p1a: Dragonite
|-damage|p1a: Dragonite|62/100
|move|p1a: Dragonite|Dragon Dance|p1a: Dragonite
|-boost|p1a: Dragonite|atk|1
|-boost|p1a: Dragonite|spe|1
|
|upkeep
|turn|7
|
|t:|1651898323
|move|p2a: Pikachu|Thunderbolt|p1a: Dragonite
|-damage|p1a: Dragonite|0 fnt
|faint|p1a: Dragonite
|
|upkeep
|
|t:|1651898326
|switch|p1a: Dracovish|Dracovish|100/100
|-start|p1a: Dracovish|typechange|Water/Ground|[silent]
|-damage|p1a: Dracovish|94/100|[from] Stealth Rock
|-start|p1a: Dracovish|typechange|Water/Ground|[silent]
|turn|8
|c|@georgiethefirst|BRUH
|j| Echo2615
|c|☆ripreckful|im bulky too
|j| Vertex
|c|☆ripreckful|oh i frogot im ground type draco
|
|t:|1651898345
|move|p2a: Pikachu|Extreme Speed|p1a: Dracovish
|-damage|p1a: Dracovish|29/100
|move|p1a: Dracovish|Fishious Rend|p2a: Pikachu
|-damage|p2a: Pikachu|25/100
|
|upkeep
|turn|9
|
|t:|1651898351
|move|p2a: Pikachu|Extreme Speed|p1a: Dracovish
|-crit|p1a: Dracovish
|-damage|p1a: Dracovish|0 fnt
|faint|p1a: Dracovish
|
|win|SetsuStsna
|n|☆ripreckful|ripreckful
|n|☆SetsuStsna|setsustsna
|n| vkhss|vkhss
|n| georgiethefirst|georgiethefirst
|n| Whiteout 75|whiteout75
|n| Echo2615|echo2615
|n| Vertex|vertex
|c|☆ripreckful|gg
|c|☆SetsuStsna|gg
|l|☆ripreckful
|l| Whiteout 75
|l|☆SetsuStsna
|c| vkhss|WAIT WJAT
|c| vkhss|U CAN USE ANY MIVES???
