|raw|<div class="broadcast-blue"><strong>This battle is required to be public due to a player having a name starting with 'lt84jm'.</div>
|j|☆LT84JM Santu
|j|☆Coach Jones 6fifth
|t:|1627394342
|gametype|singles
|player|p1|LT84JM Santu|ethan|1861
|player|p2|Coach Jones 6fifth|lusamine-nihilego|1842
|teamsize|p1|6
|teamsize|p2|6
|gen|8
|tier|[Gen 8] OU
|rated|
|rule|Sleep Clause Mod: Limit one foe put to sleep
|rule|Species Clause: Limit one of each Pokémon
|rule|OHKO Clause: OHKO moves are banned
|rule|Evasion Moves Clause: Evasion moves are banned
|rule|Endless Battle Clause: Forcing endless battles is banned
|rule|HP Percentage Mod: HP is shown in percentages
|rule|Dynamax Clause: You cannot dynamax
|clearpoke
|poke|p1|Mew|
|poke|p1|Kartana|
|poke|p1|Dragonite, M|
|poke|p1|Cloyster, F|
|poke|p1|Bisharp, F|
|poke|p1|Blacephalon|
|poke|p2|Porygon2|
|poke|p2|Tornadus-Therian, M|
|poke|p2|Dragapult, M|
|poke|p2|Magnezone|
|poke|p2|Seismitoad, F|
|poke|p2|Aegislash, M|
|teampreview
|j| en6nr56n 56rn
|j| Snoop_King
|l| Snoop_King
|j| LT84JM BHGWA
|
|t:|1627394371
|start
|switch|p1a: Mew|Mew|100/100
|switch|p2a: Dragapult|Dragapult, M|100/100
|turn|1
|j| Arnav_73
|j| LT84JM Farawyn98
|
|t:|1627394378
|move|p2a: Dragapult|U-turn|p1a: Mew
|-supereffective|p1a: Mew
|-damage|p1a: Mew|35/100
|
|t:|1627394381
|switch|p2a: Magnezone|Magnezone|100/100|[from]move: U-turn
|move|p1a: Mew|Thunder Wave|p2a: Magnezone
|-immune|p2a: Magnezone
|
|upkeep
|turn|2
|
|t:|1627394385
|switch|p2a: Dragapult|Dragapult, M|100/100
|move|p1a: Mew|Stealth Rock|p2a: Dragapult
|-sidestart|p2: Coach Jones 6fifth|move: Stealth Rock
|
|upkeep
|turn|3
|
|t:|1627394391
|move|p2a: Dragapult|Dragon Darts|p1a: Mew
|-damage|p1a: Mew|2/100
|-anim|p2a: Dragapult|Dragon Darts|p1a: Mew
|-damage|p1a: Mew|0 fnt
|faint|p1a: Mew
|
|upkeep
|
|t:|1627394395
|switch|p1a: Bisharp|Bisharp, F|100/100
|turn|4
|
|t:|1627394398
|switch|p2a: Porygon2|Porygon2|100/100
|-damage|p2a: Porygon2|88/100|[from] Stealth Rock
|-ability|p2a: Porygon2|Defiant|[from] ability: Trace|[of] p1a: Bisharp
|move|p1a: Bisharp|Swords Dance|p1a: Bisharp
|-boost|p1a: Bisharp|atk|2
|
|upkeep
|turn|5
|
|t:|1627394401
|move|p1a: Bisharp|Knock Off|p2a: Porygon2
|-damage|p2a: Porygon2|19/100
|-enditem|p2a: Porygon2|Eviolite|[from] move: Knock Off|[of] p1a: Bisharp
|-damage|p1a: Bisharp|91/100|[from] item: Life Orb
|move|p2a: Porygon2|Thunder Wave|p1a: Bisharp
|-status|p1a: Bisharp|par
|
|upkeep
|turn|6
|
|t:|1627394406
|move|p1a: Bisharp|Knock Off|p2a: Porygon2
|-damage|p2a: Porygon2|0 fnt
|faint|p2a: Porygon2
|-damage|p1a: Bisharp|81/100 par|[from] item: Life Orb
|
|upkeep
|
|t:|1627394408
|switch|p2a: Aegislash|Aegislash, M, shiny|100/100
|-damage|p2a: Aegislash|94/100|[from] Stealth Rock
|turn|7
|
|t:|1627394412
|move|p2a: Aegislash|Substitute|p2a: Aegislash
|-start|p2a: Aegislash|Substitute
|-damage|p2a: Aegislash|69/100
|move|p1a: Bisharp|Knock Off|p2a: Aegislash
|-supereffective|p2a: Aegislash
|-end|p2a: Aegislash|Substitute
|-damage|p1a: Bisharp|71/100 par|[from] item: Life Orb
|
|-heal|p2a: Aegislash|76/100|[from] item: Leftovers
|upkeep
|turn|8
|
|t:|1627394416
|-formechange|p2a: Aegislash|Aegislash-Blade||[from] ability: Stance Change
|move|p2a: Aegislash|Close Combat|p1a: Bisharp
|-supereffective|p1a: Bisharp
|-damage|p1a: Bisharp|0 fnt
|-unboost|p2a: Aegislash|def|1
|-unboost|p2a: Aegislash|spd|1
|faint|p1a: Bisharp
|
|-heal|p2a: Aegislash|82/100|[from] item: Leftovers
|upkeep
|
|t:|1627394421
|switch|p1a: Blacephalon|Blacephalon|100/100
|turn|9
|j| DeadByFlinch
|
|t:|1627394434
|switch|p2a: Tornadus|Tornadus-Therian, M|100/100
|move|p1a: Blacephalon|Shadow Ball|p2a: Tornadus
|-damage|p2a: Tornadus|55/100
|
|upkeep
|turn|10
|
|t:|1627394445
|move|p1a: Blacephalon|Shadow Ball|p2a: Tornadus
|-damage|p2a: Tornadus|6/100
|-unboost|p2a: Tornadus|spd|1
|move|p2a: Tornadus|Knock Off|p1a: Blacephalon
|-supereffective|p1a: Blacephalon
|-damage|p1a: Blacephalon|3/100
|-enditem|p1a: Blacephalon|Choice Scarf|[from] move: Knock Off|[of] p2a: Tornadus
|
|upkeep
|turn|11
|
|t:|1627394453
|move|p2a: Tornadus|U-turn|p1a: Blacephalon
|-resisted|p1a: Blacephalon
|-damage|p1a: Blacephalon|0 fnt
|faint|p1a: Blacephalon
|j| Trollling Salt
|
|t:|1627394459
|switch|p2a: Aegislash|Aegislash, M, shiny|82/100|[from]move: U-turn
|-damage|p2a: Aegislash|76/100|[from] Stealth Rock
|
|-heal|p2a: Aegislash|82/100|[from] item: Leftovers
|upkeep
|j| alola420
|
|t:|1627394463
|switch|p1a: Cloyster|Cloyster, F|100/100
|turn|12
|
|t:|1627394465
|move|p1a: Cloyster|Icicle Spear|p2a: Aegislash
|-resisted|p2a: Aegislash
|-damage|p2a: Aegislash|77/100
|-resisted|p2a: Aegislash
|-damage|p2a: Aegislash|71/100
|-resisted|p2a: Aegislash
|-damage|p2a: Aegislash|66/100
|-resisted|p2a: Aegislash
|-damage|p2a: Aegislash|61/100
|-resisted|p2a: Aegislash
|-damage|p2a: Aegislash|56/100
|-hitcount|p2a: Aegislash|5
|-formechange|p2a: Aegislash|Aegislash-Blade||[from] ability: Stance Change
|move|p2a: Aegislash|Shadow Ball|p1a: Cloyster
|-damage|p1a: Cloyster|0 fnt
|faint|p1a: Cloyster
|
|-heal|p2a: Aegislash|62/100|[from] item: Leftovers
|upkeep
|
|t:|1627394472
|switch|p1a: Kartana|Kartana|100/100
|turn|13
|
|t:|1627394476
|move|p1a: Kartana|Knock Off|p2a: Aegislash
|-supereffective|p2a: Aegislash
|-damage|p2a: Aegislash|0 fnt
|-enditem|p2a: Aegislash|Leftovers|[from] move: Knock Off|[of] p1a: Kartana
|faint|p2a: Aegislash
|-ability|p1a: Kartana|Beast Boost|boost
|-boost|p1a: Kartana|atk|1
|
|upkeep
|j| BelleBoo
|
|t:|1627394479
|switch|p2a: Tornadus|Tornadus-Therian, M|39/100
|turn|14
|
|t:|1627394481
|move|p1a: Kartana|Knock Off|p2a: Tornadus
|-damage|p2a: Tornadus|0 fnt
|-enditem|p2a: Tornadus|Heavy-Duty Boots|[from] move: Knock Off|[of] p1a: Kartana
|faint|p2a: Tornadus
|-ability|p1a: Kartana|Beast Boost|boost
|-boost|p1a: Kartana|atk|1
|
|upkeep
|
|t:|1627394484
|switch|p2a: Magnezone|Magnezone|100/100
|-damage|p2a: Magnezone|94/100|[from] Stealth Rock
|turn|15
|
|t:|1627394486
|move|p1a: Kartana|Knock Off|p2a: Magnezone
|-damage|p2a: Magnezone|18/100
|-enditem|p2a: Magnezone|Chople Berry|[from] move: Knock Off|[of] p1a: Kartana
|move|p2a: Magnezone|Body Press|p1a: Kartana
|-supereffective|p1a: Kartana
|-damage|p1a: Kartana|46/100
|
|upkeep
|turn|16
|
|t:|1627394489
|move|p1a: Kartana|Knock Off|p2a: Magnezone
|-damage|p2a: Magnezone|0 fnt
|faint|p2a: Magnezone
|-ability|p1a: Kartana|Beast Boost|boost
|-boost|p1a: Kartana|atk|1
|
|upkeep
|
|t:|1627394491
|switch|p2a: Dragapult|Dragapult, M|100/100
|-damage|p2a: Dragapult|88/100|[from] Stealth Rock
|turn|17
|
|t:|1627394493
|move|p2a: Dragapult|Sucker Punch|p1a: Kartana
|-damage|p1a: Kartana|9/100
|move|p1a: Kartana|Knock Off|p2a: Dragapult
|-supereffective|p2a: Dragapult
|-damage|p2a: Dragapult|0 fnt
|-enditem|p2a: Dragapult|Choice Band|[from] move: Knock Off|[of] p1a: Kartana
|faint|p2a: Dragapult
|-ability|p1a: Kartana|Beast Boost|boost
|-boost|p1a: Kartana|atk|1
|
|upkeep
|
|t:|1627394495
|switch|p2a: Seismitoad|Seismitoad, F|100/100
|-damage|p2a: Seismitoad|94/100|[from] Stealth Rock
|turn|18
|
|t:|1627394497
|move|p1a: Kartana|Knock Off|p2a: Seismitoad
|-damage|p2a: Seismitoad|0 fnt
|-enditem|p2a: Seismitoad|Leftovers|[from] move: Knock Off|[of] p1a: Kartana
|faint|p2a: Seismitoad
|
|win|LT84JM Santu
|raw|LT84JM Santu's rating: 1861 &rarr; <strong>1880</strong><br />(+19 for winning)
|raw|Coach Jones 6fifth's rating: 1841 &rarr; <strong>1822</strong><br />(-19 for losing)
|l| LT84JM Farawyn98
|c|☆Coach Jones 6fifth|gg
