|j|☆BiEla
|j|☆friedfreak
|player|p1|BiEla|169|1806
|player|p2|friedfreak|170|1846
|teamsize|p1|6
|teamsize|p2|6
|gametype|singles
|gen|8
|tier|[Gen 8] OU
|rated|
|clearpoke
|poke|p1|Quagsire, M|
|poke|p1|Corviknight, F|
|poke|p1|Snorlax, M|
|poke|p1|Sableye, M|
|poke|p1|Mew|
|poke|p1|Toxapex, M|
|poke|p2|Seismitoad, M|
|poke|p2|Clefable, M|
|poke|p2|Dragapult, M|
|poke|p2|Incineroar, M|
|poke|p2|Corviknight, F|
|poke|p2|Zeraora|
|rule|Sleep Clause Mod: Limit one foe put to sleep
|rule|Species Clause: Limit one of each Pokémon
|rule|OHKO Clause: OHKO moves are banned
|rule|Evasion Moves Clause: Evasion moves are banned
|rule|Endless Battle Clause: Forcing endless battles is banned
|rule|HP Percentage Mod: HP is shown in percentages
|rule|Dynamax Clause: You cannot dynamax
|teampreview
|inactive|Battle timer is ON: inactive players will automatically lose when time's up. (requested by BiEla)
|
|start
|switch|p1a: Toxapex|Toxapex, M|100/100
|switch|p2a: Zeraora|Zeraora|100/100
|turn|1
|j| Edwinvf
|
|move|p2a: Zeraora|Substitute|p2a: Zeraora
|-start|p2a: Zeraora|Substitute
|-damage|p2a: Zeraora|76/100
|move|p1a: Toxapex|Toxic Spikes|p2a: Zeraora
|-sidestart|p2: friedfreak|move: Toxic Spikes
|
|-heal|p2a: Zeraora|82/100|[from] item: Leftovers
|upkeep
|turn|2
|
|switch|p1a: Sableye|Sableye, M|100/100
|move|p2a: Zeraora|Calm Mind|p2a: Zeraora
|-boost|p2a: Zeraora|spa|1
|-boost|p2a: Zeraora|spd|1
|
|-heal|p2a: Zeraora|88/100|[from] item: Leftovers
|upkeep
|turn|3
|
|switch|p1a: Mew|Mew|100/100
|move|p2a: Zeraora|Thunderbolt|p1a: Mew
|-damage|p1a: Mew|53/100
|
|-heal|p2a: Zeraora|94/100|[from] item: Leftovers
|-heal|p1a: Mew|59/100|[from] item: Leftovers
|upkeep
|turn|4
|
|move|p2a: Zeraora|Thunderbolt|p1a: Mew
|-damage|p1a: Mew|14/100
|move|p1a: Mew|Soft-Boiled|p1a: Mew
|-heal|p1a: Mew|64/100
|
|-heal|p2a: Zeraora|99/100|[from] item: Leftovers
|-heal|p1a: Mew|71/100|[from] item: Leftovers
|upkeep
|turn|5
|
|move|p2a: Zeraora|Calm Mind|p2a: Zeraora
|-boost|p2a: Zeraora|spa|1
|-boost|p2a: Zeraora|spd|1
|move|p1a: Mew|Soft-Boiled|p1a: Mew
|-heal|p1a: Mew|100/100
|
|-heal|p2a: Zeraora|100/100|[from] item: Leftovers
|upkeep
|turn|6
|
|move|p2a: Zeraora|Thunderbolt|p1a: Mew
|-damage|p1a: Mew|37/100
|move|p1a: Mew|Calm Mind|p1a: Mew
|-boost|p1a: Mew|spa|1
|-boost|p1a: Mew|spd|1
|
|-heal|p1a: Mew|43/100|[from] item: Leftovers
|upkeep
|turn|7
|
|move|p2a: Zeraora|Thunderbolt|p1a: Mew
|-damage|p1a: Mew|3/100
|move|p1a: Mew|Soft-Boiled|p1a: Mew
|-heal|p1a: Mew|53/100
|
|-heal|p1a: Mew|59/100|[from] item: Leftovers
|upkeep
|turn|8
|
|move|p2a: Zeraora|Calm Mind|p2a: Zeraora
|-boost|p2a: Zeraora|spa|1
|-boost|p2a: Zeraora|spd|1
|move|p1a: Mew|Soft-Boiled|p1a: Mew
|-heal|p1a: Mew|100/100
|
|upkeep
|turn|9
|
|move|p2a: Zeraora|Thunderbolt|p1a: Mew
|-damage|p1a: Mew|48/100
|move|p1a: Mew|Calm Mind|p1a: Mew
|-boost|p1a: Mew|spa|1
|-boost|p1a: Mew|spd|1
|
|-heal|p1a: Mew|54/100|[from] item: Leftovers
|upkeep
|turn|10
|
|move|p2a: Zeraora|Calm Mind|p2a: Zeraora
|-boost|p2a: Zeraora|spa|1
|-boost|p2a: Zeraora|spd|1
|move|p1a: Mew|Soft-Boiled|p1a: Mew
|-heal|p1a: Mew|100/100
|
|upkeep
|turn|11
|
|move|p2a: Zeraora|Thunderbolt|p1a: Mew
|-damage|p1a: Mew|57/100
|move|p1a: Mew|Calm Mind|p1a: Mew
|-boost|p1a: Mew|spa|1
|-boost|p1a: Mew|spd|1
|
|-heal|p1a: Mew|63/100|[from] item: Leftovers
|upkeep
|turn|12
|
|move|p2a: Zeraora|Calm Mind|p2a: Zeraora
|-boost|p2a: Zeraora|spa|1
|-boost|p2a: Zeraora|spd|1
|move|p1a: Mew|Soft-Boiled|p1a: Mew
|-heal|p1a: Mew|100/100
|
|upkeep
|turn|13
|
|move|p2a: Zeraora|Calm Mind|p2a: Zeraora
|-boost|p2a: Zeraora|spa|1
|-boost|p2a: Zeraora|spd|1
|move|p1a: Mew|Calm Mind|p1a: Mew
|-boost|p1a: Mew|spa|1
|-boost|p1a: Mew|spd|1
|
|upkeep
|turn|14
|
|move|p2a: Zeraora|Thunderbolt|p1a: Mew
|-damage|p1a: Mew|58/100
|move|p1a: Mew|Calm Mind|p1a: Mew
|-boost|p1a: Mew|spa|1
|-boost|p1a: Mew|spd|1
|
|-heal|p1a: Mew|64/100|[from] item: Leftovers
|upkeep
|turn|15
|j| imaKOUni?
|
|move|p2a: Zeraora|Thunderbolt|p1a: Mew
|-damage|p1a: Mew|28/100
|move|p1a: Mew|Soft-Boiled|p1a: Mew
|-heal|p1a: Mew|78/100
|
|-heal|p1a: Mew|84/100|[from] item: Leftovers
|upkeep
|turn|16
|
|move|p2a: Zeraora|Thunderbolt|p1a: Mew
|-damage|p1a: Mew|50/100
|move|p1a: Mew|Calm Mind|p1a: Mew
|-boost|p1a: Mew|spa|1
|-boost|p1a: Mew|spd|1
|
|-heal|p1a: Mew|57/100|[from] item: Leftovers
|upkeep
|turn|17
|
|move|p2a: Zeraora|Thunderbolt|p1a: Mew
|-crit|p1a: Mew
|-damage|p1a: Mew|0 fnt
|faint|p1a: Mew
|
|upkeep
|c|☆BiEla|aff
|
|switch|p1a: Quagsire|Quagsire, M|100/100
|turn|18
|
|move|p2a: Zeraora|Aura Sphere|p1a: Quagsire
|-damage|p1a: Quagsire|73/100
|move|p1a: Quagsire|Scald|p2a: Zeraora
|-crit|p2a: Zeraora
|-end|p2a: Zeraora|Substitute
|
|-heal|p1a: Quagsire|79/100|[from] item: Leftovers
|upkeep
|turn|19
|
|switch|p2a: Clefable|Clefable, M|100/100
|-status|p2a: Clefable|psn
|move|p1a: Quagsire|Stockpile|p1a: Quagsire
|-start|p1a: Quagsire|stockpile1
|-boost|p1a: Quagsire|def|1
|-boost|p1a: Quagsire|spd|1
|
|-heal|p1a: Quagsire|85/100|[from] item: Leftovers
|upkeep
|turn|20
|
|switch|p2a: Incineroar|Incineroar, M|100/100
|-ability|p2a: Incineroar|Intimidate|boost
|-unboost|p1a: Quagsire|atk|1
|switch|p1a: Snorlax|Snorlax, M|100/100
|
|upkeep
|turn|21
|
|switch|p1a: Toxapex|Toxapex, M|100/100
|move|p2a: Incineroar|Knock Off|p1a: Toxapex
|-damage|p1a: Toxapex|76/100
|-enditem|p1a: Toxapex|Leftovers|[from] move: Knock Off|[of] p2a: Incineroar
|
|upkeep
|turn|22
|
|move|p2a: Incineroar|Parting Shot|p1a: Toxapex
|-unboost|p1a: Toxapex|atk|1
|-unboost|p1a: Toxapex|spa|1
|
|switch|p2a: Corviknight|Corviknight, F|100/100|[from]move: Parting Shot
|-ability|p2a: Corviknight|Pressure
|move|p1a: Toxapex|Toxic Spikes|p2a: Corviknight
|-sidestart|p2: friedfreak|move: Toxic Spikes
|
|upkeep
|turn|23
|
|switch|p1a: Snorlax|Snorlax, M|100/100
|move|p2a: Corviknight|Defog|p1a: Snorlax
|-unboost|p1a: Snorlax|evasion|1
|-sideend|p2: friedfreak|Toxic Spikes|[from] move: Defog|[of] p2a: Corviknight
|
|upkeep
|turn|24
|
|move|p2a: Corviknight|Body Press|p1a: Snorlax
|-supereffective|p1a: Snorlax
|-damage|p1a: Snorlax|51/100
|move|p1a: Snorlax|Curse|p1a: Snorlax
|-unboost|p1a: Snorlax|spe|1
|-boost|p1a: Snorlax|atk|1
|-boost|p1a: Snorlax|def|1
|
|-heal|p1a: Snorlax|57/100|[from] item: Leftovers
|upkeep
|turn|25
|
|move|p2a: Corviknight|Body Press|p1a: Snorlax
|-supereffective|p1a: Snorlax
|-damage|p1a: Snorlax|26/100
|move|p1a: Snorlax|Rest|p1a: Snorlax
|-status|p1a: Snorlax|slp|[from] move: Rest
|-heal|p1a: Snorlax|100/100 slp|[silent]
|
|upkeep
|turn|26
|
|switch|p2a: Incineroar|Incineroar, M|100/100
|-ability|p2a: Incineroar|Intimidate|boost
|-unboost|p1a: Snorlax|atk|1
|cant|p1a: Snorlax|slp
|
|upkeep
|turn|27
|
|switch|p1a: Toxapex|Toxapex, M|100/100
|move|p2a: Incineroar|Knock Off|p1a: Toxapex
|-damage|p1a: Toxapex|86/100
|
|upkeep
|turn|28
|
|move|p1a: Toxapex|Baneful Bunker|p1a: Toxapex
|-singleturn|p1a: Toxapex|move: Protect
|move|p2a: Incineroar|Will-O-Wisp|p1a: Toxapex
|-activate|p1a: Toxapex|move: Protect
|
|upkeep
|turn|29
|
|move|p1a: Toxapex|Baneful Bunker||[still]
|-fail|p1a: Toxapex
|move|p2a: Incineroar|Will-O-Wisp|p1a: Toxapex
|-status|p1a: Toxapex|brn
|
|-damage|p1a: Toxapex|80/100 brn|[from] brn
|upkeep
|turn|30
|
|move|p1a: Toxapex|Baneful Bunker|p1a: Toxapex
|-singleturn|p1a: Toxapex|move: Protect
|move|p2a: Incineroar|Parting Shot|p1a: Toxapex
|-activate|p1a: Toxapex|move: Protect
|
|-damage|p1a: Toxapex|74/100 brn|[from] brn
|upkeep
|turn|31
|
|move|p1a: Toxapex|Baneful Bunker||[still]
|-fail|p1a: Toxapex
|move|p2a: Incineroar|Parting Shot|p1a: Toxapex
|-unboost|p1a: Toxapex|atk|1
|-unboost|p1a: Toxapex|spa|1
|
|switch|p2a: Seismitoad|Seismitoad, M|100/100|[from]move: Parting Shot
|
|-damage|p1a: Toxapex|68/100 brn|[from] brn
|upkeep
|turn|32
|
|switch|p1a: Corviknight|Corviknight, F|100/100
|-ability|p1a: Corviknight|Pressure
|move|p2a: Seismitoad|Earth Power|p1a: Corviknight
|-immune|p1a: Corviknight
|
|upkeep
|turn|33
|
|move|p2a: Seismitoad|Stealth Rock|p1a: Corviknight
|-sidestart|p1: BiEla|move: Stealth Rock
|move|p1a: Corviknight|Bulk Up|p1a: Corviknight
|-boost|p1a: Corviknight|atk|1
|-boost|p1a: Corviknight|def|1
|
|upkeep
|turn|34
|
|move|p2a: Seismitoad|Scald|p1a: Corviknight
|-damage|p1a: Corviknight|79/100
|move|p1a: Corviknight|Defog|p2a: Seismitoad
|-unboost|p2a: Seismitoad|evasion|1
|-sideend|p1: BiEla|Stealth Rock|[from] move: Defog|[of] p1a: Corviknight
|
|-heal|p1a: Corviknight|85/100|[from] item: Leftovers
|upkeep
|turn|35
|
|move|p2a: Seismitoad|Knock Off|p1a: Corviknight
|-damage|p1a: Corviknight|77/100
|-enditem|p1a: Corviknight|Leftovers|[from] move: Knock Off|[of] p2a: Seismitoad
|move|p1a: Corviknight|Bulk Up|p1a: Corviknight
|-boost|p1a: Corviknight|atk|1
|-boost|p1a: Corviknight|def|1
|
|upkeep
|turn|36
|
|switch|p2a: Incineroar|Incineroar, M|100/100
|-ability|p2a: Incineroar|Intimidate|boost
|-unboost|p1a: Corviknight|atk|1
|move|p1a: Corviknight|Brave Bird|p2a: Incineroar
|-damage|p2a: Incineroar|50/100
|-damage|p1a: Corviknight|60/100|[from] Recoil
|
|upkeep
|turn|37
|
|switch|p1a: Toxapex|Toxapex, M|100/100 brn
|move|p2a: Incineroar|Will-O-Wisp|p1a: Toxapex
|-fail|p1a: Toxapex|brn
|
|-damage|p1a: Toxapex|94/100 brn|[from] brn
|upkeep
|turn|38
|
|move|p2a: Incineroar|Parting Shot|p1a: Toxapex
|-unboost|p1a: Toxapex|atk|1
|-unboost|p1a: Toxapex|spa|1
|j| Celtis
|
|switch|p2a: Seismitoad|Seismitoad, M|100/100|[from]move: Parting Shot
|move|p1a: Toxapex|Toxic Spikes|p2a: Seismitoad
|-sidestart|p2: friedfreak|move: Toxic Spikes
|
|-damage|p1a: Toxapex|88/100 brn|[from] brn
|upkeep
|turn|39
|
|switch|p1a: Corviknight|Corviknight, F|60/100
|-ability|p1a: Corviknight|Pressure
|move|p2a: Seismitoad|Stealth Rock|p1a: Corviknight
|-sidestart|p1: BiEla|move: Stealth Rock
|
|upkeep
|turn|40
|
|move|p2a: Seismitoad|Scald|p1a: Corviknight
|-damage|p1a: Corviknight|39/100
|move|p1a: Corviknight|Defog|p2a: Seismitoad
|-unboost|p2a: Seismitoad|evasion|1
|-sideend|p2: friedfreak|Toxic Spikes|[from] move: Defog|[of] p1a: Corviknight
|-sideend|p1: BiEla|Stealth Rock|[from] move: Defog|[of] p1a: Corviknight
|
|upkeep
|turn|41
|
|move|p2a: Seismitoad|Scald|p1a: Corviknight
|-damage|p1a: Corviknight|14/100
|-status|p1a: Corviknight|brn
|move|p1a: Corviknight|Roost|p1a: Corviknight
|-heal|p1a: Corviknight|64/100 brn
|-singleturn|p1a: Corviknight|move: Roost
|
|-damage|p1a: Corviknight|58/100 brn|[from] brn
|upkeep
|turn|42
|
|switch|p2a: Dragapult|Dragapult, M|100/100
|move|p1a: Corviknight|Roost|p1a: Corviknight
|-heal|p1a: Corviknight|100/100 brn
|-singleturn|p1a: Corviknight|move: Roost
|
|-damage|p1a: Corviknight|94/100 brn|[from] brn
|upkeep
|turn|43
|
|switch|p1a: Snorlax|Snorlax, M|100/100 slp
|move|p2a: Dragapult|Dragon Dance|p2a: Dragapult
|-boost|p2a: Dragapult|atk|1
|-boost|p2a: Dragapult|spe|1
|
|upkeep
|turn|44
|
|switch|p1a: Corviknight|Corviknight, F|94/100 brn
|-ability|p1a: Corviknight|Pressure
|move|p2a: Dragapult|Dragon Darts|p1a: Corviknight
|-resisted|p1a: Corviknight
|-damage|p1a: Corviknight|82/100 brn
|-anim|p2a: Dragapult|Dragon Darts|p1a: Corviknight
|-resisted|p1a: Corviknight
|-damage|p1a: Corviknight|69/100 brn
|
|-damage|p1a: Corviknight|63/100 brn|[from] brn
|upkeep
|turn|45
|
|switch|p1a: Sableye|Sableye, M|100/100
|move|p2a: Dragapult|Dragon Dance|p2a: Dragapult
|-boost|p2a: Dragapult|atk|1
|-boost|p2a: Dragapult|spe|1
|
|upkeep
|turn|46
|
|switch|p2a: Incineroar|Incineroar, M|50/100
|-ability|p2a: Incineroar|Intimidate|boost
|-unboost|p1a: Sableye|atk|1
|move|p1a: Sableye|Will-O-Wisp|p2a: Incineroar
|-hint|Since gen 7, Dark is immune to Prankster moves.
|-immune|p2a: Incineroar
|
|upkeep
|turn|47
|
|switch|p1a: Toxapex|Toxapex, M|100/100 brn
|move|p2a: Incineroar|Knock Off|p1a: Toxapex
|-damage|p1a: Toxapex|85/100 brn
|
|-damage|p1a: Toxapex|79/100 brn|[from] brn
|upkeep
|turn|48
|
|move|p2a: Incineroar|Parting Shot|p1a: Toxapex
|-unboost|p1a: Toxapex|atk|1
|-unboost|p1a: Toxapex|spa|1
|
|switch|p2a: Seismitoad|Seismitoad, M|100/100|[from]move: Parting Shot
|move|p1a: Toxapex|Toxic Spikes|p2a: Seismitoad
|-sidestart|p2: friedfreak|move: Toxic Spikes
|
|-damage|p1a: Toxapex|73/100 brn|[from] brn
|upkeep
|turn|49
|
|switch|p1a: Corviknight|Corviknight, F|63/100 brn
|-ability|p1a: Corviknight|Pressure
|move|p2a: Seismitoad|Stealth Rock|p1a: Corviknight
|-sidestart|p1: BiEla|move: Stealth Rock
|
|-damage|p1a: Corviknight|57/100 brn|[from] brn
|upkeep
|turn|50
|
|switch|p2a: Clefable|Clefable, M|100/100 psn
|move|p1a: Corviknight|Roost|p1a: Corviknight
|-heal|p1a: Corviknight|100/100 brn
|-singleturn|p1a: Corviknight|move: Roost
|
|-damage|p1a: Corviknight|94/100 brn|[from] brn
|upkeep
|turn|51
|
|move|p1a: Corviknight|Defog|p2a: Clefable
|-unboost|p2a: Clefable|evasion|1
|-sideend|p2: friedfreak|Toxic Spikes|[from] move: Defog|[of] p1a: Corviknight
|-sideend|p1: BiEla|Stealth Rock|[from] move: Defog|[of] p1a: Corviknight
|move|p2a: Clefable|Wish|p2a: Clefable
|
|-damage|p1a: Corviknight|88/100 brn|[from] brn
|upkeep
|turn|52
|
|switch|p1a: Snorlax|Snorlax, M|100/100 slp
|switch|p2a: Incineroar|Incineroar, M|50/100
|-ability|p2a: Incineroar|Intimidate|boost
|-unboost|p1a: Snorlax|atk|1
|
|-heal|p2a: Incineroar|99/100|[from] move: Wish|[wisher] Clefable
|upkeep
|turn|53
|
|switch|p1a: Toxapex|Toxapex, M|100/100 brn
|move|p2a: Incineroar|Knock Off|p1a: Toxapex
|-damage|p1a: Toxapex|85/100 brn
|
|-damage|p1a: Toxapex|79/100 brn|[from] brn
|upkeep
|turn|54
|
|move|p2a: Incineroar|Parting Shot|p1a: Toxapex
|-unboost|p1a: Toxapex|atk|1
|-unboost|p1a: Toxapex|spa|1
|
|switch|p2a: Seismitoad|Seismitoad, M|100/100|[from]move: Parting Shot
|move|p1a: Toxapex|Toxic Spikes|p2a: Seismitoad
|-sidestart|p2: friedfreak|move: Toxic Spikes
|
|-damage|p1a: Toxapex|73/100 brn|[from] brn
|upkeep
|turn|55
|
|switch|p1a: Corviknight|Corviknight, F|88/100 brn
|-ability|p1a: Corviknight|Pressure
|move|p2a: Seismitoad|Stealth Rock|p1a: Corviknight
|-sidestart|p1: BiEla|move: Stealth Rock
|
|-damage|p1a: Corviknight|82/100 brn|[from] brn
|upkeep
|turn|56
|
|switch|p2a: Incineroar|Incineroar, M|99/100
|-ability|p2a: Incineroar|Intimidate|boost
|-unboost|p1a: Corviknight|atk|1
|move|p1a: Corviknight|Defog|p2a: Incineroar
|-unboost|p2a: Incineroar|evasion|1
|-sideend|p2: friedfreak|Toxic Spikes|[from] move: Defog|[of] p1a: Corviknight
|-sideend|p1: BiEla|Stealth Rock|[from] move: Defog|[of] p1a: Corviknight
|
|-damage|p1a: Corviknight|75/100 brn|[from] brn
|upkeep
|turn|57
|
|switch|p1a: Toxapex|Toxapex, M|100/100 brn
|move|p2a: Incineroar|Parting Shot|p1a: Toxapex
|-unboost|p1a: Toxapex|atk|1
|-unboost|p1a: Toxapex|spa|1
|
|switch|p2a: Zeraora|Zeraora|100/100|[from]move: Parting Shot
|
|-damage|p1a: Toxapex|94/100 brn|[from] brn
|upkeep
|turn|58
|
|switch|p1a: Quagsire|Quagsire, M|85/100
|move|p2a: Zeraora|Substitute|p2a: Zeraora
|-start|p2a: Zeraora|Substitute
|-damage|p2a: Zeraora|76/100
|
|-heal|p2a: Zeraora|82/100|[from] item: Leftovers
|-heal|p1a: Quagsire|91/100|[from] item: Leftovers
|upkeep
|turn|59
|
|move|p2a: Zeraora|Aura Sphere|p1a: Quagsire
|-damage|p1a: Quagsire|61/100
|move|p1a: Quagsire|Toxic||[still]
|-fail|p1a: Quagsire
|
|-heal|p2a: Zeraora|88/100|[from] item: Leftovers
|-heal|p1a: Quagsire|68/100|[from] item: Leftovers
|upkeep
|turn|60
|
|move|p2a: Zeraora|Aura Sphere|p1a: Quagsire
|-damage|p1a: Quagsire|38/100
|move|p1a: Quagsire|Recover|p1a: Quagsire
|-heal|p1a: Quagsire|88/100
|
|-heal|p2a: Zeraora|94/100|[from] item: Leftovers
|-heal|p1a: Quagsire|94/100|[from] item: Leftovers
|upkeep
|turn|61
|
|move|p2a: Zeraora|Aura Sphere|p1a: Quagsire
|-damage|p1a: Quagsire|68/100
|move|p1a: Quagsire|Stockpile|p1a: Quagsire
|-start|p1a: Quagsire|stockpile1
|-boost|p1a: Quagsire|def|1
|-boost|p1a: Quagsire|spd|1
|
|-heal|p2a: Zeraora|99/100|[from] item: Leftovers
|-heal|p1a: Quagsire|74/100|[from] item: Leftovers
|upkeep
|turn|62
|
|switch|p2a: Incineroar|Incineroar, M|99/100
|-ability|p2a: Incineroar|Intimidate|boost
|-unboost|p1a: Quagsire|atk|1
|move|p1a: Quagsire|Recover|p1a: Quagsire
|-heal|p1a: Quagsire|100/100
|
|upkeep
|turn|63
|
|move|p2a: Incineroar|Parting Shot|p1a: Quagsire
|-unboost|p1a: Quagsire|atk|1
|-unboost|p1a: Quagsire|spa|1
|
|switch|p2a: Clefable|Clefable, M|100/100 psn|[from]move: Parting Shot
|move|p1a: Quagsire|Scald|p2a: Clefable
|-damage|p2a: Clefable|91/100 psn
|
|-heal|p2a: Clefable|97/100 psn|[from] item: Leftovers
|upkeep
|turn|64
|
|switch|p1a: Snorlax|Snorlax, M|100/100 slp
|move|p2a: Clefable|Teleport|p2a: Clefable
|
|switch|p2a: Dragapult|Dragapult, M|100/100|[from]move: Teleport
|
|upkeep
|turn|65
|
|switch|p1a: Sableye|Sableye, M|100/100
|move|p2a: Dragapult|Dragon Darts|p1a: Sableye
|-damage|p1a: Sableye|74/100
|-anim|p2a: Dragapult|Dragon Darts|p1a: Sableye
|-damage|p1a: Sableye|45/100
|
|-heal|p1a: Sableye|51/100|[from] item: Leftovers
|upkeep
|turn|66
|
|switch|p2a: Incineroar|Incineroar, M|99/100
|-ability|p2a: Incineroar|Intimidate|boost
|-unboost|p1a: Sableye|atk|1
|move|p1a: Sableye|Recover|p1a: Sableye
|-heal|p1a: Sableye|100/100
|
|upkeep
|turn|67
|
|switch|p1a: Toxapex|Toxapex, M|100/100 brn
|move|p2a: Incineroar|Knock Off|p1a: Toxapex
|-damage|p1a: Toxapex|85/100 brn
|
|-damage|p1a: Toxapex|78/100 brn|[from] brn
|upkeep
|turn|68
|
|switch|p2a: Seismitoad|Seismitoad, M|100/100
|move|p1a: Toxapex|Toxic Spikes|p2a: Seismitoad
|-sidestart|p2: friedfreak|move: Toxic Spikes
|
|-damage|p1a: Toxapex|72/100 brn|[from] brn
|upkeep
|turn|69
|
|switch|p1a: Snorlax|Snorlax, M|100/100 slp
|move|p2a: Seismitoad|Stealth Rock|p1a: Snorlax
|-sidestart|p1: BiEla|move: Stealth Rock
|
|upkeep
|turn|70
|
|move|p2a: Seismitoad|Knock Off|p1a: Snorlax
|-damage|p1a: Snorlax|82/100 slp
|-enditem|p1a: Snorlax|Leftovers|[from] move: Knock Off|[of] p2a: Seismitoad
|cant|p1a: Snorlax|slp
|
|upkeep
|turn|71
|
|switch|p2a: Incineroar|Incineroar, M|99/100
|-ability|p2a: Incineroar|Intimidate|boost
|-unboost|p1a: Snorlax|atk|1
|-curestatus|p1a: Snorlax|slp|[msg]
|move|p1a: Snorlax|Curse|p1a: Snorlax
|-unboost|p1a: Snorlax|spe|1
|-boost|p1a: Snorlax|atk|1
|-boost|p1a: Snorlax|def|1
|
|upkeep
|turn|72
|
|move|p2a: Incineroar|Will-O-Wisp|p1a: Snorlax
|-status|p1a: Snorlax|brn
|move|p1a: Snorlax|Curse|p1a: Snorlax
|-unboost|p1a: Snorlax|spe|1
|-boost|p1a: Snorlax|atk|1
|-boost|p1a: Snorlax|def|1
|
|-damage|p1a: Snorlax|76/100 brn|[from] brn
|upkeep
|turn|73
|
|move|p2a: Incineroar|Parting Shot|p1a: Snorlax
|-unboost|p1a: Snorlax|atk|1
|-unboost|p1a: Snorlax|spa|1
|
|switch|p2a: Corviknight|Corviknight, F|100/100|[from]move: Parting Shot
|-ability|p2a: Corviknight|Pressure
|move|p1a: Snorlax|Curse|p1a: Snorlax
|-unboost|p1a: Snorlax|spe|1
|-boost|p1a: Snorlax|atk|1
|-boost|p1a: Snorlax|def|1
|
|-damage|p1a: Snorlax|70/100 brn|[from] brn
|upkeep
|turn|74
|
|move|p2a: Corviknight|Defog|p1a: Snorlax
|-unboost|p1a: Snorlax|evasion|1
|-sideend|p1: BiEla|Stealth Rock|[from] move: Defog|[of] p2a: Corviknight
|-sideend|p2: friedfreak|Toxic Spikes|[from] move: Defog|[of] p2a: Corviknight
|move|p1a: Snorlax|Curse|p1a: Snorlax
|-unboost|p1a: Snorlax|spe|1
|-boost|p1a: Snorlax|atk|1
|-boost|p1a: Snorlax|def|1
|
|-damage|p1a: Snorlax|64/100 brn|[from] brn
|upkeep
|turn|75
|
|switch|p2a: Dragapult|Dragapult, M|100/100
|move|p1a: Snorlax|Rest|p1a: Snorlax
|-status|p1a: Snorlax|slp|[from] move: Rest
|-heal|p1a: Snorlax|100/100 slp|[silent]
|
|upkeep
|turn|76
|
|move|p2a: Dragapult|Dragon Dance|p2a: Dragapult
|-boost|p2a: Dragapult|atk|1
|-boost|p2a: Dragapult|spe|1
|cant|p1a: Snorlax|slp
|
|upkeep
|turn|77
|
|move|p2a: Dragapult|Dragon Dance|p2a: Dragapult
|-boost|p2a: Dragapult|atk|1
|-boost|p2a: Dragapult|spe|1
|cant|p1a: Snorlax|slp
|
|upkeep
|turn|78
|
|move|p2a: Dragapult|Dragon Dance|p2a: Dragapult
|-boost|p2a: Dragapult|atk|1
|-boost|p2a: Dragapult|spe|1
|-curestatus|p1a: Snorlax|slp|[msg]
|move|p1a: Snorlax|Fire Punch|p2a: Dragapult
|-resisted|p2a: Dragapult
|-damage|p2a: Dragapult|70/100
|
|upkeep
|turn|79
|
|switch|p1a: Sableye|Sableye, M|100/100
|move|p2a: Dragapult|Will-O-Wisp|p1a: Sableye
|-status|p1a: Sableye|brn
|
|-damage|p1a: Sableye|94/100 brn|[from] brn
|upkeep
|turn|80
|
|switch|p2a: Incineroar|Incineroar, M|99/100
|-ability|p2a: Incineroar|Intimidate|boost
|-unboost|p1a: Sableye|atk|1
|move|p1a: Sableye|Will-O-Wisp|p2a: Incineroar
|-hint|Since gen 7, Dark is immune to Prankster moves.
|-immune|p2a: Incineroar
|
|-heal|p1a: Sableye|100/100 brn|[from] item: Leftovers
|-damage|p1a: Sableye|94/100 brn|[from] brn
|upkeep
|turn|81
|
|switch|p1a: Toxapex|Toxapex, M|100/100 brn
|move|p2a: Incineroar|Knock Off|p1a: Toxapex
|-damage|p1a: Toxapex|86/100 brn
|
|-damage|p1a: Toxapex|80/100 brn|[from] brn
|upkeep
|turn|82
|
|switch|p2a: Seismitoad|Seismitoad, M|100/100
|move|p1a: Toxapex|Toxic Spikes|p2a: Seismitoad
|-sidestart|p2: friedfreak|move: Toxic Spikes
|
|-damage|p1a: Toxapex|74/100 brn|[from] brn
|upkeep
|turn|83
|
|switch|p1a: Snorlax|Snorlax, M|100/100
|move|p2a: Seismitoad|Stealth Rock|p1a: Snorlax
|-sidestart|p1: BiEla|move: Stealth Rock
|
|upkeep
|turn|84
|
|switch|p2a: Corviknight|Corviknight, F|100/100
|-ability|p2a: Corviknight|Pressure
|move|p1a: Snorlax|Curse|p1a: Snorlax
|-unboost|p1a: Snorlax|spe|1
|-boost|p1a: Snorlax|atk|1
|-boost|p1a: Snorlax|def|1
|
|upkeep
|turn|85
|
|move|p2a: Corviknight|Body Press|p1a: Snorlax
|-supereffective|p1a: Snorlax
|-damage|p1a: Snorlax|70/100
|move|p1a: Snorlax|Curse|p1a: Snorlax
|-unboost|p1a: Snorlax|spe|1
|-boost|p1a: Snorlax|atk|1
|-boost|p1a: Snorlax|def|1
|
|upkeep
|turn|86
|
|switch|p2a: Incineroar|Incineroar, M|99/100
|-ability|p2a: Incineroar|Intimidate|boost
|-unboost|p1a: Snorlax|atk|1
|move|p1a: Snorlax|Fire Punch|p2a: Incineroar
|-resisted|p2a: Incineroar
|-damage|p2a: Incineroar|87/100
|
|upkeep
|turn|87
|
|move|p2a: Incineroar|Parting Shot|p1a: Snorlax
|-unboost|p1a: Snorlax|atk|1
|-unboost|p1a: Snorlax|spa|1
|
|switch|p2a: Corviknight|Corviknight, F|100/100|[from]move: Parting Shot
|-ability|p2a: Corviknight|Pressure
|move|p1a: Snorlax|Body Slam|p2a: Corviknight
|-resisted|p2a: Corviknight
|-damage|p2a: Corviknight|91/100
|-status|p2a: Corviknight|par
|
|-heal|p2a: Corviknight|97/100 par|[from] item: Leftovers
|upkeep
|turn|88
|
|switch|p2a: Incineroar|Incineroar, M|87/100
|-ability|p2a: Incineroar|Intimidate|boost
|-unboost|p1a: Snorlax|atk|1
|move|p1a: Snorlax|Curse|p1a: Snorlax
|-unboost|p1a: Snorlax|spe|1
|-boost|p1a: Snorlax|atk|1
|-boost|p1a: Snorlax|def|1
|
|upkeep
|turn|89
|
|move|p2a: Incineroar|Parting Shot|p1a: Snorlax
|-unboost|p1a: Snorlax|atk|1
|-unboost|p1a: Snorlax|spa|1
|
|switch|p2a: Corviknight|Corviknight, F|97/100 par|[from]move: Parting Shot
|-ability|p2a: Corviknight|Pressure
|move|p1a: Snorlax|Curse|p1a: Snorlax
|-unboost|p1a: Snorlax|spe|1
|-boost|p1a: Snorlax|atk|1
|-boost|p1a: Snorlax|def|1
|
|-heal|p2a: Corviknight|100/100 par|[from] item: Leftovers
|upkeep
|turn|90
|
|move|p2a: Corviknight|Defog|p1a: Snorlax
|-unboost|p1a: Snorlax|evasion|1
|-sideend|p1: BiEla|Stealth Rock|[from] move: Defog|[of] p2a: Corviknight
|-sideend|p2: friedfreak|Toxic Spikes|[from] move: Defog|[of] p2a: Corviknight
|move|p1a: Snorlax|Curse|p1a: Snorlax
|-unboost|p1a: Snorlax|spe|1
|-boost|p1a: Snorlax|atk|1
|-boost|p1a: Snorlax|def|1
|
|upkeep
|turn|91
|
|switch|p2a: Incineroar|Incineroar, M|87/100
|-ability|p2a: Incineroar|Intimidate|boost
|-unboost|p1a: Snorlax|atk|1
|move|p1a: Snorlax|Body Slam|p2a: Incineroar
|-damage|p2a: Incineroar|51/100
|-status|p2a: Incineroar|par
|
|upkeep
|turn|92
|
|cant|p2a: Incineroar|par
|move|p1a: Snorlax|Curse|p1a: Snorlax
|-unboost|p1a: Snorlax|spe|1
|-boost|p1a: Snorlax|atk|1
|-boost|p1a: Snorlax|def|1
|
|upkeep
|turn|93
|
|move|p2a: Incineroar|Parting Shot|p1a: Snorlax
|-unboost|p1a: Snorlax|atk|1
|-unboost|p1a: Snorlax|spa|1
|
|switch|p2a: Dragapult|Dragapult, M|70/100|[from]move: Parting Shot
|move|p1a: Snorlax|Body Slam|p2a: Dragapult
|-immune|p2a: Dragapult
|
|upkeep
|turn|94
|
|move|p2a: Dragapult|Will-O-Wisp|p1a: Snorlax
|-status|p1a: Snorlax|brn
|move|p1a: Snorlax|Fire Punch|p2a: Dragapult
|-resisted|p2a: Dragapult
|-damage|p2a: Dragapult|64/100
|
|-damage|p1a: Snorlax|64/100 brn|[from] brn
|upkeep
|turn|95
|
|switch|p2a: Zeraora|Zeraora|99/100
|move|p1a: Snorlax|Rest|p1a: Snorlax
|-status|p1a: Snorlax|slp|[from] move: Rest
|-heal|p1a: Snorlax|100/100 slp|[silent]
|
|-heal|p2a: Zeraora|100/100|[from] item: Leftovers
|upkeep
|turn|96
|
|move|p2a: Zeraora|Substitute|p2a: Zeraora
|-start|p2a: Zeraora|Substitute
|-damage|p2a: Zeraora|76/100
|cant|p1a: Snorlax|slp
|
|-heal|p2a: Zeraora|82/100|[from] item: Leftovers
|upkeep
|turn|97
|
|move|p2a: Zeraora|Calm Mind|p2a: Zeraora
|-boost|p2a: Zeraora|spa|1
|-boost|p2a: Zeraora|spd|1
|cant|p1a: Snorlax|slp
|
|-heal|p2a: Zeraora|88/100|[from] item: Leftovers
|upkeep
|turn|98
|
|switch|p1a: Quagsire|Quagsire, M|100/100
|move|p2a: Zeraora|Aura Sphere|p1a: Quagsire
|-damage|p1a: Quagsire|71/100
|
|-heal|p2a: Zeraora|94/100|[from] item: Leftovers
|-heal|p1a: Quagsire|77/100|[from] item: Leftovers
|upkeep
|turn|99
|
|move|p2a: Zeraora|Aura Sphere|p1a: Quagsire
|-damage|p1a: Quagsire|46/100
|move|p1a: Quagsire|Stockpile|p1a: Quagsire
|-start|p1a: Quagsire|stockpile1
|-boost|p1a: Quagsire|def|1
|-boost|p1a: Quagsire|spd|1
|
|-heal|p2a: Zeraora|99/100|[from] item: Leftovers
|-heal|p1a: Quagsire|52/100|[from] item: Leftovers
|upkeep
|turn|100
|
|move|p2a: Zeraora|Aura Sphere|p1a: Quagsire
|-damage|p1a: Quagsire|33/100
|move|p1a: Quagsire|Recover|p1a: Quagsire
|-heal|p1a: Quagsire|83/100
|
|-heal|p2a: Zeraora|100/100|[from] item: Leftovers
|-heal|p1a: Quagsire|89/100|[from] item: Leftovers
|upkeep
|turn|101
|
|switch|p2a: Clefable|Clefable, M|97/100 psn
|move|p1a: Quagsire|Scald|p2a: Clefable
|-damage|p2a: Clefable|85/100 psn
|
|-heal|p2a: Clefable|91/100 psn|[from] item: Leftovers
|-heal|p1a: Quagsire|95/100|[from] item: Leftovers
|upkeep
|turn|102
|
|switch|p1a: Snorlax|Snorlax, M|100/100 slp
|move|p2a: Clefable|Wish|p2a: Clefable
|
|-heal|p2a: Clefable|97/100 psn|[from] item: Leftovers
|upkeep
|turn|103
|
|switch|p2a: Incineroar|Incineroar, M|51/100 par
|-ability|p2a: Incineroar|Intimidate|boost
|-unboost|p1a: Snorlax|atk|1
|-curestatus|p1a: Snorlax|slp|[msg]
|move|p1a: Snorlax|Body Slam|p2a: Incineroar
|-damage|p2a: Incineroar|28/100 par
|
|-heal|p2a: Incineroar|78/100 par|[from] move: Wish|[wisher] Clefable
|upkeep
|turn|104
|
|move|p1a: Snorlax|Curse|p1a: Snorlax
|-unboost|p1a: Snorlax|spe|1
|-boost|p1a: Snorlax|atk|1
|-boost|p1a: Snorlax|def|1
|move|p2a: Incineroar|Parting Shot|p1a: Snorlax
|-unboost|p1a: Snorlax|atk|1
|-unboost|p1a: Snorlax|spa|1
|
|switch|p2a: Dragapult|Dragapult, M|64/100|[from]move: Parting Shot
|
|upkeep
|turn|105
|
|switch|p1a: Sableye|Sableye, M|94/100 brn
|move|p2a: Dragapult|Dragon Dance|p2a: Dragapult
|-boost|p2a: Dragapult|atk|1
|-boost|p2a: Dragapult|spe|1
|
|-heal|p1a: Sableye|100/100 brn|[from] item: Leftovers
|-damage|p1a: Sableye|94/100 brn|[from] brn
|upkeep
|turn|106
|
|switch|p2a: Incineroar|Incineroar, M|78/100 par
|-ability|p2a: Incineroar|Intimidate|boost
|-unboost|p1a: Sableye|atk|1
|move|p1a: Sableye|Will-O-Wisp|p2a: Incineroar
|-hint|Since gen 7, Dark is immune to Prankster moves.
|-immune|p2a: Incineroar
|
|-heal|p1a: Sableye|100/100 brn|[from] item: Leftovers
|-damage|p1a: Sableye|94/100 brn|[from] brn
|upkeep
|turn|107
|
|switch|p1a: Toxapex|Toxapex, M|100/100 brn
|switch|p2a: Dragapult|Dragapult, M|64/100
|
|-damage|p1a: Toxapex|94/100 brn|[from] brn
|upkeep
|turn|108
|
|switch|p2a: Seismitoad|Seismitoad, M|100/100
|switch|p1a: Sableye|Sableye, M|94/100 brn
|
|-heal|p1a: Sableye|100/100 brn|[from] item: Leftovers
|-damage|p1a: Sableye|94/100 brn|[from] brn
|upkeep
|turn|109
|
|move|p1a: Sableye|Taunt|p2a: Seismitoad
|-start|p2a: Seismitoad|move: Taunt
|move|p2a: Seismitoad|Earth Power|p1a: Sableye
|-damage|p1a: Sableye|54/100 brn
|
|-heal|p1a: Sableye|61/100 brn|[from] item: Leftovers
|-damage|p1a: Sableye|54/100 brn|[from] brn
|upkeep
|turn|110
|
|switch|p1a: Snorlax|Snorlax, M|100/100
|move|p2a: Seismitoad|Knock Off|p1a: Snorlax
|-damage|p1a: Snorlax|90/100
|
|upkeep
|turn|111
|
|switch|p2a: Incineroar|Incineroar, M|78/100 par
|-ability|p2a: Incineroar|Intimidate|boost
|-unboost|p1a: Snorlax|atk|1
|move|p1a: Snorlax|Curse|p1a: Snorlax
|-unboost|p1a: Snorlax|spe|1
|-boost|p1a: Snorlax|atk|1
|-boost|p1a: Snorlax|def|1
|
|upkeep
|turn|112
|j| not saas
|
|move|p2a: Incineroar|Will-O-Wisp|p1a: Snorlax
|-status|p1a: Snorlax|brn
|move|p1a: Snorlax|Curse|p1a: Snorlax
|-unboost|p1a: Snorlax|spe|1
|-boost|p1a: Snorlax|atk|1
|-boost|p1a: Snorlax|def|1
|
|-damage|p1a: Snorlax|84/100 brn|[from] brn
|upkeep
|turn|113
|
|move|p2a: Incineroar|Parting Shot|p1a: Snorlax
|-unboost|p1a: Snorlax|atk|1
|-unboost|p1a: Snorlax|spa|1
|
|switch|p2a: Dragapult|Dragapult, M|64/100|[from]move: Parting Shot
|move|p1a: Snorlax|Curse|p1a: Snorlax
|-unboost|p1a: Snorlax|spe|1
|-boost|p1a: Snorlax|atk|1
|-boost|p1a: Snorlax|def|1
|
|-damage|p1a: Snorlax|77/100 brn|[from] brn
|upkeep
|turn|114
|
|move|p2a: Dragapult|Dragon Dance|p2a: Dragapult
|-boost|p2a: Dragapult|atk|1
|-boost|p2a: Dragapult|spe|1
|move|p1a: Snorlax|Fire Punch|p2a: Dragapult
|-resisted|p2a: Dragapult
|-damage|p2a: Dragapult|53/100
|
|-damage|p1a: Snorlax|71/100 brn|[from] brn
|upkeep
|turn|115
|
|switch|p1a: Sableye|Sableye, M|54/100 brn
|move|p2a: Dragapult|Dragon Darts|p1a: Sableye
|-damage|p1a: Sableye|12/100 brn
|-anim|p2a: Dragapult|Dragon Darts|p1a: Sableye
|-damage|p1a: Sableye|0 fnt
|faint|p1a: Sableye
|
|upkeep
|
|switch|p1a: Toxapex|Toxapex, M|100/100 brn
|turn|116
|
|move|p2a: Dragapult|Dragon Darts|p1a: Toxapex
|-damage|p1a: Toxapex|76/100 brn
|-anim|p2a: Dragapult|Dragon Darts|p1a: Toxapex
|-damage|p1a: Toxapex|52/100 brn
|move|p1a: Toxapex|Haze|p1a: Toxapex
|-clearallboost
|
|-damage|p1a: Toxapex|46/100 brn|[from] brn
|upkeep
|turn|117
|
|switch|p1a: Quagsire|Quagsire, M|95/100
|move|p2a: Dragapult|Dragon Dance|p2a: Dragapult
|-boost|p2a: Dragapult|atk|1
|-boost|p2a: Dragapult|spe|1
|
|-heal|p1a: Quagsire|100/100|[from] item: Leftovers
|upkeep
|turn|118
|
|switch|p2a: Incineroar|Incineroar, M|78/100 par
|-ability|p2a: Incineroar|Intimidate|boost
|-unboost|p1a: Quagsire|atk|1
|move|p1a: Quagsire|Toxic||[still]
|-fail|p1a: Quagsire
|
|upkeep
|turn|119
|
|switch|p1a: Corviknight|Corviknight, F|75/100 brn
|-ability|p1a: Corviknight|Pressure
|move|p2a: Incineroar|Will-O-Wisp|p1a: Corviknight
|-fail|p1a: Corviknight|brn
|
|-damage|p1a: Corviknight|69/100 brn|[from] brn
|upkeep
|turn|120
|
|switch|p1a: Toxapex|Toxapex, M|79/100 brn
|cant|p2a: Incineroar|par
|
|-damage|p1a: Toxapex|73/100 brn|[from] brn
|upkeep
|turn|121
|
|switch|p1a: Corviknight|Corviknight, F|69/100 brn
|-ability|p1a: Corviknight|Pressure
|switch|p2a: Seismitoad|Seismitoad, M|100/100
|
|-damage|p1a: Corviknight|63/100 brn|[from] brn
|upkeep
|turn|122
|
|move|p2a: Seismitoad|Stealth Rock|p1a: Corviknight
|-sidestart|p1: BiEla|move: Stealth Rock
|move|p1a: Corviknight|Bulk Up|p1a: Corviknight
|-boost|p1a: Corviknight|atk|1
|-boost|p1a: Corviknight|def|1
|
|-damage|p1a: Corviknight|57/100 brn|[from] brn
|upkeep
|turn|123
|
|switch|p2a: Zeraora|Zeraora|100/100
|move|p1a: Corviknight|Roost|p1a: Corviknight
|-heal|p1a: Corviknight|100/100 brn
|-singleturn|p1a: Corviknight|move: Roost
|
|-damage|p1a: Corviknight|94/100 brn|[from] brn
|upkeep
|turn|124
|
|switch|p1a: Quagsire|Quagsire, M|100/100
|-damage|p1a: Quagsire|94/100|[from] Stealth Rock
|move|p2a: Zeraora|Thunderbolt|p1a: Quagsire
|-immune|p1a: Quagsire
|
|-heal|p1a: Quagsire|100/100|[from] item: Leftovers
|upkeep
|turn|125
|
|switch|p2a: Incineroar|Incineroar, M|78/100 par
|-ability|p2a: Incineroar|Intimidate|boost
|-unboost|p1a: Quagsire|atk|1
|move|p1a: Quagsire|Scald|p2a: Incineroar
|-supereffective|p2a: Incineroar
|-damage|p2a: Incineroar|48/100 par
|
|upkeep
|turn|126
|
|switch|p2a: Clefable|Clefable, M|97/100 psn
|move|p1a: Quagsire|Scald|p2a: Clefable
|-damage|p2a: Clefable|85/100 psn
|
|-heal|p2a: Clefable|91/100 psn|[from] item: Leftovers
|upkeep
|turn|127
|
|switch|p1a: Toxapex|Toxapex, M|100/100 brn
|-damage|p1a: Toxapex|88/100 brn|[from] Stealth Rock
|move|p2a: Clefable|Wish|p2a: Clefable
|
|-heal|p2a: Clefable|97/100 psn|[from] item: Leftovers
|-damage|p1a: Toxapex|82/100 brn|[from] brn
|upkeep
|turn|128
|
|move|p1a: Toxapex|Toxic Spikes|p2a: Clefable
|-sidestart|p2: friedfreak|move: Toxic Spikes
|move|p2a: Clefable|Teleport|p2a: Clefable
|
|switch|p2a: Incineroar|Incineroar, M|48/100 par|[from]move: Teleport
|-ability|p2a: Incineroar|Intimidate|boost
|-unboost|p1a: Toxapex|atk|1
|
|-heal|p2a: Incineroar|98/100 par|[from] move: Wish|[wisher] Clefable
|-damage|p1a: Toxapex|75/100 brn|[from] brn
|upkeep
|turn|129
|
|switch|p1a: Corviknight|Corviknight, F|94/100 brn
|-damage|p1a: Corviknight|82/100 brn|[from] Stealth Rock
|-ability|p1a: Corviknight|Pressure
|move|p2a: Incineroar|Will-O-Wisp|p1a: Corviknight
|-fail|p1a: Corviknight|brn
|
|-damage|p1a: Corviknight|75/100 brn|[from] brn
|upkeep
|turn|130
|
|switch|p1a: Toxapex|Toxapex, M|100/100 brn
|-damage|p1a: Toxapex|88/100 brn|[from] Stealth Rock
|move|p2a: Incineroar|Flare Blitz|p1a: Toxapex
|-resisted|p1a: Toxapex
|-damage|p1a: Toxapex|73/100 brn
|-damage|p2a: Incineroar|94/100 par|[from] Recoil
|
|-damage|p1a: Toxapex|67/100 brn|[from] brn
|upkeep
|turn|131
|
|switch|p1a: Corviknight|Corviknight, F|75/100 brn
|-damage|p1a: Corviknight|63/100 brn|[from] Stealth Rock
|-ability|p1a: Corviknight|Pressure
|move|p2a: Incineroar|Will-O-Wisp|p1a: Corviknight
|-fail|p1a: Corviknight|brn
|
|-damage|p1a: Corviknight|57/100 brn|[from] brn
|upkeep
|turn|132
|
|switch|p1a: Toxapex|Toxapex, M|99/100 brn
|-damage|p1a: Toxapex|88/100 brn|[from] Stealth Rock
|move|p2a: Incineroar|Flare Blitz|p1a: Toxapex
|-resisted|p1a: Toxapex
|-damage|p1a: Toxapex|75/100 brn
|-damage|p2a: Incineroar|91/100 par|[from] Recoil
|
|-damage|p1a: Toxapex|69/100 brn|[from] brn
|upkeep
|turn|133
|
|switch|p1a: Quagsire|Quagsire, M|100/100
|-damage|p1a: Quagsire|94/100|[from] Stealth Rock
|move|p2a: Incineroar|Will-O-Wisp|p1a: Quagsire|[miss]
|-miss|p2a: Incineroar|p1a: Quagsire
|
|-heal|p1a: Quagsire|100/100|[from] item: Leftovers
|upkeep
|turn|134
|l|imakouni
|j| Sheik
|
|switch|p1a: Toxapex|Toxapex, M|100/100 brn
|-damage|p1a: Toxapex|88/100 brn|[from] Stealth Rock
|cant|p2a: Incineroar|par
|
|-damage|p1a: Toxapex|82/100 brn|[from] brn
|upkeep
|turn|135
|
|switch|p1a: Snorlax|Snorlax, M|71/100 brn
|-damage|p1a: Snorlax|59/100 brn|[from] Stealth Rock
|move|p2a: Incineroar|Parting Shot|p1a: Snorlax
|-unboost|p1a: Snorlax|atk|1
|-unboost|p1a: Snorlax|spa|1
|l| Sheik
|
|switch|p2a: Corviknight|Corviknight, F|100/100 par|[from]move: Parting Shot
|-ability|p2a: Corviknight|Pressure
|
|-damage|p1a: Snorlax|53/100 brn|[from] brn
|upkeep
|turn|136
|
|move|p1a: Snorlax|Rest|p1a: Snorlax
|-status|p1a: Snorlax|slp|[from] move: Rest
|-heal|p1a: Snorlax|100/100 slp|[silent]
|move|p2a: Corviknight|Body Press|p1a: Snorlax
|-supereffective|p1a: Snorlax
|-damage|p1a: Snorlax|55/100 slp
|
|upkeep
|turn|137
|
|switch|p1a: Corviknight|Corviknight, F|57/100 brn
|-damage|p1a: Corviknight|44/100 brn|[from] Stealth Rock
|-ability|p1a: Corviknight|Pressure
|move|p2a: Corviknight|Body Press|p1a: Corviknight
|-damage|p1a: Corviknight|29/100 brn
|
|-damage|p1a: Corviknight|23/100 brn|[from] brn
|upkeep
|turn|138
|
|move|p1a: Corviknight|Roost|p1a: Corviknight
|-heal|p1a: Corviknight|73/100 brn
|-singleturn|p1a: Corviknight|move: Roost
|move|p2a: Corviknight|Body Press|p1a: Corviknight
|-supereffective|p1a: Corviknight
|-damage|p1a: Corviknight|39/100 brn
|
|-damage|p1a: Corviknight|33/100 brn|[from] brn
|upkeep
|turn|139
|
|switch|p2a: Incineroar|Incineroar, M|91/100 par
|-ability|p2a: Incineroar|Intimidate|boost
|-unboost|p1a: Corviknight|atk|1
|move|p1a: Corviknight|Roost|p1a: Corviknight
|-heal|p1a: Corviknight|83/100 brn
|-singleturn|p1a: Corviknight|move: Roost
|
|-damage|p1a: Corviknight|77/100 brn|[from] brn
|upkeep
|turn|140
|
|switch|p1a: Toxapex|Toxapex, M|100/100 brn
|-damage|p1a: Toxapex|88/100 brn|[from] Stealth Rock
|move|p2a: Incineroar|Will-O-Wisp|p1a: Toxapex|[miss]
|-miss|p2a: Incineroar|p1a: Toxapex
|
|-damage|p1a: Toxapex|82/100 brn|[from] brn
|upkeep
|turn|141
|
|switch|p2a: Corviknight|Corviknight, F|100/100 par
|-ability|p2a: Corviknight|Pressure
|move|p1a: Toxapex|Toxic Spikes|p2a: Corviknight
|-sidestart|p2: friedfreak|move: Toxic Spikes
|
|-damage|p1a: Toxapex|75/100 brn|[from] brn
|upkeep
|turn|142
|
|switch|p1a: Corviknight|Corviknight, F|77/100 brn
|-damage|p1a: Corviknight|64/100 brn|[from] Stealth Rock
|-ability|p1a: Corviknight|Pressure
|cant|p2a: Corviknight|par
|
|-damage|p1a: Corviknight|58/100 brn|[from] brn
|upkeep
|turn|143
|
|move|p1a: Corviknight|Bulk Up|p1a: Corviknight
|-boost|p1a: Corviknight|atk|1
|-boost|p1a: Corviknight|def|1
|move|p2a: Corviknight|Defog|p1a: Corviknight
|-unboost|p1a: Corviknight|evasion|1
|-sideend|p1: BiEla|Stealth Rock|[from] move: Defog|[of] p2a: Corviknight
|-sideend|p2: friedfreak|Toxic Spikes|[from] move: Defog|[of] p2a: Corviknight
|
|-damage|p1a: Corviknight|52/100 brn|[from] brn
|upkeep
|turn|144
|
|switch|p2a: Zeraora|Zeraora|100/100
|move|p1a: Corviknight|Roost|p1a: Corviknight
|-heal|p1a: Corviknight|100/100 brn
|-singleturn|p1a: Corviknight|move: Roost
|
|-damage|p1a: Corviknight|94/100 brn|[from] brn
|upkeep
|turn|145
|
|switch|p2a: Seismitoad|Seismitoad, M|100/100
|switch|p1a: Quagsire|Quagsire, M|100/100
|
|upkeep
|turn|146
|
|move|p2a: Seismitoad|Knock Off|p1a: Quagsire
|-crit|p1a: Quagsire
|-damage|p1a: Quagsire|79/100
|-enditem|p1a: Quagsire|Leftovers|[from] move: Knock Off|[of] p2a: Seismitoad
|move|p1a: Quagsire|Toxic|p2a: Seismitoad
|-status|p2a: Seismitoad|tox
|
|-damage|p2a: Seismitoad|94/100 tox|[from] psn
|upkeep
|turn|147
|
|switch|p1a: Corviknight|Corviknight, F|94/100 brn
|-ability|p1a: Corviknight|Pressure
|move|p2a: Seismitoad|Stealth Rock|p1a: Corviknight
|-sidestart|p1: BiEla|move: Stealth Rock
|
|-heal|p2a: Seismitoad|100/100 tox|[from] item: Leftovers
|-damage|p2a: Seismitoad|88/100 tox|[from] psn
|-damage|p1a: Corviknight|88/100 brn|[from] brn
|upkeep
|turn|148
|
|switch|p2a: Dragapult|Dragapult, M|53/100
|move|p1a: Corviknight|Defog|p2a: Dragapult
|-unboost|p2a: Dragapult|evasion|1
|-sideend|p1: BiEla|Stealth Rock|[from] move: Defog|[of] p1a: Corviknight
|
|-damage|p1a: Corviknight|82/100 brn|[from] brn
|upkeep
|turn|149
|
|switch|p1a: Quagsire|Quagsire, M|79/100
|move|p2a: Dragapult|Dragon Dance|p2a: Dragapult
|-boost|p2a: Dragapult|atk|1
|-boost|p2a: Dragapult|spe|1
|
|upkeep
|turn|150
|
|switch|p2a: Seismitoad|Seismitoad, M|88/100 tox
|move|p1a: Quagsire|Recover|p1a: Quagsire
|-heal|p1a: Quagsire|100/100
|
|-heal|p2a: Seismitoad|94/100 tox|[from] item: Leftovers
|-damage|p2a: Seismitoad|88/100 tox|[from] psn
|upkeep
|turn|151
|
|switch|p1a: Toxapex|Toxapex, M|100/100 brn
|move|p2a: Seismitoad|Scald|p1a: Toxapex
|-resisted|p1a: Toxapex
|-damage|p1a: Toxapex|91/100 brn
|
|-heal|p2a: Seismitoad|94/100 tox|[from] item: Leftovers
|-damage|p2a: Seismitoad|82/100 tox|[from] psn
|-damage|p1a: Toxapex|85/100 brn|[from] brn
|upkeep
|turn|152
|
|move|p2a: Seismitoad|Earth Power|p1a: Toxapex
|-supereffective|p1a: Toxapex
|-damage|p1a: Toxapex|43/100 brn
|move|p1a: Toxapex|Toxic Spikes|p2a: Seismitoad
|-sidestart|p2: friedfreak|move: Toxic Spikes
|
|-heal|p2a: Seismitoad|88/100 tox|[from] item: Leftovers
|-damage|p2a: Seismitoad|70/100 tox|[from] psn
|-damage|p1a: Toxapex|36/100 brn|[from] brn
|upkeep
|turn|153
|
|switch|p1a: Snorlax|Snorlax, M|55/100 slp
|move|p2a: Seismitoad|Stealth Rock|p1a: Snorlax
|-sidestart|p1: BiEla|move: Stealth Rock
|
|-heal|p2a: Seismitoad|76/100 tox|[from] item: Leftovers
|-damage|p2a: Seismitoad|52/100 tox|[from] psn
|upkeep
|turn|154
|
|switch|p2a: Corviknight|Corviknight, F|100/100 par
|-ability|p2a: Corviknight|Pressure
|cant|p1a: Snorlax|slp
|
|upkeep
|turn|155
|
|cant|p1a: Snorlax|slp
|move|p2a: Corviknight|Body Press|p1a: Snorlax
|-supereffective|p1a: Snorlax
|-damage|p1a: Snorlax|10/100 slp
|
|upkeep
|turn|156
|
|-curestatus|p1a: Snorlax|slp|[msg]
|move|p1a: Snorlax|Rest|p1a: Snorlax
|-status|p1a: Snorlax|slp|[from] move: Rest
|-heal|p1a: Snorlax|100/100 slp|[silent]
|cant|p2a: Corviknight|par
|
|upkeep
|turn|157
|
|switch|p1a: Corviknight|Corviknight, F|82/100 brn
|-damage|p1a: Corviknight|69/100 brn|[from] Stealth Rock
|-ability|p1a: Corviknight|Pressure
|move|p2a: Corviknight|Defog|p1a: Corviknight
|-unboost|p1a: Corviknight|evasion|1
|-sideend|p1: BiEla|Stealth Rock|[from] move: Defog|[of] p2a: Corviknight
|-sideend|p2: friedfreak|Toxic Spikes|[from] move: Defog|[of] p2a: Corviknight
|
|-damage|p1a: Corviknight|63/100 brn|[from] brn
|upkeep
|turn|158
|
|switch|p1a: Quagsire|Quagsire, M|100/100
|switch|p2a: Clefable|Clefable, M|97/100 psn
|
|-heal|p2a: Clefable|100/100 psn|[from] item: Leftovers
|upkeep
|turn|159
|
|switch|p1a: Snorlax|Snorlax, M|100/100 slp
|move|p2a: Clefable|Wish|p2a: Clefable
|
|upkeep
|turn|160
|
|switch|p2a: Dragapult|Dragapult, M|53/100
|cant|p1a: Snorlax|slp
|
|-heal|p2a: Dragapult|100/100|[from] move: Wish|[wisher] Clefable
|upkeep
|turn|161
|
|switch|p1a: Quagsire|Quagsire, M|100/100
|move|p2a: Dragapult|Will-O-Wisp|p1a: Quagsire
|-status|p1a: Quagsire|brn
|
|-damage|p1a: Quagsire|94/100 brn|[from] brn
|upkeep
|turn|162
|
|switch|p2a: Seismitoad|Seismitoad, M|52/100 tox
|move|p1a: Quagsire|Scald|p2a: Seismitoad
|-heal|p2a: Seismitoad|77/100 tox|[from] ability: Water Absorb|[of] p1a: Quagsire
|
|-heal|p2a: Seismitoad|83/100 tox|[from] item: Leftovers
|-damage|p2a: Seismitoad|77/100 tox|[from] psn
|-damage|p1a: Quagsire|88/100 brn|[from] brn
|upkeep
|turn|163
|
|switch|p1a: Snorlax|Snorlax, M|100/100 slp
|move|p2a: Seismitoad|Stealth Rock|p1a: Snorlax
|-sidestart|p1: BiEla|move: Stealth Rock
|
|-heal|p2a: Seismitoad|83/100 tox|[from] item: Leftovers
|-damage|p2a: Seismitoad|71/100 tox|[from] psn
|upkeep
|turn|164
|
|switch|p2a: Dragapult|Dragapult, M|100/100
|cant|p1a: Snorlax|slp
|
|upkeep
|turn|165
|
|switch|p1a: Quagsire|Quagsire, M|88/100 brn
|-damage|p1a: Quagsire|82/100 brn|[from] Stealth Rock
|move|p2a: Dragapult|Dragon Dance|p2a: Dragapult
|-boost|p2a: Dragapult|atk|1
|-boost|p2a: Dragapult|spe|1
|
|-damage|p1a: Quagsire|76/100 brn|[from] brn
|upkeep
|turn|166
|
|move|p2a: Dragapult|Dragon Darts|p1a: Quagsire
|-damage|p1a: Quagsire|57/100 brn
|-anim|p2a: Dragapult|Dragon Darts|p1a: Quagsire
|-damage|p1a: Quagsire|38/100 brn
|move|p1a: Quagsire|Recover|p1a: Quagsire
|-heal|p1a: Quagsire|88/100 brn
|
|-damage|p1a: Quagsire|82/100 brn|[from] brn
|upkeep
|turn|167
|
|switch|p2a: Seismitoad|Seismitoad, M|71/100 tox
|move|p1a: Quagsire|Toxic|p2a: Seismitoad
|-fail|p2a: Seismitoad|tox
|
|-heal|p2a: Seismitoad|77/100 tox|[from] item: Leftovers
|-damage|p2a: Seismitoad|71/100 tox|[from] psn
|-damage|p1a: Quagsire|76/100 brn|[from] brn
|upkeep
|turn|168
|
|switch|p1a: Corviknight|Corviknight, F|63/100 brn
|-damage|p1a: Corviknight|50/100 brn|[from] Stealth Rock
|-ability|p1a: Corviknight|Pressure
|move|p2a: Seismitoad|Earth Power|p1a: Corviknight
|-immune|p1a: Corviknight
|
|-heal|p2a: Seismitoad|77/100 tox|[from] item: Leftovers
|-damage|p2a: Seismitoad|65/100 tox|[from] psn
|-damage|p1a: Corviknight|44/100 brn|[from] brn
|upkeep
|turn|169
|
|switch|p2a: Dragapult|Dragapult, M|100/100
|move|p1a: Corviknight|Roost|p1a: Corviknight
|-heal|p1a: Corviknight|94/100 brn
|-singleturn|p1a: Corviknight|move: Roost
|
|-damage|p1a: Corviknight|88/100 brn|[from] brn
|upkeep
|turn|170
|
|move|p2a: Dragapult|Dragon Dance|p2a: Dragapult
|-boost|p2a: Dragapult|atk|1
|-boost|p2a: Dragapult|spe|1
|move|p1a: Corviknight|Bulk Up|p1a: Corviknight
|-boost|p1a: Corviknight|atk|1
|-boost|p1a: Corviknight|def|1
|
|-damage|p1a: Corviknight|82/100 brn|[from] brn
|upkeep
|turn|171
|
|switch|p2a: Zeraora|Zeraora|100/100
|move|p1a: Corviknight|Defog|p2a: Zeraora
|-unboost|p2a: Zeraora|evasion|1
|-sideend|p1: BiEla|Stealth Rock|[from] move: Defog|[of] p1a: Corviknight
|
|-damage|p1a: Corviknight|75/100 brn|[from] brn
|upkeep
|turn|172
|inactive|friedfreak has 120 seconds left.
|
|switch|p1a: Quagsire|Quagsire, M|76/100 brn
|move|p2a: Zeraora|Substitute|p2a: Zeraora
|-start|p2a: Zeraora|Substitute
|-damage|p2a: Zeraora|76/100
|
|-heal|p2a: Zeraora|82/100|[from] item: Leftovers
|-damage|p1a: Quagsire|70/100 brn|[from] brn
|upkeep
|turn|173
|
|move|p2a: Zeraora|Aura Sphere|p1a: Quagsire
|-damage|p1a: Quagsire|42/100 brn
|move|p1a: Quagsire|Stockpile|p1a: Quagsire
|-start|p1a: Quagsire|stockpile1
|-boost|p1a: Quagsire|def|1
|-boost|p1a: Quagsire|spd|1
|
|-heal|p2a: Zeraora|88/100|[from] item: Leftovers
|-damage|p1a: Quagsire|36/100 brn|[from] brn
|upkeep
|turn|174
|
|move|p2a: Zeraora|Aura Sphere|p1a: Quagsire
|-crit|p1a: Quagsire
|-damage|p1a: Quagsire|0 fnt
|faint|p1a: Quagsire
|
|-heal|p2a: Zeraora|94/100|[from] item: Leftovers
|upkeep
|c|☆BiEla|gg
|-message|BiEla forfeited.
|
|win|friedfreak
|l|☆BiEla
|l|☆friedfreak
|l| Edwinvf
|raw|BiEla's rating: 1783 &rarr; <strong>1766</strong><br />(-17 for losing)
|raw|friedfreak's rating: 1846 &rarr; <strong>1863</strong><br />(+17 for winning)
|l| Celtis
