|j|☆MORBIUS_LV
|j|☆Draco09876
|t:|1653184534
|gametype|singles
|player|p1|MORBIUS_LV|furisodegirl-black|1576
|player|p2|Draco09876|2|1676
|teamsize|p1|6
|teamsize|p2|6
|gen|8
|tier|[Gen 8] OU
|rated|
|rule|Sleep Clause Mod: Limit one foe put to sleep
|rule|Species Clause: Limit one of each Pokémon
|rule|OHKO Clause: OHKO moves are banned
|rule|Evasion Moves Clause: Evasion moves are banned
|rule|Endless Battle Clause: Forcing endless battles is banned
|rule|HP Percentage Mod: HP is shown in percentages
|rule|Dynamax Clause: You cannot dynamax
|clearpoke
|poke|p1|Jirachi|
|poke|p1|Grimmsnarl, M|
|poke|p1|Kartana|
|poke|p1|Garchomp, M|
|poke|p1|Slowbro-Galar, M|
|poke|p1|Tapu Fini|
|poke|p2|Slowking-Galar, F|
|poke|p2|Marowak-Alola, M|
|poke|p2|Melmetal|
|poke|p2|Stakataka|
|poke|p2|Porygon2|
|poke|p2|Hatterene, F|
|teampreview
|inactive|Battle timer is ON: inactive players will automatically lose when time's up. (requested by Draco09876)
|
|t:|1653184549
|start
|switch|p1a: Cosmo|Jirachi|100/100
|switch|p2a: Melmetal|Melmetal|100/100
|turn|1
|
|t:|1653184552
|move|p1a: Cosmo|Cosmic Power|p1a: Cosmo
|-boost|p1a: Cosmo|def|1
|-boost|p1a: Cosmo|spd|1
|move|p2a: Melmetal|High Horsepower|p1a: Cosmo
|-supereffective|p1a: Cosmo
|-damage|p1a: Cosmo|38/100
|-enditem|p1a: Cosmo|Weakness Policy
|-boost|p1a: Cosmo|atk|2|[from] item: Weakness Policy
|-boost|p1a: Cosmo|spa|2|[from] item: Weakness Policy
|-damage|p2a: Melmetal|91/100|[from] item: Life Orb
|
|upkeep
|turn|2
|
|t:|1653184556
|move|p1a: Cosmo|Stored Power|p2a: Melmetal
|-resisted|p2a: Melmetal
|-damage|p2a: Melmetal|45/100
|move|p2a: Melmetal|High Horsepower|p1a: Cosmo
|-supereffective|p1a: Cosmo
|-damage|p1a: Cosmo|0 fnt
|faint|p1a: Cosmo
|-damage|p2a: Melmetal|35/100|[from] item: Life Orb
|
|upkeep
|j| BarkleyBoss
|
|t:|1653184562
|switch|p1a: Arlong|Garchomp, M|100/100
|turn|3
|
|t:|1653184566
|switch|p2a: Porygon2|Porygon2|100/100
|-ability|p2a: Porygon2|Download|boost
|-boost|p2a: Porygon2|spa|1
|move|p1a: Arlong|Earthquake|p2a: Porygon2
|-damage|p2a: Porygon2|72/100
|
|upkeep
|turn|4
|
|t:|1653184570
|switch|p1a: Hisoka|Grimmsnarl, M, shiny|100/100
|move|p2a: Porygon2|Ice Beam|p1a: Hisoka
|-damage|p1a: Hisoka|64/100
|
|upkeep
|turn|5
|
|t:|1653184573
|move|p1a: Hisoka|Thunder Wave|p2a: Porygon2
|-status|p2a: Porygon2|par
|move|p2a: Porygon2|Trick Room|p2a: Porygon2
|-fieldstart|move: Trick Room|[of] p2a: Porygon2
|
|upkeep
|turn|6
|
|t:|1653184578
|move|p1a: Hisoka|Reflect|p1a: Hisoka
|-sidestart|p1: MORBIUS_LV|Reflect
|move|p2a: Porygon2|Teleport|p2a: Porygon2
|
|t:|1653184584
|switch|p2a: Hatterene|Hatterene, F|100/100|[from]move: Teleport
|
|upkeep
|turn|7
|
|t:|1653184590
|move|p2a: Hatterene|Dazzling Gleam|p1a: Hisoka
|-supereffective|p1a: Hisoka
|-crit|p1a: Hisoka
|-damage|p1a: Hisoka|0 fnt
|faint|p1a: Hisoka
|
|upkeep
|
|t:|1653184592
|switch|p1a: Magellan|Slowbro-Galar, M, shiny|100/100
|turn|8
|-activate|p1a: Magellan|item: Quick Claw
|
|t:|1653184599
|move|p1a: Magellan|Nasty Plot|p1a: Magellan
|-boost|p1a: Magellan|spa|2
|move|p2a: Hatterene|Healing Wish|p2a: Hatterene
|faint|p2a: Hatterene
|
|upkeep
|
|t:|1653184616
|switch|p2a: Marowak|Marowak-Alola, M|100/100
|turn|9
|
|t:|1653184620
|move|p1a: Magellan|Psyshock|p2a: Marowak
|-damage|p2a: Marowak|30/100
|move|p2a: Marowak|Poltergeist|p1a: Magellan
|-activate|p1a: Magellan|move: Poltergeist|Quick Claw
|-supereffective|p1a: Magellan
|-damage|p1a: Magellan|14/100
|
|-fieldend|move: Trick Room
|upkeep
|turn|10
|
|t:|1653184631
|move|p2a: Marowak|Flare Blitz|p1a: Magellan
|-damage|p1a: Magellan|0 fnt
|faint|p1a: Magellan
|
|upkeep
|
|t:|1653184637
|switch|p1a: Zoro|Kartana, shiny|100/100
|turn|11
|
|t:|1653184643
|switch|p2a: Melmetal|Melmetal|35/100
|-heal|p2a: Melmetal|100/100|[from] move: Healing Wish
|move|p1a: Zoro|Swords Dance|p1a: Zoro
|-boost|p1a: Zoro|atk|2
|
|upkeep
|turn|12
|
|t:|1653184647
|move|p1a: Zoro|Sacred Sword|p2a: Melmetal
|-supereffective|p2a: Melmetal
|-damage|p2a: Melmetal|31/100
|move|p2a: Melmetal|Superpower|p1a: Zoro
|-supereffective|p1a: Zoro
|-damage|p1a: Zoro|32/100
|-unboost|p2a: Melmetal|atk|1
|-unboost|p2a: Melmetal|def|1
|-damage|p2a: Melmetal|21/100|[from] item: Life Orb
|
|upkeep
|turn|13
|
|t:|1653184660
|move|p1a: Zoro|Knock Off|p2a: Melmetal
|-damage|p2a: Melmetal|0 fnt
|-enditem|p2a: Melmetal|Life Orb|[from] move: Knock Off|[of] p1a: Zoro
|faint|p2a: Melmetal
|-ability|p1a: Zoro|Beast Boost|boost
|-boost|p1a: Zoro|spe|1
|
|-sideend|p1: MORBIUS_LV|Reflect
|upkeep
|c| BarkleyBoss|goat nicknames btw
|
|t:|1653184669
|switch|p2a: Porygon2|Porygon2|72/100 par
|-ability|p2a: Porygon2|Download|boost
|-boost|p2a: Porygon2|spa|1
|turn|14
|c|☆MORBIUS_LV|ty ty
|
|t:|1653184681
|move|p1a: Zoro|Sacred Sword|p2a: Porygon2
|-supereffective|p2a: Porygon2
|-damage|p2a: Porygon2|6/100 par
|move|p2a: Porygon2|Trick Room|p2a: Porygon2
|-fieldstart|move: Trick Room|[of] p2a: Porygon2
|
|upkeep
|turn|15
|
|t:|1653184687
|move|p2a: Porygon2|Ice Beam|p1a: Zoro
|-damage|p1a: Zoro|0 fnt
|faint|p1a: Zoro
|
|upkeep
|
|t:|1653184689
|switch|p1a: Shirahoshi|Tapu Fini, shiny|100/100
|-fieldstart|move: Misty Terrain|[from] ability: Misty Surge|[of] p1a: Shirahoshi
|turn|16
|
|t:|1653184692
|move|p1a: Shirahoshi|Calm Mind|p1a: Shirahoshi
|-boost|p1a: Shirahoshi|spa|1
|-boost|p1a: Shirahoshi|spd|1
|move|p2a: Porygon2|Teleport|p2a: Porygon2
|
|t:|1653184697
|switch|p2a: Stakataka|Stakataka|100/100|[from]move: Teleport
|-item|p2a: Stakataka|Air Balloon
|
|upkeep
|turn|17
|
|t:|1653184700
|move|p2a: Stakataka|Gyro Ball|p1a: Shirahoshi
|-damage|p1a: Shirahoshi|37/100
|move|p1a: Shirahoshi|Scald|p2a: Stakataka
|-supereffective|p2a: Stakataka
|-damage|p2a: Stakataka|15/100
|-status|p2a: Stakataka|brn
|-enditem|p2a: Stakataka|Air Balloon
|
|-heal|p1a: Shirahoshi|43/100|[from] item: Leftovers
|-damage|p2a: Stakataka|9/100 brn|[from] brn
|upkeep
|turn|18
|
|t:|1653184709
|move|p2a: Stakataka|Gyro Ball|p1a: Shirahoshi
|-damage|p1a: Shirahoshi|9/100
|move|p1a: Shirahoshi|Scald|p2a: Stakataka
|-supereffective|p2a: Stakataka
|-damage|p2a: Stakataka|0 fnt
|faint|p2a: Stakataka
|
|-heal|p1a: Shirahoshi|15/100|[from] item: Leftovers
|-fieldend|move: Trick Room
|upkeep
|c| BarkleyBoss|wow
|
|t:|1653184714
|switch|p2a: Slowking|Slowking-Galar, F|100/100
|turn|19
|c| BarkleyBoss|balloon fucked u
|
|t:|1653184725
|move|p1a: Shirahoshi|Scald|p2a: Slowking
|-damage|p2a: Slowking|77/100
|move|p2a: Slowking|Future Sight|p1a: Shirahoshi
|-start|p2a: Slowking|move: Future Sight
|
|-heal|p1a: Shirahoshi|21/100|[from] item: Leftovers
|upkeep
|turn|20
|
|t:|1653184730
|move|p1a: Shirahoshi|Calm Mind|p1a: Shirahoshi
|-boost|p1a: Shirahoshi|spa|1
|-boost|p1a: Shirahoshi|spd|1
|move|p2a: Slowking|Sludge Bomb|p1a: Shirahoshi
|-supereffective|p1a: Shirahoshi
|-damage|p1a: Shirahoshi|0 fnt
|faint|p1a: Shirahoshi
|
|-fieldend|Misty Terrain
|upkeep
|
|t:|1653184733
|switch|p1a: Arlong|Garchomp, M|100/100
|turn|21
|
|t:|1653184739
|switch|p2a: Marowak|Marowak-Alola, M|30/100
|move|p1a: Arlong|Earthquake|p2a: Marowak
|-supereffective|p2a: Marowak
|-damage|p2a: Marowak|0 fnt
|faint|p2a: Marowak
|
|-end|p1a: Arlong|move: Future Sight
|-damage|p1a: Arlong|39/100
|-heal|p1a: Arlong|45/100|[from] item: Leftovers
|upkeep
|
|t:|1653184745
|switch|p2a: Porygon2|Porygon2|6/100 par
|-ability|p2a: Porygon2|Download|boost
|-boost|p2a: Porygon2|spa|1
|turn|22
|
|t:|1653184748
|move|p1a: Arlong|Earthquake|p2a: Porygon2
|-damage|p2a: Porygon2|0 fnt
|faint|p2a: Porygon2
|
|-heal|p1a: Arlong|51/100|[from] item: Leftovers
|upkeep
|
|t:|1653184750
|switch|p2a: Slowking|Slowking-Galar, F|100/100
|turn|23
|
|t:|1653184752
|move|p1a: Arlong|Earthquake|p2a: Slowking
|-supereffective|p2a: Slowking
|-damage|p2a: Slowking|0 fnt
|faint|p2a: Slowking
|
|win|MORBIUS_LV
|raw|MORBIUS_LV's rating: 1576 &rarr; <strong>1602</strong><br />(+26 for winning)
|raw|Draco09876's rating: 1676 &rarr; <strong>1650</strong><br />(-26 for losing)
|l|☆Draco09876
|c|☆MORBIUS_LV|gg
