|raw|<div class="broadcast-blue"><strong>This battle is required to be public due to a player having a name starting with 'lt92pf'.</div>
|j|☆LT92PFcry
|j|☆dmt dreams
|t:|1659680073
|gametype|singles
|player|p1|LT92PFcry|#dpppl2022luckylucarios|1917
|player|p2|dmt dreams|101|1905
|teamsize|p1|6
|teamsize|p2|6
|gen|8
|tier|[Gen 8] OU
|rated|
|rule|Sleep Clause Mod: Limit one foe put to sleep
|rule|Species Clause: Limit one of each Pokémon
|rule|OHKO Clause: OHKO moves are banned
|rule|Evasion Items Clause: Evasion items are banned
|rule|Evasion Moves Clause: Evasion moves are banned
|rule|Endless Battle Clause: Forcing endless battles is banned
|rule|HP Percentage Mod: HP is shown in percentages
|rule|Dynamax Clause: You cannot dynamax
|clearpoke
|poke|p1|Dragonite, M|
|poke|p1|Magnezone|
|poke|p1|Kartana|
|poke|p1|Moltres-Galar|
|poke|p1|Landorus-Therian, M|
|poke|p1|Tapu Lele|
|poke|p2|Nihilego|
|poke|p2|Zeraora|
|poke|p2|Landorus-Therian, M|
|poke|p2|Melmetal|
|poke|p2|Kartana|
|poke|p2|Blacephalon|
|teampreview
|inactive|Battle timer is ON: inactive players will automatically lose when time's up. (requested by LT92PFcry)
|j| defarge
|j| ripreckful
|inactive|dmt dreams has 120 seconds left.
|j| pokeaimfan96
|j| Haxgo
|l| defarge
|inactive|dmt dreams has 90 seconds left.
|
|t:|1659680138
|start
|switch|p1a: Landorus|Landorus-Therian, M|100/100
|switch|p2a: Landorus|Landorus-Therian, M|100/100
|-ability|p1a: Landorus|Intimidate|boost
|-unboost|p2a: Landorus|atk|1
|-ability|p2a: Landorus|Intimidate|boost
|-unboost|p1a: Landorus|atk|1
|turn|1
|j| LT92PF Futility
|
|t:|1659680144
|move|p1a: Landorus|Toxic|p2a: Landorus
|-status|p2a: Landorus|tox
|move|p2a: Landorus|Toxic|p1a: Landorus
|-status|p1a: Landorus|tox
|
|-damage|p1a: Landorus|94/100 tox|[from] psn
|-damage|p2a: Landorus|94/100 tox|[from] psn
|upkeep
|turn|2
|
|t:|1659680147
|move|p1a: Landorus|Stealth Rock|p2a: Landorus
|-sidestart|p2: dmt dreams|move: Stealth Rock
|move|p2a: Landorus|Stealth Rock|p1a: Landorus
|-sidestart|p1: LT92PFcry|move: Stealth Rock
|
|-heal|p1a: Landorus|100/100 tox|[from] item: Leftovers
|-heal|p2a: Landorus|100/100 tox|[from] item: Leftovers
|-damage|p1a: Landorus|88/100 tox|[from] psn
|-damage|p2a: Landorus|88/100 tox|[from] psn
|upkeep
|turn|3
|
|t:|1659680155
|move|p1a: Landorus|U-turn|p2a: Landorus
|-resisted|p2a: Landorus
|-damage|p2a: Landorus|82/100 tox
|
|t:|1659680157
|switch|p1a: Dragonite|Dragonite, M|100/100|[from]move: U-turn
|move|p2a: Landorus|U-turn|p1a: Dragonite
|-resisted|p1a: Dragonite
|-damage|p1a: Dragonite|97/100
|j| joeding
|
|t:|1659680164
|switch|p2a: Nihilego|Nihilego|100/100|[from]move: U-turn
|-damage|p2a: Nihilego|88/100|[from] Stealth Rock
|
|upkeep
|turn|4
|j|+pichus
|
|t:|1659680192
|switch|p1a: Magnezone|Magnezone|100/100
|-damage|p1a: Magnezone|94/100|[from] Stealth Rock
|move|p2a: Nihilego|Meteor Beam||[still]
|-prepare|p2a: Nihilego|Meteor Beam
|-boost|p2a: Nihilego|spa|1
|-enditem|p2a: Nihilego|Power Herb
|-anim|p2a: Nihilego|Meteor Beam|p1a: Magnezone
|-resisted|p1a: Magnezone
|-damage|p1a: Magnezone|42/100
|
|-heal|p1a: Magnezone|48/100|[from] item: Leftovers
|upkeep
|turn|5
|
|t:|1659680197
|move|p1a: Magnezone|Protect|p1a: Magnezone
|-singleturn|p1a: Magnezone|Protect
|move|p2a: Nihilego|Power Gem|p1a: Magnezone
|-activate|p1a: Magnezone|move: Protect
|
|-heal|p1a: Magnezone|55/100|[from] item: Leftovers
|upkeep
|turn|6
|
|t:|1659680203
|move|p2a: Nihilego|Power Gem|p1a: Magnezone
|-resisted|p1a: Magnezone
|-damage|p1a: Magnezone|18/100
|move|p1a: Magnezone|Body Press|p2a: Nihilego
|-damage|p2a: Nihilego|40/100
|
|-heal|p1a: Magnezone|24/100|[from] item: Leftovers
|upkeep
|turn|7
|
|t:|1659680208
|move|p1a: Magnezone|Protect|p1a: Magnezone
|-singleturn|p1a: Magnezone|Protect
|move|p2a: Nihilego|Power Gem|p1a: Magnezone
|-activate|p1a: Magnezone|move: Protect
|
|-heal|p1a: Magnezone|30/100|[from] item: Leftovers
|upkeep
|turn|8
|
|t:|1659680209
|move|p1a: Magnezone|Protect|p1a: Magnezone
|-singleturn|p1a: Magnezone|Protect
|move|p2a: Nihilego|Power Gem|p1a: Magnezone
|-activate|p1a: Magnezone|move: Protect
|
|-heal|p1a: Magnezone|36/100|[from] item: Leftovers
|upkeep
|turn|9
|
|t:|1659680215
|move|p2a: Nihilego|Power Gem|p1a: Magnezone
|-resisted|p1a: Magnezone
|-damage|p1a: Magnezone|2/100
|move|p1a: Magnezone|Body Press|p2a: Nihilego
|-damage|p2a: Nihilego|0 fnt
|faint|p2a: Nihilego
|
|-heal|p1a: Magnezone|8/100|[from] item: Leftovers
|upkeep
|j| defarge
|j| dragonite_fan09
|
|t:|1659680220
|switch|p2a: Zeraora|Zeraora|100/100
|turn|10
|
|t:|1659680235
|move|p2a: Zeraora|Knock Off|p1a: Magnezone
|-damage|p1a: Magnezone|0 fnt
|-enditem|p1a: Magnezone|Leftovers|[from] move: Knock Off|[of] p2a: Zeraora
|faint|p1a: Magnezone
|
|upkeep
|
|t:|1659680244
|switch|p1a: Tapu Lele|Tapu Lele|100/100
|-damage|p1a: Tapu Lele|88/100|[from] Stealth Rock
|-fieldstart|move: Psychic Terrain|[from] ability: Psychic Surge|[of] p1a: Tapu Lele
|turn|11
|
|t:|1659680248
|move|p2a: Zeraora|Knock Off|p1a: Tapu Lele
|-damage|p1a: Tapu Lele|44/100
|-enditem|p1a: Tapu Lele|Twisted Spoon|[from] move: Knock Off|[of] p2a: Zeraora
|move|p1a: Tapu Lele|Focus Blast|p2a: Zeraora|[miss]
|-miss|p1a: Tapu Lele|p2a: Zeraora
|
|upkeep
|turn|12
|
|t:|1659680254
|switch|p1a: Landorus|Landorus-Therian, M|88/100 tox
|-damage|p1a: Landorus|76/100 tox|[from] Stealth Rock
|-ability|p1a: Landorus|Intimidate|boost
|-unboost|p2a: Zeraora|atk|1
|move|p2a: Zeraora|Knock Off|p1a: Landorus
|-damage|p1a: Landorus|55/100 tox
|-enditem|p1a: Landorus|Leftovers|[from] move: Knock Off|[of] p2a: Zeraora
|
|-damage|p1a: Landorus|49/100 tox|[from] psn
|upkeep
|turn|13
|
|t:|1659680260
|move|p2a: Zeraora|Knock Off|p1a: Landorus
|-damage|p1a: Landorus|35/100 tox
|move|p1a: Landorus|U-turn|p2a: Zeraora
|-damage|p2a: Zeraora|69/100
|n| Lt92pf suf|sufys12
|
|t:|1659680262
|switch|p1a: Kartana|Kartana|100/100|[from]move: U-turn
|-damage|p1a: Kartana|94/100|[from] Stealth Rock
|
|upkeep
|turn|14
|
|t:|1659680267
|switch|p2a: Landorus|Landorus-Therian, M|82/100 tox
|-damage|p2a: Landorus|69/100 tox|[from] Stealth Rock
|-ability|p2a: Landorus|Intimidate|boost
|-unboost|p1a: Kartana|atk|1
|move|p1a: Kartana|Leaf Blade|p2a: Landorus
|-damage|p2a: Landorus|28/100 tox
|
|-heal|p2a: Landorus|34/100 tox|[from] item: Leftovers
|-damage|p2a: Landorus|28/100 tox|[from] psn
|upkeep
|turn|15
|
|t:|1659680276
|switch|p1a: Tapu Lele|Tapu Lele|44/100
|-damage|p1a: Tapu Lele|31/100|[from] Stealth Rock
|switch|p2a: Kartana|Kartana|100/100
|-damage|p2a: Kartana|94/100|[from] Stealth Rock
|
|-fieldend|move: Psychic Terrain
|upkeep
|turn|16
|
|t:|1659680291
|switch|p1a: Moltres|Moltres-Galar|100/100
|move|p2a: Kartana|Smart Strike|p1a: Moltres
|-damage|p1a: Moltres|56/100
|
|upkeep
|turn|17
|
|t:|1659680307
|switch|p2a: Landorus|Landorus-Therian, M|28/100 tox
|-damage|p2a: Landorus|15/100 tox|[from] Stealth Rock
|-ability|p2a: Landorus|Intimidate|boost
|-unboost|p1a: Moltres|atk|1
|move|p1a: Moltres|Agility|p1a: Moltres
|-boost|p1a: Moltres|spe|2
|
|-heal|p2a: Landorus|21/100 tox|[from] item: Leftovers
|-damage|p2a: Landorus|15/100 tox|[from] psn
|upkeep
|turn|18
|
|t:|1659680326
|move|p1a: Moltres|Nasty Plot|p1a: Moltres
|-boost|p1a: Moltres|spa|2
|move|p2a: Landorus|Toxic|p1a: Moltres
|-status|p1a: Moltres|tox
|
|-heal|p2a: Landorus|21/100 tox|[from] item: Leftovers
|-damage|p1a: Moltres|50/100 tox|[from] psn
|-damage|p2a: Landorus|9/100 tox|[from] psn
|upkeep
|turn|19
|
|t:|1659680331
|move|p1a: Moltres|Fiery Wrath|p2a: Landorus
|-crit|p2a: Landorus
|-damage|p2a: Landorus|0 fnt
|faint|p2a: Landorus
|
|-damage|p1a: Moltres|38/100 tox|[from] psn
|upkeep
|
|t:|1659680333
|switch|p2a: Melmetal|Melmetal|100/100
|-damage|p2a: Melmetal|94/100|[from] Stealth Rock
|turn|20
|
|t:|1659680335
|move|p2a: Melmetal|Protect|p2a: Melmetal
|-singleturn|p2a: Melmetal|Protect
|move|p1a: Moltres|Fiery Wrath|p2a: Melmetal
|-activate|p2a: Melmetal|move: Protect
|
|-heal|p2a: Melmetal|100/100|[from] item: Leftovers
|-damage|p1a: Moltres|20/100 tox|[from] psn
|upkeep
|turn|21
|
|t:|1659680348
|move|p2a: Melmetal|Protect|p2a: Melmetal
|-singleturn|p2a: Melmetal|Protect
|move|p1a: Moltres|Fiery Wrath|p2a: Melmetal
|-activate|p2a: Melmetal|move: Protect
|
|-damage|p1a: Moltres|0 fnt|[from] psn
|faint|p1a: Moltres
|upkeep
|j| Charennnn
|
|t:|1659680365
|switch|p1a: Kartana|Kartana|94/100
|-damage|p1a: Kartana|88/100|[from] Stealth Rock
|turn|22
|
|t:|1659680371
|move|p1a: Kartana|Knock Off|p2a: Melmetal
|-damage|p2a: Melmetal|74/100
|-enditem|p2a: Melmetal|Leftovers|[from] move: Knock Off|[of] p1a: Kartana
|move|p2a: Melmetal|Double Iron Bash|p1a: Kartana
|-resisted|p1a: Kartana
|-damage|p1a: Kartana|65/100
|-resisted|p1a: Kartana
|-crit|p1a: Kartana
|-damage|p1a: Kartana|28/100
|-hitcount|p1a: Kartana|2
|
|upkeep
|turn|23
|inactive|LT92PFcry has 120 seconds left.
|
|t:|1659680402
|switch|p1a: Tapu Lele|Tapu Lele|31/100
|-damage|p1a: Tapu Lele|19/100|[from] Stealth Rock
|-fieldstart|move: Psychic Terrain|[from] ability: Psychic Surge|[of] p1a: Tapu Lele
|move|p2a: Melmetal|Double Iron Bash|p1a: Tapu Lele
|-supereffective|p1a: Tapu Lele
|-damage|p1a: Tapu Lele|0 fnt
|faint|p1a: Tapu Lele
|-hitcount|p1: Tapu Lele|1
|
|upkeep
|
|t:|1659680404
|switch|p1a: Landorus|Landorus-Therian, M|35/100 tox
|-damage|p1a: Landorus|23/100 tox|[from] Stealth Rock
|-ability|p1a: Landorus|Intimidate|boost
|-unboost|p2a: Melmetal|atk|1
|turn|24
|
|t:|1659680407
|move|p2a: Melmetal|Protect|p2a: Melmetal
|-singleturn|p2a: Melmetal|Protect
|move|p1a: Landorus|Earthquake|p2a: Melmetal
|-activate|p2a: Melmetal|move: Protect
|
|-damage|p1a: Landorus|17/100 tox|[from] psn
|upkeep
|turn|25
|
|t:|1659680411
|switch|p2a: Blacephalon|Blacephalon|100/100
|-damage|p2a: Blacephalon|76/100|[from] Stealth Rock
|move|p1a: Landorus|Earthquake|p2a: Blacephalon
|-supereffective|p2a: Blacephalon
|-damage|p2a: Blacephalon|0 fnt
|faint|p2a: Blacephalon
|
|-damage|p1a: Landorus|5/100 tox|[from] psn
|upkeep
|
|t:|1659680416
|switch|p2a: Kartana|Kartana|94/100
|-damage|p2a: Kartana|88/100|[from] Stealth Rock
|turn|26
|
|t:|1659680436
|move|p2a: Kartana|Smart Strike|p1a: Landorus
|-damage|p1a: Landorus|0 fnt
|faint|p1a: Landorus
|-ability|p2a: Kartana|Beast Boost|boost
|-boost|p2a: Kartana|atk|1
|
|upkeep
|
|t:|1659680439
|switch|p1a: Dragonite|Dragonite, M|97/100
|turn|27
|
|t:|1659680444
|move|p2a: Kartana|Smart Strike|p1a: Dragonite
|-damage|p1a: Dragonite|36/100
|move|p1a: Dragonite|Earthquake|p2a: Kartana
|-crit|p2a: Kartana
|-damage|p2a: Kartana|30/100
|
|-fieldend|move: Psychic Terrain
|upkeep
|turn|28
|j| Fleuraina
|
|t:|1659680453
|move|p2a: Kartana|Smart Strike|p1a: Dragonite
|-damage|p1a: Dragonite|0 fnt
|faint|p1a: Dragonite
|-ability|p2a: Kartana|Beast Boost|boost
|-boost|p2a: Kartana|atk|1
|
|upkeep
|
|t:|1659680455
|switch|p1a: Kartana|Kartana|28/100
|-damage|p1a: Kartana|22/100|[from] Stealth Rock
|turn|29
|
|t:|1659680457
|move|p2a: Kartana|Smart Strike|p1a: Kartana
|-resisted|p1a: Kartana
|-damage|p1a: Kartana|0 fnt
|faint|p1a: Kartana
|
|win|dmt dreams
|raw|LT92PFcry's rating: 1917 &rarr; <strong>1896</strong><br />(-21 for losing)
|raw|dmt dreams's rating: 1905 &rarr; <strong>1926</strong><br />(+21 for winning)
