|j|☆Storm Zone
|j|☆friedfreak
|player|p1|Storm Zone|zinnia|1969
|player|p2|friedfreak|265|1852
|teamsize|p1|6
|teamsize|p2|6
|gametype|singles
|gen|8
|tier|[Gen 8] OU
|rated|
|clearpoke
|poke|p1|Seismitoad, M|
|poke|p1|Ferrothorn, M|
|poke|p1|Hydreigon, M|
|poke|p1|Cinderace, F|
|poke|p1|Aegislash, M|
|poke|p1|Weezing-Galar, M|
|poke|p2|Zeraora|
|poke|p2|Excadrill, M|
|poke|p2|Chandelure, F|
|poke|p2|Kommo-o, M|
|poke|p2|Ferrothorn, M|
|poke|p2|Clefable, M|
|rule|Sleep Clause Mod: Limit one foe put to sleep
|rule|Species Clause: Limit one of each Pokémon
|rule|OHKO Clause: OHKO moves are banned
|rule|Evasion Moves Clause: Evasion moves are banned
|rule|Endless Battle Clause: Forcing endless battles is banned
|rule|HP Percentage Mod: HP is shown in percentages
|rule|Dynamax Clause: You cannot dynamax
|teampreview
|j| AyariFuentes
|
|start
|switch|p1a: Cinderella|Cinderace, F|100/100
|switch|p2a: Chandelure|Chandelure, F|100/100
|turn|1
|
|move|p1a: Cinderella|U-turn|p2a: Chandelure
|-resisted|p2a: Chandelure
|-damage|p2a: Chandelure|92/100
|
|switch|p1a: Hybrid|Hydreigon, M|100/100|[from]move: U-turn
|move|p2a: Chandelure|Shadow Ball|p1a: Hybrid
|-resisted|p1a: Hybrid
|-damage|p1a: Hybrid|56/100
|
|upkeep
|turn|2
|
|switch|p2a: Clefable|Clefable, M|100/100
|move|p1a: Hybrid|Flash Cannon|p2a: Clefable
|-supereffective|p2a: Clefable
|-damage|p2a: Clefable|52/100
|-damage|p1a: Hybrid|46/100|[from] item: Life Orb
|
|-heal|p2a: Clefable|58/100|[from] item: Leftovers
|upkeep
|turn|3
|
|move|p1a: Hybrid|Flash Cannon|p2a: Clefable
|-supereffective|p2a: Clefable
|-damage|p2a: Clefable|12/100
|-unboost|p2a: Clefable|spd|1
|-damage|p1a: Hybrid|36/100|[from] item: Life Orb
|move|p2a: Clefable|Moonblast|p1a: Hybrid
|-supereffective|p1a: Hybrid
|-damage|p1a: Hybrid|0 fnt
|faint|p1a: Hybrid
|
|-heal|p2a: Clefable|18/100|[from] item: Leftovers
|upkeep
|
|switch|p1a: Globox|Seismitoad, M|100/100
|turn|4
|
|move|p2a: Clefable|Protect|p2a: Clefable
|-singleturn|p2a: Clefable|Protect
|move|p1a: Globox|Stealth Rock|p2a: Clefable
|-sidestart|p2: friedfreak|move: Stealth Rock
|
|-heal|p2a: Clefable|24/100|[from] item: Leftovers
|upkeep
|turn|5
|
|switch|p2a: Ferrothorn|Ferrothorn, M|100/100
|-damage|p2a: Ferrothorn|94/100|[from] Stealth Rock
|move|p1a: Globox|Earth Power|p2a: Ferrothorn
|-damage|p2a: Ferrothorn|71/100
|
|upkeep
|turn|6
|
|switch|p1a: Cinderella|Cinderace, F|100/100
|move|p2a: Ferrothorn|Power Whip|p1a: Cinderella
|-resisted|p1a: Cinderella
|-damage|p1a: Cinderella|74/100
|
|upkeep
|turn|7
|
|switch|p2a: Kommo-o|Kommo-o, M|100/100
|-damage|p2a: Kommo-o|94/100|[from] Stealth Rock
|move|p1a: Cinderella|U-turn|p2a: Kommo-o
|-resisted|p2a: Kommo-o
|-damage|p2a: Kommo-o|87/100
|
|switch|p1a: Sentinel|Weezing-Galar, M|100/100|[from]move: U-turn
|
|-heal|p2a: Kommo-o|93/100|[from] item: Leftovers
|upkeep
|turn|8
|j| fluffy cows
|j| BrothaOptions
|
|switch|p2a: Clefable|Clefable, M|24/100
|move|p1a: Sentinel|Toxic Spikes|p2a: Clefable
|-sidestart|p2: friedfreak|move: Toxic Spikes
|
|-heal|p2a: Clefable|30/100|[from] item: Leftovers
|upkeep
|turn|9
|
|switch|p1a: Achilles|Aegislash, M|100/100
|-item|p1a: Achilles|Air Balloon
|move|p2a: Clefable|Wish|p2a: Clefable
|
|-heal|p2a: Clefable|36/100|[from] item: Leftovers
|upkeep
|turn|10
|
|switch|p2a: Ferrothorn|Ferrothorn, M|71/100
|-damage|p2a: Ferrothorn|65/100|[from] Stealth Rock
|move|p1a: Achilles|Swords Dance|p1a: Achilles
|-boost|p1a: Achilles|atk|2
|
|-heal|p2a: Ferrothorn|100/100|[from] move: Wish|[wisher] Clefable
|upkeep
|turn|11
|j| WaterDrake
|inactive|Battle timer is ON: inactive players will automatically lose when time's up. (requested by friedfreak)
|
|switch|p1a: Cinderella|Cinderace, F|74/100
|move|p2a: Ferrothorn|Knock Off|p1a: Cinderella
|-damage|p1a: Cinderella|44/100
|-enditem|p1a: Cinderella|Heavy-Duty Boots|[from] move: Knock Off|[of] p2a: Ferrothorn
|
|upkeep
|turn|12
|j| myjava
|
|switch|p2a: Kommo-o|Kommo-o, M|93/100
|-status|p2a: Kommo-o|psn
|-damage|p2a: Kommo-o|87/100 psn|[from] Stealth Rock
|move|p1a: Cinderella|Pyro Ball|p2a: Kommo-o
|-immune|p2a: Kommo-o|[from] ability: Bulletproof
|
|-heal|p2a: Kommo-o|93/100 psn|[from] item: Leftovers
|-damage|p2a: Kommo-o|81/100 psn|[from] psn
|upkeep
|turn|13
|
|move|p1a: Cinderella|U-turn|p2a: Kommo-o
|-resisted|p2a: Kommo-o
|-damage|p2a: Kommo-o|74/100 psn
|
|switch|p1a: Achilles|Aegislash, M|100/100|[from]move: U-turn
|-item|p1a: Achilles|Air Balloon
|move|p2a: Kommo-o|Stealth Rock|p1a: Achilles
|-sidestart|p1: Storm Zone|move: Stealth Rock
|
|-heal|p2a: Kommo-o|80/100 psn|[from] item: Leftovers
|-damage|p2a: Kommo-o|68/100 psn|[from] psn
|upkeep
|turn|14
|
|switch|p2a: Ferrothorn|Ferrothorn, M|100/100
|-damage|p2a: Ferrothorn|94/100|[from] Stealth Rock
|move|p1a: Achilles|Swords Dance|p1a: Achilles
|-boost|p1a: Achilles|atk|2
|
|upkeep
|turn|15
|j| oh heay
|
|switch|p1a: Temple|Ferrothorn, M|100/100
|-damage|p1a: Temple|94/100|[from] Stealth Rock
|move|p2a: Ferrothorn|Knock Off|p1a: Temple
|-damage|p1a: Temple|81/100
|-damage|p2a: Ferrothorn|82/100|[from] ability: Iron Barbs|[of] p1a: Temple
|-damage|p2a: Ferrothorn|65/100|[from] item: Rocky Helmet|[of] p1a: Temple
|-enditem|p1a: Temple|Rocky Helmet|[from] move: Knock Off|[of] p2a: Ferrothorn
|
|upkeep
|turn|16
|
|move|p2a: Ferrothorn|Spikes|p1a: Temple
|-sidestart|p1: Storm Zone|Spikes
|move|p1a: Temple|Knock Off|p2a: Ferrothorn
|-damage|p2a: Ferrothorn|54/100
|-damage|p1a: Temple|69/100|[from] ability: Iron Barbs|[of] p2a: Ferrothorn
|-damage|p1a: Temple|52/100|[from] item: Rocky Helmet|[of] p2a: Ferrothorn
|-enditem|p2a: Ferrothorn|Rocky Helmet|[from] move: Knock Off|[of] p1a: Temple
|
|upkeep
|turn|17
|
|switch|p2a: Clefable|Clefable, M|36/100
|-status|p2a: Clefable|psn
|move|p1a: Temple|Power Whip|p2a: Clefable
|-damage|p2a: Clefable|0 fnt
|faint|p2a: Clefable
|
|upkeep
|j| BadGuy202051
|
|switch|p2a: Chandelure|Chandelure, F|92/100
|-damage|p2a: Chandelure|68/100|[from] Stealth Rock
|-status|p2a: Chandelure|psn
|turn|18
|
|move|p2a: Chandelure|Shadow Ball|p1a: Temple
|-damage|p1a: Temple|0 fnt
|faint|p1a: Temple
|
|-damage|p2a: Chandelure|55/100 psn|[from] psn
|upkeep
|
|switch|p1a: Cinderella|Cinderace, F|44/100
|-damage|p1a: Cinderella|19/100|[from] Stealth Rock
|-damage|p1a: Cinderella|6/100|[from] Spikes
|turn|19
|j| best banned
|
|switch|p2a: Kommo-o|Kommo-o, M|68/100 psn
|-damage|p2a: Kommo-o|61/100 psn|[from] Stealth Rock
|move|p1a: Cinderella|Sucker Punch||[still]
|-fail|p1a: Cinderella
|
|-heal|p2a: Kommo-o|68/100 psn|[from] item: Leftovers
|-damage|p2a: Kommo-o|55/100 psn|[from] psn
|upkeep
|turn|20
|
|move|p1a: Cinderella|Pyro Ball|p2a: Kommo-o
|-immune|p2a: Kommo-o|[from] ability: Bulletproof
|move|p2a: Kommo-o|Body Press|p1a: Cinderella
|-damage|p1a: Cinderella|0 fnt
|faint|p1a: Cinderella
|
|-heal|p2a: Kommo-o|61/100 psn|[from] item: Leftovers
|-damage|p2a: Kommo-o|49/100 psn|[from] psn
|upkeep
|
|switch|p1a: Achilles|Aegislash, M|100/100
|-damage|p1a: Achilles|94/100|[from] Stealth Rock
|-item|p1a: Achilles|Air Balloon
|turn|21
|
|switch|p2a: Excadrill|Excadrill, M|100/100
|-damage|p2a: Excadrill|97/100|[from] Stealth Rock
|-ability|p2a: Excadrill|Mold Breaker
|move|p1a: Achilles|Swords Dance|p1a: Achilles
|-boost|p1a: Achilles|atk|2
|
|-heal|p2a: Excadrill|100/100|[from] item: Leftovers
|upkeep
|turn|22
|j| cancer02
|
|move|p2a: Excadrill|Iron Head|p1a: Achilles
|-resisted|p1a: Achilles
|-damage|p1a: Achilles|71/100
|-enditem|p1a: Achilles|Air Balloon
|-formechange|p1a: Achilles|Aegislash-Blade||[from] ability: Stance Change
|move|p1a: Achilles|Close Combat|p2a: Excadrill
|-supereffective|p2a: Excadrill
|-damage|p2a: Excadrill|0 fnt
|-unboost|p1a: Achilles|def|1
|-unboost|p1a: Achilles|spd|1
|faint|p2a: Excadrill
|
|upkeep
|
|switch|p2a: Kommo-o|Kommo-o, M|49/100 psn
|-damage|p2a: Kommo-o|43/100 psn|[from] Stealth Rock
|turn|23
|
|move|p1a: Achilles|Iron Head|p2a: Kommo-o
|-damage|p2a: Kommo-o|0 fnt
|faint|p2a: Kommo-o
|
|upkeep
|
|switch|p2a: Zeraora|Zeraora|100/100
|-status|p2a: Zeraora|psn
|-damage|p2a: Zeraora|88/100 psn|[from] Stealth Rock
|turn|24
|
|switch|p1a: Globox|Seismitoad, M|100/100
|-damage|p1a: Globox|88/100|[from] Spikes
|-damage|p1a: Globox|82/100|[from] Stealth Rock
|move|p2a: Zeraora|Plasma Fists|p1a: Globox
|-immune|p1a: Globox
|
|-heal|p1a: Globox|88/100|[from] item: Leftovers
|-damage|p2a: Zeraora|76/100 psn|[from] psn
|upkeep
|turn|25
|
|switch|p1a: Sentinel|Weezing-Galar, M|100/100
|-damage|p1a: Sentinel|88/100|[from] Stealth Rock
|move|p2a: Zeraora|Grass Knot|p1a: Sentinel
|-resisted|p1a: Sentinel
|-damage|p1a: Sentinel|83/100
|-damage|p2a: Zeraora|66/100 psn|[from] item: Life Orb
|
|-heal|p1a: Sentinel|89/100|[from] item: Black Sludge
|-damage|p2a: Zeraora|54/100 psn|[from] psn
|upkeep
|turn|26
|
|move|p2a: Zeraora|Plasma Fists|p1a: Sentinel
|-crit|p1a: Sentinel
|-damage|p1a: Sentinel|7/100
|-fieldactivate|move: Ion Deluge
|-damage|p2a: Zeraora|44/100 psn|[from] item: Life Orb
|move|p1a: Sentinel|Strange Steam|p2a: Zeraora
|-damage|p2a: Zeraora|7/100 psn
|
|-heal|p1a: Sentinel|13/100|[from] item: Black Sludge
|-damage|p2a: Zeraora|0 fnt|[from] psn
|faint|p2a: Zeraora
|upkeep
|j| not saas
|
|switch|p2a: Chandelure|Chandelure, F|55/100 psn
|-damage|p2a: Chandelure|30/100 psn|[from] Stealth Rock
|turn|27
|
|move|p2a: Chandelure|Shadow Ball|p1a: Sentinel
|-damage|p1a: Sentinel|0 fnt
|faint|p1a: Sentinel
|
|-damage|p2a: Chandelure|18/100 psn|[from] psn
|upkeep
|j| CutePokesOnly
|
|switch|p1a: Achilles|Aegislash, M|71/100
|-damage|p1a: Achilles|59/100|[from] Spikes
|-damage|p1a: Achilles|53/100|[from] Stealth Rock
|turn|28
|
|-formechange|p1a: Achilles|Aegislash-Blade||[from] ability: Stance Change
|move|p1a: Achilles|Shadow Sneak|p2a: Chandelure
|-supereffective|p2a: Chandelure
|-damage|p2a: Chandelure|0 fnt
|faint|p2a: Chandelure
|
|upkeep
|
|switch|p2a: Ferrothorn|Ferrothorn, M|54/100
|-damage|p2a: Ferrothorn|47/100|[from] Stealth Rock
|turn|29
|
|move|p1a: Achilles|Close Combat|p2a: Ferrothorn
|-supereffective|p2a: Ferrothorn
|-damage|p2a: Ferrothorn|0 fnt
|-unboost|p1a: Achilles|def|1
|-unboost|p1a: Achilles|spd|1
|-damage|p1a: Achilles|41/100|[from] ability: Iron Barbs|[of] p2a: Ferrothorn
|faint|p2a: Ferrothorn
|
|win|Storm Zone
|l|☆friedfreak
|c|☆Storm Zone|gg
|raw|Storm Zone's rating: 1976 &rarr; <strong>1989</strong><br />(+13 for winning)
|raw|friedfreak's rating: 1852 &rarr; <strong>1838</strong><br />(-14 for losing)
