|html|<div class="broadcast-blue"><strong>[Gen 8] OU is currently suspecting Melmetal! For information on how to participate check out the <a href="https://www.smogon.com/forums/threads/np-ss-ou-suspect-process-round-12-monster-mash.3709234/">suspect thread</a>.</strong></div>
|j|☆playeraccount
|j|☆minimax_ai
|t:|1666879119
|gametype|singles
|player|p1|playeraccount|1|1393
|player|p2|minimax_ai|lusamine-nihilego|1376
|teamsize|p1|6
|teamsize|p2|6
|gen|8
|tier|[Gen 8] OU
|rated|
|rule|Sleep Clause Mod: Limit one foe put to sleep
|rule|Species Clause: Limit one of each Pokémon
|rule|OHKO Clause: OHKO moves are banned
|rule|Evasion Items Clause: Evasion items are banned
|rule|Evasion Moves Clause: Evasion moves are banned
|rule|Endless Battle Clause: Forcing endless battles is banned
|rule|HP Percentage Mod: HP is shown in percentages
|rule|Dynamax Clause: You cannot dynamax
|clearpoke
|poke|p1|Nidoqueen, F|
|poke|p1|Kartana|
|poke|p1|Slowbro, M|
|poke|p1|Tapu Fini|
|poke|p1|Blissey, F|
|poke|p1|Druddigon, F|
|poke|p2|Rotom-Wash|
|poke|p2|Weavile, M|
|poke|p2|Landorus-Therian, M|
|poke|p2|Heatran, M|
|poke|p2|Tangrowth, M|
|poke|p2|Melmetal|
|teampreview
|c|☆minimax_ai|hf
|inactive|Battle timer is ON: inactive players will automatically lose when time's up. (requested by minimax_ai)
|inactive|playeraccount also wants the timer to be on.
|c|☆playeraccount|gl hf
|c|☆playeraccount|i have met you several times
|
|t:|1666879149
|start
|switch|p1a: Druddigon|Druddigon, F, shiny|100/100
|switch|p2a: Melmetal|Melmetal|100/100
|turn|1
|
|t:|1666879157
|switch|p1a: Slowbro|Slowbro, M, shiny|100/100
|move|p2a: Melmetal|Ice Punch|p1a: Slowbro
|-resisted|p1a: Slowbro
|-damage|p1a: Slowbro|91/100
|-damage|p2a: Melmetal|84/100|[from] item: Rocky Helmet|[of] p1a: Slowbro
|
|upkeep
|turn|2
|
|t:|1666879160
|move|p2a: Melmetal|Thunder Punch|p1a: Slowbro
|-supereffective|p1a: Slowbro
|-damage|p1a: Slowbro|53/100
|-status|p1a: Slowbro|par
|-damage|p2a: Melmetal|67/100|[from] item: Rocky Helmet|[of] p1a: Slowbro
|move|p1a: Slowbro|Counter|p2a: Melmetal
|-damage|p2a: Melmetal|0 fnt
|faint|p2a: Melmetal
|
|upkeep
|
|t:|1666879160
|switch|p2a: Heatran|Heatran, M|100/100
|-item|p2a: Heatran|Air Balloon
|turn|3
|
|t:|1666879171
|switch|p1a: Blissey|Blissey, F, shiny|100/100
|move|p2a: Heatran|Magma Storm|p1a: Blissey
|-damage|p1a: Blissey|82/100
|-activate|p1a: Blissey|move: Magma Storm|[of] p2a: Heatran
|
|-heal|p1a: Blissey|88/100|[from] item: Leftovers
|-damage|p1a: Blissey|76/100|[from] move: Magma Storm|[partiallytrapped]
|upkeep
|turn|4
|
|t:|1666879173
|move|p2a: Heatran|Magma Storm|p1a: Blissey
|-damage|p1a: Blissey|57/100
|move|p1a: Blissey|Seismic Toss|p2a: Heatran
|-damage|p2a: Heatran|70/100
|-enditem|p2a: Heatran|Air Balloon
|
|-heal|p1a: Blissey|63/100|[from] item: Leftovers
|-damage|p1a: Blissey|51/100|[from] move: Magma Storm|[partiallytrapped]
|upkeep
|turn|5
|
|t:|1666879176
|move|p2a: Heatran|Magma Storm|p1a: Blissey
|-damage|p1a: Blissey|33/100
|move|p1a: Blissey|Seismic Toss|p2a: Heatran
|-damage|p2a: Heatran|39/100
|
|-heal|p1a: Blissey|39/100|[from] item: Leftovers
|-damage|p1a: Blissey|27/100|[from] move: Magma Storm|[partiallytrapped]
|upkeep
|turn|6
|
|t:|1666879178
|move|p2a: Heatran|Magma Storm|p1a: Blissey
|-damage|p1a: Blissey|9/100
|move|p1a: Blissey|Soft-Boiled|p1a: Blissey
|-heal|p1a: Blissey|59/100
|
|-heal|p1a: Blissey|65/100|[from] item: Leftovers
|-damage|p1a: Blissey|53/100|[from] move: Magma Storm|[partiallytrapped]
|upkeep
|turn|7
|
|t:|1666879181
|move|p2a: Heatran|Stealth Rock|p1a: Blissey
|-sidestart|p1: playeraccount|move: Stealth Rock
|move|p1a: Blissey|Soft-Boiled|p1a: Blissey
|-heal|p1a: Blissey|100/100
|
|-damage|p1a: Blissey|88/100|[from] move: Magma Storm|[partiallytrapped]
|upkeep
|turn|8
|
|t:|1666879184
|move|p2a: Heatran|Magma Storm|p1a: Blissey
|-damage|p1a: Blissey|67/100
|move|p1a: Blissey|Seismic Toss|p2a: Heatran
|-damage|p2a: Heatran|8/100
|
|-heal|p1a: Blissey|73/100|[from] item: Leftovers
|-end|p1a: Blissey|Magma Storm|[partiallytrapped]
|upkeep
|turn|9
|
|t:|1666879187
|switch|p2a: landorustherian|Landorus-Therian, M|100/100
|-ability|p2a: landorustherian|Intimidate|boost
|-unboost|p1a: Blissey|atk|1
|move|p1a: Blissey|Seismic Toss|p2a: landorustherian
|-damage|p2a: landorustherian|74/100
|
|-heal|p2a: landorustherian|80/100|[from] item: Leftovers
|-heal|p1a: Blissey|79/100|[from] item: Leftovers
|upkeep
|turn|10
|
|t:|1666879190
|move|p2a: landorustherian|Earthquake|p1a: Blissey
|-damage|p1a: Blissey|39/100
|move|p1a: Blissey|Toxic|p2a: landorustherian
|-status|p2a: landorustherian|tox
|
|-heal|p2a: landorustherian|86/100 tox|[from] item: Leftovers
|-heal|p1a: Blissey|45/100|[from] item: Leftovers
|-damage|p2a: landorustherian|80/100 tox|[from] psn
|upkeep
|turn|11
|
|t:|1666879195
|switch|p1a: Druddigon|Druddigon, F, shiny|100/100
|-damage|p1a: Druddigon|88/100|[from] Stealth Rock
|move|p2a: landorustherian|Earthquake|p1a: Druddigon
|-damage|p1a: Druddigon|46/100
|
|-heal|p2a: landorustherian|86/100 tox|[from] item: Leftovers
|-heal|p1a: Druddigon|52/100|[from] item: Leftovers
|-damage|p2a: landorustherian|74/100 tox|[from] psn
|upkeep
|turn|12
|
|t:|1666879201
|move|p2a: landorustherian|Earthquake|p1a: Druddigon
|-damage|p1a: Druddigon|11/100
|move|p1a: Druddigon|Stealth Rock|p2a: landorustherian
|-sidestart|p2: minimax_ai|move: Stealth Rock
|
|-heal|p2a: landorustherian|80/100 tox|[from] item: Leftovers
|-heal|p1a: Druddigon|17/100|[from] item: Leftovers
|-damage|p2a: landorustherian|62/100 tox|[from] psn
|upkeep
|turn|13
|
|t:|1666879204
|move|p1a: Druddigon|Sucker Punch|p2a: landorustherian
|-damage|p2a: landorustherian|44/100 tox
|move|p2a: landorustherian|Earthquake|p1a: Druddigon
|-damage|p1a: Druddigon|0 fnt
|faint|p1a: Druddigon
|
|-heal|p2a: landorustherian|50/100 tox|[from] item: Leftovers
|-damage|p2a: landorustherian|26/100 tox|[from] psn
|upkeep
|
|t:|1666879208
|switch|p1a: Kartana|Kartana, shiny|100/100
|-damage|p1a: Kartana|94/100|[from] Stealth Rock
|turn|14
|
|t:|1666879210
|switch|p2a: Tangrowth|Tangrowth, M|100/100
|-damage|p2a: Tangrowth|88/100|[from] Stealth Rock
|move|p1a: Kartana|Knock Off|p2a: Tangrowth
|-damage|p2a: Tangrowth|52/100
|-damage|p1a: Kartana|78/100|[from] item: Rocky Helmet|[of] p2a: Tangrowth
|-enditem|p2a: Tangrowth|Rocky Helmet|[from] move: Knock Off|[of] p1a: Kartana
|
|upkeep
|turn|15
|
|t:|1666879219
|switch|p1a: Blissey|Blissey, F, shiny|45/100
|-damage|p1a: Blissey|33/100|[from] Stealth Rock
|move|p2a: Tangrowth|Knock Off|p1a: Blissey
|-damage|p1a: Blissey|13/100
|-enditem|p1a: Blissey|Leftovers|[from] move: Knock Off|[of] p2a: Tangrowth
|
|upkeep
|turn|16
|
|t:|1666879221
|switch|p2a: landorustherian|Landorus-Therian, M|26/100 tox
|-damage|p2a: landorustherian|14/100 tox|[from] Stealth Rock
|-ability|p2a: landorustherian|Intimidate|boost
|-unboost|p1a: Blissey|atk|1
|move|p1a: Blissey|Soft-Boiled|p1a: Blissey
|-heal|p1a: Blissey|63/100
|
|-heal|p2a: landorustherian|20/100 tox|[from] item: Leftovers
|-damage|p2a: landorustherian|14/100 tox|[from] psn
|upkeep
|turn|17
|
|t:|1666879228
|move|p2a: landorustherian|Earthquake|p1a: Blissey
|-damage|p1a: Blissey|23/100
|move|p1a: Blissey|Soft-Boiled|p1a: Blissey
|-heal|p1a: Blissey|73/100
|
|-heal|p2a: landorustherian|20/100 tox|[from] item: Leftovers
|-damage|p2a: landorustherian|8/100 tox|[from] psn
|upkeep
|turn|18
|
|t:|1666879232
|move|p2a: landorustherian|Toxic|p1a: Blissey
|-status|p1a: Blissey|tox
|move|p1a: Blissey|Soft-Boiled|p1a: Blissey
|-heal|p1a: Blissey|100/100 tox
|
|-heal|p2a: landorustherian|14/100 tox|[from] item: Leftovers
|-damage|p2a: landorustherian|0 fnt|[from] psn
|faint|p2a: landorustherian
|-damage|p1a: Blissey|94/100 tox|[from] psn
|upkeep
|
|t:|1666879232
|switch|p2a: rotomwash|Rotom-Wash|100/100
|-damage|p2a: rotomwash|88/100|[from] Stealth Rock
|turn|19
|
|t:|1666879236
|move|p2a: rotomwash|Thunderbolt|p1a: Blissey
|-damage|p1a: Blissey|81/100 tox
|move|p1a: Blissey|Teleport|p1a: Blissey
|
|t:|1666879242
|-curestatus|p1a: Blissey|tox|[from] ability: Natural Cure
|switch|p1a: Kartana|Kartana, shiny|78/100|[from]move: Teleport
|-damage|p1a: Kartana|72/100|[from] Stealth Rock
|
|-heal|p2a: rotomwash|94/100|[from] item: Leftovers
|upkeep
|turn|20
|
|t:|1666879247
|switch|p1a: Blissey|Blissey, F, shiny|81/100
|-damage|p1a: Blissey|68/100|[from] Stealth Rock
|switch|p2a: Tangrowth|Tangrowth, M|86/100
|-damage|p2a: Tangrowth|73/100|[from] Stealth Rock
|
|upkeep
|turn|21
|
|t:|1666879249
|move|p1a: Blissey|Toxic|p2a: Tangrowth
|-status|p2a: Tangrowth|tox
|move|p2a: Tangrowth|Sleep Powder|p1a: Blissey|[miss]
|-miss|p2a: Tangrowth|p1a: Blissey
|
|-damage|p2a: Tangrowth|67/100 tox|[from] psn
|upkeep
|turn|22
|
|t:|1666879257
|switch|p2a: rotomwash|Rotom-Wash|94/100
|-damage|p2a: rotomwash|82/100|[from] Stealth Rock
|move|p1a: Blissey|Teleport|p1a: Blissey
|
|t:|1666879261
|switch|p1a: Kartana|Kartana, shiny|72/100|[from]move: Teleport
|-damage|p1a: Kartana|65/100|[from] Stealth Rock
|
|-heal|p2a: rotomwash|88/100|[from] item: Leftovers
|upkeep
|turn|23
|
|t:|1666879269
|switch|p2a: Tangrowth|Tangrowth, M|99/100 tox
|-damage|p2a: Tangrowth|88/100 tox|[from] Stealth Rock
|move|p1a: Kartana|Leaf Blade|p2a: Tangrowth
|-resisted|p2a: Tangrowth
|-damage|p2a: Tangrowth|64/100 tox
|
|-damage|p2a: Tangrowth|57/100 tox|[from] psn
|upkeep
|turn|24
|
|t:|1666879274
|switch|p1a: Blissey|Blissey, F, shiny|68/100
|-damage|p1a: Blissey|56/100|[from] Stealth Rock
|move|p2a: Tangrowth|Focus Blast|p1a: Blissey
|-supereffective|p1a: Blissey
|-damage|p1a: Blissey|35/100
|-unboost|p1a: Blissey|spd|1
|
|-damage|p2a: Tangrowth|45/100 tox|[from] psn
|upkeep
|turn|25
|
|t:|1666879276
|switch|p2a: rotomwash|Rotom-Wash|88/100
|-damage|p2a: rotomwash|75/100|[from] Stealth Rock
|move|p1a: Blissey|Seismic Toss|p2a: rotomwash
|-damage|p2a: rotomwash|43/100
|
|-heal|p2a: rotomwash|49/100|[from] item: Leftovers
|upkeep
|turn|26
|
|t:|1666879279
|move|p2a: rotomwash|Hydro Pump|p1a: Blissey|[miss]
|-miss|p2a: rotomwash|p1a: Blissey
|move|p1a: Blissey|Seismic Toss|p2a: rotomwash
|-damage|p2a: rotomwash|16/100
|
|-heal|p2a: rotomwash|22/100|[from] item: Leftovers
|upkeep
|turn|27
|
|t:|1666879284
|move|p2a: rotomwash|Pain Split|p1a: Blissey
|-sethp|p1a: Blissey|22/100|[from] move: Pain Split|[silent]
|-sethp|p2a: rotomwash|52/100|[from] move: Pain Split
|move|p1a: Blissey|Soft-Boiled|p1a: Blissey
|-heal|p1a: Blissey|72/100
|
|-heal|p2a: rotomwash|58/100|[from] item: Leftovers
|upkeep
|turn|28
|
|t:|1666879286
|move|p2a: rotomwash|Thunderbolt|p1a: Blissey
|-damage|p1a: Blissey|52/100
|move|p1a: Blissey|Soft-Boiled|p1a: Blissey
|-heal|p1a: Blissey|100/100
|
|-heal|p2a: rotomwash|65/100|[from] item: Leftovers
|upkeep
|turn|29
|
|t:|1666879288
|move|p2a: rotomwash|Thunderbolt|p1a: Blissey
|-damage|p1a: Blissey|82/100
|move|p1a: Blissey|Toxic|p2a: rotomwash
|-status|p2a: rotomwash|tox
|
|-heal|p2a: rotomwash|71/100 tox|[from] item: Leftovers
|-damage|p2a: rotomwash|65/100 tox|[from] psn
|upkeep
|turn|30
|
|t:|1666879291
|move|p2a: rotomwash|Hydro Pump|p1a: Blissey
|-damage|p1a: Blissey|59/100
|move|p1a: Blissey|Teleport|p1a: Blissey
|
|t:|1666879298
|switch|p1a: Kartana|Kartana, shiny|65/100|[from]move: Teleport
|-damage|p1a: Kartana|59/100|[from] Stealth Rock
|
|-heal|p2a: rotomwash|71/100 tox|[from] item: Leftovers
|-damage|p2a: rotomwash|58/100 tox|[from] psn
|upkeep
|turn|31
|
|t:|1666879306
|switch|p1a: Tapu Fini|Tapu Fini, shiny|100/100
|-damage|p1a: Tapu Fini|88/100|[from] Stealth Rock
|-fieldstart|move: Misty Terrain|[from] ability: Misty Surge|[of] p1a: Tapu Fini
|switch|p2a: Heatran|Heatran, M|8/100
|-damage|p2a: Heatran|0 fnt|[from] Stealth Rock
|faint|p2a: Heatran
|
|upkeep
|
|t:|1666879306
|switch|p2a: rotomwash|Rotom-Wash|58/100 tox
|-damage|p2a: rotomwash|46/100 tox|[from] Stealth Rock
|turn|32
|
|t:|1666879309
|move|p1a: Tapu Fini|Moonblast|p2a: rotomwash
|-damage|p2a: rotomwash|5/100 tox
|-unboost|p2a: rotomwash|spa|1
|move|p2a: rotomwash|Pain Split|p1a: Tapu Fini
|-sethp|p1a: Tapu Fini|47/100|[from] move: Pain Split|[silent]
|-sethp|p2a: rotomwash|45/100 tox|[from] move: Pain Split
|
|-heal|p2a: rotomwash|51/100 tox|[from] item: Leftovers
|-damage|p2a: rotomwash|45/100 tox|[from] psn
|upkeep
|turn|33
|
|t:|1666879313
|move|p1a: Tapu Fini|Moonblast|p2a: rotomwash
|-damage|p2a: rotomwash|0 fnt
|faint|p2a: rotomwash
|
|upkeep
|
|t:|1666879313
|switch|p2a: Tangrowth|Tangrowth, M|78/100 tox
|-damage|p2a: Tangrowth|66/100 tox|[from] Stealth Rock
|turn|34
|
|t:|1666879316
|move|p1a: Tapu Fini|Moonblast|p2a: Tangrowth
|-damage|p2a: Tangrowth|12/100 tox
|move|p2a: Tangrowth|Giga Drain|p1a: Tapu Fini
|-supereffective|p1a: Tapu Fini
|-damage|p1a: Tapu Fini|0 fnt
|-heal|p2a: Tangrowth|28/100 tox|[from] drain|[of] p1a: Tapu Fini
|faint|p1a: Tapu Fini
|
|-damage|p2a: Tangrowth|22/100 tox|[from] psn
|upkeep
|
|t:|1666879322
|switch|p1a: Kartana|Kartana, shiny|59/100
|-damage|p1a: Kartana|53/100|[from] Stealth Rock
|turn|35
|
|t:|1666879324
|move|p1a: Kartana|Sacred Sword|p2a: Tangrowth
|-damage|p2a: Tangrowth|0 fnt
|faint|p2a: Tangrowth
|-ability|p1a: Kartana|Beast Boost|boost
|-boost|p1a: Kartana|atk|1
|
|-fieldend|Misty Terrain
|upkeep
|
|t:|1666879324
|switch|p2a: Weavile|Weavile, M|100/100
|-damage|p2a: Weavile|76/100|[from] Stealth Rock
|-ability|p2a: Weavile|Pressure
|turn|36
|
|t:|1666879327
|move|p2a: Weavile|Triple Axel|p1a: Kartana
|-damage|p1a: Kartana|37/100
|-damage|p1a: Kartana|7/100
|-hitcount|p1a: Kartana|2
|move|p1a: Kartana|Sacred Sword|p2a: Weavile
|-supereffective|p2a: Weavile
|-damage|p2a: Weavile|0 fnt
|faint|p2a: Weavile
|
|win|playeraccount
|raw|playeraccount's rating: 1393 &rarr; <strong>1412</strong><br />(+19 for winning)
|raw|minimax_ai's rating: 1376 &rarr; <strong>1357</strong><br />(-19 for losing)
|c|☆minimax_ai|gg
