|raw|<div class="broadcast-blue"><strong>This battle is required to be public due to a player having a name starting with 'lt93oq'.</div>
|j|☆LT93OQ im garbage
|j|☆ripreckful
|t:|1660627494
|gametype|singles
|player|p1|LT93OQ im garbage|266|1876
|player|p2|ripreckful|hilbert|1832
|teamsize|p1|6
|teamsize|p2|6
|gen|8
|tier|[Gen 8] OU
|rated|
|rule|Sleep Clause Mod: Limit one foe put to sleep
|rule|Species Clause: Limit one of each Pokémon
|rule|OHKO Clause: OHKO moves are banned
|rule|Evasion Items Clause: Evasion items are banned
|rule|Evasion Moves Clause: Evasion moves are banned
|rule|Endless Battle Clause: Forcing endless battles is banned
|rule|HP Percentage Mod: HP is shown in percentages
|rule|Dynamax Clause: You cannot dynamax
|clearpoke
|poke|p1|Mandibuzz, F|
|poke|p1|Buzzwole|
|poke|p1|Quagsire, M|
|poke|p1|Bronzong|
|poke|p1|Clefable, M|
|poke|p1|Toxapex, F|
|poke|p2|Tapu Lele|
|poke|p2|Magnezone|
|poke|p2|Landorus-Therian, M|
|poke|p2|Volcanion|
|poke|p2|Weavile, M|
|poke|p2|Dragonite, F|
|teampreview
|inactive|Battle timer is ON: inactive players will automatically lose when time's up. (requested by ripreckful)
|inactive|LT93OQ im garbage also wants the timer to be on.
|c|☆ripreckful|zzzz
|inactive|ripreckful has 120 seconds left.
|j| blooming flowers
|
|t:|1660627531
|start
|switch|p1a: Clefable|Clefable, M|100/100
|switch|p2a: Look i aint shit|Tapu Lele|100/100
|-fieldstart|move: Psychic Terrain|[from] ability: Psychic Surge|[of] p2a: Look i aint shit
|turn|1
|j| ILoveThe1975
|j| Marin XD
|j| LT93OQ Fa
|j| keldeo
|j| LT93OQ Bee
|j| Kwaga
|inactive|LT93OQ im garbage has 120 seconds left.
|
|t:|1660627564
|switch|p2a: and u less of a|Landorus-Therian, M|100/100
|-ability|p2a: and u less of a|Intimidate|boost
|-unboost|p1a: Clefable|atk|1
|move|p1a: Clefable|Moonblast|p2a: and u less of a
|-damage|p2a: and u less of a|75/100
|
|upkeep
|turn|2
|j| AGREGRE
|
|t:|1660627568
|move|p2a: and u less of a|Stealth Rock|p1a: Clefable
|-sidestart|p1: LT93OQ im garbage|move: Stealth Rock
|move|p1a: Clefable|Knock Off|p2a: and u less of a
|-damage|p2a: and u less of a|67/100
|-enditem|p2a: and u less of a|Normal Gem|[from] move: Knock Off|[of] p1a: Clefable
|
|upkeep
|turn|3
|
|t:|1660627574
|move|p2a: and u less of a|Earthquake|p1a: Clefable
|-damage|p1a: Clefable|65/100
|move|p1a: Clefable|Moonblast|p2a: and u less of a
|-damage|p2a: and u less of a|40/100
|
|upkeep
|turn|4
|l| AGREGRE
|
|t:|1660627578
|move|p2a: and u less of a|U-turn|p1a: Clefable
|-resisted|p1a: Clefable
|-damage|p1a: Clefable|55/100
|
|t:|1660627580
|switch|p2a: man than me|Volcanion|100/100|[from]move: U-turn
|move|p1a: Clefable|Soft-Boiled|p1a: Clefable
|-heal|p1a: Clefable|100/100
|
|upkeep
|turn|5
|
|t:|1660627588
|switch|p1a: Toxapex|Toxapex, F|100/100
|-damage|p1a: Toxapex|88/100|[from] Stealth Rock
|move|p2a: man than me|Steam Eruption|p1a: Toxapex
|-resisted|p1a: Toxapex
|-damage|p1a: Toxapex|55/100
|-status|p1a: Toxapex|brn
|
|-damage|p1a: Toxapex|49/100 brn|[from] brn
|-fieldend|move: Psychic Terrain
|upkeep
|turn|6
|
|t:|1660627592
|switch|p2a: and u less of a|Landorus-Therian, M|40/100
|-ability|p2a: and u less of a|Intimidate|boost
|-unboost|p1a: Toxapex|atk|1
|move|p1a: Toxapex|Light Screen|p1a: Toxapex
|-sidestart|p1: LT93OQ im garbage|move: Light Screen
|
|-damage|p1a: Toxapex|43/100 brn|[from] brn
|-damage|p2a: and u less of a|28/100|[from] item: Sticky Barb
|upkeep
|turn|7
|
|t:|1660627597
|switch|p1a: Mandibuzz|Mandibuzz, F|100/100
|move|p2a: and u less of a|U-turn|p1a: Mandibuzz
|-damage|p1a: Mandibuzz|83/100
|
|t:|1660627600
|switch|p2a: SoSoonAs i Decided|Weavile, M|100/100|[from]move: U-turn
|-ability|p2a: SoSoonAs i Decided|Pressure
|
|upkeep
|turn|8
|
|t:|1660627605
|switch|p1a: Toxapex|Toxapex, F|76/100 brn
|-damage|p1a: Toxapex|64/100 brn|[from] Stealth Rock
|move|p2a: SoSoonAs i Decided|Triple Axel|p1a: Toxapex
|-resisted|p1a: Toxapex
|-damage|p1a: Toxapex|57/100 brn
|-resisted|p1a: Toxapex
|-damage|p1a: Toxapex|44/100 brn
|-resisted|p1a: Toxapex
|-damage|p1a: Toxapex|26/100 brn
|-hitcount|p1a: Toxapex|3
|
|-damage|p1a: Toxapex|20/100 brn|[from] brn
|upkeep
|turn|9
|
|t:|1660627609
|switch|p1a: Buzzwole|Buzzwole|100/100
|move|p2a: SoSoonAs i Decided|Triple Axel|p1a: Buzzwole
|-damage|p1a: Buzzwole|92/100
|-damage|p1a: Buzzwole|74/100
|-damage|p1a: Buzzwole|51/100
|-hitcount|p1a: Buzzwole|3
|
|upkeep
|turn|10
|l| Kwaga
|j| lt93oq EclipseY
|
|t:|1660627615
|switch|p2a: man than me|Volcanion|100/100
|move|p1a: Buzzwole|Toxic|p2a: man than me
|-status|p2a: man than me|tox
|
|-damage|p2a: man than me|95/100 tox|[from] psn
|-sideend|p1: LT93OQ im garbage|move: Light Screen
|upkeep
|turn|11
|l| lt93oq EclipseY
|j| lt93oq EclipseY
|l| lt93oq EclipseY
|
|t:|1660627632
|switch|p1a: Bronzong|Bronzong|100/100
|-damage|p1a: Bronzong|94/100|[from] Stealth Rock
|move|p2a: man than me|Steam Eruption|p1a: Bronzong
|-damage|p1a: Bronzong|32/100
|-status|p1a: Bronzong|brn
|
|-heal|p1a: Bronzong|38/100 brn|[from] item: Leftovers
|-damage|p2a: man than me|83/100 tox|[from] psn
|-damage|p1a: Bronzong|35/100 brn|[from] brn
|upkeep
|turn|12
|
|t:|1660627638
|move|p1a: Bronzong|Protect|p1a: Bronzong
|-singleturn|p1a: Bronzong|Protect
|move|p2a: man than me|Steam Eruption|p1a: Bronzong
|-activate|p1a: Bronzong|move: Protect
|
|-heal|p1a: Bronzong|42/100 brn|[from] item: Leftovers
|-damage|p2a: man than me|65/100 tox|[from] psn
|-damage|p1a: Bronzong|39/100 brn|[from] brn
|upkeep
|turn|13
|
|t:|1660627642
|switch|p1a: Toxapex|Toxapex, F|53/100 brn
|-damage|p1a: Toxapex|41/100 brn|[from] Stealth Rock
|move|p2a: man than me|Steam Eruption|p1a: Toxapex
|-resisted|p1a: Toxapex
|-crit|p1a: Toxapex
|-damage|p1a: Toxapex|0 fnt
|faint|p1a: Toxapex
|
|-damage|p2a: man than me|41/100 tox|[from] psn
|upkeep
|
|t:|1660627649
|switch|p1a: Mandibuzz|Mandibuzz, F|83/100
|turn|14
|j| Wee5387
|
|t:|1660627654
|switch|p2a: IaintEvaGonBeShit|Magnezone|100/100
|move|p1a: Mandibuzz|Roost|p1a: Mandibuzz
|-heal|p1a: Mandibuzz|100/100
|-singleturn|p1a: Mandibuzz|move: Roost
|
|upkeep
|turn|15
|j| Livio el Tito
|
|t:|1660627661
|switch|p1a: Quagsire|Quagsire, M|100/100
|-damage|p1a: Quagsire|94/100|[from] Stealth Rock
|switch|p2a: and u less of a|Landorus-Therian, M|28/100
|-ability|p2a: and u less of a|Intimidate|boost
|-unboost|p1a: Quagsire|atk|1
|
|-heal|p1a: Quagsire|100/100|[from] item: Leftovers
|-damage|p2a: and u less of a|15/100|[from] item: Sticky Barb
|upkeep
|turn|16
|j| Lunarr
|
|t:|1660627665
|move|p2a: and u less of a|Explosion|p1a: Quagsire
|-damage|p1a: Quagsire|41/100
|faint|p2a: and u less of a
|move|p1a: Quagsire|Recover|p1a: Quagsire
|-heal|p1a: Quagsire|91/100
|
|-heal|p1a: Quagsire|97/100|[from] item: Leftovers
|upkeep
|
|t:|1660627670
|switch|p2a: SoSoonAs i Decided|Weavile, M|100/100
|-ability|p2a: SoSoonAs i Decided|Pressure
|turn|17
|l| keldeo
|
|t:|1660627673
|move|p1a: Quagsire|Protect|p1a: Quagsire
|-singleturn|p1a: Quagsire|Protect
|move|p2a: SoSoonAs i Decided|Triple Axel|p1a: Quagsire
|-activate|p1a: Quagsire|move: Protect
|
|-heal|p1a: Quagsire|100/100|[from] item: Leftovers
|upkeep
|turn|18
|
|t:|1660627678
|move|p2a: SoSoonAs i Decided|Triple Axel|p1a: Quagsire
|-damage|p1a: Quagsire|88/100
|-damage|p1a: Quagsire|64/100
|-damage|p1a: Quagsire|28/100
|-hitcount|p1a: Quagsire|3
|move|p1a: Quagsire|Toxic|p2a: SoSoonAs i Decided
|-status|p2a: SoSoonAs i Decided|tox
|
|-heal|p1a: Quagsire|34/100|[from] item: Leftovers
|-damage|p2a: SoSoonAs i Decided|94/100 tox|[from] psn
|upkeep
|turn|19
|
|t:|1660627681
|move|p1a: Quagsire|Protect|p1a: Quagsire
|-singleturn|p1a: Quagsire|Protect
|move|p2a: SoSoonAs i Decided|Triple Axel|p1a: Quagsire
|-activate|p1a: Quagsire|move: Protect
|
|-heal|p1a: Quagsire|40/100|[from] item: Leftovers
|-damage|p2a: SoSoonAs i Decided|82/100 tox|[from] psn
|upkeep
|turn|20
|
|t:|1660627685
|move|p2a: SoSoonAs i Decided|Triple Axel|p1a: Quagsire
|-damage|p1a: Quagsire|26/100
|-damage|p1a: Quagsire|0 fnt
|faint|p1a: Quagsire
|-hitcount|p1: Quagsire|2
|
|-damage|p2a: SoSoonAs i Decided|64/100 tox|[from] psn
|upkeep
|-message|LT93OQ im garbage forfeited.
|
|win|ripreckful
|raw|LT93OQ im garbage's rating: 1876 &rarr; <strong>1853</strong><br />(-23 for losing)
|raw|ripreckful's rating: 1832 &rarr; <strong>1855</strong><br />(+23 for winning)
|l|☆LT93OQ im garbage
|c|☆ripreckful|GG
|l| LT93OQ Fa
|c| Marin XD|Smoked
|j| Pokemh
|l|☆ripreckful
