|raw|<div class="broadcast-blue"><strong>This battle is required to be public due to a player having a name starting with 'lt81yl'.</div>
|j|☆LT81YL UnzipsC
|j|☆N30N3
|t:|1625188891
|gametype|singles
|player|p1|LT81YL UnzipsC|1|1856
|player|p2|N30N3|veteran|1787
|teamsize|p1|6
|teamsize|p2|6
|gen|8
|tier|[Gen 8] OU
|rated|
|rule|Sleep Clause Mod: Limit one foe put to sleep
|rule|Species Clause: Limit one of each Pokémon
|rule|OHKO Clause: OHKO moves are banned
|rule|Evasion Moves Clause: Evasion moves are banned
|rule|Endless Battle Clause: Forcing endless battles is banned
|rule|HP Percentage Mod: HP is shown in percentages
|rule|Dynamax Clause: You cannot dynamax
|clearpoke
|poke|p1|Melmetal|
|poke|p1|Cresselia, F|
|poke|p1|Crawdaunt, M|
|poke|p1|Hatterene, F|
|poke|p1|Porygon2|
|poke|p1|Marowak-Alola, M|
|poke|p2|Garchomp, F|
|poke|p2|Moltres-Galar|
|poke|p2|Melmetal|
|poke|p2|Urshifu-*, M|
|poke|p2|Rillaboom, F|
|poke|p2|Tapu Lele|
|teampreview
|inactive|Battle timer is ON: inactive players will automatically lose when time's up. (requested by LT81YL UnzipsC)
|j| dmdkms
|j| RipReckful
|
|t:|1625188921
|start
|switch|p1a: Melmetal|Melmetal|100/100
|switch|p2a: Chomp|Garchomp, F|100/100
|turn|1
|
|t:|1625188925
|move|p2a: Chomp|Stealth Rock|p1a: Melmetal
|-sidestart|p1: LT81YL UnzipsC|move: Stealth Rock
|move|p1a: Melmetal|Ice Punch|p2a: Chomp
|-supereffective|p2a: Chomp
|-damage|p2a: Chomp|0 fnt
|-damage|p1a: Melmetal|88/100|[from] ability: Rough Skin|[of] p2a: Chomp
|-damage|p1a: Melmetal|71/100|[from] item: Rocky Helmet|[of] p2a: Chomp
|faint|p2a: Chomp
|
|upkeep
|
|t:|1625188932
|switch|p2a: Urshifu|Urshifu-Rapid-Strike, M|100/100
|turn|2
|
|t:|1625188935
|switch|p1a: Crawdaunt|Crawdaunt, M, shiny|100/100
|-damage|p1a: Crawdaunt|88/100|[from] Stealth Rock
|move|p2a: Urshifu|U-turn|p1a: Crawdaunt
|-supereffective|p1a: Crawdaunt
|-damage|p1a: Crawdaunt|34/100
|
|t:|1625188938
|switch|p2a: Rillaboom|Rillaboom, F|100/100|[from]move: U-turn
|-fieldstart|move: Grassy Terrain|[from] ability: Grassy Surge|[of] p2a: Rillaboom
|
|-heal|p1a: Crawdaunt|40/100|[from] Grassy Terrain
|upkeep
|turn|3
|
|t:|1625188941
|move|p2a: Rillaboom|Superpower|p1a: Crawdaunt
|-supereffective|p1a: Crawdaunt
|-damage|p1a: Crawdaunt|0 fnt
|-unboost|p2a: Rillaboom|atk|1
|-unboost|p2a: Rillaboom|def|1
|faint|p1a: Crawdaunt
|
|upkeep
|
|t:|1625188945
|switch|p1a: Hatterene|Hatterene, F|100/100
|-damage|p1a: Hatterene|88/100|[from] Stealth Rock
|turn|4
|
|t:|1625188948
|switch|p2a: Melmetal|Melmetal|100/100
|move|p1a: Hatterene|Trick Room|p1a: Hatterene
|-fieldstart|move: Trick Room|[of] p1a: Hatterene
|
|-heal|p1a: Hatterene|94/100|[from] Grassy Terrain
|upkeep
|turn|5
|
|t:|1625188950
|move|p1a: Hatterene|Healing Wish|p1a: Hatterene
|faint|p1a: Hatterene
|move|p2a: Melmetal|Acid Armor|p2a: Melmetal
|-boost|p2a: Melmetal|def|2
|
|upkeep
|
|t:|1625188954
|switch|p1a: Marowak|Marowak-Alola, M|100/100
|-damage|p1a: Marowak|76/100|[from] Stealth Rock
|turn|6
|
|t:|1625188957
|move|p1a: Marowak|Flare Blitz|p2a: Melmetal
|-supereffective|p2a: Melmetal
|-crit|p2a: Melmetal
|-damage|p2a: Melmetal|0 fnt
|faint|p2a: Melmetal
|
|-heal|p1a: Marowak|82/100|[from] Grassy Terrain
|-fieldend|move: Grassy Terrain
|upkeep
|
|t:|1625188963
|switch|p2a: Urshifu|Urshifu-Rapid-Strike, M|100/100
|turn|7
|
|t:|1625188965
|move|p1a: Marowak|Poltergeist|p2a: Urshifu
|-activate|p2a: Urshifu|move: Poltergeist|Choice Scarf
|-damage|p2a: Urshifu|18/100
|move|p2a: Urshifu|Surging Strikes|p1a: Marowak
|-supereffective|p1a: Marowak
|-crit|p1a: Marowak
|-damage|p1a: Marowak|45/100
|-supereffective|p1a: Marowak
|-crit|p1a: Marowak
|-damage|p1a: Marowak|7/100
|-supereffective|p1a: Marowak
|-crit|p1a: Marowak
|-damage|p1a: Marowak|0 fnt
|faint|p1a: Marowak
|-hitcount|p1: Marowak|3
|
|upkeep
|
|t:|1625188973
|switch|p1a: Melmetal|Melmetal|71/100
|-heal|p1a: Melmetal|100/100|[from] move: Healing Wish
|-damage|p1a: Melmetal|94/100|[from] Stealth Rock
|turn|8
|
|t:|1625188992
|move|p1a: Melmetal|Double Iron Bash|p2a: Urshifu
|-resisted|p2a: Urshifu
|-damage|p2a: Urshifu|0 fnt
|faint|p2a: Urshifu
|-hitcount|p2: Urshifu|1
|
|-fieldend|move: Trick Room
|upkeep
|
|t:|1625189005
|switch|p2a: Rillaboom|Rillaboom, F|100/100
|-fieldstart|move: Grassy Terrain|[from] ability: Grassy Surge|[of] p2a: Rillaboom
|turn|9
|
|t:|1625189010
|move|p2a: Rillaboom|Superpower|p1a: Melmetal
|-supereffective|p1a: Melmetal
|-damage|p1a: Melmetal|23/100
|-unboost|p2a: Rillaboom|atk|1
|-unboost|p2a: Rillaboom|def|1
|move|p1a: Melmetal|Double Iron Bash|p2a: Rillaboom
|-damage|p2a: Rillaboom|2/100
|-damage|p2a: Rillaboom|0 fnt
|faint|p2a: Rillaboom
|-hitcount|p2: Rillaboom|2
|
|-heal|p1a: Melmetal|30/100|[from] Grassy Terrain
|upkeep
|j| KFC Chizza
|
|t:|1625189014
|switch|p2a: Moltres|Moltres-Galar|100/100
|turn|10
|
|t:|1625189018
|switch|p1a: Cresselia|Cresselia, F|100/100
|-damage|p1a: Cresselia|88/100|[from] Stealth Rock
|move|p2a: Moltres|Fiery Wrath|p1a: Cresselia
|-supereffective|p1a: Cresselia
|-damage|p1a: Cresselia|34/100
|
|upkeep
|turn|11
|
|t:|1625189021
|move|p2a: Moltres|Fiery Wrath|p1a: Cresselia
|-supereffective|p1a: Cresselia
|-damage|p1a: Cresselia|0 fnt
|faint|p1a: Cresselia
|
|upkeep
|
|t:|1625189023
|switch|p1a: Porygon2|Porygon2|100/100
|-damage|p1a: Porygon2|88/100|[from] Stealth Rock
|-ability|p1a: Porygon2|Download|boost
|-boost|p1a: Porygon2|atk|1
|turn|12
|
|t:|1625189028
|move|p2a: Moltres|Nasty Plot|p2a: Moltres
|-boost|p2a: Moltres|spa|2
|move|p1a: Porygon2|Trick Room|p1a: Porygon2
|-fieldstart|move: Trick Room|[of] p1a: Porygon2
|
|-heal|p1a: Porygon2|94/100|[from] Grassy Terrain
|upkeep
|turn|13
|
|t:|1625189033
|move|p1a: Porygon2|Ice Beam|p2a: Moltres
|-supereffective|p2a: Moltres
|-damage|p2a: Moltres|48/100
|-ability|p2a: Moltres|Berserk|boost
|-boost|p2a: Moltres|spa|1
|move|p2a: Moltres|Fiery Wrath|p1a: Porygon2
|-damage|p1a: Porygon2|25/100
|
|-heal|p1a: Porygon2|31/100|[from] Grassy Terrain
|-fieldend|move: Grassy Terrain
|upkeep
|turn|14
|
|t:|1625189041
|switch|p2a: Tapu Lele|Tapu Lele|100/100
|-fieldstart|move: Psychic Terrain|[from] ability: Psychic Surge|[of] p2a: Tapu Lele
|move|p1a: Porygon2|Teleport|p1a: Porygon2
|
|t:|1625189043
|switch|p1a: Melmetal|Melmetal|30/100|[from]move: Teleport
|-damage|p1a: Melmetal|23/100|[from] Stealth Rock
|
|upkeep
|turn|15
|-message|N30N3 forfeited.
|
|win|LT81YL UnzipsC
|raw|LT81YL UnzipsC's rating: 1856 &rarr; <strong>1872</strong><br />(+16 for winning)
|raw|N30N3's rating: 1787 &rarr; <strong>1771</strong><br />(-16 for losing)
|l|☆N30N3
|l| KFC Chizza
