|j|☆bwmasterr
|j|☆GORAN EL DRACO
|player|p1|bwmasterr|red-gen1main|1816
|player|p2|GORAN EL DRACO|266|1891
|teamsize|p1|6
|teamsize|p2|6
|gametype|singles
|gen|8
|tier|[Gen 8] OU
|rated|
|html|<div class="broadcast-red"><strong>OU is currently suspecting Arena Trap! For information on how to participate check out the <a href="https://www.smogon.com/forums/threads/3661134/">suspect thread</a>.</strong></div>
|clearpoke
|poke|p1|Weavile, F|
|poke|p1|Toxapex, F|
|poke|p1|Corviknight, M|
|poke|p1|Dragapult, M|
|poke|p1|Excadrill, F|
|poke|p1|Frosmoth, F|
|poke|p2|Dracovish|
|poke|p2|Rotom-Heat|
|poke|p2|Ferrothorn, M|
|poke|p2|Dragapult, F|
|poke|p2|Togekiss, M|
|poke|p2|Hydreigon, M|
|rule|Sleep Clause Mod: Limit one foe put to sleep
|rule|Species Clause: Limit one of each Pokémon
|rule|OHKO Clause: OHKO moves are banned
|rule|Evasion Moves Clause: Evasion moves are banned
|rule|Endless Battle Clause: Forcing endless battles is banned
|rule|HP Percentage Mod: HP is shown in percentages
|rule|Dynamax Clause: You cannot dynamax
|teampreview
|j| Aa147258369
|j| Long Infernity
|
|start
|switch|p1a: Frosmoth|Frosmoth, F, shiny|100/100
|switch|p2a: Hydreigon|Hydreigon, M|100/100
|turn|1
|
|move|p2a: Hydreigon|U-turn|p1a: Frosmoth
|-damage|p1a: Frosmoth|70/100
|
|switch|p2a: Rotom|Rotom-Heat|100/100|[from]move: U-turn
|move|p1a: Frosmoth|Quiver Dance|p1a: Frosmoth
|-boost|p1a: Frosmoth|spa|1
|-boost|p1a: Frosmoth|spd|1
|-boost|p1a: Frosmoth|spe|1
|
|upkeep
|turn|2
|j| sella alik boi
|j| partynparadise
|
|move|p1a: Frosmoth|Ice Beam|p2a: Rotom
|-resisted|p2a: Rotom
|-damage|p2a: Rotom|74/100
|move|p2a: Rotom|Overheat|p1a: Frosmoth
|-supereffective|p1a: Frosmoth
|-damage|p1a: Frosmoth|0 fnt
|-unboost|p2a: Rotom|spa|2
|faint|p1a: Frosmoth
|
|upkeep
|
|switch|p1a: Dragapult|Dragapult, M, shiny|100/100
|turn|3
|
|move|p1a: Dragapult|Dragon Dance|p1a: Dragapult
|-boost|p1a: Dragapult|atk|1
|-boost|p1a: Dragapult|spe|1
|move|p2a: Rotom|Volt Switch|p1a: Dragapult
|-resisted|p1a: Dragapult
|-damage|p1a: Dragapult|92/100
|
|switch|p2a: Ferrothorn|Ferrothorn, M|100/100|[from]move: Volt Switch
|
|upkeep
|turn|4
|
|move|p1a: Dragapult|Will-O-Wisp|p2a: Ferrothorn|[miss]
|-miss|p1a: Dragapult|p2a: Ferrothorn
|move|p2a: Ferrothorn|Knock Off|p1a: Dragapult
|-supereffective|p1a: Dragapult
|-damage|p1a: Dragapult|30/100
|-enditem|p1a: Dragapult|Lum Berry|[from] move: Knock Off|[of] p2a: Ferrothorn
|
|upkeep
|turn|5
|c|☆bwmasterr|gj
|c|☆bwmasterr|gg
|j| LowGxeDoritos
|
|move|p1a: Dragapult|Will-O-Wisp|p2a: Ferrothorn
|-status|p2a: Ferrothorn|brn
|move|p2a: Ferrothorn|Stealth Rock|p1a: Dragapult
|-sidestart|p1: bwmasterr|move: Stealth Rock
|
|-damage|p2a: Ferrothorn|94/100 brn|[from] brn
|upkeep
|turn|6
|
|move|p1a: Dragapult|Dragon Dance|p1a: Dragapult
|-boost|p1a: Dragapult|atk|1
|-boost|p1a: Dragapult|spe|1
|move|p2a: Ferrothorn|Knock Off|p1a: Dragapult
|-supereffective|p1a: Dragapult
|-damage|p1a: Dragapult|11/100
|
|-heal|p2a: Ferrothorn|100/100 brn|[from] item: Leftovers
|-damage|p2a: Ferrothorn|94/100 brn|[from] brn
|upkeep
|turn|7
|
|move|p1a: Dragapult|Phantom Force||[still]
|-prepare|p1a: Dragapult|Phantom Force|p2a: Ferrothorn
|move|p2a: Ferrothorn|Knock Off|p1a: Dragapult|[miss]
|-miss|p2a: Ferrothorn|p1a: Dragapult
|
|-heal|p2a: Ferrothorn|100/100 brn|[from] item: Leftovers
|-damage|p2a: Ferrothorn|94/100 brn|[from] brn
|upkeep
|turn|8
|
|move|p1a: Dragapult|Phantom Force|p2a: Ferrothorn|[from]lockedmove
|-damage|p2a: Ferrothorn|40/100 brn
|-damage|p1a: Dragapult|0 fnt|[from] ability: Iron Barbs|[of] p2a: Ferrothorn
|faint|p1a: Dragapult
|move|p2a: Ferrothorn|Knock Off|p1: Dragapult|[notarget]
|-fail|p2a: Ferrothorn
|
|-heal|p2a: Ferrothorn|46/100 brn|[from] item: Leftovers
|-damage|p2a: Ferrothorn|40/100 brn|[from] brn
|upkeep
|
|switch|p1a: Weavile|Weavile, F|100/100
|-damage|p1a: Weavile|76/100|[from] Stealth Rock
|-ability|p1a: Weavile|Pressure
|turn|9
|
|move|p1a: Weavile|Swords Dance|p1a: Weavile
|-boost|p1a: Weavile|atk|2
|move|p2a: Ferrothorn|Body Press|p1a: Weavile
|-supereffective|p1a: Weavile
|-damage|p1a: Weavile|0 fnt
|faint|p1a: Weavile
|
|-heal|p2a: Ferrothorn|46/100 brn|[from] item: Leftovers
|-damage|p2a: Ferrothorn|40/100 brn|[from] brn
|upkeep
|
|switch|p1a: Toxapex|Toxapex, F|100/100
|-damage|p1a: Toxapex|88/100|[from] Stealth Rock
|turn|10
|
|move|p1a: Toxapex|Scald|p2a: Ferrothorn
|-resisted|p2a: Ferrothorn
|-damage|p2a: Ferrothorn|33/100 brn
|move|p2a: Ferrothorn|Knock Off|p1a: Toxapex
|-damage|p1a: Toxapex|81/100
|-enditem|p1a: Toxapex|Black Sludge|[from] move: Knock Off|[of] p2a: Ferrothorn
|
|-heal|p2a: Ferrothorn|39/100 brn|[from] item: Leftovers
|-damage|p2a: Ferrothorn|33/100 brn|[from] brn
|upkeep
|turn|11
|-message|bwmasterr forfeited.
|
|win|GORAN EL DRACO
|l|☆bwmasterr
|l| Long Infernity
|l| sella alik boi
|l| Aa147258369
||Ladder (probably) updated, but score could not be retrieved (Response not received).
