|j|☆testotesto321
|j|☆Alllistair
|player|p1|testotesto321|agatha-gen1rb|1773
|player|p2|Alllistair|101|1817
|teamsize|p1|6
|teamsize|p2|6
|gametype|singles
|gen|8
|tier|[Gen 8] OU
|rated|
|clearpoke
|poke|p1|Gengar, M|
|poke|p1|Zeraora|
|poke|p1|Hydreigon, M|
|poke|p1|Hippowdon, F|
|poke|p1|Corviknight, F|
|poke|p1|Toxapex, F|
|poke|p2|Toxapex, M|
|poke|p2|Clefable, F|
|poke|p2|Hippowdon, F|
|poke|p2|Corviknight, M|
|poke|p2|Togekiss, F|
|poke|p2|Snorlax, F|
|rule|Sleep Clause Mod: Limit one foe put to sleep
|rule|Species Clause: Limit one of each Pokémon
|rule|OHKO Clause: OHKO moves are banned
|rule|Evasion Moves Clause: Evasion moves are banned
|rule|Endless Battle Clause: Forcing endless battles is banned
|rule|HP Percentage Mod: HP is shown in percentages
|rule|Dynamax Clause: You cannot dynamax
|teampreview
|j| AnimaticLunatic
|j| BrotherArcanine
|
|start
|switch|p1a: Zeraora|Zeraora|100/100
|switch|p2a: Hippowdon|Hippowdon, F|100/100
|turn|1
|j| Bobar
|
|switch|p1a: Corviknight|Corviknight, F, shiny|100/100
|-ability|p1a: Corviknight|Pressure
|move|p2a: Hippowdon|Earthquake|p1a: Corviknight
|-immune|p1a: Corviknight
|
|upkeep
|turn|2
|l| Bobar
|j| PikAleex
|
|move|p1a: Corviknight|Iron Head|p2a: Hippowdon
|-damage|p2a: Hippowdon|82/100
|-damage|p1a: Corviknight|84/100|[from] item: Rocky Helmet|[of] p2a: Hippowdon
|cant|p2a: Hippowdon|flinch
|
|-heal|p1a: Corviknight|90/100|[from] item: Leftovers
|upkeep
|turn|3
|
|move|p1a: Corviknight|Iron Head|p2a: Hippowdon
|-damage|p2a: Hippowdon|65/100
|-damage|p1a: Corviknight|74/100|[from] item: Rocky Helmet|[of] p2a: Hippowdon
|move|p2a: Hippowdon|Stealth Rock|p1a: Corviknight
|-sidestart|p1: testotesto321|move: Stealth Rock
|
|-heal|p1a: Corviknight|80/100|[from] item: Leftovers
|upkeep
|turn|4
|
|move|p1a: Corviknight|Defog|p2a: Hippowdon
|-unboost|p2a: Hippowdon|evasion|1
|-sideend|p1: testotesto321|Stealth Rock|[from] move: Defog|[of] p1a: Corviknight
|move|p2a: Hippowdon|Slack Off|p2a: Hippowdon
|-heal|p2a: Hippowdon|100/100
|
|-heal|p1a: Corviknight|86/100|[from] item: Leftovers
|upkeep
|turn|5
|
|switch|p2a: Toxapex|Toxapex, M|100/100
|move|p1a: Corviknight|Iron Head|p2a: Toxapex
|-resisted|p2a: Toxapex
|-crit|p2a: Toxapex
|-damage|p2a: Toxapex|90/100
|-damage|p1a: Corviknight|70/100|[from] item: Rocky Helmet|[of] p2a: Toxapex
|
|-heal|p1a: Corviknight|76/100|[from] item: Leftovers
|upkeep
|turn|6
|
|move|p1a: Corviknight|U-turn|p2a: Toxapex
|-resisted|p2a: Toxapex
|-damage|p2a: Toxapex|85/100
|-damage|p1a: Corviknight|59/100|[from] item: Rocky Helmet|[of] p2a: Toxapex
|
|switch|p1a: Toxapex|Toxapex, F, shiny|100/100|[from]move: U-turn
|move|p2a: Toxapex|Knock Off|p1a: Toxapex
|-damage|p1a: Toxapex|93/100
|-enditem|p1a: Toxapex|Black Sludge|[from] move: Knock Off|[of] p2a: Toxapex
|
|upkeep
|turn|7
|
|switch|p2a: Snorlax|Snorlax, F|100/100
|move|p1a: Toxapex|Scald|p2a: Snorlax
|-damage|p2a: Snorlax|93/100
|-status|p2a: Snorlax|brn
|
|-heal|p2a: Snorlax|99/100 brn|[from] item: Leftovers
|-damage|p2a: Snorlax|93/100 brn|[from] brn
|upkeep
|turn|8
|
|switch|p1a: Corviknight|Corviknight, F, shiny|59/100
|-ability|p1a: Corviknight|Pressure
|move|p2a: Snorlax|Body Slam|p1a: Corviknight
|-resisted|p1a: Corviknight
|-damage|p1a: Corviknight|53/100
|
|-heal|p1a: Corviknight|59/100|[from] item: Leftovers
|-heal|p2a: Snorlax|99/100 brn|[from] item: Leftovers
|-damage|p2a: Snorlax|93/100 brn|[from] brn
|upkeep
|turn|9
|
|move|p1a: Corviknight|Roost|p1a: Corviknight
|-heal|p1a: Corviknight|100/100
|-singleturn|p1a: Corviknight|move: Roost
|move|p2a: Snorlax|Body Slam|p1a: Corviknight
|-resisted|p1a: Corviknight
|-damage|p1a: Corviknight|94/100
|
|-heal|p1a: Corviknight|99/100|[from] item: Leftovers
|-heal|p2a: Snorlax|99/100 brn|[from] item: Leftovers
|-damage|p2a: Snorlax|93/100 brn|[from] brn
|upkeep
|turn|10
|
|move|p1a: Corviknight|U-turn|p2a: Snorlax
|-damage|p2a: Snorlax|80/100 brn
|
|switch|p1a: Toxapex|Toxapex, F, shiny|100/100|[from]move: U-turn
|move|p2a: Snorlax|Body Slam|p1a: Toxapex
|-damage|p1a: Toxapex|91/100
|-status|p1a: Toxapex|par
|
|-heal|p2a: Snorlax|86/100 brn|[from] item: Leftovers
|-damage|p2a: Snorlax|80/100 brn|[from] brn
|upkeep
|turn|11
|
|switch|p2a: Toxapex|Toxapex, M|100/100
|move|p1a: Toxapex|Toxic|p2a: Toxapex
|-immune|p2a: Toxapex
|
|upkeep
|turn|12
|
|move|p2a: Toxapex|Knock Off|p1a: Toxapex
|-damage|p1a: Toxapex|85/100 par
|move|p1a: Toxapex|Scald|p2a: Toxapex
|-resisted|p2a: Toxapex
|-damage|p2a: Toxapex|94/100
|
|upkeep
|turn|13
|
|move|p2a: Toxapex|Haze|p2a: Toxapex
|-clearallboost
|move|p1a: Toxapex|Scald|p2a: Toxapex
|-resisted|p2a: Toxapex
|-damage|p2a: Toxapex|87/100
|
|upkeep
|turn|14
|j| Zombini62
|
|switch|p2a: Togekiss|Togekiss, F|100/100
|move|p1a: Toxapex|Scald|p2a: Togekiss
|-damage|p2a: Togekiss|85/100
|
|-heal|p2a: Togekiss|91/100|[from] item: Leftovers
|upkeep
|turn|15
|
|switch|p1a: Corviknight|Corviknight, F, shiny|99/100
|-ability|p1a: Corviknight|Pressure
|move|p2a: Togekiss|Substitute|p2a: Togekiss
|-start|p2a: Togekiss|Substitute
|-damage|p2a: Togekiss|66/100
|
|-heal|p2a: Togekiss|73/100|[from] item: Leftovers
|-heal|p1a: Corviknight|100/100|[from] item: Leftovers
|upkeep
|turn|16
|
|move|p2a: Togekiss|Roost|p2a: Togekiss
|-heal|p2a: Togekiss|100/100
|-singleturn|p2a: Togekiss|move: Roost
|move|p1a: Corviknight|Iron Head|p2a: Togekiss
|-supereffective|p2a: Togekiss
|-end|p2a: Togekiss|Substitute
|
|upkeep
|turn|17
|
|switch|p2a: Corviknight|Corviknight, M|100/100
|-ability|p2a: Corviknight|Pressure
|move|p1a: Corviknight|Iron Head|p2a: Corviknight
|-resisted|p2a: Corviknight
|-damage|p2a: Corviknight|94/100
|
|upkeep
|turn|18
|
|switch|p2a: Toxapex|Toxapex, M|100/100
|move|p1a: Corviknight|U-turn|p2a: Toxapex
|-resisted|p2a: Toxapex
|-damage|p2a: Toxapex|96/100
|-damage|p1a: Corviknight|84/100|[from] item: Rocky Helmet|[of] p2a: Toxapex
|
|switch|p1a: Zeraora|Zeraora|100/100|[from]move: U-turn
|
|upkeep
|turn|19
|j| Chans3y
|
|move|p1a: Zeraora|Knock Off|p2a: Toxapex
|-damage|p2a: Toxapex|77/100
|-damage|p1a: Zeraora|84/100|[from] item: Rocky Helmet|[of] p2a: Toxapex
|-enditem|p2a: Toxapex|Rocky Helmet|[from] move: Knock Off|[of] p1a: Zeraora
|move|p2a: Toxapex|Toxic|p1a: Zeraora
|-status|p1a: Zeraora|tox
|
|-damage|p1a: Zeraora|78/100 tox|[from] psn
|upkeep
|turn|20
|j| finesse19
|
|switch|p2a: Hippowdon|Hippowdon, F|100/100
|move|p1a: Zeraora|Knock Off|p2a: Hippowdon
|-damage|p2a: Hippowdon|78/100
|-damage|p1a: Zeraora|62/100 tox|[from] item: Rocky Helmet|[of] p2a: Hippowdon
|-enditem|p2a: Hippowdon|Rocky Helmet|[from] move: Knock Off|[of] p1a: Zeraora
|
|-damage|p1a: Zeraora|50/100 tox|[from] psn
|upkeep
|turn|21
|
|move|p1a: Zeraora|Grass Knot|p2a: Hippowdon
|-supereffective|p2a: Hippowdon
|-crit|p2a: Hippowdon
|-damage|p2a: Hippowdon|10/100
|move|p2a: Hippowdon|Slack Off|p2a: Hippowdon
|-heal|p2a: Hippowdon|60/100
|
|-damage|p1a: Zeraora|32/100 tox|[from] psn
|upkeep
|turn|22
|
|move|p1a: Zeraora|Plasma Fists|p2a: Hippowdon
|-immune|p2a: Hippowdon
|move|p2a: Hippowdon|Slack Off|p2a: Hippowdon
|-heal|p2a: Hippowdon|100/100
|
|-damage|p1a: Zeraora|8/100 tox|[from] psn
|upkeep
|turn|23
|
|switch|p1a: Corviknight|Corviknight, F, shiny|84/100
|-ability|p1a: Corviknight|Pressure
|move|p2a: Hippowdon|Slack Off||[still]
|-fail|p2a: Hippowdon|heal
|
|-heal|p1a: Corviknight|90/100|[from] item: Leftovers
|upkeep
|turn|24
|j| challengerrr
|
|switch|p2a: Toxapex|Toxapex, M|100/100
|move|p1a: Corviknight|Iron Head|p2a: Toxapex
|-resisted|p2a: Toxapex
|-damage|p2a: Toxapex|94/100
|
|-heal|p1a: Corviknight|96/100|[from] item: Leftovers
|upkeep
|turn|25
|l| challengerrr
|
|move|p1a: Corviknight|U-turn|p2a: Toxapex
|-resisted|p2a: Toxapex
|-damage|p2a: Toxapex|90/100
|
|switch|p1a: Toxapex|Toxapex, F, shiny|100/100 par|[from]move: U-turn
|move|p2a: Toxapex|Knock Off|p1a: Toxapex
|-damage|p1a: Toxapex|95/100 par
|
|upkeep
|turn|26
|l| AnimaticLunatic
|j| AnimaticLunatic
|inactive|Battle timer is ON: inactive players will automatically lose when time's up. (requested by testotesto321)
|
|switch|p2a: Snorlax|Snorlax, F|80/100 brn
|move|p1a: Toxapex|Scald|p2a: Snorlax
|-damage|p2a: Snorlax|73/100 brn
|
|-heal|p2a: Snorlax|79/100 brn|[from] item: Leftovers
|-damage|p2a: Snorlax|73/100 brn|[from] brn
|upkeep
|turn|27
|
|switch|p1a: Hippowdon|Hippowdon, F|100/100
|-weather|Sandstorm|[from] ability: Sand Stream|[of] p1a: Hippowdon
|move|p2a: Snorlax|Rest|p2a: Snorlax
|-status|p2a: Snorlax|slp|[from] move: Rest
|-heal|p2a: Snorlax|100/100 slp|[silent]
|
|-weather|Sandstorm|[upkeep]
|-damage|p2a: Snorlax|94/100 slp|[from] Sandstorm
|-heal|p2a: Snorlax|100/100 slp|[from] item: Leftovers
|upkeep
|turn|28
|l| finesse19
|
|switch|p2a: Corviknight|Corviknight, M|94/100
|-ability|p2a: Corviknight|Pressure
|move|p1a: Hippowdon|Stealth Rock|p2a: Corviknight
|-sidestart|p2: Alllistair|move: Stealth Rock
|
|-weather|Sandstorm|[upkeep]
|upkeep
|turn|29
|j| Burnt Bright
|j| Bale2711
|inactive|Alllistair has 120 seconds left.
|l| Burnt Bright
|inactive|Alllistair has 90 seconds left.
|
|switch|p1a: Corviknight|Corviknight, F, shiny|96/100
|-ability|p1a: Corviknight|Pressure
|move|p2a: Corviknight|Defog|p1a: Corviknight
|-unboost|p1a: Corviknight|evasion|1
|-sideend|p2: Alllistair|Stealth Rock|[from] move: Defog|[of] p2a: Corviknight
|
|-weather|Sandstorm|[upkeep]
|-heal|p1a: Corviknight|100/100|[from] item: Leftovers
|upkeep
|turn|30
|l| BrotherArcanine
|
|switch|p2a: Toxapex|Toxapex, M|100/100
|move|p1a: Corviknight|U-turn|p2a: Toxapex
|-resisted|p2a: Toxapex
|-damage|p2a: Toxapex|96/100
|
|switch|p1a: Hydreigon|Hydreigon, M|100/100|[from]move: U-turn
|
|-weather|Sandstorm|[upkeep]
|-damage|p1a: Hydreigon|94/100|[from] Sandstorm
|-damage|p2a: Toxapex|90/100|[from] Sandstorm
|upkeep
|turn|31
|
|move|p1a: Hydreigon|U-turn|p2a: Toxapex
|-resisted|p2a: Toxapex
|-damage|p2a: Toxapex|85/100
|
|switch|p1a: Toxapex|Toxapex, F, shiny|100/100 par|[from]move: U-turn
|move|p2a: Toxapex|Toxic||[still]
|-fail|p2a: Toxapex
|
|-weather|none
|upkeep
|turn|32
|inactive|Alllistair has 120 seconds left.
|l| AnimaticLunatic
|inactive|Alllistair has 90 seconds left.
|j| megaspongebobb1214
|
|move|p2a: Toxapex|Knock Off|p1a: Toxapex
|-damage|p1a: Toxapex|95/100 par
|move|p1a: Toxapex|Scald|p2a: Toxapex
|-resisted|p2a: Toxapex
|-damage|p2a: Toxapex|79/100
|
|upkeep
|turn|33
|
|switch|p2a: Togekiss|Togekiss, F|100/100
|move|p1a: Toxapex|Scald|p2a: Togekiss
|-damage|p2a: Togekiss|84/100
|
|-heal|p2a: Togekiss|90/100|[from] item: Leftovers
|upkeep
|turn|34
|
|switch|p1a: Corviknight|Corviknight, F, shiny|100/100
|-ability|p1a: Corviknight|Pressure
|move|p2a: Togekiss|Substitute|p2a: Togekiss
|-start|p2a: Togekiss|Substitute
|-damage|p2a: Togekiss|65/100
|
|-heal|p2a: Togekiss|72/100|[from] item: Leftovers
|upkeep
|turn|35
|inactive|Alllistair has 90 seconds left.
|l| Chans3y
|inactive|Alllistair has 60 seconds left.
|
|move|p2a: Togekiss|Roost|p2a: Togekiss
|-heal|p2a: Togekiss|100/100
|-singleturn|p2a: Togekiss|move: Roost
|move|p1a: Corviknight|Iron Head|p2a: Togekiss
|-supereffective|p2a: Togekiss
|-end|p2a: Togekiss|Substitute
|
|upkeep
|turn|36
|l| PikAleex
|
|move|p2a: Togekiss|Substitute|p2a: Togekiss
|-start|p2a: Togekiss|Substitute
|-damage|p2a: Togekiss|76/100
|move|p1a: Corviknight|U-turn|p2a: Togekiss
|-resisted|p2a: Togekiss
|-activate|p2a: Togekiss|move: Substitute|[damage]
|
|switch|p1a: Hydreigon|Hydreigon, M|94/100|[from]move: U-turn
|
|-heal|p2a: Togekiss|82/100|[from] item: Leftovers
|upkeep
|turn|37
|
|move|p1a: Hydreigon|U-turn|p2a: Togekiss
|-resisted|p2a: Togekiss
|-activate|p2a: Togekiss|move: Substitute|[damage]
|
|switch|p1a: Corviknight|Corviknight, F, shiny|100/100|[from]move: U-turn
|-ability|p1a: Corviknight|Pressure
|move|p2a: Togekiss|Air Slash|p1a: Corviknight
|-resisted|p1a: Corviknight
|-damage|p1a: Corviknight|88/100
|
|-heal|p2a: Togekiss|88/100|[from] item: Leftovers
|-heal|p1a: Corviknight|94/100|[from] item: Leftovers
|upkeep
|turn|38
|inactive|Alllistair has 90 seconds left.
|l| Zombini62
|
|move|p2a: Togekiss|Nasty Plot|p2a: Togekiss
|-boost|p2a: Togekiss|spa|2
|move|p1a: Corviknight|Iron Head|p2a: Togekiss
|-supereffective|p2a: Togekiss
|-end|p2a: Togekiss|Substitute
|
|-heal|p2a: Togekiss|94/100|[from] item: Leftovers
|-heal|p1a: Corviknight|99/100|[from] item: Leftovers
|upkeep
|turn|39
|
|switch|p2a: Corviknight|Corviknight, M|94/100
|-ability|p2a: Corviknight|Pressure
|move|p1a: Corviknight|Iron Head|p2a: Corviknight
|-resisted|p2a: Corviknight
|-damage|p2a: Corviknight|86/100
|
|-heal|p1a: Corviknight|100/100|[from] item: Leftovers
|upkeep
|turn|40
|inactive|Alllistair has 90 seconds left.
|
|switch|p1a: Toxapex|Toxapex, F, shiny|100/100 par
|switch|p2a: Hippowdon|Hippowdon, F|100/100
|
|upkeep
|turn|41
|
|move|p2a: Hippowdon|Stealth Rock|p1a: Toxapex
|-sidestart|p1: testotesto321|move: Stealth Rock
|cant|p1a: Toxapex|par
|
|upkeep
|turn|42
|
|switch|p2a: Toxapex|Toxapex, M|100/100
|move|p1a: Toxapex|Toxic|p2a: Toxapex
|-immune|p2a: Toxapex
|
|upkeep
|turn|43
|
|move|p2a: Toxapex|Knock Off|p1a: Toxapex
|-damage|p1a: Toxapex|95/100 par
|move|p1a: Toxapex|Scald|p2a: Toxapex
|-resisted|p2a: Toxapex
|-damage|p2a: Toxapex|94/100
|
|upkeep
|turn|44
|
|switch|p2a: Corviknight|Corviknight, M|86/100
|-ability|p2a: Corviknight|Pressure
|move|p1a: Toxapex|Scald|p2a: Corviknight
|-damage|p2a: Corviknight|69/100
|
|upkeep
|turn|45
|j| 4☯DaRk♠
|inactive|Alllistair has 90 seconds left.
|j| Lenape
|
|move|p2a: Corviknight|Roost|p2a: Corviknight
|-heal|p2a: Corviknight|100/100
|-singleturn|p2a: Corviknight|move: Roost
|move|p1a: Toxapex|Scald|p2a: Corviknight
|-damage|p2a: Corviknight|85/100
|-status|p2a: Corviknight|brn
|
|-damage|p2a: Corviknight|78/100 brn|[from] brn
|upkeep
|turn|46
|
|switch|p2a: Clefable|Clefable, F|100/100
|switch|p1a: Corviknight|Corviknight, F, shiny|100/100
|-damage|p1a: Corviknight|88/100|[from] Stealth Rock
|-ability|p1a: Corviknight|Pressure
|
|-heal|p1a: Corviknight|94/100|[from] item: Leftovers
|upkeep
|turn|47
|c| 4☯DaRk♠|Meta gonna change 😱☺☺😁
|
|move|p1a: Corviknight|Iron Head|p2a: Clefable
|-supereffective|p2a: Clefable
|-damage|p2a: Clefable|44/100
|move|p2a: Clefable|Wish|p2a: Clefable
|
|-heal|p1a: Corviknight|100/100|[from] item: Leftovers
|-heal|p2a: Clefable|50/100|[from] item: Leftovers
|upkeep
|turn|48
|
|move|p2a: Clefable|Protect|p2a: Clefable
|-singleturn|p2a: Clefable|Protect
|move|p1a: Corviknight|Defog|p2a: Clefable
|-activate|p2a: Clefable|move: Protect
|
|-heal|p2a: Clefable|99/100|[from] move: Wish|[wisher] Clefable
|-heal|p2a: Clefable|100/100|[from] item: Leftovers
|upkeep
|turn|49
|
|move|p1a: Corviknight|Defog|p2a: Clefable
|-unboost|p2a: Clefable|evasion|1
|-sideend|p1: testotesto321|Stealth Rock|[from] move: Defog|[of] p1a: Corviknight
|move|p2a: Clefable|Aromatherapy|p2a: Clefable
|-activate|p2a: Clefable|move: Aromatherapy
|-curestatus|p2: Corviknight|brn|[msg]
|-curestatus|p2: Snorlax|slp|[msg]
|
|upkeep
|turn|50
|
|switch|p2a: Hippowdon|Hippowdon, F|100/100
|move|p1a: Corviknight|Iron Head|p2a: Hippowdon
|-damage|p2a: Hippowdon|83/100
|
|upkeep
|turn|51
|inactive|Alllistair has 120 seconds left.
|
|move|p1a: Corviknight|U-turn|p2a: Hippowdon
|-damage|p2a: Hippowdon|73/100
|
|switch|p1a: Toxapex|Toxapex, F, shiny|100/100 par|[from]move: U-turn
|move|p2a: Hippowdon|Slack Off|p2a: Hippowdon
|-heal|p2a: Hippowdon|100/100
|
|upkeep
|turn|52
|inactive|Alllistair has 120 seconds left.
|l| Bale2711
|
|switch|p2a: Corviknight|Corviknight, M|78/100
|-ability|p2a: Corviknight|Pressure
|move|p1a: Toxapex|Toxic|p2a: Corviknight
|-immune|p2a: Corviknight
|
|upkeep
|turn|53
|
|switch|p1a: Corviknight|Corviknight, F, shiny|100/100
|-ability|p1a: Corviknight|Pressure
|move|p2a: Corviknight|Roost|p2a: Corviknight
|-heal|p2a: Corviknight|100/100
|-singleturn|p2a: Corviknight|move: Roost
|
|upkeep
|turn|54
|inactive|Alllistair has 120 seconds left.
|inactive|Alllistair has 90 seconds left.
|j| NoPlace4U
|
|switch|p1a: Toxapex|Toxapex, F, shiny|100/100 par
|move|p2a: Corviknight|Iron Defense|p2a: Corviknight
|-boost|p2a: Corviknight|def|2
|
|upkeep
|turn|55
|j| Rtyuuu
|
|switch|p1a: Gengar|Gengar, M|100/100
|move|p2a: Corviknight|Iron Defense|p2a: Corviknight
|-boost|p2a: Corviknight|def|2
|
|upkeep
|turn|56
|inactive|Alllistair has 90 seconds left.
|
|switch|p2a: Snorlax|Snorlax, F|100/100
|move|p1a: Gengar|Sludge Wave|p2a: Snorlax
|-damage|p2a: Snorlax|66/100
|
|-heal|p2a: Snorlax|72/100|[from] item: Leftovers
|upkeep
|turn|57
|
|switch|p1a: Toxapex|Toxapex, F, shiny|100/100 par
|move|p2a: Snorlax|Curse|p2a: Snorlax
|-unboost|p2a: Snorlax|spe|1
|-boost|p2a: Snorlax|atk|1
|-boost|p2a: Snorlax|def|1
|
|-heal|p2a: Snorlax|78/100|[from] item: Leftovers
|upkeep
|turn|58
|inactive|Alllistair has 90 seconds left.
|
|switch|p2a: Togekiss|Togekiss, F|94/100
|switch|p1a: Hippowdon|Hippowdon, F|100/100
|-weather|Sandstorm|[from] ability: Sand Stream|[of] p1a: Hippowdon
|
|-weather|Sandstorm|[upkeep]
|-damage|p2a: Togekiss|88/100|[from] Sandstorm
|-heal|p2a: Togekiss|94/100|[from] item: Leftovers
|upkeep
|turn|59
|
|switch|p1a: Corviknight|Corviknight, F, shiny|100/100
|-ability|p1a: Corviknight|Pressure
|move|p2a: Togekiss|Air Slash|p1a: Corviknight
|-resisted|p1a: Corviknight
|-damage|p1a: Corviknight|87/100
|
|-weather|Sandstorm|[upkeep]
|-damage|p2a: Togekiss|88/100|[from] Sandstorm
|-heal|p2a: Togekiss|94/100|[from] item: Leftovers
|-heal|p1a: Corviknight|93/100|[from] item: Leftovers
|upkeep
|turn|60
|c| Lenape|Allistair why aren't you in 1900's yet? All that stall and 200+ turn games and 1800 is what it gets you. LOL
|l| Rtyuuu
|inactive|Alllistair has 90 seconds left.
|c|☆Alllistair|stall is shit
|c|☆Alllistair|simple answer
|
|switch|p2a: Corviknight|Corviknight, M|100/100
|-ability|p2a: Corviknight|Pressure
|move|p1a: Corviknight|U-turn|p2a: Corviknight
|-resisted|p2a: Corviknight
|-damage|p2a: Corviknight|98/100
|
|switch|p1a: Hippowdon|Hippowdon, F|100/100|[from]move: U-turn
|
|-weather|Sandstorm|[upkeep]
|upkeep
|turn|61
|c| Lenape|Man my computer almost blew up from that logic
|inactive|Alllistair has 60 seconds left.
|c| Lenape|Stall = Shit therefore Allistair uses stall to rank up......
|
|switch|p1a: Corviknight|Corviknight, F, shiny|93/100
|-ability|p1a: Corviknight|Pressure
|move|p2a: Corviknight|Iron Defense|p2a: Corviknight
|-boost|p2a: Corviknight|def|2
|
|-weather|Sandstorm|[upkeep]
|-heal|p1a: Corviknight|99/100|[from] item: Leftovers
|upkeep
|turn|62
|c|☆testotesto321|lmao
|
|switch|p1a: Gengar|Gengar, M|100/100
|switch|p2a: Toxapex|Toxapex, M|100/100
|
|-weather|none
|upkeep
|turn|63
|
|switch|p1a: Toxapex|Toxapex, F, shiny|100/100 par
|move|p2a: Toxapex|Knock Off|p1a: Toxapex
|-damage|p1a: Toxapex|95/100 par
|
|upkeep
|turn|64
|inactive|Alllistair has 30 seconds left.
|
|switch|p2a: Corviknight|Corviknight, M|98/100
|-ability|p2a: Corviknight|Pressure
|move|p1a: Toxapex|Scald|p2a: Corviknight
|-damage|p2a: Corviknight|81/100
|
|upkeep
|turn|65
|
|switch|p2a: Togekiss|Togekiss, F|94/100
|switch|p1a: Corviknight|Corviknight, F, shiny|99/100
|-ability|p1a: Corviknight|Pressure
|
|-heal|p2a: Togekiss|99/100|[from] item: Leftovers
|-heal|p1a: Corviknight|100/100|[from] item: Leftovers
|upkeep
|turn|66
|inactive|testotesto321 has 120 seconds left.
|j| RibItsBroken
|
|switch|p2a: Corviknight|Corviknight, M|81/100
|-ability|p2a: Corviknight|Pressure
|move|p1a: Corviknight|U-turn|p2a: Corviknight
|-resisted|p2a: Corviknight
|-damage|p2a: Corviknight|79/100
|
|switch|p1a: Gengar|Gengar, M|100/100|[from]move: U-turn
|
|upkeep
|turn|67
|
|switch|p2a: Snorlax|Snorlax, F|78/100
|move|p1a: Gengar|Shadow Ball|p2a: Snorlax
|-immune|p2a: Snorlax
|
|-heal|p2a: Snorlax|84/100|[from] item: Leftovers
|upkeep
|turn|68
|inactive|testotesto321 has 120 seconds left.
|
|switch|p1a: Hippowdon|Hippowdon, F|100/100
|-weather|Sandstorm|[from] ability: Sand Stream|[of] p1a: Hippowdon
|move|p2a: Snorlax|Heat Crash|p1a: Hippowdon
|-damage|p1a: Hippowdon|95/100
|-damage|p2a: Snorlax|68/100|[from] item: Rocky Helmet|[of] p1a: Hippowdon
|
|-weather|Sandstorm|[upkeep]
|-damage|p2a: Snorlax|62/100|[from] Sandstorm
|-heal|p2a: Snorlax|68/100|[from] item: Leftovers
|upkeep
|turn|69
|
|switch|p2a: Corviknight|Corviknight, M|79/100
|-ability|p2a: Corviknight|Pressure
|move|p1a: Hippowdon|Stealth Rock|p2a: Corviknight
|-sidestart|p2: Alllistair|move: Stealth Rock
|
|-weather|Sandstorm|[upkeep]
|upkeep
|turn|70
|
|switch|p1a: Corviknight|Corviknight, F, shiny|100/100
|-ability|p1a: Corviknight|Pressure
|move|p2a: Corviknight|Defog|p1a: Corviknight
|-unboost|p1a: Corviknight|evasion|1
|-sideend|p2: Alllistair|Stealth Rock|[from] move: Defog|[of] p2a: Corviknight
|
|-weather|Sandstorm|[upkeep]
|upkeep
|turn|71
|c| Lenape|Anyone else bored out of their mind with every team running the same Hippo and Clefable set
|inactive|Alllistair has 60 seconds left.
|
|switch|p1a: Gengar|Gengar, M|100/100
|move|p2a: Corviknight|Roost|p2a: Corviknight
|-heal|p2a: Corviknight|100/100
|-singleturn|p2a: Corviknight|move: Roost
|
|-weather|Sandstorm|[upkeep]
|-damage|p1a: Gengar|94/100|[from] Sandstorm
|upkeep
|turn|72
|inactive|Alllistair has 60 seconds left.
|
|switch|p2a: Snorlax|Snorlax, F|68/100
|move|p1a: Gengar|Sludge Wave|p2a: Snorlax
|-damage|p2a: Snorlax|37/100
|
|-weather|none
|-heal|p2a: Snorlax|43/100|[from] item: Leftovers
|upkeep
|turn|73
|inactive|Alllistair has 60 seconds left.
|
|move|p1a: Gengar|Sludge Wave|p2a: Snorlax
|-damage|p2a: Snorlax|13/100
|-status|p2a: Snorlax|psn
|move|p2a: Snorlax|Rest|p2a: Snorlax
|-status|p2a: Snorlax|slp|[from] move: Rest
|-heal|p2a: Snorlax|100/100 slp|[silent]
|
|upkeep
|turn|74
|
|switch|p1a: Hippowdon|Hippowdon, F|95/100
|-weather|Sandstorm|[from] ability: Sand Stream|[of] p1a: Hippowdon
|switch|p2a: Corviknight|Corviknight, M|100/100
|-ability|p2a: Corviknight|Pressure
|
|-weather|Sandstorm|[upkeep]
|upkeep
|turn|75
|inactive|Alllistair has 60 seconds left.
|
|switch|p1a: Toxapex|Toxapex, F, shiny|100/100 par
|move|p2a: Corviknight|Iron Defense|p2a: Corviknight
|-boost|p2a: Corviknight|def|2
|
|-weather|Sandstorm|[upkeep]
|-damage|p1a: Toxapex|94/100 par|[from] Sandstorm
|upkeep
|turn|76
|
|switch|p2a: Toxapex|Toxapex, M|100/100
|switch|p1a: Gengar|Gengar, M|94/100
|
|-weather|Sandstorm|[upkeep]
|-damage|p1a: Gengar|88/100|[from] Sandstorm
|-damage|p2a: Toxapex|94/100|[from] Sandstorm
|upkeep
|turn|77
|inactive|Alllistair has 60 seconds left.
|inactive|testotesto321 has 120 seconds left.
|
|switch|p1a: Toxapex|Toxapex, F, shiny|100/100 par
|move|p2a: Toxapex|Knock Off|p1a: Toxapex
|-damage|p1a: Toxapex|95/100 par
|
|-weather|Sandstorm|[upkeep]
|-damage|p2a: Toxapex|88/100|[from] Sandstorm
|-damage|p1a: Toxapex|89/100 par|[from] Sandstorm
|upkeep
|turn|78
|inactive|Alllistair has 60 seconds left.
|l| 4☯DaRk♠
|
|switch|p2a: Corviknight|Corviknight, M|100/100
|-ability|p2a: Corviknight|Pressure
|switch|p1a: Corviknight|Corviknight, F, shiny|100/100
|-ability|p1a: Corviknight|Pressure
|
|-weather|none
|upkeep
|turn|79
|
|switch|p2a: Togekiss|Togekiss, F|99/100
|switch|p1a: Toxapex|Toxapex, F, shiny|100/100 par
|
|-heal|p2a: Togekiss|100/100|[from] item: Leftovers
|upkeep
|turn|80
|
|switch|p1a: Corviknight|Corviknight, F, shiny|100/100
|-ability|p1a: Corviknight|Pressure
|move|p2a: Togekiss|Substitute|p2a: Togekiss
|-start|p2a: Togekiss|Substitute
|-damage|p2a: Togekiss|76/100
|
|-heal|p2a: Togekiss|82/100|[from] item: Leftovers
|upkeep
|turn|81
|
|move|p2a: Togekiss|Nasty Plot|p2a: Togekiss
|-boost|p2a: Togekiss|spa|2
|move|p1a: Corviknight|Iron Head|p2a: Togekiss
|-supereffective|p2a: Togekiss
|-end|p2a: Togekiss|Substitute
|
|-heal|p2a: Togekiss|88/100|[from] item: Leftovers
|upkeep
|turn|82
|
|move|p2a: Togekiss|Substitute|p2a: Togekiss
|-start|p2a: Togekiss|Substitute
|-damage|p2a: Togekiss|63/100
|move|p1a: Corviknight|U-turn|p2a: Togekiss
|-resisted|p2a: Togekiss
|-activate|p2a: Togekiss|move: Substitute|[damage]
|
|switch|p1a: Toxapex|Toxapex, F, shiny|100/100 par|[from]move: U-turn
|
|-heal|p2a: Togekiss|69/100|[from] item: Leftovers
|upkeep
|turn|83
|
|switch|p1a: Corviknight|Corviknight, F, shiny|100/100
|-ability|p1a: Corviknight|Pressure
|move|p2a: Togekiss|Air Slash|p1a: Corviknight
|-resisted|p1a: Corviknight
|-damage|p1a: Corviknight|76/100
|
|-heal|p2a: Togekiss|75/100|[from] item: Leftovers
|-heal|p1a: Corviknight|83/100|[from] item: Leftovers
|upkeep
|turn|84
|
|move|p2a: Togekiss|Air Slash|p1a: Corviknight
|-resisted|p1a: Corviknight
|-damage|p1a: Corviknight|57/100
|cant|p1a: Corviknight|flinch
|
|-heal|p2a: Togekiss|82/100|[from] item: Leftovers
|-heal|p1a: Corviknight|63/100|[from] item: Leftovers
|upkeep
|turn|85
|
|move|p2a: Togekiss|Air Slash|p1a: Corviknight
|-resisted|p1a: Corviknight
|-damage|p1a: Corviknight|37/100
|cant|p1a: Corviknight|flinch
|
|-heal|p2a: Togekiss|88/100|[from] item: Leftovers
|-heal|p1a: Corviknight|43/100|[from] item: Leftovers
|upkeep
|turn|86
|inactive|Alllistair has 90 seconds left.
|
|move|p2a: Togekiss|Nasty Plot|p2a: Togekiss
|-boost|p2a: Togekiss|spa|2
|move|p1a: Corviknight|Roost|p1a: Corviknight
|-heal|p1a: Corviknight|93/100
|-singleturn|p1a: Corviknight|move: Roost
|
|-heal|p2a: Togekiss|94/100|[from] item: Leftovers
|-heal|p1a: Corviknight|99/100|[from] item: Leftovers
|upkeep
|turn|87
|
|move|p2a: Togekiss|Air Slash|p1a: Corviknight
|-resisted|p1a: Corviknight
|-damage|p1a: Corviknight|63/100
|cant|p1a: Corviknight|flinch
|
|-heal|p2a: Togekiss|99/100|[from] item: Leftovers
|-heal|p1a: Corviknight|69/100|[from] item: Leftovers
|upkeep
|turn|88
|
|move|p2a: Togekiss|Air Slash|p1a: Corviknight
|-resisted|p1a: Corviknight
|-damage|p1a: Corviknight|34/100
|cant|p1a: Corviknight|flinch
|
|-heal|p2a: Togekiss|100/100|[from] item: Leftovers
|-heal|p1a: Corviknight|40/100|[from] item: Leftovers
|upkeep
|turn|89
|
|move|p2a: Togekiss|Air Slash|p1a: Corviknight
|-resisted|p1a: Corviknight
|-damage|p1a: Corviknight|2/100
|move|p1a: Corviknight|Roost|p1a: Corviknight
|-heal|p1a: Corviknight|52/100
|-singleturn|p1a: Corviknight|move: Roost
|
|-heal|p1a: Corviknight|58/100|[from] item: Leftovers
|upkeep
|turn|90
|
|move|p2a: Togekiss|Air Slash|p1a: Corviknight
|-resisted|p1a: Corviknight
|-damage|p1a: Corviknight|19/100
|move|p1a: Corviknight|Roost|p1a: Corviknight
|-heal|p1a: Corviknight|69/100
|-singleturn|p1a: Corviknight|move: Roost
|
|-heal|p1a: Corviknight|75/100|[from] item: Leftovers
|upkeep
|turn|91
|
|move|p2a: Togekiss|Air Slash|p1a: Corviknight|[miss]
|-miss|p2a: Togekiss|p1a: Corviknight
|move|p1a: Corviknight|Iron Head|p2a: Togekiss
|-supereffective|p2a: Togekiss
|-end|p2a: Togekiss|Substitute
|
|-heal|p1a: Corviknight|82/100|[from] item: Leftovers
|upkeep
|turn|92
|inactive|Alllistair has 120 seconds left.
|-message|Alllistair forfeited.
|
|win|testotesto321
|l|☆Alllistair
|c|☆testotesto321|lol
|c|☆testotesto321|staller got bored of stall
|c|☆testotesto321|thats a first
|c|☆testotesto321|folks
