|raw|<div class="broadcast-blue"><strong>This battle is required to be public due to a player having a name prefixed by 'LT71LX'.</div>
|j|☆The Last Hero
|j|☆LT71LX Finch
|t:|1597255320
|player|p1|The Last Hero|acetrainersnow|1724
|player|p2|LT71LX Finch|#finchinator|1717
|teamsize|p1|6
|teamsize|p2|6
|gametype|singles
|gen|8
|tier|[Gen 8] OU
|rated|
|clearpoke
|poke|p1|Pelipper, M|
|poke|p1|Excadrill, M|
|poke|p1|Politoed, M|
|poke|p1|Azumarill, M|
|poke|p1|Kingdra, F|
|poke|p1|Kyurem|
|poke|p2|Blissey, F|
|poke|p2|Toxapex, M|
|poke|p2|Clefable, F|
|poke|p2|Kyurem|
|poke|p2|Corviknight, M|
|poke|p2|Ditto|
|rule|Sleep Clause Mod: Limit one foe put to sleep
|rule|Species Clause: Limit one of each Pokémon
|rule|OHKO Clause: OHKO moves are banned
|rule|Evasion Moves Clause: Evasion moves are banned
|rule|Endless Battle Clause: Forcing endless battles is banned
|rule|HP Percentage Mod: HP is shown in percentages
|rule|Dynamax Clause: You cannot dynamax
|teampreview
|inactive|Battle timer is ON: inactive players will automatically lose when time's up. (requested by LT71LX Finch)
|
|t:|1597255331
|start
|switch|p1a: Sexcadrill|Excadrill, M|100/100
|switch|p2a: Kyurem|Kyurem|100/100
|-ability|p2a: Kyurem|Pressure
|-ability|p1a: Sexcadrill|Mold Breaker
|turn|1
|
|t:|1597255342
|move|p2a: Kyurem|Icicle Spear|p1a: Sexcadrill
|-damage|p1a: Sexcadrill|84/100
|-damage|p1a: Sexcadrill|66/100
|-damage|p1a: Sexcadrill|50/100
|-damage|p1a: Sexcadrill|33/100
|-damage|p1a: Sexcadrill|17/100
|-hitcount|p1a: Sexcadrill|5
|move|p1a: Sexcadrill|Stealth Rock|p2a: Kyurem
|-sidestart|p2: LT71LX Finch|move: Stealth Rock
|
|-heal|p1a: Sexcadrill|23/100|[from] item: Leftovers
|upkeep
|turn|2
|
|t:|1597255349
|switch|p1a: Pelicano|Pelipper, M|100/100
|-weather|RainDance|[from] ability: Drizzle|[of] p1a: Pelicano
|move|p2a: Kyurem|Freeze-Dry|p1a: Pelicano
|-supereffective|p1a: Pelicano
|-damage|p1a: Pelicano|0 fnt
|faint|p1a: Pelicano
|
|-weather|RainDance|[upkeep]
|upkeep
|
|t:|1597255353
|switch|p1a: Horsi|Kingdra, F|100/100
|turn|3
|
|t:|1597255355
|switch|p2a: Blissey|Blissey, F|100/100
|move|p1a: Horsi|Flip Turn|p2a: Blissey
|-damage|p2a: Blissey|78/100
|j| kelvozby
|
|t:|1597255367
|switch|p1a: Azul Marino|Azumarill, M|100/100|[from]move: Flip Turn
|
|-weather|RainDance|[upkeep]
|upkeep
|turn|4
|j| dvaru
|l| dvaru
|j| LT71LX Jacked
|inactive|LT71LX Finch has 120 seconds left.
|
|t:|1597255410
|switch|p2a: Toxapex|Toxapex, M|100/100
|-damage|p2a: Toxapex|88/100|[from] Stealth Rock
|move|p1a: Azul Marino|Knock Off|p2a: Toxapex
|-damage|p2a: Toxapex|71/100
|
|-weather|RainDance|[upkeep]
|upkeep
|turn|5
|
|t:|1597255415
|switch|p1a: Sexcadrill|Excadrill, M|23/100
|-ability|p1a: Sexcadrill|Mold Breaker
|move|p2a: Toxapex|Scald|p1a: Sexcadrill
|-supereffective|p1a: Sexcadrill
|-damage|p1a: Sexcadrill|0 fnt
|faint|p1a: Sexcadrill
|
|-weather|RainDance|[upkeep]
|upkeep
|j| dvaru
|
|t:|1597255422
|switch|p1a: Poli|Politoed, M|100/100
|turn|6
|
|t:|1597255436
|switch|p2a: Blissey|Blissey, F|78/100
|move|p1a: Poli|Whirlpool|p2a: Blissey
|-damage|p2a: Blissey|71/100
|-activate|p2a: Blissey|move: Whirlpool|[of] p1a: Poli
|
|-weather|RainDance|[upkeep]
|-damage|p2a: Blissey|58/100|[from] move: Whirlpool|[partiallytrapped]
|upkeep
|turn|7
|
|t:|1597255439
|move|p1a: Poli|Hypnosis|p2a: Blissey
|-status|p2a: Blissey|slp|[from] move: Hypnosis
|cant|p2a: Blissey|slp
|
|-weather|RainDance|[upkeep]
|-damage|p2a: Blissey|46/100 slp|[from] move: Whirlpool|[partiallytrapped]
|upkeep
|turn|8
|
|t:|1597255442
|move|p1a: Poli|Perish Song|p1a: Poli
|-start|p1a: Poli|perish3|[silent]
|-start|p2a: Blissey|perish3|[silent]
|-fieldactivate|move: Perish Song
|cant|p2a: Blissey|slp
|
|-weather|RainDance|[upkeep]
|-damage|p2a: Blissey|34/100 slp|[from] move: Whirlpool|[partiallytrapped]
|-start|p1a: Poli|perish3
|-start|p2a: Blissey|perish3
|upkeep
|turn|9
|j| bpewn
|
|t:|1597255447
|move|p1a: Poli|Whirlpool|p2a: Blissey
|-damage|p2a: Blissey|27/100 slp
|-curestatus|p2a: Blissey|slp|[msg]
|move|p2a: Blissey|Teleport|p2a: Blissey
|c| LT71LX Jacked|politoed+pelipper rain did cross my mind an hour ago or so
|
|t:|1597255450
|switch|p2a: Ditto|Ditto, shiny|100/100|[from]move: Teleport
|-damage|p2a: Ditto|88/100|[from] Stealth Rock
|-transform|p2a: Ditto|p1a: Poli|[from] ability: Imposter
|
|-weather|none
|-start|p1a: Poli|perish2
|upkeep
|turn|10
|
|t:|1597255456
|switch|p1a: Rathalos|Kyurem|100/100
|-ability|p1a: Rathalos|Pressure
|move|p2a: Ditto|Whirlpool|p1a: Rathalos
|-resisted|p1a: Rathalos
|-damage|p1a: Rathalos|95/100
|-activate|p1a: Rathalos|move: Whirlpool|[of] p2a: Ditto
|
|-damage|p1a: Rathalos|83/100|[from] move: Whirlpool|[partiallytrapped]
|upkeep
|turn|11
|
|t:|1597255462
|switch|p2a: Corviknight|Corviknight, M|100/100
|-damage|p2a: Corviknight|88/100|[from] Stealth Rock
|-ability|p2a: Corviknight|Pressure
|move|p1a: Rathalos|Freeze-Dry|p2a: Corviknight
|-damage|p2a: Corviknight|50/100
|
|-end|p1a: Rathalos|Whirlpool|[partiallytrapped]|[silent]
|upkeep
|turn|12
|
|t:|1597255465
|move|p1a: Rathalos|Freeze-Dry|p2a: Corviknight
|-damage|p2a: Corviknight|16/100
|-status|p2a: Corviknight|frz
|-curestatus|p2a: Corviknight|frz|[msg]
|move|p2a: Corviknight|Defog|p1a: Rathalos
|-unboost|p1a: Rathalos|evasion|1
|-sideend|p2: LT71LX Finch|Stealth Rock|[from] move: Defog|[of] p2a: Corviknight
|
|upkeep
|turn|13
|c| LT71LX Jacked|pelipper would appreciate boots
|
|t:|1597255475
|move|p1a: Rathalos|Freeze-Dry|p2a: Corviknight
|-crit|p2a: Corviknight
|-damage|p2a: Corviknight|0 fnt
|faint|p2a: Corviknight
|
|upkeep
|
|t:|1597255477
|switch|p2a: Ditto|Ditto, shiny|88/100
|-transform|p2a: Ditto|p1a: Rathalos|[from] ability: Imposter
|-ability|p2a: Ditto|Pressure
|turn|14
|
|t:|1597255486
|move|p2a: Ditto|Icicle Spear|p1a: Rathalos
|-damage|p1a: Rathalos|74/100
|-crit|p1a: Rathalos
|-damage|p1a: Rathalos|60/100
|-hitcount|p1a: Rathalos|2
|move|p1a: Rathalos|Roost|p1a: Rathalos
|-heal|p1a: Rathalos|100/100
|-singleturn|p1a: Rathalos|move: Roost
|
|upkeep
|turn|15
|
|t:|1597255491
|switch|p2a: Kyurem|Kyurem|100/100
|-ability|p2a: Kyurem|Pressure
|move|p1a: Rathalos|Icicle Spear|p2a: Kyurem
|-damage|p2a: Kyurem|91/100
|-damage|p2a: Kyurem|81/100
|-hitcount|p2a: Kyurem|2
|
|upkeep
|turn|16
|
|t:|1597255508
|move|p1a: Rathalos|Substitute|p1a: Rathalos
|-start|p1a: Rathalos|Substitute
|-damage|p1a: Rathalos|76/100
|move|p2a: Kyurem|Substitute|p2a: Kyurem
|-start|p2a: Kyurem|Substitute
|-damage|p2a: Kyurem|56/100
|
|upkeep
|turn|17
|
|t:|1597255510
|move|p1a: Rathalos|Icicle Spear|p2a: Kyurem
|-activate|p2a: Kyurem|move: Substitute|[damage]
|-activate|p2a: Kyurem|move: Substitute|[damage]
|-end|p2a: Kyurem|Substitute
|-damage|p2a: Kyurem|45/100
|-crit|p2a: Kyurem
|-damage|p2a: Kyurem|30/100
|-hitcount|p2a: Kyurem|5
|move|p2a: Kyurem|Roost|p2a: Kyurem
|-heal|p2a: Kyurem|80/100
|-singleturn|p2a: Kyurem|move: Roost
|
|upkeep
|turn|18
|
|t:|1597255524
|move|p1a: Rathalos|Icicle Spear|p2a: Kyurem
|-damage|p2a: Kyurem|71/100
|-damage|p2a: Kyurem|61/100
|-hitcount|p2a: Kyurem|2
|move|p2a: Kyurem|Freeze-Dry|p1a: Rathalos
|-end|p1a: Rathalos|Substitute
|
|upkeep
|turn|19
|
|t:|1597255531
|move|p1a: Rathalos|Icicle Spear|p2a: Kyurem
|-damage|p2a: Kyurem|51/100
|-damage|p2a: Kyurem|40/100
|-hitcount|p2a: Kyurem|2
|move|p2a: Kyurem|Substitute|p2a: Kyurem
|-start|p2a: Kyurem|Substitute
|-damage|p2a: Kyurem|15/100
|
|upkeep
|turn|20
|
|t:|1597255537
|move|p1a: Rathalos|Icicle Spear|p2a: Kyurem
|-activate|p2a: Kyurem|move: Substitute|[damage]
|-activate|p2a: Kyurem|move: Substitute|[damage]
|-end|p2a: Kyurem|Substitute
|-hitcount|p2a: Kyurem|3
|move|p2a: Kyurem|Roost|p2a: Kyurem
|-heal|p2a: Kyurem|65/100
|-singleturn|p2a: Kyurem|move: Roost
|
|upkeep
|turn|21
|
|t:|1597255543
|move|p1a: Rathalos|Icicle Spear|p2a: Kyurem
|-damage|p2a: Kyurem|55/100
|-damage|p2a: Kyurem|45/100
|-damage|p2a: Kyurem|35/100
|-damage|p2a: Kyurem|25/100
|-damage|p2a: Kyurem|16/100
|-hitcount|p2a: Kyurem|5
|move|p2a: Kyurem|Roost|p2a: Kyurem
|-heal|p2a: Kyurem|66/100
|-singleturn|p2a: Kyurem|move: Roost
|
|upkeep
|turn|22
|
|t:|1597255546
|move|p1a: Rathalos|Icicle Spear|p2a: Kyurem
|-damage|p2a: Kyurem|55/100
|-damage|p2a: Kyurem|45/100
|-damage|p2a: Kyurem|34/100
|-damage|p2a: Kyurem|23/100
|-damage|p2a: Kyurem|14/100
|-hitcount|p2a: Kyurem|5
|move|p2a: Kyurem|Roost|p2a: Kyurem
|-heal|p2a: Kyurem|64/100
|-singleturn|p2a: Kyurem|move: Roost
|
|upkeep
|turn|23
|
|t:|1597255548
|move|p1a: Rathalos|Icicle Spear|p2a: Kyurem
|-damage|p2a: Kyurem|53/100
|-crit|p2a: Kyurem
|-damage|p2a: Kyurem|37/100
|-hitcount|p2a: Kyurem|2
|move|p2a: Kyurem|Roost|p2a: Kyurem
|-heal|p2a: Kyurem|87/100
|-singleturn|p2a: Kyurem|move: Roost
|
|upkeep
|turn|24
|
|t:|1597255551
|switch|p2a: Toxapex|Toxapex, M|100/100
|move|p1a: Rathalos|Icicle Spear|p2a: Toxapex
|-resisted|p2a: Toxapex
|-damage|p2a: Toxapex|98/100
|-resisted|p2a: Toxapex
|-damage|p2a: Toxapex|94/100
|-hitcount|p2a: Toxapex|2
|
|upkeep
|turn|25
|
|t:|1597255554
|move|p1a: Rathalos|Substitute|p1a: Rathalos
|-start|p1a: Rathalos|Substitute
|-damage|p1a: Rathalos|51/100
|move|p2a: Toxapex|Scald|p1a: Rathalos
|-resisted|p1a: Rathalos
|-activate|p1a: Rathalos|move: Substitute|[damage]
|
|upkeep
|turn|26
|
|t:|1597255562
|move|p1a: Rathalos|Freeze-Dry|p2a: Toxapex
|-supereffective|p2a: Toxapex
|-damage|p2a: Toxapex|35/100
|move|p2a: Toxapex|Scald|p1a: Rathalos
|-resisted|p1a: Rathalos
|-activate|p1a: Rathalos|move: Substitute|[damage]
|
|upkeep
|turn|27
|
|t:|1597255565
|switch|p2a: Clefable|Clefable, F|100/100
|move|p1a: Rathalos|Icicle Spear|p2a: Clefable
|-damage|p2a: Clefable|93/100
|-damage|p2a: Clefable|86/100
|-damage|p2a: Clefable|79/100
|-hitcount|p2a: Clefable|3
|
|-heal|p2a: Clefable|85/100|[from] item: Leftovers
|upkeep
|turn|28
|
|t:|1597255568
|move|p1a: Rathalos|Freeze-Dry|p2a: Clefable
|-damage|p2a: Clefable|52/100
|move|p2a: Clefable|Stealth Rock|p1a: Rathalos
|-sidestart|p1: The Last Hero|move: Stealth Rock
|
|-heal|p2a: Clefable|58/100|[from] item: Leftovers
|upkeep
|turn|29
|
|t:|1597255573
|move|p1a: Rathalos|Freeze-Dry|p2a: Clefable
|-damage|p2a: Clefable|24/100
|move|p2a: Clefable|Soft-Boiled|p2a: Clefable
|-heal|p2a: Clefable|74/100
|
|-heal|p2a: Clefable|80/100|[from] item: Leftovers
|upkeep
|turn|30
|
|t:|1597255588
|switch|p1a: Poli|Politoed, M|100/100
|-damage|p1a: Poli|88/100|[from] Stealth Rock
|-weather|RainDance|[from] ability: Drizzle|[of] p1a: Poli
|move|p2a: Clefable|Moonblast|p1a: Poli
|-damage|p1a: Poli|69/100
|
|-weather|RainDance|[upkeep]
|-heal|p1a: Poli|75/100|[from] item: Leftovers
|-heal|p2a: Clefable|86/100|[from] item: Leftovers
|upkeep
|turn|31
|
|t:|1597255594
|switch|p2a: Ditto|Ditto, shiny|88/100
|-transform|p2a: Ditto|p1a: Poli|[from] ability: Imposter
|move|p1a: Poli|Whirlpool|p2a: Ditto
|-resisted|p2a: Ditto
|-damage|p2a: Ditto|81/100
|-activate|p2a: Ditto|move: Whirlpool|[of] p1a: Poli
|
|-weather|RainDance|[upkeep]
|-heal|p1a: Poli|81/100|[from] item: Leftovers
|-damage|p2a: Ditto|69/100|[from] move: Whirlpool|[partiallytrapped]
|upkeep
|turn|32
|
|t:|1597255607
|move|p2a: Ditto|Hypnosis|p1a: Poli|[miss]
|-miss|p2a: Ditto|p1a: Poli
|move|p1a: Poli|Encore|p2a: Ditto
|-start|p2a: Ditto|Encore
|
|-weather|RainDance|[upkeep]
|-heal|p1a: Poli|87/100|[from] item: Leftovers
|-damage|p2a: Ditto|57/100|[from] move: Whirlpool|[partiallytrapped]
|upkeep
|turn|33
|
|t:|1597255611
|move|p2a: Ditto|Hypnosis|p1a: Poli
|-status|p1a: Poli|slp|[from] move: Hypnosis
|cant|p1a: Poli|slp
|
|-weather|RainDance|[upkeep]
|-heal|p1a: Poli|93/100 slp|[from] item: Leftovers
|-damage|p2a: Ditto|44/100|[from] move: Whirlpool|[partiallytrapped]
|upkeep
|turn|34
|
|t:|1597255614
|move|p2a: Ditto|Hypnosis|p1a: Poli|[miss]
|-miss|p2a: Ditto|p1a: Poli
|cant|p1a: Poli|slp
|
|-weather|none
|-heal|p1a: Poli|99/100 slp|[from] item: Leftovers
|-damage|p2a: Ditto|32/100|[from] move: Whirlpool|[partiallytrapped]
|upkeep
|turn|35
|
|t:|1597255618
|move|p2a: Ditto|Hypnosis|p1a: Poli
|-fail|p1a: Poli|slp
|cant|p1a: Poli|slp
|
|-heal|p1a: Poli|100/100 slp|[from] item: Leftovers
|-damage|p2a: Ditto|20/100|[from] move: Whirlpool|[partiallytrapped]
|-end|p2a: Ditto|Encore
|upkeep
|turn|36
|
|t:|1597255635
|move|p2a: Ditto|Hypnosis|p1a: Poli|[miss]
|-miss|p2a: Ditto|p1a: Poli
|-curestatus|p1a: Poli|slp|[msg]
|move|p1a: Poli|Hypnosis|p2a: Ditto|[miss]
|-miss|p1a: Poli|p2a: Ditto
|
|-end|p2a: Ditto|Whirlpool|[partiallytrapped]
|upkeep
|turn|37
|
|t:|1597255641
|switch|p2a: Blissey|Blissey, F|27/100
|move|p1a: Poli|Whirlpool|p2a: Blissey
|-damage|p2a: Blissey|23/100
|-activate|p2a: Blissey|move: Whirlpool|[of] p1a: Poli
|
|-damage|p2a: Blissey|10/100|[from] move: Whirlpool|[partiallytrapped]
|upkeep
|turn|38
|
|t:|1597255645
|move|p1a: Poli|Hypnosis|p2a: Blissey|[miss]
|-miss|p1a: Poli|p2a: Blissey
|move|p2a: Blissey|Soft-Boiled|p2a: Blissey
|-heal|p2a: Blissey|60/100
|
|-damage|p2a: Blissey|48/100|[from] move: Whirlpool|[partiallytrapped]
|upkeep
|turn|39
|
|t:|1597255648
|move|p1a: Poli|Encore|p2a: Blissey
|-start|p2a: Blissey|Encore
|move|p2a: Blissey|Soft-Boiled|p2a: Blissey
|-heal|p2a: Blissey|98/100
|
|-damage|p2a: Blissey|85/100|[from] move: Whirlpool|[partiallytrapped]
|upkeep
|turn|40
|
|t:|1597255652
|move|p1a: Poli|Perish Song|p1a: Poli
|-start|p1a: Poli|perish3|[silent]
|-start|p2a: Blissey|perish3|[silent]
|-fieldactivate|move: Perish Song
|move|p2a: Blissey|Soft-Boiled|p2a: Blissey
|-heal|p2a: Blissey|100/100
|
|-damage|p2a: Blissey|88/100|[from] move: Whirlpool|[partiallytrapped]
|-start|p1a: Poli|perish3
|-start|p2a: Blissey|perish3
|upkeep
|turn|41
|
|t:|1597255655
|move|p1a: Poli|Hypnosis|p2a: Blissey
|-status|p2a: Blissey|slp|[from] move: Hypnosis
|cant|p2a: Blissey|slp
|
|-end|p2a: Blissey|Whirlpool|[partiallytrapped]
|-end|p2a: Blissey|Encore
|-start|p1a: Poli|perish2
|-start|p2a: Blissey|perish2
|upkeep
|turn|42
|l| bpewn
|
|t:|1597255666
|switch|p1a: Rathalos|Kyurem|51/100
|-ability|p1a: Rathalos|Pressure
|switch|p2a: Kyurem|Kyurem|87/100
|-ability|p2a: Kyurem|Pressure
|
|upkeep
|turn|43
|
|t:|1597255672
|move|p1a: Rathalos|Roost|p1a: Rathalos
|-heal|p1a: Rathalos|100/100
|-singleturn|p1a: Rathalos|move: Roost
|move|p2a: Kyurem|Icicle Spear|p1a: Rathalos
|-damage|p1a: Rathalos|89/100
|-crit|p1a: Rathalos
|-damage|p1a: Rathalos|75/100
|-damage|p1a: Rathalos|64/100
|-damage|p1a: Rathalos|53/100
|-hitcount|p1a: Rathalos|4
|
|upkeep
|turn|44
|
|t:|1597255675
|move|p1a: Rathalos|Roost|p1a: Rathalos
|-heal|p1a: Rathalos|100/100
|-singleturn|p1a: Rathalos|move: Roost
|move|p2a: Kyurem|Icicle Spear|p1a: Rathalos
|-damage|p1a: Rathalos|91/100
|-damage|p1a: Rathalos|80/100
|-hitcount|p1a: Rathalos|2
|
|upkeep
|turn|45
|
|t:|1597255677
|move|p1a: Rathalos|Icicle Spear|p2a: Kyurem
|-damage|p2a: Kyurem|78/100
|-damage|p2a: Kyurem|68/100
|-damage|p2a: Kyurem|59/100
|-damage|p2a: Kyurem|48/100
|-hitcount|p2a: Kyurem|4
|move|p2a: Kyurem|Icicle Spear|p1a: Rathalos
|-damage|p1a: Rathalos|69/100
|-damage|p1a: Rathalos|59/100
|-hitcount|p1a: Rathalos|2
|
|upkeep
|turn|46
|
|t:|1597255681
|switch|p2a: Toxapex|Toxapex, M|68/100
|move|p1a: Rathalos|Icicle Spear|p2a: Toxapex
|-resisted|p2a: Toxapex
|-damage|p2a: Toxapex|65/100
|-resisted|p2a: Toxapex
|-damage|p2a: Toxapex|62/100
|-hitcount|p2a: Toxapex|2
|
|upkeep
|turn|47
|
|t:|1597255685
|switch|p2a: Blissey|Blissey, F|88/100
|move|p1a: Rathalos|Freeze-Dry|p2a: Blissey
|-damage|p2a: Blissey|75/100
|
|upkeep
|turn|48
|
|t:|1597255688
|move|p1a: Rathalos|Substitute|p1a: Rathalos
|-start|p1a: Rathalos|Substitute
|-damage|p1a: Rathalos|34/100
|move|p2a: Blissey|Seismic Toss|p1a: Rathalos
|-activate|p1a: Rathalos|move: Substitute|[damage]
|
|upkeep
|turn|49
|
|t:|1597255690
|switch|p2a: Toxapex|Toxapex, M|95/100
|move|p1a: Rathalos|Roost|p1a: Rathalos
|-heal|p1a: Rathalos|84/100
|-singleturn|p1a: Rathalos|move: Roost
|
|upkeep
|turn|50
|
|t:|1597255693
|move|p1a: Rathalos|Icicle Spear|p2a: Toxapex
|-resisted|p2a: Toxapex
|-damage|p2a: Toxapex|92/100
|-resisted|p2a: Toxapex
|-damage|p2a: Toxapex|89/100
|-resisted|p2a: Toxapex
|-damage|p2a: Toxapex|86/100
|-resisted|p2a: Toxapex
|-damage|p2a: Toxapex|83/100
|-resisted|p2a: Toxapex
|-damage|p2a: Toxapex|80/100
|-hitcount|p2a: Toxapex|5
|move|p2a: Toxapex|Scald|p1a: Rathalos
|-resisted|p1a: Rathalos
|-crit|p1a: Rathalos
|-end|p1a: Rathalos|Substitute
|
|upkeep
|turn|51
|
|t:|1597255696
|switch|p2a: Blissey|Blissey, F|75/100
|move|p1a: Rathalos|Substitute|p1a: Rathalos
|-start|p1a: Rathalos|Substitute
|-damage|p1a: Rathalos|59/100
|
|upkeep
|turn|52
|
|t:|1597255698
|move|p1a: Rathalos|Icicle Spear|p2a: Blissey
|-damage|p2a: Blissey|66/100
|-damage|p2a: Blissey|57/100
|-damage|p2a: Blissey|48/100
|-damage|p2a: Blissey|39/100
|-hitcount|p2a: Blissey|4
|move|p2a: Blissey|Soft-Boiled|p2a: Blissey
|-heal|p2a: Blissey|89/100
|
|upkeep
|turn|53
|
|t:|1597255706
|switch|p2a: Toxapex|Toxapex, M|100/100
|move|p1a: Rathalos|Freeze-Dry|p2a: Toxapex
|-supereffective|p2a: Toxapex
|-crit|p2a: Toxapex
|-damage|p2a: Toxapex|13/100
|
|upkeep
|turn|54
|
|t:|1597255709
|switch|p2a: Clefable|Clefable, F|86/100
|move|p1a: Rathalos|Icicle Spear|p2a: Clefable
|-damage|p2a: Clefable|78/100
|-damage|p2a: Clefable|71/100
|-hitcount|p2a: Clefable|2
|
|-heal|p2a: Clefable|77/100|[from] item: Leftovers
|upkeep
|turn|55
|
|t:|1597255713
|move|p1a: Rathalos|Freeze-Dry|p2a: Clefable
|-damage|p2a: Clefable|45/100
|move|p2a: Clefable|Soft-Boiled|p2a: Clefable
|-heal|p2a: Clefable|95/100
|
|-heal|p2a: Clefable|100/100|[from] item: Leftovers
|upkeep
|turn|56
|
|t:|1597255716
|move|p1a: Rathalos|Freeze-Dry|p2a: Clefable
|-damage|p2a: Clefable|70/100
|move|p2a: Clefable|Moonblast|p1a: Rathalos
|-supereffective|p1a: Rathalos
|-end|p1a: Rathalos|Substitute
|
|-heal|p2a: Clefable|76/100|[from] item: Leftovers
|upkeep
|turn|57
|
|t:|1597255720
|switch|p1a: Poli|Politoed, M|100/100
|-damage|p1a: Poli|88/100|[from] Stealth Rock
|-weather|RainDance|[from] ability: Drizzle|[of] p1a: Poli
|move|p2a: Clefable|Moonblast|p1a: Poli
|-damage|p1a: Poli|69/100
|-unboost|p1a: Poli|spa|1
|
|-weather|RainDance|[upkeep]
|-heal|p1a: Poli|75/100|[from] item: Leftovers
|-heal|p2a: Clefable|82/100|[from] item: Leftovers
|upkeep
|turn|58
|
|t:|1597255724
|switch|p2a: Blissey|Blissey, F|89/100
|move|p1a: Poli|Whirlpool|p2a: Blissey
|-damage|p2a: Blissey|85/100
|-activate|p2a: Blissey|move: Whirlpool|[of] p1a: Poli
|
|-weather|RainDance|[upkeep]
|-heal|p1a: Poli|81/100|[from] item: Leftovers
|-damage|p2a: Blissey|73/100|[from] move: Whirlpool|[partiallytrapped]
|upkeep
|turn|59
|
|t:|1597255729
|move|p1a: Poli|Hypnosis|p2a: Blissey
|-status|p2a: Blissey|slp|[from] move: Hypnosis
|cant|p2a: Blissey|slp
|
|-weather|RainDance|[upkeep]
|-heal|p1a: Poli|87/100|[from] item: Leftovers
|-damage|p2a: Blissey|60/100 slp|[from] move: Whirlpool|[partiallytrapped]
|upkeep
|turn|60
|
|t:|1597255732
|move|p1a: Poli|Perish Song|p1a: Poli
|-start|p1a: Poli|perish3|[silent]
|-start|p2a: Blissey|perish3|[silent]
|-fieldactivate|move: Perish Song
|-curestatus|p2a: Blissey|slp|[msg]
|move|p2a: Blissey|Teleport|p2a: Blissey
|
|t:|1597255734
|switch|p2a: Kyurem|Kyurem|48/100|[from]move: Teleport
|-ability|p2a: Kyurem|Pressure
|
|-weather|RainDance|[upkeep]
|-heal|p1a: Poli|93/100|[from] item: Leftovers
|-start|p1a: Poli|perish3
|upkeep
|turn|61
|
|t:|1597255736
|move|p2a: Kyurem|Roost|p2a: Kyurem
|-heal|p2a: Kyurem|99/100
|-singleturn|p2a: Kyurem|move: Roost
|move|p1a: Poli|Encore|p2a: Kyurem
|-start|p2a: Kyurem|Encore
|
|-weather|none
|-heal|p1a: Poli|99/100|[from] item: Leftovers
|-start|p1a: Poli|perish2
|upkeep
|turn|62
|
|t:|1597255745
|switch|p2a: Ditto|Ditto, shiny|20/100
|-transform|p2a: Ditto|p1a: Poli|[from] ability: Imposter
|-weather|RainDance|[from] ability: Drizzle|[of] p2a: Ditto
|switch|p1a: Rathalos|Kyurem|59/100
|-ability|p1a: Rathalos|Pressure
|
|-weather|RainDance|[upkeep]
|upkeep
|turn|63
|
|t:|1597255750
|switch|p1a: Poli|Politoed, M|99/100
|-damage|p1a: Poli|86/100|[from] Stealth Rock
|move|p2a: Ditto|Hypnosis|p1a: Poli
|-status|p1a: Poli|slp|[from] move: Hypnosis
|
|-weather|RainDance|[upkeep]
|-heal|p1a: Poli|92/100 slp|[from] item: Leftovers
|upkeep
|turn|64
|
|t:|1597255755
|switch|p2a: Toxapex|Toxapex, M|46/100
|switch|p1a: Rathalos|Kyurem|59/100
|-ability|p1a: Rathalos|Pressure
|
|-weather|RainDance|[upkeep]
|upkeep
|turn|65
|
|t:|1597255761
|switch|p2a: Kyurem|Kyurem|99/100
|-ability|p2a: Kyurem|Pressure
|move|p1a: Rathalos|Freeze-Dry|p2a: Kyurem
|-damage|p2a: Kyurem|72/100
|
|-weather|RainDance|[upkeep]
|upkeep
|turn|66
|
|t:|1597255763
|move|p1a: Rathalos|Icicle Spear|p2a: Kyurem
|-damage|p2a: Kyurem|63/100
|-damage|p2a: Kyurem|53/100
|-damage|p2a: Kyurem|42/100
|-hitcount|p2a: Kyurem|3
|move|p2a: Kyurem|Roost|p2a: Kyurem
|-heal|p2a: Kyurem|93/100
|-singleturn|p2a: Kyurem|move: Roost
|
|-weather|none
|upkeep
|turn|67
|
|t:|1597255766
|move|p1a: Rathalos|Roost|p1a: Rathalos
|-heal|p1a: Rathalos|100/100
|-singleturn|p1a: Rathalos|move: Roost
|move|p2a: Kyurem|Icicle Spear|p1a: Rathalos
|-damage|p1a: Rathalos|90/100
|-damage|p1a: Rathalos|79/100
|-damage|p1a: Rathalos|69/100
|-damage|p1a: Rathalos|59/100
|-damage|p1a: Rathalos|48/100
|-hitcount|p1a: Rathalos|5
|
|upkeep
|turn|68
|
|t:|1597255768
|move|p1a: Rathalos|Roost|p1a: Rathalos
|-heal|p1a: Rathalos|98/100
|-singleturn|p1a: Rathalos|move: Roost
|move|p2a: Kyurem|Icicle Spear|p1a: Rathalos
|-damage|p1a: Rathalos|88/100
|-damage|p1a: Rathalos|77/100
|-damage|p1a: Rathalos|67/100
|-hitcount|p1a: Rathalos|3
|
|upkeep
|turn|69
|
|t:|1597255772
|move|p1a: Rathalos|Icicle Spear|p2a: Kyurem
|-damage|p2a: Kyurem|83/100
|-damage|p2a: Kyurem|72/100
|-hitcount|p2a: Kyurem|2
|move|p2a: Kyurem|Icicle Spear|p1a: Rathalos
|-damage|p1a: Rathalos|57/100
|-damage|p1a: Rathalos|46/100
|-hitcount|p1a: Rathalos|2
|
|upkeep
|turn|70
|
|t:|1597255774
|move|p1a: Rathalos|Roost|p1a: Rathalos
|-heal|p1a: Rathalos|96/100
|-singleturn|p1a: Rathalos|move: Roost
|move|p2a: Kyurem|Icicle Spear|p1a: Rathalos
|-damage|p1a: Rathalos|85/100
|-damage|p1a: Rathalos|74/100
|-damage|p1a: Rathalos|62/100
|-hitcount|p1a: Rathalos|3
|
|upkeep
|turn|71
|
|t:|1597255777
|move|p1a: Rathalos|Icicle Spear|p2a: Kyurem
|-damage|p2a: Kyurem|62/100
|-damage|p2a: Kyurem|53/100
|-damage|p2a: Kyurem|43/100
|-hitcount|p2a: Kyurem|3
|move|p2a: Kyurem|Icicle Spear|p1a: Rathalos
|-damage|p1a: Rathalos|52/100
|-damage|p1a: Rathalos|41/100
|-hitcount|p1a: Rathalos|2
|
|upkeep
|turn|72
|
|t:|1597255780
|move|p1a: Rathalos|Icicle Spear|p2a: Kyurem
|-damage|p2a: Kyurem|33/100
|-damage|p2a: Kyurem|24/100
|-damage|p2a: Kyurem|14/100
|-damage|p2a: Kyurem|4/100
|-damage|p2a: Kyurem|0 fnt
|-hitcount|p2a: Kyurem|5
|faint|p2a: Kyurem
|
|upkeep
|
|t:|1597255791
|switch|p2a: Clefable|Clefable, F|82/100
|turn|73
|
|t:|1597255803
|move|p1a: Rathalos|Roost|p1a: Rathalos
|-heal|p1a: Rathalos|91/100
|-singleturn|p1a: Rathalos|move: Roost
|move|p2a: Clefable|Knock Off|p1a: Rathalos
|-damage|p1a: Rathalos|78/100
|-enditem|p1a: Rathalos|Heavy-Duty Boots|[from] move: Knock Off|[of] p2a: Clefable
|
|-heal|p2a: Clefable|88/100|[from] item: Leftovers
|upkeep
|turn|74
|
|t:|1597255807
|move|p1a: Rathalos|Substitute|p1a: Rathalos
|-start|p1a: Rathalos|Substitute
|-damage|p1a: Rathalos|53/100
|move|p2a: Clefable|Moonblast|p1a: Rathalos
|-supereffective|p1a: Rathalos
|-end|p1a: Rathalos|Substitute
|
|-heal|p2a: Clefable|94/100|[from] item: Leftovers
|upkeep
|turn|75
|
|t:|1597255810
|move|p1a: Rathalos|Substitute|p1a: Rathalos
|-start|p1a: Rathalos|Substitute
|-damage|p1a: Rathalos|28/100
|move|p2a: Clefable|Moonblast|p1a: Rathalos
|-supereffective|p1a: Rathalos
|-crit|p1a: Rathalos
|-end|p1a: Rathalos|Substitute
|
|-heal|p2a: Clefable|100/100|[from] item: Leftovers
|upkeep
|turn|76
|
|t:|1597255812
|move|p1a: Rathalos|Roost|p1a: Rathalos
|-heal|p1a: Rathalos|79/100
|-singleturn|p1a: Rathalos|move: Roost
|move|p2a: Clefable|Moonblast|p1a: Rathalos
|-supereffective|p1a: Rathalos
|-crit|p1a: Rathalos
|-damage|p1a: Rathalos|0 fnt
|faint|p1a: Rathalos
|
|upkeep
|
|t:|1597255821
|switch|p1a: Azul Marino|Azumarill, M|100/100
|-damage|p1a: Azul Marino|88/100|[from] Stealth Rock
|turn|77
|
|t:|1597255826
|switch|p2a: Toxapex|Toxapex, M|79/100
|move|p1a: Azul Marino|Belly Drum|p1a: Azul Marino
|-damage|p1a: Azul Marino|38/100
|-setboost|p1a: Azul Marino|atk|6|[from] move: Belly Drum
|-enditem|p1a: Azul Marino|Sitrus Berry|[eat]
|-heal|p1a: Azul Marino|63/100|[from] item: Sitrus Berry
|
|upkeep
|turn|78
|
|t:|1597255831
|move|p1a: Azul Marino|Play Rough|p2a: Toxapex
|-resisted|p2a: Toxapex
|-damage|p2a: Toxapex|10/100
|move|p2a: Toxapex|Haze|p2a: Toxapex
|-clearallboost
|
|upkeep
|turn|79
|j| Mahanon
|
|t:|1597255840
|switch|p2a: Ditto|Ditto, shiny|20/100
|-transform|p2a: Ditto|p1a: Azul Marino|[from] ability: Imposter
|move|p1a: Azul Marino|Knock Off|p2a: Ditto
|-resisted|p2a: Ditto
|-crit|p2a: Ditto
|-damage|p2a: Ditto|0 fnt
|-enditem|p2a: Ditto|Choice Scarf|[from] move: Knock Off|[of] p1a: Azul Marino
|faint|p2a: Ditto
|
|upkeep
|
|t:|1597255841
|switch|p2a: Toxapex|Toxapex, M|44/100
|turn|80
|
|t:|1597255846
|move|p1a: Azul Marino|Play Rough|p2a: Toxapex
|-resisted|p2a: Toxapex
|-damage|p2a: Toxapex|27/100
|move|p2a: Toxapex|Recover|p2a: Toxapex
|-heal|p2a: Toxapex|77/100
|
|upkeep
|turn|81
|
|t:|1597255851
|switch|p1a: Poli|Politoed, M|92/100 slp
|-damage|p1a: Poli|80/100 slp|[from] Stealth Rock
|-weather|RainDance|[from] ability: Drizzle|[of] p1a: Poli
|move|p2a: Toxapex|Scald|p1a: Poli
|-resisted|p1a: Poli
|-damage|p1a: Poli|72/100 slp
|
|-weather|RainDance|[upkeep]
|-heal|p1a: Poli|78/100 slp|[from] item: Leftovers
|upkeep
|turn|82
|
|t:|1597255854
|cant|p1a: Poli|slp
|move|p2a: Toxapex|Knock Off|p1a: Poli
|-damage|p1a: Poli|63/100 slp
|-enditem|p1a: Poli|Leftovers|[from] move: Knock Off|[of] p2a: Toxapex
|
|-weather|RainDance|[upkeep]
|upkeep
|turn|83
|
|t:|1597255856
|switch|p2a: Blissey|Blissey, F|60/100
|-curestatus|p1a: Poli|slp|[msg]
|move|p1a: Poli|Whirlpool|p2a: Blissey
|-damage|p2a: Blissey|54/100
|-activate|p2a: Blissey|move: Whirlpool|[of] p1a: Poli
|
|-weather|RainDance|[upkeep]
|-damage|p2a: Blissey|41/100|[from] move: Whirlpool|[partiallytrapped]
|upkeep
|turn|84
|
|t:|1597255860
|move|p1a: Poli|Hypnosis|p2a: Blissey
|-status|p2a: Blissey|slp|[from] move: Hypnosis
|cant|p2a: Blissey|slp
|
|-weather|RainDance|[upkeep]
|-damage|p2a: Blissey|29/100 slp|[from] move: Whirlpool|[partiallytrapped]
|upkeep
|turn|85
|
|t:|1597255863
|move|p1a: Poli|Perish Song|p1a: Poli
|-start|p1a: Poli|perish3|[silent]
|-start|p2a: Blissey|perish3|[silent]
|-fieldactivate|move: Perish Song
|-curestatus|p2a: Blissey|slp|[msg]
|move|p2a: Blissey|Soft-Boiled|p2a: Blissey
|-heal|p2a: Blissey|79/100
|
|-weather|none
|-damage|p2a: Blissey|66/100|[from] move: Whirlpool|[partiallytrapped]
|-start|p1a: Poli|perish3
|-start|p2a: Blissey|perish3
|upkeep
|turn|86
|
|t:|1597255866
|move|p1a: Poli|Encore|p2a: Blissey
|-start|p2a: Blissey|Encore
|move|p2a: Blissey|Soft-Boiled|p2a: Blissey
|-heal|p2a: Blissey|100/100
|
|-damage|p2a: Blissey|88/100|[from] move: Whirlpool|[partiallytrapped]
|-start|p1a: Poli|perish2
|-start|p2a: Blissey|perish2
|upkeep
|turn|87
|
|t:|1597255870
|move|p1a: Poli|Hypnosis|p2a: Blissey
|-status|p2a: Blissey|slp|[from] move: Hypnosis
|cant|p2a: Blissey|slp
|
|-end|p2a: Blissey|Whirlpool|[partiallytrapped]
|-start|p1a: Poli|perish1
|-start|p2a: Blissey|perish1
|upkeep
|turn|88
|j| Sugarhigh
|
|t:|1597255877
|switch|p1a: Azul Marino|Azumarill, M|63/100
|-damage|p1a: Azul Marino|51/100|[from] Stealth Rock
|-curestatus|p2a: Blissey|slp|[from] ability: Natural Cure
|switch|p2a: Toxapex|Toxapex, M|100/100
|
|upkeep
|turn|89
|
|t:|1597255882
|switch|p1a: Poli|Politoed, M|63/100
|-damage|p1a: Poli|50/100|[from] Stealth Rock
|-weather|RainDance|[from] ability: Drizzle|[of] p1a: Poli
|move|p2a: Toxapex|Scald|p1a: Poli
|-resisted|p1a: Poli
|-damage|p1a: Poli|42/100
|
|-weather|RainDance|[upkeep]
|upkeep
|turn|90
|j| IPF
|
|t:|1597255888
|move|p1a: Poli|Whirlpool|p2a: Toxapex
|-resisted|p2a: Toxapex
|-damage|p2a: Toxapex|94/100
|-activate|p2a: Toxapex|move: Whirlpool|[of] p1a: Poli
|move|p2a: Toxapex|Scald|p1a: Poli
|-resisted|p1a: Poli
|-damage|p1a: Poli|34/100
|
|-weather|RainDance|[upkeep]
|-damage|p2a: Toxapex|82/100|[from] move: Whirlpool|[partiallytrapped]
|upkeep
|turn|91
|
|t:|1597255892
|move|p1a: Poli|Perish Song|p1a: Poli
|-start|p1a: Poli|perish3|[silent]
|-start|p2a: Toxapex|perish3|[silent]
|-fieldactivate|move: Perish Song
|move|p2a: Toxapex|Scald|p1a: Poli
|-resisted|p1a: Poli
|-damage|p1a: Poli|26/100
|
|-weather|RainDance|[upkeep]
|-damage|p2a: Toxapex|69/100|[from] move: Whirlpool|[partiallytrapped]
|-start|p1a: Poli|perish3
|-start|p2a: Toxapex|perish3
|upkeep
|turn|92
|
|t:|1597255897
|move|p1a: Poli|Hypnosis|p2a: Toxapex|[miss]
|-miss|p1a: Poli|p2a: Toxapex
|move|p2a: Toxapex|Knock Off|p1a: Poli
|-damage|p1a: Poli|16/100
|
|-weather|RainDance|[upkeep]
|-damage|p2a: Toxapex|57/100|[from] move: Whirlpool|[partiallytrapped]
|-start|p1a: Poli|perish2
|-start|p2a: Toxapex|perish2
|upkeep
|turn|93
|
|t:|1597255900
|move|p1a: Poli|Hypnosis|p2a: Toxapex
|-status|p2a: Toxapex|slp|[from] move: Hypnosis
|cant|p2a: Toxapex|slp
|
|-weather|none
|-damage|p2a: Toxapex|44/100 slp|[from] move: Whirlpool|[partiallytrapped]
|-start|p1a: Poli|perish1
|-start|p2a: Toxapex|perish1
|upkeep
|turn|94
|
|t:|1597255906
|switch|p1a: Horsi|Kingdra, F|100/100
|-damage|p1a: Horsi|88/100|[from] Stealth Rock
|-curestatus|p2a: Toxapex|slp|[msg]
|move|p2a: Toxapex|Scald|p1a: Horsi
|-resisted|p1a: Horsi
|-damage|p1a: Horsi|83/100
|
|-end|p2a: Toxapex|Whirlpool|[partiallytrapped]|[silent]
|-start|p2a: Toxapex|perish0
|upkeep
|faint|p2a: Toxapex
|
|t:|1597255908
|switch|p2a: Blissey|Blissey, F|88/100
|turn|95
|
|t:|1597255913
|move|p1a: Horsi|Flip Turn|p2a: Blissey
|-damage|p2a: Blissey|71/100
|
|t:|1597255915
|switch|p1a: Azul Marino|Azumarill, M|51/100|[from]move: Flip Turn
|-damage|p1a: Azul Marino|39/100|[from] Stealth Rock
|move|p2a: Blissey|Seismic Toss|p1a: Azul Marino
|-damage|p1a: Azul Marino|9/100
|
|upkeep
|turn|96
|
|t:|1597255921
|switch|p2a: Clefable|Clefable, F|100/100
|move|p1a: Azul Marino|Play Rough|p2a: Clefable|[miss]
|-miss|p1a: Azul Marino|p2a: Clefable
|
|upkeep
|turn|97
|
|t:|1597255924
|move|p1a: Azul Marino|Play Rough|p2a: Clefable
|-damage|p2a: Clefable|53/100
|move|p2a: Clefable|Moonblast|p1a: Azul Marino
|-damage|p1a: Azul Marino|0 fnt
|faint|p1a: Azul Marino
|
|-heal|p2a: Clefable|59/100|[from] item: Leftovers
|upkeep
|j|+Perish Song ♫
|
|t:|1597255927
|switch|p1a: Poli|Politoed, M|16/100
|-damage|p1a: Poli|3/100|[from] Stealth Rock
|-weather|RainDance|[from] ability: Drizzle|[of] p1a: Poli
|turn|98
|
|t:|1597255932
|move|p1a: Poli|Hypnosis|p2a: Clefable
|-status|p2a: Clefable|slp|[from] move: Hypnosis
|cant|p2a: Clefable|slp
|
|-weather|RainDance|[upkeep]
|-heal|p2a: Clefable|65/100 slp|[from] item: Leftovers
|upkeep
|turn|99
|
|t:|1597255935
|move|p1a: Poli|Whirlpool|p2a: Clefable
|-damage|p2a: Clefable|48/100 slp
|-activate|p2a: Clefable|move: Whirlpool|[of] p1a: Poli
|cant|p2a: Clefable|slp
|
|-weather|RainDance|[upkeep]
|-heal|p2a: Clefable|55/100 slp|[from] item: Leftovers
|upkeep
|turn|100
|
|t:|1597255937
|move|p1a: Poli|Perish Song|p1a: Poli
|-start|p1a: Poli|perish3|[silent]
|-start|p2a: Clefable|perish3|[silent]
|-fieldactivate|move: Perish Song
|-curestatus|p2a: Clefable|slp|[msg]
|move|p2a: Clefable|Moonblast|p1a: Poli
|-damage|p1a: Poli|0 fnt
|faint|p1a: Poli
|
|-weather|RainDance|[upkeep]
|-heal|p2a: Clefable|61/100|[from] item: Leftovers
|-end|p2a: Clefable|Whirlpool|[partiallytrapped]|[silent]
|-start|p2a: Clefable|perish3
|upkeep
|
|t:|1597255939
|switch|p1a: Horsi|Kingdra, F|83/100
|-damage|p1a: Horsi|71/100|[from] Stealth Rock
|turn|101
|
|t:|1597255942
|move|p1a: Horsi|Hydro Pump|p2a: Clefable
|-damage|p2a: Clefable|0 fnt
|faint|p2a: Clefable
|
|-weather|RainDance|[upkeep]
|upkeep
|
|t:|1597255943
|switch|p2a: Blissey|Blissey, F|71/100
|turn|102
|
|t:|1597255944
|move|p1a: Horsi|Hydro Pump|p2a: Blissey
|-damage|p2a: Blissey|32/100
|move|p2a: Blissey|Soft-Boiled|p2a: Blissey
|-heal|p2a: Blissey|82/100
|
|-weather|none
|upkeep
|turn|103
|
|t:|1597255947
|move|p1a: Horsi|Hydro Pump|p2a: Blissey|[miss]
|-miss|p1a: Horsi|p2a: Blissey
|move|p2a: Blissey|Soft-Boiled|p2a: Blissey
|-heal|p2a: Blissey|100/100
|
|upkeep
|turn|104
|
|t:|1597255949
|move|p1a: Horsi|Hydro Pump|p2a: Blissey|[miss]
|-miss|p1a: Horsi|p2a: Blissey
|move|p2a: Blissey|Toxic|p1a: Horsi
|-status|p1a: Horsi|tox
|
|-damage|p1a: Horsi|64/100 tox|[from] psn
|upkeep
|turn|105
|
|t:|1597255951
|move|p1a: Horsi|Hydro Pump|p2a: Blissey
|-damage|p2a: Blissey|71/100
|move|p2a: Blissey|Soft-Boiled|p2a: Blissey
|-heal|p2a: Blissey|100/100
|
|-damage|p1a: Horsi|52/100 tox|[from] psn
|upkeep
|turn|106
|
|t:|1597255952
|move|p1a: Horsi|Hydro Pump|p2a: Blissey
|-damage|p2a: Blissey|72/100
|move|p2a: Blissey|Seismic Toss|p1a: Horsi
|-damage|p1a: Horsi|18/100 tox
|
|-damage|p1a: Horsi|0 fnt|[from] psn
|faint|p1a: Horsi
|
|win|LT71LX Finch
|upkeep
