|j|☆Arghyo
|j|☆Ivyon
|t:|1642080588
|gametype|singles
|player|p1|Arghyo|lucas|1389
|player|p2|Ivyon|blue|1360
|teamsize|p1|6
|teamsize|p2|6
|gen|8
|tier|[Gen 8] OU
|rated|
|rule|Sleep Clause Mod: Limit one foe put to sleep
|rule|Species Clause: Limit one of each Pokémon
|rule|OHKO Clause: OHKO moves are banned
|rule|Evasion Moves Clause: Evasion moves are banned
|rule|Endless Battle Clause: Forcing endless battles is banned
|rule|HP Percentage Mod: HP is shown in percentages
|rule|Dynamax Clause: You cannot dynamax
|clearpoke
|poke|p1|Blissey, F|
|poke|p1|Landorus-Therian, M|
|poke|p1|Corviknight, F|
|poke|p1|Ferrothorn, F|
|poke|p1|Dragapult, F|
|poke|p1|Victini|
|poke|p2|Sharpedo, M|
|poke|p2|Dragonite, M|
|poke|p2|Blaziken, M|
|poke|p2|Cloyster, M|
|poke|p2|Espeon, F|
|poke|p2|Mimikyu, M|
|teampreview
|inactive|Battle timer is ON: inactive players will automatically lose when time's up. (requested by Arghyo)
|
|t:|1642080610
|start
|switch|p1a: Irresponsible mom|Dragapult, F|100/100
|switch|p2a: Sharpedo|Sharpedo, M|100/100
|turn|1
|
|t:|1642080615
|move|p1a: Irresponsible mom|U-turn|p2a: Sharpedo
|-supereffective|p2a: Sharpedo
|-damage|p2a: Sharpedo|8/100
|
|t:|1642080619
|switch|p1a: Spiky boi|Ferrothorn, F, shiny|100/100|[from]move: U-turn
|move|p2a: Sharpedo|Crunch|p1a: Spiky boi
|-damage|p1a: Spiky boi|73/100
|-damage|p2a: Sharpedo|0 fnt|[from] ability: Iron Barbs|[of] p1a: Spiky boi
|faint|p2a: Sharpedo
|
|upkeep
|
|t:|1642080636
|switch|p2a: Blaziken|Blaziken, M, shiny|100/100
|turn|2
|
|t:|1642080648
|switch|p2a: Espeon|Espeon, F|100/100
|move|p1a: Spiky boi|Leech Seed|p2a: Espeon
|move|p2a: Espeon|Leech Seed|p1a: Spiky boi|[from]ability: Magic Bounce
|-immune|p1a: Spiky boi
|
|upkeep
|turn|3
|
|t:|1642080655
|move|p2a: Espeon|Yawn|p1a: Spiky boi
|-start|p1a: Spiky boi|move: Yawn|[of] p2a: Espeon
|move|p1a: Spiky boi|Gyro Ball|p2a: Espeon
|-damage|p2a: Espeon|10/100
|
|upkeep
|turn|4
|
|t:|1642080665
|move|p2a: Espeon|Future Sight|p1a: Spiky boi
|-start|p2a: Espeon|move: Future Sight
|move|p1a: Spiky boi|Body Press|p2a: Espeon
|-resisted|p2a: Espeon
|-damage|p2a: Espeon|0 fnt
|faint|p2a: Espeon
|
|-end|p1a: Spiky boi|move: Yawn|[silent]
|-status|p1a: Spiky boi|slp
|upkeep
|
|t:|1642080672
|switch|p2a: Cloyster|Cloyster, M|100/100
|turn|5
|
|t:|1642080691
|move|p2a: Cloyster|Shell Smash|p2a: Cloyster
|-unboost|p2a: Cloyster|def|1
|-unboost|p2a: Cloyster|spd|1
|-boost|p2a: Cloyster|atk|2
|-boost|p2a: Cloyster|spa|2
|-boost|p2a: Cloyster|spe|2
|cant|p1a: Spiky boi|slp
|
|upkeep
|turn|6
|
|t:|1642080698
|move|p2a: Cloyster|Icicle Spear|p1a: Spiky boi
|-damage|p1a: Spiky boi|56/100 slp
|-damage|p1a: Spiky boi|41/100 slp
|-damage|p1a: Spiky boi|25/100 slp
|-damage|p1a: Spiky boi|10/100 slp
|-damage|p1a: Spiky boi|0 fnt
|faint|p1a: Spiky boi
|-hitcount|p1: Spiky boi|5
|
|-hint|Future Sight did not hit because the target is fainted.
|upkeep
|inactive|Arghyo has 120 seconds left.
|
|t:|1642080743
|switch|p1a: Victini|Victini|100/100
|turn|7
|
|t:|1642080749
|move|p2a: Cloyster|Liquidation|p1a: Victini
|-supereffective|p1a: Victini
|-damage|p1a: Victini|0 fnt
|faint|p1a: Victini
|
|upkeep
|
|t:|1642080754
|switch|p1a: Lancelot|Corviknight, F, shiny|100/100
|turn|8
|
|t:|1642080759
|move|p2a: Cloyster|Icicle Spear|p1a: Lancelot
|-damage|p1a: Lancelot|84/100
|-crit|p1a: Lancelot
|-damage|p1a: Lancelot|59/100
|-damage|p1a: Lancelot|43/100
|-damage|p1a: Lancelot|26/100
|-damage|p1a: Lancelot|9/100
|-hitcount|p1a: Lancelot|5
|move|p1a: Lancelot|Brave Bird|p2a: Cloyster
|-damage|p2a: Cloyster|47/100
|-damage|p1a: Lancelot|0 fnt|[from] Recoil
|faint|p1a: Lancelot
|
|upkeep
|
|t:|1642080767
|switch|p1a: Phat|Blissey, F|100/100
|turn|9
|
|t:|1642080772
|move|p2a: Cloyster|Icicle Spear|p1a: Phat
|-damage|p1a: Phat|55/100
|-damage|p1a: Phat|9/100
|-damage|p1a: Phat|0 fnt
|faint|p1a: Phat
|-hitcount|p1: Phat|3
|
|upkeep
|
|t:|1642080778
|switch|p1a: Irresponsible mom|Dragapult, F|100/100
|turn|10
|
|t:|1642080783
|move|p2a: Cloyster|Icicle Spear|p1a: Irresponsible mom
|-supereffective|p1a: Irresponsible mom
|-damage|p1a: Irresponsible mom|39/100
|-supereffective|p1a: Irresponsible mom
|-damage|p1a: Irresponsible mom|0 fnt
|faint|p1a: Irresponsible mom
|-hitcount|p1: Irresponsible mom|2
|
|upkeep
|
|t:|1642080787
|switch|p1a: Flying Tiger|Landorus-Therian, M|100/100
|-ability|p1a: Flying Tiger|Intimidate|boost
|-unboost|p2a: Cloyster|atk|1
|turn|11
|
|t:|1642080792
|move|p2a: Cloyster|Icicle Spear|p1a: Flying Tiger
|-supereffective|p1a: Flying Tiger
|-damage|p1a: Flying Tiger|13/100
|-supereffective|p1a: Flying Tiger
|-damage|p1a: Flying Tiger|0 fnt
|faint|p1a: Flying Tiger
|-hitcount|p1: Flying Tiger|2
|
|win|Ivyon
|raw|Arghyo's rating: 1389 &rarr; <strong>1367</strong><br />(-22 for losing)
|raw|Ivyon's rating: 1360 &rarr; <strong>1382</strong><br />(+22 for winning)
|c|☆Ivyon|gg
|c|☆Arghyo|gg
|l|☆Arghyo
