|j|☆shiawasenostory
|j|☆UglyBitch69
|t:|1663959809
|gametype|singles
|player|p1|shiawasenostory|winona|1657
|player|p2|UglyBitch69|drayden|1575
|teamsize|p1|6
|teamsize|p2|6
|gen|8
|tier|[Gen 8] OU
|rated|
|rule|Sleep Clause Mod: Limit one foe put to sleep
|rule|Species Clause: Limit one of each Pokémon
|rule|OHKO Clause: OHKO moves are banned
|rule|Evasion Items Clause: Evasion items are banned
|rule|Evasion Moves Clause: Evasion moves are banned
|rule|Endless Battle Clause: Forcing endless battles is banned
|rule|HP Percentage Mod: HP is shown in percentages
|rule|Dynamax Clause: You cannot dynamax
|clearpoke
|poke|p1|Lanturn, M|
|poke|p1|Tapu Bulu|
|poke|p1|Heatran, F|
|poke|p1|Clefable, M|
|poke|p1|Tornadus-Therian, M|
|poke|p1|Kartana|
|poke|p2|Primarina, M|
|poke|p2|Blacephalon|
|poke|p2|Kartana|
|poke|p2|Landorus-Therian, M|
|poke|p2|Mandibuzz, F|
|poke|p2|Vaporeon, F|
|teampreview
|
|t:|1663959825
|start
|switch|p1a: Tapu Bulu|Tapu Bulu|100/100
|switch|p2a: Cancerous-T|Landorus-Therian, M|100/100
|-ability|p2a: Cancerous-T|Intimidate|boost
|-unboost|p1a: Tapu Bulu|atk|1
|-fieldstart|move: Grassy Terrain|[from] ability: Grassy Surge|[of] p1a: Tapu Bulu
|turn|1
|
|t:|1663959830
|move|p2a: Cancerous-T|Sludge Wave|p1a: Tapu Bulu
|-supereffective|p1a: Tapu Bulu
|-damage|p1a: Tapu Bulu|0 fnt
|faint|p1a: Tapu Bulu
|
|upkeep
|
|t:|1663959835
|switch|p1a: Kartana|Kartana|100/100
|turn|2
|
|t:|1663959838
|switch|p2a: Emo|Mandibuzz, F|100/100
|move|p1a: Kartana|Knock Off|p2a: Emo
|-resisted|p2a: Emo
|-damage|p2a: Emo|82/100
|-enditem|p2a: Emo|Heavy-Duty Boots|[from] move: Knock Off|[of] p1a: Kartana
|
|upkeep
|turn|3
|
|t:|1663959845
|switch|p1a: Heatran|Heatran, F|100/100
|move|p2a: Emo|U-turn|p1a: Heatran
|-resisted|p1a: Heatran
|-damage|p1a: Heatran|99/100
|
|t:|1663959847
|switch|p2a: Cancerous-T|Landorus-Therian, M|100/100|[from]move: U-turn
|-ability|p2a: Cancerous-T|Intimidate|boost
|-unboost|p1a: Heatran|atk|1
|
|-heal|p1a: Heatran|100/100|[from] Grassy Terrain
|upkeep
|turn|4
|
|t:|1663959852
|switch|p1a: Tornadus|Tornadus-Therian, M|100/100
|move|p2a: Cancerous-T|Earth Power|p1a: Tornadus
|-immune|p1a: Tornadus
|
|upkeep
|turn|5
|
|t:|1663959856
|switch|p2a: Vape|Vaporeon, F|100/100
|move|p1a: Tornadus|U-turn|p2a: Vape
|-damage|p2a: Vape|83/100
|
|t:|1663959859
|switch|p1a: Kartana|Kartana|100/100|[from]move: U-turn
|
|-heal|p2a: Vape|90/100|[from] Grassy Terrain
|-heal|p2a: Vape|96/100|[from] item: Leftovers
|-fieldend|move: Grassy Terrain
|upkeep
|turn|6
|
|t:|1663959865
|switch|p1a: Heatran|Heatran, F|100/100
|move|p2a: Vape|Protect||[still]
|-fail|p2a: Vape
|
|-heal|p2a: Vape|100/100|[from] item: Leftovers
|upkeep
|turn|7
|
|t:|1663959870
|move|p1a: Heatran|Toxic|p2a: Vape
|-status|p2a: Vape|tox
|move|p2a: Vape|Wish|p2a: Vape
|
|-damage|p2a: Vape|94/100 tox|[from] psn
|upkeep
|turn|8
|
|t:|1663959875
|move|p1a: Heatran|Stealth Rock|p2a: Vape
|-sidestart|p2: UglyBitch69|move: Stealth Rock
|move|p2a: Vape|Scald|p1a: Heatran
|-supereffective|p1a: Heatran
|-damage|p1a: Heatran|52/100
|
|-heal|p2a: Vape|100/100 tox|[from] move: Wish|[wisher] Vape
|-heal|p1a: Heatran|58/100|[from] item: Leftovers
|-damage|p2a: Vape|88/100 tox|[from] psn
|upkeep
|turn|9
|
|t:|1663959881
|move|p1a: Heatran|Protect|p1a: Heatran
|-singleturn|p1a: Heatran|Protect
|move|p2a: Vape|Heal Bell|p2a: Vape
|-activate|p2a: Vape|move: Heal Bell
|-curestatus|p2a: Vape|tox|[msg]
|
|-heal|p1a: Heatran|64/100|[from] item: Leftovers
|-heal|p2a: Vape|94/100|[from] item: Leftovers
|upkeep
|turn|10
|
|t:|1663959890
|switch|p1a: Lanturn|Lanturn, M|100/100
|move|p2a: Vape|Scald|p1a: Lanturn
|-resisted|p1a: Lanturn
|-damage|p1a: Lanturn|91/100
|-status|p1a: Lanturn|brn
|
|-heal|p1a: Lanturn|97/100 brn|[from] item: Leftovers
|-heal|p2a: Vape|100/100|[from] item: Leftovers
|-damage|p1a: Lanturn|91/100 brn|[from] brn
|upkeep
|turn|11
|
|t:|1663959900
|move|p2a: Vape|Protect|p2a: Vape
|-singleturn|p2a: Vape|Protect
|move|p1a: Lanturn|Scald|p2a: Vape
|-activate|p2a: Vape|move: Protect
|
|-heal|p1a: Lanturn|97/100 brn|[from] item: Leftovers
|-damage|p1a: Lanturn|91/100 brn|[from] brn
|upkeep
|turn|12
|
|t:|1663959906
|move|p1a: Lanturn|Volt Switch|p2a: Vape
|-supereffective|p2a: Vape
|-damage|p2a: Vape|81/100
|
|t:|1663959909
|switch|p1a: Clefable|Clefable, M|100/100|[from]move: Volt Switch
|move|p2a: Vape|Scald|p1a: Clefable
|-damage|p1a: Clefable|81/100
|
|-heal|p2a: Vape|87/100|[from] item: Leftovers
|-heal|p1a: Clefable|87/100|[from] item: Leftovers
|upkeep
|turn|13
|
|t:|1663959917
|switch|p2a: Cancerous-T|Landorus-Therian, M|100/100
|-damage|p2a: Cancerous-T|88/100|[from] Stealth Rock
|-ability|p2a: Cancerous-T|Intimidate|boost
|-unboost|p1a: Clefable|atk|1
|move|p1a: Clefable|Wish|p1a: Clefable
|
|-heal|p1a: Clefable|93/100|[from] item: Leftovers
|upkeep
|turn|14
|
|t:|1663959925
|switch|p1a: Heatran|Heatran, F|64/100
|move|p2a: Cancerous-T|Gravity|p2a: Cancerous-T
|-fieldstart|move: Gravity
|
|-heal|p1a: Heatran|100/100|[from] move: Wish|[wisher] Clefable
|upkeep
|turn|15
|
|t:|1663959937
|move|p1a: Heatran|Protect|p1a: Heatran
|-singleturn|p1a: Heatran|Protect
|move|p2a: Cancerous-T|Earth Power|p1a: Heatran
|-activate|p1a: Heatran|move: Protect
|
|upkeep
|turn|16
|
|t:|1663959940
|switch|p1a: Clefable|Clefable, M|93/100
|move|p2a: Cancerous-T|Earth Power|p1a: Clefable
|-crit|p1a: Clefable
|-damage|p1a: Clefable|49/100
|
|-heal|p1a: Clefable|55/100|[from] item: Leftovers
|upkeep
|turn|17
|
|t:|1663959945
|move|p1a: Clefable|Protect|p1a: Clefable
|-singleturn|p1a: Clefable|Protect
|move|p2a: Cancerous-T|Calm Mind|p2a: Cancerous-T
|-boost|p2a: Cancerous-T|spa|1
|-boost|p2a: Cancerous-T|spd|1
|
|-heal|p1a: Clefable|61/100|[from] item: Leftovers
|upkeep
|turn|18
|
|t:|1663959949
|switch|p1a: Heatran|Heatran, F|100/100
|move|p2a: Cancerous-T|Sludge Wave|p1a: Heatran
|-immune|p1a: Heatran
|
|-fieldend|move: Gravity
|upkeep
|turn|19
|
|t:|1663959953
|move|p2a: Cancerous-T|Gravity|p2a: Cancerous-T
|-fieldstart|move: Gravity
|move|p1a: Heatran|Toxic|p2a: Cancerous-T
|-status|p2a: Cancerous-T|tox
|
|-damage|p2a: Cancerous-T|82/100 tox|[from] psn
|upkeep
|turn|20
|
|t:|1663959956
|switch|p1a: Clefable|Clefable, M|61/100
|move|p2a: Cancerous-T|Calm Mind|p2a: Cancerous-T
|-boost|p2a: Cancerous-T|spa|1
|-boost|p2a: Cancerous-T|spd|1
|
|-heal|p1a: Clefable|68/100|[from] item: Leftovers
|-damage|p2a: Cancerous-T|70/100 tox|[from] psn
|upkeep
|turn|21
|
|t:|1663959961
|move|p2a: Cancerous-T|Earth Power|p1a: Clefable
|-damage|p1a: Clefable|14/100
|move|p1a: Clefable|Wish|p1a: Clefable
|
|-heal|p1a: Clefable|20/100|[from] item: Leftovers
|-damage|p2a: Cancerous-T|53/100 tox|[from] psn
|upkeep
|turn|22
|
|t:|1663959966
|move|p1a: Clefable|Protect|p1a: Clefable
|-singleturn|p1a: Clefable|Protect
|move|p2a: Cancerous-T|Earth Power|p1a: Clefable
|-activate|p1a: Clefable|move: Protect
|
|-heal|p1a: Clefable|70/100|[from] move: Wish|[wisher] Clefable
|-heal|p1a: Clefable|76/100|[from] item: Leftovers
|-damage|p2a: Cancerous-T|29/100 tox|[from] psn
|upkeep
|turn|23
|
|t:|1663959971
|switch|p1a: Lanturn|Lanturn, M|91/100 brn
|move|p2a: Cancerous-T|Earth Power|p1a: Lanturn
|-supereffective|p1a: Lanturn
|-damage|p1a: Lanturn|0 fnt
|faint|p1a: Lanturn
|
|-damage|p2a: Cancerous-T|0 fnt|[from] psn
|faint|p2a: Cancerous-T
|-fieldend|move: Gravity
|upkeep
|
|t:|1663959986
|switch|p2a: Emo|Mandibuzz, F|82/100
|switch|p1a: Tornadus|Tornadus-Therian, M|100/100
|-damage|p2a: Emo|57/100|[from] Stealth Rock
|turn|24
|
|t:|1663959990
|move|p1a: Tornadus|Taunt|p2a: Emo
|-start|p2a: Emo|move: Taunt
|cant|p2a: Emo|move: Taunt|Defog
|
|upkeep
|turn|25
|
|t:|1663959994
|move|p1a: Tornadus|U-turn|p2a: Emo
|-crit|p2a: Emo
|-damage|p2a: Emo|45/100
|
|t:|1663959996
|switch|p1a: Heatran|Heatran, F|100/100|[from]move: U-turn
|move|p2a: Emo|U-turn|p1a: Heatran
|-resisted|p1a: Heatran
|-damage|p1a: Heatran|99/100
|
|t:|1663960004
|switch|p2a: Subordinate|Primarina, M|100/100|[from]move: U-turn
|-damage|p2a: Subordinate|88/100|[from] Stealth Rock
|
|-heal|p1a: Heatran|100/100|[from] item: Leftovers
|upkeep
|turn|26
|inactive|Battle timer is ON: inactive players will automatically lose when time's up. (requested by UglyBitch69)
|
|t:|1663960038
|move|p1a: Heatran|Protect|p1a: Heatran
|-singleturn|p1a: Heatran|Protect
|move|p2a: Subordinate|Hydro Pump|p1a: Heatran
|-activate|p1a: Heatran|move: Protect
|
|upkeep
|turn|27
|
|t:|1663960042
|switch|p1a: Clefable|Clefable, M|76/100
|move|p2a: Subordinate|Hydro Pump|p1a: Clefable
|-damage|p1a: Clefable|16/100
|
|-heal|p1a: Clefable|22/100|[from] item: Leftovers
|upkeep
|turn|28
|
|t:|1663960047
|move|p1a: Clefable|Protect|p1a: Clefable
|-singleturn|p1a: Clefable|Protect
|move|p2a: Subordinate|Hydro Pump|p1a: Clefable
|-activate|p1a: Clefable|move: Protect
|
|-heal|p1a: Clefable|28/100|[from] item: Leftovers
|upkeep
|turn|29
|
|t:|1663960052
|switch|p1a: Tornadus|Tornadus-Therian, M|100/100
|move|p2a: Subordinate|Hydro Pump|p1a: Tornadus
|-damage|p1a: Tornadus|7/100
|
|upkeep
|turn|30
|
|t:|1663960055
|move|p1a: Tornadus|Hurricane|p2a: Subordinate
|-damage|p2a: Subordinate|49/100
|move|p2a: Subordinate|Hydro Pump|p1a: Tornadus
|-damage|p1a: Tornadus|0 fnt
|faint|p1a: Tornadus
|
|upkeep
|
|t:|1663960060
|switch|p1a: Kartana|Kartana|100/100
|turn|31
|
|t:|1663960063
|switch|p2a: Geschwindigkeit|Kartana, shiny|100/100
|-damage|p2a: Geschwindigkeit|94/100|[from] Stealth Rock
|move|p1a: Kartana|Smart Strike|p2a: Geschwindigkeit
|-resisted|p2a: Geschwindigkeit
|-damage|p2a: Geschwindigkeit|71/100
|
|-heal|p2a: Geschwindigkeit|78/100|[from] item: Leftovers
|upkeep
|turn|32
|
|t:|1663960067
|switch|p1a: Heatran|Heatran, F|100/100
|move|p2a: Geschwindigkeit|Substitute|p2a: Geschwindigkeit
|-start|p2a: Geschwindigkeit|Substitute
|-damage|p2a: Geschwindigkeit|53/100
|
|-heal|p2a: Geschwindigkeit|59/100|[from] item: Leftovers
|upkeep
|turn|33
|
|t:|1663960069
|move|p2a: Geschwindigkeit|Sacred Sword|p1a: Heatran
|-supereffective|p1a: Heatran
|-damage|p1a: Heatran|62/100
|-status|p2a: Geschwindigkeit|brn|[from] ability: Flame Body|[of] p1a: Heatran
|move|p1a: Heatran|Lava Plume|p2a: Geschwindigkeit
|-supereffective|p2a: Geschwindigkeit
|-end|p2a: Geschwindigkeit|Substitute
|
|-heal|p2a: Geschwindigkeit|65/100 brn|[from] item: Leftovers
|-heal|p1a: Heatran|68/100|[from] item: Leftovers
|-damage|p2a: Geschwindigkeit|59/100 brn|[from] brn
|upkeep
|turn|34
|
|t:|1663960077
|switch|p2a: Vape|Vaporeon, F|87/100
|-damage|p2a: Vape|74/100|[from] Stealth Rock
|switch|p1a: Kartana|Kartana|100/100
|
|-heal|p2a: Vape|81/100|[from] item: Leftovers
|upkeep
|turn|35
|
|t:|1663960080
|move|p2a: Vape|Protect|p2a: Vape
|-singleturn|p2a: Vape|Protect
|move|p1a: Kartana|Leaf Blade|p2a: Vape
|-activate|p2a: Vape|move: Protect
|
|-heal|p2a: Vape|87/100|[from] item: Leftovers
|upkeep
|turn|36
|
|t:|1663960086
|move|p1a: Kartana|Leaf Blade|p2a: Vape
|-supereffective|p2a: Vape
|-damage|p2a: Vape|0 fnt
|faint|p2a: Vape
|-ability|p1a: Kartana|Beast Boost|boost
|-boost|p1a: Kartana|atk|1
|
|upkeep
|
|t:|1663960090
|switch|p2a: Glasses|Blacephalon, shiny|100/100
|-damage|p2a: Glasses|76/100|[from] Stealth Rock
|turn|37
|
|t:|1663960095
|switch|p1a: Clefable|Clefable, M|28/100
|move|p2a: Glasses|Knock Off|p1a: Clefable
|-resisted|p1a: Clefable
|-damage|p1a: Clefable|10/100
|-enditem|p1a: Clefable|Leftovers|[from] move: Knock Off|[of] p2a: Glasses
|
|upkeep
|turn|38
|
|t:|1663960103
|move|p1a: Clefable|Protect|p1a: Clefable
|-singleturn|p1a: Clefable|Protect
|move|p2a: Glasses|Knock Off|p1a: Clefable
|-activate|p1a: Clefable|move: Protect
|
|upkeep
|turn|39
|
|t:|1663960108
|switch|p1a: Heatran|Heatran, F|68/100
|move|p2a: Glasses|Knock Off|p1a: Heatran
|-damage|p1a: Heatran|47/100
|-enditem|p1a: Heatran|Leftovers|[from] move: Knock Off|[of] p2a: Glasses
|
|upkeep
|turn|40
|
|t:|1663960119
|switch|p2a: Geschwindigkeit|Kartana, shiny|59/100 brn
|-damage|p2a: Geschwindigkeit|53/100 brn|[from] Stealth Rock
|move|p1a: Heatran|Toxic||[still]
|-fail|p1a: Heatran
|
|-heal|p2a: Geschwindigkeit|59/100 brn|[from] item: Leftovers
|-damage|p2a: Geschwindigkeit|53/100 brn|[from] brn
|upkeep
|turn|41
|
|t:|1663960124
|move|p2a: Geschwindigkeit|Sacred Sword|p1a: Heatran
|-supereffective|p1a: Heatran
|-damage|p1a: Heatran|27/100
|move|p1a: Heatran|Lava Plume|p2a: Geschwindigkeit
|-supereffective|p2a: Geschwindigkeit
|-damage|p2a: Geschwindigkeit|0 fnt
|faint|p2a: Geschwindigkeit
|
|upkeep
|
|t:|1663960138
|switch|p2a: Emo|Mandibuzz, F|45/100
|-damage|p2a: Emo|20/100|[from] Stealth Rock
|turn|42
|
|t:|1663960140
|move|p2a: Emo|Roost|p2a: Emo
|-heal|p2a: Emo|70/100
|-singleturn|p2a: Emo|move: Roost
|move|p1a: Heatran|Lava Plume|p2a: Emo
|-damage|p2a: Emo|42/100
|-status|p2a: Emo|brn
|
|-damage|p2a: Emo|36/100 brn|[from] brn
|upkeep
|turn|43
|
|t:|1663960146
|move|p2a: Emo|Roost|p2a: Emo
|-heal|p2a: Emo|86/100 brn
|-singleturn|p2a: Emo|move: Roost
|move|p1a: Heatran|Lava Plume|p2a: Emo
|-damage|p2a: Emo|55/100 brn
|
|-damage|p2a: Emo|49/100 brn|[from] brn
|upkeep
|turn|44
|
|t:|1663960149
|switch|p1a: Kartana|Kartana|100/100
|move|p2a: Emo|Roost|p2a: Emo
|-heal|p2a: Emo|99/100 brn
|-singleturn|p2a: Emo|move: Roost
|
|-damage|p2a: Emo|93/100 brn|[from] brn
|upkeep
|turn|45
|
|t:|1663960152
|move|p1a: Kartana|Smart Strike|p2a: Emo
|-damage|p2a: Emo|52/100 brn
|move|p2a: Emo|Foul Play|p1a: Kartana
|-damage|p1a: Kartana|68/100
|
|-damage|p2a: Emo|46/100 brn|[from] brn
|upkeep
|turn|46
|
|t:|1663960159
|move|p1a: Kartana|Smart Strike|p2a: Emo
|-damage|p2a: Emo|5/100 brn
|move|p2a: Emo|Roost|p2a: Emo
|-heal|p2a: Emo|56/100 brn
|-singleturn|p2a: Emo|move: Roost
|
|-damage|p2a: Emo|49/100 brn|[from] brn
|upkeep
|turn|47
|
|t:|1663960166
|move|p1a: Kartana|Smart Strike|p2a: Emo
|-crit|p2a: Emo
|-damage|p2a: Emo|0 fnt
|faint|p2a: Emo
|-ability|p1a: Kartana|Beast Boost|boost
|-boost|p1a: Kartana|atk|1
|
|upkeep
|
|t:|1663960173
|switch|p2a: Glasses|Blacephalon, shiny|76/100
|-damage|p2a: Glasses|51/100|[from] Stealth Rock
|turn|48
|
|t:|1663960178
|switch|p1a: Clefable|Clefable, M|10/100
|move|p2a: Glasses|Fire Punch|p1a: Clefable
|-damage|p1a: Clefable|0 fnt
|faint|p1a: Clefable
|-ability|p2a: Glasses|Beast Boost|boost
|-boost|p2a: Glasses|atk|1
|
|upkeep
|
|t:|1663960180
|switch|p1a: Kartana|Kartana|68/100
|turn|49
|
|t:|1663960184
|move|p2a: Glasses|Fire Punch|p1a: Kartana
|-supereffective|p1a: Kartana
|-damage|p1a: Kartana|0 fnt
|faint|p1a: Kartana
|-ability|p2a: Glasses|Beast Boost|boost
|-boost|p2a: Glasses|atk|1
|
|upkeep
|-message|shiawasenostory forfeited.
|
|win|UglyBitch69
|raw|shiawasenostory's rating: 1657 &rarr; <strong>1632</strong><br />(-25 for losing)
|raw|UglyBitch69's rating: 1575 &rarr; <strong>1600</strong><br />(+25 for winning)
|l|☆shiawasenostory
