|j|☆grasssoul
|j|☆toxilord
|t:|1668094075
|gametype|singles
|player|p1|grasssoul|170|1686
|player|p2|toxilord|ethan|1618
|teamsize|p1|6
|teamsize|p2|6
|gen|8
|tier|[Gen 8] OU
|rated|
|rule|Sleep Clause Mod: Limit one foe put to sleep
|rule|Species Clause: Limit one of each Pokémon
|rule|OHKO Clause: OHKO moves are banned
|rule|Evasion Items Clause: Evasion items are banned
|rule|Evasion Moves Clause: Evasion moves are banned
|rule|Endless Battle Clause: Forcing endless battles is banned
|rule|HP Percentage Mod: HP is shown in percentages
|rule|Dynamax Clause: You cannot dynamax
|clearpoke
|poke|p1|Heatran, M|
|poke|p1|Slowking-Galar, M|
|poke|p1|Tapu Lele|
|poke|p1|Landorus-Therian, M|
|poke|p1|Dragapult, M|
|poke|p1|Zapdos|
|poke|p2|Tapu Lele|
|poke|p2|Ferrothorn, M|
|poke|p2|Tyranitar, M|
|poke|p2|Landorus-Therian, M|
|poke|p2|Weezing, F|
|poke|p2|Dragapult, F|
|teampreview
|
|t:|1668094088
|start
|switch|p1a: Landorus|Landorus-Therian, M|100/100
|switch|p2a: Tyranitar|Tyranitar, M|100/100
|-ability|p1a: Landorus|Intimidate|boost
|-unboost|p2a: Tyranitar|atk|1
|-weather|Sandstorm|[from] ability: Sand Stream|[of] p2a: Tyranitar
|turn|1
|inactive|Battle timer is ON: inactive players will automatically lose when time's up. (requested by toxilord)
|
|t:|1668094098
|switch|p2a: Landorus|Landorus-Therian, M|100/100
|-ability|p2a: Landorus|Intimidate|boost
|-unboost|p1a: Landorus|atk|1
|move|p1a: Landorus|U-turn|p2a: Landorus
|-resisted|p2a: Landorus
|-damage|p2a: Landorus|92/100
|
|t:|1668094104
|switch|p1a: Slowking|Slowking-Galar, M|100/100|[from]move: U-turn
|
|-weather|Sandstorm|[upkeep]
|-damage|p1a: Slowking|94/100|[from] Sandstorm
|-heal|p2a: Landorus|98/100|[from] item: Leftovers
|upkeep
|turn|2
|
|t:|1668094107
|move|p2a: Landorus|Knock Off|p1a: Slowking
|-supereffective|p1a: Slowking
|-damage|p1a: Slowking|35/100
|-enditem|p1a: Slowking|Assault Vest|[from] move: Knock Off|[of] p2a: Landorus
|move|p1a: Slowking|Ice Beam|p2a: Landorus
|-supereffective|p2a: Landorus
|-damage|p2a: Landorus|25/100
|-status|p2a: Landorus|frz
|
|-weather|Sandstorm|[upkeep]
|-damage|p1a: Slowking|29/100|[from] Sandstorm
|-heal|p2a: Landorus|31/100 frz|[from] item: Leftovers
|upkeep
|turn|3
|
|t:|1668094114
|-curestatus|p2a: Landorus|frz|[msg]
|move|p2a: Landorus|Earthquake|p1a: Slowking
|-supereffective|p1a: Slowking
|-damage|p1a: Slowking|0 fnt
|faint|p1a: Slowking
|
|-weather|Sandstorm|[upkeep]
|-heal|p2a: Landorus|37/100|[from] item: Leftovers
|upkeep
|
|t:|1668094124
|switch|p1a: Tapu Lele|Tapu Lele|100/100
|-fieldstart|move: Psychic Terrain|[from] ability: Psychic Surge|[of] p1a: Tapu Lele
|turn|4
|
|t:|1668094129
|switch|p2a: Tyranitar|Tyranitar, M|100/100
|move|p1a: Tapu Lele|Psychic|p2a: Tyranitar
|-immune|p2a: Tyranitar
|
|-weather|Sandstorm|[upkeep]
|-damage|p1a: Tapu Lele|94/100|[from] Sandstorm
|upkeep
|turn|5
|
|t:|1668094134
|switch|p1a: Landorus|Landorus-Therian, M|100/100
|-ability|p1a: Landorus|Intimidate|boost
|-unboost|p2a: Tyranitar|atk|1
|move|p2a: Tyranitar|Stealth Rock|p1a: Landorus
|-sidestart|p1: grasssoul|move: Stealth Rock
|
|-weather|none
|upkeep
|turn|6
|
|t:|1668094141
|switch|p2a: Ferrothorn|Ferrothorn, M|100/100
|move|p1a: Landorus|Stealth Rock|p2a: Ferrothorn
|-sidestart|p2: toxilord|move: Stealth Rock
|
|upkeep
|turn|7
|
|t:|1668094150
|move|p1a: Landorus|Knock Off|p2a: Ferrothorn
|-damage|p2a: Ferrothorn|81/100
|-damage|p1a: Landorus|88/100|[from] ability: Iron Barbs|[of] p2a: Ferrothorn
|-enditem|p2a: Ferrothorn|Leftovers|[from] move: Knock Off|[of] p1a: Landorus
|move|p2a: Ferrothorn|Leech Seed|p1a: Landorus
|-start|p1a: Landorus|move: Leech Seed
|
|-heal|p1a: Landorus|94/100|[from] item: Leftovers
|-damage|p1a: Landorus|82/100|[from] Leech Seed|[of] p2a: Ferrothorn
|-heal|p2a: Ferrothorn|94/100|[silent]
|upkeep
|turn|8
|
|t:|1668094157
|switch|p1a: Heatran|Heatran, M|100/100
|-damage|p1a: Heatran|88/100|[from] Stealth Rock
|move|p2a: Ferrothorn|Leech Seed|p1a: Heatran
|-start|p1a: Heatran|move: Leech Seed
|
|-heal|p1a: Heatran|94/100|[from] item: Leftovers
|-damage|p1a: Heatran|82/100|[from] Leech Seed|[of] p2a: Ferrothorn
|-heal|p2a: Ferrothorn|100/100|[silent]
|-fieldend|move: Psychic Terrain
|upkeep
|turn|9
|
|t:|1668094164
|switch|p1a: Zapdos|Zapdos|100/100
|switch|p2a: Tyranitar|Tyranitar, M|100/100
|-damage|p2a: Tyranitar|88/100|[from] Stealth Rock
|-weather|Sandstorm|[from] ability: Sand Stream|[of] p2a: Tyranitar
|
|-weather|Sandstorm|[upkeep]
|-damage|p1a: Zapdos|94/100|[from] Sandstorm
|-heal|p2a: Tyranitar|94/100|[from] item: Leftovers
|upkeep
|turn|10
|
|t:|1668094167
|switch|p1a: Landorus|Landorus-Therian, M|82/100
|-damage|p1a: Landorus|70/100|[from] Stealth Rock
|-ability|p1a: Landorus|Intimidate|boost
|-unboost|p2a: Tyranitar|atk|1
|move|p2a: Tyranitar|Toxic|p1a: Landorus
|-status|p1a: Landorus|tox
|
|-weather|Sandstorm|[upkeep]
|-heal|p1a: Landorus|76/100 tox|[from] item: Leftovers
|-heal|p2a: Tyranitar|100/100|[from] item: Leftovers
|-damage|p1a: Landorus|70/100 tox|[from] psn
|upkeep
|turn|11
|
|t:|1668094173
|switch|p2a: Ferrothorn|Ferrothorn, M|100/100
|-damage|p2a: Ferrothorn|94/100|[from] Stealth Rock
|move|p1a: Landorus|Earthquake|p2a: Ferrothorn
|-damage|p2a: Ferrothorn|63/100
|
|-weather|Sandstorm|[upkeep]
|-heal|p1a: Landorus|76/100 tox|[from] item: Leftovers
|-damage|p1a: Landorus|63/100 tox|[from] psn
|upkeep
|turn|12
|
|t:|1668094179
|switch|p1a: Heatran|Heatran, M|82/100
|-damage|p1a: Heatran|69/100|[from] Stealth Rock
|move|p2a: Ferrothorn|Leech Seed|p1a: Heatran|[miss]
|-miss|p2a: Ferrothorn|p1a: Heatran
|
|-weather|Sandstorm|[upkeep]
|-heal|p1a: Heatran|76/100|[from] item: Leftovers
|upkeep
|turn|13
|
|t:|1668094188
|switch|p2a: Tyranitar|Tyranitar, M|100/100
|-damage|p2a: Tyranitar|88/100|[from] Stealth Rock
|move|p1a: Heatran|Magma Storm|p2a: Tyranitar
|-resisted|p2a: Tyranitar
|-damage|p2a: Tyranitar|79/100
|-activate|p2a: Tyranitar|move: Magma Storm|[of] p1a: Heatran
|
|-weather|none
|-heal|p1a: Heatran|82/100|[from] item: Leftovers
|-heal|p2a: Tyranitar|85/100|[from] item: Leftovers
|-damage|p2a: Tyranitar|73/100|[from] move: Magma Storm|[partiallytrapped]
|upkeep
|turn|14
|
|t:|1668094194
|move|p1a: Heatran|Protect|p1a: Heatran
|-singleturn|p1a: Heatran|Protect
|move|p2a: Tyranitar|Earthquake|p1a: Heatran
|-activate|p1a: Heatran|move: Protect
|
|-heal|p1a: Heatran|88/100|[from] item: Leftovers
|-heal|p2a: Tyranitar|79/100|[from] item: Leftovers
|-damage|p2a: Tyranitar|67/100|[from] move: Magma Storm|[partiallytrapped]
|upkeep
|turn|15
|
|t:|1668094203
|switch|p1a: Zapdos|Zapdos|94/100
|move|p2a: Tyranitar|Earthquake|p1a: Zapdos
|-immune|p1a: Zapdos
|
|-heal|p2a: Tyranitar|73/100|[from] item: Leftovers
|-end|p2a: Tyranitar|Magma Storm|[partiallytrapped]|[silent]
|upkeep
|turn|16
|
|t:|1668094216
|switch|p2a: Landorus|Landorus-Therian, M|37/100
|-damage|p2a: Landorus|25/100|[from] Stealth Rock
|-ability|p2a: Landorus|Intimidate|boost
|-unboost|p1a: Zapdos|atk|1
|move|p1a: Zapdos|Volt Switch|p2a: Landorus
|-immune|p2a: Landorus
|
|-heal|p2a: Landorus|31/100|[from] item: Leftovers
|upkeep
|turn|17
|
|t:|1668094223
|move|p1a: Zapdos|Heat Wave|p2a: Landorus
|-damage|p2a: Landorus|11/100
|move|p2a: Landorus|Toxic|p1a: Zapdos
|-status|p1a: Zapdos|tox
|
|-heal|p2a: Landorus|17/100|[from] item: Leftovers
|-damage|p1a: Zapdos|88/100 tox|[from] psn
|upkeep
|turn|18
|
|t:|1668094232
|switch|p2a: Dragapult|Dragapult, F|100/100
|-damage|p2a: Dragapult|88/100|[from] Stealth Rock
|move|p1a: Zapdos|Heat Wave|p2a: Dragapult
|-resisted|p2a: Dragapult
|-damage|p2a: Dragapult|71/100
|
|-damage|p1a: Zapdos|76/100 tox|[from] psn
|upkeep
|turn|19
|
|t:|1668094238
|switch|p1a: Heatran|Heatran, M|88/100
|-damage|p1a: Heatran|76/100|[from] Stealth Rock
|move|p2a: Dragapult|Hex|p1a: Heatran
|-damage|p1a: Heatran|47/100
|
|-heal|p1a: Heatran|53/100|[from] item: Leftovers
|upkeep
|turn|20
|
|t:|1668094255
|switch|p2a: Landorus|Landorus-Therian, M|17/100
|-damage|p2a: Landorus|4/100|[from] Stealth Rock
|-ability|p2a: Landorus|Intimidate|boost
|-unboost|p1a: Heatran|atk|1
|move|p1a: Heatran|Earth Power|p2a: Landorus
|-immune|p2a: Landorus
|
|-heal|p2a: Landorus|10/100|[from] item: Leftovers
|-heal|p1a: Heatran|60/100|[from] item: Leftovers
|upkeep
|turn|21
|
|t:|1668094262
|switch|p1a: Zapdos|Zapdos|76/100 tox
|move|p2a: Landorus|Earthquake|p1a: Zapdos
|-immune|p1a: Zapdos
|
|-heal|p2a: Landorus|16/100|[from] item: Leftovers
|-damage|p1a: Zapdos|70/100 tox|[from] psn
|upkeep
|turn|22
|
|t:|1668094268
|switch|p2a: Tyranitar|Tyranitar, M|73/100
|-damage|p2a: Tyranitar|61/100|[from] Stealth Rock
|-weather|Sandstorm|[from] ability: Sand Stream|[of] p2a: Tyranitar
|move|p1a: Zapdos|Volt Switch|p2a: Tyranitar
|-damage|p2a: Tyranitar|49/100
|
|t:|1668094275
|switch|p1a: Dragapult|Dragapult, M|100/100|[from]move: Volt Switch
|-damage|p1a: Dragapult|88/100|[from] Stealth Rock
|
|-weather|Sandstorm|[upkeep]
|-damage|p1a: Dragapult|82/100|[from] Sandstorm
|-heal|p2a: Tyranitar|55/100|[from] item: Leftovers
|upkeep
|turn|23
|
|t:|1668094283
|switch|p2a: Ferrothorn|Ferrothorn, M|63/100
|-damage|p2a: Ferrothorn|56/100|[from] Stealth Rock
|move|p1a: Dragapult|U-turn|p2a: Ferrothorn
|-damage|p2a: Ferrothorn|37/100
|-damage|p1a: Dragapult|70/100|[from] ability: Iron Barbs|[of] p2a: Ferrothorn
|
|t:|1668094286
|switch|p1a: Heatran|Heatran, M|60/100|[from]move: U-turn
|-damage|p1a: Heatran|47/100|[from] Stealth Rock
|
|-weather|Sandstorm|[upkeep]
|-heal|p1a: Heatran|53/100|[from] item: Leftovers
|upkeep
|turn|24
|
|t:|1668094304
|move|p1a: Heatran|Magma Storm|p2a: Ferrothorn|[miss]
|-miss|p1a: Heatran|p2a: Ferrothorn
|move|p2a: Ferrothorn|Spikes|p1a: Heatran
|-sidestart|p1: grasssoul|Spikes
|
|-weather|Sandstorm|[upkeep]
|-heal|p1a: Heatran|60/100|[from] item: Leftovers
|upkeep
|turn|25
|
|t:|1668094309
|move|p1a: Heatran|Magma Storm|p2a: Ferrothorn
|-supereffective|p2a: Ferrothorn
|-damage|p2a: Ferrothorn|0 fnt
|faint|p2a: Ferrothorn
|
|-weather|Sandstorm|[upkeep]
|-heal|p1a: Heatran|66/100|[from] item: Leftovers
|upkeep
|
|t:|1668094312
|switch|p2a: Landorus|Landorus-Therian, M|16/100
|-damage|p2a: Landorus|4/100|[from] Stealth Rock
|-ability|p2a: Landorus|Intimidate|boost
|-unboost|p1a: Heatran|atk|1
|turn|26
|
|t:|1668094315
|move|p1a: Heatran|Protect|p1a: Heatran
|-singleturn|p1a: Heatran|Protect
|move|p2a: Landorus|Knock Off|p1a: Heatran
|-activate|p1a: Heatran|move: Protect
|
|-weather|none
|-heal|p2a: Landorus|10/100|[from] item: Leftovers
|-heal|p1a: Heatran|72/100|[from] item: Leftovers
|upkeep
|turn|27
|
|t:|1668094329
|switch|p1a: Zapdos|Zapdos|70/100 tox
|move|p2a: Landorus|Knock Off|p1a: Zapdos
|-damage|p1a: Zapdos|48/100 tox
|-status|p2a: Landorus|par|[from] ability: Static|[of] p1a: Zapdos
|-enditem|p1a: Zapdos|Heavy-Duty Boots|[from] move: Knock Off|[of] p2a: Landorus
|
|-heal|p2a: Landorus|16/100 par|[from] item: Leftovers
|-damage|p1a: Zapdos|42/100 tox|[from] psn
|upkeep
|turn|28
|
|t:|1668094339
|move|p1a: Zapdos|Defog|p2a: Landorus
|-unboost|p2a: Landorus|evasion|1
|-sideend|p2: toxilord|Stealth Rock|[from] move: Defog|[of] p1a: Zapdos
|-sideend|p1: grasssoul|Spikes|[from] move: Defog|[of] p1a: Zapdos
|-sideend|p1: grasssoul|Stealth Rock|[from] move: Defog|[of] p1a: Zapdos
|cant|p2a: Landorus|par
|
|-heal|p2a: Landorus|22/100 par|[from] item: Leftovers
|-damage|p1a: Zapdos|30/100 tox|[from] psn
|upkeep
|turn|29
|
|t:|1668094346
|switch|p2a: Tyranitar|Tyranitar, M|55/100
|-weather|Sandstorm|[from] ability: Sand Stream|[of] p2a: Tyranitar
|move|p1a: Zapdos|Roost|p1a: Zapdos
|-heal|p1a: Zapdos|80/100 tox
|-singleturn|p1a: Zapdos|move: Roost
|
|-weather|Sandstorm|[upkeep]
|-damage|p1a: Zapdos|74/100 tox|[from] Sandstorm
|-heal|p2a: Tyranitar|61/100|[from] item: Leftovers
|-damage|p1a: Zapdos|56/100 tox|[from] psn
|upkeep
|turn|30
|
|t:|1668094352
|switch|p1a: Landorus|Landorus-Therian, M|63/100 tox
|-ability|p1a: Landorus|Intimidate|boost
|-unboost|p2a: Tyranitar|atk|1
|move|p2a: Tyranitar|Stealth Rock|p1a: Landorus
|-sidestart|p1: grasssoul|move: Stealth Rock
|
|-weather|Sandstorm|[upkeep]
|-heal|p1a: Landorus|70/100 tox|[from] item: Leftovers
|-heal|p2a: Tyranitar|67/100|[from] item: Leftovers
|-damage|p1a: Landorus|63/100 tox|[from] psn
|upkeep
|turn|31
|
|t:|1668094363
|switch|p2a: Weezing|Weezing, F|100/100
|move|p1a: Landorus|Stealth Rock|p2a: Weezing
|-sidestart|p2: toxilord|move: Stealth Rock
|
|-weather|Sandstorm|[upkeep]
|-damage|p2a: Weezing|95/100|[from] Sandstorm
|-heal|p1a: Landorus|70/100 tox|[from] item: Leftovers
|-heal|p2a: Weezing|100/100|[from] item: Black Sludge
|-damage|p1a: Landorus|57/100 tox|[from] psn
|upkeep
|turn|32
|
|t:|1668094368
|switch|p1a: Heatran|Heatran, M|72/100
|-damage|p1a: Heatran|60/100|[from] Stealth Rock
|move|p2a: Weezing|Toxic Spikes|p1a: Heatran
|-sidestart|p1: grasssoul|move: Toxic Spikes
|
|-weather|Sandstorm|[upkeep]
|-damage|p2a: Weezing|95/100|[from] Sandstorm
|-heal|p1a: Heatran|66/100|[from] item: Leftovers
|-heal|p2a: Weezing|100/100|[from] item: Black Sludge
|upkeep
|turn|33
|
|t:|1668094374
|switch|p2a: Landorus|Landorus-Therian, M|22/100 par
|-damage|p2a: Landorus|10/100 par|[from] Stealth Rock
|-ability|p2a: Landorus|Intimidate|boost
|-unboost|p1a: Heatran|atk|1
|move|p1a: Heatran|Magma Storm|p2a: Landorus|[miss]
|-miss|p1a: Heatran|p2a: Landorus
|
|-weather|none
|-heal|p1a: Heatran|72/100|[from] item: Leftovers
|-heal|p2a: Landorus|16/100 par|[from] item: Leftovers
|upkeep
|turn|34
|
|t:|1668094380
|move|p1a: Heatran|Magma Storm|p2a: Landorus
|-damage|p2a: Landorus|0 fnt
|faint|p2a: Landorus
|
|-heal|p1a: Heatran|78/100|[from] item: Leftovers
|upkeep
|
|t:|1668094385
|switch|p2a: Tyranitar|Tyranitar, M|67/100
|-damage|p2a: Tyranitar|55/100|[from] Stealth Rock
|-weather|Sandstorm|[from] ability: Sand Stream|[of] p2a: Tyranitar
|turn|35
|
|t:|1668094388
|switch|p1a: Zapdos|Zapdos|56/100 tox
|-damage|p1a: Zapdos|31/100 tox|[from] Stealth Rock
|move|p2a: Tyranitar|Rock Blast|p1a: Zapdos|[miss]
|-miss|p2a: Tyranitar|p1a: Zapdos
|
|-weather|Sandstorm|[upkeep]
|-damage|p1a: Zapdos|25/100 tox|[from] Sandstorm
|-heal|p2a: Tyranitar|61/100|[from] item: Leftovers
|-damage|p1a: Zapdos|19/100 tox|[from] psn
|upkeep
|turn|36
|
|t:|1668094396
|move|p1a: Zapdos|Defog|p2a: Tyranitar
|-unboost|p2a: Tyranitar|evasion|1
|-sideend|p2: toxilord|Stealth Rock|[from] move: Defog|[of] p1a: Zapdos
|-sideend|p1: grasssoul|Toxic Spikes|[from] move: Defog|[of] p1a: Zapdos
|-sideend|p1: grasssoul|Stealth Rock|[from] move: Defog|[of] p1a: Zapdos
|move|p2a: Tyranitar|Rock Blast|p1a: Zapdos
|-supereffective|p1a: Zapdos
|-damage|p1a: Zapdos|3/100 tox
|-supereffective|p1a: Zapdos
|-damage|p1a: Zapdos|0 fnt
|faint|p1a: Zapdos
|-hitcount|p1: Zapdos|2
|
|-weather|Sandstorm|[upkeep]
|-heal|p2a: Tyranitar|67/100|[from] item: Leftovers
|upkeep
|
|t:|1668094403
|switch|p1a: Dragapult|Dragapult, M|70/100
|turn|37
|
|t:|1668094415
|move|p1a: Dragapult|U-turn|p2a: Tyranitar
|-supereffective|p2a: Tyranitar
|-damage|p2a: Tyranitar|14/100
|
|t:|1668094418
|switch|p1a: Landorus|Landorus-Therian, M|57/100 tox|[from]move: U-turn
|-ability|p1a: Landorus|Intimidate|boost
|-unboost|p2a: Tyranitar|atk|1
|move|p2a: Tyranitar|Stealth Rock|p1a: Landorus
|-sidestart|p1: grasssoul|move: Stealth Rock
|
|-weather|Sandstorm|[upkeep]
|-heal|p1a: Landorus|63/100 tox|[from] item: Leftovers
|-heal|p2a: Tyranitar|20/100|[from] item: Leftovers
|-damage|p1a: Landorus|57/100 tox|[from] psn
|upkeep
|turn|38
|
|t:|1668094422
|switch|p2a: Weezing|Weezing, F|100/100
|move|p1a: Landorus|U-turn|p2a: Weezing
|-resisted|p2a: Weezing
|-damage|p2a: Weezing|92/100
|
|t:|1668094426
|switch|p1a: Tapu Lele|Tapu Lele|94/100|[from]move: U-turn
|-damage|p1a: Tapu Lele|82/100|[from] Stealth Rock
|-fieldstart|move: Psychic Terrain|[from] ability: Psychic Surge|[of] p1a: Tapu Lele
|
|-weather|Sandstorm|[upkeep]
|-damage|p1a: Tapu Lele|76/100|[from] Sandstorm
|-damage|p2a: Weezing|86/100|[from] Sandstorm
|-heal|p2a: Weezing|92/100|[from] item: Black Sludge
|upkeep
|turn|39
|
|t:|1668094432
|switch|p2a: Tyranitar|Tyranitar, M|20/100
|move|p1a: Tapu Lele|Moonblast|p2a: Tyranitar
|-supereffective|p2a: Tyranitar
|-damage|p2a: Tyranitar|0 fnt
|faint|p2a: Tyranitar
|
|-weather|none
|upkeep
|
|t:|1668094438
|switch|p2a: Weezing|Weezing, F|92/100
|turn|40
|
|t:|1668094441
|switch|p1a: Heatran|Heatran, M|78/100
|-damage|p1a: Heatran|66/100|[from] Stealth Rock
|move|p2a: Weezing|Toxic Spikes|p1a: Heatran
|-sidestart|p1: grasssoul|move: Toxic Spikes
|
|-heal|p1a: Heatran|72/100|[from] item: Leftovers
|-heal|p2a: Weezing|98/100|[from] item: Black Sludge
|upkeep
|turn|41
|
|t:|1668094461
|move|p1a: Heatran|Magma Storm|p2a: Weezing
|-damage|p2a: Weezing|38/100
|-activate|p2a: Weezing|move: Magma Storm|[of] p1a: Heatran
|move|p2a: Weezing|Toxic Spikes|p1a: Heatran
|-sidestart|p1: grasssoul|move: Toxic Spikes
|
|-heal|p1a: Heatran|78/100|[from] item: Leftovers
|-heal|p2a: Weezing|44/100|[from] item: Black Sludge
|-damage|p2a: Weezing|32/100|[from] move: Magma Storm|[partiallytrapped]
|upkeep
|turn|42
|
|t:|1668094476
|move|p1a: Heatran|Protect|p1a: Heatran
|-singleturn|p1a: Heatran|Protect
|move|p2a: Weezing|Pain Split|p1a: Heatran
|-activate|p1a: Heatran|move: Protect
|
|-heal|p1a: Heatran|85/100|[from] item: Leftovers
|-heal|p2a: Weezing|38/100|[from] item: Black Sludge
|-damage|p2a: Weezing|25/100|[from] move: Magma Storm|[partiallytrapped]
|-fieldend|move: Psychic Terrain
|upkeep
|turn|43
|
|t:|1668094502
|switch|p1a: Landorus|Landorus-Therian, M|57/100 tox
|-damage|p1a: Landorus|45/100 tox|[from] Stealth Rock
|-ability|p1a: Landorus|Intimidate|boost
|-unboost|p2a: Weezing|atk|1
|move|p2a: Weezing|Pain Split|p1a: Landorus
|-sethp|p1a: Landorus|34/100 tox|[from] move: Pain Split|[silent]
|-sethp|p2a: Weezing|38/100|[from] move: Pain Split
|
|-heal|p1a: Landorus|40/100 tox|[from] item: Leftovers
|-heal|p2a: Weezing|44/100|[from] item: Black Sludge
|-damage|p1a: Landorus|34/100 tox|[from] psn
|-end|p2a: Weezing|Magma Storm|[partiallytrapped]|[silent]
|upkeep
|turn|44
|
|t:|1668094509
|move|p1a: Landorus|Knock Off|p2a: Weezing
|-damage|p2a: Weezing|23/100
|-enditem|p2a: Weezing|Black Sludge|[from] move: Knock Off|[of] p1a: Landorus
|move|p2a: Weezing|Sludge Bomb|p1a: Landorus
|-resisted|p1a: Landorus
|-damage|p1a: Landorus|19/100 tox
|
|-heal|p1a: Landorus|25/100 tox|[from] item: Leftovers
|-damage|p1a: Landorus|13/100 tox|[from] psn
|upkeep
|turn|45
|
|t:|1668094523
|move|p1a: Landorus|Stealth Rock|p2a: Weezing
|-sidestart|p2: toxilord|move: Stealth Rock
|move|p2a: Weezing|Pain Split|p1a: Landorus
|-sethp|p1a: Landorus|17/100 tox|[from] move: Pain Split|[silent]
|-sethp|p2a: Weezing|19/100|[from] move: Pain Split
|
|-heal|p1a: Landorus|23/100 tox|[from] item: Leftovers
|-damage|p1a: Landorus|4/100 tox|[from] psn
|upkeep
|turn|46
|
|t:|1668094532
|move|p1a: Landorus|Knock Off|p2a: Weezing
|-damage|p2a: Weezing|2/100
|move|p2a: Weezing|Sludge Bomb|p1a: Landorus
|-resisted|p1a: Landorus
|-damage|p1a: Landorus|0 fnt
|faint|p1a: Landorus
|
|upkeep
|
|t:|1668094542
|switch|p1a: Dragapult|Dragapult, M|70/100
|-damage|p1a: Dragapult|58/100|[from] Stealth Rock
|-status|p1a: Dragapult|tox
|turn|47
|
|t:|1668094557
|move|p1a: Dragapult|U-turn|p2a: Weezing
|-resisted|p2a: Weezing
|-damage|p2a: Weezing|0 fnt
|faint|p2a: Weezing
|
|t:|1668094560
|switch|p1a: Tapu Lele|Tapu Lele|76/100|[from]move: U-turn
|-damage|p1a: Tapu Lele|63/100|[from] Stealth Rock
|-status|p1a: Tapu Lele|tox
|-fieldstart|move: Psychic Terrain|[from] ability: Psychic Surge|[of] p1a: Tapu Lele
|
|-damage|p1a: Tapu Lele|57/100 tox|[from] psn
|upkeep
|
|t:|1668094567
|switch|p2a: Tapu Lele|Tapu Lele|100/100
|-damage|p2a: Tapu Lele|88/100|[from] Stealth Rock
|turn|48
|
|t:|1668094587
|move|p1a: Tapu Lele|Moonblast|p2a: Tapu Lele
|-damage|p2a: Tapu Lele|39/100
|move|p2a: Tapu Lele|Psyshock|p1a: Tapu Lele
|-resisted|p1a: Tapu Lele
|-damage|p1a: Tapu Lele|2/100 tox
|
|-damage|p1a: Tapu Lele|0 fnt|[from] psn
|faint|p1a: Tapu Lele
|upkeep
|inactive|grasssoul has 120 seconds left.
|
|t:|1668094608
|switch|p1a: Dragapult|Dragapult, M|58/100 tox
|-damage|p1a: Dragapult|45/100 tox|[from] Stealth Rock
|turn|49
|
|t:|1668094613
|move|p1a: Dragapult|Phantom Force||[still]
|-prepare|p1a: Dragapult|Phantom Force
|move|p2a: Tapu Lele|Moonblast|p1a: Dragapult|[miss]
|-miss|p2a: Tapu Lele|p1a: Dragapult
|
|-damage|p1a: Dragapult|39/100 tox|[from] psn
|upkeep
|turn|50
|
|t:|1668094622
|move|p1a: Dragapult|Phantom Force|p2a: Tapu Lele|[from]lockedmove
|-supereffective|p2a: Tapu Lele
|-damage|p2a: Tapu Lele|0 fnt
|faint|p2a: Tapu Lele
|
|-damage|p1a: Dragapult|27/100 tox|[from] psn
|upkeep
|
|t:|1668094625
|switch|p2a: Dragapult|Dragapult, F|71/100
|-damage|p2a: Dragapult|59/100|[from] Stealth Rock
|turn|51
|
|t:|1668094627
|switch|p1a: Heatran|Heatran, M|85/100
|-damage|p1a: Heatran|72/100|[from] Stealth Rock
|move|p2a: Dragapult|Hex|p1a: Heatran
|-damage|p1a: Heatran|45/100
|
|-heal|p1a: Heatran|51/100|[from] item: Leftovers
|-fieldend|move: Psychic Terrain
|upkeep
|turn|52
|
|t:|1668094635
|move|p2a: Dragapult|Hex|p1a: Heatran
|-damage|p1a: Heatran|22/100
|move|p1a: Heatran|Toxic|p2a: Dragapult
|-status|p2a: Dragapult|tox
|
|-heal|p1a: Heatran|28/100|[from] item: Leftovers
|-damage|p2a: Dragapult|53/100 tox|[from] psn
|upkeep
|turn|53
|
|t:|1668094640
|move|p1a: Heatran|Protect|p1a: Heatran
|-singleturn|p1a: Heatran|Protect
|move|p2a: Dragapult|Hex|p1a: Heatran
|-activate|p1a: Heatran|move: Protect
|
|-heal|p1a: Heatran|34/100|[from] item: Leftovers
|-damage|p2a: Dragapult|41/100 tox|[from] psn
|upkeep
|turn|54
|
|t:|1668094650
|move|p2a: Dragapult|Hex|p1a: Heatran
|-damage|p1a: Heatran|8/100
|move|p1a: Heatran|Earth Power|p2a: Dragapult
|-crit|p2a: Dragapult
|-damage|p2a: Dragapult|0 fnt
|faint|p2a: Dragapult
|
|win|grasssoul
|raw|grasssoul's rating: 1686 &rarr; <strong>1702</strong><br />(+16 for winning)
|raw|toxilord's rating: 1618 &rarr; <strong>1602</strong><br />(-16 for losing)
