|raw|<div class="broadcast-blue"><strong>This battle is required to be public due to a player having a name starting with 'lt93oq'.</div>
|j|☆LT93OQ DS
|j|‽okaybears
|t:|1660895997
|gametype|singles
|player|p1|LT93OQ DS|lucas|1793
|player|p2|okaybears|bugcatcher-gen4dp|1794
|teamsize|p1|6
|teamsize|p2|6
|gen|8
|tier|[Gen 8] OU
|rated|
|rule|Sleep Clause Mod: Limit one foe put to sleep
|rule|Species Clause: Limit one of each Pokémon
|rule|OHKO Clause: OHKO moves are banned
|rule|Evasion Items Clause: Evasion items are banned
|rule|Evasion Moves Clause: Evasion moves are banned
|rule|Endless Battle Clause: Forcing endless battles is banned
|rule|HP Percentage Mod: HP is shown in percentages
|rule|Dynamax Clause: You cannot dynamax
|clearpoke
|poke|p1|Mew|
|poke|p1|Dragapult, F|
|poke|p1|Landorus-Therian, M|
|poke|p1|Scizor, M|
|poke|p1|Volcanion|
|poke|p1|Moltres-Galar|
|poke|p2|Hippowdon, F|
|poke|p2|Dracozolt|
|poke|p2|Kartana|
|poke|p2|Tapu Fini|
|poke|p2|Slowking-Galar, M|
|poke|p2|Tornadus-Therian, M|
|teampreview
|j| LT92PF Ayk
|l| LT92PF Ayk
|j| PurpleJayK
|inactive|Battle timer is ON: inactive players will automatically lose when time's up. (requested by okaybears)
|inactive|LT93OQ DS has 120 seconds left.
|
|t:|1660896079
|start
|switch|p1a: Volcanion|Volcanion|100/100
|switch|p2a: Tapu Fini|Tapu Fini|100/100
|-fieldstart|move: Misty Terrain|[from] ability: Misty Surge|[of] p2a: Tapu Fini
|turn|1
|
|t:|1660896085
|switch|p2a: Slowking|Slowking-Galar, M|100/100
|move|p1a: Volcanion|Earth Power|p2a: Slowking
|-supereffective|p2a: Slowking
|-damage|p2a: Slowking|70/100
|
|upkeep
|turn|2
|
|t:|1660896096
|switch|p1a: Dragapult|Dragapult, F|100/100
|move|p2a: Slowking|Future Sight|p1a: Dragapult
|-start|p2a: Slowking|move: Future Sight
|
|upkeep
|turn|3
|
|t:|1660896106
|move|p1a: Dragapult|U-turn|p2a: Slowking
|-damage|p2a: Slowking|53/100
|
|t:|1660896110
|switch|p1a: Moltres|Moltres-Galar|100/100|[from]move: U-turn
|move|p2a: Slowking|Flamethrower|p1a: Moltres
|-damage|p1a: Moltres|80/100
|
|upkeep
|turn|4
|j| Auleng
|j| michael13412
|
|t:|1660896124
|switch|p2a: Hippowdon|Hippowdon, F|100/100
|-weather|Sandstorm|[from] ability: Sand Stream|[of] p2a: Hippowdon
|move|p1a: Moltres|Nasty Plot|p1a: Moltres
|-boost|p1a: Moltres|spa|2
|
|-weather|Sandstorm|[upkeep]
|-damage|p1a: Moltres|74/100|[from] Sandstorm
|-end|p1a: Moltres|move: Future Sight
|-immune|p1a: Moltres
|upkeep
|turn|5
|j| 98% fire blast
|
|t:|1660896139
|move|p1a: Moltres|Fiery Wrath|p2a: Hippowdon
|-damage|p2a: Hippowdon|38/100
|move|p2a: Hippowdon|Toxic|p1a: Moltres
|-status|p1a: Moltres|tox
|
|-weather|Sandstorm|[upkeep]
|-damage|p1a: Moltres|68/100 tox|[from] Sandstorm
|-damage|p1a: Moltres|61/100 tox|[from] psn
|-fieldend|Misty Terrain
|upkeep
|turn|6
|
|t:|1660896148
|switch|p2a: Tapu Fini|Tapu Fini|100/100
|-fieldstart|move: Misty Terrain|[from] ability: Misty Surge|[of] p2a: Tapu Fini
|move|p1a: Moltres|Hurricane|p2a: Tapu Fini|[miss]
|-miss|p1a: Moltres|p2a: Tapu Fini
|
|-weather|Sandstorm|[upkeep]
|-damage|p2a: Tapu Fini|94/100|[from] Sandstorm
|-damage|p1a: Moltres|55/100 tox|[from] Sandstorm
|-damage|p1a: Moltres|43/100 tox|[from] psn
|upkeep
|turn|7
|
|t:|1660896152
|switch|p1a: Volcanion|Volcanion|100/100
|move|p2a: Tapu Fini|Moonblast|p1a: Volcanion
|-resisted|p1a: Volcanion
|-damage|p1a: Volcanion|85/100
|
|-weather|Sandstorm|[upkeep]
|-damage|p2a: Tapu Fini|88/100|[from] Sandstorm
|-damage|p1a: Volcanion|78/100|[from] Sandstorm
|upkeep
|turn|8
|
|t:|1660896158
|switch|p2a: Slowking|Slowking-Galar, M|87/100
|move|p1a: Volcanion|Steam Eruption|p2a: Slowking
|-damage|p2a: Slowking|60/100
|
|-weather|Sandstorm|[upkeep]
|-damage|p1a: Volcanion|72/100|[from] Sandstorm
|-damage|p2a: Slowking|54/100|[from] Sandstorm
|upkeep
|turn|9
|
|t:|1660896165
|move|p1a: Volcanion|Steam Eruption|p2a: Slowking
|-damage|p2a: Slowking|26/100
|move|p2a: Slowking|Sludge Bomb|p1a: Volcanion
|-damage|p1a: Volcanion|32/100
|
|-weather|Sandstorm|[upkeep]
|-damage|p1a: Volcanion|26/100|[from] Sandstorm
|-damage|p2a: Slowking|20/100|[from] Sandstorm
|upkeep
|turn|10
|
|t:|1660896175
|switch|p2a: Dracozolt|Dracozolt|100/100
|move|p1a: Volcanion|Steam Eruption|p2a: Dracozolt
|-resisted|p2a: Dracozolt
|-damage|p2a: Dracozolt|54/100
|
|-weather|Sandstorm|[upkeep]
|-damage|p1a: Volcanion|20/100|[from] Sandstorm
|-fieldend|Misty Terrain
|upkeep
|turn|11
|
|t:|1660896184
|switch|p1a: Landorus|Landorus-Therian, M|100/100
|-ability|p1a: Landorus|Intimidate|boost
|-unboost|p2a: Dracozolt|atk|1
|move|p2a: Dracozolt|Draco Meteor|p1a: Landorus
|-damage|p1a: Landorus|31/100
|-unboost|p2a: Dracozolt|spa|2
|-damage|p2a: Dracozolt|44/100|[from] item: Life Orb
|
|-weather|none
|upkeep
|turn|12
|
|t:|1660896192
|switch|p2a: Tornadus|Tornadus-Therian, M|100/100
|move|p1a: Landorus|Knock Off|p2a: Tornadus
|-damage|p2a: Tornadus|50/100
|-enditem|p2a: Tornadus|Heavy-Duty Boots|[from] move: Knock Off|[of] p1a: Landorus
|
|upkeep
|turn|13
|
|t:|1660896198
|move|p2a: Tornadus|Hurricane|p1a: Landorus|[miss]
|-miss|p2a: Tornadus|p1a: Landorus
|move|p1a: Landorus|Stealth Rock|p2a: Tornadus
|-sidestart|p2: okaybears|move: Stealth Rock
|
|upkeep
|turn|14
|
|t:|1660896202
|move|p2a: Tornadus|Hurricane|p1a: Landorus|[miss]
|-miss|p2a: Tornadus|p1a: Landorus
|move|p1a: Landorus|Stealth Rock||[still]
|-fail|p1a: Landorus
|
|upkeep
|turn|15
|
|t:|1660896205
|move|p2a: Tornadus|Hurricane|p1a: Landorus
|-crit|p1a: Landorus
|-damage|p1a: Landorus|0 fnt
|faint|p1a: Landorus
|
|upkeep
|
|t:|1660896209
|switch|p1a: Dragapult|Dragapult, F|100/100
|turn|16
|
|t:|1660896221
|move|p1a: Dragapult|Shadow Ball|p2a: Tornadus
|-damage|p2a: Tornadus|0 fnt
|faint|p2a: Tornadus
|
|upkeep
|
|t:|1660896226
|switch|p2a: Kartana|Kartana|100/100
|-damage|p2a: Kartana|94/100|[from] Stealth Rock
|turn|17
|
|t:|1660896230
|move|p2a: Kartana|Knock Off|p1a: Dragapult
|-supereffective|p1a: Dragapult
|-damage|p1a: Dragapult|0 fnt
|-enditem|p1a: Dragapult|Choice Specs|[from] move: Knock Off|[of] p2a: Kartana
|faint|p1a: Dragapult
|-ability|p2a: Kartana|Beast Boost|boost
|-boost|p2a: Kartana|atk|1
|
|upkeep
|
|t:|1660896235
|switch|p1a: Volcanion|Volcanion|20/100
|turn|18
|c| 98% fire blast|?
|-enditem|p1a: Volcanion|Custap Berry|[eat]
|-activate|p1a: Volcanion|item: Custap Berry|[consumed]
|
|t:|1660896239
|move|p1a: Volcanion|Flamethrower|p2a: Kartana
|-supereffective|p2a: Kartana
|-damage|p2a: Kartana|0 fnt
|faint|p2a: Kartana
|
|upkeep
|c| 98% fire blast|LOL
|l| PurpleJayK
|
|t:|1660896248
|switch|p2a: Slowking|Slowking-Galar, M|54/100
|-damage|p2a: Slowking|41/100|[from] Stealth Rock
|turn|19
|
|t:|1660896269
|move|p1a: Volcanion|Steam Eruption|p2a: Slowking
|-damage|p2a: Slowking|15/100
|move|p2a: Slowking|Sludge Bomb|p1a: Volcanion
|-damage|p1a: Volcanion|0 fnt
|faint|p1a: Volcanion
|
|upkeep
|
|t:|1660896271
|switch|p1a: Mew|Mew|100/100
|turn|20
|j| PurpleJayK
|
|t:|1660896282
|switch|p2a: Hippowdon|Hippowdon, F|38/100
|-damage|p2a: Hippowdon|32/100|[from] Stealth Rock
|-weather|Sandstorm|[from] ability: Sand Stream|[of] p2a: Hippowdon
|move|p1a: Mew|Dragon Dance|p1a: Mew
|-boost|p1a: Mew|atk|1
|-boost|p1a: Mew|spe|1
|
|-weather|Sandstorm|[upkeep]
|-damage|p1a: Mew|94/100|[from] Sandstorm
|upkeep
|turn|21
|
|t:|1660896288
|move|p1a: Mew|Psychic Fangs|p2a: Hippowdon
|-damage|p2a: Hippowdon|0 fnt
|faint|p2a: Hippowdon
|
|-weather|Sandstorm|[upkeep]
|-damage|p1a: Mew|88/100|[from] Sandstorm
|upkeep
|
|t:|1660896291
|switch|p2a: Dracozolt|Dracozolt|44/100
|-damage|p2a: Dracozolt|32/100|[from] Stealth Rock
|turn|22
|
|t:|1660896296
|move|p2a: Dracozolt|Bolt Beak|p1a: Mew
|-damage|p1a: Mew|0 fnt
|faint|p1a: Mew
|-damage|p2a: Dracozolt|22/100|[from] item: Life Orb
|
|-weather|Sandstorm|[upkeep]
|upkeep
|
|t:|1660896298
|switch|p1a: Scizor|Scizor, M|100/100
|turn|23
|
|t:|1660896302
|move|p1a: Scizor|Quick Attack|p2a: Dracozolt
|-damage|p2a: Dracozolt|0 fnt
|faint|p2a: Dracozolt
|-damage|p1a: Scizor|91/100|[from] item: Life Orb
|
|-weather|Sandstorm|[upkeep]
|upkeep
|
|t:|1660896311
|switch|p2a: Tapu Fini|Tapu Fini|88/100
|-damage|p2a: Tapu Fini|76/100|[from] Stealth Rock
|-fieldstart|move: Misty Terrain|[from] ability: Misty Surge|[of] p2a: Tapu Fini
|turn|24
|
|t:|1660896319
|move|p1a: Scizor|Bullet Punch|p2a: Tapu Fini
|-damage|p2a: Tapu Fini|38/100
|-damage|p1a: Scizor|81/100|[from] item: Life Orb
|move|p2a: Tapu Fini|Scald|p1a: Scizor
|-damage|p1a: Scizor|41/100
|
|-weather|Sandstorm|[upkeep]
|-damage|p2a: Tapu Fini|32/100|[from] Sandstorm
|upkeep
|turn|25
|
|t:|1660896326
|move|p1a: Scizor|Bullet Punch|p2a: Tapu Fini
|-damage|p2a: Tapu Fini|0 fnt
|faint|p2a: Tapu Fini
|-damage|p1a: Scizor|31/100|[from] item: Life Orb
|
|-weather|Sandstorm|[upkeep]
|upkeep
|-message|okaybears forfeited.
|
|win|LT93OQ DS
|raw|LT93OQ DS's rating: 1793 &rarr; <strong>1813</strong><br />(+20 for winning)
|raw|okaybears's rating: 1794 &rarr; <strong>1774</strong><br />(-20 for losing)
|l|‽okaybears
|l|☆LT93OQ DS
|c| 98% fire blast|LOL
