|j|‽hypervortexreturns
|j|☆noudle soop
|t:|1657389406
|gametype|singles
|player|p1|hypervortexreturns|170|1844
|player|p2|noudle soop|roxie|1759
|teamsize|p1|6
|teamsize|p2|6
|gen|8
|tier|[Gen 8] OU
|rated|
|rule|Sleep Clause Mod: Limit one foe put to sleep
|rule|Species Clause: Limit one of each Pokémon
|rule|OHKO Clause: OHKO moves are banned
|rule|Evasion Moves Clause: Evasion moves are banned
|rule|Endless Battle Clause: Forcing endless battles is banned
|rule|HP Percentage Mod: HP is shown in percentages
|rule|Dynamax Clause: You cannot dynamax
|clearpoke
|poke|p1|Hydreigon, M|
|poke|p1|Zapdos|
|poke|p1|Tangrowth, F|
|poke|p1|Corviknight, M|
|poke|p1|Excadrill, F|
|poke|p1|Azumarill, M|
|poke|p2|Regieleki|
|poke|p2|Volcanion|
|poke|p2|Kartana|
|poke|p2|Mew|
|poke|p2|Landorus-Therian, M|
|poke|p2|Dragonite, M|
|teampreview
|inactive|Battle timer is ON: inactive players will automatically lose when time's up. (requested by noudle soop)
|j| robertrompeortos
|
|t:|1657389422
|start
|switch|p1a: Tangrowth|Tangrowth, F|100/100
|switch|p2a: Landorus|Landorus-Therian, M|100/100
|-ability|p2a: Landorus|Intimidate|boost
|-unboost|p1a: Tangrowth|atk|1
|turn|1
|
|t:|1657389444
|move|p2a: Landorus|Stealth Rock|p1a: Tangrowth
|-sidestart|p1: hypervortexreturns|move: Stealth Rock
|move|p1a: Tangrowth|Sleep Powder|p2a: Landorus
|-status|p2a: Landorus|slp|[from] move: Sleep Powder
|
|upkeep
|turn|2
|
|t:|1657389452
|cant|p2a: Landorus|slp
|move|p1a: Tangrowth|Knock Off|p2a: Landorus
|-damage|p2a: Landorus|84/100 slp
|-enditem|p2a: Landorus|Focus Sash|[from] move: Knock Off|[of] p1a: Tangrowth
|
|upkeep
|turn|3
|
|t:|1657389460
|cant|p2a: Landorus|slp
|move|p1a: Tangrowth|Power Whip|p2a: Landorus|[miss]
|-miss|p1a: Tangrowth|p2a: Landorus
|
|upkeep
|turn|4
|
|t:|1657389467
|cant|p2a: Landorus|slp
|move|p1a: Tangrowth|Power Whip|p2a: Landorus|[miss]
|-miss|p1a: Tangrowth|p2a: Landorus
|
|upkeep
|turn|5
|l| robertrompeortos
|
|t:|1657389481
|-curestatus|p2a: Landorus|slp|[msg]
|move|p2a: Landorus|Swords Dance|p2a: Landorus
|-boost|p2a: Landorus|atk|2
|move|p1a: Tangrowth|Power Whip|p2a: Landorus
|-damage|p2a: Landorus|50/100
|
|upkeep
|turn|6
|j| CB Bhris Breezy
|inactive|hypervortexreturns has 120 seconds left.
|inactive|hypervortexreturns has 90 seconds left.
|
|t:|1657389548
|switch|p1a: Azumarill|Azumarill, M|100/100
|-damage|p1a: Azumarill|88/100|[from] Stealth Rock
|move|p2a: Landorus|Knock Off|p1a: Azumarill
|-resisted|p1a: Azumarill
|-damage|p1a: Azumarill|44/100
|-enditem|p1a: Azumarill|Sitrus Berry|[from] move: Knock Off|[of] p2a: Landorus
|
|upkeep
|turn|7
|inactive|hypervortexreturns has 90 seconds left.
|
|t:|1657389565
|switch|p2a: Volcanion|Volcanion|100/100
|move|p1a: Azumarill|Aqua Jet|p2a: Volcanion
|-immune|p2a: Volcanion|[from] ability: Water Absorb
|
|upkeep
|turn|8
|j| oooooxx lmao
|inactive|hypervortexreturns has 90 seconds left.
|
|t:|1657389586
|switch|p1a: Hydreigon|Hydreigon, M|100/100
|-damage|p1a: Hydreigon|88/100|[from] Stealth Rock
|move|p2a: Volcanion|Steam Eruption|p1a: Hydreigon
|-resisted|p1a: Hydreigon
|-damage|p1a: Hydreigon|59/100
|-status|p1a: Hydreigon|brn
|
|-heal|p1a: Hydreigon|66/100 brn|[from] item: Leftovers
|-damage|p1a: Hydreigon|59/100 brn|[from] brn
|upkeep
|turn|9
|inactive|noudle soop has 120 seconds left.
|j| Noir Z
|inactive|noudle soop has 90 seconds left.
|
|t:|1657389661
|switch|p2a: Landorus|Landorus-Therian, M|50/100
|-ability|p2a: Landorus|Intimidate|boost
|-unboost|p1a: Hydreigon|atk|1
|move|p1a: Hydreigon|Roost|p1a: Hydreigon
|-heal|p1a: Hydreigon|100/100 brn
|-singleturn|p1a: Hydreigon|move: Roost
|
|-damage|p1a: Hydreigon|94/100 brn|[from] brn
|upkeep
|turn|10
|
|t:|1657389674
|move|p1a: Hydreigon|Dark Pulse|p2a: Landorus
|-damage|p2a: Landorus|7/100
|move|p2a: Landorus|Knock Off|p1a: Hydreigon
|-resisted|p1a: Hydreigon
|-damage|p1a: Hydreigon|74/100 brn
|-enditem|p1a: Hydreigon|Leftovers|[from] move: Knock Off|[of] p2a: Landorus
|
|-damage|p1a: Hydreigon|67/100 brn|[from] brn
|upkeep
|turn|11
|inactive|noudle soop has 90 seconds left.
|
|t:|1657389698
|move|p1a: Hydreigon|Dark Pulse|p2a: Landorus
|-damage|p2a: Landorus|0 fnt
|faint|p2a: Landorus
|
|-damage|p1a: Hydreigon|61/100 brn|[from] brn
|upkeep
|j| Onichaann
|
|t:|1657389712
|switch|p2a: Mew|Mew|100/100
|turn|12
|inactive|hypervortexreturns has 90 seconds left.
|
|t:|1657389733
|switch|p1a: Corviknight|Corviknight, M|100/100
|-damage|p1a: Corviknight|88/100|[from] Stealth Rock
|-ability|p1a: Corviknight|Pressure
|move|p2a: Mew|Dragon Dance|p2a: Mew
|-boost|p2a: Mew|atk|1
|-boost|p2a: Mew|spe|1
|
|-heal|p1a: Corviknight|94/100|[from] item: Leftovers
|upkeep
|turn|13
|
|t:|1657389752
|move|p2a: Mew|Dragon Dance|p2a: Mew
|-boost|p2a: Mew|atk|1
|-boost|p2a: Mew|spe|1
|move|p1a: Corviknight|Bulk Up|p1a: Corviknight
|-boost|p1a: Corviknight|atk|1
|-boost|p1a: Corviknight|def|1
|
|-heal|p1a: Corviknight|100/100|[from] item: Leftovers
|upkeep
|turn|14
|
|t:|1657389766
|switch|p2a: Volcanion|Volcanion|100/100
|move|p1a: Corviknight|Bulk Up|p1a: Corviknight
|-boost|p1a: Corviknight|atk|1
|-boost|p1a: Corviknight|def|1
|
|upkeep
|turn|15
|
|t:|1657389785
|switch|p1a: Azumarill|Azumarill, M|44/100
|-damage|p1a: Azumarill|32/100|[from] Stealth Rock
|move|p2a: Volcanion|Flamethrower|p1a: Azumarill
|-resisted|p1a: Azumarill
|-damage|p1a: Azumarill|0 fnt
|faint|p1a: Azumarill
|
|upkeep
|inactive|hypervortexreturns has 60 seconds left.
|
|t:|1657389797
|switch|p1a: Hydreigon|Hydreigon, M|61/100 brn
|-damage|p1a: Hydreigon|49/100 brn|[from] Stealth Rock
|turn|16
|inactive|noudle soop has 90 seconds left.
|c| Noir Z|ZZzzzzZzzzzzZZZ
|
|t:|1657389845
|switch|p2a: Mew|Mew|100/100
|move|p1a: Hydreigon|Roost|p1a: Hydreigon
|-heal|p1a: Hydreigon|99/100 brn
|-singleturn|p1a: Hydreigon|move: Roost
|
|-damage|p1a: Hydreigon|92/100 brn|[from] brn
|upkeep
|turn|17
|c| Noir Z|on veut du spectacle
|j| isduffbidfhjgb
|
|t:|1657389863
|switch|p1a: Zapdos|Zapdos|100/100
|move|p2a: Mew|Dragon Dance|p2a: Mew
|-boost|p2a: Mew|atk|1
|-boost|p2a: Mew|spe|1
|
|upkeep
|turn|18
|
|t:|1657389876
|move|p2a: Mew|Triple Axel|p1a: Zapdos
|-supereffective|p1a: Zapdos
|-damage|p1a: Zapdos|78/100
|-supereffective|p1a: Zapdos
|-damage|p1a: Zapdos|33/100
|-supereffective|p1a: Zapdos
|-damage|p1a: Zapdos|0 fnt
|faint|p1a: Zapdos
|-hitcount|p1: Zapdos|3
|
|upkeep
|c| Noir Z|lol
|c| Noir Z|original
|c|☆noudle soop|no para is crazy
|inactive|hypervortexreturns has 60 seconds left.
|
|t:|1657389888
|switch|p1a: Tangrowth|Tangrowth, F|100/100
|-damage|p1a: Tangrowth|88/100|[from] Stealth Rock
|turn|19
|
|t:|1657389894
|move|p2a: Mew|Triple Axel|p1a: Tangrowth
|-supereffective|p1a: Tangrowth
|-damage|p1a: Tangrowth|77/100
|-damage|p2a: Mew|84/100|[from] item: Rocky Helmet|[of] p1a: Tangrowth
|-supereffective|p1a: Tangrowth
|-damage|p1a: Tangrowth|55/100
|-damage|p2a: Mew|68/100|[from] item: Rocky Helmet|[of] p1a: Tangrowth
|-supereffective|p1a: Tangrowth
|-damage|p1a: Tangrowth|22/100
|-damage|p2a: Mew|51/100|[from] item: Rocky Helmet|[of] p1a: Tangrowth
|-hitcount|p1a: Tangrowth|3
|move|p1a: Tangrowth|Sleep Powder|p2a: Mew|[miss]
|-miss|p1a: Tangrowth|p2a: Mew
|
|upkeep
|turn|20
|c| Noir Z|aie
|inactive|hypervortexreturns has 60 seconds left.
|l| CB Bhris Breezy
|inactive|hypervortexreturns has 30 seconds left.
|
|t:|1657389949
|move|p2a: Mew|Psychic Fangs|p1a: Tangrowth
|-damage|p1a: Tangrowth|0 fnt
|-damage|p2a: Mew|35/100|[from] item: Rocky Helmet|[of] p1a: Tangrowth
|faint|p1a: Tangrowth
|
|upkeep
|inactive|hypervortexreturns has 30 seconds left this turn.
|j| Eichorrnia
|
|t:|1657389955
|switch|p1a: Corviknight|Corviknight, M|100/100
|-damage|p1a: Corviknight|88/100|[from] Stealth Rock
|-ability|p1a: Corviknight|Pressure
|turn|21
|inactive|hypervortexreturns has 30 seconds left.
|
|t:|1657389961
|switch|p2a: Volcanion|Volcanion|100/100
|move|p1a: Corviknight|Brave Bird|p2a: Volcanion
|-damage|p2a: Volcanion|67/100
|-damage|p1a: Corviknight|80/100|[from] Recoil
|
|-heal|p1a: Corviknight|86/100|[from] item: Leftovers
|upkeep
|turn|22
|inactive|hypervortexreturns has 30 seconds left.
|
|t:|1657389972
|switch|p1a: Hydreigon|Hydreigon, M|92/100 brn
|-damage|p1a: Hydreigon|80/100 brn|[from] Stealth Rock
|move|p2a: Volcanion|Flamethrower|p1a: Hydreigon
|-resisted|p1a: Hydreigon
|-damage|p1a: Hydreigon|55/100 brn
|
|-damage|p1a: Hydreigon|49/100 brn|[from] brn
|upkeep
|turn|23
|inactive|hypervortexreturns has 30 seconds left.
|
|t:|1657389983
|switch|p2a: Mew|Mew|35/100
|move|p1a: Hydreigon|Roost|p1a: Hydreigon
|-heal|p1a: Hydreigon|99/100 brn
|-singleturn|p1a: Hydreigon|move: Roost
|
|-damage|p1a: Hydreigon|92/100 brn|[from] brn
|upkeep
|turn|24
|
|t:|1657389992
|move|p2a: Mew|Close Combat|p1a: Hydreigon
|-supereffective|p1a: Hydreigon
|-damage|p1a: Hydreigon|11/100 brn
|-unboost|p2a: Mew|def|1
|-unboost|p2a: Mew|spd|1
|move|p1a: Hydreigon|Dark Pulse|p2a: Mew
|-supereffective|p2a: Mew
|-damage|p2a: Mew|0 fnt
|faint|p2a: Mew
|
|-damage|p1a: Hydreigon|4/100 brn|[from] brn
|upkeep
|
|t:|1657389997
|switch|p2a: Kartana|Kartana|100/100
|turn|25
|j| fat bastard
|-message|hypervortexreturns forfeited.
|
|win|noudle soop
|raw|hypervortexreturns's rating: 1844 &rarr; <strong>1819</strong><br />(-25 for losing)
|raw|noudle soop's rating: 1759 &rarr; <strong>1784</strong><br />(+25 for winning)
|l|‽hypervortexreturns
|c| Noir Z|gg
|c|☆noudle soop|gg
