|j|☆Run For Me Plz
|j|☆Sombra Diurna
|t:|1643681417
|gametype|singles
|player|p1|Run For Me Plz|evelyn|1644
|player|p2|Sombra Diurna|blue|1763
|teamsize|p1|6
|teamsize|p2|6
|gen|8
|tier|[Gen 8] OU
|rated|
|rule|Sleep Clause Mod: Limit one foe put to sleep
|rule|Species Clause: Limit one of each Pokémon
|rule|OHKO Clause: OHKO moves are banned
|rule|Evasion Moves Clause: Evasion moves are banned
|rule|Endless Battle Clause: Forcing endless battles is banned
|rule|HP Percentage Mod: HP is shown in percentages
|rule|Dynamax Clause: You cannot dynamax
|clearpoke
|poke|p1|Hydreigon, M|
|poke|p1|Slowking, F|
|poke|p1|Tangrowth, F|
|poke|p1|Corviknight, F|
|poke|p1|Clefable, M|
|poke|p1|Blissey, F|
|poke|p2|Marowak-Alola, M|
|poke|p2|Slowbro, M|
|poke|p2|Hatterene, F|
|poke|p2|Garchomp, M|
|poke|p2|Ferrothorn, M|
|poke|p2|Drampa, M|
|teampreview
|inactive|Battle timer is ON: inactive players will automatically lose when time's up. (requested by Run For Me Plz)
|
|t:|1643681430
|start
|switch|p1a: Cerberus|Hydreigon, M, shiny|100/100
|switch|p2a: Thorns|Ferrothorn, M|100/100
|turn|1
|
|t:|1643681437
|move|p1a: Cerberus|Dark Pulse|p2a: Thorns
|-damage|p2a: Thorns|56/100
|cant|p2a: Thorns|flinch
|
|upkeep
|turn|2
|
|t:|1643681445
|move|p1a: Cerberus|Dark Pulse|p2a: Thorns
|-damage|p2a: Thorns|13/100
|move|p2a: Thorns|Gyro Ball|p1a: Cerberus
|-damage|p1a: Cerberus|35/100
|
|upkeep
|turn|3
|
|t:|1643681453
|switch|p2a: Sharko|Garchomp, M|100/100
|move|p1a: Cerberus|Dark Pulse|p2a: Sharko
|-damage|p2a: Sharko|29/100
|
|-heal|p2a: Sharko|35/100|[from] item: Leftovers
|upkeep
|turn|4
|
|t:|1643681460
|switch|p1a: Excalibird|Corviknight, F, shiny|100/100
|-ability|p1a: Excalibird|Pressure
|move|p2a: Sharko|Stone Edge|p1a: Excalibird
|-damage|p1a: Excalibird|76/100
|
|-heal|p2a: Sharko|41/100|[from] item: Leftovers
|-heal|p1a: Excalibird|83/100|[from] item: Leftovers
|upkeep
|turn|5
|
|t:|1643681469
|move|p2a: Sharko|Swords Dance|p2a: Sharko
|-boost|p2a: Sharko|atk|2
|move|p1a: Excalibird|Brave Bird|p2a: Sharko
|-damage|p2a: Sharko|5/100
|-damage|p1a: Excalibird|70/100|[from] ability: Rough Skin|[of] p2a: Sharko
|-damage|p1a: Excalibird|59/100|[from] Recoil
|
|-heal|p2a: Sharko|11/100|[from] item: Leftovers
|-heal|p1a: Excalibird|66/100|[from] item: Leftovers
|upkeep
|turn|6
|
|t:|1643681481
|switch|p1a: WHERE YA MOM AT|Tangrowth, F, shiny|100/100
|move|p2a: Sharko|Stone Edge|p1a: WHERE YA MOM AT|[miss]
|-miss|p2a: Sharko|p1a: WHERE YA MOM AT
|
|-heal|p2a: Sharko|17/100|[from] item: Leftovers
|upkeep
|turn|7
|c|☆Sombra Diurna|.....
|
|t:|1643681497
|switch|p2a: Gorra|Hatterene, F, shiny|100/100
|move|p1a: WHERE YA MOM AT|Giga Drain|p2a: Gorra
|-damage|p2a: Gorra|79/100
|
|upkeep
|turn|8
|
|t:|1643681502
|switch|p1a: Pamplemousse|Slowking, F, shiny|100/100
|move|p2a: Gorra|Trick Room|p2a: Gorra
|-fieldstart|move: Trick Room|[of] p2a: Gorra
|
|upkeep
|turn|9
|
|t:|1643681506
|switch|p2a: Thorns|Ferrothorn, M|13/100
|move|p1a: Pamplemousse|Scald|p2a: Thorns
|-resisted|p2a: Thorns
|-damage|p2a: Thorns|3/100
|
|upkeep
|turn|10
|
|t:|1643681513
|switch|p1a: WHERE YA MOM AT|Tangrowth, F, shiny|100/100
|move|p2a: Thorns|Stealth Rock|p1a: WHERE YA MOM AT
|-sidestart|p1: Run For Me Plz|move: Stealth Rock
|
|upkeep
|turn|11
|
|t:|1643681523
|switch|p2a: Falkor|Drampa, M|100/100
|move|p1a: WHERE YA MOM AT|Knock Off|p2a: Falkor
|-damage|p2a: Falkor|76/100
|-enditem|p2a: Falkor|Life Orb|[from] move: Knock Off|[of] p1a: WHERE YA MOM AT
|
|upkeep
|turn|12
|
|t:|1643681535
|switch|p2a: Sonso|Slowbro, M|100/100
|switch|p1a: Pamplemousse|Slowking, F, shiny|100/100
|-damage|p1a: Pamplemousse|88/100|[from] Stealth Rock
|
|-heal|p1a: Pamplemousse|94/100|[from] item: Leftovers
|-fieldend|move: Trick Room
|upkeep
|turn|13
|j| Rutherford B Krazy
|
|t:|1643681543
|move|p1a: Pamplemousse|Future Sight|p2a: Sonso
|-start|p1a: Pamplemousse|move: Future Sight
|move|p2a: Sonso|Trick Room|p2a: Sonso
|-fieldstart|move: Trick Room|[of] p2a: Sonso
|
|-heal|p1a: Pamplemousse|99/100|[from] item: Leftovers
|upkeep
|turn|14
|
|t:|1643681548
|switch|p2a: Falkor|Drampa, M|76/100
|move|p1a: Pamplemousse|Scald|p2a: Falkor
|-resisted|p2a: Falkor
|-damage|p2a: Falkor|61/100
|
|-heal|p1a: Pamplemousse|100/100|[from] item: Leftovers
|upkeep
|turn|15
|
|t:|1643681556
|move|p1a: Pamplemousse|Scald|p2a: Falkor
|-resisted|p2a: Falkor
|-damage|p2a: Falkor|48/100
|-ability|p2a: Falkor|Berserk|boost
|-boost|p2a: Falkor|spa|1
|move|p2a: Falkor|Roost|p2a: Falkor
|-heal|p2a: Falkor|98/100
|-singleturn|p2a: Falkor|move: Roost
|
|-end|p2a: Falkor|move: Future Sight
|-damage|p2a: Falkor|56/100
|upkeep
|turn|16
|
|t:|1643681567
|move|p1a: Pamplemousse|Future Sight|p2a: Falkor
|-start|p1a: Pamplemousse|move: Future Sight
|move|p2a: Falkor|Roost|p2a: Falkor
|-heal|p2a: Falkor|100/100
|-singleturn|p2a: Falkor|move: Roost
|
|upkeep
|turn|17
|
|t:|1643681571
|move|p1a: Pamplemousse|Scald|p2a: Falkor
|-resisted|p2a: Falkor
|-damage|p2a: Falkor|86/100
|move|p2a: Falkor|Thunderbolt|p1a: Pamplemousse
|-supereffective|p1a: Pamplemousse
|-damage|p1a: Pamplemousse|38/100
|
|-heal|p1a: Pamplemousse|44/100|[from] item: Leftovers
|-fieldend|move: Trick Room
|upkeep
|turn|18
|
|t:|1643681581
|switch|p1a: BIG POPPA|Blissey, F, shiny|100/100
|move|p2a: Falkor|Focus Blast|p1a: BIG POPPA
|-supereffective|p1a: BIG POPPA
|-damage|p1a: BIG POPPA|50/100
|-unboost|p1a: BIG POPPA|spd|1
|
|-end|p2a: Falkor|move: Future Sight
|-damage|p2a: Falkor|47/100
|-ability|p2a: Falkor|Berserk|boost
|-boost|p2a: Falkor|spa|1
|upkeep
|turn|19
|
|t:|1643681591
|switch|p1a: FAIRY GODMOTHER|Clefable, M, shiny|100/100
|move|p2a: Falkor|Roost|p2a: Falkor
|-heal|p2a: Falkor|97/100
|-singleturn|p2a: Falkor|move: Roost
|
|upkeep
|turn|20
|
|t:|1643681597
|move|p1a: FAIRY GODMOTHER|Moonblast|p2a: Falkor
|-supereffective|p2a: Falkor
|-damage|p2a: Falkor|35/100
|-ability|p2a: Falkor|Berserk|boost
|-boost|p2a: Falkor|spa|1
|move|p2a: Falkor|Hyper Voice|p1a: FAIRY GODMOTHER
|-damage|p1a: FAIRY GODMOTHER|54/100
|
|upkeep
|turn|21
|
|t:|1643681608
|switch|p2a: Sonso|Slowbro, M|100/100
|move|p1a: FAIRY GODMOTHER|Soft-Boiled|p1a: FAIRY GODMOTHER
|-heal|p1a: FAIRY GODMOTHER|100/100
|
|upkeep
|turn|22
|
|t:|1643681617
|switch|p1a: Excalibird|Corviknight, F, shiny|66/100
|-damage|p1a: Excalibird|53/100|[from] Stealth Rock
|-ability|p1a: Excalibird|Pressure
|move|p2a: Sonso|Trick Room|p2a: Sonso
|-fieldstart|move: Trick Room|[of] p2a: Sonso
|
|-heal|p1a: Excalibird|59/100|[from] item: Leftovers
|upkeep
|turn|23
|
|t:|1643681625
|switch|p2a: Billy B.|Marowak-Alola, M, shiny|100/100
|move|p1a: Excalibird|Defog|p2a: Billy B.
|-unboost|p2a: Billy B.|evasion|1
|-sideend|p1: Run For Me Plz|Stealth Rock|[from] move: Defog|[of] p1a: Excalibird
|
|-heal|p1a: Excalibird|66/100|[from] item: Leftovers
|upkeep
|turn|24
|
|t:|1643681636
|switch|p1a: WHERE YA MOM AT|Tangrowth, F, shiny|100/100
|move|p2a: Billy B.|Flare Blitz|p1a: WHERE YA MOM AT
|-supereffective|p1a: WHERE YA MOM AT
|-damage|p1a: WHERE YA MOM AT|0 fnt
|-damage|p2a: Billy B.|84/100|[from] item: Rocky Helmet|[of] p1a: WHERE YA MOM AT
|faint|p1a: WHERE YA MOM AT
|
|upkeep
|
|t:|1643681640
|switch|p1a: Pamplemousse|Slowking, F, shiny|77/100
|turn|25
|
|t:|1643681645
|move|p1a: Pamplemousse|Scald|p2a: Billy B.
|-supereffective|p2a: Billy B.
|-damage|p2a: Billy B.|20/100
|move|p2a: Billy B.|Poltergeist|p1a: Pamplemousse
|-activate|p1a: Pamplemousse|move: Poltergeist|Leftovers
|-supereffective|p1a: Pamplemousse
|-damage|p1a: Pamplemousse|0 fnt
|faint|p1a: Pamplemousse
|
|upkeep
|
|t:|1643681657
|switch|p1a: BIG POPPA|Blissey, F, shiny|50/100
|turn|26
|
|t:|1643681660
|move|p2a: Billy B.|Flare Blitz|p1a: BIG POPPA
|-damage|p1a: BIG POPPA|0 fnt
|faint|p1a: BIG POPPA
|
|-fieldend|move: Trick Room
|upkeep
|
|t:|1643681662
|switch|p1a: Cerberus|Hydreigon, M, shiny|35/100
|turn|27
|
|t:|1643681669
|switch|p2a: Thorns|Ferrothorn, M|3/100
|move|p1a: Cerberus|Dark Pulse|p2a: Thorns
|-damage|p2a: Thorns|0 fnt
|faint|p2a: Thorns
|
|upkeep
|
|t:|1643681675
|switch|p2a: Sharko|Garchomp, M|17/100
|turn|28
|
|t:|1643681679
|switch|p1a: FAIRY GODMOTHER|Clefable, M, shiny|100/100
|move|p2a: Sharko|Scale Shot|p1a: FAIRY GODMOTHER
|-immune|p1a: FAIRY GODMOTHER
|
|-heal|p2a: Sharko|23/100|[from] item: Leftovers
|upkeep
|turn|29
|
|t:|1643681686
|switch|p2a: Gorra|Hatterene, F, shiny|79/100
|move|p1a: FAIRY GODMOTHER|Moonblast|p2a: Gorra
|-damage|p2a: Gorra|56/100
|
|upkeep
|turn|30
|
|t:|1643681692
|move|p1a: FAIRY GODMOTHER|Calm Mind|p1a: FAIRY GODMOTHER
|-boost|p1a: FAIRY GODMOTHER|spa|1
|-boost|p1a: FAIRY GODMOTHER|spd|1
|move|p2a: Gorra|Trick Room|p2a: Gorra
|-fieldstart|move: Trick Room|[of] p2a: Gorra
|
|upkeep
|turn|31
|
|t:|1643681696
|move|p2a: Gorra|Healing Wish|p2a: Gorra
|faint|p2a: Gorra
|move|p1a: FAIRY GODMOTHER|Moonblast|p2: Gorra|[notarget]
|-fail|p1a: FAIRY GODMOTHER
|
|upkeep
|
|t:|1643681700
|switch|p2a: Billy B.|Marowak-Alola, M, shiny|20/100
|-heal|p2a: Billy B.|100/100|[from] move: Healing Wish
|turn|32
|
|t:|1643681703
|move|p2a: Billy B.|Flare Blitz|p1a: FAIRY GODMOTHER
|-damage|p1a: FAIRY GODMOTHER|23/100
|move|p1a: FAIRY GODMOTHER|Soft-Boiled|p1a: FAIRY GODMOTHER
|-heal|p1a: FAIRY GODMOTHER|73/100
|
|upkeep
|turn|33
|
|t:|1643681716
|move|p2a: Billy B.|Flare Blitz|p1a: FAIRY GODMOTHER
|-damage|p1a: FAIRY GODMOTHER|0 fnt
|faint|p1a: FAIRY GODMOTHER
|
|upkeep
|
|t:|1643681719
|switch|p1a: Excalibird|Corviknight, F, shiny|66/100
|-ability|p1a: Excalibird|Pressure
|turn|34
|
|t:|1643681724
|move|p2a: Billy B.|Flare Blitz|p1a: Excalibird
|-supereffective|p1a: Excalibird
|-damage|p1a: Excalibird|0 fnt
|faint|p1a: Excalibird
|
|-fieldend|move: Trick Room
|upkeep
|
|t:|1643681725
|switch|p1a: Cerberus|Hydreigon, M, shiny|35/100
|turn|35
|
|t:|1643681731
|switch|p2a: Falkor|Drampa, M|35/100
|move|p1a: Cerberus|Dark Pulse|p2a: Falkor
|-damage|p2a: Falkor|0 fnt
|faint|p2a: Falkor
|
|upkeep
|
|t:|1643681737
|switch|p2a: Sharko|Garchomp, M|23/100
|turn|36
|
|t:|1643681740
|move|p2a: Sharko|Scale Shot|p1a: Cerberus
|-supereffective|p1a: Cerberus
|-damage|p1a: Cerberus|4/100
|-supereffective|p1a: Cerberus
|-damage|p1a: Cerberus|0 fnt
|faint|p1a: Cerberus
|-hitcount|p1: Cerberus|2
|
|win|Sombra Diurna
|raw|Run For Me Plz's rating: 1644 &rarr; <strong>1631</strong><br />(-13 for losing)
|raw|Sombra Diurna's rating: 1763 &rarr; <strong>1776</strong><br />(+13 for winning)
|l|☆Run For Me Plz
