|html|<div class="broadcast-blue"><strong>[Gen 8] OU is currently suspecting Melmetal! For information on how to participate check out the <a href="https://www.smogon.com/forums/threads/np-ss-ou-suspect-process-round-12-monster-mash.3709234/">suspect thread</a>.</strong></div>
|j|☆A3720
|j|☆minimax_ai
|t:|1666414863
|gametype|singles
|player|p1|A3720|102|1528
|player|p2|minimax_ai|lusamine-nihilego|1539
|teamsize|p1|6
|teamsize|p2|6
|gen|8
|tier|[Gen 8] OU
|rated|
|rule|Sleep Clause Mod: Limit one foe put to sleep
|rule|Species Clause: Limit one of each Pokémon
|rule|OHKO Clause: OHKO moves are banned
|rule|Evasion Items Clause: Evasion items are banned
|rule|Evasion Moves Clause: Evasion moves are banned
|rule|Endless Battle Clause: Forcing endless battles is banned
|rule|HP Percentage Mod: HP is shown in percentages
|rule|Dynamax Clause: You cannot dynamax
|clearpoke
|poke|p1|Zoroark, M|
|poke|p1|Regidrago|
|poke|p1|Nidoking, M|
|poke|p1|Regieleki|
|poke|p1|Dragonite, F|
|poke|p1|Melmetal|
|poke|p2|Rotom-Wash|
|poke|p2|Weavile, F|
|poke|p2|Landorus-Therian, M|
|poke|p2|Heatran, M|
|poke|p2|Tangrowth, F|
|poke|p2|Melmetal|
|teampreview
|c|☆minimax_ai|hf
|inactive|Battle timer is ON: inactive players will automatically lose when time's up. (requested by minimax_ai)
|inactive|A3720 has 120 seconds left.
|
|t:|1666414899
|start
|switch|p1a: Regidrago|Regidrago|100/100
|switch|p2a: Melmetal|Melmetal|100/100
|turn|1
|
|t:|1666414915
|move|p1a: Regidrago|Dragon Energy|p2a: Melmetal
|-resisted|p2a: Melmetal
|-damage|p2a: Melmetal|74/100
|move|p2a: Melmetal|Double Iron Bash|p1a: Regidrago
|-damage|p1a: Regidrago|53/100
|-damage|p1a: Regidrago|9/100
|-hitcount|p1a: Regidrago|2
|
|upkeep
|turn|2
|
|t:|1666414925
|move|p1a: Regidrago|Dragon Energy|p2a: Melmetal
|-resisted|p2a: Melmetal
|-damage|p2a: Melmetal|72/100
|move|p2a: Melmetal|Thunder Punch|p1a: Regidrago
|-resisted|p1a: Regidrago
|-damage|p1a: Regidrago|0 fnt
|faint|p1a: Regidrago
|
|upkeep
|inactive|A3720 has 120 seconds left.
|
|t:|1666414960
|switch|p1a: Melmetal|Melmetal|100/100
|turn|3
|
|t:|1666414961
|switch|p2a: rotomwash|Rotom-Wash|100/100
|move|p1a: Melmetal|Superpower|p2a: rotomwash
|-damage|p2a: rotomwash|25/100
|-unboost|p1a: Melmetal|atk|1
|-unboost|p1a: Melmetal|def|1
|
|-heal|p2a: rotomwash|31/100|[from] item: Leftovers
|upkeep
|turn|4
|
|t:|1666414974
|move|p2a: rotomwash|Pain Split|p1a: Melmetal
|-sethp|p1a: Melmetal|61/100|[from] move: Pain Split|[silent]
|-sethp|p2a: rotomwash|85/100|[from] move: Pain Split
|move|p1a: Melmetal|Superpower|p2a: rotomwash
|-damage|p2a: rotomwash|29/100
|-unboost|p1a: Melmetal|atk|1
|-unboost|p1a: Melmetal|def|1
|
|-heal|p2a: rotomwash|36/100|[from] item: Leftovers
|upkeep
|turn|5
|
|t:|1666414980
|switch|p1a: Regieleki|Regieleki|100/100
|move|p2a: rotomwash|Pain Split|p1a: Regieleki
|-sethp|p1a: Regieleki|67/100|[from] move: Pain Split|[silent]
|-sethp|p2a: rotomwash|71/100|[from] move: Pain Split
|
|-heal|p2a: rotomwash|77/100|[from] item: Leftovers
|upkeep
|turn|6
|
|t:|1666414988
|switch|p1a: Nidoking|Nidoking, M|100/100
|switch|p2a: landorustherian|Landorus-Therian, M|100/100
|-ability|p2a: landorustherian|Intimidate|boost
|-unboost|p1a: Nidoking|atk|1
|
|upkeep
|turn|7
|
|t:|1666414995
|switch|p2a: Heatran|Heatran, M|100/100
|-item|p2a: Heatran|Air Balloon
|move|p1a: Nidoking|Stealth Rock|p2a: Heatran
|-sidestart|p2: minimax_ai|move: Stealth Rock
|
|upkeep
|turn|8
|
|t:|1666415000
|move|p2a: Heatran|Magma Storm|p1a: Nidoking
|-damage|p1a: Nidoking|22/100
|-activate|p1a: Nidoking|move: Magma Storm|[of] p2a: Heatran
|move|p1a: Nidoking|Ice Beam|p2a: Heatran
|-resisted|p2a: Heatran
|-damage|p2a: Heatran|93/100
|-enditem|p2a: Heatran|Air Balloon
|
|-damage|p1a: Nidoking|10/100|[from] move: Magma Storm|[partiallytrapped]
|upkeep
|turn|9
|
|t:|1666415008
|move|p2a: Heatran|Magma Storm|p1a: Nidoking|[miss]
|-miss|p2a: Heatran|p1a: Nidoking
|move|p1a: Nidoking|Earth Power|p2a: Heatran
|-supereffective|p2a: Heatran
|-damage|p2a: Heatran|0 fnt
|faint|p2a: Heatran
|
|-end|p1a: Nidoking|Magma Storm|[partiallytrapped]|[silent]
|upkeep
|
|t:|1666415008
|switch|p2a: Melmetal|Melmetal|72/100
|-damage|p2a: Melmetal|66/100|[from] Stealth Rock
|turn|10
|
|t:|1666415029
|move|p1a: Nidoking|Earth Power|p2a: Melmetal
|-supereffective|p2a: Melmetal
|-damage|p2a: Melmetal|8/100
|move|p2a: Melmetal|Earthquake|p1a: Nidoking
|-supereffective|p1a: Nidoking
|-damage|p1a: Nidoking|0 fnt
|faint|p1a: Nidoking
|
|upkeep
|inactive|A3720 has 120 seconds left.
|
|t:|1666415060
|switch|p1a: Melmetal|Melmetal|61/100
|turn|11
|
|t:|1666415062
|switch|p2a: Tangrowth|Tangrowth, F|100/100
|-damage|p2a: Tangrowth|88/100|[from] Stealth Rock
|move|p1a: Melmetal|Double Iron Bash|p2a: Tangrowth
|-damage|p2a: Tangrowth|55/100
|-damage|p1a: Melmetal|45/100|[from] item: Rocky Helmet|[of] p2a: Tangrowth
|-damage|p2a: Tangrowth|21/100
|-damage|p1a: Melmetal|28/100|[from] item: Rocky Helmet|[of] p2a: Tangrowth
|-hitcount|p2a: Tangrowth|2
|
|upkeep
|turn|12
|inactive|A3720 has 120 seconds left.
|
|t:|1666415068
|switch|p2a: rotomwash|Rotom-Wash|77/100
|-damage|p2a: rotomwash|65/100|[from] Stealth Rock
|move|p1a: Melmetal|Double Iron Bash|p2a: rotomwash
|-resisted|p2a: rotomwash
|-damage|p2a: rotomwash|49/100
|-resisted|p2a: rotomwash
|-damage|p2a: rotomwash|31/100
|-hitcount|p2a: rotomwash|2
|
|-heal|p2a: rotomwash|37/100|[from] item: Leftovers
|upkeep
|turn|13
|inactive|A3720 has 120 seconds left.
|
|t:|1666415085
|switch|p1a: Dragonite|Dragonite, F|100/100
|move|p2a: rotomwash|Thunderbolt|p1a: Dragonite
|-damage|p1a: Dragonite|25/100
|replace|p1a: Zoroark|Zoroark, M
|-end|p1a: Zoroark|Illusion
|
|-heal|p2a: rotomwash|43/100|[from] item: Leftovers
|upkeep
|turn|14
|inactive|A3720 has 120 seconds left.
|
|t:|1666415095
|switch|p2a: landorustherian|Landorus-Therian, M|100/100
|-damage|p2a: landorustherian|88/100|[from] Stealth Rock
|-ability|p2a: landorustherian|Intimidate|boost
|-unboost|p1a: Zoroark|atk|1
|move|p1a: Zoroark|Knock Off|p2a: landorustherian
|-damage|p2a: landorustherian|57/100
|-enditem|p2a: landorustherian|Leftovers|[from] move: Knock Off|[of] p1a: Zoroark
|
|upkeep
|turn|15
|inactive|A3720 has 120 seconds left.
|
|t:|1666415102
|move|p1a: Zoroark|Trick|p2a: landorustherian
|-activate|p1a: Zoroark|move: Trick|[of] p2a: landorustherian
|-item|p2a: landorustherian|Ring Target|[from] move: Trick
|-enditem|p1a: Zoroark|Ring Target|[silent]|[from] move: Trick
|move|p2a: landorustherian|Defog|p1a: Zoroark
|-unboost|p1a: Zoroark|evasion|1
|-sideend|p2: minimax_ai|Stealth Rock|[from] move: Defog|[of] p2a: landorustherian
|
|upkeep
|turn|16
|inactive|A3720 has 120 seconds left.
|
|t:|1666415121
|move|p1a: Zoroark|Memento|p2a: landorustherian
|-unboost|p2a: landorustherian|atk|2
|-unboost|p2a: landorustherian|spa|2
|faint|p1a: Zoroark
|move|p2a: landorustherian|Earthquake|p1: Zoroark|[notarget]
|-fail|p2a: landorustherian
|
|upkeep
|
|t:|1666415144
|switch|p1a: Regieleki|Regieleki|67/100
|turn|17
|
|t:|1666415145
|move|p1a: Regieleki|Electro Ball|p2a: landorustherian
|-supereffective|p2a: landorustherian
|-damage|p2a: landorustherian|0 fnt
|faint|p2a: landorustherian
|
|upkeep
|
|t:|1666415146
|switch|p2a: Weavile|Weavile, F|100/100
|-ability|p2a: Weavile|Pressure
|turn|18
|inactive|A3720 has 120 seconds left.
|
|t:|1666415152
|move|p1a: Regieleki|Volt Switch|p2a: Weavile
|-damage|p2a: Weavile|38/100
|
|t:|1666415155
|switch|p1a: Melmetal|Melmetal|28/100|[from]move: Volt Switch
|move|p2a: Weavile|Knock Off|p1a: Melmetal
|-damage|p1a: Melmetal|0 fnt
|-enditem|p1a: Melmetal|Choice Band|[from] move: Knock Off|[of] p2a: Weavile
|faint|p1a: Melmetal
|
|upkeep
|
|t:|1666415160
|switch|p1a: Regieleki|Regieleki|67/100
|turn|19
|
|t:|1666415162
|switch|p2a: Melmetal|Melmetal|8/100
|move|p1a: Regieleki|Electro Ball|p2a: Melmetal
|-damage|p2a: Melmetal|0 fnt
|faint|p2a: Melmetal
|
|upkeep
|
|t:|1666415162
|switch|p2a: Weavile|Weavile, F|38/100
|-ability|p2a: Weavile|Pressure
|turn|20
|
|t:|1666415165
|move|p2a: Weavile|Ice Shard|p1a: Regieleki
|-damage|p1a: Regieleki|14/100
|move|p1a: Regieleki|Electro Ball|p2a: Weavile
|-damage|p2a: Weavile|0 fnt
|faint|p2a: Weavile
|
|upkeep
|
|t:|1666415165
|switch|p2a: Tangrowth|Tangrowth, F|54/100
|turn|21
|
|t:|1666415185
|switch|p2a: rotomwash|Rotom-Wash|43/100
|move|p1a: Regieleki|Electro Ball|p2a: rotomwash
|-damage|p2a: rotomwash|1/100
|
|-heal|p2a: rotomwash|7/100|[from] item: Leftovers
|upkeep
|turn|22
|
|t:|1666415190
|move|p1a: Regieleki|Volt Switch|p2a: rotomwash
|-damage|p2a: rotomwash|0 fnt
|faint|p2a: rotomwash
|
|t:|1666415192
|switch|p1a: Dragonite|Dragonite, F|100/100|[from]move: Volt Switch
|
|upkeep
|
|t:|1666415192
|switch|p2a: Tangrowth|Tangrowth, F|87/100
|turn|23
|
|t:|1666415196
|move|p1a: Dragonite|Dragon Dance|p1a: Dragonite
|-boost|p1a: Dragonite|atk|1
|-boost|p1a: Dragonite|spe|1
|move|p2a: Tangrowth|Sleep Powder|p1a: Dragonite
|-status|p1a: Dragonite|slp|[from] move: Sleep Powder
|
|upkeep
|turn|24
|
|t:|1666415199
|cant|p1a: Dragonite|slp
|move|p2a: Tangrowth|Sleep Powder|p1a: Dragonite
|-fail|p1a: Dragonite|slp
|
|upkeep
|turn|25
|
|t:|1666415201
|cant|p1a: Dragonite|slp
|move|p2a: Tangrowth|Sleep Powder|p1a: Dragonite|[miss]
|-miss|p2a: Tangrowth|p1a: Dragonite
|
|upkeep
|turn|26
|
|t:|1666415203
|-curestatus|p1a: Dragonite|slp|[msg]
|move|p1a: Dragonite|Dragon Dance|p1a: Dragonite
|-boost|p1a: Dragonite|atk|1
|-boost|p1a: Dragonite|spe|1
|move|p2a: Tangrowth|Sleep Powder|p1a: Dragonite
|-status|p1a: Dragonite|slp|[from] move: Sleep Powder
|
|upkeep
|turn|27
|
|t:|1666415206
|cant|p1a: Dragonite|slp
|move|p2a: Tangrowth|Knock Off|p1a: Dragonite
|-damage|p1a: Dragonite|75/100 slp
|-enditem|p1a: Dragonite|Heavy-Duty Boots|[from] move: Knock Off|[of] p2a: Tangrowth
|
|upkeep
|turn|28
|
|t:|1666415209
|cant|p1a: Dragonite|slp
|move|p2a: Tangrowth|Giga Drain|p1a: Dragonite
|-resisted|p1a: Dragonite
|-damage|p1a: Dragonite|68/100 slp
|-heal|p2a: Tangrowth|90/100|[from] drain|[of] p1a: Dragonite
|
|upkeep
|turn|29
|
|t:|1666415216
|-curestatus|p1a: Dragonite|slp|[msg]
|move|p1a: Dragonite|Ice Punch|p2a: Tangrowth
|-supereffective|p2a: Tangrowth
|-damage|p2a: Tangrowth|36/100
|-damage|p1a: Dragonite|52/100|[from] item: Rocky Helmet|[of] p2a: Tangrowth
|move|p2a: Tangrowth|Sleep Powder|p1a: Dragonite|[miss]
|-miss|p2a: Tangrowth|p1a: Dragonite
|
|upkeep
|turn|30
|
|t:|1666415220
|move|p1a: Dragonite|Ice Punch|p2a: Tangrowth
|-supereffective|p2a: Tangrowth
|-damage|p2a: Tangrowth|0 fnt
|-damage|p1a: Dragonite|35/100|[from] item: Rocky Helmet|[of] p2a: Tangrowth
|faint|p2a: Tangrowth
|
|win|A3720
|raw|A3720's rating: 1528 &rarr; <strong>1549</strong><br />(+21 for winning)
|raw|minimax_ai's rating: 1539 &rarr; <strong>1518</strong><br />(-21 for losing)
|c|☆minimax_ai|gg
