|j|☆Adel19
|j|☆6f65sg4dg
|t:|1654496201
|gametype|singles
|player|p1|Adel19|170|1679
|player|p2|6f65sg4dg|steven|1683
|teamsize|p1|6
|teamsize|p2|6
|gen|8
|tier|[Gen 8] OU
|rated|
|rule|Sleep Clause Mod: Limit one foe put to sleep
|rule|Species Clause: Limit one of each Pokémon
|rule|OHKO Clause: OHKO moves are banned
|rule|Evasion Moves Clause: Evasion moves are banned
|rule|Endless Battle Clause: Forcing endless battles is banned
|rule|HP Percentage Mod: HP is shown in percentages
|rule|Dynamax Clause: You cannot dynamax
|clearpoke
|poke|p1|Landorus-Therian, M|
|poke|p1|Zeraora|
|poke|p1|Kartana|
|poke|p1|Tapu Fini|
|poke|p1|Blissey, F|
|poke|p1|Tapu Lele|
|poke|p2|Crawdaunt, M|
|poke|p2|Pelipper, M|
|poke|p2|Blastoise, M|
|poke|p2|Thundurus-Therian, M|
|poke|p2|Barraskewda, M|
|poke|p2|Ferrothorn, M|
|teampreview
|c|☆6f65sg4dg|6times
|c|☆6f65sg4dg|good luck
|
|t:|1654496272
|start
|switch|p1a: Zeraora|Zeraora|100/100
|switch|p2a: 乔治-希尔|Pelipper, M|100/100
|-weather|RainDance|[from] ability: Drizzle|[of] p2a: 乔治-希尔
|turn|1
|
|t:|1654496276
|switch|p2a: 安德烈·罗伯森|Ferrothorn, M|100/100
|move|p1a: Zeraora|Bulk Up|p1a: Zeraora
|-boost|p1a: Zeraora|atk|1
|-boost|p1a: Zeraora|def|1
|
|-weather|RainDance|[upkeep]
|upkeep
|turn|2
|
|t:|1654496280
|move|p1a: Zeraora|Bulk Up|p1a: Zeraora
|-boost|p1a: Zeraora|atk|1
|-boost|p1a: Zeraora|def|1
|move|p2a: 安德烈·罗伯森|Stealth Rock|p1a: Zeraora
|-sidestart|p1: Adel19|move: Stealth Rock
|
|-weather|RainDance|[upkeep]
|upkeep
|turn|3
|
|t:|1654496283
|move|p1a: Zeraora|Knock Off|p2a: 安德烈·罗伯森
|-damage|p2a: 安德烈·罗伯森|67/100
|-damage|p1a: Zeraora|88/100|[from] ability: Iron Barbs|[of] p2a: 安德烈·罗伯森
|-damage|p1a: Zeraora|72/100|[from] item: Rocky Helmet|[of] p2a: 安德烈·罗伯森
|-enditem|p2a: 安德烈·罗伯森|Rocky Helmet|[from] move: Knock Off|[of] p1a: Zeraora
|move|p2a: 安德烈·罗伯森|Knock Off|p1a: Zeraora
|-damage|p1a: Zeraora|58/100
|-enditem|p1a: Zeraora|Heavy-Duty Boots|[from] move: Knock Off|[of] p2a: 安德烈·罗伯森
|
|-weather|RainDance|[upkeep]
|upkeep
|turn|4
|
|t:|1654496285
|move|p1a: Zeraora|Drain Punch|p2a: 安德烈·罗伯森
|-supereffective|p2a: 安德烈·罗伯森
|-damage|p2a: 安德烈·罗伯森|7/100
|-heal|p1a: Zeraora|91/100|[from] drain|[of] p2a: 安德烈·罗伯森
|-damage|p1a: Zeraora|78/100|[from] ability: Iron Barbs|[of] p2a: 安德烈·罗伯森
|move|p2a: 安德烈·罗伯森|Gyro Ball|p1a: Zeraora
|-resisted|p1a: Zeraora
|-damage|p1a: Zeraora|61/100
|
|-weather|RainDance|[upkeep]
|upkeep
|turn|5
|inactive|Battle timer is ON: inactive players will automatically lose when time's up. (requested by 6f65sg4dg)
|
|t:|1654496289
|move|p1a: Zeraora|Drain Punch|p2a: 安德烈·罗伯森
|-supereffective|p2a: 安德烈·罗伯森
|-damage|p2a: 安德烈·罗伯森|0 fnt
|-heal|p1a: Zeraora|65/100|[from] drain|[of] p2a: 安德烈·罗伯森
|-damage|p1a: Zeraora|52/100|[from] ability: Iron Barbs|[of] p2a: 安德烈·罗伯森
|faint|p2a: 安德烈·罗伯森
|
|-weather|RainDance|[upkeep]
|upkeep
|
|t:|1654496291
|switch|p2a: 贾马尔·克劳福德|Barraskewda, M, shiny|100/100
|turn|6
|
|t:|1654496301
|move|p2a: 贾马尔·克劳福德|Liquidation|p1a: Zeraora
|-damage|p1a: Zeraora|0 fnt
|faint|p1a: Zeraora
|
|-weather|RainDance|[upkeep]
|upkeep
|
|t:|1654496304
|switch|p1a: Tapu Fini|Tapu Fini|100/100
|-damage|p1a: Tapu Fini|88/100|[from] Stealth Rock
|-fieldstart|move: Misty Terrain|[from] ability: Misty Surge|[of] p1a: Tapu Fini
|turn|7
|
|t:|1654496308
|switch|p2a: 卢克·理查德·巴莫特|Blastoise, M|100/100
|move|p1a: Tapu Fini|Moonblast|p2a: 卢克·理查德·巴莫特
|-damage|p2a: 卢克·理查德·巴莫特|78/100
|
|-weather|RainDance|[upkeep]
|-heal|p2a: 卢克·理查德·巴莫特|85/100|[from] ability: Rain Dish
|-heal|p1a: Tapu Fini|94/100|[from] item: Leftovers
|upkeep
|turn|8
|
|t:|1654496312
|move|p1a: Tapu Fini|Moonblast|p2a: 卢克·理查德·巴莫特
|-damage|p2a: 卢克·理查德·巴莫特|63/100
|-unboost|p2a: 卢克·理查德·巴莫特|spa|1
|move|p2a: 卢克·理查德·巴莫特|Flip Turn|p1a: Tapu Fini
|-resisted|p1a: Tapu Fini
|-damage|p1a: Tapu Fini|85/100
|
|t:|1654496315
|switch|p2a: 拉玛尔·奥多姆|Thundurus-Therian, M|100/100|[from]move: Flip Turn
|
|-weather|none
|-heal|p1a: Tapu Fini|91/100|[from] item: Leftovers
|upkeep
|turn|9
|
|t:|1654496324
|switch|p2a: 乔治-希尔|Pelipper, M|100/100
|-weather|RainDance|[from] ability: Drizzle|[of] p2a: 乔治-希尔
|switch|p1a: Landorus|Landorus-Therian, M|100/100
|-damage|p1a: Landorus|88/100|[from] Stealth Rock
|-ability|p1a: Landorus|Intimidate|boost
|-unboost|p2a: 乔治-希尔|atk|1
|
|-weather|RainDance|[upkeep]
|upkeep
|turn|10
|
|t:|1654496327
|move|p1a: Landorus|Stone Edge|p2a: 乔治-希尔
|-supereffective|p2a: 乔治-希尔
|-damage|p2a: 乔治-希尔|42/100
|move|p2a: 乔治-希尔|Scald|p1a: Landorus
|-supereffective|p1a: Landorus
|-damage|p1a: Landorus|0 fnt
|faint|p1a: Landorus
|
|-weather|RainDance|[upkeep]
|upkeep
|
|t:|1654496330
|switch|p1a: Blissey|Blissey, F|100/100
|turn|11
|
|t:|1654496333
|move|p2a: 乔治-希尔|U-turn|p1a: Blissey
|-damage|p1a: Blissey|96/100
|
|t:|1654496334
|switch|p2a: J.J.雷迪克|Crawdaunt, M, shiny|100/100|[from]move: U-turn
|move|p1a: Blissey|Stealth Rock|p2a: J.J.雷迪克
|-sidestart|p2: 6f65sg4dg|move: Stealth Rock
|
|-weather|RainDance|[upkeep]
|-fieldend|Misty Terrain
|upkeep
|turn|12
|inactive|Adel19 has 120 seconds left.
|
|t:|1654496375
|move|p2a: J.J.雷迪克|Crabhammer|p1a: Blissey
|-damage|p1a: Blissey|0 fnt
|faint|p1a: Blissey
|
|-weather|RainDance|[upkeep]
|upkeep
|
|t:|1654496377
|switch|p1a: Tapu Lele|Tapu Lele|100/100
|-damage|p1a: Tapu Lele|88/100|[from] Stealth Rock
|-fieldstart|move: Psychic Terrain|[from] ability: Psychic Surge|[of] p1a: Tapu Lele
|turn|13
|inactive|6f65sg4dg has 120 seconds left.
|
|t:|1654496412
|move|p1a: Tapu Lele|Moonblast|p2a: J.J.雷迪克
|-supereffective|p2a: J.J.雷迪克
|-damage|p2a: J.J.雷迪克|0 fnt
|faint|p2a: J.J.雷迪克
|
|-weather|RainDance|[upkeep]
|upkeep
|
|t:|1654496414
|switch|p2a: 贾马尔·克劳福德|Barraskewda, M, shiny|100/100
|-damage|p2a: 贾马尔·克劳福德|88/100|[from] Stealth Rock
|turn|14
|
|t:|1654496426
|move|p2a: 贾马尔·克劳福德|Liquidation|p1a: Tapu Lele
|-damage|p1a: Tapu Lele|0 fnt
|faint|p1a: Tapu Lele
|
|-weather|RainDance|[upkeep]
|upkeep
|
|t:|1654496428
|switch|p1a: Kartana|Kartana|100/100
|turn|15
|
|t:|1654496439
|switch|p2a: 卢克·理查德·巴莫特|Blastoise, M|63/100
|-damage|p2a: 卢克·理查德·巴莫特|50/100|[from] Stealth Rock
|move|p1a: Kartana|Swords Dance|p1a: Kartana
|-boost|p1a: Kartana|atk|2
|
|-weather|RainDance|[upkeep]
|-heal|p2a: 卢克·理查德·巴莫特|56/100|[from] ability: Rain Dish
|upkeep
|turn|16
|
|t:|1654496449
|move|p1a: Kartana|Leaf Blade|p2a: 卢克·理查德·巴莫特
|-supereffective|p2a: 卢克·理查德·巴莫特
|-crit|p2a: 卢克·理查德·巴莫特
|-damage|p2a: 卢克·理查德·巴莫特|0 fnt
|faint|p2a: 卢克·理查德·巴莫特
|-ability|p1a: Kartana|Beast Boost|boost
|-boost|p1a: Kartana|spe|1
|
|-weather|none
|upkeep
|
|t:|1654496451
|switch|p2a: 乔治-希尔|Pelipper, M|42/100
|-damage|p2a: 乔治-希尔|17/100|[from] Stealth Rock
|-weather|RainDance|[from] ability: Drizzle|[of] p2a: 乔治-希尔
|turn|17
|
|t:|1654496459
|move|p1a: Kartana|Leaf Blade|p2a: 乔治-希尔
|-damage|p2a: 乔治-希尔|0 fnt
|faint|p2a: 乔治-希尔
|-ability|p1a: Kartana|Beast Boost|boost
|-boost|p1a: Kartana|spe|1
|
|-weather|RainDance|[upkeep]
|-fieldend|move: Psychic Terrain
|upkeep
|
|t:|1654496461
|switch|p2a: 贾马尔·克劳福德|Barraskewda, M, shiny|88/100
|-damage|p2a: 贾马尔·克劳福德|76/100|[from] Stealth Rock
|turn|18
|
|t:|1654496468
|switch|p1a: Tapu Fini|Tapu Fini|91/100
|-damage|p1a: Tapu Fini|79/100|[from] Stealth Rock
|-fieldstart|move: Misty Terrain|[from] ability: Misty Surge|[of] p1a: Tapu Fini
|move|p2a: 贾马尔·克劳福德|Close Combat|p1a: Tapu Fini
|-resisted|p1a: Tapu Fini
|-damage|p1a: Tapu Fini|56/100
|-unboost|p2a: 贾马尔·克劳福德|def|1
|-unboost|p2a: 贾马尔·克劳福德|spd|1
|
|-weather|RainDance|[upkeep]
|-heal|p1a: Tapu Fini|62/100|[from] item: Leftovers
|upkeep
|turn|19
|
|t:|1654496480
|switch|p2a: 拉玛尔·奥多姆|Thundurus-Therian, M|100/100
|-damage|p2a: 拉玛尔·奥多姆|76/100|[from] Stealth Rock
|move|p1a: Tapu Fini|Moonblast|p2a: 拉玛尔·奥多姆
|-damage|p2a: 拉玛尔·奥多姆|44/100
|-unboost|p2a: 拉玛尔·奥多姆|spa|1
|
|-weather|RainDance|[upkeep]
|-heal|p1a: Tapu Fini|69/100|[from] item: Leftovers
|upkeep
|turn|20
|
|t:|1654496484
|switch|p1a: Kartana|Kartana|100/100
|move|p2a: 拉玛尔·奥多姆|Thunder|p1a: Kartana
|-resisted|p1a: Kartana
|-damage|p1a: Kartana|50/100
|
|-weather|RainDance|[upkeep]
|upkeep
|turn|21
|
|t:|1654496491
|move|p1a: Kartana|Knock Off|p2a: 拉玛尔·奥多姆
|-damage|p2a: 拉玛尔·奥多姆|0 fnt
|-enditem|p2a: 拉玛尔·奥多姆|Assault Vest|[from] move: Knock Off|[of] p1a: Kartana
|faint|p2a: 拉玛尔·奥多姆
|-ability|p1a: Kartana|Beast Boost|boost
|-boost|p1a: Kartana|spe|1
|
|-weather|RainDance|[upkeep]
|upkeep
|
|t:|1654496494
|switch|p2a: 贾马尔·克劳福德|Barraskewda, M, shiny|76/100
|-damage|p2a: 贾马尔·克劳福德|64/100|[from] Stealth Rock
|turn|22
|
|t:|1654496496
|move|p2a: 贾马尔·克劳福德|Liquidation|p1a: Kartana
|-resisted|p1a: Kartana
|-damage|p1a: Kartana|7/100
|move|p1a: Kartana|Leaf Blade|p2a: 贾马尔·克劳福德
|-supereffective|p2a: 贾马尔·克劳福德
|-damage|p2a: 贾马尔·克劳福德|0 fnt
|faint|p2a: 贾马尔·克劳福德
|
|win|Adel19
|raw|Adel19's rating: 1679 &rarr; <strong>1699</strong><br />(+20 for winning)
|raw|6f65sg4dg's rating: 1683 &rarr; <strong>1663</strong><br />(-20 for losing)
|c|☆6f65sg4dg|finally
|c|☆Adel19|Gg
|c|☆6f65sg4dg|win
|c|☆6f65sg4dg|gg
|c|☆Adel19|Noob
