|j|☆N30N3
|j|☆Ouforfeit
|player|p1|N30N3|170|1837
|player|p2|Ouforfeit|101|1713
|teamsize|p1|6
|teamsize|p2|6
|gametype|singles
|gen|8
|tier|[Gen 8] OU
|rated|
|clearpoke
|poke|p1|Kyurem|
|poke|p1|Hippowdon, M|
|poke|p1|Excadrill, F|
|poke|p1|Tyranitar, F|
|poke|p1|Conkeldurr, M|
|poke|p1|Ferrothorn, M|
|poke|p2|Clefable, M|
|poke|p2|Dragapult, M|
|poke|p2|Salazzle, F|
|poke|p2|Corviknight, F|
|poke|p2|Toxapex, M|
|poke|p2|Conkeldurr, M|
|rule|Sleep Clause Mod: Limit one foe put to sleep
|rule|Species Clause: Limit one of each Pokémon
|rule|OHKO Clause: OHKO moves are banned
|rule|Evasion Moves Clause: Evasion moves are banned
|rule|Endless Battle Clause: Forcing endless battles is banned
|rule|HP Percentage Mod: HP is shown in percentages
|rule|Dynamax Clause: You cannot dynamax
|teampreview
|j| findios
|inactive|Battle timer is ON: inactive players will automatically lose when time's up. (requested by Ouforfeit)
|inactive|N30N3 has 120 seconds left.
|inactive|N30N3 has 90 seconds left.
|
|start
|switch|p1a: Tyranitar|Tyranitar, F|100/100
|switch|p2a: Conkeldurr|Conkeldurr, M|100/100
|-weather|Sandstorm|[from] ability: Sand Stream|[of] p1a: Tyranitar
|turn|1
|j| avatar wan's bae
|
|switch|p1a: Hippowdon|Hippowdon, M|100/100
|move|p2a: Conkeldurr|Drain Punch|p1a: Hippowdon
|-damage|p1a: Hippowdon|77/100
|
|-weather|Sandstorm|[upkeep]
|-damage|p2a: Conkeldurr|94/100|[from] Sandstorm
|-status|p2a: Conkeldurr|brn|[from] item: Flame Orb
|upkeep
|turn|2
|
|move|p2a: Conkeldurr|Knock Off|p1a: Hippowdon
|-damage|p1a: Hippowdon|46/100
|-enditem|p1a: Hippowdon|Smooth Rock|[from] move: Knock Off|[of] p2a: Conkeldurr
|move|p1a: Hippowdon|Slack Off|p1a: Hippowdon
|-heal|p1a: Hippowdon|96/100
|
|-weather|Sandstorm|[upkeep]
|-damage|p2a: Conkeldurr|88/100 brn|[from] Sandstorm
|-damage|p2a: Conkeldurr|82/100 brn|[from] brn
|upkeep
|turn|3
|
|move|p2a: Conkeldurr|Drain Punch|p1a: Hippowdon
|-damage|p1a: Hippowdon|61/100
|-heal|p2a: Conkeldurr|100/100 brn|[from] drain|[of] p1a: Hippowdon
|move|p1a: Hippowdon|Stealth Rock|p2a: Conkeldurr
|-sidestart|p2: Ouforfeit|move: Stealth Rock
|
|-weather|Sandstorm|[upkeep]
|-damage|p2a: Conkeldurr|94/100 brn|[from] Sandstorm
|-damage|p2a: Conkeldurr|88/100 brn|[from] brn
|upkeep
|turn|4
|
|move|p2a: Conkeldurr|Drain Punch|p1a: Hippowdon
|-damage|p1a: Hippowdon|27/100
|-heal|p2a: Conkeldurr|100/100 brn|[from] drain|[of] p1a: Hippowdon
|move|p1a: Hippowdon|Slack Off|p1a: Hippowdon
|-heal|p1a: Hippowdon|77/100
|
|-weather|Sandstorm|[upkeep]
|-damage|p2a: Conkeldurr|94/100 brn|[from] Sandstorm
|-damage|p2a: Conkeldurr|88/100 brn|[from] brn
|upkeep
|turn|5
|
|move|p2a: Conkeldurr|Facade|p1a: Hippowdon
|-damage|p1a: Hippowdon|29/100
|move|p1a: Hippowdon|Slack Off|p1a: Hippowdon
|-heal|p1a: Hippowdon|79/100
|
|-weather|none
|-damage|p2a: Conkeldurr|82/100 brn|[from] brn
|upkeep
|turn|6
|
|move|p2a: Conkeldurr|Drain Punch|p1a: Hippowdon
|-damage|p1a: Hippowdon|42/100
|-heal|p2a: Conkeldurr|100/100 brn|[from] drain|[of] p1a: Hippowdon
|move|p1a: Hippowdon|Slack Off|p1a: Hippowdon
|-heal|p1a: Hippowdon|92/100
|
|-damage|p2a: Conkeldurr|94/100 brn|[from] brn
|upkeep
|turn|7
|
|move|p2a: Conkeldurr|Facade|p1a: Hippowdon
|-damage|p1a: Hippowdon|45/100
|move|p1a: Hippowdon|Earthquake|p2a: Conkeldurr
|-damage|p2a: Conkeldurr|59/100 brn
|
|-damage|p2a: Conkeldurr|53/100 brn|[from] brn
|upkeep
|turn|8
|
|switch|p1a: Tyranitar|Tyranitar, F|100/100
|-weather|Sandstorm|[from] ability: Sand Stream|[of] p1a: Tyranitar
|move|p2a: Conkeldurr|Facade|p1a: Tyranitar
|-resisted|p1a: Tyranitar
|-damage|p1a: Tyranitar|62/100
|
|-weather|Sandstorm|[upkeep]
|-damage|p2a: Conkeldurr|47/100 brn|[from] Sandstorm
|-damage|p2a: Conkeldurr|41/100 brn|[from] brn
|upkeep
|turn|9
|
|move|p1a: Tyranitar|Superpower|p2a: Conkeldurr
|-damage|p2a: Conkeldurr|0 fnt
|-unboost|p1a: Tyranitar|atk|1
|-unboost|p1a: Tyranitar|def|1
|faint|p2a: Conkeldurr
|
|-weather|Sandstorm|[upkeep]
|upkeep
|
|switch|p2a: Corviknight|Corviknight, F|100/100
|-damage|p2a: Corviknight|88/100|[from] Stealth Rock
|-ability|p2a: Corviknight|Pressure
|turn|10
|
|switch|p1a: Conkeldurr|Conkeldurr, M|100/100
|move|p2a: Corviknight|Defog|p1a: Conkeldurr
|-unboost|p1a: Conkeldurr|evasion|1
|-sideend|p2: Ouforfeit|Stealth Rock|[from] move: Defog|[of] p2a: Corviknight
|
|-weather|Sandstorm|[upkeep]
|-damage|p1a: Conkeldurr|94/100|[from] Sandstorm
|-status|p1a: Conkeldurr|brn|[from] item: Flame Orb
|upkeep
|turn|11
|
|switch|p2a: Toxapex|Toxapex, M|100/100
|move|p1a: Conkeldurr|Knock Off|p2a: Toxapex
|-damage|p2a: Toxapex|65/100
|-enditem|p2a: Toxapex|Black Sludge|[from] move: Knock Off|[of] p1a: Conkeldurr
|
|-weather|Sandstorm|[upkeep]
|-damage|p1a: Conkeldurr|88/100 brn|[from] Sandstorm
|-damage|p2a: Toxapex|58/100|[from] Sandstorm
|-damage|p1a: Conkeldurr|82/100 brn|[from] brn
|upkeep
|turn|12
|j| tapu moxo
|
|switch|p1a: Tyranitar|Tyranitar, F|62/100
|switch|p2a: Corviknight|Corviknight, F|88/100
|-ability|p2a: Corviknight|Pressure
|
|-weather|none
|upkeep
|turn|13
|j| Irene Belserion
|
|switch|p1a: Hippowdon|Hippowdon, M|45/100
|-weather|Sandstorm|[from] ability: Sand Stream|[of] p1a: Hippowdon
|move|p2a: Corviknight|Iron Head|p1a: Hippowdon
|-damage|p1a: Hippowdon|32/100
|
|-weather|Sandstorm|[upkeep]
|upkeep
|turn|14
|
|move|p2a: Corviknight|Taunt|p1a: Hippowdon
|-start|p1a: Hippowdon|move: Taunt
|cant|p1a: Hippowdon|move: Taunt|Slack Off
|
|-weather|Sandstorm|[upkeep]
|upkeep
|turn|15
|
|switch|p2a: Dragapult|Dragapult, M|100/100
|switch|p1a: Ferrothorn|Ferrothorn, M|100/100
|
|-weather|Sandstorm|[upkeep]
|-damage|p2a: Dragapult|95/100|[from] Sandstorm
|-heal|p2a: Dragapult|100/100|[from] item: Leftovers
|upkeep
|turn|16
|
|switch|p1a: Tyranitar|Tyranitar, F|62/100
|move|p2a: Dragapult|Substitute|p2a: Dragapult
|-start|p2a: Dragapult|Substitute
|-damage|p2a: Dragapult|76/100
|
|-weather|Sandstorm|[upkeep]
|-damage|p2a: Dragapult|70/100|[from] Sandstorm
|-heal|p2a: Dragapult|76/100|[from] item: Leftovers
|upkeep
|turn|17
|
|move|p2a: Dragapult|Thunder Wave|p1a: Tyranitar
|-status|p1a: Tyranitar|par
|cant|p1a: Tyranitar|par
|
|-weather|none
|-heal|p2a: Dragapult|82/100|[from] item: Leftovers
|upkeep
|turn|18
|
|move|p2a: Dragapult|Hex|p1a: Tyranitar
|-resisted|p1a: Tyranitar
|-damage|p1a: Tyranitar|33/100 par
|move|p1a: Tyranitar|Crunch|p2a: Dragapult
|-supereffective|p2a: Dragapult
|-end|p2a: Dragapult|Substitute
|
|-heal|p2a: Dragapult|88/100|[from] item: Leftovers
|upkeep
|turn|19
|
|move|p2a: Dragapult|Substitute|p2a: Dragapult
|-start|p2a: Dragapult|Substitute
|-damage|p2a: Dragapult|63/100
|move|p1a: Tyranitar|Crunch|p2a: Dragapult
|-supereffective|p2a: Dragapult
|-end|p2a: Dragapult|Substitute
|
|-heal|p2a: Dragapult|69/100|[from] item: Leftovers
|upkeep
|turn|20
|
|switch|p1a: Hippowdon|Hippowdon, M|32/100
|-weather|Sandstorm|[from] ability: Sand Stream|[of] p1a: Hippowdon
|move|p2a: Dragapult|Substitute|p2a: Dragapult
|-start|p2a: Dragapult|Substitute
|-damage|p2a: Dragapult|44/100
|
|-weather|Sandstorm|[upkeep]
|-damage|p2a: Dragapult|38/100|[from] Sandstorm
|-heal|p2a: Dragapult|44/100|[from] item: Leftovers
|upkeep
|turn|21
|
|switch|p1a: Ferrothorn|Ferrothorn, M|100/100
|move|p2a: Dragapult|Draco Meteor|p1a: Ferrothorn
|-resisted|p1a: Ferrothorn
|-damage|p1a: Ferrothorn|77/100
|-unboost|p2a: Dragapult|spa|2
|
|-weather|Sandstorm|[upkeep]
|-damage|p2a: Dragapult|38/100|[from] Sandstorm
|-heal|p2a: Dragapult|44/100|[from] item: Leftovers
|-heal|p1a: Ferrothorn|83/100|[from] item: Leftovers
|upkeep
|turn|22
|
|move|p2a: Dragapult|Thunder Wave|p1a: Ferrothorn
|-status|p1a: Ferrothorn|par
|move|p1a: Ferrothorn|Spikes|p2a: Dragapult
|-sidestart|p2: Ouforfeit|Spikes
|
|-weather|Sandstorm|[upkeep]
|-damage|p2a: Dragapult|38/100|[from] Sandstorm
|-heal|p2a: Dragapult|44/100|[from] item: Leftovers
|-heal|p1a: Ferrothorn|89/100 par|[from] item: Leftovers
|upkeep
|turn|23
|
|move|p2a: Dragapult|Hex|p1a: Ferrothorn
|-damage|p1a: Ferrothorn|62/100 par
|move|p1a: Ferrothorn|Knock Off|p2a: Dragapult
|-supereffective|p2a: Dragapult
|-end|p2a: Dragapult|Substitute
|
|-weather|Sandstorm|[upkeep]
|-damage|p2a: Dragapult|38/100|[from] Sandstorm
|-heal|p2a: Dragapult|44/100|[from] item: Leftovers
|-heal|p1a: Ferrothorn|69/100 par|[from] item: Leftovers
|upkeep
|turn|24
|l| tapu moxo
|
|switch|p2a: Corviknight|Corviknight, F|88/100
|-ability|p2a: Corviknight|Pressure
|move|p1a: Ferrothorn|Knock Off|p2a: Corviknight
|-damage|p2a: Corviknight|71/100
|-damage|p1a: Ferrothorn|52/100 par|[from] item: Rocky Helmet|[of] p2a: Corviknight
|-enditem|p2a: Corviknight|Rocky Helmet|[from] move: Knock Off|[of] p1a: Ferrothorn
|
|-weather|none
|-heal|p1a: Ferrothorn|58/100 par|[from] item: Leftovers
|upkeep
|turn|25
|
|switch|p2a: Salazzle|Salazzle, F|100/100
|-damage|p2a: Salazzle|88/100|[from] Spikes
|switch|p1a: Kyurem|Kyurem|100/100
|-ability|p1a: Kyurem|Pressure
|
|-heal|p2a: Salazzle|94/100|[from] item: Black Sludge
|upkeep
|turn|26
|
|move|p2a: Salazzle|Protect|p2a: Salazzle
|-singleturn|p2a: Salazzle|Protect
|move|p1a: Kyurem|Earth Power|p2a: Salazzle
|-activate|p2a: Salazzle|move: Protect
|
|-heal|p2a: Salazzle|100/100|[from] item: Black Sludge
|upkeep
|turn|27
|
|switch|p2a: Corviknight|Corviknight, F|71/100
|-ability|p2a: Corviknight|Pressure
|move|p1a: Kyurem|Earth Power|p2a: Corviknight
|-immune|p2a: Corviknight
|
|upkeep
|turn|28
|
|switch|p1a: Tyranitar|Tyranitar, F|33/100 par
|-weather|Sandstorm|[from] ability: Sand Stream|[of] p1a: Tyranitar
|switch|p2a: Salazzle|Salazzle, F|100/100
|-damage|p2a: Salazzle|88/100|[from] Spikes
|
|-weather|Sandstorm|[upkeep]
|-damage|p2a: Salazzle|82/100|[from] Sandstorm
|-heal|p2a: Salazzle|88/100|[from] item: Black Sludge
|upkeep
|turn|29
|
|move|p2a: Salazzle|Substitute|p2a: Salazzle
|-start|p2a: Salazzle|Substitute
|-damage|p2a: Salazzle|63/100
|move|p1a: Tyranitar|Stealth Rock|p2a: Salazzle
|-sidestart|p2: Ouforfeit|move: Stealth Rock
|
|-weather|Sandstorm|[upkeep]
|-damage|p2a: Salazzle|57/100|[from] Sandstorm
|-heal|p2a: Salazzle|63/100|[from] item: Black Sludge
|upkeep
|turn|30
|
|switch|p1a: Hippowdon|Hippowdon, M|32/100
|move|p2a: Salazzle|Protect||[still]
|-fail|p2a: Salazzle
|
|-weather|Sandstorm|[upkeep]
|-damage|p2a: Salazzle|57/100|[from] Sandstorm
|-heal|p2a: Salazzle|63/100|[from] item: Black Sludge
|upkeep
|turn|31
|
|move|p2a: Salazzle|Flamethrower|p1a: Hippowdon
|-damage|p1a: Hippowdon|0 fnt
|faint|p1a: Hippowdon
|
|-weather|Sandstorm|[upkeep]
|-damage|p2a: Salazzle|57/100|[from] Sandstorm
|-heal|p2a: Salazzle|63/100|[from] item: Black Sludge
|upkeep
|
|switch|p1a: Kyurem|Kyurem|100/100
|-ability|p1a: Kyurem|Pressure
|turn|32
|
|move|p2a: Salazzle|Toxic|p1a: Kyurem
|-status|p1a: Kyurem|tox
|move|p1a: Kyurem|Earth Power|p2a: Salazzle
|-supereffective|p2a: Salazzle
|-end|p2a: Salazzle|Substitute
|
|-weather|none
|-heal|p2a: Salazzle|70/100|[from] item: Black Sludge
|-damage|p1a: Kyurem|94/100 tox|[from] psn
|upkeep
|turn|33
|
|switch|p1a: Tyranitar|Tyranitar, F|33/100 par
|-weather|Sandstorm|[from] ability: Sand Stream|[of] p1a: Tyranitar
|move|p2a: Salazzle|Substitute|p2a: Salazzle
|-start|p2a: Salazzle|Substitute
|-damage|p2a: Salazzle|45/100
|
|-weather|Sandstorm|[upkeep]
|-damage|p2a: Salazzle|39/100|[from] Sandstorm
|-heal|p2a: Salazzle|45/100|[from] item: Black Sludge
|upkeep
|turn|34
|
|move|p2a: Salazzle|Protect|p2a: Salazzle
|-singleturn|p2a: Salazzle|Protect
|move|p1a: Tyranitar|Crunch|p2a: Salazzle
|-activate|p2a: Salazzle|move: Protect
|
|-weather|Sandstorm|[upkeep]
|-damage|p2a: Salazzle|39/100|[from] Sandstorm
|-heal|p2a: Salazzle|45/100|[from] item: Black Sludge
|upkeep
|turn|35
|
|move|p2a: Salazzle|Flamethrower|p1a: Tyranitar
|-resisted|p1a: Tyranitar
|-damage|p1a: Tyranitar|21/100 par
|move|p1a: Tyranitar|Crunch|p2a: Salazzle
|-end|p2a: Salazzle|Substitute
|
|-weather|Sandstorm|[upkeep]
|-damage|p2a: Salazzle|39/100|[from] Sandstorm
|-heal|p2a: Salazzle|45/100|[from] item: Black Sludge
|upkeep
|turn|36
|
|move|p2a: Salazzle|Protect|p2a: Salazzle
|-singleturn|p2a: Salazzle|Protect
|move|p1a: Tyranitar|Crunch|p2a: Salazzle
|-activate|p2a: Salazzle|move: Protect
|
|-weather|Sandstorm|[upkeep]
|-damage|p2a: Salazzle|39/100|[from] Sandstorm
|-heal|p2a: Salazzle|45/100|[from] item: Black Sludge
|upkeep
|turn|37
|
|switch|p2a: Corviknight|Corviknight, F|71/100
|-damage|p2a: Corviknight|58/100|[from] Stealth Rock
|-ability|p2a: Corviknight|Pressure
|cant|p1a: Tyranitar|par
|
|-weather|none
|upkeep
|turn|38
|
|switch|p1a: Kyurem|Kyurem|94/100 tox
|-ability|p1a: Kyurem|Pressure
|move|p2a: Corviknight|Defog|p1a: Kyurem
|-unboost|p1a: Kyurem|evasion|1
|-sideend|p2: Ouforfeit|Spikes|[from] move: Defog|[of] p2a: Corviknight
|-sideend|p2: Ouforfeit|Stealth Rock|[from] move: Defog|[of] p2a: Corviknight
|
|-damage|p1a: Kyurem|88/100 tox|[from] psn
|upkeep
|turn|39
|
|move|p1a: Kyurem|Ice Beam|p2a: Corviknight
|-damage|p2a: Corviknight|8/100
|move|p2a: Corviknight|Roost|p2a: Corviknight
|-heal|p2a: Corviknight|57/100
|-singleturn|p2a: Corviknight|move: Roost
|
|-damage|p1a: Kyurem|76/100 tox|[from] psn
|upkeep
|turn|40
|
|switch|p2a: Toxapex|Toxapex, M|92/100
|move|p1a: Kyurem|Ice Beam|p2a: Toxapex
|-resisted|p2a: Toxapex
|-damage|p2a: Toxapex|60/100
|
|-damage|p1a: Kyurem|58/100 tox|[from] psn
|upkeep
|turn|41
|
|switch|p1a: Tyranitar|Tyranitar, F|21/100 par
|-weather|Sandstorm|[from] ability: Sand Stream|[of] p1a: Tyranitar
|move|p2a: Toxapex|Knock Off|p1a: Tyranitar
|-resisted|p1a: Tyranitar
|-damage|p1a: Tyranitar|14/100 par
|-enditem|p1a: Tyranitar|Choice Band|[from] move: Knock Off|[of] p2a: Toxapex
|
|-weather|Sandstorm|[upkeep]
|-damage|p2a: Toxapex|54/100|[from] Sandstorm
|upkeep
|turn|42
|
|switch|p1a: Ferrothorn|Ferrothorn, M|58/100 par
|switch|p2a: Corviknight|Corviknight, F|57/100
|-ability|p2a: Corviknight|Pressure
|
|-weather|Sandstorm|[upkeep]
|-heal|p1a: Ferrothorn|65/100 par|[from] item: Leftovers
|upkeep
|turn|43
|
|move|p2a: Corviknight|Taunt|p1a: Ferrothorn
|-start|p1a: Ferrothorn|move: Taunt
|cant|p1a: Ferrothorn|move: Taunt|Leech Seed
|
|-weather|Sandstorm|[upkeep]
|-heal|p1a: Ferrothorn|71/100 par|[from] item: Leftovers
|upkeep
|turn|44
|
|switch|p1a: Kyurem|Kyurem|58/100 tox
|-ability|p1a: Kyurem|Pressure
|move|p2a: Corviknight|Roost|p2a: Corviknight
|-heal|p2a: Corviknight|100/100
|-singleturn|p2a: Corviknight|move: Roost
|
|-weather|Sandstorm|[upkeep]
|-damage|p1a: Kyurem|51/100 tox|[from] Sandstorm
|-damage|p1a: Kyurem|45/100 tox|[from] psn
|upkeep
|turn|45
|
|move|p1a: Kyurem|Freeze-Dry|p2a: Corviknight
|-damage|p2a: Corviknight|59/100
|move|p2a: Corviknight|Iron Head|p1a: Kyurem
|-supereffective|p1a: Kyurem
|-damage|p1a: Kyurem|1/100 tox
|
|-weather|none
|-damage|p1a: Kyurem|0 fnt|[from] psn
|faint|p1a: Kyurem
|upkeep
|j| HeavenStar
|
|switch|p1a: Conkeldurr|Conkeldurr, M|82/100 brn
|turn|46
|
|switch|p2a: Toxapex|Toxapex, M|87/100
|move|p1a: Conkeldurr|Drain Punch|p2a: Toxapex
|-resisted|p2a: Toxapex
|-damage|p2a: Toxapex|66/100
|-heal|p1a: Conkeldurr|90/100 brn|[from] drain|[of] p2a: Toxapex
|
|-damage|p1a: Conkeldurr|84/100 brn|[from] brn
|upkeep
|turn|47
|
|switch|p1a: Tyranitar|Tyranitar, F|14/100 par
|-weather|Sandstorm|[from] ability: Sand Stream|[of] p1a: Tyranitar
|move|p2a: Toxapex|Baneful Bunker||[still]
|-fail|p2a: Toxapex
|
|-weather|Sandstorm|[upkeep]
|-damage|p2a: Toxapex|60/100|[from] Sandstorm
|upkeep
|turn|48
|
|move|p1a: Tyranitar|Stealth Rock|p2a: Toxapex
|-sidestart|p2: Ouforfeit|move: Stealth Rock
|move|p2a: Toxapex|Recover|p2a: Toxapex
|-heal|p2a: Toxapex|100/100
|
|-weather|Sandstorm|[upkeep]
|-damage|p2a: Toxapex|94/100|[from] Sandstorm
|upkeep
|turn|49
|
|switch|p1a: Conkeldurr|Conkeldurr, M|84/100 brn
|move|p2a: Toxapex|Baneful Bunker||[still]
|-fail|p2a: Toxapex
|
|-weather|Sandstorm|[upkeep]
|-damage|p1a: Conkeldurr|78/100 brn|[from] Sandstorm
|-damage|p2a: Toxapex|88/100|[from] Sandstorm
|-damage|p1a: Conkeldurr|72/100 brn|[from] brn
|upkeep
|turn|50
|
|move|p1a: Conkeldurr|Knock Off|p2a: Toxapex
|-damage|p2a: Toxapex|64/100
|move|p2a: Toxapex|Recover|p2a: Toxapex
|-heal|p2a: Toxapex|100/100
|
|-weather|Sandstorm|[upkeep]
|-damage|p1a: Conkeldurr|66/100 brn|[from] Sandstorm
|-damage|p2a: Toxapex|94/100|[from] Sandstorm
|-damage|p1a: Conkeldurr|60/100 brn|[from] brn
|upkeep
|turn|51
|
|move|p1a: Conkeldurr|Drain Punch|p2a: Toxapex
|-resisted|p2a: Toxapex
|-damage|p2a: Toxapex|74/100
|-heal|p1a: Conkeldurr|67/100 brn|[from] drain|[of] p2a: Toxapex
|move|p2a: Toxapex|Recover|p2a: Toxapex
|-heal|p2a: Toxapex|100/100
|
|-weather|none
|-damage|p1a: Conkeldurr|61/100 brn|[from] brn
|upkeep
|turn|52
|
|switch|p1a: Ferrothorn|Ferrothorn, M|71/100 par
|move|p2a: Toxapex|Knock Off|p1a: Ferrothorn
|-damage|p1a: Ferrothorn|62/100 par
|-damage|p2a: Toxapex|88/100|[from] ability: Iron Barbs|[of] p1a: Ferrothorn
|-enditem|p1a: Ferrothorn|Leftovers|[from] move: Knock Off|[of] p2a: Toxapex
|
|upkeep
|turn|53
|
|switch|p2a: Corviknight|Corviknight, F|59/100
|-damage|p2a: Corviknight|47/100|[from] Stealth Rock
|-ability|p2a: Corviknight|Pressure
|move|p1a: Ferrothorn|Leech Seed|p2a: Corviknight
|-start|p2a: Corviknight|move: Leech Seed
|
|-damage|p2a: Corviknight|34/100|[from] Leech Seed|[of] p1a: Ferrothorn
|-heal|p1a: Ferrothorn|77/100 par|[silent]
|upkeep
|turn|54
|
|switch|p1a: Conkeldurr|Conkeldurr, M|61/100 brn
|move|p2a: Corviknight|Defog|p1a: Conkeldurr
|-unboost|p1a: Conkeldurr|evasion|1
|-sideend|p2: Ouforfeit|Stealth Rock|[from] move: Defog|[of] p2a: Corviknight
|
|-damage|p2a: Corviknight|22/100|[from] Leech Seed|[of] p1a: Conkeldurr
|-heal|p1a: Conkeldurr|73/100 brn|[silent]
|-damage|p1a: Conkeldurr|67/100 brn|[from] brn
|upkeep
|turn|55
|
|switch|p2a: Clefable|Clefable, M|100/100
|move|p1a: Conkeldurr|Drain Punch|p2a: Clefable
|-resisted|p2a: Clefable
|-damage|p2a: Clefable|74/100
|-heal|p1a: Conkeldurr|80/100 brn|[from] drain|[of] p2a: Clefable
|
|-heal|p2a: Clefable|80/100|[from] item: Leftovers
|-damage|p1a: Conkeldurr|74/100 brn|[from] brn
|upkeep
|turn|56
|
|switch|p1a: Tyranitar|Tyranitar, F|14/100 par
|-weather|Sandstorm|[from] ability: Sand Stream|[of] p1a: Tyranitar
|move|p2a: Clefable|Protect||[still]
|-fail|p2a: Clefable
|
|-weather|Sandstorm|[upkeep]
|-damage|p2a: Clefable|74/100|[from] Sandstorm
|-heal|p2a: Clefable|80/100|[from] item: Leftovers
|upkeep
|turn|57
|
|move|p2a: Clefable|Moonblast|p1a: Tyranitar
|-supereffective|p1a: Tyranitar
|-damage|p1a: Tyranitar|0 fnt
|faint|p1a: Tyranitar
|
|-weather|Sandstorm|[upkeep]
|-damage|p2a: Clefable|74/100|[from] Sandstorm
|-heal|p2a: Clefable|80/100|[from] item: Leftovers
|upkeep
|
|switch|p1a: Excadrill|Excadrill, F|100/100
|turn|58
|
|move|p2a: Clefable|Protect|p2a: Clefable
|-singleturn|p2a: Clefable|Protect
|move|p1a: Excadrill|Iron Head|p2a: Clefable
|-activate|p2a: Clefable|move: Protect
|
|-weather|Sandstorm|[upkeep]
|-damage|p2a: Clefable|74/100|[from] Sandstorm
|-heal|p2a: Clefable|80/100|[from] item: Leftovers
|upkeep
|turn|59
|
|switch|p2a: Corviknight|Corviknight, F|22/100
|-ability|p2a: Corviknight|Pressure
|move|p1a: Excadrill|Iron Head|p2a: Corviknight
|-resisted|p2a: Corviknight
|-damage|p2a: Corviknight|0 fnt
|-damage|p1a: Excadrill|91/100|[from] item: Life Orb
|faint|p2a: Corviknight
|
|-weather|Sandstorm|[upkeep]
|upkeep
|
|switch|p2a: Toxapex|Toxapex, M|100/100
|turn|60
|
|move|p1a: Excadrill|Earthquake|p2a: Toxapex
|-supereffective|p2a: Toxapex
|-damage|p2a: Toxapex|8/100
|-damage|p1a: Excadrill|81/100|[from] item: Life Orb
|move|p2a: Toxapex|Knock Off|p1a: Excadrill
|-damage|p1a: Excadrill|60/100
|-enditem|p1a: Excadrill|Life Orb|[from] move: Knock Off|[of] p2a: Toxapex
|
|-weather|none
|upkeep
|turn|61
|
|move|p1a: Excadrill|Earthquake|p2a: Toxapex
|-supereffective|p2a: Toxapex
|-damage|p2a: Toxapex|0 fnt
|faint|p2a: Toxapex
|
|upkeep
|
|switch|p2a: Salazzle|Salazzle, F|45/100
|turn|62
|
|switch|p1a: Conkeldurr|Conkeldurr, M|74/100 brn
|move|p2a: Salazzle|Flamethrower|p1a: Conkeldurr
|-damage|p1a: Conkeldurr|36/100 brn
|
|-heal|p2a: Salazzle|51/100|[from] item: Black Sludge
|-damage|p1a: Conkeldurr|30/100 brn|[from] brn
|upkeep
|turn|63
|
|move|p1a: Conkeldurr|Mach Punch|p2a: Salazzle
|-resisted|p2a: Salazzle
|-damage|p2a: Salazzle|21/100
|move|p2a: Salazzle|Flamethrower|p1a: Conkeldurr
|-damage|p1a: Conkeldurr|0 fnt
|faint|p1a: Conkeldurr
|
|-heal|p2a: Salazzle|27/100|[from] item: Black Sludge
|upkeep
|-message|N30N3 forfeited.
|
|win|Ouforfeit
|l|☆N30N3
|l| HeavenStar
||Ladder (probably) updated, but score could not be retrieved (Response not received).
