|raw|<div class="broadcast-blue"><strong>This battle is required to be public due to a player having a name starting with 'lt91bb'.</div>
|j|☆nthirteen
|j|☆LT91BB PDC
|t:|1659091435
|gametype|singles
|player|p1|nthirteen|265|1865
|player|p2|LT91BB PDC|ethan|1839
|teamsize|p1|6
|teamsize|p2|6
|gen|8
|tier|[Gen 8] OU
|rated|
|rule|Sleep Clause Mod: Limit one foe put to sleep
|rule|Species Clause: Limit one of each Pokémon
|rule|OHKO Clause: OHKO moves are banned
|rule|Evasion Moves Clause: Evasion moves are banned
|rule|Endless Battle Clause: Forcing endless battles is banned
|rule|HP Percentage Mod: HP is shown in percentages
|rule|Dynamax Clause: You cannot dynamax
|clearpoke
|poke|p1|Urshifu-*, F|
|poke|p1|Toxapex, M|
|poke|p1|Slowking-Galar, M|
|poke|p1|Landorus-Therian, M|
|poke|p1|Weavile, F|
|poke|p1|Corviknight, M|
|poke|p2|Garchomp, F|
|poke|p2|Dragapult, F|
|poke|p2|Heatran, M|
|poke|p2|Scizor, M|
|poke|p2|Weavile, F|
|poke|p2|Zapdos|
|teampreview
|j| FundHerLifestyle
|j| VAE520
|inactive|Battle timer is ON: inactive players will automatically lose when time's up. (requested by nthirteen)
|j| LT91BB Hiko
|
|t:|1659091481
|start
|switch|p1a: Urshifu|Urshifu-Rapid-Strike, F|100/100
|switch|p2a: Zapdos|Zapdos|100/100
|turn|1
|
|t:|1659091484
|switch|p1a: Slowking|Slowking-Galar, M|100/100
|move|p2a: Zapdos|Hurricane|p1a: Slowking
|-damage|p1a: Slowking|70/100
|
|upkeep
|turn|2
|
|t:|1659091488
|move|p2a: Zapdos|Volt Switch|p1a: Slowking
|-damage|p1a: Slowking|51/100
|
|t:|1659091494
|switch|p2a: Heatran|Heatran, M|100/100|[from]move: Volt Switch
|-item|p2a: Heatran|Air Balloon
|move|p1a: Slowking|Scald|p2a: Heatran
|-supereffective|p2a: Heatran
|-damage|p2a: Heatran|50/100
|-enditem|p2a: Heatran|Air Balloon
|
|upkeep
|turn|3
|
|t:|1659091498
|move|p2a: Heatran|Stealth Rock|p1a: Slowking
|-sidestart|p1: nthirteen|move: Stealth Rock
|move|p1a: Slowking|Scald|p2a: Heatran
|-supereffective|p2a: Heatran
|-damage|p2a: Heatran|4/100
|
|upkeep
|turn|4
|
|t:|1659091511
|move|p2a: Heatran|Magma Storm|p1a: Slowking
|-damage|p1a: Slowking|25/100
|-activate|p1a: Slowking|move: Magma Storm|[of] p2a: Heatran
|move|p1a: Slowking|Scald|p2a: Heatran
|-supereffective|p2a: Heatran
|-damage|p2a: Heatran|0 fnt
|faint|p2a: Heatran
|
|-end|p1a: Slowking|Magma Storm|[partiallytrapped]|[silent]
|upkeep
|
|t:|1659091525
|switch|p2a: Dragapult|Dragapult, F|100/100
|turn|5
|
|t:|1659091534
|switch|p1a: Toxapex|Toxapex, M|100/100
|-damage|p1a: Toxapex|88/100|[from] Stealth Rock
|move|p2a: Dragapult|Dragon Dance|p2a: Dragapult
|-boost|p2a: Dragapult|atk|1
|-boost|p2a: Dragapult|spe|1
|
|upkeep
|turn|6
|j| LT91BB XKH
|
|t:|1659091537
|move|p2a: Dragapult|Dragon Darts|p1a: Toxapex
|-damage|p1a: Toxapex|54/100
|-anim|p2a: Dragapult|Dragon Darts|p1a: Toxapex
|-damage|p1a: Toxapex|24/100
|-enditem|p1a: Toxapex|Eject Button
|j| LT91BB RK
|j| CallMePrimal
|l| LT91BB RK
|j| anique
|j| LT91BB uomo bomba
|j| simplegent
|j| icefacez
|
|t:|1659091557
|switch|p1a: Corviknight|Corviknight, M|100/100
|-damage|p1a: Corviknight|88/100|[from] Stealth Rock
|-ability|p1a: Corviknight|Pressure
|
|upkeep
|turn|7
|
|t:|1659091561
|move|p2a: Dragapult|Flamethrower|p1a: Corviknight
|-supereffective|p1a: Corviknight
|-damage|p1a: Corviknight|47/100
|move|p1a: Corviknight|U-turn|p2a: Dragapult
|-resisted|p2a: Dragapult
|-crit|p2a: Dragapult
|-damage|p2a: Dragapult|87/100
|
|t:|1659091567
|switch|p1a: Toxapex|Toxapex, M|58/100|[from]move: U-turn
|-damage|p1a: Toxapex|45/100|[from] Stealth Rock
|
|upkeep
|turn|8
|
|t:|1659091571
|switch|p1a: Corviknight|Corviknight, M|47/100
|-damage|p1a: Corviknight|35/100|[from] Stealth Rock
|-ability|p1a: Corviknight|Pressure
|move|p2a: Dragapult|Dragon Darts|p1a: Corviknight
|-resisted|p1a: Corviknight
|-damage|p1a: Corviknight|20/100
|-anim|p2a: Dragapult|Dragon Darts|p1a: Corviknight
|-resisted|p1a: Corviknight
|-damage|p1a: Corviknight|6/100
|
|upkeep
|turn|9
|j| yung dan schneider
|
|t:|1659091580
|move|p2a: Dragapult|Dragon Darts|p1a: Corviknight
|-resisted|p1a: Corviknight
|-damage|p1a: Corviknight|0 fnt
|faint|p1a: Corviknight
|
|upkeep
|
|t:|1659091583
|switch|p1a: Toxapex|Toxapex, M|79/100
|-damage|p1a: Toxapex|67/100|[from] Stealth Rock
|turn|10
|
|t:|1659091588
|move|p2a: Dragapult|Dragon Darts|p1a: Toxapex
|-damage|p1a: Toxapex|35/100
|-anim|p2a: Dragapult|Dragon Darts|p1a: Toxapex
|-damage|p1a: Toxapex|5/100
|move|p1a: Toxapex|Haze|p1a: Toxapex
|-clearallboost
|
|upkeep
|turn|11
|
|t:|1659091592
|switch|p1a: Landorus|Landorus-Therian, M|100/100
|-damage|p1a: Landorus|88/100|[from] Stealth Rock
|-ability|p1a: Landorus|Intimidate|boost
|-fail|p2a: Dragapult|unboost|[from] ability: Clear Body|[of] p2a: Dragapult
|move|p2a: Dragapult|Dragon Darts|p1a: Landorus
|-damage|p1a: Landorus|56/100
|-anim|p2a: Dragapult|Dragon Darts|p1a: Landorus
|-damage|p1a: Landorus|29/100
|
|-heal|p1a: Landorus|35/100|[from] item: Leftovers
|upkeep
|turn|12
|-message|nthirteen forfeited.
|
|win|LT91BB PDC
|raw|nthirteen's rating: 1865 &rarr; <strong>1844</strong><br />(-21 for losing)
|raw|LT91BB PDC's rating: 1839 &rarr; <strong>1860</strong><br />(+21 for winning)
|l|☆nthirteen
