|raw|<div class="broadcast-blue"><strong>This battle is required to be public due to a player having a name starting with 'lt91bb'.</div>
|j|☆lt91bb gil
|j|☆Hostile Takeovers
|t:|1659571750
|gametype|singles
|player|p1|lt91bb gil|#splxiiityrants|1792
|player|p2|Hostile Takeovers|giovanni-gen3|1780
|teamsize|p1|6
|teamsize|p2|6
|gen|8
|tier|[Gen 8] OU
|rated|
|rule|Sleep Clause Mod: Limit one foe put to sleep
|rule|Species Clause: Limit one of each Pokémon
|rule|OHKO Clause: OHKO moves are banned
|rule|Evasion Moves Clause: Evasion moves are banned
|rule|Endless Battle Clause: Forcing endless battles is banned
|rule|HP Percentage Mod: HP is shown in percentages
|rule|Dynamax Clause: You cannot dynamax
|clearpoke
|poke|p1|Hawlucha, M|
|poke|p1|Tapu Fini|
|poke|p1|Dragonite, M|
|poke|p1|Kartana|
|poke|p1|Landorus-Therian, M|
|poke|p1|Melmetal|
|poke|p2|Zeraora|
|poke|p2|Ferrothorn, F|
|poke|p2|Azumarill, M|
|poke|p2|Heatran, F|
|poke|p2|Rillaboom, F|
|poke|p2|Zapdos|
|teampreview
|inactive|Battle timer is ON: inactive players will automatically lose when time's up. (requested by Hostile Takeovers)
|
|t:|1659571778
|start
|switch|p1a: Kartana|Kartana|100/100
|switch|p2a: Zapdos|Zapdos|100/100
|turn|1
|
|t:|1659571790
|move|p1a: Kartana|Knock Off|p2a: Zapdos
|-damage|p2a: Zapdos|48/100
|-status|p1a: Kartana|par|[from] ability: Static|[of] p2a: Zapdos
|-enditem|p2a: Zapdos|Heavy-Duty Boots|[from] move: Knock Off|[of] p1a: Kartana
|move|p2a: Zapdos|Thunderbolt|p1a: Kartana
|-resisted|p1a: Kartana
|-damage|p1a: Kartana|28/100 par
|
|upkeep
|turn|2
|
|t:|1659571798
|switch|p1a: Landorus|Landorus-Therian, M|100/100
|-ability|p1a: Landorus|Intimidate|boost
|-unboost|p2a: Zapdos|atk|1
|move|p2a: Zapdos|Roost|p2a: Zapdos
|-heal|p2a: Zapdos|98/100
|-singleturn|p2a: Zapdos|move: Roost
|
|upkeep
|turn|3
|
|t:|1659571802
|move|p2a: Zapdos|Toxic|p1a: Landorus|[miss]
|-miss|p2a: Zapdos|p1a: Landorus
|move|p1a: Landorus|Stealth Rock|p2a: Zapdos
|-sidestart|p2: Hostile Takeovers|move: Stealth Rock
|
|upkeep
|turn|4
|
|t:|1659571808
|switch|p1a: Melmetal|Melmetal|100/100
|move|p2a: Zapdos|Toxic|p1a: Melmetal
|-immune|p1a: Melmetal
|
|upkeep
|turn|5
|
|t:|1659571815
|switch|p2a: Ferrothorn|Ferrothorn, F|100/100
|-damage|p2a: Ferrothorn|94/100|[from] Stealth Rock
|move|p1a: Melmetal|Ice Punch|p2a: Ferrothorn
|-damage|p2a: Ferrothorn|74/100
|-damage|p1a: Melmetal|88/100|[from] ability: Iron Barbs|[of] p2a: Ferrothorn
|-damage|p1a: Melmetal|72/100|[from] item: Rocky Helmet|[of] p2a: Ferrothorn
|
|upkeep
|turn|6
|
|t:|1659571823
|move|p1a: Melmetal|Superpower|p2a: Ferrothorn
|-supereffective|p2a: Ferrothorn
|-damage|p2a: Ferrothorn|18/100
|-unboost|p1a: Melmetal|atk|1
|-unboost|p1a: Melmetal|def|1
|-damage|p1a: Melmetal|59/100|[from] ability: Iron Barbs|[of] p2a: Ferrothorn
|-damage|p1a: Melmetal|43/100|[from] item: Rocky Helmet|[of] p2a: Ferrothorn
|move|p2a: Ferrothorn|Spikes|p1a: Melmetal
|-sidestart|p1: lt91bb gil|Spikes
|
|upkeep
|turn|7
|
|t:|1659571840
|switch|p2a: Zapdos|Zapdos|98/100
|-damage|p2a: Zapdos|73/100|[from] Stealth Rock
|move|p1a: Melmetal|Superpower|p2a: Zapdos
|-resisted|p2a: Zapdos
|-damage|p2a: Zapdos|54/100
|-unboost|p1a: Melmetal|atk|1
|-unboost|p1a: Melmetal|def|1
|-status|p1a: Melmetal|par|[from] ability: Static|[of] p2a: Zapdos
|
|upkeep
|turn|8
|
|t:|1659571855
|switch|p1a: Landorus|Landorus-Therian, M|100/100
|-ability|p1a: Landorus|Intimidate|boost
|-unboost|p2a: Zapdos|atk|1
|move|p2a: Zapdos|Roost|p2a: Zapdos
|-heal|p2a: Zapdos|100/100
|-singleturn|p2a: Zapdos|move: Roost
|
|upkeep
|turn|9
|
|t:|1659571862
|move|p2a: Zapdos|Toxic|p1a: Landorus
|-status|p1a: Landorus|tox
|move|p1a: Landorus|Knock Off|p2a: Zapdos
|-damage|p2a: Zapdos|72/100
|
|-damage|p1a: Landorus|95/100 tox|[from] psn
|upkeep
|turn|10
|
|t:|1659571872
|move|p2a: Zapdos|Hurricane|p1a: Landorus|[miss]
|-miss|p2a: Zapdos|p1a: Landorus
|move|p1a: Landorus|Explosion|p2a: Zapdos
|-enditem|p1a: Landorus|Normal Gem|[from] gem
|-damage|p2a: Zapdos|0 fnt
|faint|p1a: Landorus
|faint|p2a: Zapdos
|
|upkeep
|
|t:|1659571892
|switch|p2a: Rillaboom|Rillaboom, F|100/100
|switch|p1a: Dragonite|Dragonite, M|100/100
|-damage|p2a: Rillaboom|88/100|[from] Stealth Rock
|-fieldstart|move: Grassy Terrain|[from] ability: Grassy Surge|[of] p2a: Rillaboom
|turn|11
|
|t:|1659571917
|move|p2a: Rillaboom|U-turn|p1a: Dragonite
|-resisted|p1a: Dragonite
|-damage|p1a: Dragonite|81/100
|j| arbok13
|inactive|Hostile Takeovers has 120 seconds left.
|
|t:|1659571950
|switch|p2a: Azumarill|Azumarill, M|100/100|[from]move: U-turn
|-damage|p2a: Azumarill|88/100|[from] Stealth Rock
|move|p1a: Dragonite|Dual Wingbeat|p2a: Azumarill
|-damage|p2a: Azumarill|43/100
|-enditem|p2a: Azumarill|Sitrus Berry|[eat]
|-heal|p2a: Azumarill|68/100|[from] item: Sitrus Berry
|-damage|p2a: Azumarill|22/100
|-hitcount|p2a: Azumarill|2
|
|-heal|p2a: Azumarill|28/100|[from] Grassy Terrain
|upkeep
|turn|12
|inactive|lt91bb gil has 120 seconds left.
|
|t:|1659571994
|move|p1a: Dragonite|Dual Wingbeat|p2a: Azumarill
|-damage|p2a: Azumarill|0 fnt
|faint|p2a: Azumarill
|-hitcount|p2: Azumarill|1
|
|upkeep
|
|t:|1659571999
|switch|p2a: Zeraora|Zeraora|100/100
|turn|13
|
|t:|1659572004
|move|p2a: Zeraora|Bulk Up|p2a: Zeraora
|-boost|p2a: Zeraora|atk|1
|-boost|p2a: Zeraora|def|1
|move|p1a: Dragonite|Dual Wingbeat|p2a: Zeraora
|-resisted|p2a: Zeraora
|-damage|p2a: Zeraora|84/100
|-resisted|p2a: Zeraora
|-damage|p2a: Zeraora|68/100
|-hitcount|p2a: Zeraora|2
|
|-heal|p2a: Zeraora|74/100|[from] Grassy Terrain
|upkeep
|turn|14
|inactive|lt91bb gil has 120 seconds left.
|inactive|Hostile Takeovers has 120 seconds left.
|inactive|Hostile Takeovers has 90 seconds left.
|
|t:|1659572044
|switch|p1a: Melmetal|Melmetal|43/100 par
|-damage|p1a: Melmetal|30/100 par|[from] Spikes
|move|p2a: Zeraora|Bulk Up|p2a: Zeraora
|-boost|p2a: Zeraora|atk|1
|-boost|p2a: Zeraora|def|1
|
|-heal|p2a: Zeraora|80/100|[from] Grassy Terrain
|-heal|p1a: Melmetal|36/100 par|[from] Grassy Terrain
|upkeep
|turn|15
|inactive|lt91bb gil has 90 seconds left.
|
|t:|1659572099
|move|p2a: Zeraora|Plasma Fists|p1a: Melmetal
|-damage|p1a: Melmetal|0 fnt
|-fieldactivate|move: Ion Deluge
|-hint|Normal-type moves become Electric-type after using Plasma Fists.
|faint|p1a: Melmetal
|
|-heal|p2a: Zeraora|86/100|[from] Grassy Terrain
|-fieldend|move: Grassy Terrain
|upkeep
|
|t:|1659572101
|switch|p1a: Dragonite|Dragonite, M|81/100
|turn|16
|
|t:|1659572109
|move|p1a: Dragonite|Extreme Speed|p2a: Zeraora
|-damage|p2a: Zeraora|52/100
|move|p2a: Zeraora|Plasma Fists|p1a: Dragonite
|-damage|p1a: Dragonite|0 fnt
|-fieldactivate|move: Ion Deluge
|-hint|Normal-type moves become Electric-type after using Plasma Fists.
|faint|p1a: Dragonite
|
|upkeep
|
|t:|1659572114
|switch|p1a: Tapu Fini|Tapu Fini|100/100
|-damage|p1a: Tapu Fini|88/100|[from] Spikes
|-fieldstart|move: Misty Terrain|[from] ability: Misty Surge|[of] p1a: Tapu Fini
|turn|17
|inactive|Hostile Takeovers has 90 seconds left.
|
|t:|1659572160
|switch|p2a: Rillaboom|Rillaboom, F|88/100
|-damage|p2a: Rillaboom|76/100|[from] Stealth Rock
|-fieldstart|move: Grassy Terrain|[from] ability: Grassy Surge|[of] p2a: Rillaboom
|move|p1a: Tapu Fini|Moonblast|p2a: Rillaboom
|-damage|p2a: Rillaboom|34/100
|
|-heal|p2a: Rillaboom|40/100|[from] Grassy Terrain
|-heal|p1a: Tapu Fini|94/100|[from] Grassy Terrain
|-heal|p1a: Tapu Fini|100/100|[from] item: Leftovers
|upkeep
|turn|18
|
|t:|1659572185
|switch|p2a: Heatran|Heatran, F|100/100
|-damage|p2a: Heatran|88/100|[from] Stealth Rock
|switch|p1a: Kartana|Kartana|28/100 par
|-damage|p1a: Kartana|16/100 par|[from] Spikes
|
|-heal|p1a: Kartana|22/100 par|[from] Grassy Terrain
|-heal|p2a: Heatran|94/100|[from] Grassy Terrain
|-heal|p2a: Heatran|100/100|[from] item: Leftovers
|upkeep
|turn|19
|inactive|Hostile Takeovers has 60 seconds left.
|inactive|lt91bb gil has 90 seconds left.
|
|t:|1659572220
|switch|p1a: Tapu Fini|Tapu Fini|100/100
|-damage|p1a: Tapu Fini|88/100|[from] Spikes
|-fieldstart|move: Misty Terrain|[from] ability: Misty Surge|[of] p1a: Tapu Fini
|move|p2a: Heatran|Earth Power|p1a: Tapu Fini
|-damage|p1a: Tapu Fini|68/100
|
|-heal|p1a: Tapu Fini|74/100|[from] item: Leftovers
|upkeep
|turn|20
|inactive|Hostile Takeovers has 60 seconds left.
|inactive|Hostile Takeovers has 30 seconds left.
|
|t:|1659572256
|switch|p1a: Hawlucha|Hawlucha, M|100/100
|-enditem|p1a: Hawlucha|Misty Seed
|-boost|p1a: Hawlucha|spd|1|[from] item: Misty Seed
|move|p2a: Heatran|Stealth Rock|p1a: Hawlucha
|-sidestart|p1: lt91bb gil|move: Stealth Rock
|
|upkeep
|turn|21
|
|t:|1659572269
|move|p1a: Hawlucha|Close Combat|p2a: Heatran
|-supereffective|p2a: Heatran
|-damage|p2a: Heatran|3/100
|-unboost|p1a: Hawlucha|def|1
|-unboost|p1a: Hawlucha|spd|1
|move|p2a: Heatran|Magma Storm|p1a: Hawlucha
|-damage|p1a: Hawlucha|39/100
|-activate|p1a: Hawlucha|move: Magma Storm|[of] p2a: Heatran
|
|-heal|p2a: Heatran|9/100|[from] item: Leftovers
|-damage|p1a: Hawlucha|27/100|[from] move: Magma Storm|[partiallytrapped]
|upkeep
|turn|22
|c|☆lt91bb gil|ban
|
|t:|1659572283
|move|p1a: Hawlucha|Acrobatics|p2a: Heatran
|-resisted|p2a: Heatran
|-damage|p2a: Heatran|0 fnt
|faint|p2a: Heatran
|
|-end|p1a: Hawlucha|Magma Storm|[partiallytrapped]|[silent]
|upkeep
|c|☆lt91bb gil|this thing
|
|t:|1659572287
|switch|p2a: Rillaboom|Rillaboom, F|40/100
|-damage|p2a: Rillaboom|27/100|[from] Stealth Rock
|-fieldstart|move: Grassy Terrain|[from] ability: Grassy Surge|[of] p2a: Rillaboom
|turn|23
|
|t:|1659572294
|move|p2a: Rillaboom|Grassy Glide|p1a: Hawlucha
|-resisted|p1a: Hawlucha
|-damage|p1a: Hawlucha|0 fnt
|faint|p1a: Hawlucha
|
|-heal|p2a: Rillaboom|34/100|[from] Grassy Terrain
|upkeep
|
|t:|1659572296
|switch|p1a: Tapu Fini|Tapu Fini|74/100
|-damage|p1a: Tapu Fini|62/100|[from] Spikes
|-damage|p1a: Tapu Fini|49/100|[from] Stealth Rock
|-fieldstart|move: Misty Terrain|[from] ability: Misty Surge|[of] p1a: Tapu Fini
|turn|24
|inactive|Hostile Takeovers has 60 seconds left.
|
|t:|1659572308
|move|p2a: Rillaboom|Grassy Glide|p1a: Tapu Fini
|-supereffective|p1a: Tapu Fini
|-damage|p1a: Tapu Fini|0 fnt
|faint|p1a: Tapu Fini
|
|upkeep
|
|t:|1659572318
|switch|p1a: Kartana|Kartana|22/100 par
|-damage|p1a: Kartana|9/100 par|[from] Spikes
|-damage|p1a: Kartana|3/100 par|[from] Stealth Rock
|turn|25
|
|t:|1659572322
|move|p2a: Rillaboom|Grassy Glide|p1a: Kartana
|-resisted|p1a: Kartana
|-damage|p1a: Kartana|0 fnt
|faint|p1a: Kartana
|
|win|Hostile Takeovers
|raw|lt91bb gil's rating: 1812 &rarr; <strong>1790</strong><br />(-22 for losing)
|raw|Hostile Takeovers's rating: 1780 &rarr; <strong>1802</strong><br />(+22 for winning)
|l|☆Hostile Takeovers
||Ladder isn't responding, score probably updated but might not have (Request timeout).
|l|☆lt91bb gil
