|j|☆friedfreak
|j|☆929-h
|player|p1|friedfreak|170|1824
|player|p2|929-h|flannery|1698
|teamsize|p1|6
|teamsize|p2|6
|gametype|singles
|gen|8
|tier|[Gen 8] OU
|rated|
|clearpoke
|poke|p1|Excadrill, M|
|poke|p1|Hippowdon, F|
|poke|p1|Ferrothorn, F|
|poke|p1|Dragapult, M|
|poke|p1|Rotom-Heat|
|poke|p1|Clefable, M|
|poke|p2|Dracovish|
|poke|p2|Clefable, F|
|poke|p2|Corviknight, M|
|poke|p2|Seismitoad, M|
|poke|p2|Hydreigon, M|
|poke|p2|Aegislash, M|
|rule|Sleep Clause Mod: Limit one foe put to sleep
|rule|Species Clause: Limit one of each Pokémon
|rule|OHKO Clause: OHKO moves are banned
|rule|Evasion Moves Clause: Evasion moves are banned
|rule|Endless Battle Clause: Forcing endless battles is banned
|rule|HP Percentage Mod: HP is shown in percentages
|rule|Dynamax Clause: You cannot dynamax
|teampreview
|inactive|Battle timer is ON: inactive players will automatically lose when time's up. (requested by 929-h)
|
|start
|switch|p1a: Ferrothorn|Ferrothorn, F|100/100
|switch|p2a: Seismitoad|Seismitoad, M|100/100
|turn|1
|
|move|p2a: Seismitoad|Knock Off|p1a: Ferrothorn
|-damage|p1a: Ferrothorn|89/100
|-damage|p2a: Seismitoad|88/100|[from] ability: Iron Barbs|[of] p1a: Ferrothorn
|-enditem|p1a: Ferrothorn|Leftovers|[from] move: Knock Off|[of] p2a: Seismitoad
|move|p1a: Ferrothorn|Power Whip|p2a: Seismitoad
|-supereffective|p2a: Seismitoad
|-damage|p2a: Seismitoad|0 fnt
|faint|p2a: Seismitoad
|
|upkeep
|
|switch|p2a: Corviknight|Corviknight, M|100/100
|-ability|p2a: Corviknight|Pressure
|turn|2
|
|move|p2a: Corviknight|Body Press|p1a: Ferrothorn
|-supereffective|p1a: Ferrothorn
|-damage|p1a: Ferrothorn|59/100
|-damage|p2a: Corviknight|88/100|[from] ability: Iron Barbs|[of] p1a: Ferrothorn
|move|p1a: Ferrothorn|Knock Off|p2a: Corviknight
|-damage|p2a: Corviknight|73/100
|-enditem|p2a: Corviknight|Leftovers|[from] move: Knock Off|[of] p1a: Ferrothorn
|
|upkeep
|turn|3
|
|move|p2a: Corviknight|Body Press|p1a: Ferrothorn
|-supereffective|p1a: Ferrothorn
|-crit|p1a: Ferrothorn
|-damage|p1a: Ferrothorn|13/100
|-damage|p2a: Corviknight|61/100|[from] ability: Iron Barbs|[of] p1a: Ferrothorn
|move|p1a: Ferrothorn|Leech Seed|p2a: Corviknight
|-start|p2a: Corviknight|move: Leech Seed
|
|-damage|p2a: Corviknight|48/100|[from] Leech Seed|[of] p1a: Ferrothorn
|-heal|p1a: Ferrothorn|27/100|[silent]
|upkeep
|turn|4
|
|switch|p2a: Solo Yolo|Aegislash, M|100/100
|move|p1a: Ferrothorn|Spikes|p2a: Solo Yolo
|-sidestart|p2: 929-h|Spikes
|
|upkeep
|turn|5
|j| thats so cringe
|
|-formechange|p2a: Solo Yolo|Aegislash-Blade||[from] ability: Stance Change
|move|p2a: Solo Yolo|Shadow Ball|p1a: Ferrothorn
|-damage|p1a: Ferrothorn|0 fnt
|faint|p1a: Ferrothorn
|
|upkeep
|inactive|friedfreak has 120 seconds left.
|
|switch|p1a: Rotom|Rotom-Heat|100/100
|turn|6
|inactive|929-h has 120 seconds left.
|
|switch|p2a: Hydreigon|Hydreigon, M|100/100
|move|p1a: Rotom|Discharge|p2a: Hydreigon
|-resisted|p2a: Hydreigon
|-damage|p2a: Hydreigon|85/100
|-status|p2a: Hydreigon|par
|
|upkeep
|turn|7
|inactive|friedfreak has 90 seconds left.
|
|switch|p1a: Excadrill|Excadrill, M|100/100
|move|p2a: Hydreigon|U-turn|p1a: Excadrill
|-resisted|p1a: Excadrill
|-damage|p1a: Excadrill|87/100
|
|switch|p2a: Dracovish|Dracovish|100/100|[from]move: U-turn
|-damage|p2a: Dracovish|88/100|[from] Spikes
|
|-heal|p1a: Excadrill|94/100|[from] item: Leftovers
|upkeep
|turn|8
|
|move|p1a: Excadrill|Earthquake|p2a: Dracovish
|-damage|p2a: Dracovish|31/100
|move|p2a: Dracovish|Fishious Rend|p1a: Excadrill
|-supereffective|p1a: Excadrill
|-damage|p1a: Excadrill|0 fnt
|faint|p1a: Excadrill
|
|upkeep
|
|switch|p1a: Dragapult|Dragapult, M|100/100
|turn|9
|
|move|p1a: Dragapult|Will-O-Wisp|p2a: Dracovish
|-status|p2a: Dracovish|brn
|move|p2a: Dracovish|Fishious Rend|p1a: Dragapult
|-resisted|p1a: Dragapult
|-damage|p1a: Dragapult|71/100
|
|-damage|p2a: Dracovish|25/100 brn|[from] brn
|upkeep
|turn|10
|
|move|p1a: Dragapult|U-turn|p2a: Dracovish
|-damage|p2a: Dracovish|5/100 brn
|
|switch|p1a: Hippowdon|Hippowdon, F|100/100|[from]move: U-turn
|-weather|Sandstorm|[from] ability: Sand Stream|[of] p1a: Hippowdon
|move|p2a: Dracovish|Fishious Rend|p1a: Hippowdon
|-supereffective|p1a: Hippowdon
|-damage|p1a: Hippowdon|10/100
|-damage|p2a: Dracovish|0 fnt|[from] item: Rocky Helmet|[of] p1a: Hippowdon
|faint|p2a: Dracovish
|
|-weather|Sandstorm|[upkeep]
|upkeep
|
|switch|p2a: Solo Yolo|Aegislash, M|100/100
|-damage|p2a: Solo Yolo|88/100|[from] Spikes
|turn|11
|
|-formechange|p2a: Solo Yolo|Aegislash-Blade||[from] ability: Stance Change
|move|p2a: Solo Yolo|Shadow Ball|p1a: Hippowdon
|-damage|p1a: Hippowdon|0 fnt
|faint|p1a: Hippowdon
|
|-weather|Sandstorm|[upkeep]
|upkeep
|
|switch|p1a: Rotom|Rotom-Heat|100/100
|turn|12
|
|switch|p2a: Hydreigon|Hydreigon, M|85/100 par
|move|p1a: Rotom|Overheat|p2a: Hydreigon
|-resisted|p2a: Hydreigon
|-damage|p2a: Hydreigon|58/100 par
|-unboost|p1a: Rotom|spa|2
|
|-weather|Sandstorm|[upkeep]
|-damage|p1a: Rotom|95/100|[from] Sandstorm
|-damage|p2a: Hydreigon|52/100 par|[from] Sandstorm
|upkeep
|turn|13
|
|switch|p1a: Clefable|Clefable, M|100/100
|switch|p2a: Clefable|Clefable, F|100/100
|
|-weather|Sandstorm|[upkeep]
|upkeep
|turn|14
|
|move|p2a: Clefable|Wish|p2a: Clefable
|move|p1a: Clefable|Teleport|p1a: Clefable
|
|switch|p1a: Rotom|Rotom-Heat|95/100|[from]move: Teleport
|
|-weather|none
|upkeep
|turn|15
|
|move|p1a: Rotom|Discharge|p2a: Clefable
|-damage|p2a: Clefable|80/100
|move|p2a: Clefable|Teleport|p2a: Clefable
|
|switch|p2a: Hydreigon|Hydreigon, M|52/100 par|[from]move: Teleport
|
|-heal|p2a: Hydreigon|100/100 par|[from] move: Wish|[wisher] Clefable
|upkeep
|turn|16
|
|switch|p1a: Clefable|Clefable, M|100/100
|cant|p2a: Hydreigon|par
|
|upkeep
|turn|17
|
|switch|p2a: Solo Yolo|Aegislash, M|88/100
|-damage|p2a: Solo Yolo|76/100|[from] Spikes
|move|p1a: Clefable|Teleport|p1a: Clefable
|
|switch|p1a: Rotom|Rotom-Heat|95/100|[from]move: Teleport
|
|upkeep
|turn|18
|
|move|p1a: Rotom|Overheat|p2a: Solo Yolo
|-supereffective|p2a: Solo Yolo
|-damage|p2a: Solo Yolo|0 fnt
|-unboost|p1a: Rotom|spa|2
|faint|p2a: Solo Yolo
|
|upkeep
|
|switch|p2a: Hydreigon|Hydreigon, M|100/100 par
|turn|19
|
|switch|p1a: Clefable|Clefable, M|100/100
|move|p2a: Hydreigon|U-turn|p1a: Clefable
|-resisted|p1a: Clefable
|-damage|p1a: Clefable|91/100
|
|switch|p2a: Clefable|Clefable, F|80/100|[from]move: U-turn
|
|-heal|p1a: Clefable|97/100|[from] item: Leftovers
|-heal|p2a: Clefable|87/100|[from] item: Leftovers
|upkeep
|turn|20
|
|move|p1a: Clefable|Moonblast|p2a: Clefable
|-damage|p2a: Clefable|64/100
|move|p2a: Clefable|Moonblast|p1a: Clefable
|-damage|p1a: Clefable|77/100
|
|-heal|p1a: Clefable|83/100|[from] item: Leftovers
|-heal|p2a: Clefable|71/100|[from] item: Leftovers
|upkeep
|turn|21
|
|move|p1a: Clefable|Moonblast|p2a: Clefable
|-damage|p2a: Clefable|51/100
|-unboost|p2a: Clefable|spa|1
|move|p2a: Clefable|Moonblast|p1a: Clefable
|-damage|p1a: Clefable|68/100
|
|-heal|p1a: Clefable|74/100|[from] item: Leftovers
|-heal|p2a: Clefable|57/100|[from] item: Leftovers
|upkeep
|turn|22
|
|switch|p1a: Rotom|Rotom-Heat|95/100
|move|p2a: Clefable|Wish|p2a: Clefable
|
|-heal|p2a: Clefable|63/100|[from] item: Leftovers
|upkeep
|turn|23
|
|move|p1a: Rotom|Toxic|p2a: Clefable
|-status|p2a: Clefable|tox
|move|p2a: Clefable|Moonblast|p1a: Rotom
|-resisted|p1a: Rotom
|-damage|p1a: Rotom|83/100
|
|-heal|p2a: Clefable|100/100 tox|[from] move: Wish|[wisher] Clefable
|upkeep
|turn|24
|
|move|p1a: Rotom|Nasty Plot|p1a: Rotom
|-boost|p1a: Rotom|spa|2
|move|p2a: Clefable|Teleport|p2a: Clefable
|
|switch|p2a: Hydreigon|Hydreigon, M|100/100 par|[from]move: Teleport
|
|upkeep
|turn|25
|
|switch|p1a: Clefable|Clefable, M|74/100
|cant|p2a: Hydreigon|par
|
|-heal|p1a: Clefable|80/100|[from] item: Leftovers
|upkeep
|turn|26
|
|switch|p2a: Corviknight|Corviknight, M|48/100
|-ability|p2a: Corviknight|Pressure
|move|p1a: Clefable|Teleport|p1a: Clefable
|
|switch|p1a: Rotom|Rotom-Heat|83/100|[from]move: Teleport
|
|upkeep
|turn|27
|
|switch|p2a: Hydreigon|Hydreigon, M|100/100 par
|move|p1a: Rotom|Discharge|p2a: Hydreigon
|-resisted|p2a: Hydreigon
|-damage|p2a: Hydreigon|83/100 par
|
|upkeep
|turn|28
|
|switch|p1a: Clefable|Clefable, M|80/100
|move|p2a: Hydreigon|U-turn|p1a: Clefable
|-resisted|p1a: Clefable
|-damage|p1a: Clefable|71/100
|
|switch|p2a: Corviknight|Corviknight, M|48/100|[from]move: U-turn
|-ability|p2a: Corviknight|Pressure
|
|-heal|p1a: Clefable|77/100|[from] item: Leftovers
|upkeep
|turn|29
|
|switch|p1a: Dragapult|Dragapult, M|71/100
|move|p2a: Corviknight|Roost|p2a: Corviknight
|-heal|p2a: Corviknight|98/100
|-singleturn|p2a: Corviknight|move: Roost
|
|upkeep
|turn|30
|
|switch|p2a: Clefable|Clefable, F|100/100 tox
|move|p1a: Dragapult|Will-O-Wisp||[still]
|-fail|p1a: Dragapult
|
|upkeep
|turn|31
|
|move|p1a: Dragapult|U-turn|p2a: Clefable
|-resisted|p2a: Clefable
|-damage|p2a: Clefable|91/100 tox
|
|switch|p1a: Rotom|Rotom-Heat|83/100|[from]move: U-turn
|move|p2a: Clefable|Moonblast|p1a: Rotom
|-resisted|p1a: Rotom
|-damage|p1a: Rotom|65/100
|
|-heal|p2a: Clefable|97/100 tox|[from] item: Leftovers
|upkeep
|turn|32
|
|move|p1a: Rotom|Nasty Plot|p1a: Rotom
|-boost|p1a: Rotom|spa|2
|move|p2a: Clefable|Moonblast|p1a: Rotom
|-resisted|p1a: Rotom
|-damage|p1a: Rotom|49/100
|
|-heal|p2a: Clefable|100/100 tox|[from] item: Leftovers
|upkeep
|turn|33
|
|move|p1a: Rotom|Discharge|p2a: Clefable
|-damage|p2a: Clefable|59/100 tox
|move|p2a: Clefable|Teleport|p2a: Clefable
|
|switch|p2a: Hydreigon|Hydreigon, M|83/100 par|[from]move: Teleport
|
|upkeep
|turn|34
|
|switch|p1a: Clefable|Clefable, M|77/100
|move|p2a: Hydreigon|Draco Meteor|p1a: Clefable
|-immune|p1a: Clefable
|
|-heal|p1a: Clefable|83/100|[from] item: Leftovers
|upkeep
|turn|35
|
|switch|p2a: Clefable|Clefable, F|59/100 tox
|move|p1a: Clefable|Wish|p1a: Clefable
|
|-heal|p1a: Clefable|89/100|[from] item: Leftovers
|-heal|p2a: Clefable|65/100 tox|[from] item: Leftovers
|upkeep
|turn|36
|
|move|p2a: Clefable|Moonblast|p1a: Clefable
|-damage|p1a: Clefable|69/100
|-unboost|p1a: Clefable|spa|1
|move|p1a: Clefable|Teleport|p1a: Clefable
|
|switch|p1a: Rotom|Rotom-Heat|49/100|[from]move: Teleport
|
|-heal|p1a: Rotom|100/100|[from] move: Wish|[wisher] Clefable
|-heal|p2a: Clefable|71/100 tox|[from] item: Leftovers
|upkeep
|turn|37
|
|switch|p2a: Hydreigon|Hydreigon, M|83/100 par
|move|p1a: Rotom|Nasty Plot|p1a: Rotom
|-boost|p1a: Rotom|spa|2
|
|upkeep
|turn|38
|
|move|p1a: Rotom|Overheat|p2a: Hydreigon
|-resisted|p2a: Hydreigon
|-damage|p2a: Hydreigon|27/100 par
|-unboost|p1a: Rotom|spa|2
|move|p2a: Hydreigon|U-turn|p1a: Rotom
|-resisted|p1a: Rotom
|-damage|p1a: Rotom|92/100
|
|switch|p2a: Clefable|Clefable, F|71/100 tox|[from]move: U-turn
|
|-heal|p2a: Clefable|77/100 tox|[from] item: Leftovers
|upkeep
|turn|39
|
|move|p1a: Rotom|Nasty Plot|p1a: Rotom
|-boost|p1a: Rotom|spa|2
|move|p2a: Clefable|Wish|p2a: Clefable
|
|-heal|p2a: Clefable|83/100 tox|[from] item: Leftovers
|upkeep
|turn|40
|
|move|p1a: Rotom|Overheat|p2a: Clefable
|-damage|p2a: Clefable|25/100 tox
|-unboost|p1a: Rotom|spa|2
|move|p2a: Clefable|Teleport|p2a: Clefable
|
|switch|p2a: Hydreigon|Hydreigon, M|27/100 par|[from]move: Teleport
|
|-heal|p2a: Hydreigon|87/100 par|[from] move: Wish|[wisher] Clefable
|upkeep
|turn|41
|
|switch|p1a: Clefable|Clefable, M|69/100
|move|p2a: Hydreigon|Head Smash|p1a: Clefable
|-damage|p1a: Clefable|28/100
|-damage|p2a: Hydreigon|63/100 par|[from] Recoil
|
|-heal|p1a: Clefable|34/100|[from] item: Leftovers
|upkeep
|turn|42
|
|move|p2a: Hydreigon|Head Smash|p1a: Clefable
|-damage|p1a: Clefable|0 fnt
|-damage|p2a: Hydreigon|42/100 par|[from] Recoil
|faint|p1a: Clefable
|
|upkeep
|
|switch|p1a: Dragapult|Dragapult, M|71/100
|turn|43
|
|switch|p2a: Corviknight|Corviknight, M|98/100
|-ability|p2a: Corviknight|Pressure
|move|p1a: Dragapult|Hex|p2a: Corviknight
|-damage|p2a: Corviknight|63/100
|
|upkeep
|turn|44
|
|move|p1a: Dragapult|Will-O-Wisp|p2a: Corviknight
|-status|p2a: Corviknight|brn
|move|p2a: Corviknight|Roost|p2a: Corviknight
|-heal|p2a: Corviknight|100/100 brn
|-singleturn|p2a: Corviknight|move: Roost
|
|-damage|p2a: Corviknight|94/100 brn|[from] brn
|upkeep
|turn|45
|
|move|p1a: Dragapult|Hex|p2a: Corviknight
|-damage|p2a: Corviknight|18/100 brn
|move|p2a: Corviknight|Brave Bird|p1a: Dragapult
|-damage|p1a: Dragapult|44/100
|-damage|p2a: Corviknight|11/100 brn|[from] Recoil
|
|-damage|p2a: Corviknight|5/100 brn|[from] brn
|upkeep
|turn|46
|
|move|p1a: Dragapult|Hex|p2a: Corviknight
|-damage|p2a: Corviknight|0 fnt
|faint|p2a: Corviknight
|
|upkeep
|
|switch|p2a: Hydreigon|Hydreigon, M|42/100 par
|turn|47
|
|move|p1a: Dragapult|U-turn|p2a: Hydreigon
|-supereffective|p2a: Hydreigon
|-damage|p2a: Hydreigon|1/100 par
|
|switch|p1a: Rotom|Rotom-Heat|92/100|[from]move: U-turn
|move|p2a: Hydreigon|Dark Pulse|p1a: Rotom
|-damage|p1a: Rotom|51/100
|
|upkeep
|turn|48
|
|move|p1a: Rotom|Nasty Plot|p1a: Rotom
|-boost|p1a: Rotom|spa|2
|cant|p2a: Hydreigon|par
|
|upkeep
|turn|49
|
|move|p1a: Rotom|Discharge|p2a: Hydreigon
|-resisted|p2a: Hydreigon
|-damage|p2a: Hydreigon|0 fnt
|faint|p2a: Hydreigon
|
|upkeep
|
|switch|p2a: Clefable|Clefable, F|25/100 tox
|turn|50
|c|☆929-h|gg
|-message|929-h forfeited.
|
|win|friedfreak
