|raw|<div class="broadcast-blue"><strong>This battle is required to be public due to a player having a name starting with 'lt94je'.</div>
|j|☆cump2
|j|☆lt94je star
|t:|1661314064
|gametype|singles
|player|p1|cump2|doctor|1738
|player|p2|lt94je star|#uplxdurians|1822
|teamsize|p1|6
|teamsize|p2|6
|gen|8
|tier|[Gen 8] OU
|rated|
|rule|Sleep Clause Mod: Limit one foe put to sleep
|rule|Species Clause: Limit one of each Pokémon
|rule|OHKO Clause: OHKO moves are banned
|rule|Evasion Items Clause: Evasion items are banned
|rule|Evasion Moves Clause: Evasion moves are banned
|rule|Endless Battle Clause: Forcing endless battles is banned
|rule|HP Percentage Mod: HP is shown in percentages
|rule|Dynamax Clause: You cannot dynamax
|clearpoke
|poke|p1|Clefable, F|
|poke|p1|Ferrothorn, M|
|poke|p1|Victini|
|poke|p1|Dragonite, F|
|poke|p1|Tapu Koko|
|poke|p1|Buzzwole|
|poke|p2|Tyranitar, F|
|poke|p2|Slowbro, M|
|poke|p2|Buzzwole|
|poke|p2|Ferrothorn, F|
|poke|p2|Excadrill, F|
|poke|p2|Tornadus-Therian, M|
|teampreview
|c|☆cump2|lmao cool avatar
|c|☆cump2|hf
|inactive|Battle timer is ON: inactive players will automatically lose when time's up. (requested by cump2)
|j| LT94JE LOOR
|
|t:|1661314092
|start
|switch|p1a: Victini|Victini|100/100
|switch|p2a: Tornadus|Tornadus-Therian, M|100/100
|turn|1
|
|t:|1661314104
|move|p2a: Tornadus|Knock Off|p1a: Victini
|-supereffective|p1a: Victini
|-damage|p1a: Victini|54/100
|-enditem|p1a: Victini|Heavy-Duty Boots|[from] move: Knock Off|[of] p2a: Tornadus
|move|p1a: Victini|Bolt Strike|p2a: Tornadus
|-supereffective|p2a: Tornadus
|-damage|p2a: Tornadus|17/100
|
|upkeep
|turn|2
|j| AlIoutdragadarts
|
|t:|1661314112
|switch|p2a: Slowbro|Slowbro, M|100/100
|move|p1a: Victini|V-create|p2a: Slowbro
|-resisted|p2a: Slowbro
|-damage|p2a: Slowbro|75/100
|-unboost|p1a: Victini|spe|1
|-unboost|p1a: Victini|def|1
|-unboost|p1a: Victini|spd|1
|
|upkeep
|turn|3
|j| Chokst du
|
|t:|1661314122
|switch|p2a: Buzzwole|Buzzwole|100/100
|move|p1a: Victini|U-turn|p2a: Buzzwole
|-resisted|p2a: Buzzwole
|-damage|p2a: Buzzwole|94/100
|-damage|p1a: Victini|38/100|[from] item: Rocky Helmet|[of] p2a: Buzzwole
|j| pls send team
|
|t:|1661314126
|switch|p1a: Clefable|Clefable, F|100/100|[from]move: U-turn
|
|upkeep
|turn|4
|
|t:|1661314138
|switch|p2a: Ferrothorn|Ferrothorn, F|100/100
|move|p1a: Clefable|Stealth Rock|p2a: Ferrothorn
|-sidestart|p2: lt94je star|move: Stealth Rock
|
|upkeep
|turn|5
|
|t:|1661314146
|switch|p1a: Buzzwole|Buzzwole|100/100
|move|p2a: Ferrothorn|Stealth Rock|p1a: Buzzwole
|-sidestart|p1: cump2|move: Stealth Rock
|
|upkeep
|turn|6
|j|+spoo
|
|t:|1661314163
|switch|p2a: Buzzwole|Buzzwole|94/100
|-damage|p2a: Buzzwole|82/100|[from] Stealth Rock
|move|p1a: Buzzwole|Leech Life|p2a: Buzzwole
|-resisted|p2a: Buzzwole
|-crit|p2a: Buzzwole
|-damage|p2a: Buzzwole|63/100
|-damage|p1a: Buzzwole|84/100|[from] item: Rocky Helmet|[of] p2a: Buzzwole
|
|upkeep
|turn|7
|j| EobakiPrime
|
|t:|1661314172
|switch|p1a: Tapu Koko|Tapu Koko, shiny|100/100
|-fieldstart|move: Electric Terrain|[from] ability: Electric Surge|[of] p1a: Tapu Koko
|move|p2a: Buzzwole|Roost|p2a: Buzzwole
|-heal|p2a: Buzzwole|100/100
|-singleturn|p2a: Buzzwole|move: Roost
|
|upkeep
|turn|8
|j| LT94JE tj
|
|t:|1661314177
|switch|p2a: Excadrill|Excadrill, F|100/100
|-damage|p2a: Excadrill|97/100|[from] Stealth Rock
|move|p1a: Tapu Koko|Thunderbolt|p2a: Excadrill
|-immune|p2a: Excadrill
|
|-heal|p2a: Excadrill|100/100|[from] item: Leftovers
|upkeep
|turn|9
|
|t:|1661314185
|switch|p1a: Buzzwole|Buzzwole|84/100
|-damage|p1a: Buzzwole|71/100|[from] Stealth Rock
|move|p2a: Excadrill|Earthquake|p1a: Buzzwole
|-resisted|p1a: Buzzwole
|-damage|p1a: Buzzwole|50/100
|
|upkeep
|turn|10
|j| Raikou solar
|
|t:|1661314192
|switch|p1a: Dragonite|Dragonite, F, shiny|100/100
|switch|p2a: Buzzwole|Buzzwole|100/100
|-damage|p2a: Buzzwole|88/100|[from] Stealth Rock
|
|upkeep
|turn|11
|
|t:|1661314196
|move|p1a: Dragonite|Dragon Dance|p1a: Dragonite
|-boost|p1a: Dragonite|atk|1
|-boost|p1a: Dragonite|spe|1
|move|p2a: Buzzwole|Roost|p2a: Buzzwole
|-heal|p2a: Buzzwole|100/100
|-singleturn|p2a: Buzzwole|move: Roost
|
|-fieldend|move: Electric Terrain
|upkeep
|turn|12
|
|t:|1661314206
|move|p1a: Dragonite|Dragon Dance|p1a: Dragonite
|-boost|p1a: Dragonite|atk|1
|-boost|p1a: Dragonite|spe|1
|move|p2a: Buzzwole|Ice Punch|p1a: Dragonite
|-supereffective|p1a: Dragonite
|-damage|p1a: Dragonite|47/100
|
|upkeep
|turn|13
|
|t:|1661314211
|switch|p1a: Clefable|Clefable, F|100/100
|move|p2a: Buzzwole|Ice Punch|p1a: Clefable
|-damage|p1a: Clefable|82/100
|-damage|p2a: Buzzwole|84/100|[from] item: Rocky Helmet|[of] p1a: Clefable
|
|upkeep
|turn|14
|j| sgvh
|l| Raikou solar
|
|t:|1661314223
|switch|p2a: Tornadus|Tornadus-Therian, M|50/100
|switch|p1a: Ferrothorn|Ferrothorn, M, shiny|100/100
|-damage|p1a: Ferrothorn|94/100|[from] Stealth Rock
|
|-heal|p1a: Ferrothorn|100/100|[from] item: Leftovers
|upkeep
|turn|15
|
|t:|1661314234
|switch|p2a: Ferrothorn|Ferrothorn, F|100/100
|-damage|p2a: Ferrothorn|94/100|[from] Stealth Rock
|move|p1a: Ferrothorn|Gyro Ball|p2a: Ferrothorn
|-resisted|p2a: Ferrothorn
|-damage|p2a: Ferrothorn|92/100
|-damage|p1a: Ferrothorn|88/100|[from] ability: Iron Barbs|[of] p2a: Ferrothorn
|
|-heal|p2a: Ferrothorn|98/100|[from] item: Leftovers
|-heal|p1a: Ferrothorn|94/100|[from] item: Leftovers
|upkeep
|turn|16
|
|t:|1661314236
|move|p2a: Ferrothorn|Body Press|p1a: Ferrothorn
|-supereffective|p1a: Ferrothorn
|-damage|p1a: Ferrothorn|47/100
|-damage|p2a: Ferrothorn|85/100|[from] ability: Iron Barbs|[of] p1a: Ferrothorn
|move|p1a: Ferrothorn|Knock Off|p2a: Ferrothorn
|-damage|p2a: Ferrothorn|72/100
|-damage|p1a: Ferrothorn|35/100|[from] ability: Iron Barbs|[of] p2a: Ferrothorn
|-enditem|p2a: Ferrothorn|Leftovers|[from] move: Knock Off|[of] p1a: Ferrothorn
|
|-heal|p1a: Ferrothorn|41/100|[from] item: Leftovers
|upkeep
|turn|17
|j| 3d
|
|t:|1661314240
|move|p1a: Ferrothorn|Spikes|p2a: Ferrothorn
|-sidestart|p2: lt94je star|Spikes
|move|p2a: Ferrothorn|Body Press|p1a: Ferrothorn
|-supereffective|p1a: Ferrothorn
|-damage|p1a: Ferrothorn|0 fnt
|-damage|p2a: Ferrothorn|60/100|[from] ability: Iron Barbs|[of] p1a: Ferrothorn
|faint|p1a: Ferrothorn
|
|upkeep
|
|t:|1661314251
|switch|p1a: Victini|Victini|38/100
|-damage|p1a: Victini|13/100|[from] Stealth Rock
|turn|18
|
|t:|1661314258
|move|p1a: Victini|Toxic|p2a: Ferrothorn
|-immune|p2a: Ferrothorn
|move|p2a: Ferrothorn|Gyro Ball|p1a: Victini
|-resisted|p1a: Victini
|-damage|p1a: Victini|0 fnt
|faint|p1a: Victini
|
|upkeep
|l| EobakiPrime
|
|t:|1661314262
|switch|p1a: Dragonite|Dragonite, F, shiny|47/100
|turn|19
|
|t:|1661314266
|move|p1a: Dragonite|Earthquake|p2a: Ferrothorn
|-damage|p2a: Ferrothorn|43/100
|move|p2a: Ferrothorn|Leech Seed|p1a: Dragonite
|-start|p1a: Dragonite|move: Leech Seed
|
|-damage|p1a: Dragonite|35/100|[from] Leech Seed|[of] p2a: Ferrothorn
|-heal|p2a: Ferrothorn|55/100|[silent]
|upkeep
|turn|20
|-message|cump2 forfeited.
|
|win|lt94je star
|raw|cump2's rating: 1738 &rarr; <strong>1723</strong><br />(-15 for losing)
|raw|lt94je star's rating: 1822 &rarr; <strong>1837</strong><br />(+15 for winning)
|l|☆cump2
|j| Eternara Mistwaves
|l|☆lt94je star
|l| sgvh
|l| pls send team
|j| LegendaryC26
|l| LegendaryC26
|l| 3d
|j| pls send team
||Ladder isn't responding, score probably updated but might not have (Request timeout).
|l|+spoo
|l| LT94JE LOOR
|l| Eternara Mistwaves
|l| Chokst du
|l| pls send team
|j| LT94JE LOOR
|l| LT94JE LOOR
|l| LT94JE tj
|j| pls send team
