|html|<div class="broadcast-blue"><strong>[Gen 8] OU is currently suspecting Melmetal! For information on how to participate check out the <a href="https://www.smogon.com/forums/threads/np-ss-ou-suspect-process-round-12-monster-mash.3709234/">suspect thread</a>.</strong></div>
|j|☆minimax_ai
|j|☆playeraccount
|t:|1666869771
|gametype|singles
|player|p1|minimax_ai|lusamine-nihilego|1423
|player|p2|playeraccount|1|1445
|teamsize|p1|6
|teamsize|p2|6
|gen|8
|tier|[Gen 8] OU
|rated|
|rule|Sleep Clause Mod: Limit one foe put to sleep
|rule|Species Clause: Limit one of each Pokémon
|rule|OHKO Clause: OHKO moves are banned
|rule|Evasion Items Clause: Evasion items are banned
|rule|Evasion Moves Clause: Evasion moves are banned
|rule|Endless Battle Clause: Forcing endless battles is banned
|rule|HP Percentage Mod: HP is shown in percentages
|rule|Dynamax Clause: You cannot dynamax
|clearpoke
|poke|p1|Rotom-Wash|
|poke|p1|Weavile, F|
|poke|p1|Landorus-Therian, M|
|poke|p1|Heatran, M|
|poke|p1|Tangrowth, M|
|poke|p1|Melmetal|
|poke|p2|Nidoqueen, F|
|poke|p2|Kartana|
|poke|p2|Slowbro, F|
|poke|p2|Tapu Fini|
|poke|p2|Blissey, F|
|poke|p2|Zapdos|
|teampreview
|c|☆minimax_ai|hf
|inactive|Battle timer is ON: inactive players will automatically lose when time's up. (requested by minimax_ai)
|inactive|playeraccount also wants the timer to be on.
|c|☆playeraccount|gl hf
|
|t:|1666869787
|start
|switch|p1a: Melmetal|Melmetal|100/100
|switch|p2a: Kartana|Kartana, shiny|100/100
|turn|1
|
|t:|1666869792
|switch|p2a: Slowbro|Slowbro, F, shiny|100/100
|move|p1a: Melmetal|Double Iron Bash|p2a: Slowbro
|-resisted|p2a: Slowbro
|-damage|p2a: Slowbro|89/100
|-damage|p1a: Melmetal|84/100|[from] item: Rocky Helmet|[of] p2a: Slowbro
|-resisted|p2a: Slowbro
|-damage|p2a: Slowbro|77/100
|-damage|p1a: Melmetal|67/100|[from] item: Rocky Helmet|[of] p2a: Slowbro
|-hitcount|p2a: Slowbro|2
|
|upkeep
|turn|2
|
|t:|1666869795
|move|p1a: Melmetal|Thunder Punch|p2a: Slowbro
|-supereffective|p2a: Slowbro
|-damage|p2a: Slowbro|35/100
|-damage|p1a: Melmetal|51/100|[from] item: Rocky Helmet|[of] p2a: Slowbro
|move|p2a: Slowbro|Counter|p1a: Melmetal
|-damage|p1a: Melmetal|0 fnt
|faint|p1a: Melmetal
|
|upkeep
|
|t:|1666869795
|switch|p1a: Heatran|Heatran, M|100/100
|-item|p1a: Heatran|Air Balloon
|turn|3
|
|t:|1666869801
|switch|p2a: Blissey|Blissey, F, shiny|100/100
|move|p1a: Heatran|Eruption|p2a: Blissey
|-damage|p2a: Blissey|73/100
|
|-heal|p2a: Blissey|80/100|[from] item: Leftovers
|upkeep
|turn|4
|
|t:|1666869803
|move|p1a: Heatran|Magma Storm|p2a: Blissey
|-damage|p2a: Blissey|61/100
|-activate|p2a: Blissey|move: Magma Storm|[of] p1a: Heatran
|move|p2a: Blissey|Seismic Toss|p1a: Heatran
|-damage|p1a: Heatran|70/100
|-enditem|p1a: Heatran|Air Balloon
|
|-heal|p2a: Blissey|67/100|[from] item: Leftovers
|-damage|p2a: Blissey|54/100|[from] move: Magma Storm|[partiallytrapped]
|upkeep
|turn|5
|
|t:|1666869810
|move|p1a: Heatran|Stealth Rock|p2a: Blissey
|-sidestart|p2: playeraccount|move: Stealth Rock
|move|p2a: Blissey|Seismic Toss|p1a: Heatran
|-damage|p1a: Heatran|39/100
|
|-heal|p2a: Blissey|60/100|[from] item: Leftovers
|-damage|p2a: Blissey|48/100|[from] move: Magma Storm|[partiallytrapped]
|upkeep
|turn|6
|
|t:|1666869813
|move|p1a: Heatran|Magma Storm|p2a: Blissey
|-damage|p2a: Blissey|28/100
|move|p2a: Blissey|Soft-Boiled|p2a: Blissey
|-heal|p2a: Blissey|78/100
|
|-heal|p2a: Blissey|84/100|[from] item: Leftovers
|-damage|p2a: Blissey|72/100|[from] move: Magma Storm|[partiallytrapped]
|upkeep
|turn|7
|
|t:|1666869816
|switch|p1a: landorustherian|Landorus-Therian, M|100/100
|-ability|p1a: landorustherian|Intimidate|boost
|-unboost|p2a: Blissey|atk|1
|move|p2a: Blissey|Stealth Rock|p1a: landorustherian
|-sidestart|p1: minimax_ai|move: Stealth Rock
|
|-heal|p2a: Blissey|78/100|[from] item: Leftovers
|-end|p2a: Blissey|Magma Storm|[partiallytrapped]|[silent]
|upkeep
|turn|8
|
|t:|1666869820
|switch|p2a: Zapdos|Zapdos|100/100
|move|p1a: landorustherian|Earthquake|p2a: Zapdos
|-immune|p2a: Zapdos
|
|upkeep
|turn|9
|
|t:|1666869822
|move|p2a: Zapdos|Toxic|p1a: landorustherian
|-status|p1a: landorustherian|tox
|move|p1a: landorustherian|Earthquake|p2a: Zapdos
|-immune|p2a: Zapdos
|
|-damage|p1a: landorustherian|94/100 tox|[from] psn
|upkeep
|turn|10
|
|t:|1666869827
|move|p2a: Zapdos|Heat Wave|p1a: landorustherian
|-damage|p1a: landorustherian|76/100 tox
|move|p1a: landorustherian|Earthquake|p2a: Zapdos
|-immune|p2a: Zapdos
|
|-heal|p1a: landorustherian|82/100 tox|[from] item: Leftovers
|-damage|p1a: landorustherian|70/100 tox|[from] psn
|upkeep
|turn|11
|
|t:|1666869831
|move|p2a: Zapdos|Heat Wave|p1a: landorustherian
|-damage|p1a: landorustherian|49/100 tox
|move|p1a: landorustherian|U-turn|p2a: Zapdos
|-resisted|p2a: Zapdos
|-damage|p2a: Zapdos|91/100
|
|t:|1666869831
|switch|p1a: Weavile|Weavile, F|100/100|[from]move: U-turn
|-damage|p1a: Weavile|76/100|[from] Stealth Rock
|-ability|p1a: Weavile|Pressure
|
|upkeep
|turn|12
|
|t:|1666869835
|move|p1a: Weavile|Triple Axel|p2a: Zapdos
|-supereffective|p2a: Zapdos
|-damage|p2a: Zapdos|69/100
|-status|p1a: Weavile|par|[from] ability: Static|[of] p2a: Zapdos
|-supereffective|p2a: Zapdos
|-damage|p2a: Zapdos|23/100
|-supereffective|p2a: Zapdos
|-damage|p2a: Zapdos|0 fnt
|faint|p2a: Zapdos
|-hitcount|p2: Zapdos|3
|
|upkeep
|
|t:|1666869839
|switch|p2a: Kartana|Kartana, shiny|100/100
|-damage|p2a: Kartana|94/100|[from] Stealth Rock
|turn|13
|
|t:|1666869842
|switch|p1a: Tangrowth|Tangrowth, M|100/100
|-damage|p1a: Tangrowth|88/100|[from] Stealth Rock
|move|p2a: Kartana|Leaf Blade|p1a: Tangrowth
|-resisted|p1a: Tangrowth
|-damage|p1a: Tangrowth|63/100
|-damage|p2a: Kartana|78/100|[from] item: Rocky Helmet|[of] p1a: Tangrowth
|
|upkeep
|turn|14
|
|t:|1666869848
|switch|p2a: Slowbro|Slowbro, F, shiny|68/100
|-damage|p2a: Slowbro|56/100|[from] Stealth Rock
|move|p1a: Tangrowth|Giga Drain|p2a: Slowbro
|-supereffective|p2a: Slowbro
|-damage|p2a: Slowbro|2/100
|-heal|p1a: Tangrowth|89/100|[from] drain|[of] p2a: Slowbro
|
|upkeep
|turn|15
|
|t:|1666869853
|switch|p2a: Blissey|Blissey, F, shiny|78/100
|-damage|p2a: Blissey|65/100|[from] Stealth Rock
|move|p1a: Tangrowth|Sleep Powder|p2a: Blissey
|-status|p2a: Blissey|slp|[from] move: Sleep Powder
|
|-heal|p2a: Blissey|72/100 slp|[from] item: Leftovers
|upkeep
|turn|16
|
|t:|1666869857
|cant|p2a: Blissey|slp
|move|p1a: Tangrowth|Giga Drain|p2a: Blissey
|-damage|p2a: Blissey|60/100 slp
|-heal|p1a: Tangrowth|99/100|[from] drain|[of] p2a: Blissey
|
|-heal|p2a: Blissey|66/100 slp|[from] item: Leftovers
|upkeep
|turn|17
|
|t:|1666869860
|-curestatus|p2a: Blissey|slp|[from] ability: Natural Cure
|switch|p2a: Nidoqueen|Nidoqueen, F, shiny|100/100
|-damage|p2a: Nidoqueen|94/100|[from] Stealth Rock
|move|p1a: Tangrowth|Sleep Powder|p2a: Nidoqueen|[miss]
|-miss|p1a: Tangrowth|p2a: Nidoqueen
|
|upkeep
|turn|18
|
|t:|1666869863
|switch|p1a: landorustherian|Landorus-Therian, M|49/100 tox
|-damage|p1a: landorustherian|37/100 tox|[from] Stealth Rock
|-ability|p1a: landorustherian|Intimidate|boost
|-unboost|p2a: Nidoqueen|atk|1
|move|p2a: Nidoqueen|Sludge Wave|p1a: landorustherian
|-resisted|p1a: landorustherian
|-damage|p1a: landorustherian|14/100 tox
|
|-heal|p1a: landorustherian|20/100 tox|[from] item: Leftovers
|-damage|p1a: landorustherian|14/100 tox|[from] psn
|upkeep
|turn|19
|
|t:|1666869867
|move|p2a: Nidoqueen|Sludge Wave|p1a: landorustherian
|-resisted|p1a: landorustherian
|-damage|p1a: landorustherian|0 fnt
|faint|p1a: landorustherian
|
|upkeep
|
|t:|1666869867
|switch|p1a: rotomwash|Rotom-Wash|100/100
|-damage|p1a: rotomwash|88/100|[from] Stealth Rock
|turn|20
|
|t:|1666869876
|switch|p2a: Blissey|Blissey, F, shiny|66/100
|-damage|p2a: Blissey|54/100|[from] Stealth Rock
|move|p1a: rotomwash|Hydro Pump|p2a: Blissey
|-damage|p2a: Blissey|38/100
|
|-heal|p1a: rotomwash|94/100|[from] item: Leftovers
|-heal|p2a: Blissey|44/100|[from] item: Leftovers
|upkeep
|turn|21
|
|t:|1666869878
|move|p1a: rotomwash|Nasty Plot|p1a: rotomwash
|-boost|p1a: rotomwash|spa|2
|move|p2a: Blissey|Soft-Boiled|p2a: Blissey
|-heal|p2a: Blissey|94/100
|
|-heal|p1a: rotomwash|100/100|[from] item: Leftovers
|-heal|p2a: Blissey|99/100|[from] item: Leftovers
|upkeep
|turn|22
|
|t:|1666869881
|move|p1a: rotomwash|Thunderbolt|p2a: Blissey
|-damage|p2a: Blissey|76/100
|move|p2a: Blissey|Seismic Toss|p1a: rotomwash
|-damage|p1a: rotomwash|68/100
|
|-heal|p1a: rotomwash|74/100|[from] item: Leftovers
|-heal|p2a: Blissey|82/100|[from] item: Leftovers
|upkeep
|turn|23
|
|t:|1666869883
|move|p1a: rotomwash|Thunderbolt|p2a: Blissey
|-damage|p2a: Blissey|56/100
|move|p2a: Blissey|Seismic Toss|p1a: rotomwash
|-damage|p1a: rotomwash|41/100
|
|-heal|p1a: rotomwash|47/100|[from] item: Leftovers
|-heal|p2a: Blissey|62/100|[from] item: Leftovers
|upkeep
|turn|24
|
|t:|1666869886
|move|p1a: rotomwash|Pain Split|p2a: Blissey
|-sethp|p2a: Blissey|41/100|[from] move: Pain Split|[silent]
|-sethp|p1a: rotomwash|96/100|[from] move: Pain Split
|move|p2a: Blissey|Seismic Toss|p1a: rotomwash
|-damage|p1a: rotomwash|63/100
|
|-heal|p1a: rotomwash|70/100|[from] item: Leftovers
|-heal|p2a: Blissey|47/100|[from] item: Leftovers
|upkeep
|turn|25
|
|t:|1666869889
|move|p1a: rotomwash|Thunderbolt|p2a: Blissey
|-damage|p2a: Blissey|22/100
|move|p2a: Blissey|Seismic Toss|p1a: rotomwash
|-damage|p1a: rotomwash|37/100
|
|-heal|p1a: rotomwash|43/100|[from] item: Leftovers
|-heal|p2a: Blissey|28/100|[from] item: Leftovers
|upkeep
|turn|26
|
|t:|1666869892
|move|p1a: rotomwash|Hydro Pump|p2a: Blissey
|-damage|p2a: Blissey|0 fnt
|faint|p2a: Blissey
|
|-heal|p1a: rotomwash|49/100|[from] item: Leftovers
|upkeep
|
|t:|1666869895
|switch|p2a: Kartana|Kartana, shiny|78/100
|-damage|p2a: Kartana|72/100|[from] Stealth Rock
|turn|27
|
|t:|1666869897
|switch|p1a: Tangrowth|Tangrowth, M|100/100
|-damage|p1a: Tangrowth|88/100|[from] Stealth Rock
|move|p2a: Kartana|Knock Off|p1a: Tangrowth
|-damage|p1a: Tangrowth|52/100
|-damage|p2a: Kartana|55/100|[from] item: Rocky Helmet|[of] p1a: Tangrowth
|-enditem|p1a: Tangrowth|Rocky Helmet|[from] move: Knock Off|[of] p2a: Kartana
|
|upkeep
|turn|28
|
|t:|1666869908
|switch|p2a: Nidoqueen|Nidoqueen, F, shiny|94/100
|-damage|p2a: Nidoqueen|88/100|[from] Stealth Rock
|move|p1a: Tangrowth|Sleep Powder|p2a: Nidoqueen
|-status|p2a: Nidoqueen|slp|[from] move: Sleep Powder
|
|upkeep
|turn|29
|
|t:|1666869912
|switch|p2a: Tapu Fini|Tapu Fini, shiny|100/100
|-damage|p2a: Tapu Fini|88/100|[from] Stealth Rock
|-fieldstart|move: Misty Terrain|[from] ability: Misty Surge|[of] p2a: Tapu Fini
|switch|p1a: rotomwash|Rotom-Wash|49/100
|-damage|p1a: rotomwash|37/100|[from] Stealth Rock
|
|-heal|p1a: rotomwash|43/100|[from] item: Leftovers
|upkeep
|turn|30
|
|t:|1666869916
|move|p2a: Tapu Fini|Moonblast|p1a: rotomwash
|-damage|p1a: rotomwash|0 fnt
|faint|p1a: rotomwash
|
|upkeep
|
|t:|1666869916
|switch|p1a: Tangrowth|Tangrowth, M|85/100
|-damage|p1a: Tangrowth|73/100|[from] Stealth Rock
|turn|31
|
|t:|1666869928
|switch|p2a: Kartana|Kartana, shiny|55/100
|-damage|p2a: Kartana|49/100|[from] Stealth Rock
|move|p1a: Tangrowth|Giga Drain|p2a: Kartana
|-resisted|p2a: Kartana
|-damage|p2a: Kartana|28/100
|-heal|p1a: Tangrowth|79/100|[from] drain|[of] p2a: Kartana
|
|upkeep
|turn|32
|
|t:|1666869930
|move|p2a: Kartana|Sacred Sword|p1a: Tangrowth
|-damage|p1a: Tangrowth|48/100
|move|p1a: Tangrowth|Giga Drain|p2a: Kartana
|-resisted|p2a: Kartana
|-damage|p2a: Kartana|7/100
|-heal|p1a: Tangrowth|55/100|[from] drain|[of] p2a: Kartana
|
|upkeep
|turn|33
|
|t:|1666869935
|move|p2a: Kartana|Sacred Sword|p1a: Tangrowth
|-damage|p1a: Tangrowth|25/100
|move|p1a: Tangrowth|Giga Drain|p2a: Kartana
|-resisted|p2a: Kartana
|-damage|p2a: Kartana|0 fnt
|-heal|p1a: Tangrowth|27/100|[from] drain|[of] p2a: Kartana
|faint|p2a: Kartana
|
|-fieldend|Misty Terrain
|upkeep
|
|t:|1666869939
|switch|p2a: Tapu Fini|Tapu Fini, shiny|88/100
|-damage|p2a: Tapu Fini|76/100|[from] Stealth Rock
|-fieldstart|move: Misty Terrain|[from] ability: Misty Surge|[of] p2a: Tapu Fini
|turn|34
|
|t:|1666869941
|switch|p1a: Heatran|Heatran, M|39/100
|-damage|p1a: Heatran|26/100|[from] Stealth Rock
|move|p2a: Tapu Fini|Ice Beam|p1a: Heatran
|-resisted|p1a: Heatran
|-damage|p1a: Heatran|20/100
|
|upkeep
|turn|35
|
|t:|1666869947
|switch|p2a: Nidoqueen|Nidoqueen, F, shiny|88/100 slp
|-damage|p2a: Nidoqueen|82/100 slp|[from] Stealth Rock
|move|p1a: Heatran|Magma Storm|p2a: Nidoqueen
|-damage|p2a: Nidoqueen|21/100 slp
|-activate|p2a: Nidoqueen|move: Magma Storm|[of] p1a: Heatran
|
|-damage|p2a: Nidoqueen|9/100 slp|[from] move: Magma Storm|[partiallytrapped]
|upkeep
|turn|36
|
|t:|1666869949
|move|p1a: Heatran|Magma Storm|p2a: Nidoqueen
|-damage|p2a: Nidoqueen|0 fnt
|faint|p2a: Nidoqueen
|
|upkeep
|
|t:|1666869952
|switch|p2a: Slowbro|Slowbro, F, shiny|35/100
|-damage|p2a: Slowbro|23/100|[from] Stealth Rock
|turn|37
|
|t:|1666869955
|move|p1a: Heatran|Magma Storm|p2a: Slowbro
|-resisted|p2a: Slowbro
|-damage|p2a: Slowbro|0 fnt
|faint|p2a: Slowbro
|
|upkeep
|
|t:|1666869957
|switch|p2a: Tapu Fini|Tapu Fini, shiny|76/100
|-damage|p2a: Tapu Fini|63/100|[from] Stealth Rock
|turn|38
|
|t:|1666869960
|move|p2a: Tapu Fini|Moonblast|p1a: Heatran
|-resisted|p1a: Heatran
|-damage|p1a: Heatran|10/100
|move|p1a: Heatran|Magma Storm|p2a: Tapu Fini
|-resisted|p2a: Tapu Fini
|-damage|p2a: Tapu Fini|40/100
|-activate|p2a: Tapu Fini|move: Magma Storm|[of] p1a: Heatran
|
|-damage|p2a: Tapu Fini|28/100|[from] move: Magma Storm|[partiallytrapped]
|-fieldend|Misty Terrain
|upkeep
|turn|39
|
|t:|1666869963
|move|p2a: Tapu Fini|Moonblast|p1a: Heatran
|-resisted|p1a: Heatran
|-damage|p1a: Heatran|0 fnt
|faint|p1a: Heatran
|
|-end|p2a: Tapu Fini|Magma Storm|[partiallytrapped]|[silent]
|upkeep
|
|t:|1666869963
|switch|p1a: Tangrowth|Tangrowth, M|60/100
|-damage|p1a: Tangrowth|48/100|[from] Stealth Rock
|turn|40
|
|t:|1666869966
|switch|p1a: Weavile|Weavile, F|76/100 par
|-damage|p1a: Weavile|51/100 par|[from] Stealth Rock
|-ability|p1a: Weavile|Pressure
|move|p2a: Tapu Fini|Moonblast|p1a: Weavile
|-supereffective|p1a: Weavile
|-damage|p1a: Weavile|0 fnt
|faint|p1a: Weavile
|
|upkeep
|
|t:|1666869966
|switch|p1a: Tangrowth|Tangrowth, M|81/100
|-damage|p1a: Tangrowth|69/100|[from] Stealth Rock
|turn|41
|
|t:|1666869969
|move|p2a: Tapu Fini|Moonblast|p1a: Tangrowth
|-damage|p1a: Tangrowth|12/100
|move|p1a: Tangrowth|Giga Drain|p2a: Tapu Fini
|-supereffective|p2a: Tapu Fini
|-damage|p2a: Tapu Fini|0 fnt
|-heal|p1a: Tangrowth|22/100|[from] drain|[of] p2a: Tapu Fini
|faint|p2a: Tapu Fini
|
|win|minimax_ai
|raw|minimax_ai's rating: 1423 &rarr; <strong>1444</strong><br />(+21 for winning)
|raw|playeraccount's rating: 1445 &rarr; <strong>1424</strong><br />(-21 for losing)
|c|☆minimax_ai|gg
