|j|☆Af lele.tomas
|j|☆JoJo321
|t:|1597238733
|player|p1|Af lele.tomas|steven|1408
|player|p2|JoJo321|266|1396
|teamsize|p1|6
|teamsize|p2|6
|gametype|singles
|gen|8
|tier|[Gen 8] OU
|rated|
|clearpoke
|poke|p1|Urshifu-*, M|
|poke|p1|Rillaboom, M|
|poke|p1|Toxapex, M|
|poke|p1|Blissey, F|
|poke|p1|Volcarona, M|
|poke|p1|Togekiss, M|
|poke|p2|Pelipper, M|
|poke|p2|Kingdra, F|
|poke|p2|Scizor, M|
|poke|p2|Seismitoad, F|
|poke|p2|Urshifu-*, F|
|poke|p2|Rotom-Wash|
|rule|Sleep Clause Mod: Limit one foe put to sleep
|rule|Species Clause: Limit one of each Pokémon
|rule|OHKO Clause: OHKO moves are banned
|rule|Evasion Moves Clause: Evasion moves are banned
|rule|Endless Battle Clause: Forcing endless battles is banned
|rule|HP Percentage Mod: HP is shown in percentages
|rule|Dynamax Clause: You cannot dynamax
|teampreview
|inactive|Battle timer is ON: inactive players will automatically lose when time's up. (requested by Af lele.tomas)
|
|t:|1597238777
|start
|switch|p1a: Blissey|Blissey, F|100/100
|switch|p2a: Pelipper|Pelipper, M|100/100
|-weather|RainDance|[from] ability: Drizzle|[of] p2a: Pelipper
|turn|1
|
|t:|1597238783
|move|p2a: Pelipper|U-turn|p1a: Blissey
|-damage|p1a: Blissey|93/100
|
|t:|1597238788
|switch|p2a: Urshifu|Urshifu-Rapid-Strike, F|100/100|[from]move: U-turn
|move|p1a: Blissey|Toxic|p2a: Urshifu
|-status|p2a: Urshifu|tox
|
|-weather|RainDance|[upkeep]
|-heal|p1a: Blissey|99/100|[from] item: Leftovers
|-damage|p2a: Urshifu|94/100 tox|[from] psn
|upkeep
|turn|2
|
|t:|1597238795
|switch|p1a: Rillaboom|Rillaboom, M|100/100
|-fieldstart|move: Grassy Terrain|[from] ability: Grassy Surge|[of] p1a: Rillaboom
|-enditem|p1a: Rillaboom|Grassy Seed
|-boost|p1a: Rillaboom|def|1|[from] item: Grassy Seed
|move|p2a: Urshifu|Surging Strikes|p1a: Rillaboom
|-resisted|p1a: Rillaboom
|-crit|p1a: Rillaboom
|-damage|p1a: Rillaboom|79/100
|-resisted|p1a: Rillaboom
|-crit|p1a: Rillaboom
|-damage|p1a: Rillaboom|56/100
|-resisted|p1a: Rillaboom
|-crit|p1a: Rillaboom
|-damage|p1a: Rillaboom|33/100
|-hitcount|p1a: Rillaboom|3
|
|-weather|RainDance|[upkeep]
|-heal|p2a: Urshifu|100/100 tox|[from] Grassy Terrain
|-heal|p1a: Rillaboom|39/100|[from] Grassy Terrain
|-damage|p2a: Urshifu|88/100 tox|[from] psn
|upkeep
|turn|3
|
|t:|1597238815
|switch|p2a: Scizor|Scizor, M|100/100
|move|p1a: Rillaboom|Grassy Glide|p2a: Scizor
|-resisted|p2a: Scizor
|-damage|p2a: Scizor|93/100
|
|-weather|RainDance|[upkeep]
|-heal|p1a: Rillaboom|46/100|[from] Grassy Terrain
|-heal|p2a: Scizor|99/100|[from] item: Leftovers
|-heal|p2a: Scizor|100/100|[from] Grassy Terrain
|upkeep
|turn|4
|
|t:|1597238823
|move|p1a: Rillaboom|Drain Punch|p2a: Scizor
|-damage|p2a: Scizor|82/100
|-heal|p1a: Rillaboom|53/100|[from] drain|[of] p2a: Scizor
|move|p2a: Scizor|U-turn|p1a: Rillaboom
|-supereffective|p1a: Rillaboom
|-damage|p1a: Rillaboom|16/100
|
|t:|1597238838
|switch|p2a: Pelipper|Pelipper, M|100/100|[from]move: U-turn
|
|-weather|RainDance|[upkeep]
|-heal|p1a: Rillaboom|22/100|[from] Grassy Terrain
|upkeep
|turn|5
|
|t:|1597238844
|switch|p2a: Scizor|Scizor, M|82/100
|move|p1a: Rillaboom|Grassy Glide|p2a: Scizor
|-resisted|p2a: Scizor
|-damage|p2a: Scizor|75/100
|
|-weather|RainDance|[upkeep]
|-heal|p1a: Rillaboom|28/100|[from] Grassy Terrain
|-heal|p2a: Scizor|81/100|[from] item: Leftovers
|-heal|p2a: Scizor|87/100|[from] Grassy Terrain
|upkeep
|turn|6
|
|t:|1597238850
|switch|p1a: Toxapex|Toxapex, M|100/100
|move|p2a: Scizor|U-turn|p1a: Toxapex
|-resisted|p1a: Toxapex
|-damage|p1a: Toxapex|92/100
|
|t:|1597238856
|switch|p2a: Seismitoad|Seismitoad, F|100/100|[from]move: U-turn
|
|-weather|RainDance|[upkeep]
|-heal|p1a: Toxapex|99/100|[from] item: Black Sludge
|-heal|p1a: Toxapex|100/100|[from] Grassy Terrain
|-fieldend|move: Grassy Terrain
|upkeep
|turn|7
|
|t:|1597238860
|move|p2a: Seismitoad|Stealth Rock|p1a: Toxapex
|-sidestart|p1: Af lele.tomas|move: Stealth Rock
|move|p1a: Toxapex|Toxic|p2a: Seismitoad
|-status|p2a: Seismitoad|tox
|
|-weather|RainDance|[upkeep]
|-damage|p2a: Seismitoad|95/100 tox|[from] psn
|upkeep
|turn|8
|
|t:|1597238865
|switch|p1a: Togekiss|Togekiss, M|100/100
|move|p2a: Seismitoad|Earth Power|p1a: Togekiss
|-immune|p1a: Togekiss
|
|-weather|none
|-damage|p2a: Seismitoad|83/100 tox|[from] psn
|upkeep
|turn|9
|
|t:|1597238869
|switch|p2a: Rotom|Rotom-Wash|100/100
|move|p1a: Togekiss|Defog|p2a: Rotom
|-unboost|p2a: Rotom|evasion|1
|-sideend|p1: Af lele.tomas|Stealth Rock|[from] move: Defog|[of] p1a: Togekiss
|
|upkeep
|turn|10
|
|t:|1597238873
|switch|p1a: Blissey|Blissey, F|99/100
|move|p2a: Rotom|Volt Switch|p1a: Blissey
|-damage|p1a: Blissey|89/100
|
|t:|1597238877
|switch|p2a: Scizor|Scizor, M|87/100|[from]move: Volt Switch
|
|-heal|p2a: Scizor|94/100|[from] item: Leftovers
|-heal|p1a: Blissey|95/100|[from] item: Leftovers
|upkeep
|turn|11
|
|t:|1597238881
|switch|p1a: Volcarona|Volcarona, M|100/100
|move|p2a: Scizor|Knock Off|p1a: Volcarona
|-damage|p1a: Volcarona|60/100
|-enditem|p1a: Volcarona|Heavy-Duty Boots|[from] move: Knock Off|[of] p2a: Scizor
|
|-heal|p2a: Scizor|99/100|[from] item: Leftovers
|upkeep
|turn|12
|
|t:|1597238889
|switch|p2a: Pelipper|Pelipper, M|100/100
|-weather|RainDance|[from] ability: Drizzle|[of] p2a: Pelipper
|move|p1a: Volcarona|Psychic|p2a: Pelipper
|-damage|p2a: Pelipper|57/100
|-unboost|p2a: Pelipper|spd|1
|
|-weather|RainDance|[upkeep]
|upkeep
|turn|13
|
|t:|1597238895
|switch|p2a: Kingdra|Kingdra, F|100/100
|move|p1a: Volcarona|Psychic|p2a: Kingdra
|-damage|p2a: Kingdra|58/100
|
|-weather|RainDance|[upkeep]
|upkeep
|turn|14
|
|t:|1597238899
|switch|p1a: Blissey|Blissey, F|95/100
|move|p2a: Kingdra|Flip Turn|p1a: Blissey
|-damage|p1a: Blissey|72/100
|
|t:|1597238903
|switch|p2a: Urshifu|Urshifu-Rapid-Strike, F|88/100 tox|[from]move: Flip Turn
|
|-weather|RainDance|[upkeep]
|-heal|p1a: Blissey|78/100|[from] item: Leftovers
|-damage|p2a: Urshifu|82/100 tox|[from] psn
|upkeep
|turn|15
|
|t:|1597238908
|switch|p1a: Toxapex|Toxapex, M|100/100
|move|p2a: Urshifu|Surging Strikes|p1a: Toxapex
|-resisted|p1a: Toxapex
|-crit|p1a: Toxapex
|-damage|p1a: Toxapex|86/100
|-resisted|p1a: Toxapex
|-crit|p1a: Toxapex
|-damage|p1a: Toxapex|70/100
|-resisted|p1a: Toxapex
|-crit|p1a: Toxapex
|-damage|p1a: Toxapex|54/100
|-hitcount|p1a: Toxapex|3
|
|-weather|RainDance|[upkeep]
|-heal|p1a: Toxapex|61/100|[from] item: Black Sludge
|-damage|p2a: Urshifu|70/100 tox|[from] psn
|upkeep
|turn|16
|
|t:|1597238919
|switch|p2a: Rotom|Rotom-Wash|100/100
|move|p1a: Toxapex|Scald|p2a: Rotom
|-resisted|p2a: Rotom
|-damage|p2a: Rotom|87/100
|
|-weather|RainDance|[upkeep]
|-heal|p2a: Rotom|93/100|[from] item: Leftovers
|-heal|p1a: Toxapex|67/100|[from] item: Black Sludge
|upkeep
|turn|17
|
|t:|1597238925
|switch|p1a: Blissey|Blissey, F|78/100
|move|p2a: Rotom|Volt Switch|p1a: Blissey
|-damage|p1a: Blissey|68/100
|
|t:|1597238928
|switch|p2a: Urshifu|Urshifu-Rapid-Strike, F|70/100 tox|[from]move: Volt Switch
|
|-weather|RainDance|[upkeep]
|-heal|p1a: Blissey|74/100|[from] item: Leftovers
|-damage|p2a: Urshifu|64/100 tox|[from] psn
|upkeep
|turn|18
|
|t:|1597238930
|move|p2a: Urshifu|Zen Headbutt|p1a: Blissey
|-damage|p1a: Blissey|33/100
|move|p1a: Blissey|Soft-Boiled|p1a: Blissey
|-heal|p1a: Blissey|83/100
|
|-weather|RainDance|[upkeep]
|-heal|p1a: Blissey|89/100|[from] item: Leftovers
|-damage|p2a: Urshifu|51/100 tox|[from] psn
|upkeep
|turn|19
|-message|JoJo321 forfeited.
|
|win|Af lele.tomas
|l|☆JoJo321
