|j|☆tanishq1
|j|☆Libski
|t:|1652955859
|gametype|singles
|player|p1|tanishq1|1|1699
|player|p2|Libski|bianca-pwt|1690
|teamsize|p1|6
|teamsize|p2|6
|gen|8
|tier|[Gen 8] OU
|rated|
|rule|Sleep Clause Mod: Limit one foe put to sleep
|rule|Species Clause: Limit one of each Pokémon
|rule|OHKO Clause: OHKO moves are banned
|rule|Evasion Moves Clause: Evasion moves are banned
|rule|Endless Battle Clause: Forcing endless battles is banned
|rule|HP Percentage Mod: HP is shown in percentages
|rule|Dynamax Clause: You cannot dynamax
|clearpoke
|poke|p1|Zapdos|
|poke|p1|Kartana|
|poke|p1|Buzzwole|
|poke|p1|Garchomp, F|
|poke|p1|Tyranitar, M|
|poke|p1|Slowking, F|
|poke|p2|Regidrago|
|poke|p2|Cobalion|
|poke|p2|Slowbro, M|
|poke|p2|Blissey, F|
|poke|p2|Hatterene, F|
|poke|p2|Garchomp, F|
|teampreview
|inactive|Battle timer is ON: inactive players will automatically lose when time's up. (requested by tanishq1)
|inactive|Libski has 120 seconds left.
|
|t:|1652955912
|start
|switch|p1a: Kartana|Kartana|100/100
|switch|p2a: Slowbro|Slowbro, M|100/100
|turn|1
|
|t:|1652955916
|switch|p2a: Cobalion|Cobalion|100/100
|move|p1a: Kartana|Leaf Blade|p2a: Cobalion
|-resisted|p2a: Cobalion
|-damage|p2a: Cobalion|70/100
|
|-heal|p2a: Cobalion|76/100|[from] item: Leftovers
|upkeep
|turn|2
|
|t:|1652955920
|switch|p1a: Zapdos|Zapdos|100/100
|move|p2a: Cobalion|Thunder Wave|p1a: Zapdos|[miss]
|-miss|p2a: Cobalion|p1a: Zapdos
|
|-heal|p2a: Cobalion|83/100|[from] item: Leftovers
|upkeep
|turn|3
|
|t:|1652955924
|move|p1a: Zapdos|Hurricane|p2a: Cobalion
|-damage|p2a: Cobalion|19/100
|move|p2a: Cobalion|Volt Switch|p1a: Zapdos
|-damage|p1a: Zapdos|88/100
|
|t:|1652955928
|switch|p2a: Regidrago|Regidrago|100/100|[from]move: Volt Switch
|
|upkeep
|turn|4
|
|t:|1652955934
|switch|p1a: Tyranitar|Tyranitar, M|100/100
|-weather|Sandstorm|[from] ability: Sand Stream|[of] p1a: Tyranitar
|move|p2a: Regidrago|Dragon Pulse|p1a: Tyranitar
|-damage|p1a: Tyranitar|66/100
|
|-weather|Sandstorm|[upkeep]
|-damage|p2a: Regidrago|94/100|[from] Sandstorm
|-heal|p1a: Tyranitar|72/100|[from] item: Leftovers
|upkeep
|turn|5
|
|t:|1652955940
|switch|p2a: Hatterene|Hatterene, F|100/100
|move|p1a: Tyranitar|Stealth Rock|p2a: Hatterene
|move|p2a: Hatterene|Stealth Rock|p1a: Tyranitar|[from]ability: Magic Bounce
|-sidestart|p1: tanishq1|move: Stealth Rock
|
|-weather|Sandstorm|[upkeep]
|-damage|p2a: Hatterene|94/100|[from] Sandstorm
|-heal|p1a: Tyranitar|78/100|[from] item: Leftovers
|-heal|p2a: Hatterene|100/100|[from] item: Leftovers
|upkeep
|turn|6
|
|t:|1652955944
|switch|p1a: Slowking|Slowking, F|100/100
|move|p2a: Hatterene|Calm Mind|p2a: Hatterene
|-boost|p2a: Hatterene|spa|1
|-boost|p2a: Hatterene|spd|1
|
|-weather|Sandstorm|[upkeep]
|-damage|p2a: Hatterene|94/100|[from] Sandstorm
|-damage|p1a: Slowking|94/100|[from] Sandstorm
|-heal|p2a: Hatterene|100/100|[from] item: Leftovers
|upkeep
|turn|7
|
|t:|1652955947
|move|p2a: Hatterene|Calm Mind|p2a: Hatterene
|-boost|p2a: Hatterene|spa|1
|-boost|p2a: Hatterene|spd|1
|move|p1a: Slowking|Teleport|p1a: Slowking
|
|t:|1652955948
|switch|p1a: Kartana|Kartana|100/100|[from]move: Teleport
|-damage|p1a: Kartana|94/100|[from] Stealth Rock
|
|-weather|Sandstorm|[upkeep]
|-damage|p2a: Hatterene|94/100|[from] Sandstorm
|-heal|p2a: Hatterene|100/100|[from] item: Leftovers
|upkeep
|turn|8
|
|t:|1652955952
|move|p1a: Kartana|Leaf Blade|p2a: Hatterene
|-damage|p2a: Hatterene|21/100
|move|p2a: Hatterene|Mystical Fire|p1a: Kartana
|-supereffective|p1a: Kartana
|-damage|p1a: Kartana|0 fnt
|faint|p1a: Kartana
|
|-weather|none
|-heal|p2a: Hatterene|27/100|[from] item: Leftovers
|upkeep
|
|t:|1652955955
|switch|p1a: Garchomp|Garchomp, F|100/100
|-damage|p1a: Garchomp|94/100|[from] Stealth Rock
|turn|9
|
|t:|1652955968
|move|p1a: Garchomp|Earthquake|p2a: Hatterene
|-damage|p2a: Hatterene|0 fnt
|faint|p2a: Hatterene
|
|-heal|p1a: Garchomp|100/100|[from] item: Leftovers
|upkeep
|
|t:|1652955972
|switch|p2a: Slowbro|Slowbro, M|100/100
|turn|10
|
|t:|1652955976
|switch|p1a: Zapdos|Zapdos|88/100
|move|p2a: Slowbro|Teleport|p2a: Slowbro
|
|t:|1652955980
|switch|p2a: Regidrago|Regidrago|94/100|[from]move: Teleport
|
|upkeep
|turn|11
|
|t:|1652955984
|switch|p1a: Tyranitar|Tyranitar, M|78/100
|-damage|p1a: Tyranitar|66/100|[from] Stealth Rock
|-weather|Sandstorm|[from] ability: Sand Stream|[of] p1a: Tyranitar
|move|p2a: Regidrago|Dragon Energy|p1a: Tyranitar
|-damage|p1a: Tyranitar|11/100
|
|-weather|Sandstorm|[upkeep]
|-damage|p2a: Regidrago|88/100|[from] Sandstorm
|-heal|p1a: Tyranitar|17/100|[from] item: Leftovers
|upkeep
|turn|12
|
|t:|1652955988
|move|p2a: Regidrago|Dragon Energy|p1a: Tyranitar
|-damage|p1a: Tyranitar|0 fnt
|faint|p1a: Tyranitar
|
|-weather|Sandstorm|[upkeep]
|-damage|p2a: Regidrago|82/100|[from] Sandstorm
|upkeep
|
|t:|1652955991
|switch|p1a: Garchomp|Garchomp, F|100/100
|-damage|p1a: Garchomp|94/100|[from] Stealth Rock
|turn|13
|
|t:|1652955996
|switch|p2a: Slowbro|Slowbro, M|100/100
|move|p1a: Garchomp|Scale Shot|p2a: Slowbro
|-damage|p2a: Slowbro|93/100
|-damage|p2a: Slowbro|85/100
|-hitcount|p2a: Slowbro|2
|-unboost|p1a: Garchomp|def|1
|-boost|p1a: Garchomp|spe|1
|
|-weather|Sandstorm|[upkeep]
|-damage|p2a: Slowbro|79/100|[from] Sandstorm
|-heal|p1a: Garchomp|100/100|[from] item: Leftovers
|upkeep
|turn|14
|
|t:|1652955999
|move|p1a: Garchomp|Swords Dance|p1a: Garchomp
|-boost|p1a: Garchomp|atk|2
|move|p2a: Slowbro|Ice Beam|p1a: Garchomp
|-supereffective|p1a: Garchomp
|-damage|p1a: Garchomp|5/100
|
|-weather|Sandstorm|[upkeep]
|-damage|p2a: Slowbro|73/100|[from] Sandstorm
|-heal|p1a: Garchomp|11/100|[from] item: Leftovers
|upkeep
|turn|15
|
|t:|1652956004
|move|p1a: Garchomp|Earthquake|p2a: Slowbro
|-damage|p2a: Slowbro|8/100
|move|p2a: Slowbro|Ice Beam|p1a: Garchomp
|-supereffective|p1a: Garchomp
|-damage|p1a: Garchomp|0 fnt
|faint|p1a: Garchomp
|
|-weather|none
|upkeep
|
|t:|1652956007
|switch|p1a: Zapdos|Zapdos|88/100
|turn|16
|
|t:|1652956013
|switch|p2a: Cobalion|Cobalion|19/100
|move|p1a: Zapdos|Defog|p2a: Cobalion
|-unboost|p2a: Cobalion|evasion|1
|-sideend|p1: tanishq1|Stealth Rock|[from] move: Defog|[of] p1a: Zapdos
|
|-heal|p2a: Cobalion|25/100|[from] item: Leftovers
|upkeep
|turn|17
|
|t:|1652956019
|switch|p2a: Blissey|Blissey, F|100/100
|move|p1a: Zapdos|Hurricane|p2a: Blissey|[miss]
|-miss|p1a: Zapdos|p2a: Blissey
|
|upkeep
|turn|18
|
|t:|1652956022
|move|p1a: Zapdos|Volt Switch|p2a: Blissey
|-damage|p2a: Blissey|86/100
|
|t:|1652956023
|switch|p1a: Slowking|Slowking, F|100/100|[from]move: Volt Switch
|move|p2a: Blissey|Teleport|p2a: Blissey
|
|t:|1652956028
|switch|p2a: Regidrago|Regidrago|82/100|[from]move: Teleport
|
|upkeep
|turn|19
|
|t:|1652956031
|move|p2a: Regidrago|Dragon Energy|p1a: Slowking
|-crit|p1a: Slowking
|-damage|p1a: Slowking|0 fnt
|faint|p1a: Slowking
|
|upkeep
|-message|tanishq1 forfeited.
|
|win|Libski
|raw|tanishq1's rating: 1699 &rarr; <strong>1678</strong><br />(-21 for losing)
|raw|Libski's rating: 1690 &rarr; <strong>1711</strong><br />(+21 for winning)
|l|☆tanishq1
