|html|<div class="broadcast-blue"><strong>[Gen 8] OU is currently suspecting Spectrier! For information on how to participate check out the <a href="https://www.smogon.com/forums/threads/np-ss-ou-suspect-process-round-9-old-town-road.3676744/">suspect thread</a>.</strong></div>
|j|☆i was the rain
|j|☆LolzMachine
|t:|1611840075
|player|p1|i was the rain|oak-gen1|1802
|player|p2|LolzMachine|294|1719
|teamsize|p1|6
|teamsize|p2|6
|gametype|singles
|gen|8
|tier|[Gen 8] OU
|rated|
|clearpoke
|poke|p1|Noctowl, F|
|poke|p1|Pelipper, M|
|poke|p1|Seismitoad, M|
|poke|p1|Crawdaunt, M|
|poke|p1|Amoonguss, M|
|poke|p1|Registeel|
|poke|p2|Slowbro-Galar, M|
|poke|p2|Cloyster, F|
|poke|p2|Togekiss, F|
|poke|p2|Golurk|
|poke|p2|Sirfetch’d, F|
|poke|p2|Jirachi|
|rule|Sleep Clause Mod: Limit one foe put to sleep
|rule|Species Clause: Limit one of each Pokémon
|rule|OHKO Clause: OHKO moves are banned
|rule|Evasion Moves Clause: Evasion moves are banned
|rule|Endless Battle Clause: Forcing endless battles is banned
|rule|HP Percentage Mod: HP is shown in percentages
|rule|Dynamax Clause: You cannot dynamax
|teampreview
|
|t:|1611840082
|start
|switch|p1a: Pelipper|Pelipper, M|100/100
|switch|p2a: Golurk|Golurk|100/100
|-weather|RainDance|[from] ability: Drizzle|[of] p1a: Pelipper
|turn|1
|
|t:|1611840085
|switch|p1a: Noctowl|Noctowl, F|100/100
|move|p2a: Golurk|Stealth Rock|p1a: Noctowl
|-sidestart|p1: i was the rain|move: Stealth Rock
|
|-weather|RainDance|[upkeep]
|upkeep
|turn|2
|j| wyul
|
|t:|1611840116
|move|p2a: Golurk|Dynamic Punch|p1a: Noctowl
|-damage|p1a: Noctowl|52/100
|-start|p1a: Noctowl|confusion
|-activate|p1a: Noctowl|confusion
|move|p1a: Noctowl|Substitute|p1a: Noctowl
|-start|p1a: Noctowl|Substitute
|-damage|p1a: Noctowl|27/100
|
|-weather|RainDance|[upkeep]
|upkeep
|turn|3
|
|t:|1611840119
|move|p2a: Golurk|Dynamic Punch|p1a: Noctowl
|-end|p1a: Noctowl|Substitute
|-activate|p1a: Noctowl|confusion
|-damage|p1a: Noctowl|22/100|[from] confusion
|
|-weather|RainDance|[upkeep]
|upkeep
|turn|4
|j| Misty testing
|
|t:|1611840131
|move|p2a: Golurk|Dynamic Punch|p1a: Noctowl
|-damage|p1a: Noctowl|0 fnt
|faint|p1a: Noctowl
|
|-weather|RainDance|[upkeep]
|upkeep
|
|t:|1611840133
|switch|p1a: Seismitoad|Seismitoad, M|100/100
|-damage|p1a: Seismitoad|95/100|[from] Stealth Rock
|turn|5
|c| Misty testing|wow
|
|t:|1611840136
|move|p1a: Seismitoad|Weather Ball|p2a: Golurk
|-supereffective|p2a: Golurk
|-crit|p2a: Golurk
|-enditem|p2a: Golurk|Focus Sash
|-damage|p2a: Golurk|1/100
|move|p2a: Golurk|Dynamic Punch|p1a: Seismitoad
|-crit|p1a: Seismitoad
|-damage|p1a: Seismitoad|28/100
|-start|p1a: Seismitoad|confusion
|
|-weather|RainDance|[upkeep]
|upkeep
|turn|6
|
|t:|1611840140
|-activate|p1a: Seismitoad|confusion
|move|p1a: Seismitoad|Weather Ball|p2a: Golurk
|-supereffective|p2a: Golurk
|-damage|p2a: Golurk|0 fnt
|faint|p2a: Golurk
|
|-weather|RainDance|[upkeep]
|upkeep
|c| Misty testing|two favor player
|c|☆i was the rain|yeah he has a team
|
|t:|1611840149
|switch|p2a: Sirfetch’d|Sirfetch’d, F|100/100
|turn|7
|
|t:|1611840152
|switch|p1a: Amoonguss|Amoonguss, M|100/100
|-damage|p1a: Amoonguss|88/100|[from] Stealth Rock
|move|p2a: Sirfetch’d|First Impression|p1a: Amoonguss
|-crit|p1a: Amoonguss
|-damage|p1a: Amoonguss|53/100
|-damage|p2a: Sirfetch’d|84/100|[from] item: Rocky Helmet|[of] p1a: Amoonguss
|
|-weather|RainDance|[upkeep]
|upkeep
|turn|8
|
|t:|1611840157
|switch|p1a: Registeel|Registeel|100/100
|-damage|p1a: Registeel|94/100|[from] Stealth Rock
|move|p2a: Sirfetch’d|Brave Bird|p1a: Registeel
|-resisted|p1a: Registeel
|-damage|p1a: Registeel|82/100
|-damage|p2a: Sirfetch’d|78/100|[from] Recoil
|
|-weather|none
|-heal|p1a: Registeel|88/100|[from] item: Leftovers
|upkeep
|turn|9
|c| Misty testing|he has many interesting team
|
|t:|1611840163
|switch|p1a: Pelipper|Pelipper, M|100/100
|-damage|p1a: Pelipper|76/100|[from] Stealth Rock
|-weather|RainDance|[from] ability: Drizzle|[of] p1a: Pelipper
|move|p2a: Sirfetch’d|Close Combat|p1a: Pelipper
|-resisted|p1a: Pelipper
|-damage|p1a: Pelipper|51/100
|-unboost|p2a: Sirfetch’d|def|1
|-unboost|p2a: Sirfetch’d|spd|1
|
|-weather|RainDance|[upkeep]
|upkeep
|turn|10
|
|t:|1611840170
|move|p2a: Sirfetch’d|Brave Bird|p1a: Pelipper
|-crit|p1a: Pelipper
|-damage|p1a: Pelipper|0 fnt
|-damage|p2a: Sirfetch’d|58/100|[from] Recoil
|faint|p1a: Pelipper
|
|-weather|RainDance|[upkeep]
|upkeep
|
|t:|1611840173
|switch|p1a: Seismitoad|Seismitoad, M|28/100
|-damage|p1a: Seismitoad|22/100|[from] Stealth Rock
|turn|11
|
|t:|1611840183
|switch|p2a: Jirachi|Jirachi|100/100
|move|p1a: Seismitoad|Weather Ball|p2a: Jirachi
|-damage|p2a: Jirachi|9/100
|
|-weather|RainDance|[upkeep]
|upkeep
|turn|12
|
|t:|1611840185
|move|p1a: Seismitoad|Weather Ball|p2a: Jirachi
|-damage|p2a: Jirachi|0 fnt
|faint|p2a: Jirachi
|
|-weather|RainDance|[upkeep]
|upkeep
|
|t:|1611840187
|switch|p2a: Sirfetch’d|Sirfetch’d, F|58/100
|turn|13
|
|t:|1611840193
|switch|p1a: Amoonguss|Amoonguss, M|87/100
|-damage|p1a: Amoonguss|74/100|[from] Stealth Rock
|move|p2a: Sirfetch’d|First Impression|p1a: Amoonguss
|-damage|p1a: Amoonguss|49/100
|-damage|p2a: Sirfetch’d|41/100|[from] item: Rocky Helmet|[of] p1a: Amoonguss
|
|-weather|RainDance|[upkeep]
|upkeep
|turn|14
|
|t:|1611840196
|move|p2a: Sirfetch’d|Brave Bird|p1a: Amoonguss
|-supereffective|p1a: Amoonguss
|-crit|p1a: Amoonguss
|-damage|p1a: Amoonguss|0 fnt
|-damage|p2a: Sirfetch’d|25/100|[from] item: Rocky Helmet|[of] p1a: Amoonguss
|-damage|p2a: Sirfetch’d|0 fnt|[from] Recoil
|faint|p1a: Amoonguss
|faint|p2a: Sirfetch’d
|
|-weather|RainDance|[upkeep]
|upkeep
|
|t:|1611840201
|switch|p2a: Cloyster|Cloyster, F|100/100
|switch|p1a: Seismitoad|Seismitoad, M|22/100
|-damage|p1a: Seismitoad|16/100|[from] Stealth Rock
|turn|15
|
|t:|1611840203
|move|p2a: Cloyster|Ice Shard|p1a: Seismitoad
|-damage|p1a: Seismitoad|0 fnt
|faint|p1a: Seismitoad
|
|-weather|RainDance|[upkeep]
|upkeep
|
|t:|1611840205
|switch|p1a: Registeel|Registeel|88/100
|-damage|p1a: Registeel|82/100|[from] Stealth Rock
|turn|16
|
|t:|1611840208
|move|p2a: Cloyster|Icicle Spear|p1a: Registeel
|-resisted|p1a: Registeel
|-damage|p1a: Registeel|78/100
|-resisted|p1a: Registeel
|-damage|p1a: Registeel|75/100
|-resisted|p1a: Registeel
|-damage|p1a: Registeel|71/100
|-resisted|p1a: Registeel
|-damage|p1a: Registeel|68/100
|-resisted|p1a: Registeel
|-damage|p1a: Registeel|65/100
|-hitcount|p1a: Registeel|5
|move|p1a: Registeel|Thunder|p2a: Cloyster
|-supereffective|p2a: Cloyster
|-damage|p2a: Cloyster|0 fnt
|faint|p2a: Cloyster
|
|-weather|none
|-heal|p1a: Registeel|71/100|[from] item: Leftovers
|upkeep
|
|t:|1611840211
|switch|p2a: Slowbro|Slowbro-Galar, M|100/100
|turn|17
|
|t:|1611840212
|switch|p1a: Crawdaunt|Crawdaunt, M|100/100
|-damage|p1a: Crawdaunt|88/100|[from] Stealth Rock
|move|p2a: Slowbro|Nasty Plot|p2a: Slowbro
|-boost|p2a: Slowbro|spa|2
|
|upkeep
|turn|18
|-activate|p2a: Slowbro|ability: Quick Draw
|
|t:|1611840216
|move|p2a: Slowbro|Shell Side Arm|p1a: Crawdaunt
|-damage|p1a: Crawdaunt|0 fnt
|-hint|Special Shell Side Arm
|faint|p1a: Crawdaunt
|
|upkeep
|c|☆i was the rain|gg
|c|☆LolzMachine|gg
|-message|i was the rain forfeited.
|
|win|LolzMachine
|l|☆i was the rain
|c|☆LolzMachine|nice steel
|raw|i was the rain's rating: 1826 &rarr; <strong>1798</strong><br />(-28 for losing)
|raw|LolzMachine's rating: 1677 &rarr; <strong>1705</strong><br />(+28 for winning)
|l|☆LolzMachine
|l| wyul
