|j|☆RunNumber1
|j|☆Darkman64
|t:|1661115112
|gametype|singles
|player|p1|RunNumber1|n|1463
|player|p2|Darkman64|juan|1500
|teamsize|p1|6
|teamsize|p2|6
|gen|8
|tier|[Gen 8] OU
|rated|
|rule|Sleep Clause Mod: Limit one foe put to sleep
|rule|Species Clause: Limit one of each Pokémon
|rule|OHKO Clause: OHKO moves are banned
|rule|Evasion Items Clause: Evasion items are banned
|rule|Evasion Moves Clause: Evasion moves are banned
|rule|Endless Battle Clause: Forcing endless battles is banned
|rule|HP Percentage Mod: HP is shown in percentages
|rule|Dynamax Clause: You cannot dynamax
|clearpoke
|poke|p1|Urshifu-*, M|
|poke|p1|Corviknight, M|
|poke|p1|Landorus-Therian, M|
|poke|p1|Heatran, M|
|poke|p1|Tapu Fini|
|poke|p1|Slowking-Galar, M|
|poke|p2|Weavile, M|
|poke|p2|Slowbro, F|
|poke|p2|Landorus-Therian, M|
|poke|p2|Urshifu-*, M|
|poke|p2|Ferrothorn, M|
|poke|p2|Clefable, F|
|teampreview
|inactive|Battle timer is ON: inactive players will automatically lose when time's up. (requested by RunNumber1)
|inactive|RunNumber1 has 120 seconds left.
|inactive|RunNumber1 has 90 seconds left.
|inactive|RunNumber1 has 60 seconds left.
|
|t:|1661115213
|start
|switch|p1a: Belle Delfini|Tapu Fini, shiny|100/100
|switch|p2a: Weavile|Weavile, M|100/100
|-ability|p2a: Weavile|Pressure
|-fieldstart|move: Misty Terrain|[from] ability: Misty Surge|[of] p1a: Belle Delfini
|turn|1
|
|t:|1661115219
|switch|p2a: Slowbro|Slowbro, F|100/100
|move|p1a: Belle Delfini|Calm Mind|p1a: Belle Delfini
|-boost|p1a: Belle Delfini|spa|1
|-boost|p1a: Belle Delfini|spd|1
|
|upkeep
|turn|2
|
|t:|1661115223
|move|p1a: Belle Delfini|Taunt|p2a: Slowbro
|-start|p2a: Slowbro|move: Taunt
|cant|p2a: Slowbro|move: Taunt|Teleport
|
|upkeep
|turn|3
|
|t:|1661115227
|switch|p2a: Ferrothorn|Ferrothorn, M|100/100
|move|p1a: Belle Delfini|Draining Kiss|p2a: Ferrothorn
|-resisted|p2a: Ferrothorn
|-damage|p2a: Ferrothorn|90/100
|-damage|p1a: Belle Delfini|88/100|[from] ability: Iron Barbs|[of] p2a: Ferrothorn
|
|-heal|p1a: Belle Delfini|94/100|[from] item: Leftovers
|-heal|p2a: Ferrothorn|97/100|[from] item: Leftovers
|upkeep
|turn|4
|
|t:|1661115234
|move|p1a: Belle Delfini|Taunt|p2a: Ferrothorn
|-start|p2a: Ferrothorn|move: Taunt
|move|p2a: Ferrothorn|Knock Off|p1a: Belle Delfini
|-resisted|p1a: Belle Delfini
|-damage|p1a: Belle Delfini|87/100
|-enditem|p1a: Belle Delfini|Leftovers|[from] move: Knock Off|[of] p2a: Ferrothorn
|
|-heal|p2a: Ferrothorn|100/100|[from] item: Leftovers
|upkeep
|turn|5
|
|t:|1661115248
|move|p1a: Belle Delfini|Scald|p2a: Ferrothorn
|-resisted|p2a: Ferrothorn
|-damage|p2a: Ferrothorn|85/100
|move|p2a: Ferrothorn|Seed Bomb|p1a: Belle Delfini
|-supereffective|p1a: Belle Delfini
|-damage|p1a: Belle Delfini|48/100
|
|-heal|p2a: Ferrothorn|91/100|[from] item: Leftovers
|-fieldend|Misty Terrain
|upkeep
|turn|6
|
|t:|1661115262
|switch|p1a: Chipotle|Heatran, M|100/100
|move|p2a: Ferrothorn|Seed Bomb|p1a: Chipotle
|-resisted|p1a: Chipotle
|-damage|p1a: Chipotle|94/100
|
|-heal|p2a: Ferrothorn|98/100|[from] item: Leftovers
|-end|p2a: Ferrothorn|move: Taunt
|upkeep
|turn|7
|
|t:|1661115269
|move|p1a: Chipotle|Eruption|p2a: Ferrothorn
|-supereffective|p2a: Ferrothorn
|-damage|p2a: Ferrothorn|0 fnt
|faint|p2a: Ferrothorn
|
|upkeep
|
|t:|1661115272
|switch|p2a: Urshifu|Urshifu-Rapid-Strike, M|100/100
|turn|8
|
|t:|1661115279
|switch|p1a: Netherite Armor|Corviknight, M|100/100
|-ability|p1a: Netherite Armor|Pressure
|move|p2a: Urshifu|Surging Strikes|p1a: Netherite Armor
|-crit|p1a: Netherite Armor
|-damage|p1a: Netherite Armor|82/100
|-damage|p2a: Urshifu|84/100|[from] item: Rocky Helmet|[of] p1a: Netherite Armor
|-crit|p1a: Netherite Armor
|-damage|p1a: Netherite Armor|65/100
|-damage|p2a: Urshifu|67/100|[from] item: Rocky Helmet|[of] p1a: Netherite Armor
|-crit|p1a: Netherite Armor
|-damage|p1a: Netherite Armor|46/100
|-damage|p2a: Urshifu|50/100|[from] item: Rocky Helmet|[of] p1a: Netherite Armor
|-hitcount|p1a: Netherite Armor|3
|
|upkeep
|turn|9
|
|t:|1661115291
|switch|p2a: Weavile|Weavile, M|100/100
|-ability|p2a: Weavile|Pressure
|move|p1a: Netherite Armor|Roost|p1a: Netherite Armor
|-heal|p1a: Netherite Armor|96/100
|-singleturn|p1a: Netherite Armor|move: Roost
|
|upkeep
|turn|10
|
|t:|1661115299
|move|p2a: Weavile|Knock Off|p1a: Netherite Armor
|-damage|p1a: Netherite Armor|48/100
|-damage|p2a: Weavile|84/100|[from] item: Rocky Helmet|[of] p1a: Netherite Armor
|-enditem|p1a: Netherite Armor|Rocky Helmet|[from] move: Knock Off|[of] p2a: Weavile
|move|p1a: Netherite Armor|U-turn|p2a: Weavile
|-supereffective|p2a: Weavile
|-damage|p2a: Weavile|32/100
|
|t:|1661115305
|switch|p1a: Pooh|Urshifu-Rapid-Strike, M|100/100|[from]move: U-turn
|
|upkeep
|turn|11
|
|t:|1661115309
|switch|p2a: Slowbro|Slowbro, F|100/100
|move|p1a: Pooh|U-turn|p2a: Slowbro
|-supereffective|p2a: Slowbro
|-damage|p2a: Slowbro|58/100
|
|t:|1661115318
|switch|p1a: Belle Delfini|Tapu Fini, shiny|48/100|[from]move: U-turn
|-fieldstart|move: Misty Terrain|[from] ability: Misty Surge|[of] p1a: Belle Delfini
|
|upkeep
|turn|12
|
|t:|1661115325
|move|p1a: Belle Delfini|Draining Kiss|p2a: Slowbro
|-crit|p2a: Slowbro
|-damage|p2a: Slowbro|32/100
|-heal|p1a: Belle Delfini|70/100|[from] drain|[of] p2a: Slowbro
|move|p2a: Slowbro|Future Sight|p1a: Belle Delfini
|-start|p2a: Slowbro|move: Future Sight
|
|upkeep
|turn|13
|
|t:|1661115327
|switch|p2a: Clefable|Clefable, F|100/100
|move|p1a: Belle Delfini|Draining Kiss|p2a: Clefable
|-damage|p2a: Clefable|85/100
|-heal|p1a: Belle Delfini|84/100|[from] drain|[of] p2a: Clefable
|
|-heal|p2a: Clefable|91/100|[from] item: Leftovers
|upkeep
|turn|14
|
|t:|1661115332
|move|p1a: Belle Delfini|Taunt|p2a: Clefable
|-start|p2a: Clefable|move: Taunt
|move|p2a: Clefable|Moonblast|p1a: Belle Delfini
|-damage|p1a: Belle Delfini|58/100
|-unboost|p1a: Belle Delfini|spa|1
|
|-end|p1a: Belle Delfini|move: Future Sight
|-damage|p1a: Belle Delfini|22/100
|-heal|p2a: Clefable|97/100|[from] item: Leftovers
|upkeep
|turn|15
|
|t:|1661115339
|switch|p1a: OTK|Slowking-Galar, M, shiny|100/100
|move|p2a: Clefable|Moonblast|p1a: OTK
|-resisted|p1a: OTK
|-damage|p1a: OTK|93/100
|
|-heal|p2a: Clefable|100/100|[from] item: Leftovers
|-fieldend|Misty Terrain
|upkeep
|turn|16
|
|t:|1661115348
|switch|p2a: Landorus|Landorus-Therian, M|100/100
|-ability|p2a: Landorus|Intimidate|boost
|-unboost|p1a: OTK|atk|1
|move|p1a: OTK|Future Sight|p2a: Landorus
|-start|p1a: OTK|move: Future Sight
|
|upkeep
|turn|17
|
|t:|1661115352
|switch|p1a: OU Incarnate|Landorus-Therian, M, shiny|100/100
|-ability|p1a: OU Incarnate|Intimidate|boost
|-unboost|p2a: Landorus|atk|1
|move|p2a: Landorus|U-turn|p1a: OU Incarnate
|-resisted|p1a: OU Incarnate
|-damage|p1a: OU Incarnate|94/100
|
|t:|1661115356
|switch|p2a: Weavile|Weavile, M|32/100|[from]move: U-turn
|-ability|p2a: Weavile|Pressure
|
|-heal|p1a: OU Incarnate|99/100|[from] item: Leftovers
|upkeep
|turn|18
|
|t:|1661115369
|switch|p1a: Pooh|Urshifu-Rapid-Strike, M|100/100
|move|p2a: Weavile|Knock Off|p1a: Pooh
|-resisted|p1a: Pooh
|-damage|p1a: Pooh|65/100
|-enditem|p1a: Pooh|Choice Band|[from] move: Knock Off|[of] p2a: Weavile
|
|-end|p2a: Weavile|move: Future Sight
|-immune|p2a: Weavile
|upkeep
|turn|19
|
|t:|1661115374
|switch|p2a: Slowbro|Slowbro, F|66/100
|move|p1a: Pooh|U-turn|p2a: Slowbro
|-supereffective|p2a: Slowbro
|-damage|p2a: Slowbro|35/100
|
|t:|1661115386
|switch|p1a: OTK|Slowking-Galar, M, shiny|100/100|[from]move: U-turn
|
|upkeep
|turn|20
|
|t:|1661115390
|move|p1a: OTK|Surf|p2a: Slowbro
|-resisted|p2a: Slowbro
|-damage|p2a: Slowbro|24/100
|move|p2a: Slowbro|Teleport|p2a: Slowbro
|
|t:|1661115392
|switch|p2a: Landorus|Landorus-Therian, M|100/100|[from]move: Teleport
|-ability|p2a: Landorus|Intimidate|boost
|-unboost|p1a: OTK|atk|1
|
|upkeep
|turn|21
|
|t:|1661115402
|switch|p1a: Netherite Armor|Corviknight, M|48/100
|-ability|p1a: Netherite Armor|Pressure
|move|p2a: Landorus|U-turn|p1a: Netherite Armor
|-resisted|p1a: Netherite Armor
|-damage|p1a: Netherite Armor|45/100
|
|t:|1661115406
|switch|p2a: Urshifu|Urshifu-Rapid-Strike, M|50/100|[from]move: U-turn
|
|upkeep
|turn|22
|inactive|RunNumber1 has 120 seconds left.
|inactive|RunNumber1 has 90 seconds left.
|
|t:|1661115469
|switch|p1a: Belle Delfini|Tapu Fini, shiny|22/100
|-fieldstart|move: Misty Terrain|[from] ability: Misty Surge|[of] p1a: Belle Delfini
|move|p2a: Urshifu|Surging Strikes|p1a: Belle Delfini
|-resisted|p1a: Belle Delfini
|-crit|p1a: Belle Delfini
|-damage|p1a: Belle Delfini|11/100
|-resisted|p1a: Belle Delfini
|-crit|p1a: Belle Delfini
|-damage|p1a: Belle Delfini|0 fnt
|faint|p1a: Belle Delfini
|-hitcount|p1: Belle Delfini|2
|
|upkeep
|inactive|RunNumber1 has 90 seconds left.
|
|t:|1661115497
|switch|p1a: Chipotle|Heatran, M|94/100
|turn|23
|
|t:|1661115506
|move|p1a: Chipotle|Eruption|p2a: Urshifu
|-resisted|p2a: Urshifu
|-damage|p2a: Urshifu|0 fnt
|faint|p2a: Urshifu
|
|upkeep
|
|t:|1661115527
|switch|p2a: Landorus|Landorus-Therian, M|100/100
|-ability|p2a: Landorus|Intimidate|boost
|-unboost|p1a: Chipotle|atk|1
|turn|24
|inactive|RunNumber1 has 90 seconds left.
|
|t:|1661115537
|switch|p1a: Netherite Armor|Corviknight, M|45/100
|-ability|p1a: Netherite Armor|Pressure
|move|p2a: Landorus|U-turn|p1a: Netherite Armor
|-resisted|p1a: Netherite Armor
|-damage|p1a: Netherite Armor|41/100
|
|t:|1661115540
|switch|p2a: Weavile|Weavile, M|32/100|[from]move: U-turn
|-ability|p2a: Weavile|Pressure
|
|upkeep
|turn|25
|
|t:|1661115549
|move|p2a: Weavile|Triple Axel|p1a: Netherite Armor
|-damage|p1a: Netherite Armor|31/100
|-crit|p1a: Netherite Armor
|-damage|p1a: Netherite Armor|2/100
|-damage|p1a: Netherite Armor|0 fnt
|faint|p1a: Netherite Armor
|-hitcount|p1: Netherite Armor|3
|
|upkeep
|
|t:|1661115551
|switch|p1a: Pooh|Urshifu-Rapid-Strike, M|65/100
|turn|26
|
|t:|1661115555
|switch|p2a: Landorus|Landorus-Therian, M|100/100
|-ability|p2a: Landorus|Intimidate|boost
|-unboost|p1a: Pooh|atk|1
|move|p1a: Pooh|U-turn|p2a: Landorus
|-resisted|p2a: Landorus
|-damage|p2a: Landorus|93/100
|
|t:|1661115559
|switch|p1a: OU Incarnate|Landorus-Therian, M, shiny|99/100|[from]move: U-turn
|-ability|p1a: OU Incarnate|Intimidate|boost
|-unboost|p2a: Landorus|atk|1
|
|-heal|p1a: OU Incarnate|100/100|[from] item: Leftovers
|-heal|p2a: Landorus|99/100|[from] item: Leftovers
|-fieldend|Misty Terrain
|upkeep
|turn|27
|
|t:|1661115562
|move|p1a: OU Incarnate|Stealth Rock|p2a: Landorus
|-sidestart|p2: Darkman64|move: Stealth Rock
|move|p2a: Landorus|Toxic|p1a: OU Incarnate
|-status|p1a: OU Incarnate|tox
|
|-heal|p2a: Landorus|100/100|[from] item: Leftovers
|-damage|p1a: OU Incarnate|94/100 tox|[from] psn
|upkeep
|turn|28
|
|t:|1661115564
|move|p1a: OU Incarnate|Knock Off|p2a: Landorus
|-damage|p2a: Landorus|72/100
|-enditem|p2a: Landorus|Leftovers|[from] move: Knock Off|[of] p1a: OU Incarnate
|move|p2a: Landorus|Defog|p1a: OU Incarnate
|-unboost|p1a: OU Incarnate|evasion|1
|-sideend|p2: Darkman64|Stealth Rock|[from] move: Defog|[of] p2a: Landorus
|
|-heal|p1a: OU Incarnate|100/100 tox|[from] item: Leftovers
|-damage|p1a: OU Incarnate|88/100 tox|[from] psn
|upkeep
|turn|29
|
|t:|1661115567
|move|p1a: OU Incarnate|Stealth Rock|p2a: Landorus
|-sidestart|p2: Darkman64|move: Stealth Rock
|move|p2a: Landorus|U-turn|p1a: OU Incarnate
|-resisted|p1a: OU Incarnate
|-damage|p1a: OU Incarnate|81/100 tox
|
|t:|1661115569
|switch|p2a: Clefable|Clefable, F|100/100|[from]move: U-turn
|-damage|p2a: Clefable|88/100|[from] Stealth Rock
|
|-heal|p1a: OU Incarnate|87/100 tox|[from] item: Leftovers
|-heal|p2a: Clefable|94/100|[from] item: Leftovers
|-damage|p1a: OU Incarnate|69/100 tox|[from] psn
|upkeep
|turn|30
|
|t:|1661115575
|move|p2a: Clefable|Protect|p2a: Clefable
|-singleturn|p2a: Clefable|Protect
|move|p1a: OU Incarnate|U-turn|p2a: Clefable
|-activate|p2a: Clefable|move: Protect
|
|-heal|p1a: OU Incarnate|75/100 tox|[from] item: Leftovers
|-heal|p2a: Clefable|99/100|[from] item: Leftovers
|-damage|p1a: OU Incarnate|51/100 tox|[from] psn
|upkeep
|turn|31
|
|t:|1661115578
|move|p1a: OU Incarnate|U-turn|p2a: Clefable
|-resisted|p2a: Clefable
|-damage|p2a: Clefable|92/100
|
|t:|1661115581
|switch|p1a: OTK|Slowking-Galar, M, shiny|100/100|[from]move: U-turn
|move|p2a: Clefable|Wish|p2a: Clefable
|
|-heal|p2a: Clefable|98/100|[from] item: Leftovers
|upkeep
|turn|32
|
|t:|1661115589
|move|p1a: OTK|Sludge Bomb|p2a: Clefable
|-supereffective|p2a: Clefable
|-damage|p2a: Clefable|26/100
|move|p2a: Clefable|Teleport|p2a: Clefable
|
|t:|1661115594
|switch|p2a: Slowbro|Slowbro, F|57/100|[from]move: Teleport
|
|-heal|p2a: Slowbro|100/100|[from] move: Wish|[wisher] Clefable
|upkeep
|turn|33
|
|t:|1661115598
|move|p1a: OTK|Sludge Bomb|p2a: Slowbro
|-damage|p2a: Slowbro|65/100
|move|p2a: Slowbro|Teleport|p2a: Slowbro
|
|t:|1661115603
|switch|p2a: Weavile|Weavile, M|32/100|[from]move: Teleport
|-damage|p2a: Weavile|7/100|[from] Stealth Rock
|-ability|p2a: Weavile|Pressure
|
|upkeep
|turn|34
|
|t:|1661115609
|switch|p1a: Pooh|Urshifu-Rapid-Strike, M|65/100
|move|p2a: Weavile|Triple Axel|p1a: Pooh
|-resisted|p1a: Pooh
|-damage|p1a: Pooh|58/100
|-resisted|p1a: Pooh
|-damage|p1a: Pooh|42/100
|-resisted|p1a: Pooh
|-damage|p1a: Pooh|19/100
|-hitcount|p1a: Pooh|3
|
|upkeep
|turn|35
|
|t:|1661115617
|move|p1a: Pooh|Aqua Jet|p2a: Weavile
|-damage|p2a: Weavile|0 fnt
|faint|p2a: Weavile
|
|upkeep
|
|t:|1661115621
|switch|p2a: Slowbro|Slowbro, F|98/100
|turn|36
|
|t:|1661115623
|move|p1a: Pooh|U-turn|p2a: Slowbro
|-supereffective|p2a: Slowbro
|-damage|p2a: Slowbro|64/100
|
|t:|1661115625
|switch|p1a: OTK|Slowking-Galar, M, shiny|100/100|[from]move: U-turn
|move|p2a: Slowbro|Future Sight|p1a: OTK
|-start|p2a: Slowbro|move: Future Sight
|
|upkeep
|turn|37
|
|t:|1661115633
|move|p1a: OTK|Surf|p2a: Slowbro
|-resisted|p2a: Slowbro
|-damage|p2a: Slowbro|53/100
|move|p2a: Slowbro|Slack Off|p2a: Slowbro
|-heal|p2a: Slowbro|100/100
|
|upkeep
|turn|38
|
|t:|1661115636
|move|p1a: OTK|Sludge Bomb|p2a: Slowbro
|-damage|p2a: Slowbro|64/100
|move|p2a: Slowbro|Teleport|p2a: Slowbro
|
|t:|1661115638
|switch|p2a: Landorus|Landorus-Therian, M|72/100|[from]move: Teleport
|-damage|p2a: Landorus|60/100|[from] Stealth Rock
|-ability|p2a: Landorus|Intimidate|boost
|-unboost|p1a: OTK|atk|1
|
|-end|p1a: OTK|move: Future Sight
|-damage|p1a: OTK|82/100
|upkeep
|turn|39
|
|t:|1661115646
|switch|p1a: OU Incarnate|Landorus-Therian, M, shiny|51/100 tox
|-ability|p1a: OU Incarnate|Intimidate|boost
|-unboost|p2a: Landorus|atk|1
|move|p2a: Landorus|Earthquake|p1a: OU Incarnate
|-immune|p1a: OU Incarnate
|
|-heal|p1a: OU Incarnate|57/100 tox|[from] item: Leftovers
|-damage|p1a: OU Incarnate|51/100 tox|[from] psn
|upkeep
|turn|40
|
|t:|1661115651
|move|p1a: OU Incarnate|U-turn|p2a: Landorus
|-resisted|p2a: Landorus
|-damage|p2a: Landorus|50/100
|
|t:|1661115660
|switch|p1a: OTK|Slowking-Galar, M, shiny|100/100|[from]move: U-turn
|move|p2a: Landorus|Defog|p1a: OTK
|-unboost|p1a: OTK|evasion|1
|-sideend|p2: Darkman64|Stealth Rock|[from] move: Defog|[of] p2a: Landorus
|
|upkeep
|turn|41
|
|t:|1661115664
|switch|p1a: OU Incarnate|Landorus-Therian, M, shiny|51/100 tox
|-ability|p1a: OU Incarnate|Intimidate|boost
|-unboost|p2a: Landorus|atk|1
|move|p2a: Landorus|U-turn|p1a: OU Incarnate
|-resisted|p1a: OU Incarnate
|-damage|p1a: OU Incarnate|46/100 tox
|
|t:|1661115667
|switch|p2a: Clefable|Clefable, F|26/100|[from]move: U-turn
|
|-heal|p1a: OU Incarnate|52/100 tox|[from] item: Leftovers
|-heal|p2a: Clefable|32/100|[from] item: Leftovers
|-damage|p1a: OU Incarnate|46/100 tox|[from] psn
|upkeep
|turn|42
|
|t:|1661115669
|move|p1a: OU Incarnate|Earthquake|p2a: Clefable
|-damage|p2a: Clefable|0 fnt
|faint|p2a: Clefable
|
|-heal|p1a: OU Incarnate|52/100 tox|[from] item: Leftovers
|-damage|p1a: OU Incarnate|40/100 tox|[from] psn
|upkeep
|
|t:|1661115673
|switch|p2a: Landorus|Landorus-Therian, M|50/100
|-ability|p2a: Landorus|Intimidate|boost
|-unboost|p1a: OU Incarnate|atk|1
|turn|43
|
|t:|1661115676
|move|p1a: OU Incarnate|Stealth Rock|p2a: Landorus
|-sidestart|p2: Darkman64|move: Stealth Rock
|move|p2a: Landorus|Defog|p1a: OU Incarnate
|-unboost|p1a: OU Incarnate|evasion|1
|-sideend|p2: Darkman64|Stealth Rock|[from] move: Defog|[of] p2a: Landorus
|
|-heal|p1a: OU Incarnate|46/100 tox|[from] item: Leftovers
|-damage|p1a: OU Incarnate|28/100 tox|[from] psn
|upkeep
|turn|44
|
|t:|1661115684
|move|p1a: OU Incarnate|Knock Off|p2a: Landorus
|-damage|p2a: Landorus|38/100
|move|p2a: Landorus|U-turn|p1a: OU Incarnate
|-resisted|p1a: OU Incarnate
|-damage|p1a: OU Incarnate|19/100 tox
|
|t:|1661115686
|switch|p2a: Slowbro|Slowbro, F|97/100|[from]move: U-turn
|
|-heal|p1a: OU Incarnate|25/100 tox|[from] item: Leftovers
|-damage|p1a: OU Incarnate|0 fnt|[from] psn
|faint|p1a: OU Incarnate
|upkeep
|
|t:|1661115697
|switch|p1a: Pooh|Urshifu-Rapid-Strike, M|19/100
|turn|45
|
|t:|1661115709
|move|p1a: Pooh|U-turn|p2a: Slowbro
|-supereffective|p2a: Slowbro
|-damage|p2a: Slowbro|68/100
|
|t:|1661115711
|switch|p1a: OTK|Slowking-Galar, M, shiny|100/100|[from]move: U-turn
|move|p2a: Slowbro|Future Sight|p1a: OTK
|-start|p2a: Slowbro|move: Future Sight
|
|upkeep
|turn|46
|
|t:|1661115716
|move|p1a: OTK|Sludge Bomb|p2a: Slowbro
|-damage|p2a: Slowbro|34/100
|-status|p2a: Slowbro|psn
|move|p2a: Slowbro|Slack Off|p2a: Slowbro
|-heal|p2a: Slowbro|84/100 psn
|
|-damage|p2a: Slowbro|72/100 psn|[from] psn
|upkeep
|turn|47
|
|t:|1661115719
|move|p1a: OTK|Sludge Bomb|p2a: Slowbro
|-damage|p2a: Slowbro|38/100 psn
|move|p2a: Slowbro|Teleport|p2a: Slowbro
|
|t:|1661115720
|switch|p2a: Landorus|Landorus-Therian, M|38/100|[from]move: Teleport
|-ability|p2a: Landorus|Intimidate|boost
|-unboost|p1a: OTK|atk|1
|
|-end|p1a: OTK|move: Future Sight
|-damage|p1a: OTK|83/100
|upkeep
|turn|48
|
|t:|1661115732
|move|p2a: Landorus|Earthquake|p1a: OTK
|-supereffective|p1a: OTK
|-damage|p1a: OTK|0 fnt
|faint|p1a: OTK
|
|upkeep
|
|t:|1661115736
|switch|p1a: Chipotle|Heatran, M|94/100
|turn|49
|
|t:|1661115740
|move|p1a: Chipotle|Eruption|p2a: Landorus
|-damage|p2a: Landorus|0 fnt
|faint|p2a: Landorus
|
|upkeep
|
|t:|1661115742
|switch|p2a: Slowbro|Slowbro, F|71/100 psn
|turn|50
|
|t:|1661115743
|move|p1a: Chipotle|Eruption|p2a: Slowbro
|-resisted|p2a: Slowbro
|-damage|p2a: Slowbro|39/100 psn
|move|p2a: Slowbro|Scald|p1a: Chipotle
|-supereffective|p1a: Chipotle
|-damage|p1a: Chipotle|39/100
|
|-damage|p2a: Slowbro|26/100 psn|[from] psn
|upkeep
|turn|51
|
|t:|1661115746
|move|p1a: Chipotle|Eruption|p2a: Slowbro
|-resisted|p2a: Slowbro
|-damage|p2a: Slowbro|13/100 psn
|move|p2a: Slowbro|Slack Off|p2a: Slowbro
|-heal|p2a: Slowbro|63/100 psn
|
|-damage|p2a: Slowbro|50/100 psn|[from] psn
|upkeep
|turn|52
|
|t:|1661115761
|switch|p1a: Pooh|Urshifu-Rapid-Strike, M|19/100
|move|p2a: Slowbro|Slack Off|p2a: Slowbro
|-heal|p2a: Slowbro|99/100 psn
|
|-damage|p2a: Slowbro|88/100 psn|[from] psn
|upkeep
|turn|53
|
|t:|1661115770
|move|p1a: Pooh|Surging Strikes|p2a: Slowbro
|-resisted|p2a: Slowbro
|-crit|p2a: Slowbro
|-damage|p2a: Slowbro|82/100 psn
|-resisted|p2a: Slowbro
|-crit|p2a: Slowbro
|-damage|p2a: Slowbro|75/100 psn
|-resisted|p2a: Slowbro
|-crit|p2a: Slowbro
|-damage|p2a: Slowbro|69/100 psn
|-hitcount|p2a: Slowbro|3
|move|p2a: Slowbro|Future Sight|p1a: Pooh
|-start|p2a: Slowbro|move: Future Sight
|
|-damage|p2a: Slowbro|56/100 psn|[from] psn
|upkeep
|turn|54
|
|t:|1661115777
|move|p1a: Pooh|Surging Strikes|p2a: Slowbro
|-resisted|p2a: Slowbro
|-crit|p2a: Slowbro
|-damage|p2a: Slowbro|50/100 psn
|-resisted|p2a: Slowbro
|-crit|p2a: Slowbro
|-damage|p2a: Slowbro|44/100 psn
|-resisted|p2a: Slowbro
|-crit|p2a: Slowbro
|-damage|p2a: Slowbro|38/100 psn
|-hitcount|p2a: Slowbro|3
|move|p2a: Slowbro|Slack Off|p2a: Slowbro
|-heal|p2a: Slowbro|88/100 psn
|
|-damage|p2a: Slowbro|76/100 psn|[from] psn
|upkeep
|turn|55
|
|t:|1661115785
|move|p1a: Pooh|Surging Strikes|p2a: Slowbro
|-resisted|p2a: Slowbro
|-crit|p2a: Slowbro
|-damage|p2a: Slowbro|70/100 psn
|-resisted|p2a: Slowbro
|-crit|p2a: Slowbro
|-damage|p2a: Slowbro|64/100 psn
|-resisted|p2a: Slowbro
|-crit|p2a: Slowbro
|-damage|p2a: Slowbro|58/100 psn
|-hitcount|p2a: Slowbro|3
|move|p2a: Slowbro|Slack Off|p2a: Slowbro
|-heal|p2a: Slowbro|100/100 psn
|
|-end|p1a: Pooh|move: Future Sight
|-supereffective|p1a: Pooh
|-damage|p1a: Pooh|0 fnt
|faint|p1a: Pooh
|-damage|p2a: Slowbro|88/100 psn|[from] psn
|upkeep
|c|☆Darkman64|gg
|c|☆RunNumber1|gg
|
|t:|1661115795
|switch|p1a: Chipotle|Heatran, M|39/100
|turn|56
|
|t:|1661115811
|move|p1a: Chipotle|Earth Power|p2a: Slowbro
|-damage|p2a: Slowbro|59/100 psn
|move|p2a: Slowbro|Scald|p1a: Chipotle
|-supereffective|p1a: Chipotle
|-damage|p1a: Chipotle|0 fnt
|faint|p1a: Chipotle
|
|win|Darkman64
|raw|RunNumber1's rating: 1463 &rarr; <strong>1446</strong><br />(-17 for losing)
|raw|Darkman64's rating: 1518 &rarr; <strong>1535</strong><br />(+17 for winning)
||Ladder isn't responding, score probably updated but might not have (Request timeout).
