|j|☆RealHeero5422
|j|☆Kazt_5
|inactive|Battle timer is ON: inactive players will automatically lose when time's up.
|t:|1614648487
|player|p1|RealHeero5422|gambler|
|player|p2|Kazt_5|dawn|
|teamsize|p1|6
|teamsize|p2|6
|gametype|singles
|gen|8
|tier|[Gen 8] OU
|rated|Tournament battle
|clearpoke
|poke|p1|Garchomp, F|
|poke|p1|Dragapult, F|
|poke|p1|Kartana|
|poke|p1|Heatran, F|
|poke|p1|Slowbro, M|
|poke|p1|Zapdos|
|poke|p2|Dragapult, F|
|poke|p2|Clefable, M|
|poke|p2|Moltres-Galar|
|poke|p2|Heatran, M|
|poke|p2|Landorus-Therian, M|
|poke|p2|Rillaboom, F|
|rule|Sleep Clause Mod: Limit one foe put to sleep
|rule|Species Clause: Limit one of each Pokémon
|rule|OHKO Clause: OHKO moves are banned
|rule|Evasion Moves Clause: Evasion moves are banned
|rule|Endless Battle Clause: Forcing endless battles is banned
|rule|HP Percentage Mod: HP is shown in percentages
|rule|Dynamax Clause: You cannot dynamax
|teampreview
|j| rayman38
|c|☆Kazt_5|hf
|j| buteko
|inactive|Kazt_5 has 120 seconds left.
|
|t:|1614648535
|start
|switch|p1a: Dragapult|Dragapult, F|100/100
|switch|p2a: Landorus|Landorus-Therian, M|100/100
|-ability|p2a: Landorus|Intimidate|boost
|-unboost|p1a: Dragapult|atk|1
|turn|1
|
|t:|1614648555
|move|p1a: Dragapult|Shadow Ball|p2a: Landorus
|-damage|p2a: Landorus|40/100
|move|p2a: Landorus|Knock Off|p1a: Dragapult
|-supereffective|p1a: Dragapult
|-damage|p1a: Dragapult|17/100
|-enditem|p1a: Dragapult|Choice Specs|[from] move: Knock Off|[of] p2a: Landorus
|
|-heal|p2a: Landorus|46/100|[from] item: Leftovers
|upkeep
|turn|2
|
|t:|1614648565
|switch|p2a: Heatran|Heatran, M|100/100
|move|p1a: Dragapult|U-turn|p2a: Heatran
|-resisted|p2a: Heatran
|-damage|p2a: Heatran|98/100
|inactive|RealHeero5422 has 120 seconds left.
|
|t:|1614648591
|switch|p1a: Garchomp|Garchomp, F|100/100|[from]move: U-turn
|
|-heal|p2a: Heatran|100/100|[from] item: Leftovers
|upkeep
|turn|3
|
|t:|1614648596
|switch|p2a: Landorus|Landorus-Therian, M|46/100
|-ability|p2a: Landorus|Intimidate|boost
|-unboost|p1a: Garchomp|atk|1
|move|p1a: Garchomp|Scale Shot|p2a: Landorus
|-damage|p2a: Landorus|36/100
|-damage|p2a: Landorus|28/100
|-damage|p2a: Landorus|19/100
|-hitcount|p2a: Landorus|3
|-unboost|p1a: Garchomp|def|1
|-boost|p1a: Garchomp|spe|1
|-damage|p1a: Garchomp|91/100|[from] item: Life Orb
|
|-heal|p2a: Landorus|25/100|[from] item: Leftovers
|upkeep
|turn|4
|
|t:|1614648613
|switch|p2a: Rillaboom|Rillaboom, F|100/100
|-fieldstart|move: Grassy Terrain|[from] ability: Grassy Surge|[of] p2a: Rillaboom
|move|p1a: Garchomp|Scale Shot|p2a: Rillaboom
|-damage|p2a: Rillaboom|87/100
|-damage|p2a: Rillaboom|74/100
|-hitcount|p2a: Rillaboom|2
|-unboost|p1a: Garchomp|def|1
|-boost|p1a: Garchomp|spe|1
|-damage|p1a: Garchomp|81/100|[from] item: Life Orb
|
|-heal|p1a: Garchomp|87/100|[from] Grassy Terrain
|-heal|p2a: Rillaboom|80/100|[from] Grassy Terrain
|upkeep
|turn|5
|
|t:|1614648623
|switch|p1a: Zapdos|Zapdos|100/100
|switch|p2a: Clefable|Clefable, M|100/100
|
|upkeep
|turn|6
|
|t:|1614648629
|switch|p2a: Heatran|Heatran, M|100/100
|move|p1a: Zapdos|Volt Switch|p2a: Heatran
|-damage|p2a: Heatran|82/100
|
|t:|1614648636
|switch|p1a: Garchomp|Garchomp, F|87/100|[from]move: Volt Switch
|
|-heal|p1a: Garchomp|93/100|[from] Grassy Terrain
|-heal|p2a: Heatran|88/100|[from] Grassy Terrain
|-heal|p2a: Heatran|94/100|[from] item: Leftovers
|upkeep
|turn|7
|
|t:|1614648639
|switch|p2a: Clefable|Clefable, M|100/100
|move|p1a: Garchomp|Swords Dance|p1a: Garchomp
|-boost|p1a: Garchomp|atk|2
|
|-heal|p1a: Garchomp|99/100|[from] Grassy Terrain
|upkeep
|turn|8
|
|t:|1614648642
|move|p1a: Garchomp|Earthquake|p2a: Clefable
|-damage|p2a: Clefable|75/100
|-damage|p1a: Garchomp|90/100|[from] item: Life Orb
|move|p2a: Clefable|Moonblast|p1a: Garchomp
|-supereffective|p1a: Garchomp
|-damage|p1a: Garchomp|22/100
|
|-heal|p1a: Garchomp|29/100|[from] Grassy Terrain
|-heal|p2a: Clefable|81/100|[from] Grassy Terrain
|-fieldend|move: Grassy Terrain
|upkeep
|turn|9
|j| Lost again
|
|t:|1614648652
|switch|p1a: Heatran|Heatran, F|100/100
|move|p2a: Clefable|Moonblast|p1a: Heatran
|-resisted|p1a: Heatran
|-damage|p1a: Heatran|95/100
|-unboost|p1a: Heatran|spa|1
|
|-heal|p1a: Heatran|100/100|[from] item: Leftovers
|upkeep
|turn|10
|
|t:|1614648670
|switch|p2a: Moltres|Moltres-Galar|100/100
|move|p1a: Heatran|Stealth Rock|p2a: Moltres
|-sidestart|p2: Kazt_5|move: Stealth Rock
|
|upkeep
|turn|11
|
|t:|1614648676
|move|p2a: Moltres|Substitute|p2a: Moltres
|-start|p2a: Moltres|Substitute
|-damage|p2a: Moltres|76/100
|move|p1a: Heatran|Taunt|p2a: Moltres
|-start|p2a: Moltres|move: Taunt
|
|-heal|p2a: Moltres|82/100|[from] item: Leftovers
|upkeep
|turn|12
|
|t:|1614648682
|move|p2a: Moltres|Fiery Wrath|p1a: Heatran
|-damage|p1a: Heatran|75/100
|move|p1a: Heatran|Magma Storm|p2a: Moltres|[miss]
|-miss|p1a: Heatran|p2a: Moltres
|
|-heal|p2a: Moltres|88/100|[from] item: Leftovers
|-heal|p1a: Heatran|82/100|[from] item: Leftovers
|upkeep
|turn|13
|
|t:|1614648694
|move|p2a: Moltres|Fiery Wrath|p1a: Heatran
|-damage|p1a: Heatran|59/100
|move|p1a: Heatran|Magma Storm|p2a: Moltres|[miss]
|-miss|p1a: Heatran|p2a: Moltres
|
|-heal|p2a: Moltres|94/100|[from] item: Leftovers
|-heal|p1a: Heatran|65/100|[from] item: Leftovers
|upkeep
|turn|14
|
|t:|1614648698
|move|p2a: Moltres|Fiery Wrath|p1a: Heatran
|-damage|p1a: Heatran|43/100
|move|p1a: Heatran|Magma Storm|p2a: Moltres
|-activate|p2a: Moltres|move: Substitute|[damage]
|
|-heal|p2a: Moltres|99/100|[from] item: Leftovers
|-heal|p1a: Heatran|49/100|[from] item: Leftovers
|-end|p2a: Moltres|move: Taunt
|upkeep
|turn|15
|
|t:|1614648708
|move|p2a: Moltres|Nasty Plot|p2a: Moltres
|-boost|p2a: Moltres|spa|2
|move|p1a: Heatran|Magma Storm|p2a: Moltres
|-end|p2a: Moltres|Substitute
|
|-heal|p2a: Moltres|100/100|[from] item: Leftovers
|-heal|p1a: Heatran|55/100|[from] item: Leftovers
|upkeep
|turn|16
|
|t:|1614648716
|move|p2a: Moltres|Substitute|p2a: Moltres
|-start|p2a: Moltres|Substitute
|-damage|p2a: Moltres|76/100
|move|p1a: Heatran|Taunt|p2a: Moltres
|-start|p2a: Moltres|move: Taunt
|
|-heal|p2a: Moltres|82/100|[from] item: Leftovers
|-heal|p1a: Heatran|62/100|[from] item: Leftovers
|upkeep
|turn|17
|
|t:|1614648719
|move|p2a: Moltres|Fiery Wrath|p1a: Heatran
|-damage|p1a: Heatran|16/100
|move|p1a: Heatran|Magma Storm|p2a: Moltres|[miss]
|-miss|p1a: Heatran|p2a: Moltres
|
|-heal|p2a: Moltres|88/100|[from] item: Leftovers
|-heal|p1a: Heatran|23/100|[from] item: Leftovers
|upkeep
|turn|18
|
|t:|1614648731
|move|p2a: Moltres|Fiery Wrath|p1a: Heatran
|-damage|p1a: Heatran|0 fnt
|faint|p1a: Heatran
|
|-heal|p2a: Moltres|94/100|[from] item: Leftovers
|upkeep
|
|t:|1614648739
|switch|p1a: Zapdos|Zapdos|100/100
|turn|19
|
|t:|1614648742
|move|p2a: Moltres|Fiery Wrath|p1a: Zapdos
|-damage|p1a: Zapdos|27/100
|cant|p1a: Zapdos|flinch
|
|-heal|p2a: Moltres|99/100|[from] item: Leftovers
|-end|p2a: Moltres|move: Taunt
|upkeep
|turn|20
|
|t:|1614648747
|move|p2a: Moltres|Fiery Wrath|p1a: Zapdos
|-crit|p1a: Zapdos
|-damage|p1a: Zapdos|0 fnt
|faint|p1a: Zapdos
|
|-heal|p2a: Moltres|100/100|[from] item: Leftovers
|upkeep
|
|t:|1614648749
|switch|p1a: Slowbro|Slowbro, M|100/100
|turn|21
|
|t:|1614648751
|move|p2a: Moltres|Fiery Wrath|p1a: Slowbro
|-supereffective|p1a: Slowbro
|-damage|p1a: Slowbro|0 fnt
|faint|p1a: Slowbro
|
|upkeep
|
|t:|1614648755
|switch|p1a: Kartana|Kartana|100/100
|turn|22
|
|t:|1614648760
|move|p1a: Kartana|Smart Strike|p2a: Moltres
|-end|p2a: Moltres|Substitute
|move|p2a: Moltres|Fiery Wrath|p1a: Kartana
|-damage|p1a: Kartana|0 fnt
|faint|p1a: Kartana
|
|upkeep
|
|t:|1614648764
|switch|p1a: Garchomp|Garchomp, F|29/100
|turn|23
|
|t:|1614648769
|move|p1a: Garchomp|Scale Shot|p2a: Moltres
|-damage|p2a: Moltres|83/100
|-damage|p2a: Moltres|67/100
|-damage|p2a: Moltres|51/100
|-damage|p2a: Moltres|34/100
|-damage|p2a: Moltres|17/100
|-hitcount|p2a: Moltres|5
|-ability|p2a: Moltres|Berserk|boost
|-boost|p2a: Moltres|spa|1
|-unboost|p1a: Garchomp|def|1
|-boost|p1a: Garchomp|spe|1
|-damage|p1a: Garchomp|19/100|[from] item: Life Orb
|move|p2a: Moltres|Fiery Wrath|p1a: Garchomp
|-damage|p1a: Garchomp|0 fnt
|faint|p1a: Garchomp
|
|-heal|p2a: Moltres|23/100|[from] item: Leftovers
|upkeep
|c|☆Kazt_5|gg
|-message|RealHeero5422 forfeited.
|
|win|Kazt_5
|n|☆RealHeero5422|realheero5422
|n|☆Kazt_5|kazt5
|n| rayman38|rayman38
|n| buteko|buteko
|n| Lost again|lostagain
|l|☆RealHeero5422
|l|☆Kazt_5
