|raw|<div class="broadcast-blue"><strong>This battle is required to be public due to a player having a name starting with 'lt81yl'.</div>
|j|☆LT81YL GLASS
|j|☆Chickpiee
|t:|1625658680
|gametype|singles
|player|p1|LT81YL GLASS|#analytic|2003
|player|p2|Chickpiee|caitlin|1940
|teamsize|p1|6
|teamsize|p2|6
|gen|8
|tier|[Gen 8] OU
|rated|
|rule|Sleep Clause Mod: Limit one foe put to sleep
|rule|Species Clause: Limit one of each Pokémon
|rule|OHKO Clause: OHKO moves are banned
|rule|Evasion Moves Clause: Evasion moves are banned
|rule|Endless Battle Clause: Forcing endless battles is banned
|rule|HP Percentage Mod: HP is shown in percentages
|rule|Dynamax Clause: You cannot dynamax
|clearpoke
|poke|p1|Weavile, M|
|poke|p1|Ninetales-Alola, F|
|poke|p1|Landorus-Therian, M|
|poke|p1|Cloyster, F|
|poke|p1|Dragapult, M|
|poke|p1|Kartana|
|poke|p2|Slowking, M|
|poke|p2|Weavile, M|
|poke|p2|Heatran, M|
|poke|p2|Landorus-Therian, M|
|poke|p2|Zeraora|
|poke|p2|Corviknight, M|
|teampreview
|j| Serene Grace
|inactive|Battle timer is ON: inactive players will automatically lose when time's up. (requested by Chickpiee)
|j| curiosity
|j| Heracrossed Up
|j| union boss
|
|t:|1625658698
|start
|switch|p1a: Ninetales|Ninetales-Alola, F|100/100
|switch|p2a: Weavile|Weavile, M|100/100
|-weather|Hail|[from] ability: Snow Warning|[of] p1a: Ninetales
|turn|1
|j| TheRoosterPrince
|
|t:|1625658708
|move|p2a: Weavile|Knock Off|p1a: Ninetales
|-resisted|p1a: Ninetales
|-damage|p1a: Ninetales|69/100
|-enditem|p1a: Ninetales|Light Clay|[from] move: Knock Off|[of] p2a: Weavile
|move|p1a: Ninetales|Aurora Veil|p1a: Ninetales
|-sidestart|p1: LT81YL GLASS|move: Aurora Veil
|
|-weather|Hail|[upkeep]
|upkeep
|turn|2
|j| Mellow1004
|
|t:|1625658715
|switch|p2a: Slowking|Slowking, M|100/100
|move|p1a: Ninetales|Hypnosis|p2a: Slowking
|-status|p2a: Slowking|slp|[from] move: Hypnosis
|
|-weather|Hail|[upkeep]
|-damage|p2a: Slowking|94/100 slp|[from] Hail
|upkeep
|turn|3
|j| ItsMagnum
|j| tgnvinormc
|j| SilentTurb0
|
|t:|1625658727
|switch|p1a: Weavile|Weavile, M|100/100
|-ability|p1a: Weavile|Pressure
|switch|p2a: Corviknight|Corviknight, M|100/100
|-ability|p2a: Corviknight|Pressure
|
|-weather|Hail|[upkeep]
|-damage|p2a: Corviknight|94/100|[from] Hail
|upkeep
|turn|4
|j| DcMarvelAnimeFan
|
|t:|1625658732
|move|p1a: Weavile|Swords Dance|p1a: Weavile
|-boost|p1a: Weavile|atk|2
|move|p2a: Corviknight|Body Press|p1a: Weavile
|-supereffective|p1a: Weavile
|-damage|p1a: Weavile|14/100
|
|-weather|Hail|[upkeep]
|-damage|p2a: Corviknight|88/100|[from] Hail
|upkeep
|turn|5
|
|t:|1625658736
|move|p1a: Weavile|Beat Up|p2a: Corviknight
|-damage|p2a: Corviknight|77/100
|-damage|p2a: Corviknight|70/100
|-damage|p2a: Corviknight|58/100
|-damage|p2a: Corviknight|48/100
|-damage|p2a: Corviknight|37/100
|-damage|p2a: Corviknight|23/100
|-hitcount|p2a: Corviknight|6
|cant|p2a: Corviknight|flinch
|
|-weather|none
|-sideend|p1: LT81YL GLASS|move: Aurora Veil
|upkeep
|turn|6
|j| good battle voyeur
|
|t:|1625658748
|move|p1a: Weavile|Beat Up|p2a: Corviknight
|-damage|p2a: Corviknight|11/100
|-damage|p2a: Corviknight|3/100
|-damage|p2a: Corviknight|0 fnt
|faint|p2a: Corviknight
|-hitcount|p2: Corviknight|3
|
|upkeep
|
|t:|1625658750
|switch|p2a: Zeraora|Zeraora|100/100
|turn|7
|
|t:|1625658760
|switch|p1a: Ninetales|Ninetales-Alola, F|69/100
|-weather|Hail|[from] ability: Snow Warning|[of] p1a: Ninetales
|move|p2a: Zeraora|Knock Off|p1a: Ninetales
|-resisted|p1a: Ninetales
|-damage|p1a: Ninetales|57/100
|
|-weather|Hail|[upkeep]
|-damage|p2a: Zeraora|95/100|[from] Hail
|-heal|p2a: Zeraora|100/100|[from] item: Leftovers
|upkeep
|turn|8
|j| Xizaaa
|
|t:|1625658769
|switch|p1a: Landorus|Landorus-Therian, M|100/100
|-ability|p1a: Landorus|Intimidate|boost
|-unboost|p2a: Zeraora|atk|1
|move|p2a: Zeraora|Plasma Fists|p1a: Landorus
|-immune|p1a: Landorus
|
|-weather|Hail|[upkeep]
|-damage|p2a: Zeraora|95/100|[from] Hail
|-damage|p1a: Landorus|95/100|[from] Hail
|-heal|p2a: Zeraora|100/100|[from] item: Leftovers
|upkeep
|turn|9
|j| LT81YL Empo
|
|t:|1625658784
|switch|p1a: Ninetales|Ninetales-Alola, F|57/100
|move|p2a: Zeraora|Plasma Fists|p1a: Ninetales
|-damage|p1a: Ninetales|16/100
|
|-weather|Hail|[upkeep]
|-damage|p2a: Zeraora|95/100|[from] Hail
|-heal|p2a: Zeraora|100/100|[from] item: Leftovers
|upkeep
|turn|10
|j| IPF
|
|t:|1625658791
|switch|p1a: Landorus|Landorus-Therian, M|95/100
|-ability|p1a: Landorus|Intimidate|boost
|-unboost|p2a: Zeraora|atk|1
|move|p2a: Zeraora|Close Combat|p1a: Landorus
|-resisted|p1a: Landorus
|-damage|p1a: Landorus|84/100
|-unboost|p2a: Zeraora|def|1
|-unboost|p2a: Zeraora|spd|1
|
|-weather|Hail|[upkeep]
|-damage|p2a: Zeraora|95/100|[from] Hail
|-damage|p1a: Landorus|78/100|[from] Hail
|-heal|p2a: Zeraora|100/100|[from] item: Leftovers
|upkeep
|turn|11
|j| LT81YL Storm
|
|t:|1625658797
|switch|p2a: Weavile|Weavile, M|100/100
|switch|p1a: Ninetales|Ninetales-Alola, F|16/100
|
|-weather|none
|upkeep
|turn|12
|j| play competitiv
|
|t:|1625658802
|switch|p1a: Weavile|Weavile, M|14/100
|-ability|p1a: Weavile|Pressure
|move|p2a: Weavile|Triple Axel|p1a: Weavile
|-resisted|p1a: Weavile
|-damage|p1a: Weavile|4/100
|-resisted|p1a: Weavile
|-damage|p1a: Weavile|0 fnt
|faint|p1a: Weavile
|-hitcount|p1: Weavile|2
|
|upkeep
|
|t:|1625658815
|switch|p1a: Cloyster|Cloyster, F|100/100
|turn|13
|
|t:|1625658821
|switch|p2a: Heatran|Heatran, M|100/100
|move|p1a: Cloyster|Shell Smash|p1a: Cloyster
|-unboost|p1a: Cloyster|def|1
|-unboost|p1a: Cloyster|spd|1
|-boost|p1a: Cloyster|atk|2
|-boost|p1a: Cloyster|spa|2
|-boost|p1a: Cloyster|spe|2
|
|upkeep
|turn|14
|inactive|Chickpiee has 120 seconds left.
|
|t:|1625658852
|move|p1a: Cloyster|Liquidation|p2a: Heatran
|-supereffective|p2a: Heatran
|-damage|p2a: Heatran|0 fnt
|faint|p2a: Heatran
|
|upkeep
|j| olt testing acc 9
|inactive|Chickpiee has 120 seconds left.
|
|t:|1625658865
|switch|p2a: Landorus|Landorus-Therian, M, shiny|100/100
|-ability|p2a: Landorus|Intimidate|boost
|-unboost|p1a: Cloyster|atk|1
|turn|15
|inactive|Chickpiee has 120 seconds left.
|l| Serene Grace
|
|t:|1625658880
|move|p1a: Cloyster|Icicle Spear|p2a: Landorus
|-supereffective|p2a: Landorus
|-damage|p2a: Landorus|25/100
|-supereffective|p2a: Landorus
|-damage|p2a: Landorus|0 fnt
|faint|p2a: Landorus
|-hitcount|p2: Landorus|2
|
|upkeep
|j| MorataOP
|
|t:|1625658901
|switch|p2a: Weavile|Weavile, M|100/100
|turn|16
|
|t:|1625658913
|move|p1a: Cloyster|Rock Blast|p2a: Weavile
|-supereffective|p2a: Weavile
|-damage|p2a: Weavile|63/100
|-supereffective|p2a: Weavile
|-damage|p2a: Weavile|19/100
|-supereffective|p2a: Weavile
|-damage|p2a: Weavile|0 fnt
|faint|p2a: Weavile
|-hitcount|p2: Weavile|3
|
|upkeep
|-message|Chickpiee forfeited.
|
|win|LT81YL GLASS
|raw|LT81YL GLASS's rating: 1985 &rarr; <strong>2002</strong><br />(+17 for winning)
|raw|Chickpiee's rating: 1940 &rarr; <strong>1923</strong><br />(-17 for losing)
|l|☆Chickpiee
|l| good battle voyeur
|l| SilentTurb0
|l|☆LT81YL GLASS
|l| ItsMagnum
|l| IPF
|l| curiosity
|l| tgnvinormc
|l| Heracrossed Up
