|html|<div class="broadcast-blue"><strong>[Gen 8] OU is currently suspecting Melmetal! For information on how to participate check out the <a href="https://www.smogon.com/forums/threads/np-ss-ou-suspect-process-round-12-monster-mash.3709234/">suspect thread</a>.</strong></div>
|j|☆minimax_ai
|j|☆Raimei Hakkei 2
|t:|1666631832
|gametype|singles
|player|p1|minimax_ai|lusamine-nihilego|1505
|player|p2|Raimei Hakkei 2|102|1496
|teamsize|p1|6
|teamsize|p2|6
|gen|8
|tier|[Gen 8] OU
|rated|
|rule|Sleep Clause Mod: Limit one foe put to sleep
|rule|Species Clause: Limit one of each Pokémon
|rule|OHKO Clause: OHKO moves are banned
|rule|Evasion Items Clause: Evasion items are banned
|rule|Evasion Moves Clause: Evasion moves are banned
|rule|Endless Battle Clause: Forcing endless battles is banned
|rule|HP Percentage Mod: HP is shown in percentages
|rule|Dynamax Clause: You cannot dynamax
|clearpoke
|poke|p1|Rotom-Wash|
|poke|p1|Weavile, F|
|poke|p1|Landorus-Therian, M|
|poke|p1|Heatran, M|
|poke|p1|Tangrowth, F|
|poke|p1|Melmetal|
|poke|p2|Starmie|
|poke|p2|Urshifu-*, F|
|poke|p2|Tyrantrum, F|
|poke|p2|Corviknight, M|
|poke|p2|Landorus-Therian, M|
|poke|p2|Buzzwole|
|teampreview
|inactive|Battle timer is ON: inactive players will automatically lose when time's up. (requested by Raimei Hakkei 2)
|c|☆minimax_ai|hf
|inactive|minimax_ai also wants the timer to be on.
|
|t:|1666631841
|start
|switch|p1a: Tangrowth|Tangrowth, F|100/100
|switch|p2a: toxapex counter|Urshifu-Rapid-Strike, F|100/100
|turn|1
|
|t:|1666631846
|switch|p2a: Corviknight|Corviknight, M|100/100
|-ability|p2a: Corviknight|Pressure
|move|p1a: Tangrowth|Sleep Powder|p2a: Corviknight|[miss]
|-miss|p1a: Tangrowth|p2a: Corviknight
|
|upkeep
|turn|2
|
|t:|1666631849
|move|p2a: Corviknight|Brave Bird|p1a: Tangrowth
|-supereffective|p1a: Tangrowth
|-damage|p1a: Tangrowth|65/100
|-damage|p2a: Corviknight|84/100|[from] item: Rocky Helmet|[of] p1a: Tangrowth
|-damage|p2a: Corviknight|72/100|[from] Recoil
|move|p1a: Tangrowth|Sleep Powder|p2a: Corviknight
|-status|p2a: Corviknight|slp|[from] move: Sleep Powder
|
|-heal|p2a: Corviknight|78/100 slp|[from] item: Leftovers
|upkeep
|turn|3
|
|t:|1666631853
|switch|p2a: Buzzwole|Buzzwole|100/100
|switch|p1a: landorustherian|Landorus-Therian, M|100/100
|-ability|p1a: landorustherian|Intimidate|boost
|-unboost|p2a: Buzzwole|atk|1
|
|upkeep
|turn|4
|
|t:|1666631857
|switch|p1a: Tangrowth|Tangrowth, F|98/100
|move|p2a: Buzzwole|Ice Punch|p1a: Tangrowth
|-supereffective|p1a: Tangrowth
|-damage|p1a: Tangrowth|82/100
|-damage|p2a: Buzzwole|84/100|[from] item: Rocky Helmet|[of] p1a: Tangrowth
|
|upkeep
|turn|5
|
|t:|1666631863
|move|p2a: Buzzwole|Leech Life|p1a: Tangrowth
|-supereffective|p1a: Tangrowth
|-damage|p1a: Tangrowth|57/100
|-heal|p2a: Buzzwole|96/100|[from] drain|[of] p1a: Tangrowth
|-damage|p2a: Buzzwole|80/100|[from] item: Rocky Helmet|[of] p1a: Tangrowth
|move|p1a: Tangrowth|Giga Drain|p2a: Buzzwole
|-resisted|p2a: Buzzwole
|-damage|p2a: Buzzwole|62/100
|-heal|p1a: Tangrowth|66/100|[from] drain|[of] p2a: Buzzwole
|
|upkeep
|turn|6
|
|t:|1666631873
|move|p2a: Buzzwole|Roost|p2a: Buzzwole
|-heal|p2a: Buzzwole|100/100
|-singleturn|p2a: Buzzwole|move: Roost
|move|p1a: Tangrowth|Giga Drain|p2a: Buzzwole
|-resisted|p2a: Buzzwole
|-damage|p2a: Buzzwole|82/100
|-heal|p1a: Tangrowth|76/100|[from] drain|[of] p2a: Buzzwole
|
|upkeep
|turn|7
|
|t:|1666631877
|switch|p2a: Corviknight|Corviknight, M|78/100 slp
|-ability|p2a: Corviknight|Pressure
|move|p1a: Tangrowth|Giga Drain|p2a: Corviknight
|-resisted|p2a: Corviknight
|-damage|p2a: Corviknight|72/100 slp
|-heal|p1a: Tangrowth|79/100|[from] drain|[of] p2a: Corviknight
|
|-heal|p2a: Corviknight|78/100 slp|[from] item: Leftovers
|upkeep
|turn|8
|
|t:|1666631882
|switch|p2a: Landorus|Landorus-Therian, M|100/100
|-ability|p2a: Landorus|Intimidate|boost
|-unboost|p1a: Tangrowth|atk|1
|switch|p1a: landorustherian|Landorus-Therian, M|100/100
|-ability|p1a: landorustherian|Intimidate|boost
|-unboost|p2a: Landorus|atk|1
|
|upkeep
|turn|9
|
|t:|1666631888
|switch|p2a: Corviknight|Corviknight, M|78/100 slp
|-ability|p2a: Corviknight|Pressure
|move|p1a: landorustherian|Toxic||[still]
|-fail|p1a: landorustherian
|
|-heal|p2a: Corviknight|85/100 slp|[from] item: Leftovers
|upkeep
|turn|10
|
|t:|1666631893
|move|p1a: landorustherian|U-turn|p2a: Corviknight
|-resisted|p2a: Corviknight
|-damage|p2a: Corviknight|81/100 slp
|
|t:|1666631893
|switch|p1a: Heatran|Heatran, M|100/100|[from]move: U-turn
|-item|p1a: Heatran|Air Balloon
|cant|p2a: Corviknight|slp
|
|-heal|p2a: Corviknight|88/100 slp|[from] item: Leftovers
|upkeep
|turn|11
|
|t:|1666631897
|switch|p2a: HEAD SMASHHHHED|Tyrantrum, F|100/100
|move|p1a: Heatran|Eruption|p2a: HEAD SMASHHHHED
|-resisted|p2a: HEAD SMASHHHHED
|-damage|p2a: HEAD SMASHHHHED|66/100
|
|upkeep
|turn|12
|
|t:|1666631906
|move|p1a: Heatran|Earth Power|p2a: HEAD SMASHHHHED
|-supereffective|p2a: HEAD SMASHHHHED
|-damage|p2a: HEAD SMASHHHHED|0 fnt
|faint|p2a: HEAD SMASHHHHED
|
|upkeep
|
|t:|1666631910
|switch|p2a: toxapex counter|Urshifu-Rapid-Strike, F|100/100
|turn|13
|
|t:|1666631913
|switch|p1a: Tangrowth|Tangrowth, F|100/100
|move|p2a: toxapex counter|Bulk Up|p2a: toxapex counter
|-boost|p2a: toxapex counter|atk|1
|-boost|p2a: toxapex counter|def|1
|
|upkeep
|turn|14
|
|t:|1666631916
|move|p2a: toxapex counter|Bulk Up|p2a: toxapex counter
|-boost|p2a: toxapex counter|atk|1
|-boost|p2a: toxapex counter|def|1
|move|p1a: Tangrowth|Giga Drain|p2a: toxapex counter
|-supereffective|p2a: toxapex counter
|-damage|p2a: toxapex counter|26/100
|
|-heal|p2a: toxapex counter|32/100|[from] item: Leftovers
|upkeep
|turn|15
|
|t:|1666631920
|move|p2a: toxapex counter|Close Combat|p1a: Tangrowth
|-damage|p1a: Tangrowth|46/100
|-unboost|p2a: toxapex counter|def|1
|-unboost|p2a: toxapex counter|spd|1
|-damage|p2a: toxapex counter|15/100|[from] item: Rocky Helmet|[of] p1a: Tangrowth
|move|p1a: Tangrowth|Giga Drain|p2a: toxapex counter
|-supereffective|p2a: toxapex counter
|-damage|p2a: toxapex counter|0 fnt
|-heal|p1a: Tangrowth|52/100|[from] drain|[of] p2a: toxapex counter
|faint|p2a: toxapex counter
|
|upkeep
|-message|Raimei Hakkei 2 forfeited.
|
|win|minimax_ai
|raw|minimax_ai's rating: 1505 &rarr; <strong>1524</strong><br />(+19 for winning)
|raw|Raimei Hakkei 2's rating: 1496 &rarr; <strong>1477</strong><br />(-19 for losing)
|c|☆minimax_ai|gg
|l|☆Raimei Hakkei 2
