|raw|<div class="broadcast-blue"><strong>This battle is required to be public due to a player having a name starting with 'lt93oq'.</div>
|j|☆N30N3
|j|☆LT93OQ Friso
|t:|1660652086
|gametype|singles
|player|p1|N30N3|2|1792
|player|p2|LT93OQ Friso|265|1808
|teamsize|p1|6
|teamsize|p2|6
|gen|8
|tier|[Gen 8] OU
|rated|
|rule|Sleep Clause Mod: Limit one foe put to sleep
|rule|Species Clause: Limit one of each Pokémon
|rule|OHKO Clause: OHKO moves are banned
|rule|Evasion Items Clause: Evasion items are banned
|rule|Evasion Moves Clause: Evasion moves are banned
|rule|Endless Battle Clause: Forcing endless battles is banned
|rule|HP Percentage Mod: HP is shown in percentages
|rule|Dynamax Clause: You cannot dynamax
|clearpoke
|poke|p1|Garchomp, F|
|poke|p1|Moltres-Galar|
|poke|p1|Melmetal|
|poke|p1|Urshifu-*, F|
|poke|p1|Rillaboom, M|
|poke|p1|Latias, F|
|poke|p2|Weavile, F|
|poke|p2|Dragapult, F|
|poke|p2|Gastrodon, M|
|poke|p2|Skarmory, F|
|poke|p2|Clefable, F|
|poke|p2|Heatran, M|
|teampreview
|inactive|Battle timer is ON: inactive players will automatically lose when time's up. (requested by LT93OQ Friso)
|
|t:|1660652123
|start
|switch|p1a: Rillaboom|Rillaboom, M|100/100
|switch|p2a: Clefable|Clefable, F|100/100
|-fieldstart|move: Grassy Terrain|[from] ability: Grassy Surge|[of] p1a: Rillaboom
|turn|1
|
|t:|1660652129
|move|p1a: Rillaboom|Swords Dance|p1a: Rillaboom
|-boost|p1a: Rillaboom|atk|2
|move|p2a: Clefable|Trick|p1a: Rillaboom
|-activate|p2a: Clefable|move: Trick|[of] p1a: Rillaboom
|-item|p1a: Rillaboom|Choice Scarf|[from] move: Trick
|-item|p2a: Clefable|Miracle Seed|[from] move: Trick
|
|upkeep
|turn|2
|j| Peter's Aviation
|inactive|LT93OQ Friso has 120 seconds left.
|
|t:|1660652176
|move|p1a: Rillaboom|Wood Hammer|p2a: Clefable
|-damage|p2a: Clefable|0 fnt
|faint|p2a: Clefable
|-damage|p1a: Rillaboom|64/100|[from] Recoil
|
|-heal|p1a: Rillaboom|70/100|[from] Grassy Terrain
|upkeep
|
|t:|1660652180
|switch|p2a: Heatran|Heatran, M|100/100
|turn|3
|
|t:|1660652187
|switch|p1a: Garchomp|Garchomp, F|100/100
|move|p2a: Heatran|Stealth Rock|p1a: Garchomp
|-sidestart|p1: N30N3|move: Stealth Rock
|
|upkeep
|turn|4
|
|t:|1660652196
|switch|p2a: Dragapult|Dragapult, F|100/100
|move|p1a: Garchomp|Stealth Rock|p2a: Dragapult
|-sidestart|p2: LT93OQ Friso|move: Stealth Rock
|
|upkeep
|turn|5
|
|t:|1660652205
|switch|p1a: Melmetal|Melmetal|100/100
|-damage|p1a: Melmetal|94/100|[from] Stealth Rock
|move|p2a: Dragapult|Will-O-Wisp|p1a: Melmetal
|-status|p1a: Melmetal|brn
|
|-heal|p1a: Melmetal|100/100 brn|[from] Grassy Terrain
|-damage|p1a: Melmetal|94/100 brn|[from] brn
|-fieldend|move: Grassy Terrain
|upkeep
|turn|6
|
|t:|1660652218
|switch|p1a: Moltres|Moltres-Galar|100/100
|-damage|p1a: Moltres|76/100|[from] Stealth Rock
|move|p2a: Dragapult|U-turn|p1a: Moltres
|-damage|p1a: Moltres|51/100
|
|t:|1660652222
|switch|p2a: Weavile|Weavile, F|100/100|[from]move: U-turn
|-ability|p2a: Weavile|Pressure
|
|upkeep
|turn|7
|
|t:|1660652233
|switch|p1a: Urshifu|Urshifu-Rapid-Strike, F|100/100
|-damage|p1a: Urshifu|94/100|[from] Stealth Rock
|move|p2a: Weavile|Knock Off|p1a: Urshifu
|-resisted|p1a: Urshifu
|-damage|p1a: Urshifu|72/100
|-enditem|p1a: Urshifu|Choice Scarf|[from] move: Knock Off|[of] p2a: Weavile
|
|upkeep
|turn|8
|
|t:|1660652241
|switch|p2a: Skarmory|Skarmory, F|100/100
|-damage|p2a: Skarmory|88/100|[from] Stealth Rock
|move|p1a: Urshifu|Ice Punch|p2a: Skarmory
|-damage|p2a: Skarmory|74/100
|-damage|p1a: Urshifu|56/100|[from] item: Rocky Helmet|[of] p2a: Skarmory
|
|upkeep
|turn|9
|
|t:|1660652251
|switch|p1a: Moltres|Moltres-Galar|51/100
|-damage|p1a: Moltres|26/100|[from] Stealth Rock
|move|p2a: Skarmory|Body Press|p1a: Moltres
|-damage|p1a: Moltres|0 fnt
|faint|p1a: Moltres
|
|upkeep
|
|t:|1660652257
|switch|p1a: Latias|Latias, F|100/100
|-damage|p1a: Latias|88/100|[from] Stealth Rock
|turn|10
|
|t:|1660652267
|switch|p2a: Heatran|Heatran, M|100/100
|-damage|p2a: Heatran|88/100|[from] Stealth Rock
|move|p1a: Latias|Trick|p2a: Heatran
|-activate|p1a: Latias|move: Trick|[of] p2a: Heatran
|-item|p2a: Heatran|Choice Scarf|[from] move: Trick
|-item|p1a: Latias|Leftovers|[from] move: Trick
|
|-heal|p1a: Latias|94/100|[from] item: Leftovers
|upkeep
|turn|11
|
|t:|1660652273
|switch|p1a: Garchomp|Garchomp, F|100/100
|-damage|p1a: Garchomp|94/100|[from] Stealth Rock
|move|p2a: Heatran|Toxic|p1a: Garchomp|[miss]
|-miss|p2a: Heatran|p1a: Garchomp
|
|upkeep
|turn|12
|j| The art of
|
|t:|1660652287
|switch|p2a: Skarmory|Skarmory, F|74/100
|-damage|p2a: Skarmory|62/100|[from] Stealth Rock
|switch|p1a: Melmetal|Melmetal|94/100 brn
|-damage|p1a: Melmetal|88/100 brn|[from] Stealth Rock
|
|-heal|p1a: Melmetal|94/100 brn|[from] item: Leftovers
|-damage|p1a: Melmetal|88/100 brn|[from] brn
|upkeep
|turn|13
|
|t:|1660652295
|move|p2a: Skarmory|Roost|p2a: Skarmory
|-heal|p2a: Skarmory|100/100
|-singleturn|p2a: Skarmory|move: Roost
|move|p1a: Melmetal|Acid Armor|p1a: Melmetal
|-boost|p1a: Melmetal|def|2
|
|-heal|p1a: Melmetal|94/100 brn|[from] item: Leftovers
|-damage|p1a: Melmetal|88/100 brn|[from] brn
|upkeep
|turn|14
|
|t:|1660652304
|switch|p2a: Dragapult|Dragapult, F|100/100
|move|p1a: Melmetal|Acid Armor|p1a: Melmetal
|-boost|p1a: Melmetal|def|2
|
|-heal|p1a: Melmetal|94/100 brn|[from] item: Leftovers
|-damage|p1a: Melmetal|88/100 brn|[from] brn
|upkeep
|turn|15
|
|t:|1660652307
|move|p2a: Dragapult|Hex|p1a: Melmetal
|-damage|p1a: Melmetal|51/100 brn
|move|p1a: Melmetal|Rest|p1a: Melmetal
|-status|p1a: Melmetal|slp|[from] move: Rest
|-heal|p1a: Melmetal|100/100 slp|[silent]
|
|upkeep
|turn|16
|
|t:|1660652321
|move|p2a: Dragapult|Hex|p1a: Melmetal
|-damage|p1a: Melmetal|64/100 slp
|cant|p1a: Melmetal|slp
|
|-heal|p1a: Melmetal|70/100 slp|[from] item: Leftovers
|upkeep
|turn|17
|
|t:|1660652326
|move|p2a: Dragapult|Hex|p1a: Melmetal
|-damage|p1a: Melmetal|33/100 slp
|cant|p1a: Melmetal|slp
|
|-heal|p1a: Melmetal|40/100 slp|[from] item: Leftovers
|upkeep
|turn|18
|
|t:|1660652332
|move|p2a: Dragapult|U-turn|p1a: Melmetal
|-resisted|p1a: Melmetal
|-damage|p1a: Melmetal|38/100 slp
|
|t:|1660652335
|switch|p2a: Heatran|Heatran, M|88/100|[from]move: U-turn
|-damage|p2a: Heatran|76/100|[from] Stealth Rock
|-curestatus|p1a: Melmetal|slp|[msg]
|move|p1a: Melmetal|Rest|p1a: Melmetal
|-status|p1a: Melmetal|slp|[from] move: Rest
|-heal|p1a: Melmetal|100/100 slp|[silent]
|
|upkeep
|turn|19
|
|t:|1660652339
|switch|p1a: Garchomp|Garchomp, F|94/100
|-damage|p1a: Garchomp|88/100|[from] Stealth Rock
|move|p2a: Heatran|Lava Plume|p1a: Garchomp
|-resisted|p1a: Garchomp
|-damage|p1a: Garchomp|73/100
|
|upkeep
|turn|20
|
|t:|1660652343
|switch|p2a: Skarmory|Skarmory, F|100/100
|-damage|p2a: Skarmory|88/100|[from] Stealth Rock
|switch|p1a: Melmetal|Melmetal|100/100 slp
|-damage|p1a: Melmetal|94/100 slp|[from] Stealth Rock
|
|-heal|p1a: Melmetal|100/100 slp|[from] item: Leftovers
|upkeep
|turn|21
|
|t:|1660652346
|move|p2a: Skarmory|Body Press|p1a: Melmetal
|-supereffective|p1a: Melmetal
|-damage|p1a: Melmetal|67/100 slp
|cant|p1a: Melmetal|slp
|
|-heal|p1a: Melmetal|73/100 slp|[from] item: Leftovers
|upkeep
|turn|22
|
|t:|1660652349
|move|p2a: Skarmory|Body Press|p1a: Melmetal
|-supereffective|p1a: Melmetal
|-damage|p1a: Melmetal|37/100 slp
|cant|p1a: Melmetal|slp
|
|-heal|p1a: Melmetal|44/100 slp|[from] item: Leftovers
|upkeep
|turn|23
|
|t:|1660652353
|switch|p2a: Heatran|Heatran, M|76/100
|-damage|p2a: Heatran|63/100|[from] Stealth Rock
|-curestatus|p1a: Melmetal|slp|[msg]
|move|p1a: Melmetal|Rest|p1a: Melmetal
|-status|p1a: Melmetal|slp|[from] move: Rest
|-heal|p1a: Melmetal|100/100 slp|[silent]
|
|upkeep
|turn|24
|
|t:|1660652358
|switch|p1a: Garchomp|Garchomp, F|73/100
|-damage|p1a: Garchomp|67/100|[from] Stealth Rock
|move|p2a: Heatran|Lava Plume|p1a: Garchomp
|-resisted|p1a: Garchomp
|-damage|p1a: Garchomp|52/100
|-status|p1a: Garchomp|brn
|
|-damage|p1a: Garchomp|46/100 brn|[from] brn
|upkeep
|turn|25
|
|t:|1660652364
|switch|p2a: Skarmory|Skarmory, F|88/100
|-damage|p2a: Skarmory|76/100|[from] Stealth Rock
|switch|p1a: Latias|Latias, F|94/100
|-damage|p1a: Latias|82/100|[from] Stealth Rock
|
|-heal|p1a: Latias|88/100|[from] item: Leftovers
|upkeep
|turn|26
|
|t:|1660652369
|move|p1a: Latias|Psychic|p2a: Skarmory
|-resisted|p2a: Skarmory
|-damage|p2a: Skarmory|48/100
|move|p2a: Skarmory|Spikes|p1a: Latias
|-sidestart|p1: N30N3|Spikes
|
|-heal|p1a: Latias|94/100|[from] item: Leftovers
|upkeep
|turn|27
|
|t:|1660652373
|move|p1a: Latias|Psychic|p2a: Skarmory
|-resisted|p2a: Skarmory
|-damage|p2a: Skarmory|19/100
|move|p2a: Skarmory|Roost|p2a: Skarmory
|-heal|p2a: Skarmory|69/100
|-singleturn|p2a: Skarmory|move: Roost
|
|-heal|p1a: Latias|99/100|[from] item: Leftovers
|upkeep
|turn|28
|
|t:|1660652377
|move|p1a: Latias|Psychic|p2a: Skarmory
|-resisted|p2a: Skarmory
|-damage|p2a: Skarmory|39/100
|move|p2a: Skarmory|Roost|p2a: Skarmory
|-heal|p2a: Skarmory|89/100
|-singleturn|p2a: Skarmory|move: Roost
|
|-heal|p1a: Latias|100/100|[from] item: Leftovers
|upkeep
|turn|29
|
|t:|1660652385
|move|p1a: Latias|Psychic|p2a: Skarmory
|-resisted|p2a: Skarmory
|-damage|p2a: Skarmory|60/100
|-unboost|p2a: Skarmory|spd|1
|move|p2a: Skarmory|Toxic|p1a: Latias
|-status|p1a: Latias|tox
|
|-damage|p1a: Latias|95/100 tox|[from] psn
|upkeep
|turn|30
|j| Xarope2008
|
|t:|1660652390
|move|p1a: Latias|Draco Meteor|p2a: Skarmory
|-resisted|p2a: Skarmory
|-damage|p2a: Skarmory|0 fnt
|-unboost|p1a: Latias|spa|2
|faint|p2a: Skarmory
|
|-heal|p1a: Latias|100/100 tox|[from] item: Leftovers
|-damage|p1a: Latias|89/100 tox|[from] psn
|upkeep
|
|t:|1660652395
|switch|p2a: Dragapult|Dragapult, F|100/100
|turn|31
|c| Xarope2008|f
|j| noobwatergym
|l| Xarope2008
|inactive|N30N3 has 120 seconds left.
|
|t:|1660652428
|switch|p1a: Garchomp|Garchomp, F|46/100 brn
|-damage|p1a: Garchomp|40/100 brn|[from] Stealth Rock
|-damage|p1a: Garchomp|27/100 brn|[from] Spikes
|move|p2a: Dragapult|Hex|p1a: Garchomp
|-damage|p1a: Garchomp|0 fnt
|faint|p1a: Garchomp
|
|upkeep
|inactive|N30N3 has 120 seconds left.
|
|t:|1660652434
|switch|p1a: Rillaboom|Rillaboom, M|70/100
|-damage|p1a: Rillaboom|58/100|[from] Stealth Rock
|-damage|p1a: Rillaboom|46/100|[from] Spikes
|-fieldstart|move: Grassy Terrain|[from] ability: Grassy Surge|[of] p1a: Rillaboom
|turn|32
|inactive|LT93OQ Friso has 120 seconds left.
|
|t:|1660652474
|switch|p2a: Weavile|Weavile, F|100/100
|-ability|p2a: Weavile|Pressure
|move|p1a: Rillaboom|Wood Hammer|p2a: Weavile
|-damage|p2a: Weavile|0 fnt
|faint|p2a: Weavile
|-damage|p1a: Rillaboom|20/100|[from] Recoil
|
|-heal|p1a: Rillaboom|26/100|[from] Grassy Terrain
|upkeep
|
|t:|1660652490
|switch|p2a: Dragapult|Dragapult, F|100/100
|turn|33
|
|t:|1660652495
|move|p2a: Dragapult|Hex|p1a: Rillaboom
|-damage|p1a: Rillaboom|0 fnt
|faint|p1a: Rillaboom
|
|upkeep
|
|t:|1660652502
|switch|p1a: Melmetal|Melmetal|100/100 slp
|-damage|p1a: Melmetal|94/100 slp|[from] Stealth Rock
|-damage|p1a: Melmetal|82/100 slp|[from] Spikes
|turn|34
|
|t:|1660652506
|move|p2a: Dragapult|Hex|p1a: Melmetal
|-crit|p1a: Melmetal
|-damage|p1a: Melmetal|27/100 slp
|cant|p1a: Melmetal|slp
|
|-heal|p1a: Melmetal|33/100 slp|[from] Grassy Terrain
|-heal|p1a: Melmetal|40/100 slp|[from] item: Leftovers
|upkeep
|turn|35
|-message|N30N3 forfeited.
|
|win|LT93OQ Friso
|raw|N30N3's rating: 1792 &rarr; <strong>1773</strong><br />(-19 for losing)
|raw|LT93OQ Friso's rating: 1808 &rarr; <strong>1827</strong><br />(+19 for winning)
|l|☆N30N3
