|j|☆walch5566
|j|☆Stimo96
|t:|1661937775
|gametype|singles
|player|p1|walch5566|266|1616
|player|p2|Stimo96|alder|1560
|teamsize|p1|6
|teamsize|p2|6
|gen|8
|tier|[Gen 8] OU
|rated|
|rule|Sleep Clause Mod: Limit one foe put to sleep
|rule|Species Clause: Limit one of each Pokémon
|rule|OHKO Clause: OHKO moves are banned
|rule|Evasion Items Clause: Evasion items are banned
|rule|Evasion Moves Clause: Evasion moves are banned
|rule|Endless Battle Clause: Forcing endless battles is banned
|rule|HP Percentage Mod: HP is shown in percentages
|rule|Dynamax Clause: You cannot dynamax
|clearpoke
|poke|p1|Seismitoad, F|
|poke|p1|Hawlucha, F|
|poke|p1|Gengar, F|
|poke|p1|Melmetal|
|poke|p1|Rillaboom, M|
|poke|p1|Blaziken, M|
|poke|p2|Landorus-Therian, M|
|poke|p2|Urshifu-*, M|
|poke|p2|Tapu Lele|
|poke|p2|Tapu Fini|
|poke|p2|Moltres|
|poke|p2|Melmetal|
|teampreview
|inactive|Battle timer is ON: inactive players will automatically lose when time's up. (requested by Stimo96)
|
|t:|1661937791
|start
|switch|p1a: Seismitoad|Seismitoad, F|100/100
|switch|p2a: Tapu Lele|Tapu Lele|100/100
|-fieldstart|move: Psychic Terrain|[from] ability: Psychic Surge|[of] p2a: Tapu Lele
|turn|1
|
|t:|1661937798
|switch|p1a: Melmetal|Melmetal|100/100
|move|p2a: Tapu Lele|Psychic|p1a: Melmetal
|-resisted|p1a: Melmetal
|-damage|p1a: Melmetal|78/100
|
|upkeep
|turn|2
|
|t:|1661937805
|switch|p2a: Moltres|Moltres|100/100
|switch|p1a: Gengar|Gengar, F|100/100
|
|upkeep
|turn|3
|
|t:|1661937814
|switch|p2a: Melmetal|Melmetal, shiny|100/100
|move|p1a: Gengar|Trick|p2a: Melmetal
|-activate|p1a: Gengar|move: Trick|[of] p2a: Melmetal
|-item|p2a: Melmetal|Choice Specs|[from] move: Trick
|-item|p1a: Gengar|Leftovers|[from] move: Trick
|
|upkeep
|turn|4
|
|t:|1661937822
|switch|p1a: Blaziken|Blaziken, M|100/100
|move|p2a: Melmetal|Double Iron Bash|p1a: Blaziken
|-resisted|p1a: Blaziken
|-damage|p1a: Blaziken|77/100
|-resisted|p1a: Blaziken
|-damage|p1a: Blaziken|53/100
|-hitcount|p1a: Blaziken|2
|
|upkeep
|turn|5
|
|t:|1661937831
|switch|p1a: Seismitoad|Seismitoad, F|100/100
|move|p2a: Melmetal|Double Iron Bash|p1a: Seismitoad
|-resisted|p1a: Seismitoad
|-damage|p1a: Seismitoad|87/100
|-resisted|p1a: Seismitoad
|-damage|p1a: Seismitoad|75/100
|-hitcount|p1a: Seismitoad|2
|
|-heal|p1a: Seismitoad|81/100|[from] item: Leftovers
|-fieldend|move: Psychic Terrain
|upkeep
|turn|6
|
|t:|1661937840
|switch|p2a: Tapu Lele|Tapu Lele|100/100
|-fieldstart|move: Psychic Terrain|[from] ability: Psychic Surge|[of] p2a: Tapu Lele
|move|p1a: Seismitoad|Stealth Rock|p2a: Tapu Lele
|-sidestart|p2: Stimo96|move: Stealth Rock
|
|-heal|p1a: Seismitoad|87/100|[from] item: Leftovers
|upkeep
|turn|7
|
|t:|1661937848
|move|p2a: Tapu Lele|Psychic|p1a: Seismitoad
|-damage|p1a: Seismitoad|0 fnt
|faint|p1a: Seismitoad
|
|upkeep
|
|t:|1661937856
|switch|p1a: Melmetal|Melmetal|78/100
|turn|8
|
|t:|1661937870
|switch|p2a: Melmetal|Melmetal, shiny|100/100
|-damage|p2a: Melmetal|94/100|[from] Stealth Rock
|switch|p1a: Gengar|Gengar, F|100/100
|
|upkeep
|turn|9
|
|t:|1661937879
|move|p1a: Gengar|Focus Blast|p2a: Melmetal
|-supereffective|p2a: Melmetal
|-damage|p2a: Melmetal|37/100
|move|p2a: Melmetal|Earthquake|p1a: Gengar
|-supereffective|p1a: Gengar
|-damage|p1a: Gengar|0 fnt
|faint|p1a: Gengar
|
|upkeep
|
|t:|1661937883
|switch|p1a: Rillaboom|Rillaboom, M|100/100
|-fieldstart|move: Grassy Terrain|[from] ability: Grassy Surge|[of] p1a: Rillaboom
|turn|10
|
|t:|1661937892
|switch|p2a: Moltres|Moltres|100/100
|move|p1a: Rillaboom|Superpower|p2a: Moltres
|-resisted|p2a: Moltres
|-crit|p2a: Moltres
|-damage|p2a: Moltres|65/100
|-unboost|p1a: Rillaboom|atk|1
|-unboost|p1a: Rillaboom|def|1
|-damage|p1a: Rillaboom|91/100|[from] item: Life Orb
|
|-heal|p1a: Rillaboom|97/100|[from] Grassy Terrain
|upkeep
|turn|11
|
|t:|1661937903
|move|p2a: Moltres|Roost|p2a: Moltres
|-heal|p2a: Moltres|100/100
|-singleturn|p2a: Moltres|move: Roost
|move|p1a: Rillaboom|Knock Off|p2a: Moltres
|-damage|p2a: Moltres|74/100
|-status|p1a: Rillaboom|brn|[from] ability: Flame Body|[of] p2a: Moltres
|-enditem|p2a: Moltres|Heavy-Duty Boots|[from] move: Knock Off|[of] p1a: Rillaboom
|-damage|p1a: Rillaboom|87/100 brn|[from] item: Life Orb
|
|-heal|p2a: Moltres|80/100|[from] Grassy Terrain
|-heal|p1a: Rillaboom|93/100 brn|[from] Grassy Terrain
|-damage|p1a: Rillaboom|87/100 brn|[from] brn
|upkeep
|turn|12
|
|t:|1661937916
|switch|p1a: Blaziken|Blaziken, M|53/100
|move|p2a: Moltres|Defog|p1a: Blaziken
|-unboost|p1a: Blaziken|evasion|1
|-sideend|p2: Stimo96|Stealth Rock|[from] move: Defog|[of] p2a: Moltres
|-fieldend|move: Grassy Terrain
|
|upkeep
|turn|13
|
|t:|1661937930
|switch|p2a: Melmetal|Melmetal, shiny|37/100
|move|p1a: Blaziken|Swords Dance|p1a: Blaziken
|-boost|p1a: Blaziken|atk|2
|
|-ability|p1a: Blaziken|Speed Boost|boost
|-boost|p1a: Blaziken|spe|1
|upkeep
|turn|14
|
|t:|1661937937
|move|p1a: Blaziken|Flare Blitz|p2a: Melmetal
|-supereffective|p2a: Melmetal
|-damage|p2a: Melmetal|0 fnt
|faint|p2a: Melmetal
|-damage|p1a: Blaziken|34/100|[from] Recoil
|-damage|p1a: Blaziken|24/100|[from] item: Life Orb
|
|-ability|p1a: Blaziken|Speed Boost|boost
|-boost|p1a: Blaziken|spe|1
|upkeep
|
|t:|1661937945
|switch|p2a: Tapu Fini|Tapu Fini|100/100
|-fieldstart|move: Misty Terrain|[from] ability: Misty Surge|[of] p2a: Tapu Fini
|turn|15
|
|t:|1661937951
|move|p1a: Blaziken|Thunder Punch|p2a: Tapu Fini
|-supereffective|p2a: Tapu Fini
|-damage|p2a: Tapu Fini|22/100
|-damage|p1a: Blaziken|14/100|[from] item: Life Orb
|move|p2a: Tapu Fini|Moonblast|p1a: Blaziken
|-damage|p1a: Blaziken|0 fnt
|faint|p1a: Blaziken
|
|-heal|p2a: Tapu Fini|28/100|[from] item: Leftovers
|upkeep
|
|t:|1661937957
|switch|p1a: Rillaboom|Rillaboom, M|87/100 brn
|-fieldstart|move: Grassy Terrain|[from] ability: Grassy Surge|[of] p1a: Rillaboom
|turn|16
|
|t:|1661937964
|switch|p2a: Moltres|Moltres|80/100
|move|p1a: Rillaboom|Swords Dance|p1a: Rillaboom
|-boost|p1a: Rillaboom|atk|2
|
|-heal|p1a: Rillaboom|93/100 brn|[from] Grassy Terrain
|-damage|p1a: Rillaboom|87/100 brn|[from] brn
|upkeep
|turn|17
|
|t:|1661937973
|move|p2a: Moltres|Mystical Fire|p1a: Rillaboom
|-supereffective|p1a: Rillaboom
|-damage|p1a: Rillaboom|15/100 brn
|-unboost|p1a: Rillaboom|spa|1
|move|p1a: Rillaboom|Knock Off|p2a: Moltres
|-damage|p2a: Moltres|56/100
|-damage|p1a: Rillaboom|5/100 brn|[from] item: Life Orb
|
|-heal|p1a: Rillaboom|11/100 brn|[from] Grassy Terrain
|-damage|p1a: Rillaboom|5/100 brn|[from] brn
|upkeep
|turn|18
|
|t:|1661937983
|move|p2a: Moltres|Roost|p2a: Moltres
|-heal|p2a: Moltres|100/100
|-singleturn|p2a: Moltres|move: Roost
|move|p1a: Rillaboom|Superpower|p2a: Moltres
|-damage|p2a: Moltres|52/100
|-unboost|p1a: Rillaboom|atk|1
|-unboost|p1a: Rillaboom|def|1
|-damage|p1a: Rillaboom|0 fnt|[from] item: Life Orb
|faint|p1a: Rillaboom
|
|-heal|p2a: Moltres|58/100|[from] Grassy Terrain
|upkeep
|
|t:|1661937989
|switch|p1a: Hawlucha|Hawlucha, F|100/100
|-enditem|p1a: Hawlucha|Grassy Seed
|-boost|p1a: Hawlucha|def|1|[from] item: Grassy Seed
|turn|19
|
|t:|1661937998
|move|p1a: Hawlucha|Swords Dance|p1a: Hawlucha
|-boost|p1a: Hawlucha|atk|2
|move|p2a: Moltres|Mystical Fire|p1a: Hawlucha
|-damage|p1a: Hawlucha|50/100
|-unboost|p1a: Hawlucha|spa|1
|
|upkeep
|turn|20
|
|t:|1661938011
|switch|p2a: Tapu Fini|Tapu Fini|28/100
|-fieldstart|move: Misty Terrain|[from] ability: Misty Surge|[of] p2a: Tapu Fini
|move|p1a: Hawlucha|Acrobatics|p2a: Tapu Fini
|-damage|p2a: Tapu Fini|0 fnt
|faint|p2a: Tapu Fini
|
|upkeep
|
|t:|1661938023
|switch|p2a: Landorus|Landorus-Therian, M|100/100
|-ability|p2a: Landorus|Intimidate|boost
|-unboost|p1a: Hawlucha|atk|1
|turn|21
|
|t:|1661938029
|move|p1a: Hawlucha|Swords Dance|p1a: Hawlucha
|-boost|p1a: Hawlucha|atk|2
|move|p2a: Landorus|Knock Off|p1a: Hawlucha
|-resisted|p1a: Hawlucha
|-damage|p1a: Hawlucha|38/100
|
|upkeep
|turn|22
|
|t:|1661938041
|switch|p2a: Moltres|Moltres|58/100
|move|p1a: Hawlucha|Acrobatics|p2a: Moltres
|-damage|p2a: Moltres|0 fnt
|faint|p2a: Moltres
|
|upkeep
|
|t:|1661938047
|switch|p2a: Landorus|Landorus-Therian, M|100/100
|-ability|p2a: Landorus|Intimidate|boost
|-unboost|p1a: Hawlucha|atk|1
|turn|23
|
|t:|1661938051
|move|p1a: Hawlucha|Acrobatics|p2a: Landorus
|-damage|p2a: Landorus|0 fnt
|faint|p2a: Landorus
|
|upkeep
|
|t:|1661938056
|switch|p2a: Urshifu|Urshifu-Rapid-Strike, M|100/100
|turn|24
|
|t:|1661938059
|move|p2a: Urshifu|Aqua Jet|p1a: Hawlucha
|-damage|p1a: Hawlucha|5/100
|move|p1a: Hawlucha|Acrobatics|p2a: Urshifu
|-supereffective|p2a: Urshifu
|-damage|p2a: Urshifu|0 fnt
|faint|p2a: Urshifu
|
|-fieldend|Misty Terrain
|upkeep
|
|t:|1661938066
|switch|p2a: Tapu Lele|Tapu Lele|100/100
|-fieldstart|move: Psychic Terrain|[from] ability: Psychic Surge|[of] p2a: Tapu Lele
|turn|25
|
|t:|1661938070
|move|p1a: Hawlucha|Acrobatics|p2a: Tapu Lele
|-damage|p2a: Tapu Lele|0 fnt
|faint|p2a: Tapu Lele
|
|win|walch5566
|raw|walch5566's rating: 1616 &rarr; <strong>1633</strong><br />(+17 for winning)
|raw|Stimo96's rating: 1560 &rarr; <strong>1543</strong><br />(-17 for losing)
|l|☆Stimo96
||Ladder isn't responding, score probably updated but might not have (Request timeout).
