|j|☆Kazt_5
|j|☆8TeenNakedCowboys
|inactive|Battle timer is ON: inactive players will automatically lose when time's up.
|t:|1615180862
|player|p1|Kazt_5|dawn|
|player|p2|8TeenNakedCowboys|80|
|teamsize|p1|6
|teamsize|p2|6
|gametype|singles
|gen|8
|tier|[Gen 8] OU
|rated|Tournament battle
|clearpoke
|poke|p1|Quagsire, F|
|poke|p1|Latias, F|
|poke|p1|Blacephalon|
|poke|p1|Stunfisk, F|
|poke|p1|Uxie|
|poke|p1|Cloyster, M|
|poke|p2|Blacephalon|
|poke|p2|Cloyster, F|
|poke|p2|Latias, F|
|poke|p2|Hawlucha, M|
|poke|p2|Klefki, F|
|poke|p2|Stunfisk, F|
|rule|Sleep Clause Mod: Limit one foe put to sleep
|rule|Species Clause: Limit one of each Pokémon
|rule|OHKO Clause: OHKO moves are banned
|rule|Evasion Moves Clause: Evasion moves are banned
|rule|Endless Battle Clause: Forcing endless battles is banned
|rule|HP Percentage Mod: HP is shown in percentages
|rule|Dynamax Clause: You cannot dynamax
|teampreview
|j| NSXernos
|j| jmoore15
|c|☆8TeenNakedCowboys|mb
|j| BurlyBear_poke
|c|☆8TeenNakedCowboys|was with the boys
|j| Kylerqaz
|c|☆8TeenNakedCowboys|ready now
|c|☆Kazt_5|me and the bois about to win the tour
|c|☆8TeenNakedCowboys|pog
|c| Kylerqaz|the other 17 naked cowboys?
|inactive|Kazt_5 has 120 seconds left.
|j| Omari P alt
|
|t:|1615180898
|start
|switch|p1a: Cloyster|Cloyster, M|100/100
|switch|p2a: Stunfisk|Stunfisk, F|100/100
|turn|1
|c| NSXernos|no terrain sand lucha this is interesting
|
|t:|1615180910
|move|p1a: Cloyster|Icicle Spear|p2a: Stunfisk
|-supereffective|p2a: Stunfisk
|-damage|p2a: Stunfisk|85/100
|-supereffective|p2a: Stunfisk
|-damage|p2a: Stunfisk|69/100
|-supereffective|p2a: Stunfisk
|-damage|p2a: Stunfisk|53/100
|-supereffective|p2a: Stunfisk
|-damage|p2a: Stunfisk|37/100
|-supereffective|p2a: Stunfisk
|-damage|p2a: Stunfisk|20/100
|-hitcount|p2a: Stunfisk|5
|move|p2a: Stunfisk|Discharge|p1a: Cloyster
|-supereffective|p1a: Cloyster
|-damage|p1a: Cloyster|8/100
|-status|p1a: Cloyster|par
|
|-heal|p2a: Stunfisk|26/100|[from] item: Leftovers
|upkeep
|turn|2
|j| mf_salvador
|
|t:|1615180922
|switch|p1a: Quagsire|Quagsire, F|100/100
|move|p2a: Stunfisk|Stealth Rock|p1a: Quagsire
|-sidestart|p1: Kazt_5|move: Stealth Rock
|
|-heal|p2a: Stunfisk|33/100|[from] item: Leftovers
|upkeep
|turn|3
|c| NSXernos|the para
|c| jmoore15|gg
|c| mf_salvador|go kazt go!
|
|t:|1615180928
|move|p1a: Quagsire|Earthquake|p2a: Stunfisk
|-supereffective|p2a: Stunfisk
|-damage|p2a: Stunfisk|0 fnt
|faint|p2a: Stunfisk
|
|upkeep
|j| HoldMySandwich
|
|t:|1615180936
|switch|p2a: Cloyster|Cloyster, F|100/100
|turn|4
|
|t:|1615180947
|move|p2a: Cloyster|Icicle Spear|p1a: Quagsire
|-damage|p1a: Quagsire|91/100
|-damage|p1a: Quagsire|83/100
|-damage|p1a: Quagsire|74/100
|-damage|p1a: Quagsire|67/100
|-damage|p1a: Quagsire|58/100
|-hitcount|p1a: Quagsire|5
|move|p1a: Quagsire|Toxic|p2a: Cloyster
|-status|p2a: Cloyster|tox
|
|-heal|p1a: Quagsire|64/100|[from] item: Leftovers
|-damage|p2a: Cloyster|94/100 tox|[from] psn
|upkeep
|turn|5
|c| Kylerqaz|just  say gg till its true, good strat
|
|t:|1615180957
|move|p1a: Quagsire|Protect|p1a: Quagsire
|-singleturn|p1a: Quagsire|Protect
|move|p2a: Cloyster|Icicle Spear|p1a: Quagsire
|-activate|p1a: Quagsire|move: Protect
|
|-heal|p1a: Quagsire|70/100|[from] item: Leftovers
|-damage|p2a: Cloyster|82/100 tox|[from] psn
|upkeep
|turn|6
|c| NSXernos|he didnt say gg as good game, he said it as GO GO
|
|t:|1615180964
|switch|p1a: Cloyster|Cloyster, M|8/100 par
|move|p2a: Cloyster|Icicle Spear|p1a: Cloyster
|-resisted|p1a: Cloyster
|-damage|p1a: Cloyster|6/100 par
|-resisted|p1a: Cloyster
|-damage|p1a: Cloyster|4/100 par
|-resisted|p1a: Cloyster
|-damage|p1a: Cloyster|2/100 par
|-resisted|p1a: Cloyster
|-damage|p1a: Cloyster|0 fnt
|-hitcount|p1a: Cloyster|4
|faint|p1a: Cloyster
|
|-damage|p2a: Cloyster|63/100 tox|[from] psn
|upkeep
|
|t:|1615180971
|switch|p1a: Quagsire|Quagsire, F|70/100
|-damage|p1a: Quagsire|64/100|[from] Stealth Rock
|turn|7
|c| jmoore15|^^
|c| jmoore15|thank you
|
|t:|1615180975
|switch|p2a: Blacephalon|Blacephalon|100/100
|move|p1a: Quagsire|Protect||[still]
|-fail|p1a: Quagsire
|
|-heal|p1a: Quagsire|70/100|[from] item: Leftovers
|upkeep
|turn|8
|
|t:|1615180980
|switch|p1a: Stunfisk|Stunfisk, F|100/100
|-damage|p1a: Stunfisk|94/100|[from] Stealth Rock
|move|p2a: Blacephalon|Shadow Ball|p1a: Stunfisk
|-damage|p1a: Stunfisk|50/100
|
|-heal|p1a: Stunfisk|56/100|[from] item: Leftovers
|upkeep
|turn|9
|c| Omari P alt|if ur scarf
|
|t:|1615180984
|switch|p2a: Cloyster|Cloyster, F|63/100 tox
|move|p1a: Stunfisk|Earthquake|p2a: Cloyster
|-damage|p2a: Cloyster|43/100 tox
|
|-heal|p1a: Stunfisk|62/100|[from] item: Leftovers
|-damage|p2a: Cloyster|37/100 tox|[from] psn
|upkeep
|turn|10
|c| Omari P alt|u win
|c| Kylerqaz|ah my mistake then
|c| jmoore15|gg
|c| mf_salvador|gg!
|c| NSXernos|is stunfisk needed in this tour?
|c| mf_salvador|not needed
|c| mf_salvador|but available
|inactive|Kazt_5 has 120 seconds left.
|c| mf_salvador|im a klefki guy myself
|c|☆Kazt_5|i have the feeling this guy is kings rock and is trying to cheese me
|c| mf_salvador|oh wait they have klefki
|j| RIPReckful
|c|☆8TeenNakedCowboys|correct
|c| NSXernos|lol
|l|☆Kazt_5
|inactive|Kazt_5 disconnected and has a minute to reconnect!
|player|p1|
|l| Omari P alt
|c| mf_salvador|kings rock isnt cheese its part of the game what can i say
|c| jmoore15|gg
|c| jmoore15|he left
|j|☆Kazt_5
|inactive|Kazt_5 reconnected and has 90 seconds left.
|player|p1|Kazt_5|dawn
|c| mf_salvador|they back
|
|t:|1615181054
|move|p2a: Cloyster|Icicle Spear|p1a: Stunfisk
|-supereffective|p1a: Stunfisk
|-crit|p1a: Stunfisk
|-damage|p1a: Stunfisk|22/100
|-supereffective|p1a: Stunfisk
|-damage|p1a: Stunfisk|0 fnt
|-hitcount|p1a: Stunfisk|2
|faint|p1a: Stunfisk
|
|-damage|p2a: Cloyster|25/100 tox|[from] psn
|upkeep
|
|t:|1615181056
|switch|p1a: Latias|Latias, F|100/100
|-damage|p1a: Latias|88/100|[from] Stealth Rock
|turn|11
|
|t:|1615181060
|move|p1a: Latias|Psychic|p2a: Cloyster
|-damage|p2a: Cloyster|0 fnt
|faint|p2a: Cloyster
|
|upkeep
|c|☆Kazt_5|my internet is lagging a lot rn
|
|t:|1615181077
|switch|p2a: Klefki|Klefki, F|100/100
|turn|12
|
|t:|1615181081
|switch|p1a: Quagsire|Quagsire, F|70/100
|-damage|p1a: Quagsire|64/100|[from] Stealth Rock
|move|p2a: Klefki|Calm Mind|p2a: Klefki
|-boost|p2a: Klefki|spa|1
|-boost|p2a: Klefki|spd|1
|
|-heal|p1a: Quagsire|70/100|[from] item: Leftovers
|upkeep
|turn|13
|c| mf_salvador|did yall know max speed scarf latias outspeeds +2 cloyster by 1 point exactly
|inactive|Kazt_5 has 120 seconds left.
|c| Kylerqaz|inputs lagging, i understand
|c| mf_salvador|calm mind klefki
|
|t:|1615181100
|switch|p2a: Hawlucha|Hawlucha, M|100/100
|switch|p1a: Uxie|Uxie|100/100
|-damage|p1a: Uxie|88/100|[from] Stealth Rock
|
|-heal|p1a: Uxie|94/100|[from] item: Leftovers
|upkeep
|turn|14
|c| mf_salvador|curious
|inactive|Kazt_5 has 120 seconds left.
|
|t:|1615181107
|switch|p2a: Blacephalon|Blacephalon|100/100
|move|p1a: Uxie|Psychic|p2a: Blacephalon
|-damage|p2a: Blacephalon|61/100
|
|-heal|p1a: Uxie|100/100|[from] item: Leftovers
|upkeep
|turn|15
|inactive|Kazt_5 has 120 seconds left.
|
|t:|1615181123
|move|p2a: Blacephalon|Shadow Ball|p1a: Uxie
|-supereffective|p1a: Uxie
|-damage|p1a: Uxie|20/100
|move|p1a: Uxie|Knock Off|p2a: Blacephalon
|-supereffective|p2a: Blacephalon
|-damage|p2a: Blacephalon|0 fnt
|-enditem|p2a: Blacephalon|Choice Specs|[from] move: Knock Off|[of] p1a: Uxie
|faint|p2a: Blacephalon
|
|-heal|p1a: Uxie|26/100|[from] item: Leftovers
|upkeep
|
|t:|1615181129
|switch|p2a: Latias|Latias, F|100/100
|turn|16
|c|☆Kazt_5|that was specs??? wow
|inactive|Kazt_5 has 120 seconds left.
|c| mf_salvador|go kazt go
|c| mf_salvador|uxie shreds
|
|t:|1615181155
|move|p2a: Latias|Agility|p2a: Latias
|-boost|p2a: Latias|spe|2
|move|p1a: Uxie|Yawn|p2a: Latias
|-start|p2a: Latias|move: Yawn|[of] p1a: Uxie
|
|-heal|p1a: Uxie|33/100|[from] item: Leftovers
|upkeep
|turn|17
|c| Kylerqaz|oh he sleep
|
|t:|1615181166
|switch|p2a: Klefki|Klefki, F|100/100
|switch|p1a: Latias|Latias, F|88/100
|-damage|p1a: Latias|76/100|[from] Stealth Rock
|
|upkeep
|turn|18
|c| mf_salvador|a... agility?
|
|t:|1615181175
|switch|p1a: Uxie|Uxie|33/100
|-damage|p1a: Uxie|20/100|[from] Stealth Rock
|move|p2a: Klefki|Calm Mind|p2a: Klefki
|-boost|p2a: Klefki|spa|1
|-boost|p2a: Klefki|spd|1
|
|-heal|p1a: Uxie|26/100|[from] item: Leftovers
|upkeep
|turn|19
|
|t:|1615181178
|move|p1a: Uxie|Yawn|p2a: Klefki
|-start|p2a: Klefki|move: Yawn|[of] p1a: Uxie
|move|p2a: Klefki|Draining Kiss|p1a: Uxie
|-damage|p1a: Uxie|15/100
|
|-heal|p1a: Uxie|21/100|[from] item: Leftovers
|upkeep
|turn|20
|inactive|Kazt_5 has 120 seconds left.
|
|t:|1615181189
|switch|p2a: Latias|Latias, F|100/100
|move|p1a: Uxie|Knock Off|p2a: Latias
|-supereffective|p2a: Latias
|-damage|p2a: Latias|63/100
|-enditem|p2a: Latias|Weakness Policy
|-boost|p2a: Latias|atk|2|[from] item: Weakness Policy
|-boost|p2a: Latias|spa|2|[from] item: Weakness Policy
|
|-heal|p1a: Uxie|27/100|[from] item: Leftovers
|upkeep
|turn|21
|
|t:|1615181194
|move|p2a: Latias|Dragon Pulse|p1a: Uxie
|-damage|p1a: Uxie|0 fnt
|faint|p1a: Uxie
|
|upkeep
|c| mf_salvador|uh oh
|c| mf_salvador|spaghettio
|j| AZN1♕
|c| HoldMySandwich|you activated his trap card
|c|☆Kazt_5|pretty much gg
|inactive|Kazt_5 has 120 seconds left.
|
|t:|1615181208
|switch|p1a: Quagsire|Quagsire, F|70/100
|-damage|p1a: Quagsire|64/100|[from] Stealth Rock
|turn|22
|c| Kylerqaz|weakness policy is my favorite item i swear
|c| mf_salvador|unaware quag
|inactive|Kazt_5 has 120 seconds left.
|
|t:|1615181218
|move|p1a: Quagsire|Protect|p1a: Quagsire
|-singleturn|p1a: Quagsire|Protect
|move|p2a: Latias|Agility|p2a: Latias
|-boost|p2a: Latias|spe|2
|
|-heal|p1a: Quagsire|70/100|[from] item: Leftovers
|upkeep
|turn|23
|c| HoldMySandwich|agility stored power?
|
|t:|1615181225
|move|p2a: Latias|Stored Power|p1a: Quagsire
|-damage|p1a: Quagsire|0 fnt
|faint|p1a: Quagsire
|
|upkeep
|
|t:|1615181230
|switch|p1a: Blacephalon|Blacephalon|100/100
|-damage|p1a: Blacephalon|76/100|[from] Stealth Rock
|turn|24
|c|☆8TeenNakedCowboys|gg
|
|t:|1615181234
|move|p2a: Latias|Dragon Pulse|p1a: Blacephalon
|-damage|p1a: Blacephalon|0 fnt
|faint|p1a: Blacephalon
|
|upkeep
|c| mf_salvador|weakness policy is one of those items that always works for my opponent and never works for me
|c|☆Kazt_5|shoutouts to the boys
|c| Kylerqaz|good night sweet prince
|
|t:|1615181242
|switch|p1a: Latias|Latias, F|76/100
|-damage|p1a: Latias|64/100|[from] Stealth Rock
|turn|25
|
|t:|1615181246
|move|p2a: Latias|Dragon Pulse|p1a: Latias
|-supereffective|p1a: Latias
|-damage|p1a: Latias|0 fnt
|faint|p1a: Latias
|
|win|8TeenNakedCowboys
|n|☆8TeenNakedCowboys|8teennakedcowboys
|n| NSXernos|nsxernos
|n| jmoore15|jmoore15
|n| BurlyBear_poke|burlybearpoke
|n| Kylerqaz|kylerqaz
|n| mf_salvador|mfsalvador
|n| HoldMySandwich|holdmysandwich
|n| RIPReckful|ripreckful
|n|☆Kazt_5|kazt5
|n| AZN1♕|azn1
