|raw|<div class="broadcast-blue"><strong>This battle is required to be public due to a player having a name starting with 'lt91bb'.</div>
|j|☆OUT Kazt
|j|☆LT91BB cuzzie
|t:|1659143117
|gametype|singles
|player|p1|OUT Kazt|acetrainersnowf|1664
|player|p2|LT91BB cuzzie|lusamine-nihilego|1812
|teamsize|p1|6
|teamsize|p2|6
|gen|8
|tier|[Gen 8] OU
|rated|
|rule|Sleep Clause Mod: Limit one foe put to sleep
|rule|Species Clause: Limit one of each Pokémon
|rule|OHKO Clause: OHKO moves are banned
|rule|Evasion Moves Clause: Evasion moves are banned
|rule|Endless Battle Clause: Forcing endless battles is banned
|rule|HP Percentage Mod: HP is shown in percentages
|rule|Dynamax Clause: You cannot dynamax
|clearpoke
|poke|p1|Heatran, M|
|poke|p1|Heracross, F|
|poke|p1|Landorus-Therian, M|
|poke|p1|Slowbro, M|
|poke|p1|Mandibuzz, F|
|poke|p1|Gengar, M|
|poke|p2|Weavile, F|
|poke|p2|Urshifu-*, F|
|poke|p2|Heatran, F|
|poke|p2|Tapu Bulu|
|poke|p2|Bisharp, F|
|poke|p2|Zapdos|
|teampreview
|inactive|Battle timer is ON: inactive players will automatically lose when time's up. (requested by LT91BB cuzzie)
|inactive|LT91BB cuzzie has 120 seconds left.
|
|t:|1659143155
|start
|switch|p1a: Heracross|Heracross, F|100/100
|switch|p2a: Bisharp|Bisharp, F|100/100
|turn|1
|
|t:|1659143162
|move|p1a: Heracross|Close Combat|p2a: Bisharp
|-supereffective|p2a: Bisharp
|-enditem|p2a: Bisharp|Focus Sash
|-damage|p2a: Bisharp|1/100
|-unboost|p1a: Heracross|def|1
|-unboost|p1a: Heracross|spd|1
|move|p2a: Bisharp|Thunder Wave|p1a: Heracross
|-status|p1a: Heracross|par
|
|upkeep
|turn|2
|
|t:|1659143166
|move|p2a: Bisharp|Iron Head|p1a: Heracross
|-damage|p1a: Heracross|1/100 par
|move|p1a: Heracross|Earthquake|p2a: Bisharp
|-supereffective|p2a: Bisharp
|-damage|p2a: Bisharp|0 fnt
|faint|p2a: Bisharp
|
|upkeep
|
|t:|1659143173
|switch|p2a: Urshifu|Urshifu-Rapid-Strike, F|100/100
|turn|3
|
|t:|1659143177
|switch|p1a: Slowbro|Slowbro, M|100/100
|move|p2a: Urshifu|U-turn|p1a: Slowbro
|-supereffective|p1a: Slowbro
|-damage|p1a: Slowbro|55/100
|-damage|p2a: Urshifu|84/100|[from] item: Rocky Helmet|[of] p1a: Slowbro
|
|t:|1659143184
|switch|p2a: Heatran|Heatran, F|100/100|[from]move: U-turn
|
|upkeep
|turn|4
|
|t:|1659143189
|move|p2a: Heatran|Solar Beam||[still]
|-prepare|p2a: Heatran|Solar Beam
|-enditem|p2a: Heatran|Power Herb
|-anim|p2a: Heatran|Solar Beam|p1a: Slowbro
|-supereffective|p1a: Slowbro
|-damage|p1a: Slowbro|0 fnt
|faint|p1a: Slowbro
|
|upkeep
|
|t:|1659143193
|switch|p1a: Landorus|Landorus-Therian, M|100/100
|-ability|p1a: Landorus|Intimidate|boost
|-unboost|p2a: Heatran|atk|1
|turn|5
|
|t:|1659143197
|switch|p2a: Zapdos|Zapdos|100/100
|move|p1a: Landorus|U-turn|p2a: Zapdos
|-resisted|p2a: Zapdos
|-damage|p2a: Zapdos|91/100
|
|t:|1659143200
|switch|p1a: Gengar|Gengar, M|100/100|[from]move: U-turn
|
|upkeep
|turn|6
|
|t:|1659143204
|switch|p2a: Tapu Bulu|Tapu Bulu|100/100
|-fieldstart|move: Grassy Terrain|[from] ability: Grassy Surge|[of] p2a: Tapu Bulu
|move|p1a: Gengar|Shadow Ball|p2a: Tapu Bulu
|-damage|p2a: Tapu Bulu|38/100
|
|-heal|p2a: Tapu Bulu|44/100|[from] Grassy Terrain
|upkeep
|turn|7
|
|t:|1659143214
|switch|p2a: Weavile|Weavile, F|100/100
|move|p1a: Gengar|Shadow Ball|p2a: Weavile
|-resisted|p2a: Weavile
|-damage|p2a: Weavile|66/100
|
|-heal|p2a: Weavile|72/100|[from] Grassy Terrain
|upkeep
|turn|8
|
|t:|1659143223
|switch|p1a: Heracross|Heracross, F|1/100 par
|move|p2a: Weavile|Knock Off|p1a: Heracross
|-resisted|p1a: Heracross
|-damage|p1a: Heracross|0 fnt
|-enditem|p1a: Heracross|Flame Orb|[from] move: Knock Off|[of] p2a: Weavile
|faint|p1a: Heracross
|
|-heal|p2a: Weavile|78/100|[from] Grassy Terrain
|upkeep
|
|t:|1659143229
|switch|p1a: Heatran|Heatran, M|100/100
|turn|9
|
|t:|1659143238
|switch|p2a: Urshifu|Urshifu-Rapid-Strike, F|84/100
|move|p1a: Heatran|Magma Storm|p2a: Urshifu
|-resisted|p2a: Urshifu
|-damage|p2a: Urshifu|50/100
|-activate|p2a: Urshifu|move: Magma Storm|[of] p1a: Heatran
|
|-heal|p2a: Urshifu|56/100|[from] Grassy Terrain
|-damage|p2a: Urshifu|44/100|[from] move: Magma Storm|[partiallytrapped]
|upkeep
|turn|10
|
|t:|1659143244
|switch|p1a: Mandibuzz|Mandibuzz, F|100/100
|move|p2a: Urshifu|Surging Strikes|p1a: Mandibuzz
|-crit|p1a: Mandibuzz
|-damage|p1a: Mandibuzz|82/100
|-crit|p1a: Mandibuzz
|-damage|p1a: Mandibuzz|65/100
|-crit|p1a: Mandibuzz
|-damage|p1a: Mandibuzz|48/100
|-hitcount|p1a: Mandibuzz|3
|
|-heal|p2a: Urshifu|50/100|[from] Grassy Terrain
|-end|p2a: Urshifu|Magma Storm|[partiallytrapped]|[silent]
|-fieldend|move: Grassy Terrain
|upkeep
|turn|11
|
|t:|1659143247
|move|p2a: Urshifu|Surging Strikes|p1a: Mandibuzz
|-crit|p1a: Mandibuzz
|-damage|p1a: Mandibuzz|30/100
|-crit|p1a: Mandibuzz
|-damage|p1a: Mandibuzz|14/100
|-crit|p1a: Mandibuzz
|-damage|p1a: Mandibuzz|0 fnt
|faint|p1a: Mandibuzz
|-hitcount|p1: Mandibuzz|3
|
|upkeep
|
|t:|1659143251
|switch|p1a: Gengar|Gengar, M|100/100
|turn|12
|
|t:|1659143256
|switch|p2a: Tapu Bulu|Tapu Bulu|44/100
|-fieldstart|move: Grassy Terrain|[from] ability: Grassy Surge|[of] p2a: Tapu Bulu
|move|p1a: Gengar|Shadow Ball|p2a: Tapu Bulu
|-damage|p2a: Tapu Bulu|0 fnt
|faint|p2a: Tapu Bulu
|
|upkeep
|
|t:|1659143260
|switch|p2a: Weavile|Weavile, F|78/100
|turn|13
|
|t:|1659143263
|switch|p1a: Heatran|Heatran, M|100/100
|move|p2a: Weavile|Knock Off|p1a: Heatran
|-damage|p1a: Heatran|55/100
|-enditem|p1a: Heatran|Leftovers|[from] move: Knock Off|[of] p2a: Weavile
|
|-heal|p2a: Weavile|84/100|[from] Grassy Terrain
|-heal|p1a: Heatran|62/100|[from] Grassy Terrain
|upkeep
|turn|14
|
|t:|1659143270
|switch|p2a: Heatran|Heatran, F|100/100
|move|p1a: Heatran|Stealth Rock|p2a: Heatran
|-sidestart|p2: LT91BB cuzzie|move: Stealth Rock
|
|-heal|p1a: Heatran|68/100|[from] Grassy Terrain
|upkeep
|turn|15
|
|t:|1659143277
|move|p2a: Heatran|Magma Storm|p1a: Heatran
|-start|p1a: Heatran|ability: Flash Fire
|move|p1a: Heatran|Earth Power|p2a: Heatran
|-supereffective|p2a: Heatran
|-damage|p2a: Heatran|0 fnt
|faint|p2a: Heatran
|
|-heal|p1a: Heatran|74/100|[from] Grassy Terrain
|upkeep
|
|t:|1659143280
|switch|p2a: Urshifu|Urshifu-Rapid-Strike, F|50/100
|-damage|p2a: Urshifu|44/100|[from] Stealth Rock
|turn|16
|
|t:|1659143293
|move|p2a: Urshifu|Surging Strikes|p1a: Heatran
|-supereffective|p1a: Heatran
|-crit|p1a: Heatran
|-damage|p1a: Heatran|23/100
|-supereffective|p1a: Heatran
|-crit|p1a: Heatran
|-damage|p1a: Heatran|0 fnt
|faint|p1a: Heatran
|-hitcount|p1: Heatran|2
|
|-heal|p2a: Urshifu|50/100|[from] Grassy Terrain
|-fieldend|move: Grassy Terrain
|upkeep
|
|t:|1659143295
|switch|p1a: Gengar|Gengar, M|100/100
|turn|17
|c|☆LT91BB cuzzie|?
|c|☆LT91BB cuzzie|weavile wins now
|
|t:|1659143304
|switch|p2a: Zapdos|Zapdos|91/100
|move|p1a: Gengar|Sludge Wave|p2a: Zapdos
|-damage|p2a: Zapdos|14/100
|-status|p2a: Zapdos|psn
|
|-damage|p2a: Zapdos|2/100 psn|[from] psn
|upkeep
|turn|18
|
|t:|1659143308
|move|p1a: Gengar|Sludge Wave|p2a: Zapdos
|-damage|p2a: Zapdos|0 fnt
|faint|p2a: Zapdos
|
|upkeep
|
|t:|1659143311
|switch|p2a: Weavile|Weavile, F|84/100
|turn|19
|
|t:|1659143314
|move|p1a: Gengar|Sludge Wave|p2a: Weavile
|-damage|p2a: Weavile|0 fnt
|faint|p2a: Weavile
|
|upkeep
|c|☆LT91BB cuzzie|jk
|c|☆LT91BB cuzzie|im slow as shit
|c|☆LT91BB cuzzie|lmfaoo
|c|☆LT91BB cuzzie|gg
|-message|LT91BB cuzzie forfeited.
|
|win|OUT Kazt
|raw|OUT Kazt's rating: 1664 &rarr; <strong>1692</strong><br />(+28 for winning)
|raw|LT91BB cuzzie's rating: 1812 &rarr; <strong>1784</strong><br />(-28 for losing)
|l|☆LT91BB cuzzie
