|j|☆demgeilem
|j|☆Stalladin
|t:|1667989912
|gametype|singles
|player|p1|demgeilem|ethan-masters|1558
|player|p2|Stalladin|102|1630
|teamsize|p1|6
|teamsize|p2|6
|gen|8
|tier|[Gen 8] OU
|rated|
|rule|Sleep Clause Mod: Limit one foe put to sleep
|rule|Species Clause: Limit one of each Pokémon
|rule|OHKO Clause: OHKO moves are banned
|rule|Evasion Items Clause: Evasion items are banned
|rule|Evasion Moves Clause: Evasion moves are banned
|rule|Endless Battle Clause: Forcing endless battles is banned
|rule|HP Percentage Mod: HP is shown in percentages
|rule|Dynamax Clause: You cannot dynamax
|clearpoke
|poke|p1|Melmetal|
|poke|p1|Dragapult, F|
|poke|p1|Slowbro, M|
|poke|p1|Clefable, F|
|poke|p1|Landorus-Therian, M|
|poke|p1|Buzzwole|
|poke|p2|Hatterene, F|
|poke|p2|Heliolisk, M|
|poke|p2|Barraskewda, F|
|poke|p2|Zapdos|
|poke|p2|Tangrowth, F|
|poke|p2|Pelipper, F|
|teampreview
|inactive|Battle timer is ON: inactive players will automatically lose when time's up. (requested by Stalladin)
|
|t:|1667989930
|start
|switch|p1a: Melmetal|Melmetal|100/100
|switch|p2a: Pelipper|Pelipper, F|100/100
|-weather|RainDance|[from] ability: Drizzle|[of] p2a: Pelipper
|turn|1
|
|t:|1667989940
|switch|p2a: Tangrowth|Tangrowth, F|100/100
|move|p1a: Melmetal|Double Iron Bash|p2a: Tangrowth
|-crit|p2a: Tangrowth
|-damage|p2a: Tangrowth|44/100
|-damage|p1a: Melmetal|84/100|[from] item: Rocky Helmet|[of] p2a: Tangrowth
|-damage|p2a: Tangrowth|12/100
|-damage|p1a: Melmetal|68/100|[from] item: Rocky Helmet|[of] p2a: Tangrowth
|-hitcount|p2a: Tangrowth|2
|
|-weather|RainDance|[upkeep]
|upkeep
|turn|2
|
|t:|1667989949
|switch|p2a: Zapdos|Zapdos|100/100
|move|p1a: Melmetal|Double Iron Bash|p2a: Zapdos
|-resisted|p2a: Zapdos
|-damage|p2a: Zapdos|63/100
|-resisted|p2a: Zapdos
|-damage|p2a: Zapdos|23/100
|-hitcount|p2a: Zapdos|2
|
|-weather|RainDance|[upkeep]
|upkeep
|turn|3
|
|t:|1667989961
|switch|p1a: Clefable|Clefable, F|100/100
|move|p2a: Zapdos|Weather Ball|p1a: Clefable
|-damage|p1a: Clefable|44/100
|
|-weather|RainDance|[upkeep]
|-heal|p1a: Clefable|50/100|[from] item: Leftovers
|upkeep
|turn|4
|
|t:|1667989975
|move|p2a: Zapdos|Weather Ball|p1a: Clefable
|-damage|p1a: Clefable|0 fnt
|faint|p1a: Clefable
|
|-weather|RainDance|[upkeep]
|upkeep
|
|t:|1667989977
|switch|p1a: Dragapult|Dragapult, F|100/100
|turn|5
|
|t:|1667989988
|switch|p2a: Heliolisk|Heliolisk, M|100/100
|move|p1a: Dragapult|Draco Meteor|p2a: Heliolisk
|-damage|p2a: Heliolisk|17/100
|-unboost|p1a: Dragapult|spa|2
|
|-weather|RainDance|[upkeep]
|-heal|p2a: Heliolisk|29/100|[from] ability: Dry Skin
|upkeep
|turn|6
|
|t:|1667989998
|move|p1a: Dragapult|Draco Meteor|p2a: Heliolisk
|-damage|p2a: Heliolisk|0 fnt
|-unboost|p1a: Dragapult|spa|2
|faint|p2a: Heliolisk
|
|-weather|RainDance|[upkeep]
|upkeep
|
|t:|1667990001
|switch|p2a: Barraskewda|Barraskewda, F|100/100
|turn|7
|
|t:|1667990004
|switch|p1a: Slowbro|Slowbro, M, shiny|100/100
|move|p2a: Barraskewda|Flip Turn|p1a: Slowbro
|-resisted|p1a: Slowbro
|-damage|p1a: Slowbro|78/100
|-damage|p2a: Barraskewda|84/100|[from] item: Rocky Helmet|[of] p1a: Slowbro
|
|t:|1667990011
|switch|p2a: Zapdos|Zapdos|23/100|[from]move: Flip Turn
|
|-weather|RainDance|[upkeep]
|upkeep
|turn|8
|
|t:|1667990023
|switch|p1a: Landorus|Landorus-Therian, M|100/100
|-ability|p1a: Landorus|Intimidate|boost
|-unboost|p2a: Zapdos|atk|1
|move|p2a: Zapdos|Thunder|p1a: Landorus
|-immune|p1a: Landorus
|
|-weather|none
|upkeep
|turn|9
|
|t:|1667990033
|switch|p2a: Hatterene|Hatterene, F|100/100
|move|p1a: Landorus|U-turn|p2a: Hatterene
|-damage|p2a: Hatterene|83/100
|
|t:|1667990037
|switch|p1a: Melmetal|Melmetal|68/100|[from]move: U-turn
|
|-heal|p2a: Hatterene|89/100|[from] item: Leftovers
|upkeep
|turn|10
|
|t:|1667990040
|switch|p2a: Pelipper|Pelipper, F|100/100
|-weather|RainDance|[from] ability: Drizzle|[of] p2a: Pelipper
|move|p1a: Melmetal|Double Iron Bash|p2a: Pelipper
|-resisted|p2a: Pelipper
|-damage|p2a: Pelipper|76/100
|-resisted|p2a: Pelipper
|-crit|p2a: Pelipper
|-damage|p2a: Pelipper|38/100
|-hitcount|p2a: Pelipper|2
|
|-weather|RainDance|[upkeep]
|upkeep
|turn|11
|
|t:|1667990050
|switch|p2a: Tangrowth|Tangrowth, F|45/100
|switch|p1a: Slowbro|Slowbro, M, shiny|100/100
|
|-weather|RainDance|[upkeep]
|upkeep
|turn|12
|
|t:|1667990058
|switch|p1a: Landorus|Landorus-Therian, M|100/100
|-ability|p1a: Landorus|Intimidate|boost
|-unboost|p2a: Tangrowth|atk|1
|move|p2a: Tangrowth|Giga Drain|p1a: Landorus
|-damage|p1a: Landorus|80/100
|-heal|p2a: Tangrowth|55/100|[from] drain|[of] p1a: Landorus
|
|-weather|RainDance|[upkeep]
|-heal|p1a: Landorus|86/100|[from] item: Leftovers
|upkeep
|turn|13
|
|t:|1667990072
|move|p1a: Landorus|Knock Off|p2a: Tangrowth
|-crit|p2a: Tangrowth
|-damage|p2a: Tangrowth|30/100
|-damage|p1a: Landorus|70/100|[from] item: Rocky Helmet|[of] p2a: Tangrowth
|-enditem|p2a: Tangrowth|Rocky Helmet|[from] move: Knock Off|[of] p1a: Landorus
|move|p2a: Tangrowth|Knock Off|p1a: Landorus
|-damage|p1a: Landorus|56/100
|-enditem|p1a: Landorus|Leftovers|[from] move: Knock Off|[of] p2a: Tangrowth
|
|-weather|RainDance|[upkeep]
|upkeep
|turn|14
|
|t:|1667990081
|switch|p2a: Hatterene|Hatterene, F|89/100
|move|p1a: Landorus|U-turn|p2a: Hatterene
|-damage|p2a: Hatterene|71/100
|
|t:|1667990084
|switch|p1a: Melmetal|Melmetal|68/100|[from]move: U-turn
|
|-weather|RainDance|[upkeep]
|-heal|p2a: Hatterene|77/100|[from] item: Leftovers
|upkeep
|turn|15
|
|t:|1667990091
|switch|p2a: Tangrowth|Tangrowth, F|64/100
|move|p1a: Melmetal|Double Iron Bash|p2a: Tangrowth
|-damage|p2a: Tangrowth|31/100
|-damage|p2a: Tangrowth|0 fnt
|faint|p2a: Tangrowth
|-hitcount|p2: Tangrowth|2
|
|-weather|RainDance|[upkeep]
|upkeep
|
|t:|1667990097
|switch|p2a: Barraskewda|Barraskewda, F|84/100
|turn|16
|
|t:|1667990101
|switch|p1a: Slowbro|Slowbro, M, shiny|100/100
|move|p2a: Barraskewda|Flip Turn|p1a: Slowbro
|-resisted|p1a: Slowbro
|-damage|p1a: Slowbro|77/100
|-damage|p2a: Barraskewda|68/100|[from] item: Rocky Helmet|[of] p1a: Slowbro
|
|t:|1667990107
|switch|p2a: Zapdos|Zapdos|23/100|[from]move: Flip Turn
|
|-weather|RainDance|[upkeep]
|upkeep
|turn|17
|
|t:|1667990112
|switch|p1a: Landorus|Landorus-Therian, M|56/100
|-ability|p1a: Landorus|Intimidate|boost
|-unboost|p2a: Zapdos|atk|1
|move|p2a: Zapdos|Hurricane|p1a: Landorus
|-damage|p1a: Landorus|0 fnt
|faint|p1a: Landorus
|
|-weather|none
|upkeep
|
|t:|1667990123
|switch|p1a: Dragapult|Dragapult, F|100/100
|turn|18
|
|t:|1667990126
|switch|p2a: Pelipper|Pelipper, F|38/100
|-weather|RainDance|[from] ability: Drizzle|[of] p2a: Pelipper
|move|p1a: Dragapult|Shadow Ball|p2a: Pelipper
|-damage|p2a: Pelipper|0 fnt
|faint|p2a: Pelipper
|
|-weather|RainDance|[upkeep]
|upkeep
|
|t:|1667990133
|switch|p2a: Barraskewda|Barraskewda, F|68/100
|turn|19
|
|t:|1667990136
|switch|p1a: Slowbro|Slowbro, M, shiny|100/100
|move|p2a: Barraskewda|Flip Turn|p1a: Slowbro
|-resisted|p1a: Slowbro
|-damage|p1a: Slowbro|80/100
|-damage|p2a: Barraskewda|51/100|[from] item: Rocky Helmet|[of] p1a: Slowbro
|
|t:|1667990139
|switch|p2a: Zapdos|Zapdos|23/100|[from]move: Flip Turn
|
|-weather|RainDance|[upkeep]
|upkeep
|turn|20
|
|t:|1667990164
|switch|p1a: Melmetal|Melmetal|68/100
|move|p2a: Zapdos|Thunder|p1a: Melmetal
|-damage|p1a: Melmetal|0 fnt
|faint|p1a: Melmetal
|
|-weather|RainDance|[upkeep]
|upkeep
|
|t:|1667990170
|switch|p1a: Dragapult|Dragapult, F|100/100
|turn|21
|
|t:|1667990172
|switch|p2a: Hatterene|Hatterene, F|77/100
|move|p1a: Dragapult|Shadow Ball|p2a: Hatterene
|-supereffective|p2a: Hatterene
|-damage|p2a: Hatterene|0 fnt
|faint|p2a: Hatterene
|
|-weather|RainDance|[upkeep]
|upkeep
|
|t:|1667990178
|switch|p2a: Barraskewda|Barraskewda, F|51/100
|turn|22
|
|t:|1667990182
|switch|p1a: Slowbro|Slowbro, M, shiny|100/100
|move|p2a: Barraskewda|Liquidation|p1a: Slowbro
|-resisted|p1a: Slowbro
|-crit|p1a: Slowbro
|-damage|p1a: Slowbro|56/100
|-unboost|p1a: Slowbro|def|1
|-damage|p2a: Barraskewda|35/100|[from] item: Rocky Helmet|[of] p1a: Slowbro
|
|-weather|RainDance|[upkeep]
|upkeep
|turn|23
|
|t:|1667990199
|move|p2a: Barraskewda|Liquidation|p1a: Slowbro
|-resisted|p1a: Slowbro
|-damage|p1a: Slowbro|6/100
|-damage|p2a: Barraskewda|19/100|[from] item: Rocky Helmet|[of] p1a: Slowbro
|move|p1a: Slowbro|Scald|p2a: Barraskewda
|-resisted|p2a: Barraskewda
|-damage|p2a: Barraskewda|0 fnt
|faint|p2a: Barraskewda
|
|-weather|RainDance|[upkeep]
|upkeep
|
|t:|1667990221
|switch|p2a: Zapdos|Zapdos|23/100
|turn|24
|
|t:|1667990226
|move|p2a: Zapdos|Hurricane|p1a: Slowbro
|-damage|p1a: Slowbro|0 fnt
|faint|p1a: Slowbro
|
|-weather|RainDance|[upkeep]
|upkeep
|
|t:|1667990228
|switch|p1a: Dragapult|Dragapult, F|100/100
|turn|25
|
|t:|1667990230
|move|p1a: Dragapult|Shadow Ball|p2a: Zapdos
|-damage|p2a: Zapdos|0 fnt
|faint|p2a: Zapdos
|
|win|demgeilem
|raw|demgeilem's rating: 1558 &rarr; <strong>1582</strong><br />(+24 for winning)
|raw|Stalladin's rating: 1630 &rarr; <strong>1606</strong><br />(-24 for losing)
|l|☆Stalladin
