|j|☆RETURN NIRVANA
|j|☆pointe de l'aube
|inactive|Battle timer is ON: inactive players will automatically lose when time's up.
|t:|1650530192
|gametype|singles
|player|p1|RETURN NIRVANA|gambler-gen1|
|player|p2|pointe de l'aube|dawn|
|teamsize|p1|6
|teamsize|p2|6
|gen|8
|tier|[Gen 8] OU
|rated|Tournament battle
|rule|Sleep Clause Mod: Limit one foe put to sleep
|rule|Species Clause: Limit one of each Pokémon
|rule|OHKO Clause: OHKO moves are banned
|rule|Evasion Moves Clause: Evasion moves are banned
|rule|Endless Battle Clause: Forcing endless battles is banned
|rule|HP Percentage Mod: HP is shown in percentages
|rule|Dynamax Clause: You cannot dynamax
|clearpoke
|poke|p1|Landorus-Therian, M|
|poke|p1|Pelipper, F|
|poke|p1|Omastar, M|
|poke|p1|Nihilego|
|poke|p1|Tornadus-Therian, M|
|poke|p1|Ferrothorn, F|
|poke|p2|Ferrothorn, M|
|poke|p2|Tornadus-Therian, M|
|poke|p2|Excadrill, M|
|poke|p2|Tyranitar, M|
|poke|p2|Nidoking, M|
|poke|p2|Slowbro, M|
|teampreview
|inactive|pointe de l'aube also wants the timer to be on.
|j| Prince Zenaku
|c|☆pointe de l'aube|hf
|c|☆pointe de l'aube|cool team
|c|☆RETURN NIRVANA|u2
|j| faunazon
|
|t:|1650530215
|start
|switch|p1a: Tornadus|Tornadus-Therian, M|100/100
|switch|p2a: Boréas|Tornadus-Therian, M|100/100
|turn|1
|
|t:|1650530222
|move|p2a: Boréas|Knock Off|p1a: Tornadus
|-damage|p1a: Tornadus|78/100
|-enditem|p1a: Tornadus|Assault Vest|[from] move: Knock Off|[of] p2a: Boréas
|move|p1a: Tornadus|Knock Off|p2a: Boréas
|-damage|p2a: Boréas|82/100
|-enditem|p2a: Boréas|Heavy-Duty Boots|[from] move: Knock Off|[of] p1a: Tornadus
|
|upkeep
|turn|2
|
|t:|1650530227
|move|p2a: Boréas|Toxic|p1a: Tornadus
|-status|p1a: Tornadus|tox
|move|p1a: Tornadus|U-turn|p2a: Boréas
|-resisted|p2a: Boréas
|-damage|p2a: Boréas|75/100
|
|t:|1650530230
|switch|p1a: Nihilego|Nihilego|100/100|[from]move: U-turn
|
|upkeep
|turn|3
|
|t:|1650530235
|switch|p1a: Landorus|Landorus-Therian, M|100/100
|-ability|p1a: Landorus|Intimidate|boost
|-unboost|p2a: Boréas|atk|1
|move|p2a: Boréas|U-turn|p1a: Landorus
|-resisted|p1a: Landorus
|-damage|p1a: Landorus|95/100
|
|t:|1650530238
|switch|p2a: Nidoking|Nidoking, M|100/100|[from]move: U-turn
|
|-heal|p1a: Landorus|100/100|[from] item: Leftovers
|upkeep
|turn|4
|j| therealregal
|
|t:|1650530244
|switch|p1a: Ferrothorn|Ferrothorn, F|100/100
|move|p2a: Nidoking|Ice Beam|p1a: Ferrothorn
|-damage|p1a: Ferrothorn|69/100
|
|upkeep
|turn|5
|
|t:|1650530248
|switch|p1a: Tornadus|Tornadus-Therian, M|100/100 tox
|move|p2a: Nidoking|Flamethrower|p1a: Tornadus
|-damage|p1a: Tornadus|62/100 tox
|
|-damage|p1a: Tornadus|56/100 tox|[from] psn
|upkeep
|turn|6
|
|t:|1650530251
|move|p1a: Tornadus|Hurricane|p2a: Nidoking
|-damage|p2a: Nidoking|37/100
|-start|p2a: Nidoking|confusion
|-activate|p2a: Nidoking|confusion
|move|p2a: Nidoking|Ice Beam|p1a: Tornadus
|-supereffective|p1a: Tornadus
|-damage|p1a: Tornadus|0 fnt
|faint|p1a: Tornadus
|
|upkeep
|
|t:|1650530254
|switch|p1a: Nihilego|Nihilego|100/100
|turn|7
|
|t:|1650530260
|switch|p2a: Minotaupe|Excadrill, M|100/100
|move|p1a: Nihilego|Meteor Beam||[still]
|-prepare|p1a: Nihilego|Meteor Beam
|-boost|p1a: Nihilego|spa|1
|-enditem|p1a: Nihilego|Power Herb
|-anim|p1a: Nihilego|Meteor Beam|p2a: Minotaupe
|-resisted|p2a: Minotaupe
|-damage|p2a: Minotaupe|71/100
|
|-heal|p2a: Minotaupe|77/100|[from] item: Leftovers
|upkeep
|turn|8
|
|t:|1650530266
|switch|p1a: Pelipper|Pelipper, F, shiny|100/100
|-weather|RainDance|[from] ability: Drizzle|[of] p1a: Pelipper
|move|p2a: Minotaupe|Earthquake|p1a: Pelipper
|-immune|p1a: Pelipper
|
|-weather|RainDance|[upkeep]
|-heal|p2a: Minotaupe|83/100|[from] item: Leftovers
|upkeep
|turn|9
|
|t:|1650530273
|switch|p2a: Tyranocif|Tyranitar, M|100/100
|-weather|Sandstorm|[from] ability: Sand Stream|[of] p2a: Tyranocif
|move|p1a: Pelipper|Hydro Pump|p2a: Tyranocif
|-supereffective|p2a: Tyranocif
|-damage|p2a: Tyranocif|43/100
|
|-weather|Sandstorm|[upkeep]
|-damage|p1a: Pelipper|94/100|[from] Sandstorm
|-heal|p2a: Tyranocif|49/100|[from] item: Leftovers
|upkeep
|turn|10
|
|t:|1650530277
|switch|p1a: Ferrothorn|Ferrothorn, F|69/100
|switch|p2a: Flagadoss|Slowbro, M|100/100
|
|-weather|Sandstorm|[upkeep]
|-damage|p2a: Flagadoss|94/100|[from] Sandstorm
|upkeep
|turn|11
|
|t:|1650530279
|move|p1a: Ferrothorn|Stealth Rock|p2a: Flagadoss
|-sidestart|p2: pointe de l'aube|move: Stealth Rock
|move|p2a: Flagadoss|Teleport|p2a: Flagadoss
|
|t:|1650530283
|switch|p2a: Nidoking|Nidoking, M|37/100|[from]move: Teleport
|-damage|p2a: Nidoking|31/100|[from] Stealth Rock
|
|-weather|Sandstorm|[upkeep]
|upkeep
|turn|12
|
|t:|1650530288
|switch|p1a: Pelipper|Pelipper, F, shiny|94/100
|-weather|RainDance|[from] ability: Drizzle|[of] p1a: Pelipper
|move|p2a: Nidoking|Flamethrower|p1a: Pelipper
|-resisted|p1a: Pelipper
|-damage|p1a: Pelipper|76/100
|
|-weather|RainDance|[upkeep]
|upkeep
|turn|13
|j| mangoes crazy
|
|t:|1650530290
|switch|p1a: Omastar|Omastar, M, shiny|100/100
|move|p2a: Nidoking|Sludge Wave|p1a: Omastar
|-resisted|p1a: Omastar
|-damage|p1a: Omastar|53/100
|
|-weather|RainDance|[upkeep]
|upkeep
|turn|14
|
|t:|1650530294
|switch|p2a: Noacier|Ferrothorn, M|100/100
|-damage|p2a: Noacier|95/100|[from] Stealth Rock
|move|p1a: Omastar|Surf|p2a: Noacier
|-resisted|p2a: Noacier
|-damage|p2a: Noacier|67/100
|
|-weather|RainDance|[upkeep]
|-heal|p2a: Noacier|73/100|[from] item: Leftovers
|upkeep
|turn|15
|
|t:|1650530298
|switch|p1a: Ferrothorn|Ferrothorn, F|69/100
|move|p2a: Noacier|Gyro Ball|p1a: Ferrothorn
|-resisted|p1a: Ferrothorn
|-damage|p1a: Ferrothorn|65/100
|-damage|p2a: Noacier|60/100|[from] ability: Iron Barbs|[of] p1a: Ferrothorn
|
|-weather|RainDance|[upkeep]
|-heal|p2a: Noacier|66/100|[from] item: Leftovers
|upkeep
|turn|16
|
|t:|1650530301
|move|p1a: Ferrothorn|Body Press|p2a: Noacier
|-supereffective|p2a: Noacier
|-damage|p2a: Noacier|29/100
|-damage|p1a: Ferrothorn|52/100|[from] ability: Iron Barbs|[of] p2a: Noacier
|move|p2a: Noacier|Knock Off|p1a: Ferrothorn
|-damage|p1a: Ferrothorn|41/100
|-damage|p2a: Noacier|16/100|[from] ability: Iron Barbs|[of] p1a: Ferrothorn
|-enditem|p1a: Ferrothorn|Chople Berry|[from] move: Knock Off|[of] p2a: Noacier
|
|-weather|none
|-heal|p2a: Noacier|22/100|[from] item: Leftovers
|upkeep
|turn|17
|
|t:|1650530306
|move|p1a: Ferrothorn|Knock Off|p2a: Noacier
|-crit|p2a: Noacier
|-damage|p2a: Noacier|4/100
|-damage|p1a: Ferrothorn|29/100|[from] ability: Iron Barbs|[of] p2a: Noacier
|-enditem|p2a: Noacier|Leftovers|[from] move: Knock Off|[of] p1a: Ferrothorn
|move|p2a: Noacier|Spikes|p1a: Ferrothorn
|-sidestart|p1: RETURN NIRVANA|Spikes
|
|upkeep
|turn|18
|
|t:|1650530311
|move|p1a: Ferrothorn|Knock Off|p2a: Noacier
|-damage|p2a: Noacier|0 fnt
|-damage|p1a: Ferrothorn|16/100|[from] ability: Iron Barbs|[of] p2a: Noacier
|faint|p2a: Noacier
|
|upkeep
|
|t:|1650530313
|switch|p2a: Minotaupe|Excadrill, M|83/100
|-damage|p2a: Minotaupe|80/100|[from] Stealth Rock
|turn|19
|
|t:|1650530318
|switch|p1a: Landorus|Landorus-Therian, M|100/100
|-ability|p1a: Landorus|Intimidate|boost
|-unboost|p2a: Minotaupe|atk|1
|move|p2a: Minotaupe|Earthquake|p1a: Landorus
|-immune|p1a: Landorus
|
|-heal|p2a: Minotaupe|86/100|[from] item: Leftovers
|upkeep
|turn|20
|
|t:|1650530321
|switch|p2a: Flagadoss|Slowbro, M|100/100
|switch|p1a: Pelipper|Pelipper, F, shiny|76/100
|-weather|RainDance|[from] ability: Drizzle|[of] p1a: Pelipper
|
|-weather|RainDance|[upkeep]
|upkeep
|turn|21
|
|t:|1650530325
|move|p1a: Pelipper|Hurricane|p2a: Flagadoss
|-damage|p2a: Flagadoss|27/100
|move|p2a: Flagadoss|Teleport|p2a: Flagadoss
|
|t:|1650530329
|switch|p2a: Tyranocif|Tyranitar, M|49/100|[from]move: Teleport
|-damage|p2a: Tyranocif|36/100|[from] Stealth Rock
|-weather|Sandstorm|[from] ability: Sand Stream|[of] p2a: Tyranocif
|
|-weather|Sandstorm|[upkeep]
|-damage|p1a: Pelipper|70/100|[from] Sandstorm
|-heal|p2a: Tyranocif|43/100|[from] item: Leftovers
|upkeep
|turn|22
|
|t:|1650530333
|switch|p1a: Landorus|Landorus-Therian, M|100/100
|-ability|p1a: Landorus|Intimidate|boost
|-unboost|p2a: Tyranocif|atk|1
|move|p2a: Tyranocif|Stealth Rock|p1a: Landorus
|-sidestart|p1: RETURN NIRVANA|move: Stealth Rock
|
|-weather|Sandstorm|[upkeep]
|-heal|p2a: Tyranocif|49/100|[from] item: Leftovers
|upkeep
|turn|23
|
|t:|1650530337
|switch|p2a: Boréas|Tornadus-Therian, M|100/100
|-damage|p2a: Boréas|76/100|[from] Stealth Rock
|move|p1a: Landorus|Defog|p2a: Boréas
|-unboost|p2a: Boréas|evasion|1
|-sideend|p2: pointe de l'aube|Stealth Rock|[from] move: Defog|[of] p1a: Landorus
|-sideend|p1: RETURN NIRVANA|Spikes|[from] move: Defog|[of] p1a: Landorus
|-sideend|p1: RETURN NIRVANA|Stealth Rock|[from] move: Defog|[of] p1a: Landorus
|
|-weather|Sandstorm|[upkeep]
|-damage|p2a: Boréas|70/100|[from] Sandstorm
|upkeep
|turn|24
|
|t:|1650530344
|switch|p1a: Nihilego|Nihilego|100/100
|move|p2a: Boréas|Knock Off|p1a: Nihilego
|-damage|p1a: Nihilego|79/100
|
|-weather|Sandstorm|[upkeep]
|-damage|p2a: Boréas|63/100|[from] Sandstorm
|upkeep
|turn|25
|
|t:|1650530350
|switch|p2a: Minotaupe|Excadrill, M|86/100
|move|p1a: Nihilego|Dazzling Gleam|p2a: Minotaupe
|-resisted|p2a: Minotaupe
|-damage|p2a: Minotaupe|70/100
|
|-weather|none
|-heal|p2a: Minotaupe|76/100|[from] item: Leftovers
|upkeep
|turn|26
|
|t:|1650530354
|switch|p2a: Nidoking|Nidoking, M|31/100
|move|p1a: Nihilego|Power Gem|p2a: Nidoking
|-resisted|p2a: Nidoking
|-damage|p2a: Nidoking|1/100
|
|upkeep
|turn|27
|
|t:|1650530358
|switch|p2a: Minotaupe|Excadrill, M|76/100
|move|p1a: Nihilego|Dazzling Gleam|p2a: Minotaupe
|-resisted|p2a: Minotaupe
|-damage|p2a: Minotaupe|57/100
|
|-heal|p2a: Minotaupe|63/100|[from] item: Leftovers
|upkeep
|turn|28
|
|t:|1650530361
|switch|p1a: Landorus|Landorus-Therian, M|100/100
|-ability|p1a: Landorus|Intimidate|boost
|-unboost|p2a: Minotaupe|atk|1
|switch|p2a: Nidoking|Nidoking, M|1/100
|
|upkeep
|turn|29
|j| Lil Tic
|
|t:|1650530364
|switch|p1a: Nihilego|Nihilego|79/100
|move|p2a: Nidoking|Ice Beam|p1a: Nihilego
|-damage|p1a: Nihilego|50/100
|
|upkeep
|turn|30
|
|t:|1650530366
|switch|p1a: Pelipper|Pelipper, F, shiny|70/100
|-weather|RainDance|[from] ability: Drizzle|[of] p1a: Pelipper
|switch|p2a: Minotaupe|Excadrill, M|63/100
|
|-weather|RainDance|[upkeep]
|-heal|p2a: Minotaupe|69/100|[from] item: Leftovers
|upkeep
|turn|31
|j| Grand Empress
|
|t:|1650530370
|switch|p2a: Flagadoss|Slowbro, M|60/100
|move|p1a: Pelipper|Hydro Pump|p2a: Flagadoss
|-resisted|p2a: Flagadoss
|-damage|p2a: Flagadoss|9/100
|
|-weather|RainDance|[upkeep]
|upkeep
|turn|32
|
|t:|1650530379
|switch|p2a: Boréas|Tornadus-Therian, M|97/100
|move|p1a: Pelipper|Hydro Pump|p2a: Boréas
|-damage|p2a: Boréas|0 fnt
|faint|p2a: Boréas
|
|-weather|RainDance|[upkeep]
|upkeep
|
|t:|1650530382
|switch|p2a: Nidoking|Nidoking, M|1/100
|turn|33
|
|t:|1650530386
|switch|p1a: Nihilego|Nihilego|50/100
|move|p2a: Nidoking|Earth Power|p1a: Nihilego
|-supereffective|p1a: Nihilego
|-damage|p1a: Nihilego|0 fnt
|faint|p1a: Nihilego
|
|-weather|RainDance|[upkeep]
|upkeep
|
|t:|1650530388
|switch|p1a: Omastar|Omastar, M, shiny|53/100
|turn|34
|
|t:|1650530392
|switch|p2a: Tyranocif|Tyranitar, M|49/100
|-weather|Sandstorm|[from] ability: Sand Stream|[of] p2a: Tyranocif
|move|p1a: Omastar|Surf|p2a: Tyranocif
|-supereffective|p2a: Tyranocif
|-damage|p2a: Tyranocif|10/100
|
|-weather|Sandstorm|[upkeep]
|-heal|p2a: Tyranocif|16/100|[from] item: Leftovers
|upkeep
|turn|35
|j| Echo2615
|
|t:|1650530399
|move|p1a: Omastar|Earth Power|p2a: Tyranocif
|-supereffective|p2a: Tyranocif
|-damage|p2a: Tyranocif|0 fnt
|faint|p2a: Tyranocif
|
|-weather|Sandstorm|[upkeep]
|upkeep
|j| Pyramid King Pat
|
|t:|1650530408
|switch|p2a: Nidoking|Nidoking, M|1/100
|turn|36
|
|t:|1650530411
|switch|p1a: Pelipper|Pelipper, F, shiny|70/100
|-weather|RainDance|[from] ability: Drizzle|[of] p1a: Pelipper
|move|p2a: Nidoking|Sludge Wave|p1a: Pelipper
|-damage|p1a: Pelipper|0 fnt
|faint|p1a: Pelipper
|
|-weather|RainDance|[upkeep]
|upkeep
|
|t:|1650530412
|switch|p1a: Omastar|Omastar, M, shiny|53/100
|turn|37
|
|t:|1650530418
|switch|p2a: Minotaupe|Excadrill, M|69/100
|move|p1a: Omastar|Surf|p2a: Minotaupe
|-supereffective|p2a: Minotaupe
|-damage|p2a: Minotaupe|0 fnt
|faint|p2a: Minotaupe
|
|-weather|RainDance|[upkeep]
|upkeep
|
|t:|1650530419
|switch|p2a: Flagadoss|Slowbro, M|42/100
|turn|38
|
|t:|1650530421
|move|p1a: Omastar|Meteor Beam||[still]
|-prepare|p1a: Omastar|Meteor Beam
|-boost|p1a: Omastar|spa|1
|-enditem|p1a: Omastar|Power Herb
|-anim|p1a: Omastar|Meteor Beam|p2a: Flagadoss
|-damage|p2a: Flagadoss|0 fnt
|faint|p2a: Flagadoss
|
|-weather|RainDance|[upkeep]
|upkeep
|
|t:|1650530423
|switch|p2a: Nidoking|Nidoking, M|1/100
|turn|39
|c|☆RETURN NIRVANA|gg
|
|t:|1650530426
|move|p1a: Omastar|Surf|p2a: Nidoking
|-supereffective|p2a: Nidoking
|-damage|p2a: Nidoking|0 fnt
|faint|p2a: Nidoking
|
|win|RETURN NIRVANA
|n|☆RETURN NIRVANA|returnnirvana
|n|☆pointe de l'aube|pointedelaube
|n| Prince Zenaku|princezenaku
|n| faunazon|faunazon
|n| therealregal|therealregal
|n| mangoes crazy|mangoescrazy
|n| Lil Tic|liltic
|n| Grand Empress|grandempress
|n| Echo2615|echo2615
|n| Pyramid King Pat|pyramidkingpat
