|j|☆SMxVale
|j|☆Sawkuro
|t:|1658509633
|gametype|singles
|player|p1|SMxVale|266|1740
|player|p2|Sawkuro|1|1878
|teamsize|p1|6
|teamsize|p2|6
|gen|8
|tier|[Gen 8] OU
|rated|
|rule|Sleep Clause Mod: Limit one foe put to sleep
|rule|Species Clause: Limit one of each Pokémon
|rule|OHKO Clause: OHKO moves are banned
|rule|Evasion Moves Clause: Evasion moves are banned
|rule|Endless Battle Clause: Forcing endless battles is banned
|rule|HP Percentage Mod: HP is shown in percentages
|rule|Dynamax Clause: You cannot dynamax
|clearpoke
|poke|p1|Tornadus-Therian, M|
|poke|p1|Garchomp, F|
|poke|p1|Weavile, F|
|poke|p1|Buzzwole|
|poke|p1|Tapu Lele|
|poke|p1|Heatran, M|
|poke|p2|Keldeo|
|poke|p2|Ferrothorn, M|
|poke|p2|Landorus-Therian, M|
|poke|p2|Weavile, M|
|poke|p2|Toxapex, M|
|poke|p2|Tapu Koko|
|teampreview
|inactive|Battle timer is ON: inactive players will automatically lose when time's up. (requested by Sawkuro)
|j| 50 at max
|inactive|SMxVale has 120 seconds left.
|
|t:|1658509675
|start
|switch|p1a: Heatran|Heatran, M|100/100
|switch|p2a: Keldeo|Keldeo|100/100
|turn|1
|n| GoldenStateIdiots|50atmax
|l| GoldenStateIdiots
|
|t:|1658509686
|switch|p1a: Tornadus|Tornadus-Therian, M|100/100
|move|p2a: Keldeo|Scald|p1a: Tornadus
|-damage|p1a: Tornadus|39/100
|
|upkeep
|turn|2
|j| 2x4is8Skin
|
|t:|1658509694
|switch|p2a: Toxapex|Toxapex, M|100/100
|move|p1a: Tornadus|Hurricane|p2a: Toxapex
|-damage|p2a: Toxapex|69/100
|
|-heal|p2a: Toxapex|75/100|[from] item: Black Sludge
|upkeep
|turn|3
|j| GoldenStateIdiots
|
|t:|1658509704
|move|p1a: Tornadus|U-turn|p2a: Toxapex
|-resisted|p2a: Toxapex
|-damage|p2a: Toxapex|70/100
|
|t:|1658509705
|switch|p1a: Tapu Lele|Tapu Lele|100/100|[from]move: U-turn
|-fieldstart|move: Psychic Terrain|[from] ability: Psychic Surge|[of] p1a: Tapu Lele
|move|p2a: Toxapex|Toxic Spikes|p1a: Tapu Lele
|-sidestart|p1: SMxVale|move: Toxic Spikes
|
|-heal|p2a: Toxapex|76/100|[from] item: Black Sludge
|upkeep
|turn|4
|
|t:|1658509713
|switch|p2a: Landorus|Landorus-Therian, M|100/100
|-ability|p2a: Landorus|Intimidate|boost
|-unboost|p1a: Tapu Lele|atk|1
|move|p1a: Tapu Lele|Focus Blast|p2a: Landorus
|-resisted|p2a: Landorus
|-damage|p2a: Landorus|73/100
|
|-heal|p2a: Landorus|80/100|[from] item: Leftovers
|upkeep
|turn|5
|j| tapu moxo
|
|t:|1658509723
|switch|p1a: Tornadus|Tornadus-Therian, M|72/100
|move|p2a: Landorus|Toxic|p1a: Tornadus
|-status|p1a: Tornadus|tox
|
|-heal|p2a: Landorus|86/100|[from] item: Leftovers
|-damage|p1a: Tornadus|66/100 tox|[from] psn
|upkeep
|turn|6
|
|t:|1658509727
|move|p1a: Tornadus|Knock Off|p2a: Landorus
|-damage|p2a: Landorus|65/100
|-enditem|p2a: Landorus|Leftovers|[from] move: Knock Off|[of] p1a: Tornadus
|move|p2a: Landorus|U-turn|p1a: Tornadus
|-resisted|p1a: Tornadus
|-damage|p1a: Tornadus|54/100 tox
|
|t:|1658509732
|switch|p2a: Tapu Koko|Tapu Koko|100/100|[from]move: U-turn
|-fieldstart|move: Electric Terrain|[from] ability: Electric Surge|[of] p2a: Tapu Koko
|
|-damage|p1a: Tornadus|42/100 tox|[from] psn
|upkeep
|turn|7
|
|t:|1658509740
|switch|p1a: Heatran|Heatran, M|100/100
|move|p2a: Tapu Koko|U-turn|p1a: Heatran
|-resisted|p1a: Heatran
|-damage|p1a: Heatran|97/100
|
|t:|1658509743
|switch|p2a: Keldeo|Keldeo|100/100|[from]move: U-turn
|
|-heal|p1a: Heatran|100/100|[from] item: Leftovers
|upkeep
|turn|8
|
|t:|1658509747
|move|p1a: Heatran|Protect|p1a: Heatran
|-singleturn|p1a: Heatran|Protect
|move|p2a: Keldeo|Scald|p1a: Heatran
|-activate|p1a: Heatran|move: Protect
|
|upkeep
|turn|9
|
|t:|1658509768
|switch|p1a: Garchomp|Garchomp, F|100/100
|-status|p1a: Garchomp|psn
|move|p2a: Keldeo|Scald|p1a: Garchomp
|-damage|p1a: Garchomp|59/100 psn
|
|-heal|p1a: Garchomp|65/100 psn|[from] item: Leftovers
|-damage|p1a: Garchomp|53/100 psn|[from] psn
|upkeep
|turn|10
|
|t:|1658509777
|switch|p2a: Landorus|Landorus-Therian, M|65/100
|-ability|p2a: Landorus|Intimidate|boost
|-unboost|p1a: Garchomp|atk|1
|move|p1a: Garchomp|Toxic|p2a: Landorus
|-status|p2a: Landorus|tox
|
|-heal|p1a: Garchomp|59/100 psn|[from] item: Leftovers
|-damage|p1a: Garchomp|47/100 psn|[from] psn
|-damage|p2a: Landorus|59/100 tox|[from] psn
|-fieldend|move: Electric Terrain
|upkeep
|turn|11
|
|t:|1658509792
|switch|p1a: Tornadus|Tornadus-Therian, M|75/100 tox
|switch|p2a: Keldeo|Keldeo|100/100
|
|-damage|p1a: Tornadus|69/100 tox|[from] psn
|upkeep
|turn|12
|
|t:|1658509804
|switch|p2a: Toxapex|Toxapex, M|100/100
|move|p1a: Tornadus|Knock Off|p2a: Toxapex
|-damage|p2a: Toxapex|87/100
|-enditem|p2a: Toxapex|Black Sludge|[from] move: Knock Off|[of] p1a: Tornadus
|
|-damage|p1a: Tornadus|57/100 tox|[from] psn
|upkeep
|turn|13
|
|t:|1658509811
|switch|p2a: Ferrothorn|Ferrothorn, M|100/100
|move|p1a: Tornadus|Defog|p2a: Ferrothorn
|-unboost|p2a: Ferrothorn|evasion|1
|-sideend|p1: SMxVale|Toxic Spikes|[from] move: Defog|[of] p1a: Tornadus
|
|-damage|p1a: Tornadus|38/100 tox|[from] psn
|upkeep
|turn|14
|
|t:|1658509819
|switch|p1a: Heatran|Heatran, M|100/100
|move|p2a: Ferrothorn|Stealth Rock|p1a: Heatran
|-sidestart|p1: SMxVale|move: Stealth Rock
|
|upkeep
|turn|15
|
|t:|1658509824
|switch|p2a: Keldeo|Keldeo|100/100
|move|p1a: Heatran|Magma Storm|p2a: Keldeo
|-resisted|p2a: Keldeo
|-damage|p2a: Keldeo|76/100
|-activate|p2a: Keldeo|move: Magma Storm|[of] p1a: Heatran
|
|-damage|p2a: Keldeo|64/100|[from] move: Magma Storm|[partiallytrapped]
|upkeep
|turn|16
|
|t:|1658509833
|move|p1a: Heatran|Protect|p1a: Heatran
|-singleturn|p1a: Heatran|Protect
|move|p2a: Keldeo|Scald|p1a: Heatran
|-activate|p1a: Heatran|move: Protect
|
|-damage|p2a: Keldeo|52/100|[from] move: Magma Storm|[partiallytrapped]
|upkeep
|turn|17
|inactive|SMxVale has 120 seconds left.
|
|t:|1658509871
|move|p2a: Keldeo|Scald|p1a: Heatran
|-supereffective|p1a: Heatran
|-damage|p1a: Heatran|22/100
|move|p1a: Heatran|Earth Power|p2a: Keldeo
|-damage|p2a: Keldeo|21/100
|
|-heal|p1a: Heatran|28/100|[from] item: Leftovers
|-damage|p2a: Keldeo|9/100|[from] move: Magma Storm|[partiallytrapped]
|upkeep
|turn|18
|inactive|SMxVale has 120 seconds left.
|
|t:|1658509880
|move|p1a: Heatran|Protect|p1a: Heatran
|-singleturn|p1a: Heatran|Protect
|move|p2a: Keldeo|Scald|p1a: Heatran
|-activate|p1a: Heatran|move: Protect
|
|-heal|p1a: Heatran|35/100|[from] item: Leftovers
|-damage|p2a: Keldeo|0 fnt|[from] move: Magma Storm|[partiallytrapped]
|faint|p2a: Keldeo
|upkeep
|
|t:|1658509884
|switch|p2a: Weavile|Weavile, M|100/100
|-ability|p2a: Weavile|Pressure
|turn|19
|
|t:|1658509888
|switch|p1a: Buzzwole|Buzzwole|100/100
|move|p2a: Weavile|Knock Off|p1a: Buzzwole
|-resisted|p1a: Buzzwole
|-damage|p1a: Buzzwole|89/100
|-enditem|p1a: Buzzwole|Heavy-Duty Boots|[from] move: Knock Off|[of] p2a: Weavile
|
|upkeep
|turn|20
|
|t:|1658509912
|switch|p1a: Tornadus|Tornadus-Therian, M|72/100 tox
|move|p2a: Weavile|Knock Off|p1a: Tornadus
|-damage|p1a: Tornadus|22/100 tox
|-enditem|p1a: Tornadus|Heavy-Duty Boots|[from] move: Knock Off|[of] p2a: Weavile
|
|-damage|p1a: Tornadus|16/100 tox|[from] psn
|upkeep
|turn|21
|
|t:|1658509918
|switch|p2a: Tapu Koko|Tapu Koko|100/100
|-fieldstart|move: Electric Terrain|[from] ability: Electric Surge|[of] p2a: Tapu Koko
|switch|p1a: Buzzwole|Buzzwole|89/100
|-damage|p1a: Buzzwole|77/100|[from] Stealth Rock
|
|upkeep
|turn|22
|
|t:|1658509928
|switch|p1a: Garchomp|Garchomp, F|47/100 psn
|-damage|p1a: Garchomp|40/100 psn|[from] Stealth Rock
|move|p2a: Tapu Koko|Dazzling Gleam|p1a: Garchomp
|-supereffective|p1a: Garchomp
|-damage|p1a: Garchomp|0 fnt
|faint|p1a: Garchomp
|
|upkeep
|
|t:|1658509938
|switch|p1a: Tapu Lele|Tapu Lele|100/100
|-damage|p1a: Tapu Lele|88/100|[from] Stealth Rock
|-fieldstart|move: Psychic Terrain|[from] ability: Psychic Surge|[of] p1a: Tapu Lele
|turn|23
|
|t:|1658509948
|move|p2a: Tapu Koko|U-turn|p1a: Tapu Lele
|-damage|p1a: Tapu Lele|63/100
|
|t:|1658509954
|switch|p2a: Landorus|Landorus-Therian, M|59/100 tox|[from]move: U-turn
|-ability|p2a: Landorus|Intimidate|boost
|-unboost|p1a: Tapu Lele|atk|1
|move|p1a: Tapu Lele|Focus Blast|p2a: Landorus
|-resisted|p2a: Landorus
|-damage|p2a: Landorus|33/100 tox
|
|-damage|p2a: Landorus|26/100 tox|[from] psn
|upkeep
|turn|24
|j| LT_Alt1
|
|t:|1658509962
|switch|p2a: Toxapex|Toxapex, M|100/100
|move|p1a: Tapu Lele|Focus Blast|p2a: Toxapex
|-resisted|p2a: Toxapex
|-damage|p2a: Toxapex|73/100
|-unboost|p2a: Toxapex|spd|1
|
|upkeep
|turn|25
|
|t:|1658509971
|move|p1a: Tapu Lele|Focus Blast|p2a: Toxapex
|-resisted|p2a: Toxapex
|-damage|p2a: Toxapex|30/100
|move|p2a: Toxapex|Scald|p1a: Tapu Lele
|-damage|p1a: Tapu Lele|46/100
|
|upkeep
|turn|26
|
|t:|1658509989
|switch|p2a: Tapu Koko|Tapu Koko|100/100
|-fieldstart|move: Electric Terrain|[from] ability: Electric Surge|[of] p2a: Tapu Koko
|move|p1a: Tapu Lele|Focus Blast|p2a: Tapu Koko
|-resisted|p2a: Tapu Koko
|-damage|p2a: Tapu Koko|45/100
|
|upkeep
|turn|27
|c|☆SMxVale|how do i hit these
|c|☆SMxVale|lol
|inactive|SMxVale has 120 seconds left.
|
|t:|1658510019
|switch|p1a: Heatran|Heatran, M|35/100
|-damage|p1a: Heatran|22/100|[from] Stealth Rock
|move|p2a: Tapu Koko|Roost|p2a: Tapu Koko
|-heal|p2a: Tapu Koko|95/100
|-singleturn|p2a: Tapu Koko|move: Roost
|
|-heal|p1a: Heatran|28/100|[from] item: Leftovers
|upkeep
|turn|28
|inactive|SMxVale has 120 seconds left.
|
|t:|1658510027
|move|p1a: Heatran|Protect|p1a: Heatran
|-singleturn|p1a: Heatran|Protect
|move|p2a: Tapu Koko|U-turn|p1a: Heatran
|-activate|p1a: Heatran|move: Protect
|
|-heal|p1a: Heatran|35/100|[from] item: Leftovers
|upkeep
|turn|29
|
|t:|1658510034
|move|p2a: Tapu Koko|U-turn|p1a: Heatran
|-resisted|p1a: Heatran
|-damage|p1a: Heatran|31/100
|
|t:|1658510036
|switch|p2a: Landorus|Landorus-Therian, M|26/100 tox|[from]move: U-turn
|-ability|p2a: Landorus|Intimidate|boost
|-unboost|p1a: Heatran|atk|1
|move|p1a: Heatran|Magma Storm|p2a: Landorus
|-damage|p2a: Landorus|0 fnt
|faint|p2a: Landorus
|
|-heal|p1a: Heatran|37/100|[from] item: Leftovers
|upkeep
|
|t:|1658510039
|switch|p2a: Weavile|Weavile, M|100/100
|-ability|p2a: Weavile|Pressure
|turn|30
|
|t:|1658510049
|move|p1a: Heatran|Protect|p1a: Heatran
|-singleturn|p1a: Heatran|Protect
|move|p2a: Weavile|Knock Off|p1a: Heatran
|-activate|p1a: Heatran|move: Protect
|
|-heal|p1a: Heatran|44/100|[from] item: Leftovers
|-fieldend|move: Electric Terrain
|upkeep
|turn|31
|
|t:|1658510061
|switch|p1a: Buzzwole|Buzzwole|77/100
|-damage|p1a: Buzzwole|64/100|[from] Stealth Rock
|move|p2a: Weavile|Knock Off|p1a: Buzzwole
|-resisted|p1a: Buzzwole
|-crit|p1a: Buzzwole
|-damage|p1a: Buzzwole|53/100
|
|upkeep
|turn|32
|
|t:|1658510077
|switch|p2a: Tapu Koko|Tapu Koko|95/100
|-fieldstart|move: Electric Terrain|[from] ability: Electric Surge|[of] p2a: Tapu Koko
|switch|p1a: Tapu Lele|Tapu Lele|46/100
|-damage|p1a: Tapu Lele|33/100|[from] Stealth Rock
|-fieldstart|move: Psychic Terrain|[from] ability: Psychic Surge|[of] p1a: Tapu Lele
|
|upkeep
|turn|33
|inactive|SMxVale has 120 seconds left.
|j| Abcdefp
|
|t:|1658510106
|switch|p1a: Weavile|Weavile, F|100/100
|-ability|p1a: Weavile|Pressure
|move|p2a: Tapu Koko|Thunderbolt|p1a: Weavile
|-damage|p1a: Weavile|49/100
|
|upkeep
|turn|34
|inactive|SMxVale has 120 seconds left.
|
|t:|1658510112
|switch|p1a: Heatran|Heatran, M|44/100
|-damage|p1a: Heatran|31/100|[from] Stealth Rock
|move|p2a: Tapu Koko|U-turn|p1a: Heatran
|-resisted|p1a: Heatran
|-damage|p1a: Heatran|28/100
|
|t:|1658510120
|switch|p2a: Weavile|Weavile, M|100/100|[from]move: U-turn
|-ability|p2a: Weavile|Pressure
|
|-heal|p1a: Heatran|34/100|[from] item: Leftovers
|upkeep
|turn|35
|
|t:|1658510128
|move|p1a: Heatran|Protect|p1a: Heatran
|-singleturn|p1a: Heatran|Protect
|move|p2a: Weavile|Knock Off|p1a: Heatran
|-activate|p1a: Heatran|move: Protect
|
|-heal|p1a: Heatran|40/100|[from] item: Leftovers
|upkeep
|turn|36
|
|t:|1658510132
|switch|p1a: Buzzwole|Buzzwole|53/100
|-damage|p1a: Buzzwole|41/100|[from] Stealth Rock
|move|p2a: Weavile|Knock Off|p1a: Buzzwole
|-resisted|p1a: Buzzwole
|-damage|p1a: Buzzwole|33/100
|
|-fieldend|move: Psychic Terrain
|upkeep
|turn|37
|
|t:|1658510137
|switch|p2a: Tapu Koko|Tapu Koko|95/100
|-fieldstart|move: Electric Terrain|[from] ability: Electric Surge|[of] p2a: Tapu Koko
|move|p1a: Buzzwole|Toxic|p2a: Tapu Koko
|-status|p2a: Tapu Koko|tox
|
|-damage|p2a: Tapu Koko|89/100 tox|[from] psn
|upkeep
|turn|38
|
|t:|1658510155
|switch|p1a: Weavile|Weavile, F|49/100
|-ability|p1a: Weavile|Pressure
|move|p2a: Tapu Koko|Thunderbolt|p1a: Weavile
|-damage|p1a: Weavile|0 fnt
|faint|p1a: Weavile
|
|-damage|p2a: Tapu Koko|77/100 tox|[from] psn
|upkeep
|
|t:|1658510166
|switch|p1a: Heatran|Heatran, M|40/100
|-damage|p1a: Heatran|28/100|[from] Stealth Rock
|turn|39
|
|t:|1658510180
|move|p1a: Heatran|Protect|p1a: Heatran
|-singleturn|p1a: Heatran|Protect
|move|p2a: Tapu Koko|Thunderbolt|p1a: Heatran
|-activate|p1a: Heatran|move: Protect
|
|-heal|p1a: Heatran|34/100|[from] item: Leftovers
|-damage|p2a: Tapu Koko|59/100 tox|[from] psn
|upkeep
|turn|40
|
|t:|1658510191
|move|p2a: Tapu Koko|U-turn|p1a: Heatran
|-resisted|p1a: Heatran
|-damage|p1a: Heatran|31/100
|
|t:|1658510193
|switch|p2a: Toxapex|Toxapex, M|63/100|[from]move: U-turn
|move|p1a: Heatran|Earth Power|p2a: Toxapex
|-supereffective|p2a: Toxapex
|-damage|p2a: Toxapex|23/100
|
|-heal|p1a: Heatran|37/100|[from] item: Leftovers
|upkeep
|turn|41
|
|t:|1658510204
|move|p1a: Heatran|Earth Power|p2a: Toxapex
|-supereffective|p2a: Toxapex
|-damage|p2a: Toxapex|0 fnt
|faint|p2a: Toxapex
|
|-heal|p1a: Heatran|43/100|[from] item: Leftovers
|-fieldend|move: Electric Terrain
|upkeep
|
|t:|1658510206
|switch|p2a: Weavile|Weavile, M|100/100
|-ability|p2a: Weavile|Pressure
|turn|42
|inactive|SMxVale has 120 seconds left.
|
|t:|1658510252
|move|p1a: Heatran|Protect|p1a: Heatran
|-singleturn|p1a: Heatran|Protect
|move|p2a: Weavile|Knock Off|p1a: Heatran
|-activate|p1a: Heatran|move: Protect
|
|-heal|p1a: Heatran|49/100|[from] item: Leftovers
|upkeep
|turn|43
|
|t:|1658510264
|switch|p1a: Tornadus|Tornadus-Therian, M|49/100 tox
|-damage|p1a: Tornadus|24/100 tox|[from] Stealth Rock
|move|p2a: Weavile|Knock Off|p1a: Tornadus
|-damage|p1a: Tornadus|0 fnt
|faint|p1a: Tornadus
|
|upkeep
|
|t:|1658510267
|switch|p1a: Buzzwole|Buzzwole|33/100
|-damage|p1a: Buzzwole|21/100|[from] Stealth Rock
|turn|44
|
|t:|1658510289
|switch|p2a: Ferrothorn|Ferrothorn, M|100/100
|move|p1a: Buzzwole|Drain Punch|p2a: Ferrothorn
|-supereffective|p2a: Ferrothorn
|-damage|p2a: Ferrothorn|58/100
|-heal|p1a: Buzzwole|39/100|[from] drain|[of] p2a: Ferrothorn
|-damage|p1a: Buzzwole|26/100|[from] ability: Iron Barbs|[of] p2a: Ferrothorn
|-damage|p1a: Buzzwole|10/100|[from] item: Rocky Helmet|[of] p2a: Ferrothorn
|
|upkeep
|turn|45
|
|t:|1658510303
|move|p1a: Buzzwole|Roost|p1a: Buzzwole
|-heal|p1a: Buzzwole|60/100
|-singleturn|p1a: Buzzwole|move: Roost
|move|p2a: Ferrothorn|Knock Off|p1a: Buzzwole
|-resisted|p1a: Buzzwole
|-damage|p1a: Buzzwole|56/100
|
|upkeep
|turn|46
|
|t:|1658510313
|move|p1a: Buzzwole|Drain Punch|p2a: Ferrothorn
|-supereffective|p2a: Ferrothorn
|-damage|p2a: Ferrothorn|13/100
|-heal|p1a: Buzzwole|75/100|[from] drain|[of] p2a: Ferrothorn
|-damage|p1a: Buzzwole|63/100|[from] ability: Iron Barbs|[of] p2a: Ferrothorn
|-damage|p1a: Buzzwole|46/100|[from] item: Rocky Helmet|[of] p2a: Ferrothorn
|move|p2a: Ferrothorn|Leech Seed|p1a: Buzzwole
|-start|p1a: Buzzwole|move: Leech Seed
|
|-damage|p1a: Buzzwole|34/100|[from] Leech Seed|[of] p2a: Ferrothorn
|-heal|p2a: Ferrothorn|28/100|[silent]
|upkeep
|turn|47
|
|t:|1658510332
|switch|p1a: Heatran|Heatran, M|49/100
|-damage|p1a: Heatran|37/100|[from] Stealth Rock
|move|p2a: Ferrothorn|Knock Off|p1a: Heatran
|-damage|p1a: Heatran|20/100
|-enditem|p1a: Heatran|Leftovers|[from] move: Knock Off|[of] p2a: Ferrothorn
|
|upkeep
|turn|48
|c|☆SMxVale|wp
|inactive|SMxVale has 90 seconds left.
|
|t:|1658510364
|move|p1a: Heatran|Magma Storm|p2a: Ferrothorn|[miss]
|-miss|p1a: Heatran|p2a: Ferrothorn
|move|p2a: Ferrothorn|Knock Off|p1a: Heatran
|-damage|p1a: Heatran|8/100
|
|upkeep
|turn|49
|c|☆Sawkuro|still dont know how tf this shit took only 78% from a specs keldeo
|c|☆Sawkuro|lmao
|inactive|Sawkuro has 120 seconds left.
|
|t:|1658510398
|move|p1a: Heatran|Magma Storm|p2a: Ferrothorn|[miss]
|-miss|p1a: Heatran|p2a: Ferrothorn
|move|p2a: Ferrothorn|Knock Off|p1a: Heatran
|-damage|p1a: Heatran|0 fnt
|faint|p1a: Heatran
|
|upkeep
|
|t:|1658510409
|switch|p1a: Buzzwole|Buzzwole|34/100
|-damage|p1a: Buzzwole|21/100|[from] Stealth Rock
|turn|50
|
|t:|1658510417
|move|p1a: Buzzwole|Roost|p1a: Buzzwole
|-heal|p1a: Buzzwole|71/100
|-singleturn|p1a: Buzzwole|move: Roost
|move|p2a: Ferrothorn|Leech Seed|p1a: Buzzwole
|-start|p1a: Buzzwole|move: Leech Seed
|
|-damage|p1a: Buzzwole|59/100|[from] Leech Seed|[of] p2a: Ferrothorn
|-heal|p2a: Ferrothorn|43/100|[silent]
|upkeep
|turn|51
|inactive|SMxVale has 90 seconds left.
|
|t:|1658510422
|move|p1a: Buzzwole|Roost|p1a: Buzzwole
|-heal|p1a: Buzzwole|100/100
|-singleturn|p1a: Buzzwole|move: Roost
|move|p2a: Ferrothorn|Power Whip|p1a: Buzzwole
|-resisted|p1a: Buzzwole
|-damage|p1a: Buzzwole|92/100
|
|-damage|p1a: Buzzwole|80/100|[from] Leech Seed|[of] p2a: Ferrothorn
|-heal|p2a: Ferrothorn|57/100|[silent]
|upkeep
|turn|52
|
|t:|1658510425
|move|p1a: Buzzwole|Drain Punch|p2a: Ferrothorn
|-supereffective|p2a: Ferrothorn
|-damage|p2a: Ferrothorn|11/100
|-heal|p1a: Buzzwole|99/100|[from] drain|[of] p2a: Ferrothorn
|-damage|p1a: Buzzwole|87/100|[from] ability: Iron Barbs|[of] p2a: Ferrothorn
|-damage|p1a: Buzzwole|70/100|[from] item: Rocky Helmet|[of] p2a: Ferrothorn
|move|p2a: Ferrothorn|Power Whip|p1a: Buzzwole
|-resisted|p1a: Buzzwole
|-damage|p1a: Buzzwole|61/100
|
|-damage|p1a: Buzzwole|48/100|[from] Leech Seed|[of] p2a: Ferrothorn
|-heal|p2a: Ferrothorn|25/100|[silent]
|upkeep
|turn|53
|j| 49erzzzzz
|inactive|SMxVale has 90 seconds left.
|
|t:|1658510453
|move|p1a: Buzzwole|Roost|p1a: Buzzwole
|-heal|p1a: Buzzwole|99/100
|-singleturn|p1a: Buzzwole|move: Roost
|move|p2a: Ferrothorn|Power Whip|p1a: Buzzwole
|-resisted|p1a: Buzzwole
|-damage|p1a: Buzzwole|89/100
|
|-damage|p1a: Buzzwole|77/100|[from] Leech Seed|[of] p2a: Ferrothorn
|-heal|p2a: Ferrothorn|40/100|[silent]
|upkeep
|turn|54
|
|t:|1658510458
|move|p1a: Buzzwole|Bulk Up|p1a: Buzzwole
|-boost|p1a: Buzzwole|atk|1
|-boost|p1a: Buzzwole|def|1
|move|p2a: Ferrothorn|Power Whip|p1a: Buzzwole
|-resisted|p1a: Buzzwole
|-damage|p1a: Buzzwole|71/100
|
|-damage|p1a: Buzzwole|59/100|[from] Leech Seed|[of] p2a: Ferrothorn
|-heal|p2a: Ferrothorn|55/100|[silent]
|upkeep
|turn|55
|
|t:|1658510464
|move|p1a: Buzzwole|Drain Punch|p2a: Ferrothorn
|-supereffective|p2a: Ferrothorn
|-damage|p2a: Ferrothorn|0 fnt
|-heal|p1a: Buzzwole|82/100|[from] drain|[of] p2a: Ferrothorn
|-damage|p1a: Buzzwole|69/100|[from] ability: Iron Barbs|[of] p2a: Ferrothorn
|-damage|p1a: Buzzwole|53/100|[from] item: Rocky Helmet|[of] p2a: Ferrothorn
|faint|p2a: Ferrothorn
|-ability|p1a: Buzzwole|Beast Boost|boost
|-boost|p1a: Buzzwole|def|1
|
|upkeep
|
|t:|1658510467
|switch|p2a: Tapu Koko|Tapu Koko|59/100 tox
|-fieldstart|move: Electric Terrain|[from] ability: Electric Surge|[of] p2a: Tapu Koko
|turn|56
|c|☆Sawkuro|gg
|
|t:|1658510477
|move|p2a: Tapu Koko|Dazzling Gleam|p1a: Buzzwole
|-supereffective|p1a: Buzzwole
|-damage|p1a: Buzzwole|0 fnt
|faint|p1a: Buzzwole
|
|-damage|p2a: Tapu Koko|53/100 tox|[from] psn
|upkeep
|
|t:|1658510478
|switch|p1a: Tapu Lele|Tapu Lele|33/100
|-damage|p1a: Tapu Lele|21/100|[from] Stealth Rock
|-fieldstart|move: Psychic Terrain|[from] ability: Psychic Surge|[of] p1a: Tapu Lele
|turn|57
|
|t:|1658510482
|move|p2a: Tapu Koko|Thunderbolt|p1a: Tapu Lele
|-damage|p1a: Tapu Lele|0 fnt
|faint|p1a: Tapu Lele
|
|win|Sawkuro
|raw|SMxVale's rating: 1740 &rarr; <strong>1728</strong><br />(-12 for losing)
|raw|Sawkuro's rating: 1878 &rarr; <strong>1890</strong><br />(+12 for winning)
|c|☆SMxVale|gg
|l|☆SMxVale
|l|☆Sawkuro
|l| 49erzzzzz
||Ladder isn't responding, score probably updated but might not have (Request timeout).
|l| tapu moxo
|l| Abcdefp
|l| GoldenStateIdiots
|n| HealthyHaroldIRL|2x4is8skin
