|j|☆Delibird Heart
|j|☆justvented
|inactive|Battle timer is ON: inactive players will automatically lose when time's up.
|t:|1667396040
|gametype|singles
|player|p1|Delibird Heart|guitarist-gen4|
|player|p2|justvented|wattson|
|teamsize|p1|6
|teamsize|p2|6
|gen|8
|tier|[Gen 8] OU
|rated|Tournament battle
|rule|Sleep Clause Mod: Limit one foe put to sleep
|rule|Species Clause: Limit one of each Pokémon
|rule|OHKO Clause: OHKO moves are banned
|rule|Evasion Items Clause: Evasion items are banned
|rule|Evasion Moves Clause: Evasion moves are banned
|rule|Endless Battle Clause: Forcing endless battles is banned
|rule|HP Percentage Mod: HP is shown in percentages
|rule|Dynamax Clause: You cannot dynamax
|clearpoke
|poke|p1|Gyarados, M|
|poke|p1|Rillaboom, F|
|poke|p1|Heatran, F|
|poke|p1|Tapu Lele|
|poke|p1|Corviknight, F|
|poke|p1|Tapu Koko|
|poke|p2|Volcanion|
|poke|p2|Ferrothorn, M|
|poke|p2|Hippowdon, M|
|poke|p2|Dragapult, M|
|poke|p2|Zapdos|
|poke|p2|Clefable, F|
|teampreview
|inactive|Delibird Heart also wants the timer to be on.
|
|t:|1667396067
|start
|switch|p1a: Rillaboom|Rillaboom, F|100/100
|switch|p2a: Hippowdon|Hippowdon, M|100/100
|-fieldstart|move: Grassy Terrain|[from] ability: Grassy Surge|[of] p1a: Rillaboom
|-weather|Sandstorm|[from] ability: Sand Stream|[of] p2a: Hippowdon
|turn|1
|
|t:|1667396092
|switch|p2a: Zapdos|Zapdos|100/100
|move|p1a: Rillaboom|Knock Off|p2a: Zapdos
|-damage|p2a: Zapdos|59/100
|-enditem|p2a: Zapdos|Heavy-Duty Boots|[from] move: Knock Off|[of] p1a: Rillaboom
|
|-weather|Sandstorm|[upkeep]
|-damage|p1a: Rillaboom|94/100|[from] Sandstorm
|-damage|p2a: Zapdos|53/100|[from] Sandstorm
|-heal|p1a: Rillaboom|100/100|[from] Grassy Terrain
|upkeep
|turn|2
|inactive|Delibird Heart has 120 seconds left.
|
|t:|1667396126
|switch|p1a: Heatran|Heatran, F|100/100
|move|p2a: Zapdos|Volt Switch|p1a: Heatran
|-damage|p1a: Heatran|80/100
|inactive|justvented has 120 seconds left.
|inactive|justvented has 90 seconds left.
|
|t:|1667396173
|switch|p2a: Volcanion|Volcanion|100/100|[from]move: Volt Switch
|
|-weather|Sandstorm|[upkeep]
|-damage|p2a: Volcanion|95/100|[from] Sandstorm
|-heal|p2a: Volcanion|100/100|[from] Grassy Terrain
|-heal|p1a: Heatran|87/100|[from] Grassy Terrain
|-heal|p1a: Heatran|93/100|[from] item: Leftovers
|upkeep
|turn|3
|
|t:|1667396180
|move|p2a: Volcanion|Steam Eruption|p1a: Heatran
|-supereffective|p1a: Heatran
|-damage|p1a: Heatran|18/100
|move|p1a: Heatran|Stealth Rock|p2a: Volcanion
|-sidestart|p2: justvented|move: Stealth Rock
|
|-weather|Sandstorm|[upkeep]
|-damage|p2a: Volcanion|95/100|[from] Sandstorm
|-heal|p2a: Volcanion|100/100|[from] Grassy Terrain
|-heal|p1a: Heatran|24/100|[from] Grassy Terrain
|-heal|p1a: Heatran|30/100|[from] item: Leftovers
|upkeep
|turn|4
|inactive|justvented has 90 seconds left.
|
|t:|1667396203
|move|p2a: Volcanion|Steam Eruption|p1a: Heatran
|-supereffective|p1a: Heatran
|-damage|p1a: Heatran|0 fnt
|faint|p1a: Heatran
|
|-weather|Sandstorm|[upkeep]
|-damage|p2a: Volcanion|95/100|[from] Sandstorm
|-heal|p2a: Volcanion|100/100|[from] Grassy Terrain
|upkeep
|
|t:|1667396206
|switch|p1a: Rillaboom|Rillaboom, F|100/100
|turn|5
|
|t:|1667396212
|switch|p2a: Ferrothorn|Ferrothorn, M|100/100
|-damage|p2a: Ferrothorn|95/100|[from] Stealth Rock
|move|p1a: Rillaboom|U-turn|p2a: Ferrothorn
|-damage|p2a: Ferrothorn|75/100
|-damage|p1a: Rillaboom|88/100|[from] ability: Iron Barbs|[of] p2a: Ferrothorn
|
|t:|1667396224
|switch|p1a: Gyarados|Gyarados, M, shiny|100/100|[from]move: U-turn
|-ability|p1a: Gyarados|Intimidate|boost
|-unboost|p2a: Ferrothorn|atk|1
|
|-weather|none
|-heal|p2a: Ferrothorn|81/100|[from] Grassy Terrain
|-heal|p2a: Ferrothorn|87/100|[from] item: Leftovers
|-fieldend|move: Grassy Terrain
|upkeep
|turn|6
|
|t:|1667396236
|switch|p2a: Clefable|Clefable, F|100/100
|move|p1a: Gyarados|Substitute|p1a: Gyarados
|-start|p1a: Gyarados|Substitute
|-damage|p1a: Gyarados|76/100
|
|-heal|p1a: Gyarados|82/100|[from] item: Leftovers
|upkeep
|turn|7
|
|t:|1667396241
|move|p1a: Gyarados|Waterfall|p2a: Clefable
|-damage|p2a: Clefable|69/100
|move|p2a: Clefable|Moonblast|p1a: Gyarados
|-end|p1a: Gyarados|Substitute
|
|-heal|p1a: Gyarados|88/100|[from] item: Leftovers
|-heal|p2a: Clefable|75/100|[from] item: Leftovers
|upkeep
|turn|8
|j| ASNUFSANGU
|inactive|Delibird Heart has 120 seconds left.
|
|t:|1667396277
|switch|p1a: Rillaboom|Rillaboom, F|88/100
|-fieldstart|move: Grassy Terrain|[from] ability: Grassy Surge|[of] p1a: Rillaboom
|move|p2a: Clefable|Moonblast|p1a: Rillaboom
|-damage|p1a: Rillaboom|45/100
|
|-heal|p1a: Rillaboom|51/100|[from] Grassy Terrain
|-heal|p2a: Clefable|81/100|[from] Grassy Terrain
|-heal|p2a: Clefable|87/100|[from] item: Leftovers
|upkeep
|turn|9
|inactive|Delibird Heart has 120 seconds left.
|
|t:|1667396296
|switch|p2a: Ferrothorn|Ferrothorn, M|87/100
|-damage|p2a: Ferrothorn|81/100|[from] Stealth Rock
|move|p1a: Rillaboom|Wood Hammer|p2a: Ferrothorn
|-resisted|p2a: Ferrothorn
|-damage|p2a: Ferrothorn|62/100
|-damage|p1a: Rillaboom|39/100|[from] ability: Iron Barbs|[of] p2a: Ferrothorn
|-damage|p1a: Rillaboom|32/100|[from] Recoil
|
|-heal|p1a: Rillaboom|39/100|[from] Grassy Terrain
|-heal|p2a: Ferrothorn|68/100|[from] Grassy Terrain
|-heal|p2a: Ferrothorn|74/100|[from] item: Leftovers
|upkeep
|turn|10
|
|t:|1667396306
|switch|p1a: Gyarados|Gyarados, M, shiny|88/100
|-ability|p1a: Gyarados|Intimidate|boost
|-unboost|p2a: Ferrothorn|atk|1
|move|p2a: Ferrothorn|Knock Off|p1a: Gyarados
|-damage|p1a: Gyarados|73/100
|-enditem|p1a: Gyarados|Leftovers|[from] move: Knock Off|[of] p2a: Ferrothorn
|
|-heal|p2a: Ferrothorn|80/100|[from] Grassy Terrain
|-heal|p2a: Ferrothorn|86/100|[from] item: Leftovers
|upkeep
|turn|11
|
|t:|1667396316
|switch|p2a: Clefable|Clefable, F|87/100
|move|p1a: Gyarados|Dragon Dance|p1a: Gyarados
|-boost|p1a: Gyarados|atk|1
|-boost|p1a: Gyarados|spe|1
|
|-heal|p2a: Clefable|93/100|[from] Grassy Terrain
|-heal|p2a: Clefable|99/100|[from] item: Leftovers
|upkeep
|turn|12
|
|t:|1667396320
|move|p1a: Gyarados|Dragon Dance|p1a: Gyarados
|-boost|p1a: Gyarados|atk|1
|-boost|p1a: Gyarados|spe|1
|move|p2a: Clefable|Moonblast|p1a: Gyarados
|-damage|p1a: Gyarados|42/100
|-unboost|p1a: Gyarados|spa|1
|
|-heal|p2a: Clefable|100/100|[from] Grassy Terrain
|-fieldend|move: Grassy Terrain
|upkeep
|turn|13
|
|t:|1667396322
|move|p1a: Gyarados|Waterfall|p2a: Clefable
|-damage|p2a: Clefable|37/100
|move|p2a: Clefable|Moonblast|p1a: Gyarados
|-damage|p1a: Gyarados|10/100
|-unboost|p1a: Gyarados|spa|1
|
|-heal|p2a: Clefable|43/100|[from] item: Leftovers
|upkeep
|turn|14
|
|t:|1667396328
|switch|p2a: Ferrothorn|Ferrothorn, M|86/100
|-damage|p2a: Ferrothorn|80/100|[from] Stealth Rock
|move|p1a: Gyarados|Earthquake|p2a: Ferrothorn
|-damage|p2a: Ferrothorn|41/100
|
|-heal|p2a: Ferrothorn|47/100|[from] item: Leftovers
|upkeep
|turn|15
|
|t:|1667396340
|switch|p2a: Hippowdon|Hippowdon, M|100/100
|-damage|p2a: Hippowdon|94/100|[from] Stealth Rock
|-weather|Sandstorm|[from] ability: Sand Stream|[of] p2a: Hippowdon
|move|p1a: Gyarados|Earthquake|p2a: Hippowdon
|-damage|p2a: Hippowdon|45/100
|
|-weather|Sandstorm|[upkeep]
|-damage|p1a: Gyarados|4/100|[from] Sandstorm
|-heal|p2a: Hippowdon|51/100|[from] item: Leftovers
|upkeep
|turn|16
|
|t:|1667396348
|switch|p2a: Ferrothorn|Ferrothorn, M|47/100
|-damage|p2a: Ferrothorn|41/100|[from] Stealth Rock
|move|p1a: Gyarados|Waterfall|p2a: Ferrothorn
|-resisted|p2a: Ferrothorn
|-damage|p2a: Ferrothorn|16/100
|-damage|p1a: Gyarados|0 fnt|[from] ability: Iron Barbs|[of] p2a: Ferrothorn
|faint|p1a: Gyarados
|
|-weather|Sandstorm|[upkeep]
|-heal|p2a: Ferrothorn|22/100|[from] item: Leftovers
|upkeep
|
|t:|1667396353
|switch|p1a: Tapu Lele|Tapu Lele|100/100
|-fieldstart|move: Psychic Terrain|[from] ability: Psychic Surge|[of] p1a: Tapu Lele
|turn|17
|
|t:|1667396356
|move|p1a: Tapu Lele|Psychic|p2a: Ferrothorn
|-resisted|p2a: Ferrothorn
|-damage|p2a: Ferrothorn|0 fnt
|faint|p2a: Ferrothorn
|
|-weather|Sandstorm|[upkeep]
|-damage|p1a: Tapu Lele|94/100|[from] Sandstorm
|upkeep
|
|t:|1667396361
|switch|p2a: Dragapult|Dragapult, M|100/100
|-damage|p2a: Dragapult|88/100|[from] Stealth Rock
|turn|18
|
|t:|1667396367
|switch|p1a: Corviknight|Corviknight, F|100/100
|-ability|p1a: Corviknight|Pressure
|move|p2a: Dragapult|Shadow Ball|p1a: Corviknight
|-damage|p1a: Corviknight|54/100
|
|-weather|Sandstorm|[upkeep]
|-damage|p2a: Dragapult|82/100|[from] Sandstorm
|-heal|p1a: Corviknight|60/100|[from] item: Leftovers
|upkeep
|turn|19
|
|t:|1667396371
|switch|p2a: Zapdos|Zapdos|53/100
|-damage|p2a: Zapdos|28/100|[from] Stealth Rock
|move|p1a: Corviknight|Roost|p1a: Corviknight
|-heal|p1a: Corviknight|100/100
|-singleturn|p1a: Corviknight|move: Roost
|
|-weather|none
|upkeep
|turn|20
|
|t:|1667396379
|switch|p1a: Tapu Lele|Tapu Lele|94/100
|move|p2a: Zapdos|Defog|p1a: Tapu Lele
|-unboost|p1a: Tapu Lele|evasion|1
|-sideend|p2: justvented|Stealth Rock|[from] move: Defog|[of] p2a: Zapdos
|-fieldend|move: Psychic Terrain
|
|upkeep
|turn|21
|
|t:|1667396384
|move|p1a: Tapu Lele|Psychic|p2a: Zapdos
|-damage|p2a: Zapdos|0 fnt
|faint|p2a: Zapdos
|
|upkeep
|
|t:|1667396387
|switch|p2a: Hippowdon|Hippowdon, M|51/100
|-weather|Sandstorm|[from] ability: Sand Stream|[of] p2a: Hippowdon
|turn|22
|
|t:|1667396390
|move|p1a: Tapu Lele|Psychic|p2a: Hippowdon
|-damage|p2a: Hippowdon|2/100
|-unboost|p2a: Hippowdon|spd|1
|move|p2a: Hippowdon|Stealth Rock|p1a: Tapu Lele
|-sidestart|p1: Delibird Heart|move: Stealth Rock
|
|-weather|Sandstorm|[upkeep]
|-damage|p1a: Tapu Lele|88/100|[from] Sandstorm
|-heal|p2a: Hippowdon|8/100|[from] item: Leftovers
|upkeep
|turn|23
|
|t:|1667396393
|move|p1a: Tapu Lele|Psychic|p2a: Hippowdon
|-damage|p2a: Hippowdon|0 fnt
|faint|p2a: Hippowdon
|
|-weather|Sandstorm|[upkeep]
|-damage|p1a: Tapu Lele|82/100|[from] Sandstorm
|upkeep
|
|t:|1667396398
|switch|p2a: Dragapult|Dragapult, M|82/100
|turn|24
|
|t:|1667396414
|switch|p2a: Clefable|Clefable, F|43/100
|switch|p1a: Corviknight|Corviknight, F|100/100
|-damage|p1a: Corviknight|88/100|[from] Stealth Rock
|-ability|p1a: Corviknight|Pressure
|
|-weather|Sandstorm|[upkeep]
|-heal|p1a: Corviknight|94/100|[from] item: Leftovers
|-heal|p2a: Clefable|49/100|[from] item: Leftovers
|upkeep
|turn|25
|
|t:|1667396419
|move|p1a: Corviknight|Defog|p2a: Clefable
|-unboost|p2a: Clefable|evasion|1
|-sideend|p1: Delibird Heart|Stealth Rock|[from] move: Defog|[of] p1a: Corviknight
|move|p2a: Clefable|Soft-Boiled|p2a: Clefable
|-heal|p2a: Clefable|99/100
|
|-weather|Sandstorm|[upkeep]
|-heal|p1a: Corviknight|100/100|[from] item: Leftovers
|-heal|p2a: Clefable|100/100|[from] item: Leftovers
|upkeep
|turn|26
|
|t:|1667396424
|move|p1a: Corviknight|Brave Bird|p2a: Clefable
|-damage|p2a: Clefable|75/100
|-damage|p1a: Corviknight|92/100|[from] Recoil
|move|p2a: Clefable|Calm Mind|p2a: Clefable
|-boost|p2a: Clefable|spa|1
|-boost|p2a: Clefable|spd|1
|
|-weather|none
|-heal|p1a: Corviknight|98/100|[from] item: Leftovers
|-heal|p2a: Clefable|81/100|[from] item: Leftovers
|upkeep
|turn|27
|
|t:|1667396431
|move|p1a: Corviknight|U-turn|p2a: Clefable
|-resisted|p2a: Clefable
|-damage|p2a: Clefable|76/100
|
|t:|1667396431
|switch|p1a: Rillaboom|Rillaboom, F|39/100|[from]move: U-turn
|-fieldstart|move: Grassy Terrain|[from] ability: Grassy Surge|[of] p1a: Rillaboom
|move|p2a: Clefable|Flamethrower|p1a: Rillaboom
|-supereffective|p1a: Rillaboom
|-damage|p1a: Rillaboom|0 fnt
|faint|p1a: Rillaboom
|
|-heal|p2a: Clefable|82/100|[from] Grassy Terrain
|-heal|p2a: Clefable|88/100|[from] item: Leftovers
|upkeep
|
|t:|1667396438
|switch|p1a: Tapu Lele|Tapu Lele|82/100
|-fieldstart|move: Psychic Terrain|[from] ability: Psychic Surge|[of] p1a: Tapu Lele
|turn|28
|
|t:|1667396445
|move|p1a: Tapu Lele|Psyshock|p2a: Clefable
|-damage|p2a: Clefable|26/100
|move|p2a: Clefable|Moonblast|p1a: Tapu Lele
|-damage|p1a: Tapu Lele|29/100
|
|-heal|p2a: Clefable|32/100|[from] item: Leftovers
|upkeep
|turn|29
|
|t:|1667396456
|move|p1a: Tapu Lele|Psyshock|p2a: Clefable
|-damage|p2a: Clefable|0 fnt
|faint|p2a: Clefable
|
|upkeep
|
|t:|1667396463
|switch|p2a: Dragapult|Dragapult, M|82/100
|turn|30
|
|t:|1667396466
|switch|p1a: Corviknight|Corviknight, F|98/100
|-ability|p1a: Corviknight|Pressure
|move|p2a: Dragapult|U-turn|p1a: Corviknight
|-resisted|p1a: Corviknight
|-damage|p1a: Corviknight|96/100
|
|t:|1667396468
|switch|p2a: Volcanion|Volcanion|100/100|[from]move: U-turn
|
|-heal|p1a: Corviknight|100/100|[from] item: Leftovers
|upkeep
|turn|31
|
|t:|1667396470
|move|p2a: Volcanion|Flamethrower|p1a: Corviknight
|-supereffective|p1a: Corviknight
|-damage|p1a: Corviknight|3/100
|move|p1a: Corviknight|U-turn|p2a: Volcanion
|-resisted|p2a: Volcanion
|-damage|p2a: Volcanion|93/100
|
|t:|1667396472
|switch|p1a: Tapu Koko|Tapu Koko|100/100|[from]move: U-turn
|-fieldstart|move: Electric Terrain|[from] ability: Electric Surge|[of] p1a: Tapu Koko
|
|upkeep
|turn|32
|
|t:|1667396476
|switch|p2a: Dragapult|Dragapult, M|82/100
|move|p1a: Tapu Koko|Thunderbolt|p2a: Dragapult
|-resisted|p2a: Dragapult
|-damage|p2a: Dragapult|50/100
|
|upkeep
|turn|33
|
|t:|1667396480
|move|p2a: Dragapult|Shadow Ball|p1a: Tapu Koko
|-damage|p1a: Tapu Koko|26/100
|-unboost|p1a: Tapu Koko|spd|1
|move|p1a: Tapu Koko|Dazzling Gleam|p2a: Dragapult
|-supereffective|p2a: Dragapult
|-damage|p2a: Dragapult|0 fnt
|faint|p2a: Dragapult
|
|upkeep
|
|t:|1667396484
|switch|p2a: Volcanion|Volcanion|93/100
|turn|34
|
|t:|1667396485
|move|p1a: Tapu Koko|Thunderbolt|p2a: Volcanion
|-supereffective|p2a: Volcanion
|-damage|p2a: Volcanion|0 fnt
|faint|p2a: Volcanion
|
|win|Delibird Heart
|n|☆Delibird Heart|delibirdheart
|n|☆justvented|justvented
|n| ASNUFSANGU|asnufsangu
|l|☆justvented
|c|☆Delibird Heart|gg
