|j|☆ramixi0596
|j|☆Makuryu
|t:|1657125170
|gametype|singles
|player|p1|ramixi0596|candice|1699
|player|p2|Makuryu|koga|1701
|teamsize|p1|6
|teamsize|p2|6
|gen|8
|tier|[Gen 8] OU
|rated|
|rule|Sleep Clause Mod: Limit one foe put to sleep
|rule|Species Clause: Limit one of each Pokémon
|rule|OHKO Clause: OHKO moves are banned
|rule|Evasion Moves Clause: Evasion moves are banned
|rule|Endless Battle Clause: Forcing endless battles is banned
|rule|HP Percentage Mod: HP is shown in percentages
|rule|Dynamax Clause: You cannot dynamax
|clearpoke
|poke|p1|Weavile, M|
|poke|p1|Ferrothorn, M|
|poke|p1|Landorus-Therian, M|
|poke|p1|Tapu Fini|
|poke|p1|Heatran, M|
|poke|p1|Tornadus-Therian, M|
|poke|p2|Nihilego|
|poke|p2|Zapdos-Galar|
|poke|p2|Kartana|
|poke|p2|Celesteela|
|poke|p2|Garchomp, M|
|poke|p2|Tapu Fini|
|teampreview
|inactive|Battle timer is ON: inactive players will automatically lose when time's up. (requested by ramixi0596)
|
|t:|1657125182
|start
|switch|p1a: Ferrothorn|Ferrothorn, M|100/100
|switch|p2a: Zapdos|Zapdos-Galar|100/100
|turn|1
|j| Fastbreak 3
|j| Struck Nuts
|
|t:|1657125208
|switch|p1a: Tornadus|Tornadus-Therian, M|100/100
|move|p2a: Zapdos|Close Combat|p1a: Tornadus
|-resisted|p1a: Tornadus
|-damage|p1a: Tornadus|47/100
|-unboost|p2a: Zapdos|def|1
|-unboost|p2a: Zapdos|spd|1
|
|upkeep
|turn|2
|l| Struck Nuts
|
|t:|1657125217
|switch|p2a: Nihilego|Nihilego|100/100
|move|p1a: Tornadus|U-turn|p2a: Nihilego
|-resisted|p2a: Nihilego
|-damage|p2a: Nihilego|90/100
|
|t:|1657125228
|switch|p1a: Ferrothorn|Ferrothorn, M|100/100|[from]move: U-turn
|
|upkeep
|turn|3
|j| Abcdefp
|
|t:|1657125252
|switch|p2a: Garchomp|Garchomp, M|100/100
|move|p1a: Ferrothorn|Stealth Rock|p2a: Garchomp
|-sidestart|p2: Makuryu|move: Stealth Rock
|
|upkeep
|turn|4
|
|t:|1657125264
|switch|p1a: Landorus|Landorus-Therian, M|100/100
|-ability|p1a: Landorus|Intimidate|boost
|-unboost|p2a: Garchomp|atk|1
|move|p2a: Garchomp|Stealth Rock|p1a: Landorus
|-sidestart|p1: ramixi0596|move: Stealth Rock
|
|upkeep
|turn|5
|
|t:|1657125270
|move|p2a: Garchomp|Toxic|p1a: Landorus
|-status|p1a: Landorus|tox
|move|p1a: Landorus|U-turn|p2a: Garchomp
|-damage|p2a: Garchomp|80/100
|-damage|p1a: Landorus|88/100 tox|[from] ability: Rough Skin|[of] p2a: Garchomp
|-damage|p1a: Landorus|72/100 tox|[from] item: Rocky Helmet|[of] p2a: Garchomp
|
|t:|1657125274
|switch|p1a: Weavile|Weavile, M|100/100|[from]move: U-turn
|-ability|p1a: Weavile|Pressure
|
|upkeep
|turn|6
|
|t:|1657125281
|move|p1a: Weavile|Swords Dance|p1a: Weavile
|-boost|p1a: Weavile|atk|2
|move|p2a: Garchomp|Earthquake|p1a: Weavile
|-damage|p1a: Weavile|55/100
|
|upkeep
|turn|7
|
|t:|1657125299
|move|p1a: Weavile|Ice Shard|p2a: Garchomp
|-supereffective|p2a: Garchomp
|-damage|p2a: Garchomp|0 fnt
|faint|p2a: Garchomp
|
|upkeep
|
|t:|1657125309
|switch|p2a: Kartana|Kartana|100/100
|-damage|p2a: Kartana|94/100|[from] Stealth Rock
|turn|8
|
|t:|1657125319
|move|p2a: Kartana|Sacred Sword|p1a: Weavile
|-supereffective|p1a: Weavile
|-damage|p1a: Weavile|0 fnt
|faint|p1a: Weavile
|-ability|p2a: Kartana|Beast Boost|boost
|-boost|p2a: Kartana|atk|1
|
|upkeep
|
|t:|1657125325
|switch|p1a: Tornadus|Tornadus-Therian, M|81/100
|-damage|p1a: Tornadus|56/100|[from] Stealth Rock
|turn|9
|
|t:|1657125332
|switch|p2a: Nihilego|Nihilego|90/100
|-damage|p2a: Nihilego|78/100|[from] Stealth Rock
|move|p1a: Tornadus|Heat Wave|p2a: Nihilego
|-resisted|p2a: Nihilego
|-damage|p2a: Nihilego|70/100
|-status|p2a: Nihilego|brn
|
|-damage|p2a: Nihilego|63/100 brn|[from] brn
|upkeep
|turn|10
|
|t:|1657125341
|move|p1a: Tornadus|U-turn|p2a: Nihilego
|-resisted|p2a: Nihilego
|-damage|p2a: Nihilego|53/100 brn
|
|t:|1657125344
|switch|p1a: Ferrothorn|Ferrothorn, M|100/100|[from]move: U-turn
|-damage|p1a: Ferrothorn|94/100|[from] Stealth Rock
|move|p2a: Nihilego|Meteor Beam||[still]
|-prepare|p2a: Nihilego|Meteor Beam
|-boost|p2a: Nihilego|spa|1
|-enditem|p2a: Nihilego|Power Herb
|-anim|p2a: Nihilego|Meteor Beam|p1a: Ferrothorn
|-resisted|p1a: Ferrothorn
|-damage|p1a: Ferrothorn|58/100
|
|-damage|p2a: Nihilego|46/100 brn|[from] brn
|upkeep
|turn|11
|
|t:|1657125355
|move|p2a: Nihilego|Power Gem|p1a: Ferrothorn
|-resisted|p1a: Ferrothorn
|-damage|p1a: Ferrothorn|31/100
|move|p1a: Ferrothorn|Leech Seed|p2a: Nihilego
|-start|p2a: Nihilego|move: Leech Seed
|
|-damage|p2a: Nihilego|34/100 brn|[from] Leech Seed|[of] p1a: Ferrothorn
|-heal|p1a: Ferrothorn|43/100|[silent]
|-damage|p2a: Nihilego|28/100 brn|[from] brn
|upkeep
|turn|12
|
|t:|1657125363
|move|p2a: Nihilego|Power Gem|p1a: Ferrothorn
|-resisted|p1a: Ferrothorn
|-damage|p1a: Ferrothorn|18/100
|move|p1a: Ferrothorn|Gyro Ball|p2a: Nihilego
|-supereffective|p2a: Nihilego
|-damage|p2a: Nihilego|0 fnt
|faint|p2a: Nihilego
|
|upkeep
|
|t:|1657125371
|switch|p2a: Kartana|Kartana|94/100
|-damage|p2a: Kartana|88/100|[from] Stealth Rock
|turn|13
|
|t:|1657125377
|move|p2a: Kartana|Knock Off|p1a: Ferrothorn
|-damage|p1a: Ferrothorn|0 fnt
|-damage|p2a: Kartana|76/100|[from] ability: Iron Barbs|[of] p1a: Ferrothorn
|-damage|p2a: Kartana|59/100|[from] item: Rocky Helmet|[of] p1a: Ferrothorn
|-enditem|p1a: Ferrothorn|Rocky Helmet|[from] move: Knock Off|[of] p2a: Kartana
|faint|p1a: Ferrothorn
|-ability|p2a: Kartana|Beast Boost|boost
|-boost|p2a: Kartana|atk|1
|
|upkeep
|
|t:|1657125382
|switch|p1a: Tapu Fini|Tapu Fini|100/100
|-damage|p1a: Tapu Fini|88/100|[from] Stealth Rock
|-fieldstart|move: Misty Terrain|[from] ability: Misty Surge|[of] p1a: Tapu Fini
|turn|14
|
|t:|1657125393
|switch|p2a: Tapu Fini|Tapu Fini|100/100
|-damage|p2a: Tapu Fini|88/100|[from] Stealth Rock
|move|p1a: Tapu Fini|Nature's Madness|p2a: Tapu Fini
|-damage|p2a: Tapu Fini|45/100
|
|-heal|p2a: Tapu Fini|51/100|[from] item: Leftovers
|-heal|p1a: Tapu Fini|94/100|[from] item: Leftovers
|upkeep
|turn|15
|l| Fastbreak 3
|
|t:|1657125411
|move|p2a: Tapu Fini|Calm Mind|p2a: Tapu Fini
|-boost|p2a: Tapu Fini|spa|1
|-boost|p2a: Tapu Fini|spd|1
|move|p1a: Tapu Fini|Moonblast|p2a: Tapu Fini
|-damage|p2a: Tapu Fini|34/100
|
|-heal|p2a: Tapu Fini|40/100|[from] item: Leftovers
|-heal|p1a: Tapu Fini|99/100|[from] item: Leftovers
|upkeep
|turn|16
|
|t:|1657125421
|move|p2a: Tapu Fini|Taunt|p1a: Tapu Fini
|-start|p1a: Tapu Fini|move: Taunt
|move|p1a: Tapu Fini|Whirlpool|p2a: Tapu Fini|[miss]
|-miss|p1a: Tapu Fini|p2a: Tapu Fini
|
|-heal|p2a: Tapu Fini|46/100|[from] item: Leftovers
|-heal|p1a: Tapu Fini|100/100|[from] item: Leftovers
|upkeep
|turn|17
|
|t:|1657125429
|move|p2a: Tapu Fini|Calm Mind|p2a: Tapu Fini
|-boost|p2a: Tapu Fini|spa|1
|-boost|p2a: Tapu Fini|spd|1
|move|p1a: Tapu Fini|Whirlpool|p2a: Tapu Fini
|-resisted|p2a: Tapu Fini
|-damage|p2a: Tapu Fini|44/100
|-activate|p2a: Tapu Fini|move: Whirlpool|[of] p1a: Tapu Fini
|
|-heal|p2a: Tapu Fini|50/100|[from] item: Leftovers
|-damage|p2a: Tapu Fini|38/100|[from] move: Whirlpool|[partiallytrapped]
|upkeep
|turn|18
|
|t:|1657125438
|move|p2a: Tapu Fini|Draining Kiss|p1a: Tapu Fini
|-damage|p1a: Tapu Fini|72/100
|-heal|p2a: Tapu Fini|59/100|[from] drain|[of] p1a: Tapu Fini
|move|p1a: Tapu Fini|Nature's Madness|p2a: Tapu Fini
|-damage|p2a: Tapu Fini|30/100
|
|-heal|p2a: Tapu Fini|36/100|[from] item: Leftovers
|-heal|p1a: Tapu Fini|78/100|[from] item: Leftovers
|-damage|p2a: Tapu Fini|24/100|[from] move: Whirlpool|[partiallytrapped]
|-end|p1a: Tapu Fini|move: Taunt
|-fieldend|Misty Terrain
|upkeep
|turn|19
|
|t:|1657125450
|move|p2a: Tapu Fini|Draining Kiss|p1a: Tapu Fini
|-damage|p1a: Tapu Fini|53/100
|-heal|p2a: Tapu Fini|43/100|[from] drain|[of] p1a: Tapu Fini
|move|p1a: Tapu Fini|Nature's Madness|p2a: Tapu Fini
|-damage|p2a: Tapu Fini|22/100
|
|-heal|p2a: Tapu Fini|28/100|[from] item: Leftovers
|-heal|p1a: Tapu Fini|59/100|[from] item: Leftovers
|-damage|p2a: Tapu Fini|16/100|[from] move: Whirlpool|[partiallytrapped]
|upkeep
|turn|20
|
|t:|1657125461
|move|p2a: Tapu Fini|Draining Kiss|p1a: Tapu Fini
|-damage|p1a: Tapu Fini|29/100
|-heal|p2a: Tapu Fini|38/100|[from] drain|[of] p1a: Tapu Fini
|move|p1a: Tapu Fini|Nature's Madness|p2a: Tapu Fini
|-damage|p2a: Tapu Fini|19/100
|
|-heal|p2a: Tapu Fini|26/100|[from] item: Leftovers
|-heal|p1a: Tapu Fini|35/100|[from] item: Leftovers
|-damage|p2a: Tapu Fini|13/100|[from] move: Whirlpool|[partiallytrapped]
|upkeep
|turn|21
|
|t:|1657125471
|move|p2a: Tapu Fini|Draining Kiss|p1a: Tapu Fini
|-damage|p1a: Tapu Fini|6/100
|-heal|p2a: Tapu Fini|35/100|[from] drain|[of] p1a: Tapu Fini
|move|p1a: Tapu Fini|Nature's Madness|p2a: Tapu Fini
|-damage|p2a: Tapu Fini|18/100
|
|-heal|p2a: Tapu Fini|24/100|[from] item: Leftovers
|-heal|p1a: Tapu Fini|12/100|[from] item: Leftovers
|-damage|p2a: Tapu Fini|12/100|[from] move: Whirlpool|[partiallytrapped]
|upkeep
|turn|22
|
|t:|1657125481
|move|p2a: Tapu Fini|Draining Kiss|p1a: Tapu Fini
|-damage|p1a: Tapu Fini|0 fnt
|-heal|p2a: Tapu Fini|21/100|[from] drain|[of] p1a: Tapu Fini
|faint|p1a: Tapu Fini
|
|-heal|p2a: Tapu Fini|27/100|[from] item: Leftovers
|-end|p2a: Tapu Fini|Whirlpool|[partiallytrapped]
|upkeep
|
|t:|1657125499
|switch|p1a: Tornadus|Tornadus-Therian, M|89/100
|-damage|p1a: Tornadus|64/100|[from] Stealth Rock
|turn|23
|
|t:|1657125510
|move|p1a: Tornadus|Hurricane|p2a: Tapu Fini
|-damage|p2a: Tapu Fini|11/100
|-start|p2a: Tapu Fini|confusion
|-activate|p2a: Tapu Fini|confusion
|-damage|p2a: Tapu Fini|7/100|[from] confusion
|
|-heal|p2a: Tapu Fini|13/100|[from] item: Leftovers
|upkeep
|turn|24
|
|t:|1657125518
|move|p1a: Tornadus|Hurricane|p2a: Tapu Fini
|-damage|p2a: Tapu Fini|0 fnt
|faint|p2a: Tapu Fini
|
|upkeep
|
|t:|1657125528
|switch|p2a: Celesteela|Celesteela|100/100
|-damage|p2a: Celesteela|88/100|[from] Stealth Rock
|turn|25
|
|t:|1657125532
|move|p1a: Tornadus|U-turn|p2a: Celesteela
|-resisted|p2a: Celesteela
|-damage|p2a: Celesteela|85/100
|
|t:|1657125540
|switch|p1a: Heatran|Heatran, M|100/100|[from]move: U-turn
|-damage|p1a: Heatran|88/100|[from] Stealth Rock
|-item|p1a: Heatran|Air Balloon
|move|p2a: Celesteela|Autotomize|p2a: Celesteela
|-boost|p2a: Celesteela|spe|2
|-start|p2a: Celesteela|Autotomize
|
|upkeep
|turn|26
|
|t:|1657125550
|move|p2a: Celesteela|Meteor Beam||[still]
|-prepare|p2a: Celesteela|Meteor Beam
|-boost|p2a: Celesteela|spa|1
|-enditem|p2a: Celesteela|Power Herb
|-anim|p2a: Celesteela|Meteor Beam|p1a: Heatran|[miss]
|-miss|p2a: Celesteela|p1a: Heatran
|move|p1a: Heatran|Eruption|p2a: Celesteela
|-supereffective|p2a: Celesteela
|-damage|p2a: Celesteela|0 fnt
|faint|p2a: Celesteela
|
|upkeep
|
|t:|1657125560
|switch|p2a: Zapdos|Zapdos-Galar|100/100
|-damage|p2a: Zapdos|88/100|[from] Stealth Rock
|turn|27
|
|t:|1657125570
|move|p2a: Zapdos|Close Combat|p1a: Heatran
|-supereffective|p1a: Heatran
|-damage|p1a: Heatran|0 fnt
|-unboost|p2a: Zapdos|def|1
|-unboost|p2a: Zapdos|spd|1
|-enditem|p1a: Heatran|Air Balloon
|faint|p1a: Heatran
|
|upkeep
|
|t:|1657125573
|switch|p1a: Tornadus|Tornadus-Therian, M|97/100
|-damage|p1a: Tornadus|72/100|[from] Stealth Rock
|turn|28
|
|t:|1657125579
|move|p1a: Tornadus|Hurricane|p2a: Zapdos|[miss]
|-miss|p1a: Tornadus|p2a: Zapdos
|move|p2a: Zapdos|Close Combat|p1a: Tornadus
|-resisted|p1a: Tornadus
|-damage|p1a: Tornadus|21/100
|-unboost|p2a: Zapdos|def|1
|-unboost|p2a: Zapdos|spd|1
|
|upkeep
|turn|29
|
|t:|1657125590
|move|p1a: Tornadus|Hurricane|p2a: Zapdos|[miss]
|-miss|p1a: Tornadus|p2a: Zapdos
|move|p2a: Zapdos|Close Combat|p1a: Tornadus
|-resisted|p1a: Tornadus
|-damage|p1a: Tornadus|0 fnt
|-unboost|p2a: Zapdos|def|1
|-unboost|p2a: Zapdos|spd|1
|faint|p1a: Tornadus
|
|upkeep
|
|t:|1657125591
|switch|p1a: Landorus|Landorus-Therian, M|72/100 tox
|-damage|p1a: Landorus|59/100 tox|[from] Stealth Rock
|-ability|p1a: Landorus|Intimidate|boost
|-unboost|p2a: Zapdos|atk|1
|-ability|p2a: Zapdos|Defiant
|-boost|p2a: Zapdos|atk|2
|turn|30
|
|t:|1657125604
|move|p2a: Zapdos|Close Combat|p1a: Landorus
|-resisted|p1a: Landorus
|-damage|p1a: Landorus|0 fnt
|-unboost|p2a: Zapdos|def|1
|-unboost|p2a: Zapdos|spd|1
|faint|p1a: Landorus
|
|win|Makuryu
|raw|ramixi0596's rating: 1699 &rarr; <strong>1679</strong><br />(-20 for losing)
|raw|Makuryu's rating: 1701 &rarr; <strong>1721</strong><br />(+20 for winning)
|l|☆Makuryu
|l|☆ramixi0596
||Ladder isn't responding, score probably updated but might not have (Request timeout).
