|raw|<div class="broadcast-blue"><strong>This battle is required to be public due to a player having a name starting with 'lt92pf'.</div>
|j|☆lt92pf mind
|j|‽balerion1
|t:|1660238818
|gametype|singles
|player|p1|lt92pf mind|hilbert|1973
|player|p2|balerion1|ballguy|1825
|teamsize|p1|6
|teamsize|p2|6
|gen|8
|tier|[Gen 8] OU
|rated|
|rule|Sleep Clause Mod: Limit one foe put to sleep
|rule|Species Clause: Limit one of each Pokémon
|rule|OHKO Clause: OHKO moves are banned
|rule|Evasion Items Clause: Evasion items are banned
|rule|Evasion Moves Clause: Evasion moves are banned
|rule|Endless Battle Clause: Forcing endless battles is banned
|rule|HP Percentage Mod: HP is shown in percentages
|rule|Dynamax Clause: You cannot dynamax
|clearpoke
|poke|p1|Nidoking, M|
|poke|p1|Dragonite, F|
|poke|p1|Crawdaunt, F|
|poke|p1|Weavile, M|
|poke|p1|Heatran, M|
|poke|p1|Rillaboom, F|
|poke|p2|Corviknight, F|
|poke|p2|Espeon, M|
|poke|p2|Tapu Lele|
|poke|p2|Polteageist|
|poke|p2|Cloyster, M|
|poke|p2|Omastar, F|
|teampreview
|j| Plasmeek
|
|t:|1660238833
|start
|switch|p1a: Heatran|Heatran, M|100/100
|switch|p2a: Tapu Lele|Tapu Lele|100/100
|-fieldstart|move: Psychic Terrain|[from] ability: Psychic Surge|[of] p2a: Tapu Lele
|-item|p1a: Heatran|Air Balloon
|turn|1
|
|t:|1660238837
|switch|p2a: Espeon|Espeon, M|100/100
|move|p1a: Heatran|Magma Storm|p2a: Espeon
|-damage|p2a: Espeon|43/100
|-activate|p2a: Espeon|move: Magma Storm|[of] p1a: Heatran
|-enditem|p2a: Espeon|Eject Button
|
|t:|1660238839
|switch|p2a: Omastar|Omastar, F|100/100
|
|upkeep
|turn|2
|j| LT92PF Black Lotus
|j| LT92PF pop smoke
|j| LT92PF Dasmer
|j| LT92PF Pais
|l| LT92PF Pais
|j| Screaming light
|
|t:|1660238869
|move|p1a: Heatran|Toxic|p2a: Omastar
|-status|p2a: Omastar|tox
|move|p2a: Omastar|Shell Smash|p2a: Omastar
|-unboost|p2a: Omastar|def|1
|-unboost|p2a: Omastar|spd|1
|-boost|p2a: Omastar|atk|2
|-boost|p2a: Omastar|spa|2
|-boost|p2a: Omastar|spe|2
|
|-damage|p2a: Omastar|94/100 tox|[from] psn
|upkeep
|turn|3
|j| LT92PF Pais
|j| LT92PF Lennart
|j| 2d pancakes
|
|t:|1660238905
|switch|p1a: Nidoking|Nidoking, M|100/100
|move|p2a: Omastar|Hydro Pump|p1a: Nidoking
|-supereffective|p1a: Nidoking
|-damage|p1a: Nidoking|0 fnt
|faint|p1a: Nidoking
|
|-damage|p2a: Omastar|82/100 tox|[from] psn
|upkeep
|
|t:|1660238907
|switch|p1a: Rillaboom|Rillaboom, F|100/100
|-fieldstart|move: Grassy Terrain|[from] ability: Grassy Surge|[of] p1a: Rillaboom
|turn|4
|j| LT92PF Futility
|
|t:|1660238918
|switch|p2a: Corviknight|Corviknight, F|100/100
|-ability|p2a: Corviknight|Pressure
|move|p1a: Rillaboom|Grassy Glide|p2a: Corviknight
|-resisted|p2a: Corviknight
|-damage|p2a: Corviknight|86/100
|-damage|p1a: Rillaboom|90/100|[from] item: Life Orb
|
|-heal|p1a: Rillaboom|97/100|[from] Grassy Terrain
|-heal|p2a: Corviknight|92/100|[from] item: Leftovers
|upkeep
|turn|5
|l| LT92PF Futility
|
|t:|1660238924
|switch|p1a: Heatran|Heatran, M|100/100
|-item|p1a: Heatran|Air Balloon
|switch|p2a: Tapu Lele|Tapu Lele|100/100
|-fieldstart|move: Psychic Terrain|[from] ability: Psychic Surge|[of] p2a: Tapu Lele
|
|upkeep
|turn|6
|l| LT92PF Pais
|
|t:|1660238933
|switch|p2a: Espeon|Espeon, M|43/100
|move|p1a: Heatran|Magma Storm|p2a: Espeon
|-damage|p2a: Espeon|0 fnt
|faint|p2a: Espeon
|
|upkeep
|
|t:|1660238937
|switch|p2a: Cloyster|Cloyster, M|100/100
|turn|7
|inactive|Battle timer is ON: inactive players will automatically lose when time's up. (requested by balerion1)
|
|t:|1660238941
|move|p2a: Cloyster|Liquidation|p1a: Heatran
|-supereffective|p1a: Heatran
|-damage|p1a: Heatran|45/100
|-status|p2a: Cloyster|brn|[from] ability: Flame Body|[of] p1a: Heatran
|-enditem|p1a: Heatran|Air Balloon
|move|p1a: Heatran|Magma Storm|p2a: Cloyster|[miss]
|-miss|p1a: Heatran|p2a: Cloyster
|
|-damage|p2a: Cloyster|94/100 brn|[from] brn
|upkeep
|turn|8
|
|t:|1660238948
|move|p2a: Cloyster|Shell Smash|p2a: Cloyster
|-unboost|p2a: Cloyster|def|1
|-unboost|p2a: Cloyster|spd|1
|-boost|p2a: Cloyster|atk|2
|-boost|p2a: Cloyster|spa|2
|-boost|p2a: Cloyster|spe|2
|move|p1a: Heatran|Stealth Rock|p2a: Cloyster
|-sidestart|p2: balerion1|move: Stealth Rock
|
|-damage|p2a: Cloyster|88/100 brn|[from] brn
|upkeep
|turn|9
|
|t:|1660238952
|move|p2a: Cloyster|Liquidation|p1a: Heatran
|-supereffective|p1a: Heatran
|-damage|p1a: Heatran|0 fnt
|faint|p1a: Heatran
|
|-damage|p2a: Cloyster|82/100 brn|[from] brn
|upkeep
|
|t:|1660238966
|switch|p1a: Rillaboom|Rillaboom, F|97/100
|-fieldstart|move: Grassy Terrain|[from] ability: Grassy Surge|[of] p1a: Rillaboom
|turn|10
|
|t:|1660238971
|move|p1a: Rillaboom|Grassy Glide|p2a: Cloyster
|-supereffective|p2a: Cloyster
|-damage|p2a: Cloyster|0 fnt
|faint|p2a: Cloyster
|-damage|p1a: Rillaboom|87/100|[from] item: Life Orb
|
|-heal|p1a: Rillaboom|93/100|[from] Grassy Terrain
|upkeep
|
|t:|1660238972
|switch|p2a: Corviknight|Corviknight, F|92/100
|-damage|p2a: Corviknight|80/100|[from] Stealth Rock
|-ability|p2a: Corviknight|Pressure
|turn|11
|
|t:|1660238980
|move|p1a: Rillaboom|Swords Dance|p1a: Rillaboom
|-boost|p1a: Rillaboom|atk|2
|move|p2a: Corviknight|Bulk Up|p2a: Corviknight
|-boost|p2a: Corviknight|atk|1
|-boost|p2a: Corviknight|def|1
|
|-heal|p1a: Rillaboom|99/100|[from] Grassy Terrain
|-heal|p2a: Corviknight|86/100|[from] item: Leftovers
|upkeep
|turn|12
|inactive|lt92pf mind has 120 seconds left.
|
|t:|1660239011
|move|p1a: Rillaboom|Swords Dance|p1a: Rillaboom
|-boost|p1a: Rillaboom|atk|2
|move|p2a: Corviknight|Brave Bird|p1a: Rillaboom
|-supereffective|p1a: Rillaboom
|-crit|p1a: Rillaboom
|-damage|p1a: Rillaboom|0 fnt
|faint|p1a: Rillaboom
|-damage|p2a: Corviknight|53/100|[from] Recoil
|
|-heal|p2a: Corviknight|60/100|[from] item: Leftovers
|upkeep
|
|t:|1660239014
|switch|p1a: Crawdaunt|Crawdaunt, F|100/100
|turn|13
|j| playa13
|inactive|balerion1 has 120 seconds left.
|
|t:|1660239045
|move|p1a: Crawdaunt|Swords Dance|p1a: Crawdaunt
|-boost|p1a: Crawdaunt|atk|2
|move|p2a: Corviknight|Brave Bird|p1a: Crawdaunt
|-damage|p1a: Crawdaunt|18/100
|-damage|p2a: Corviknight|42/100|[from] Recoil
|
|-heal|p1a: Crawdaunt|24/100|[from] Grassy Terrain
|-heal|p2a: Corviknight|48/100|[from] item: Leftovers
|upkeep
|turn|14
|inactive|balerion1 has 120 seconds left.
|
|t:|1660239064
|move|p1a: Crawdaunt|Knock Off|p2a: Corviknight
|-crit|p2a: Corviknight
|-damage|p2a: Corviknight|0 fnt
|-enditem|p2a: Corviknight|Leftovers|[from] move: Knock Off|[of] p1a: Crawdaunt
|faint|p2a: Corviknight
|-damage|p1a: Crawdaunt|15/100|[from] item: Life Orb
|
|-heal|p1a: Crawdaunt|21/100|[from] Grassy Terrain
|-fieldend|move: Grassy Terrain
|upkeep
|
|t:|1660239065
|switch|p2a: Tapu Lele|Tapu Lele|100/100
|-damage|p2a: Tapu Lele|88/100|[from] Stealth Rock
|-fieldstart|move: Psychic Terrain|[from] ability: Psychic Surge|[of] p2a: Tapu Lele
|turn|15
|
|t:|1660239075
|move|p2a: Tapu Lele|Moonblast|p1a: Crawdaunt
|-supereffective|p1a: Crawdaunt
|-damage|p1a: Crawdaunt|0 fnt
|faint|p1a: Crawdaunt
|
|upkeep
|
|t:|1660239092
|switch|p1a: Weavile|Weavile, M|100/100
|turn|16
|
|t:|1660239106
|move|p1a: Weavile|Knock Off|p2a: Tapu Lele
|-damage|p2a: Tapu Lele|0 fnt
|-enditem|p2a: Tapu Lele|Terrain Extender|[from] move: Knock Off|[of] p1a: Weavile
|faint|p2a: Tapu Lele
|-damage|p1a: Weavile|91/100|[from] item: Life Orb
|
|upkeep
|
|t:|1660239108
|switch|p2a: Omastar|Omastar, F|82/100 tox
|-damage|p2a: Omastar|70/100 tox|[from] Stealth Rock
|turn|17
|l| LT92PF Black Lotus
|
|t:|1660239129
|move|p1a: Weavile|Knock Off|p2a: Omastar
|-damage|p2a: Omastar|11/100 tox
|-ability|p2a: Omastar|Weak Armor|boost
|-unboost|p2a: Omastar|def|1
|-boost|p2a: Omastar|spe|2
|-enditem|p2a: Omastar|Focus Sash|[from] move: Knock Off|[of] p1a: Weavile
|-damage|p1a: Weavile|81/100|[from] item: Life Orb
|move|p2a: Omastar|Hydro Pump|p1a: Weavile
|-damage|p1a: Weavile|0 fnt
|faint|p1a: Weavile
|
|-damage|p2a: Omastar|5/100 tox|[from] psn
|upkeep
|
|t:|1660239138
|switch|p1a: Dragonite|Dragonite, F|100/100
|turn|18
|
|t:|1660239153
|move|p2a: Omastar|Ice Beam|p1a: Dragonite
|-supereffective|p1a: Dragonite
|-damage|p1a: Dragonite|31/100
|move|p1a: Dragonite|Dragon Dance|p1a: Dragonite
|-boost|p1a: Dragonite|atk|1
|-boost|p1a: Dragonite|spe|1
|
|-damage|p2a: Omastar|0 fnt|[from] psn
|faint|p2a: Omastar
|upkeep
|
|t:|1660239155
|switch|p2a: Polteageist|Polteageist|100/100
|-damage|p2a: Polteageist|88/100|[from] Stealth Rock
|turn|19
|
|t:|1660239157
|move|p1a: Dragonite|Earthquake|p2a: Polteageist
|-damage|p2a: Polteageist|0 fnt
|faint|p2a: Polteageist
|
|win|lt92pf mind
|raw|lt92pf mind's rating: 1973 &rarr; <strong>1983</strong><br />(+10 for winning)
|raw|balerion1's rating: 1775 &rarr; <strong>1765</strong><br />(-10 for losing)
|j| Tace
|l|‽balerion1
|l| Screaming light
|l| LT92PF Lennart
|l| Plasmeek
|l|☆lt92pf mind
||Ladder isn't responding, score probably updated but might not have (Request timeout).
|l| Tace
|l| LT92PF pop smoke
