|j|☆beastyj157
|j|☆Bayb The 2nd
|inactive|Battle timer is ON: inactive players will automatically lose when time's up.
|t:|1640182240
|gametype|singles
|player|p1|beastyj157|veteran|
|player|p2|Bayb The 2nd|acetrainer|
|teamsize|p1|6
|teamsize|p2|6
|gen|8
|tier|[Gen 8] OU
|rated|Tournament battle
|rule|Sleep Clause Mod: Limit one foe put to sleep
|rule|Species Clause: Limit one of each Pokémon
|rule|OHKO Clause: OHKO moves are banned
|rule|Evasion Moves Clause: Evasion moves are banned
|rule|Endless Battle Clause: Forcing endless battles is banned
|rule|HP Percentage Mod: HP is shown in percentages
|rule|Dynamax Clause: You cannot dynamax
|clearpoke
|poke|p1|Weavile, M|
|poke|p1|Dragapult, F|
|poke|p1|Zapdos|
|poke|p1|Heatran, F|
|poke|p1|Nidoking, M|
|poke|p1|Blissey, F|
|poke|p2|Heracross, M|
|poke|p2|Zoroark, F|
|poke|p2|Slowking, M|
|poke|p2|Steelix, M|
|poke|p2|Corviknight, M|
|poke|p2|Hawlucha, F|
|teampreview
|inactive|beastyj157 also wants the timer to be on.
|j| CJ42069
|j| fruityiscool423
|c|☆beastyj157|Hf
|c|☆Bayb The 2nd|hf
|j| MythicalEon
|
|t:|1640182256
|start
|switch|p1a: Dpult|Dragapult, F|100/100
|switch|p2a: Slowking|Slowking, M|100/100
|turn|1
|
|t:|1640182267
|move|p1a: Dpult|Shadow Ball|p2a: Slowking
|-supereffective|p2a: Slowking
|-damage|p2a: Slowking|50/100
|move|p2a: Slowking|Ice Beam|p1a: Dpult
|-supereffective|p1a: Dpult
|-damage|p1a: Dpult|30/100
|
|upkeep
|turn|2
|j| username 16
|
|t:|1640182276
|switch|p2a: Heracross|Heracross, M|100/100
|move|p1a: Dpult|Shadow Ball|p2a: Heracross
|-damage|p2a: Heracross|37/100
|
|upkeep
|turn|3
|
|t:|1640182281
|switch|p1a: Zappy|Zapdos|100/100
|move|p2a: Heracross|Knock Off|p1a: Zappy
|-damage|p1a: Zappy|73/100
|-enditem|p1a: Zappy|Heavy-Duty Boots|[from] move: Knock Off|[of] p2a: Heracross
|
|upkeep
|turn|4
|
|t:|1640182289
|switch|p2a: Slowking|Slowking, M|83/100
|move|p1a: Zappy|Hurricane|p2a: Slowking
|-damage|p2a: Slowking|60/100
|
|upkeep
|turn|5
|
|t:|1640182296
|switch|p2a: Steelix|Steelix, M|100/100
|move|p1a: Zappy|Discharge|p2a: Steelix
|-immune|p2a: Steelix
|
|upkeep
|turn|6
|
|t:|1640182305
|switch|p1a: Blissey|Blissey, F|100/100
|switch|p2a: Slowking|Slowking, M|93/100
|
|upkeep
|turn|7
|j| Anonymous43567
|
|t:|1640182310
|switch|p2a: Steelix|Steelix, M|100/100
|move|p1a: Blissey|Toxic|p2a: Steelix
|-immune|p2a: Steelix
|
|upkeep
|turn|8
|
|t:|1640182313
|move|p1a: Blissey|Seismic Toss|p2a: Steelix
|-damage|p2a: Steelix|72/100
|move|p2a: Steelix|Stealth Rock|p1a: Blissey
|-sidestart|p1: beastyj157|move: Stealth Rock
|
|-heal|p2a: Steelix|78/100|[from] item: Leftovers
|upkeep
|turn|9
|c| CJ42069|Thigng About To Happen
|
|t:|1640182328
|switch|p2a: Heracross|Heracross, M|37/100
|move|p1a: Blissey|Teleport|p1a: Blissey
|
|t:|1640182338
|switch|p1a: Zappy|Zapdos|73/100|[from]move: Teleport
|-damage|p1a: Zappy|49/100|[from] Stealth Rock
|
|upkeep
|turn|10
|
|t:|1640182342
|move|p2a: Heracross|Stone Edge|p1a: Zappy|[miss]
|-miss|p2a: Heracross|p1a: Zappy
|move|p1a: Zappy|Roost|p1a: Zappy
|-heal|p1a: Zappy|99/100
|-singleturn|p1a: Zappy|move: Roost
|
|upkeep
|turn|11
|
|t:|1640182348
|switch|p1a: Nidoking|Nidoking, M|100/100
|-damage|p1a: Nidoking|95/100|[from] Stealth Rock
|move|p2a: Heracross|Stone Edge|p1a: Nidoking
|-resisted|p1a: Nidoking
|-damage|p1a: Nidoking|70/100
|
|upkeep
|turn|12
|
|t:|1640182358
|switch|p2a: Slowking|Slowking, M|100/100
|move|p1a: Nidoking|Sludge Wave|p2a: Slowking
|-damage|p2a: Slowking|69/100
|
|upkeep
|turn|13
|
|t:|1640182368
|switch|p1a: Blissey|Blissey, F|100/100
|move|p2a: Slowking|Psyshock|p1a: Blissey
|-crit|p1a: Blissey
|-damage|p1a: Blissey|53/100
|
|upkeep
|turn|14
|c| CJ42069|Teleportin Around The Map
|
|t:|1640182375
|switch|p2a: Heracross|Heracross, M|37/100
|move|p1a: Blissey|Soft-Boiled|p1a: Blissey
|-heal|p1a: Blissey|100/100
|
|upkeep
|turn|15
|j| AlIoutdragadarts
|l| AlIoutdragadarts
|
|t:|1640182382
|move|p2a: Heracross|Knock Off|p1a: Blissey
|-damage|p1a: Blissey|73/100
|-enditem|p1a: Blissey|Heavy-Duty Boots|[from] move: Knock Off|[of] p2a: Heracross
|move|p1a: Blissey|Seismic Toss|p2a: Heracross
|-damage|p2a: Heracross|4/100
|
|upkeep
|turn|16
|
|t:|1640182390
|switch|p2a: Steelix|Steelix, M|78/100
|move|p1a: Blissey|Teleport|p1a: Blissey
|
|t:|1640182393
|switch|p1a: Nidoking|Nidoking, M|70/100|[from]move: Teleport
|-damage|p1a: Nidoking|64/100|[from] Stealth Rock
|
|-heal|p2a: Steelix|85/100|[from] item: Leftovers
|upkeep
|turn|17
|
|t:|1640182397
|switch|p2a: Slowking|Slowking, M|100/100
|move|p1a: Nidoking|Earth Power|p2a: Slowking
|-damage|p2a: Slowking|70/100
|
|upkeep
|turn|18
|j| AFreeVirus!
|
|t:|1640182409
|switch|p1a: Calamity|Weavile, M|100/100
|-ability|p1a: Calamity|Pressure
|switch|p2a: Heracross|Heracross, M|4/100
|
|upkeep
|turn|19
|c| CJ42069|A Crit
|
|t:|1640182415
|switch|p2a: Steelix|Steelix, M|85/100
|move|p1a: Calamity|Ice Shard|p2a: Steelix
|-damage|p2a: Steelix|76/100
|
|-heal|p2a: Steelix|82/100|[from] item: Leftovers
|upkeep
|turn|20
|
|t:|1640182427
|switch|p1a: Blissey|Blissey, F|73/100
|-damage|p1a: Blissey|60/100|[from] Stealth Rock
|move|p2a: Steelix|Roar|p1a: Blissey
|drag|p1a: Dpult|Dragapult, F|30/100
|-damage|p1a: Dpult|18/100|[from] Stealth Rock
|
|-heal|p2a: Steelix|88/100|[from] item: Leftovers
|upkeep
|turn|21
|
|t:|1640182440
|move|p1a: Dpult|Shadow Ball|p2a: Steelix
|-damage|p2a: Steelix|21/100
|move|p2a: Steelix|Heavy Slam|p1a: Dpult
|-damage|p1a: Dpult|0 fnt
|faint|p1a: Dpult
|
|-heal|p2a: Steelix|28/100|[from] item: Leftovers
|upkeep
|c|☆beastyj157|Nooo
|c|☆beastyj157|dm
|
|t:|1640182450
|switch|p1a: Calamity|Weavile, M|100/100
|-ability|p1a: Calamity|Pressure
|turn|22
|
|t:|1640182454
|move|p1a: Calamity|Triple Axel|p2a: Steelix
|-damage|p2a: Steelix|23/100
|-damage|p2a: Steelix|15/100
|-damage|p2a: Steelix|2/100
|-hitcount|p2a: Steelix|3
|move|p2a: Steelix|Heavy Slam|p1a: Calamity
|-supereffective|p1a: Calamity
|-damage|p1a: Calamity|0 fnt
|faint|p1a: Calamity
|
|-heal|p2a: Steelix|9/100|[from] item: Leftovers
|upkeep
|c|☆beastyj157|._.
|
|t:|1640182472
|switch|p1a: Zappy|Zapdos|99/100
|-damage|p1a: Zappy|74/100|[from] Stealth Rock
|turn|23
|l| Anonymous43567
|
|t:|1640182476
|move|p1a: Zappy|Hurricane|p2a: Steelix
|-resisted|p2a: Steelix
|-damage|p2a: Steelix|0 fnt
|faint|p2a: Steelix
|
|upkeep
|j| is u even sayin
|j| Anonymous43567
|c| CJ42069|Regenerator Slowking
|
|t:|1640182488
|switch|p2a: Corviknight|Corviknight, M|100/100
|turn|24
|
|t:|1640182493
|move|p2a: Corviknight|Dark Pulse|p1a: Zappy
|-damage|p1a: Zappy|12/100
|move|p1a: Zappy|Discharge|p2a: Corviknight
|-damage|p2a: Corviknight|34/100
|replace|p2a: Zoroark|Zoroark, F
|-end|p2a: Zoroark|Illusion
|
|upkeep
|turn|25
|
|t:|1640182504
|switch|p1a: Blissey|Blissey, F|60/100
|-damage|p1a: Blissey|48/100|[from] Stealth Rock
|move|p2a: Zoroark|Dark Pulse|p1a: Blissey
|-damage|p1a: Blissey|28/100
|
|upkeep
|turn|26
|
|t:|1640182510
|switch|p2a: Heracross|Heracross, M|4/100
|move|p1a: Blissey|Soft-Boiled|p1a: Blissey
|-heal|p1a: Blissey|78/100
|
|upkeep
|turn|27
|
|t:|1640182517
|switch|p1a: Zappy|Zapdos|12/100
|-damage|p1a: Zappy|0 fnt|[from] Stealth Rock
|faint|p1a: Zappy
|move|p2a: Heracross|Close Combat|p1: Zappy|[notarget]
|-fail|p2a: Heracross
|
|upkeep
|
|t:|1640182521
|switch|p1a: Nidoking|Nidoking, M|64/100
|-damage|p1a: Nidoking|58/100|[from] Stealth Rock
|turn|28
|
|t:|1640182535
|move|p2a: Heracross|Close Combat|p1a: Nidoking
|-resisted|p1a: Nidoking
|-damage|p1a: Nidoking|12/100
|-unboost|p2a: Heracross|def|1
|-unboost|p2a: Heracross|spd|1
|move|p1a: Nidoking|Sludge Wave|p2a: Heracross
|-damage|p2a: Heracross|0 fnt
|faint|p2a: Heracross
|
|upkeep
|c| CJ42069|Bayb Is In The Lead
|c|☆beastyj157|Ik i threw weavile
|inactive|Bayb The 2nd has 120 seconds left.
|
|t:|1640182566
|switch|p2a: Slowking|Slowking, M|100/100
|turn|29
|
|t:|1640182580
|move|p1a: Nidoking|Sludge Wave|p2a: Slowking
|-damage|p2a: Slowking|63/100
|move|p2a: Slowking|Psyshock|p1a: Nidoking
|-supereffective|p1a: Nidoking
|-damage|p1a: Nidoking|0 fnt
|faint|p1a: Nidoking
|
|upkeep
|
|t:|1640182587
|switch|p1a: Heatran|Heatran, F|100/100
|-damage|p1a: Heatran|88/100|[from] Stealth Rock
|turn|30
|
|t:|1640182589
|move|p1a: Heatran|Magma Storm|p2a: Slowking
|-resisted|p2a: Slowking
|-damage|p2a: Slowking|52/100
|-activate|p2a: Slowking|move: Magma Storm|[of] p1a: Heatran
|move|p2a: Slowking|Scald|p1a: Heatran
|-supereffective|p1a: Heatran
|-damage|p1a: Heatran|26/100
|
|-heal|p1a: Heatran|32/100|[from] item: Leftovers
|-damage|p2a: Slowking|40/100|[from] move: Magma Storm|[partiallytrapped]
|upkeep
|turn|31
|c| CJ42069|Y Did U Do That
|c|☆beastyj157|That is strong
|c|☆beastyj157|erm bc normally it does lkke 50 but thats av
|inactive|beastyj157 has 120 seconds left.
|c| CJ42069|Ur Lost Bro
|
|t:|1640182633
|move|p1a: Heatran|Toxic|p2a: Slowking
|-status|p2a: Slowking|tox
|move|p2a: Slowking|Scald|p1a: Heatran
|-supereffective|p1a: Heatran
|-damage|p1a: Heatran|0 fnt
|faint|p1a: Heatran
|
|-damage|p2a: Slowking|34/100 tox|[from] psn
|-end|p2a: Slowking|Magma Storm|[partiallytrapped]|[silent]
|upkeep
|
|t:|1640182635
|switch|p1a: Blissey|Blissey, F|78/100
|-damage|p1a: Blissey|65/100|[from] Stealth Rock
|turn|32
|raw|<div class="broadcast-red"><strong>Moderated chat was set to +!</strong><br />Only users of rank + and higher can talk.</div>
|
|t:|1640182643
|move|p1a: Blissey|Soft-Boiled|p1a: Blissey
|-heal|p1a: Blissey|100/100
|move|p2a: Slowking|Psyshock|p1a: Blissey
|-damage|p1a: Blissey|71/100
|
|-damage|p2a: Slowking|22/100 tox|[from] psn
|upkeep
|turn|33
|
|t:|1640182652
|move|p1a: Blissey|Seismic Toss|p2a: Slowking
|-damage|p2a: Slowking|0 fnt
|faint|p2a: Slowking
|
|upkeep
|
|t:|1640182655
|switch|p2a: Hawlucha|Hawlucha, F|100/100
|turn|34
|
|t:|1640182661
|move|p2a: Hawlucha|Close Combat|p1a: Blissey
|-supereffective|p1a: Blissey
|-damage|p1a: Blissey|0 fnt
|-unboost|p2a: Hawlucha|def|1
|-unboost|p2a: Hawlucha|spd|1
|faint|p1a: Blissey
|
|win|Bayb The 2nd
|n|☆beastyj157|beastyj157
|n|☆Bayb The 2nd|baybthe2nd
|c|☆beastyj157|Gg
|c|☆Bayb The 2nd|gg
