|j|☆Lenape
|j|☆I quit the game
|t:|1595525989
|player|p1|Lenape|102|1841
|player|p2|I quit the game|lucas|1825
|teamsize|p1|6
|teamsize|p2|6
|gametype|singles
|gen|8
|tier|[Gen 8] OU
|rated|
|clearpoke
|poke|p1|Cinderace, F|
|poke|p1|Corviknight, F|
|poke|p1|Sylveon, M|
|poke|p1|Rhyperior, F|
|poke|p1|Toxapex, F|
|poke|p1|Umbreon, M|
|poke|p2|Tangrowth, F|
|poke|p2|Mandibuzz, F|
|poke|p2|Chansey, F|
|poke|p2|Shedinja|
|poke|p2|Skarmory, F|
|poke|p2|Ditto|
|rule|Sleep Clause Mod: Limit one foe put to sleep
|rule|Species Clause: Limit one of each Pokémon
|rule|OHKO Clause: OHKO moves are banned
|rule|Evasion Moves Clause: Evasion moves are banned
|rule|Endless Battle Clause: Forcing endless battles is banned
|rule|HP Percentage Mod: HP is shown in percentages
|rule|Dynamax Clause: You cannot dynamax
|teampreview
|inactive|Battle timer is ON: inactive players will automatically lose when time's up. (requested by Lenape)
|c|☆I quit the game|Cool team
|
|t:|1595526004
|start
|switch|p1a: Toxapex|Toxapex, F|100/100
|switch|p2a: Ditto|Ditto|100/100
|-transform|p2a: Ditto|p1a: Toxapex|[from] ability: Imposter
|turn|1
|j| TB9815
|
|t:|1595526013
|switch|p2a: Skarmory|Skarmory, F|100/100
|move|p1a: Toxapex|Scald|p2a: Skarmory
|-damage|p2a: Skarmory|75/100
|
|upkeep
|turn|2
|
|t:|1595526025
|move|p2a: Skarmory|Stealth Rock|p1a: Toxapex
|-sidestart|p1: Lenape|move: Stealth Rock
|move|p1a: Toxapex|Scald|p2a: Skarmory
|-damage|p2a: Skarmory|54/100
|-status|p2a: Skarmory|brn
|
|-damage|p2a: Skarmory|48/100 brn|[from] brn
|upkeep
|turn|3
|
|t:|1595526028
|switch|p1a: Cinderace|Cinderace, F|100/100
|move|p2a: Skarmory|Roost|p2a: Skarmory
|-heal|p2a: Skarmory|98/100 brn
|-singleturn|p2a: Skarmory|move: Roost
|
|-damage|p2a: Skarmory|92/100 brn|[from] brn
|upkeep
|turn|4
|
|t:|1595526035
|switch|p2a: Ditto|Ditto|100/100
|-transform|p2a: Ditto|p1a: Cinderace|[from] ability: Imposter
|move|p1a: Cinderace|Court Change|p1a: Cinderace
|-start|p1a: Cinderace|typechange|Normal|[from] ability: Libero
|-sideend|p1: Lenape|Stealth Rock|[silent]
|-sidestart|p2: I quit the game|Stealth Rock|[silent]
|-activate|p1a: Cinderace|move: Court Change
|
|upkeep
|turn|5
|
|t:|1595526044
|switch|p1a: Toxapex|Toxapex, F|100/100
|move|p2a: Ditto|Court Change|p2a: Ditto
|-start|p2a: Ditto|typechange|Normal|[from] ability: Libero
|-sideend|p2: I quit the game|Stealth Rock|[silent]
|-sidestart|p1: Lenape|Stealth Rock|[silent]
|-activate|p2a: Ditto|move: Court Change
|
|upkeep
|turn|6
|
|t:|1595526048
|switch|p2a: Skarmory|Skarmory, F|92/100 brn
|switch|p1a: Cinderace|Cinderace, F|100/100
|
|-damage|p2a: Skarmory|86/100 brn|[from] brn
|upkeep
|turn|7
|
|t:|1595526055
|switch|p2a: Mandibuzz|Mandibuzz, F|100/100
|move|p1a: Cinderace|Court Change|p1a: Cinderace
|-start|p1a: Cinderace|typechange|Normal|[from] ability: Libero
|-sideend|p1: Lenape|Stealth Rock|[silent]
|-sidestart|p2: I quit the game|Stealth Rock|[silent]
|-activate|p1a: Cinderace|move: Court Change
|
|upkeep
|turn|8
|
|t:|1595526058
|switch|p1a: Toxapex|Toxapex, F|100/100
|move|p2a: Mandibuzz|Defog|p1a: Toxapex
|-unboost|p1a: Toxapex|evasion|1
|-sideend|p2: I quit the game|Stealth Rock|[from] move: Defog|[of] p2a: Mandibuzz
|
|upkeep
|turn|9
|
|t:|1595526076
|switch|p2a: Ditto|Ditto|100/100
|-transform|p2a: Ditto|p1a: Toxapex|[from] ability: Imposter
|move|p1a: Toxapex|Scald|p2a: Ditto
|-resisted|p2a: Ditto
|-damage|p2a: Ditto|93/100
|-status|p2a: Ditto|brn
|
|-damage|p2a: Ditto|87/100 brn|[from] brn
|upkeep
|turn|10
|
|t:|1595526086
|move|p2a: Ditto|Scald|p1a: Toxapex
|-resisted|p1a: Toxapex
|-crit|p1a: Toxapex
|-damage|p1a: Toxapex|90/100
|-status|p1a: Toxapex|brn
|move|p1a: Toxapex|Scald|p2a: Ditto
|-resisted|p2a: Ditto
|-damage|p2a: Ditto|80/100 brn
|
|-heal|p1a: Toxapex|96/100 brn|[from] item: Black Sludge
|-damage|p2a: Ditto|74/100 brn|[from] brn
|-damage|p1a: Toxapex|90/100 brn|[from] brn
|upkeep
|turn|11
|
|t:|1595526090
|move|p2a: Ditto|Scald|p1a: Toxapex
|-resisted|p1a: Toxapex
|-crit|p1a: Toxapex
|-damage|p1a: Toxapex|80/100 brn
|move|p1a: Toxapex|Scald|p2a: Ditto
|-resisted|p2a: Ditto
|-damage|p2a: Ditto|67/100 brn
|
|-heal|p1a: Toxapex|86/100 brn|[from] item: Black Sludge
|-damage|p2a: Ditto|61/100 brn|[from] brn
|-damage|p1a: Toxapex|80/100 brn|[from] brn
|upkeep
|turn|12
|
|t:|1595526095
|move|p2a: Ditto|Scald|p1a: Toxapex
|-resisted|p1a: Toxapex
|-damage|p1a: Toxapex|73/100 brn
|move|p1a: Toxapex|Scald|p2a: Ditto
|-resisted|p2a: Ditto
|-damage|p2a: Ditto|53/100 brn
|
|-heal|p1a: Toxapex|79/100 brn|[from] item: Black Sludge
|-damage|p2a: Ditto|47/100 brn|[from] brn
|-damage|p1a: Toxapex|73/100 brn|[from] brn
|upkeep
|turn|13
|
|t:|1595526098
|switch|p2a: Hit me up bro|Chansey, F|100/100
|move|p1a: Toxapex|Scald|p2a: Hit me up bro
|-damage|p2a: Hit me up bro|95/100
|
|-heal|p1a: Toxapex|79/100 brn|[from] item: Black Sludge
|-damage|p1a: Toxapex|73/100 brn|[from] brn
|upkeep
|turn|14
|
|t:|1595526103
|switch|p2a: Ditto|Ditto|80/100 brn
|-transform|p2a: Ditto|p1a: Toxapex|[from] ability: Imposter
|move|p1a: Toxapex|Toxic||[still]
|-fail|p1a: Toxapex
|
|-heal|p1a: Toxapex|79/100 brn|[from] item: Black Sludge
|-damage|p2a: Ditto|74/100 brn|[from] brn
|-damage|p1a: Toxapex|73/100 brn|[from] brn
|upkeep
|turn|15
|
|t:|1595526107
|move|p1a: Toxapex|Baneful Bunker|p1a: Toxapex
|-singleturn|p1a: Toxapex|move: Protect
|move|p2a: Ditto|Scald|p1a: Toxapex
|-activate|p1a: Toxapex|move: Protect
|
|-heal|p1a: Toxapex|79/100 brn|[from] item: Black Sludge
|-damage|p2a: Ditto|68/100 brn|[from] brn
|-damage|p1a: Toxapex|73/100 brn|[from] brn
|upkeep
|turn|16
|
|t:|1595526111
|move|p2a: Ditto|Scald|p1a: Toxapex
|-resisted|p1a: Toxapex
|-damage|p1a: Toxapex|66/100 brn
|move|p1a: Toxapex|Recover|p1a: Toxapex
|-heal|p1a: Toxapex|100/100 brn
|
|-damage|p2a: Ditto|62/100 brn|[from] brn
|-damage|p1a: Toxapex|94/100 brn|[from] brn
|upkeep
|turn|17
|l| TB9815
|
|t:|1595526115
|move|p2a: Ditto|Scald|p1a: Toxapex
|-resisted|p1a: Toxapex
|-damage|p1a: Toxapex|87/100 brn
|move|p1a: Toxapex|Scald|p2a: Ditto
|-resisted|p2a: Ditto
|-damage|p2a: Ditto|55/100 brn
|
|-heal|p1a: Toxapex|93/100 brn|[from] item: Black Sludge
|-damage|p2a: Ditto|49/100 brn|[from] brn
|-damage|p1a: Toxapex|87/100 brn|[from] brn
|upkeep
|turn|18
|
|t:|1595526123
|switch|p2a: Hit me up bro|Chansey, F|95/100
|move|p1a: Toxapex|Baneful Bunker||[still]
|-fail|p1a: Toxapex
|
|-heal|p1a: Toxapex|93/100 brn|[from] item: Black Sludge
|-damage|p1a: Toxapex|87/100 brn|[from] brn
|upkeep
|turn|19
|
|t:|1595526128
|switch|p2a: Ditto|Ditto|82/100 brn
|-transform|p2a: Ditto|p1a: Toxapex|[from] ability: Imposter
|switch|p1a: Cinderace|Cinderace, F|100/100
|
|-damage|p2a: Ditto|76/100 brn|[from] brn
|upkeep
|turn|20
|
|t:|1595526133
|switch|p1a: Toxapex|Toxapex, F|100/100 brn
|move|p2a: Ditto|Scald|p1a: Toxapex
|-resisted|p1a: Toxapex
|-damage|p1a: Toxapex|93/100 brn
|
|-heal|p1a: Toxapex|99/100 brn|[from] item: Black Sludge
|-damage|p2a: Ditto|70/100 brn|[from] brn
|-damage|p1a: Toxapex|93/100 brn|[from] brn
|upkeep
|turn|21
|
|t:|1595526138
|switch|p1a: Sylveon|Sylveon, M|100/100
|move|p2a: Ditto|Scald|p1a: Sylveon
|-damage|p1a: Sylveon|91/100
|
|-heal|p1a: Sylveon|97/100|[from] item: Leftovers
|-damage|p2a: Ditto|64/100 brn|[from] brn
|upkeep
|turn|22
|
|t:|1595526144
|switch|p2a: Hit me up bro|Chansey, F|95/100
|move|p1a: Sylveon|Calm Mind|p1a: Sylveon
|-boost|p1a: Sylveon|spa|1
|-boost|p1a: Sylveon|spd|1
|
|-heal|p1a: Sylveon|100/100|[from] item: Leftovers
|upkeep
|turn|23
|
|t:|1595526151
|switch|p1a: Rhyperior|Rhyperior, F|100/100
|move|p2a: Hit me up bro|Heal Bell|p2a: Hit me up bro
|-activate|p2a: Hit me up bro|move: Heal Bell
|-curestatus|p2: Skarmory|brn|[msg]
|-curestatus|p2: Ditto|brn|[msg]
|
|upkeep
|turn|24
|
|t:|1595526159
|switch|p2a: Skarmory|Skarmory, F|86/100
|move|p1a: Rhyperior|Fire Punch|p2a: Skarmory
|-supereffective|p2a: Skarmory
|-damage|p2a: Skarmory|59/100
|
|upkeep
|turn|25
|
|t:|1595526166
|move|p2a: Skarmory|Roost|p2a: Skarmory
|-heal|p2a: Skarmory|100/100
|-singleturn|p2a: Skarmory|move: Roost
|move|p1a: Rhyperior|Fire Punch|p2a: Skarmory
|-supereffective|p2a: Skarmory
|-damage|p2a: Skarmory|75/100
|
|upkeep
|turn|26
|
|t:|1595526182
|switch|p2a: Bang u|Tangrowth, F|100/100
|move|p1a: Rhyperior|Fire Punch|p2a: Bang u
|-supereffective|p2a: Bang u
|-damage|p2a: Bang u|76/100
|-damage|p1a: Rhyperior|84/100|[from] item: Rocky Helmet|[of] p2a: Bang u
|
|-heal|p1a: Rhyperior|90/100|[from] item: Leftovers
|upkeep
|turn|27
|
|t:|1595526187
|switch|p1a: Toxapex|Toxapex, F|100/100 brn
|move|p2a: Bang u|Knock Off|p1a: Toxapex
|-damage|p1a: Toxapex|88/100 brn
|-enditem|p1a: Toxapex|Black Sludge|[from] move: Knock Off|[of] p2a: Bang u
|
|-damage|p1a: Toxapex|81/100 brn|[from] brn
|upkeep
|turn|28
|
|t:|1595526196
|switch|p2a: Ditto|Ditto|97/100
|-transform|p2a: Ditto|p1a: Toxapex|[from] ability: Imposter
|switch|p1a: Cinderace|Cinderace, F|100/100
|
|upkeep
|turn|29
|
|t:|1595526202
|switch|p1a: Toxapex|Toxapex, F|100/100 brn
|move|p2a: Ditto|Toxic||[still]
|-fail|p2a: Ditto
|
|-damage|p1a: Toxapex|94/100 brn|[from] brn
|upkeep
|turn|30
|
|t:|1595526204
|move|p2a: Ditto|Toxic||[still]
|-fail|p2a: Ditto
|move|p1a: Toxapex|Toxic|p2a: Ditto
|-immune|p2a: Ditto
|
|-damage|p1a: Toxapex|88/100 brn|[from] brn
|upkeep
|turn|31
|
|t:|1595526208
|switch|p1a: Corviknight|Corviknight, F|100/100
|-ability|p1a: Corviknight|Pressure
|move|p2a: Ditto|Toxic|p1a: Corviknight
|-immune|p1a: Corviknight
|
|upkeep
|turn|32
|j| TheStrangeGuy
|
|t:|1595526216
|switch|p1a: Cinderace|Cinderace, F|100/100
|switch|p2a: Skarmory|Skarmory, F|75/100
|
|upkeep
|turn|33
|
|t:|1595526220
|switch|p2a: Mandibuzz|Mandibuzz, F|100/100
|move|p1a: Cinderace|Pyro Ball|p2a: Mandibuzz
|-damage|p2a: Mandibuzz|66/100
|
|upkeep
|turn|34
|
|t:|1595526224
|move|p1a: Cinderace|Pyro Ball|p2a: Mandibuzz
|-damage|p2a: Mandibuzz|29/100
|move|p2a: Mandibuzz|Roost|p2a: Mandibuzz
|-heal|p2a: Mandibuzz|79/100
|-singleturn|p2a: Mandibuzz|move: Roost
|
|upkeep
|turn|35
|
|t:|1595526229
|switch|p1a: Toxapex|Toxapex, F|100/100 brn
|move|p2a: Mandibuzz|Roost|p2a: Mandibuzz
|-heal|p2a: Mandibuzz|100/100
|-singleturn|p2a: Mandibuzz|move: Roost
|
|-damage|p1a: Toxapex|94/100 brn|[from] brn
|upkeep
|turn|36
|
|t:|1595526238
|switch|p2a: Ditto|Ditto|100/100
|-transform|p2a: Ditto|p1a: Toxapex|[from] ability: Imposter
|switch|p1a: Corviknight|Corviknight, F|100/100
|-ability|p1a: Corviknight|Pressure
|
|upkeep
|turn|37
|
|t:|1595526242
|move|p1a: Corviknight|Substitute|p1a: Corviknight
|-start|p1a: Corviknight|Substitute
|-damage|p1a: Corviknight|75/100
|move|p2a: Ditto|Scald|p1a: Corviknight
|-activate|p1a: Corviknight|move: Substitute|[damage]
|
|-heal|p1a: Corviknight|82/100|[from] item: Leftovers
|upkeep
|turn|38
|
|t:|1595526244
|move|p1a: Corviknight|Bulk Up|p1a: Corviknight
|-boost|p1a: Corviknight|atk|1
|-boost|p1a: Corviknight|def|1
|move|p2a: Ditto|Scald|p1a: Corviknight
|-end|p1a: Corviknight|Substitute
|
|-heal|p1a: Corviknight|88/100|[from] item: Leftovers
|upkeep
|turn|39
|
|t:|1595526260
|switch|p2a: Skarmory|Skarmory, F|75/100
|move|p1a: Corviknight|Substitute|p1a: Corviknight
|-start|p1a: Corviknight|Substitute
|-damage|p1a: Corviknight|63/100
|
|-heal|p1a: Corviknight|69/100|[from] item: Leftovers
|upkeep
|turn|40
|
|t:|1595526263
|move|p1a: Corviknight|Roost|p1a: Corviknight
|-heal|p1a: Corviknight|100/100
|-singleturn|p1a: Corviknight|move: Roost
|move|p2a: Skarmory|Whirlwind|p1a: Corviknight
|drag|p1a: Rhyperior|Rhyperior, F|90/100
|
|-heal|p1a: Rhyperior|96/100|[from] item: Leftovers
|upkeep
|turn|41
|
|t:|1595526270
|switch|p2a: Bang u|Tangrowth, F|100/100
|move|p1a: Rhyperior|Fire Punch|p2a: Bang u
|-supereffective|p2a: Bang u
|-damage|p2a: Bang u|76/100
|-damage|p1a: Rhyperior|80/100|[from] item: Rocky Helmet|[of] p2a: Bang u
|
|-heal|p1a: Rhyperior|86/100|[from] item: Leftovers
|upkeep
|turn|42
|
|t:|1595526275
|switch|p1a: Toxapex|Toxapex, F|100/100 brn
|move|p2a: Bang u|Leech Seed|p1a: Toxapex
|-start|p1a: Toxapex|move: Leech Seed
|
|-damage|p1a: Toxapex|88/100 brn|[from] Leech Seed|[of] p2a: Bang u
|-heal|p2a: Bang u|86/100|[silent]
|-damage|p1a: Toxapex|82/100 brn|[from] brn
|upkeep
|turn|43
|j| Storm Zone
|
|t:|1595526289
|switch|p1a: Corviknight|Corviknight, F|100/100
|-ability|p1a: Corviknight|Pressure
|move|p2a: Bang u|Toxic|p1a: Corviknight
|-immune|p1a: Corviknight
|
|upkeep
|turn|44
|
|t:|1595526298
|switch|p1a: Toxapex|Toxapex, F|100/100 brn
|move|p2a: Bang u|Knock Off|p1a: Toxapex
|-damage|p1a: Toxapex|92/100 brn
|
|-damage|p1a: Toxapex|85/100 brn|[from] brn
|upkeep
|turn|45
|
|t:|1595526303
|switch|p2a: Ditto|Ditto|100/100
|-transform|p2a: Ditto|p1a: Toxapex|[from] ability: Imposter
|move|p1a: Toxapex|Toxic|p2a: Ditto
|-immune|p2a: Ditto
|
|-damage|p1a: Toxapex|79/100 brn|[from] brn
|upkeep
|turn|46
|
|t:|1595526307
|move|p1a: Toxapex|Baneful Bunker|p1a: Toxapex
|-singleturn|p1a: Toxapex|move: Protect
|move|p2a: Ditto|Scald|p1a: Toxapex
|-activate|p1a: Toxapex|move: Protect
|
|-damage|p1a: Toxapex|73/100 brn|[from] brn
|upkeep
|turn|47
|
|t:|1595526310
|switch|p1a: Umbreon|Umbreon, M|100/100
|move|p2a: Ditto|Scald|p1a: Umbreon
|-damage|p1a: Umbreon|88/100
|
|-heal|p1a: Umbreon|94/100|[from] item: Leftovers
|upkeep
|turn|48
|
|t:|1595526314
|move|p1a: Umbreon|Heal Bell|p1a: Umbreon
|-activate|p1a: Umbreon|move: Heal Bell
|-curestatus|p1: Toxapex|brn|[msg]
|move|p2a: Ditto|Scald|p1a: Umbreon
|-damage|p1a: Umbreon|83/100
|
|-heal|p1a: Umbreon|89/100|[from] item: Leftovers
|upkeep
|turn|49
|
|t:|1595526318
|move|p1a: Umbreon|Protect|p1a: Umbreon
|-singleturn|p1a: Umbreon|Protect
|move|p2a: Ditto|Scald|p1a: Umbreon
|-activate|p1a: Umbreon|move: Protect
|
|-heal|p1a: Umbreon|95/100|[from] item: Leftovers
|upkeep
|turn|50
|
|t:|1595526328
|switch|p1a: Toxapex|Toxapex, F|100/100
|switch|p2a: Hit me up bro|Chansey, F|95/100
|
|upkeep
|turn|51
|
|t:|1595526336
|switch|p2a: Ditto|Ditto|100/100
|-transform|p2a: Ditto|p1a: Toxapex|[from] ability: Imposter
|switch|p1a: Corviknight|Corviknight, F|100/100
|-ability|p1a: Corviknight|Pressure
|
|upkeep
|turn|52
|
|t:|1595526345
|switch|p2a: Skarmory|Skarmory, F|75/100
|move|p1a: Corviknight|Substitute|p1a: Corviknight
|-start|p1a: Corviknight|Substitute
|-damage|p1a: Corviknight|75/100
|
|-heal|p1a: Corviknight|82/100|[from] item: Leftovers
|upkeep
|turn|53
|
|t:|1595526358
|move|p1a: Corviknight|Bulk Up|p1a: Corviknight
|-boost|p1a: Corviknight|atk|1
|-boost|p1a: Corviknight|def|1
|move|p2a: Skarmory|Whirlwind|p1a: Corviknight
|drag|p1a: Toxapex|Toxapex, F|100/100
|
|upkeep
|turn|54
|
|t:|1595526374
|switch|p2a: Ditto|Ditto|100/100
|-transform|p2a: Ditto|p1a: Toxapex|[from] ability: Imposter
|switch|p1a: Cinderace|Cinderace, F|100/100
|
|upkeep
|turn|55
|
|t:|1595526383
|switch|p1a: Toxapex|Toxapex, F|100/100
|move|p2a: Ditto|Toxic|p1a: Toxapex
|-immune|p1a: Toxapex
|
|upkeep
|turn|56
|
|t:|1595526389
|switch|p2a: Hit me up bro|Chansey, F|95/100
|switch|p1a: Corviknight|Corviknight, F|82/100
|-ability|p1a: Corviknight|Pressure
|
|-heal|p1a: Corviknight|88/100|[from] item: Leftovers
|upkeep
|turn|57
|
|t:|1595526392
|switch|p2a: Ditto|Ditto|100/100
|-transform|p2a: Ditto|p1a: Corviknight|[from] ability: Imposter
|-ability|p2a: Ditto|Pressure
|move|p1a: Corviknight|Bulk Up|p1a: Corviknight
|-boost|p1a: Corviknight|atk|1
|-boost|p1a: Corviknight|def|1
|
|-heal|p1a: Corviknight|94/100|[from] item: Leftovers
|upkeep
|turn|58
|
|t:|1595526398
|switch|p2a: Skarmory|Skarmory, F|75/100
|move|p1a: Corviknight|Bulk Up|p1a: Corviknight
|-boost|p1a: Corviknight|atk|1
|-boost|p1a: Corviknight|def|1
|
|-heal|p1a: Corviknight|100/100|[from] item: Leftovers
|upkeep
|turn|59
|
|t:|1595526406
|move|p2a: Skarmory|Stealth Rock|p1a: Corviknight
|-sidestart|p1: Lenape|move: Stealth Rock
|move|p1a: Corviknight|Brave Bird|p2a: Skarmory
|-resisted|p2a: Skarmory
|-damage|p2a: Skarmory|55/100
|-damage|p1a: Corviknight|95/100|[from] Recoil
|
|-heal|p1a: Corviknight|100/100|[from] item: Leftovers
|upkeep
|turn|60
|j| Hyrule1113
|
|t:|1595526410
|switch|p1a: Cinderace|Cinderace, F|100/100
|move|p2a: Skarmory|Roost|p2a: Skarmory
|-heal|p2a: Skarmory|100/100
|-singleturn|p2a: Skarmory|move: Roost
|
|upkeep
|turn|61
|j| Vfdre
|
|t:|1595526422
|switch|p2a: Mandibuzz|Mandibuzz, F|100/100
|move|p1a: Cinderace|Court Change|p1a: Cinderace
|-start|p1a: Cinderace|typechange|Normal|[from] ability: Libero
|-sideend|p1: Lenape|Stealth Rock|[silent]
|-sidestart|p2: I quit the game|Stealth Rock|[silent]
|-activate|p1a: Cinderace|move: Court Change
|
|upkeep
|turn|62
|
|t:|1595526429
|switch|p1a: Corviknight|Corviknight, F|100/100
|-ability|p1a: Corviknight|Pressure
|switch|p2a: Skarmory|Skarmory, F|100/100
|-damage|p2a: Skarmory|88/100|[from] Stealth Rock
|
|upkeep
|turn|63
|
|t:|1595526435
|switch|p1a: Cinderace|Cinderace, F|100/100
|move|p2a: Skarmory|Stealth Rock|p1a: Cinderace
|-sidestart|p1: Lenape|move: Stealth Rock
|
|upkeep
|turn|64
|
|t:|1595526438
|switch|p2a: Mandibuzz|Mandibuzz, F|100/100
|move|p1a: Cinderace|Pyro Ball|p2a: Mandibuzz
|-damage|p2a: Mandibuzz|67/100
|
|upkeep
|turn|65
|
|t:|1595526442
|move|p1a: Cinderace|Pyro Ball|p2a: Mandibuzz
|-damage|p2a: Mandibuzz|30/100
|move|p2a: Mandibuzz|Roost|p2a: Mandibuzz
|-heal|p2a: Mandibuzz|80/100
|-singleturn|p2a: Mandibuzz|move: Roost
|
|upkeep
|turn|66
|
|t:|1595526451
|move|p1a: Cinderace|Pyro Ball|p2a: Mandibuzz
|-damage|p2a: Mandibuzz|47/100
|move|p2a: Mandibuzz|Knock Off|p1a: Cinderace
|-damage|p1a: Cinderace|66/100
|-enditem|p1a: Cinderace|Heavy-Duty Boots|[from] move: Knock Off|[of] p2a: Mandibuzz
|
|upkeep
|turn|67
|
|t:|1595526456
|move|p1a: Cinderace|Pyro Ball|p2a: Mandibuzz
|-damage|p2a: Mandibuzz|11/100
|move|p2a: Mandibuzz|Roost|p2a: Mandibuzz
|-heal|p2a: Mandibuzz|61/100
|-singleturn|p2a: Mandibuzz|move: Roost
|
|upkeep
|turn|68
|j| marsanito987
|
|t:|1595526460
|switch|p1a: Toxapex|Toxapex, F|100/100
|-damage|p1a: Toxapex|88/100|[from] Stealth Rock
|move|p2a: Mandibuzz|Roost|p2a: Mandibuzz
|-heal|p2a: Mandibuzz|100/100
|-singleturn|p2a: Mandibuzz|move: Roost
|
|upkeep
|turn|69
|
|t:|1595526464
|switch|p2a: Skarmory|Skarmory, F|88/100
|-damage|p2a: Skarmory|76/100|[from] Stealth Rock
|move|p1a: Toxapex|Toxic|p2a: Skarmory
|-immune|p2a: Skarmory
|
|upkeep
|turn|70
|
|t:|1595526468
|move|p2a: Skarmory|Spikes|p1a: Toxapex
|-sidestart|p1: Lenape|Spikes
|move|p1a: Toxapex|Scald|p2a: Skarmory
|-damage|p2a: Skarmory|52/100
|
|upkeep
|turn|71
|
|t:|1595526477
|move|p2a: Skarmory|Roost|p2a: Skarmory
|-heal|p2a: Skarmory|100/100
|-singleturn|p2a: Skarmory|move: Roost
|move|p1a: Toxapex|Scald|p2a: Skarmory
|-damage|p2a: Skarmory|79/100
|
|upkeep
|turn|72
|
|t:|1595526485
|move|p2a: Skarmory|Spikes|p1a: Toxapex
|-sidestart|p1: Lenape|Spikes
|move|p1a: Toxapex|Scald|p2a: Skarmory
|-damage|p2a: Skarmory|55/100
|
|upkeep
|turn|73
|
|t:|1595526494
|switch|p2a: Ditto|Ditto|100/100
|-damage|p2a: Ditto|88/100|[from] Stealth Rock
|-transform|p2a: Ditto|p1a: Toxapex|[from] ability: Imposter
|switch|p1a: Cinderace|Cinderace, F|66/100
|-damage|p1a: Cinderace|41/100|[from] Stealth Rock
|-damage|p1a: Cinderace|24/100|[from] Spikes
|
|upkeep
|turn|74
|
|t:|1595526497
|move|p1a: Cinderace|Court Change|p1a: Cinderace
|-start|p1a: Cinderace|typechange|Normal|[from] ability: Libero
|-sideend|p1: Lenape|Spikes|[silent]
|-sidestart|p2: I quit the game|Spikes|[silent]
|-sidestart|p2: I quit the game|Spikes|[silent]
|-sideend|p1: Lenape|Stealth Rock|[silent]
|-sideend|p2: I quit the game|Stealth Rock|[silent]
|-sidestart|p1: Lenape|Stealth Rock|[silent]
|-sidestart|p2: I quit the game|Stealth Rock|[silent]
|-activate|p1a: Cinderace|move: Court Change
|move|p2a: Ditto|Scald|p1a: Cinderace
|-damage|p1a: Cinderace|0 fnt
|faint|p1a: Cinderace
|
|upkeep
|
|t:|1595526500
|switch|p1a: Rhyperior|Rhyperior, F|86/100
|-damage|p1a: Rhyperior|80/100|[from] Stealth Rock
|turn|75
|
|t:|1595526506
|move|p2a: Ditto|Scald|p1a: Rhyperior
|-supereffective|p1a: Rhyperior
|-damage|p1a: Rhyperior|42/100
|move|p1a: Rhyperior|Rock Blast|p2a: Ditto
|-damage|p2a: Ditto|81/100
|-damage|p2a: Ditto|73/100
|-damage|p2a: Ditto|66/100
|-crit|p2a: Ditto
|-damage|p2a: Ditto|56/100
|-damage|p2a: Ditto|49/100
|-hitcount|p2a: Ditto|5
|
|-heal|p1a: Rhyperior|49/100|[from] item: Leftovers
|upkeep
|turn|76
|
|t:|1595526522
|switch|p2a: Bang u|Tangrowth, F|100/100
|-damage|p2a: Bang u|88/100|[from] Stealth Rock
|-damage|p2a: Bang u|72/100|[from] Spikes
|move|p1a: Rhyperior|Earthquake|p2a: Bang u
|-resisted|p2a: Bang u
|-damage|p2a: Bang u|60/100
|
|-heal|p1a: Rhyperior|55/100|[from] item: Leftovers
|upkeep
|turn|77
|
|t:|1595526525
|move|p2a: Bang u|Giga Drain|p1a: Rhyperior
|-supereffective|p1a: Rhyperior
|-damage|p1a: Rhyperior|0 fnt
|-heal|p2a: Bang u|89/100|[from] drain|[of] p1a: Rhyperior
|faint|p1a: Rhyperior
|
|upkeep
|l| TheStrangeGuy
|
|t:|1595526529
|switch|p1a: Umbreon|Umbreon, M|95/100
|-damage|p1a: Umbreon|82/100|[from] Stealth Rock
|turn|78
|
|t:|1595526533
|switch|p1a: Toxapex|Toxapex, F|100/100
|-damage|p1a: Toxapex|88/100|[from] Stealth Rock
|switch|p2a: Mandibuzz|Mandibuzz, F|100/100
|
|upkeep
|turn|79
|
|t:|1595526535
|move|p2a: Mandibuzz|Defog|p1a: Toxapex
|-unboost|p1a: Toxapex|evasion|1
|-sideend|p1: Lenape|Stealth Rock|[from] move: Defog|[of] p2a: Mandibuzz
|-sideend|p2: I quit the game|Spikes|[from] move: Defog|[of] p2a: Mandibuzz
|-sideend|p2: I quit the game|Stealth Rock|[from] move: Defog|[of] p2a: Mandibuzz
|move|p1a: Toxapex|Toxic|p2a: Mandibuzz
|-status|p2a: Mandibuzz|tox
|
|-damage|p2a: Mandibuzz|94/100 tox|[from] psn
|upkeep
|turn|80
|
|t:|1595526542
|switch|p2a: Skarmory|Skarmory, F|55/100
|switch|p1a: Sylveon|Sylveon, M|100/100
|
|upkeep
|turn|81
|
|t:|1595526551
|switch|p2a: Ditto|Ditto|82/100
|-transform|p2a: Ditto|p1a: Sylveon|[from] ability: Imposter
|move|p1a: Sylveon|Calm Mind|p1a: Sylveon
|-boost|p1a: Sylveon|spa|1
|-boost|p1a: Sylveon|spd|1
|
|upkeep
|turn|82
|
|t:|1595526557
|switch|p2a: Sheldon|Shedinja, shiny|100/100
|move|p1a: Sylveon|Calm Mind|p1a: Sylveon
|-boost|p1a: Sylveon|spa|1
|-boost|p1a: Sylveon|spd|1
|
|upkeep
|turn|83
|
|t:|1595526561
|switch|p1a: Umbreon|Umbreon, M|82/100
|move|p2a: Sheldon|Poltergeist|p1a: Umbreon
|-activate|p1a: Umbreon|move: Poltergeist|Leftovers
|-resisted|p1a: Umbreon
|-damage|p1a: Umbreon|68/100
|
|-heal|p1a: Umbreon|74/100|[from] item: Leftovers
|upkeep
|turn|84
|
|t:|1595526568
|switch|p2a: Skarmory|Skarmory, F|55/100
|move|p1a: Umbreon|Foul Play|p2a: Skarmory
|-damage|p2a: Skarmory|42/100
|
|-heal|p1a: Umbreon|80/100|[from] item: Leftovers
|upkeep
|turn|85
|
|t:|1595526571
|switch|p1a: Toxapex|Toxapex, F|100/100
|move|p2a: Skarmory|Roost|p2a: Skarmory
|-heal|p2a: Skarmory|92/100
|-singleturn|p2a: Skarmory|move: Roost
|
|upkeep
|turn|86
|
|t:|1595526574
|move|p2a: Skarmory|Stealth Rock|p1a: Toxapex
|-sidestart|p1: Lenape|move: Stealth Rock
|move|p1a: Toxapex|Scald|p2a: Skarmory
|-damage|p2a: Skarmory|70/100
|
|upkeep
|turn|87
|
|t:|1595526577
|move|p2a: Skarmory|Spikes|p1a: Toxapex
|-sidestart|p1: Lenape|Spikes
|move|p1a: Toxapex|Scald|p2a: Skarmory
|-damage|p2a: Skarmory|46/100
|
|upkeep
|turn|88
|
|t:|1595526579
|move|p2a: Skarmory|Spikes|p1a: Toxapex
|-sidestart|p1: Lenape|Spikes
|move|p1a: Toxapex|Scald|p2a: Skarmory
|-damage|p2a: Skarmory|21/100
|
|upkeep
|turn|89
|
|t:|1595526581
|move|p2a: Skarmory|Roost|p2a: Skarmory
|-heal|p2a: Skarmory|71/100
|-singleturn|p2a: Skarmory|move: Roost
|move|p1a: Toxapex|Scald|p2a: Skarmory
|-damage|p2a: Skarmory|48/100
|-status|p2a: Skarmory|brn
|
|-damage|p2a: Skarmory|42/100 brn|[from] brn
|upkeep
|turn|90
|
|t:|1595526583
|move|p2a: Skarmory|Roost|p2a: Skarmory
|-heal|p2a: Skarmory|92/100 brn
|-singleturn|p2a: Skarmory|move: Roost
|move|p1a: Toxapex|Scald|p2a: Skarmory
|-damage|p2a: Skarmory|69/100 brn
|
|-damage|p2a: Skarmory|63/100 brn|[from] brn
|upkeep
|turn|91
|
|t:|1595526585
|move|p2a: Skarmory|Spikes|p1a: Toxapex
|-sidestart|p1: Lenape|Spikes
|move|p1a: Toxapex|Scald|p2a: Skarmory
|-crit|p2a: Skarmory
|-damage|p2a: Skarmory|26/100 brn
|
|-damage|p2a: Skarmory|20/100 brn|[from] brn
|upkeep
|turn|92
|
|t:|1595526588
|move|p2a: Skarmory|Roost|p2a: Skarmory
|-heal|p2a: Skarmory|70/100 brn
|-singleturn|p2a: Skarmory|move: Roost
|move|p1a: Toxapex|Scald|p2a: Skarmory
|-damage|p2a: Skarmory|48/100 brn
|
|-damage|p2a: Skarmory|42/100 brn|[from] brn
|upkeep
|turn|93
|
|t:|1595526590
|move|p2a: Skarmory|Roost|p2a: Skarmory
|-heal|p2a: Skarmory|92/100 brn
|-singleturn|p2a: Skarmory|move: Roost
|move|p1a: Toxapex|Scald|p2a: Skarmory
|-damage|p2a: Skarmory|71/100 brn
|
|-damage|p2a: Skarmory|65/100 brn|[from] brn
|upkeep
|turn|94
|
|t:|1595526592
|move|p2a: Skarmory|Roost|p2a: Skarmory
|-heal|p2a: Skarmory|100/100 brn
|-singleturn|p2a: Skarmory|move: Roost
|move|p1a: Toxapex|Scald|p2a: Skarmory
|-damage|p2a: Skarmory|79/100 brn
|
|-damage|p2a: Skarmory|73/100 brn|[from] brn
|upkeep
|turn|95
|
|t:|1595526596
|switch|p2a: Bang u|Tangrowth, F|100/100
|move|p1a: Toxapex|Scald|p2a: Bang u
|-resisted|p2a: Bang u
|-damage|p2a: Bang u|89/100
|
|upkeep
|turn|96
|
|t:|1595526598
|move|p2a: Bang u|Leech Seed|p1a: Toxapex
|-start|p1a: Toxapex|move: Leech Seed
|move|p1a: Toxapex|Toxic|p2a: Bang u
|-status|p2a: Bang u|tox
|
|-damage|p1a: Toxapex|88/100|[from] Leech Seed|[of] p2a: Bang u
|-heal|p2a: Bang u|99/100 tox|[silent]
|-damage|p2a: Bang u|93/100 tox|[from] psn
|upkeep
|turn|97
|
|t:|1595526603
|switch|p1a: Umbreon|Umbreon, M|80/100
|-damage|p1a: Umbreon|55/100|[from] Spikes
|-damage|p1a: Umbreon|43/100|[from] Stealth Rock
|move|p2a: Bang u|Toxic|p1a: Umbreon
|-status|p1a: Umbreon|tox
|
|-heal|p1a: Umbreon|49/100 tox|[from] item: Leftovers
|-damage|p1a: Umbreon|43/100 tox|[from] psn
|-damage|p2a: Bang u|80/100 tox|[from] psn
|upkeep
|turn|98
|
|t:|1595526607
|switch|p1a: Sylveon|Sylveon, M|100/100
|-damage|p1a: Sylveon|88/100|[from] Stealth Rock
|-damage|p1a: Sylveon|63/100|[from] Spikes
|move|p2a: Bang u|Knock Off|p1a: Sylveon
|-resisted|p1a: Sylveon
|-damage|p1a: Sylveon|50/100
|-enditem|p1a: Sylveon|Leftovers|[from] move: Knock Off|[of] p2a: Bang u
|
|-damage|p2a: Bang u|62/100 tox|[from] psn
|upkeep
|turn|99
|
|t:|1595526613
|switch|p1a: Umbreon|Umbreon, M|43/100 tox
|-damage|p1a: Umbreon|18/100 tox|[from] Spikes
|-damage|p1a: Umbreon|6/100 tox|[from] Stealth Rock
|switch|p2a: Skarmory|Skarmory, F|73/100 brn
|
|-heal|p1a: Umbreon|12/100 tox|[from] item: Leftovers
|-damage|p2a: Skarmory|67/100 brn|[from] brn
|-damage|p1a: Umbreon|6/100 tox|[from] psn
|upkeep
|turn|100
|
|t:|1595526616
|switch|p1a: Sylveon|Sylveon, M|50/100
|-damage|p1a: Sylveon|38/100|[from] Stealth Rock
|-damage|p1a: Sylveon|13/100|[from] Spikes
|move|p2a: Skarmory|Whirlwind|p1a: Sylveon
|drag|p1a: Toxapex|Toxapex, F|100/100
|-damage|p1a: Toxapex|88/100|[from] Stealth Rock
|-damage|p1a: Toxapex|63/100|[from] Spikes
|
|-damage|p2a: Skarmory|61/100 brn|[from] brn
|upkeep
|turn|101
|j| Supreme Existence
|
|t:|1595526622
|switch|p1a: Umbreon|Umbreon, M|6/100 tox
|-damage|p1a: Umbreon|0 fnt|[from] Spikes
|faint|p1a: Umbreon
|move|p2a: Skarmory|Whirlwind|p1: Umbreon|[notarget]
|-fail|p2a: Skarmory
|
|-damage|p2a: Skarmory|55/100 brn|[from] brn
|upkeep
|
|t:|1595526624
|switch|p1a: Toxapex|Toxapex, F|96/100
|-damage|p1a: Toxapex|71/100|[from] Spikes
|-damage|p1a: Toxapex|59/100|[from] Stealth Rock
|turn|102
|
|t:|1595526626
|switch|p2a: Hit me up bro|Chansey, F|95/100
|switch|p1a: Sylveon|Sylveon, M|13/100
|-damage|p1a: Sylveon|0 fnt|[from] Stealth Rock
|faint|p1a: Sylveon
|
|upkeep
|
|t:|1595526630
|switch|p1a: Toxapex|Toxapex, F|92/100
|-damage|p1a: Toxapex|67/100|[from] Spikes
|-damage|p1a: Toxapex|54/100|[from] Stealth Rock
|turn|103
|c|☆Lenape|GG
|
|t:|1595526640
|move|p2a: Hit me up bro|Heal Bell|p2a: Hit me up bro
|-activate|p2a: Hit me up bro|move: Heal Bell
|-curestatus|p2: Skarmory|brn|[msg]
|-curestatus|p2: Mandibuzz|tox|[msg]
|-curestatus|p2: Bang u|tox|[msg]
|move|p1a: Toxapex|Toxic|p2a: Hit me up bro
|-status|p2a: Hit me up bro|tox
|
|-damage|p2a: Hit me up bro|89/100 tox|[from] psn
|upkeep
|turn|104
|
|t:|1595526643
|switch|p2a: Bang u|Tangrowth, F|95/100
|move|p1a: Toxapex|Toxic|p2a: Bang u
|-status|p2a: Bang u|tox
|
|-damage|p2a: Bang u|89/100 tox|[from] psn
|upkeep
|turn|105
|
|t:|1595526647
|move|p2a: Bang u|Leech Seed|p1a: Toxapex
|-start|p1a: Toxapex|move: Leech Seed
|move|p1a: Toxapex|Toxic|p2a: Bang u
|-fail|p2a: Bang u|tox
|
|-damage|p1a: Toxapex|42/100|[from] Leech Seed|[of] p2a: Bang u
|-heal|p2a: Bang u|98/100 tox|[silent]
|-damage|p2a: Bang u|86/100 tox|[from] psn
|upkeep
|turn|106
|
|t:|1595526650
|move|p2a: Bang u|Knock Off|p1a: Toxapex
|-damage|p1a: Toxapex|32/100
|move|p1a: Toxapex|Toxic|p2a: Bang u
|-fail|p2a: Bang u|tox
|
|-damage|p1a: Toxapex|20/100|[from] Leech Seed|[of] p2a: Bang u
|-heal|p2a: Bang u|95/100 tox|[silent]
|-damage|p2a: Bang u|76/100 tox|[from] psn
|upkeep
|turn|107
|
|t:|1595526653
|move|p2a: Bang u|Giga Drain|p1a: Toxapex
|-damage|p1a: Toxapex|0 fnt
|-heal|p2a: Bang u|84/100 tox|[from] drain|[of] p1a: Toxapex
|faint|p1a: Toxapex
|
|-damage|p2a: Bang u|59/100 tox|[from] psn
|upkeep
|
|t:|1595526656
|switch|p1a: Corviknight|Corviknight, F|100/100
|-damage|p1a: Corviknight|88/100|[from] Stealth Rock
|-ability|p1a: Corviknight|Pressure
|turn|108
|
|t:|1595526663
|switch|p2a: Hit me up bro|Chansey, F|89/100
|move|p1a: Corviknight|Substitute|p1a: Corviknight
|-start|p1a: Corviknight|Substitute
|-damage|p1a: Corviknight|63/100
|
|-heal|p1a: Corviknight|69/100|[from] item: Leftovers
|upkeep
|turn|109
|
|t:|1595526666
|move|p1a: Corviknight|Bulk Up|p1a: Corviknight
|-boost|p1a: Corviknight|atk|1
|-boost|p1a: Corviknight|def|1
|move|p2a: Hit me up bro|Seismic Toss|p1a: Corviknight
|-end|p1a: Corviknight|Substitute
|
|-heal|p1a: Corviknight|75/100|[from] item: Leftovers
|upkeep
|turn|110
|
|t:|1595526668
|move|p1a: Corviknight|Bulk Up|p1a: Corviknight
|-boost|p1a: Corviknight|atk|1
|-boost|p1a: Corviknight|def|1
|move|p2a: Hit me up bro|Seismic Toss|p1a: Corviknight
|-damage|p1a: Corviknight|50/100
|
|-heal|p1a: Corviknight|57/100|[from] item: Leftovers
|upkeep
|turn|111
|
|t:|1595526671
|move|p1a: Corviknight|Substitute|p1a: Corviknight
|-start|p1a: Corviknight|Substitute
|-damage|p1a: Corviknight|32/100
|move|p2a: Hit me up bro|Seismic Toss|p1a: Corviknight
|-end|p1a: Corviknight|Substitute
|
|-heal|p1a: Corviknight|38/100|[from] item: Leftovers
|upkeep
|turn|112
|j| Evoilite
|
|t:|1595526673
|move|p1a: Corviknight|Roost|p1a: Corviknight
|-heal|p1a: Corviknight|88/100
|-singleturn|p1a: Corviknight|move: Roost
|move|p2a: Hit me up bro|Seismic Toss|p1a: Corviknight
|-damage|p1a: Corviknight|63/100
|
|-heal|p1a: Corviknight|69/100|[from] item: Leftovers
|upkeep
|turn|113
|j| Arnaud Senju vgc
|j| Cobby alt
|inactive|I quit the game has 120 seconds left.
|l| Arnaud Senju vgc
|
|t:|1595526726
|move|p1a: Corviknight|Substitute|p1a: Corviknight
|-start|p1a: Corviknight|Substitute
|-damage|p1a: Corviknight|44/100
|move|p2a: Hit me up bro|Seismic Toss|p1a: Corviknight
|-end|p1a: Corviknight|Substitute
|
|-heal|p1a: Corviknight|50/100|[from] item: Leftovers
|upkeep
|turn|114
|
|t:|1595526729
|move|p1a: Corviknight|Roost|p1a: Corviknight
|-heal|p1a: Corviknight|100/100
|-singleturn|p1a: Corviknight|move: Roost
|move|p2a: Hit me up bro|Seismic Toss|p1a: Corviknight
|-damage|p1a: Corviknight|75/100
|
|-heal|p1a: Corviknight|82/100|[from] item: Leftovers
|upkeep
|turn|115
|
|t:|1595526746
|move|p1a: Corviknight|Substitute|p1a: Corviknight
|-start|p1a: Corviknight|Substitute
|-damage|p1a: Corviknight|57/100
|move|p2a: Hit me up bro|Seismic Toss|p1a: Corviknight
|-end|p1a: Corviknight|Substitute
|
|-heal|p1a: Corviknight|63/100|[from] item: Leftovers
|upkeep
|turn|116
|
|t:|1595526750
|move|p1a: Corviknight|Substitute|p1a: Corviknight
|-start|p1a: Corviknight|Substitute
|-damage|p1a: Corviknight|38/100
|move|p2a: Hit me up bro|Seismic Toss|p1a: Corviknight
|-end|p1a: Corviknight|Substitute
|
|-heal|p1a: Corviknight|44/100|[from] item: Leftovers
|upkeep
|turn|117
|j| stallUmama
|inactive|I quit the game has 90 seconds left.
|c| stallUmama|lenape, just quit the game
|
|t:|1595526786
|switch|p2a: Skarmory|Skarmory, F|55/100
|move|p1a: Corviknight|Roost|p1a: Corviknight
|-heal|p1a: Corviknight|94/100
|-singleturn|p1a: Corviknight|move: Roost
|
|-heal|p1a: Corviknight|100/100|[from] item: Leftovers
|upkeep
|turn|118
|
|t:|1595526793
|move|p2a: Skarmory|Roost|p2a: Skarmory
|-heal|p2a: Skarmory|100/100
|-singleturn|p2a: Skarmory|move: Roost
|move|p1a: Corviknight|Bulk Up|p1a: Corviknight
|-boost|p1a: Corviknight|atk|1
|-boost|p1a: Corviknight|def|1
|
|upkeep
|turn|119
|
|t:|1595526795
|switch|p2a: Ditto|Ditto|82/100
|-transform|p2a: Ditto|p1a: Corviknight|[from] ability: Imposter
|-ability|p2a: Ditto|Pressure
|move|p1a: Corviknight|Bulk Up|p1a: Corviknight
|-boost|p1a: Corviknight|atk|1
|-boost|p1a: Corviknight|def|1
|
|upkeep
|turn|120
|
|t:|1595526805
|move|p2a: Ditto|Brave Bird|p1a: Corviknight
|-resisted|p1a: Corviknight
|-damage|p1a: Corviknight|91/100
|-damage|p2a: Ditto|78/100|[from] Recoil
|move|p1a: Corviknight|Substitute|p1a: Corviknight
|-start|p1a: Corviknight|Substitute
|-damage|p1a: Corviknight|66/100
|
|-heal|p1a: Corviknight|73/100|[from] item: Leftovers
|upkeep
|turn|121
|
|t:|1595526816
|switch|p2a: Hit me up bro|Chansey, F|89/100
|move|p1a: Corviknight|Roost|p1a: Corviknight
|-heal|p1a: Corviknight|100/100
|-singleturn|p1a: Corviknight|move: Roost
|
|upkeep
|turn|122
|
|t:|1595526822
|move|p1a: Corviknight|Brave Bird|p2a: Hit me up bro
|-damage|p2a: Hit me up bro|21/100
|-damage|p1a: Corviknight|61/100|[from] Recoil
|move|p2a: Hit me up bro|Wish|p2a: Hit me up bro
|
|-heal|p1a: Corviknight|67/100|[from] item: Leftovers
|upkeep
|turn|123
|
|t:|1595526833
|switch|p2a: Skarmory|Skarmory, F|100/100
|move|p1a: Corviknight|Brave Bird|p2a: Skarmory
|-resisted|p2a: Skarmory
|-damage|p2a: Skarmory|69/100
|-damage|p1a: Corviknight|59/100|[from] Recoil
|
|-heal|p2a: Skarmory|100/100|[from] move: Wish|[wisher] Hit me up bro
|-heal|p1a: Corviknight|65/100|[from] item: Leftovers
|upkeep
|turn|124
|inactive|I quit the game has 60 seconds left.
|j| Aparctias
|c| stallUmama|lenape scared
|
|t:|1595526871
|switch|p2a: Hit me up bro|Chansey, F|21/100
|move|p1a: Corviknight|Roost|p1a: Corviknight
|-heal|p1a: Corviknight|100/100
|-singleturn|p1a: Corviknight|move: Roost
|
|upkeep
|turn|125
|
|t:|1595526880
|switch|p2a: Skarmory|Skarmory, F|100/100
|move|p1a: Corviknight|Brave Bird|p2a: Skarmory
|-resisted|p2a: Skarmory
|-damage|p2a: Skarmory|71/100
|-damage|p1a: Corviknight|92/100|[from] Recoil
|
|-heal|p1a: Corviknight|98/100|[from] item: Leftovers
|upkeep
|turn|126
|inactive|I quit the game has 30 seconds left.
|
|t:|1595526896
|switch|p2a: Hit me up bro|Chansey, F|21/100
|move|p1a: Corviknight|Bulk Up|p1a: Corviknight
|-boost|p1a: Corviknight|atk|1
|-boost|p1a: Corviknight|def|1
|
|-heal|p1a: Corviknight|100/100|[from] item: Leftovers
|upkeep
|turn|127
|
|t:|1595526901
|move|p1a: Corviknight|Brave Bird|p2a: Hit me up bro
|-damage|p2a: Hit me up bro|0 fnt
|-damage|p1a: Corviknight|89/100|[from] Recoil
|faint|p2a: Hit me up bro
|
|-heal|p1a: Corviknight|95/100|[from] item: Leftovers
|upkeep
|
|t:|1595526903
|switch|p2a: Skarmory|Skarmory, F|71/100
|turn|128
|
|t:|1595526906
|move|p2a: Skarmory|Roost|p2a: Skarmory
|-heal|p2a: Skarmory|100/100
|-singleturn|p2a: Skarmory|move: Roost
|move|p1a: Corviknight|Bulk Up|p1a: Corviknight
|-boost|p1a: Corviknight|atk|1
|-boost|p1a: Corviknight|def|1
|
|-heal|p1a: Corviknight|100/100|[from] item: Leftovers
|upkeep
|turn|129
|
|t:|1595526915
|move|p2a: Skarmory|Spikes||[still]
|-fail|p2a: Skarmory
|move|p1a: Corviknight|Bulk Up|p1a: Corviknight
|-boost|p1a: Corviknight|atk|0
|-boost|p1a: Corviknight|def|0
|
|upkeep
|turn|130
|
|t:|1595526920
|move|p1a: Corviknight|Bulk Up|p1a: Corviknight
|-boost|p1a: Corviknight|atk|0
|-boost|p1a: Corviknight|def|0
|move|p2a: Skarmory|Whirlwind||[still]
|-fail|p2a: Skarmory
|
|upkeep
|turn|131
|
|t:|1595526924
|move|p1a: Corviknight|Bulk Up|p1a: Corviknight
|-boost|p1a: Corviknight|atk|0
|-boost|p1a: Corviknight|def|0
|move|p2a: Skarmory|Whirlwind||[still]
|-fail|p2a: Skarmory
|
|upkeep
|turn|132
|
|t:|1595526927
|move|p2a: Skarmory|Stealth Rock||[still]
|-fail|p2a: Skarmory
|move|p1a: Corviknight|Bulk Up|p1a: Corviknight
|-boost|p1a: Corviknight|atk|0
|-boost|p1a: Corviknight|def|0
|
|upkeep
|turn|133
|
|t:|1595526931
|move|p2a: Skarmory|Spikes||[still]
|-fail|p2a: Skarmory
|move|p1a: Corviknight|Brave Bird|p2a: Skarmory
|-resisted|p2a: Skarmory
|-damage|p2a: Skarmory|55/100
|-damage|p1a: Corviknight|88/100|[from] Recoil
|
|-heal|p1a: Corviknight|94/100|[from] item: Leftovers
|upkeep
|turn|134
|
|t:|1595526936
|move|p2a: Skarmory|Roost|p2a: Skarmory
|-heal|p2a: Skarmory|100/100
|-singleturn|p2a: Skarmory|move: Roost
|move|p1a: Corviknight|Brave Bird|p2a: Skarmory
|-resisted|p2a: Skarmory
|-damage|p2a: Skarmory|59/100
|-damage|p1a: Corviknight|83/100|[from] Recoil
|
|-heal|p1a: Corviknight|89/100|[from] item: Leftovers
|upkeep
|turn|135
|c| stallUmama|lenape desperate
|
|t:|1595526948
|move|p2a: Skarmory|Roost|p2a: Skarmory
|-heal|p2a: Skarmory|100/100
|-singleturn|p2a: Skarmory|move: Roost
|move|p1a: Corviknight|Bulk Up|p1a: Corviknight
|-boost|p1a: Corviknight|atk|0
|-boost|p1a: Corviknight|def|0
|
|-heal|p1a: Corviknight|95/100|[from] item: Leftovers
|upkeep
|turn|136
|l| Storm Zone
|c| stallUmama|desperato de lenapo
|
|t:|1595526955
|move|p2a: Skarmory|Stealth Rock||[still]
|-fail|p2a: Skarmory
|move|p1a: Corviknight|Brave Bird|p2a: Skarmory
|-resisted|p2a: Skarmory
|-damage|p2a: Skarmory|59/100
|-damage|p1a: Corviknight|84/100|[from] Recoil
|
|-heal|p1a: Corviknight|90/100|[from] item: Leftovers
|upkeep
|turn|137
|
|t:|1595526962
|move|p2a: Skarmory|Roost|p2a: Skarmory
|-heal|p2a: Skarmory|100/100
|-singleturn|p2a: Skarmory|move: Roost
|move|p1a: Corviknight|Bulk Up|p1a: Corviknight
|-boost|p1a: Corviknight|atk|0
|-boost|p1a: Corviknight|def|0
|
|-heal|p1a: Corviknight|96/100|[from] item: Leftovers
|upkeep
|turn|138
|c|☆Lenape|LMAO
|j| hey bye !
|
|t:|1595526970
|move|p2a: Skarmory|Spikes||[still]
|-fail|p2a: Skarmory
|move|p1a: Corviknight|Brave Bird|p2a: Skarmory
|-resisted|p2a: Skarmory
|-damage|p2a: Skarmory|58/100
|-damage|p1a: Corviknight|85/100|[from] Recoil
|
|-heal|p1a: Corviknight|91/100|[from] item: Leftovers
|upkeep
|turn|139
|
|t:|1595526984
|move|p2a: Skarmory|Roost|p2a: Skarmory
|-heal|p2a: Skarmory|100/100
|-singleturn|p2a: Skarmory|move: Roost
|move|p1a: Corviknight|Bulk Up|p1a: Corviknight
|-boost|p1a: Corviknight|atk|0
|-boost|p1a: Corviknight|def|0
|
|-heal|p1a: Corviknight|97/100|[from] item: Leftovers
|upkeep
|turn|140
|c| hey bye !|stallUmama shut up he's courageous because he stays, neither you or him would last that long, you can try but you won't
|inactive|I quit the game has 60 seconds left.
|c| stallUmama|stall the whole world out
|
|t:|1595527001
|move|p2a: Skarmory|Stealth Rock||[still]
|-fail|p2a: Skarmory
|move|p1a: Corviknight|Brave Bird|p2a: Skarmory
|-resisted|p2a: Skarmory
|-damage|p2a: Skarmory|57/100
|-damage|p1a: Corviknight|85/100|[from] Recoil
|
|-heal|p1a: Corviknight|91/100|[from] item: Leftovers
|upkeep
|turn|141
|j| assgard
|c|☆Lenape|I won
|c| hey bye !|So if you want to trashtalk go on the lobby
|c|☆Lenape|Stall
|
|t:|1595527016
|move|p2a: Skarmory|Spikes||[still]
|-fail|p2a: Skarmory
|move|p1a: Corviknight|Brave Bird|p2a: Skarmory
|-resisted|p2a: Skarmory
|-damage|p2a: Skarmory|13/100
|-damage|p1a: Corviknight|79/100|[from] Recoil
|
|-heal|p1a: Corviknight|85/100|[from] item: Leftovers
|upkeep
|turn|142
|c| stallUmama|lenape ain no braking tru
|
|t:|1595527023
|move|p1a: Corviknight|Brave Bird|p2a: Skarmory
|-resisted|p2a: Skarmory
|-damage|p2a: Skarmory|0 fnt
|-damage|p1a: Corviknight|82/100|[from] Recoil
|faint|p2a: Skarmory
|
|-heal|p1a: Corviknight|88/100|[from] item: Leftovers
|upkeep
|c|☆Lenape|LMAO
|c|☆Lenape|ROLAMO
|inactive|I quit the game has 60 seconds left.
|c|☆Lenape|Laughing so hard at StallUmama
|c| hey bye !|stallUmama ain't no good enough duh
|
|t:|1595527037
|switch|p2a: Sheldon|Shedinja, shiny|100/100
|turn|143
|
|t:|1595527041
|move|p2a: Sheldon|Endure|p2a: Sheldon
|-singleturn|p2a: Sheldon|move: Endure
|move|p1a: Corviknight|Brave Bird|p2a: Sheldon
|-supereffective|p2a: Sheldon
|-activate|p2a: Sheldon|move: Endure
|-damage|p2a: Sheldon|100/100
|
|-heal|p1a: Corviknight|94/100|[from] item: Leftovers
|upkeep
|turn|144
|inactive|I quit the game has 60 seconds left.
|c| stallUmama|oh no lenapatto lost gamo
|
|t:|1595527057
|switch|p2a: Ditto|Ditto|78/100
|move|p1a: Corviknight|Brave Bird|p2a: Ditto
|-damage|p2a: Ditto|0 fnt
|-damage|p1a: Corviknight|75/100|[from] Recoil
|faint|p2a: Ditto
|
|-heal|p1a: Corviknight|82/100|[from] item: Leftovers
|upkeep
|j| OUUIi
|
|t:|1595527064
|switch|p2a: Sheldon|Shedinja, shiny|100/100
|turn|145
|c|☆Lenape|JAJAJAJAJAJA
|l| OUUIi
|
|t:|1595527068
|move|p2a: Sheldon|Poltergeist|p1a: Corviknight
|-activate|p1a: Corviknight|move: Poltergeist|Leftovers
|-activate|p1a: Corviknight|move: Substitute|[damage]
|move|p1a: Corviknight|Bulk Up|p1a: Corviknight
|-boost|p1a: Corviknight|atk|0
|-boost|p1a: Corviknight|def|0
|
|-heal|p1a: Corviknight|88/100|[from] item: Leftovers
|upkeep
|turn|146
|j| galactest bro !
|
|t:|1595527072
|move|p2a: Sheldon|Endure|p2a: Sheldon
|-singleturn|p2a: Sheldon|move: Endure
|move|p1a: Corviknight|Brave Bird|p2a: Sheldon
|-supereffective|p2a: Sheldon
|-activate|p2a: Sheldon|move: Endure
|-damage|p2a: Sheldon|100/100
|
|-heal|p1a: Corviknight|94/100|[from] item: Leftovers
|upkeep
|turn|147
|j| OUUIi
|inactive|I quit the game has 60 seconds left.
|c| stallUmama|no braking tru mama mia
|j| Arnaud Senju vgc
|c| hey bye !|Oh sad he predicts
|c| hey bye !|stallUmama come battling Lenape
|c| stallUmama|mama mia! lenape still not admitting
|l| galactest bro !
|inactive|I quit the game has 30 seconds left.
|
|t:|1595527120
|switch|p2a: Bang u|Tangrowth, F|92/100 tox
|move|p1a: Corviknight|Brave Bird|p2a: Bang u
|-supereffective|p2a: Bang u
|-damage|p2a: Bang u|0 fnt
|-damage|p1a: Corviknight|78/100|[from] item: Rocky Helmet|[of] p2a: Bang u
|-damage|p1a: Corviknight|47/100|[from] Recoil
|faint|p2a: Bang u
|
|-heal|p1a: Corviknight|53/100|[from] item: Leftovers
|upkeep
|inactive|I quit the game has 30 seconds left this turn.
|
|t:|1595527123
|switch|p2a: Mandibuzz|Mandibuzz, F|94/100
|turn|148
|l| assgard
|c| stallUmama|in italy we say this person is hotdog on pizza
|c|☆Lenape|Would be suprised if I quit is Stall U Mama
|inactive|I quit the game has 30 seconds left.
|
|t:|1595527131
|move|p2a: Mandibuzz|Knock Off|p1a: Corviknight
|-crit|p1a: Corviknight
|-end|p1a: Corviknight|Substitute
|move|p1a: Corviknight|Roost|p1a: Corviknight
|-heal|p1a: Corviknight|100/100
|-singleturn|p1a: Corviknight|move: Roost
|
|upkeep
|turn|149
|inactive|I quit the game has 30 seconds left.
|c| hey bye !|Waw da crit sad
|
|t:|1595527142
|move|p2a: Mandibuzz|Knock Off|p1a: Corviknight
|-damage|p1a: Corviknight|96/100
|-enditem|p1a: Corviknight|Leftovers|[from] move: Knock Off|[of] p2a: Mandibuzz
|move|p1a: Corviknight|Substitute|p1a: Corviknight
|-start|p1a: Corviknight|Substitute
|-damage|p1a: Corviknight|71/100
|
|upkeep
|turn|150
|inactive|I quit the game has 30 seconds left this turn.
|c| hey bye !|mandibzzz does not hit that hard
|
|t:|1595527148
|move|p2a: Mandibuzz|Knock Off|p1a: Corviknight
|-activate|p1a: Corviknight|move: Substitute|[damage]
|move|p1a: Corviknight|Roost|p1a: Corviknight
|-heal|p1a: Corviknight|100/100
|-singleturn|p1a: Corviknight|move: Roost
|
|upkeep
|turn|151
|inactive|I quit the game has 30 seconds left this turn.
|
|t:|1595527152
|move|p2a: Mandibuzz|Defog|p1a: Corviknight
|-sideend|p1: Lenape|Spikes|[from] move: Defog|[of] p2a: Mandibuzz
|-sideend|p1: Lenape|Stealth Rock|[from] move: Defog|[of] p2a: Mandibuzz
|move|p1a: Corviknight|Brave Bird|p2a: Mandibuzz
|-damage|p2a: Mandibuzz|11/100
|-damage|p1a: Corviknight|71/100|[from] Recoil
|
|upkeep
|turn|152
|c| stallUmama|lenapo no gamo
|
|t:|1595527155
|move|p2a: Mandibuzz|Roost|p2a: Mandibuzz
|-heal|p2a: Mandibuzz|61/100
|-singleturn|p2a: Mandibuzz|move: Roost
|move|p1a: Corviknight|Brave Bird|p2a: Mandibuzz
|-damage|p2a: Mandibuzz|0 fnt
|-damage|p1a: Corviknight|50/100|[from] Recoil
|faint|p2a: Mandibuzz
|
|upkeep
|
|t:|1595527158
|switch|p2a: Sheldon|Shedinja, shiny|100/100
|turn|153
|
|t:|1595527160
|move|p2a: Sheldon|Endure|p2a: Sheldon
|-singleturn|p2a: Sheldon|move: Endure
|move|p1a: Corviknight|Roost|p1a: Corviknight
|-heal|p1a: Corviknight|99/100
|-singleturn|p1a: Corviknight|move: Roost
|
|upkeep
|turn|154
|
|t:|1595527163
|move|p2a: Sheldon|Endure|p2a: Sheldon
|-singleturn|p2a: Sheldon|move: Endure
|move|p1a: Corviknight|Brave Bird|p2a: Sheldon
|-supereffective|p2a: Sheldon
|-activate|p2a: Sheldon|move: Endure
|-damage|p2a: Sheldon|100/100
|
|upkeep
|turn|155
|c| Cobby alt|defog was satisfying lol
|
|t:|1595527167
|move|p2a: Sheldon|Endure||[still]
|-fail|p2a: Sheldon
|move|p1a: Corviknight|Bulk Up|p1a: Corviknight
|-boost|p1a: Corviknight|atk|0
|-boost|p1a: Corviknight|def|0
|
|upkeep
|turn|156
|c| hey bye !|corviknight da stall breaker
|
|t:|1595527171
|move|p2a: Sheldon|Poltergeist||[still]
|-fail|p2a: Sheldon
|move|p1a: Corviknight|Bulk Up|p1a: Corviknight
|-boost|p1a: Corviknight|atk|0
|-boost|p1a: Corviknight|def|0
|
|upkeep
|turn|157
|
|t:|1595527174
|move|p2a: Sheldon|Endure|p2a: Sheldon
|-singleturn|p2a: Sheldon|move: Endure
|move|p1a: Corviknight|Bulk Up|p1a: Corviknight
|-boost|p1a: Corviknight|atk|0
|-boost|p1a: Corviknight|def|0
|
|upkeep
|turn|158
|c| stallUmama|hax!
|
|t:|1595527179
|move|p2a: Sheldon|Endure||[still]
|-fail|p2a: Sheldon
|move|p1a: Corviknight|Brave Bird|p2a: Sheldon
|-supereffective|p2a: Sheldon
|-damage|p2a: Sheldon|0 fnt
|-damage|p1a: Corviknight|99/100|[from] Recoil
|faint|p2a: Sheldon
|
|win|Lenape
|c| hey bye !|stallUmama did he lost?
|c| stallUmama|so sad
|c| hey bye !|LOL
|c| stallUmama|big hax
|c|☆Lenape|BWAHAHAHAHA
|c| hey bye !|Stfu lol
|c|☆Lenape|HWABNAGAGAGAGA
|c| hey bye !|stallUmama you suck
|c|☆Lenape|HAHAHAHA
|c|☆Lenape|JAJAJAJAJA
|c| hey bye !|héhé
|c|☆Lenape|JAJAJAJAJA
|c|☆Lenape|OMG
|c|☆Lenape|JAJAJAJAJA
|c| stallUmama|sad loser lenapo
|c| hey bye !|jajajaj
|c|☆Lenape|LMAO
|c|☆I quit the game|Mb stallumama I knew he was gonna go for this wincon
|c|☆Lenape|ROFLAMO
|c| hey bye !|stallUmama no rage trash talking
|c|☆I quit the game|but I didn’t stop him
|c| hey bye !|I quit the game fair
|c|☆Lenape|You couldnt stop me
|c| hey bye !|stallUmama not fair
|c| stallUmama|hacker exposed omg
|c|☆I quit the game|i could stop you
|c| stallUmama|sad game
|c|☆Lenape|Nope
|c|☆Lenape|only
|l| stallUmama
|c|☆Lenape|If i threw
|c|☆I quit the game|by whirlwindint
|c|☆I quit the game|on the toxapex
|c|☆Lenape|and wasted PP
|c| hey bye !|"got a crit and leftovers removed and still hacker exposed because he stallbreaks 6-0 stall"
|c|☆I quit the game|instead of killing it
|l| Arnaud Senju vgc
||Ladder (probably) updated, but score could not be retrieved (Request timeout).
|l| Evoilite
|c|☆Lenape|only way i lost is if i let Corvinight PP get too low
|c| hey bye !|Yes
|c| hey bye !|I was scared of it
|c| hey bye !|good thing you cankeep stall
|c| hey bye !|I couldnt
|c| hey bye !|congrats
|l| OUUIi
|c|☆Lenape|Once i knew his sets
|c|☆Lenape|All i had to do was let everything else die
|l| Cobby alt
|c|☆Lenape|There was nothign else you could do to win the game
|c| hey bye !|Yes
|c| hey bye !|I was going to say that I quit the game would sweep with ditto
|c| hey bye !|but no
|c|☆Lenape|Nope even if he copied my Corv it didnt matter
|c| hey bye !|even if you didn't substituted at the moment
|c| hey bye !|it didn't mattered
|c| hey bye !|proof right here
|c|☆Lenape|Corv doesnt beat Corv so all i had to do was waste 3 turns and watch him struggle
|c| hey bye !|lol
|c|☆I quit the game|Unfortunate
|c|☆I quit the game|Welp
|c|☆I quit the game|gg
|c|☆Lenape|Also WW toxapex doesly help you
|c| hey bye !|yas gg
|c|☆Lenape|Because you setup rock and 3 layers of spikes
|c| hey bye !|Well I need to prepare myself to stall if I play OU
|c| hey bye !|I can't because of my awful luck
|c|☆Lenape|Pex dies before corv
|c|☆Lenape|And we end up in the same place
|l| hey bye !
|c|☆Lenape|Sorry but i have no respect for purist stallers
|c|☆Lenape|GG
|l|☆Lenape
|l| Vfdre
|l| Supreme Existence
|l| Hyrule1113
|l| Aparctias
|l| marsanito987
|l|☆I quit the game
