|raw|<div class="broadcast-blue"><strong>This battle is required to be public due to a player having a name starting with 'lt92pf'.</div>
|j|☆LT92PF fb
|j|☆Cold.exe
|t:|1659712947
|gametype|singles
|player|p1|LT92PF fb|psychic-gen2|1679
|player|p2|Cold.exe|flannery|1630
|teamsize|p1|6
|teamsize|p2|6
|gen|8
|tier|[Gen 8] OU
|rated|
|rule|Sleep Clause Mod: Limit one foe put to sleep
|rule|Species Clause: Limit one of each Pokémon
|rule|OHKO Clause: OHKO moves are banned
|rule|Evasion Items Clause: Evasion items are banned
|rule|Evasion Moves Clause: Evasion moves are banned
|rule|Endless Battle Clause: Forcing endless battles is banned
|rule|HP Percentage Mod: HP is shown in percentages
|rule|Dynamax Clause: You cannot dynamax
|clearpoke
|poke|p1|Dragapult, F|
|poke|p1|Urshifu-*, M|
|poke|p1|Tapu Lele|
|poke|p1|Zapdos|
|poke|p1|Ferrothorn, M|
|poke|p1|Landorus-Therian, M|
|poke|p2|Landorus-Therian, M|
|poke|p2|Blacephalon|
|poke|p2|Zapdos|
|poke|p2|Mandibuzz, F|
|poke|p2|Melmetal|
|poke|p2|Urshifu-*, F|
|teampreview
|inactive|Battle timer is ON: inactive players will automatically lose when time's up. (requested by Cold.exe)
|
|t:|1659712961
|start
|switch|p1a: Landorus|Landorus-Therian, M|100/100
|switch|p2a: Zapdos|Zapdos|100/100
|-ability|p1a: Landorus|Intimidate|boost
|-unboost|p2a: Zapdos|atk|1
|turn|1
|
|t:|1659712965
|move|p2a: Zapdos|Hurricane|p1a: Landorus
|-damage|p1a: Landorus|37/100
|move|p1a: Landorus|Toxic|p2a: Zapdos
|-status|p2a: Zapdos|tox
|
|-heal|p1a: Landorus|43/100|[from] item: Leftovers
|-damage|p2a: Zapdos|94/100 tox|[from] psn
|upkeep
|turn|2
|
|t:|1659712969
|switch|p1a: Zapdos|Zapdos|100/100
|move|p2a: Zapdos|Hurricane|p1a: Zapdos
|-resisted|p1a: Zapdos
|-damage|p1a: Zapdos|59/100
|
|-damage|p2a: Zapdos|82/100 tox|[from] psn
|upkeep
|turn|3
|
|t:|1659712974
|switch|p2a: Blacephalon|Blacephalon|100/100
|move|p1a: Zapdos|Roost|p1a: Zapdos
|-heal|p1a: Zapdos|100/100
|-singleturn|p1a: Zapdos|move: Roost
|
|upkeep
|turn|4
|
|t:|1659712981
|switch|p1a: Dragapult|Dragapult, F|100/100
|move|p2a: Blacephalon|Overheat|p1a: Dragapult
|-resisted|p1a: Dragapult
|-damage|p1a: Dragapult|22/100
|-unboost|p2a: Blacephalon|spa|2
|
|upkeep
|turn|5
|
|t:|1659712989
|switch|p2a: Mandibuzz|Mandibuzz, F|100/100
|move|p1a: Dragapult|Draco Meteor|p2a: Mandibuzz
|-damage|p2a: Mandibuzz|24/100
|-unboost|p1a: Dragapult|spa|2
|
|upkeep
|turn|6
|
|t:|1659712992
|switch|p2a: Landorus|Landorus-Therian, M|100/100
|-ability|p2a: Landorus|Intimidate|boost
|-unboost|p1a: Dragapult|atk|1
|move|p1a: Dragapult|Draco Meteor|p2a: Landorus
|-damage|p2a: Landorus|68/100
|-unboost|p1a: Dragapult|spa|2
|
|-heal|p2a: Landorus|74/100|[from] item: Leftovers
|upkeep
|turn|7
|
|t:|1659712995
|switch|p1a: Landorus|Landorus-Therian, M|43/100
|-ability|p1a: Landorus|Intimidate|boost
|-unboost|p2a: Landorus|atk|1
|move|p2a: Landorus|U-turn|p1a: Landorus
|-resisted|p1a: Landorus
|-damage|p1a: Landorus|36/100
|
|t:|1659712997
|switch|p2a: Blacephalon|Blacephalon|100/100|[from]move: U-turn
|
|-heal|p1a: Landorus|42/100|[from] item: Leftovers
|upkeep
|turn|8
|
|t:|1659713003
|switch|p1a: Urshifu|Urshifu-Rapid-Strike, M|100/100
|move|p2a: Blacephalon|Shadow Ball|p1a: Urshifu
|-damage|p1a: Urshifu|0 fnt
|faint|p1a: Urshifu
|-ability|p2a: Blacephalon|Beast Boost|boost
|-boost|p2a: Blacephalon|spa|1
|
|upkeep
|j| irgendwasmitmeeem
|
|t:|1659713008
|switch|p1a: Dragapult|Dragapult, F|22/100
|turn|9
|
|t:|1659713009
|switch|p2a: Mandibuzz|Mandibuzz, F|24/100
|move|p1a: Dragapult|Draco Meteor|p2a: Mandibuzz
|-damage|p2a: Mandibuzz|0 fnt
|-unboost|p1a: Dragapult|spa|2
|faint|p2a: Mandibuzz
|
|upkeep
|
|t:|1659713013
|switch|p2a: Blacephalon|Blacephalon|100/100
|turn|10
|
|t:|1659713025
|switch|p1a: Landorus|Landorus-Therian, M|42/100
|-ability|p1a: Landorus|Intimidate|boost
|-unboost|p2a: Blacephalon|atk|1
|move|p2a: Blacephalon|Shadow Ball|p1a: Landorus
|-damage|p1a: Landorus|0 fnt
|faint|p1a: Landorus
|-ability|p2a: Blacephalon|Beast Boost|boost
|-boost|p2a: Blacephalon|spa|1
|
|upkeep
|
|t:|1659713028
|switch|p1a: Tapu Lele|Tapu Lele|100/100
|-fieldstart|move: Psychic Terrain|[from] ability: Psychic Surge|[of] p1a: Tapu Lele
|turn|11
|j| I M prad yt
|
|t:|1659713039
|switch|p2a: Melmetal|Melmetal|100/100
|move|p1a: Tapu Lele|Psychic|p2a: Melmetal
|-resisted|p2a: Melmetal
|-damage|p2a: Melmetal|65/100
|
|upkeep
|turn|12
|
|t:|1659713044
|switch|p1a: Zapdos|Zapdos|100/100
|switch|p2a: Blacephalon|Blacephalon|100/100
|
|upkeep
|turn|13
|
|t:|1659713053
|move|p2a: Blacephalon|Overheat|p1a: Zapdos
|-damage|p1a: Zapdos|0 fnt
|-unboost|p2a: Blacephalon|spa|2
|faint|p1a: Zapdos
|-ability|p2a: Blacephalon|Beast Boost|boost
|-boost|p2a: Blacephalon|spa|1
|
|upkeep
|
|t:|1659713054
|switch|p1a: Dragapult|Dragapult, F|22/100
|turn|14
|
|t:|1659713063
|switch|p2a: Zapdos|Zapdos|82/100 tox
|move|p1a: Dragapult|Shadow Ball|p2a: Zapdos
|-damage|p2a: Zapdos|13/100 tox
|
|-damage|p2a: Zapdos|7/100 tox|[from] psn
|upkeep
|turn|15
|
|t:|1659713068
|move|p1a: Dragapult|Shadow Ball|p2a: Zapdos
|-damage|p2a: Zapdos|0 fnt
|faint|p2a: Zapdos
|
|-fieldend|move: Psychic Terrain
|upkeep
|
|t:|1659713071
|switch|p2a: Landorus|Landorus-Therian, M|74/100
|-ability|p2a: Landorus|Intimidate|boost
|-unboost|p1a: Dragapult|atk|1
|turn|16
|
|t:|1659713074
|switch|p1a: Ferrothorn|Ferrothorn, M|100/100
|switch|p2a: Blacephalon|Blacephalon|100/100
|
|upkeep
|turn|17
|-message|LT92PF fb forfeited.
|
|win|Cold.exe
|raw|LT92PF fb's rating: 1679 &rarr; <strong>1656</strong><br />(-23 for losing)
|raw|Cold.exe's rating: 1630 &rarr; <strong>1653</strong><br />(+23 for winning)
|l|☆LT92PF fb
|l| I M prad yt
||Ladder isn't responding, score probably updated but might not have (Request timeout).
|l|☆Cold.exe
