|html|<div class="broadcast-blue"><strong>[Gen 8] OU is currently suspecting Melmetal! For information on how to participate check out the <a href="https://www.smogon.com/forums/threads/np-ss-ou-suspect-process-round-12-monster-mash.3709234/">suspect thread</a>.</strong></div>
|j|☆Infernoss
|j|☆bramitoboy
|t:|1666553164
|gametype|singles
|player|p1|Infernoss|blue|1791
|player|p2|bramitoboy|101|1814
|teamsize|p1|6
|teamsize|p2|6
|gen|8
|tier|[Gen 8] OU
|rated|
|rule|Sleep Clause Mod: Limit one foe put to sleep
|rule|Species Clause: Limit one of each Pokémon
|rule|OHKO Clause: OHKO moves are banned
|rule|Evasion Items Clause: Evasion items are banned
|rule|Evasion Moves Clause: Evasion moves are banned
|rule|Endless Battle Clause: Forcing endless battles is banned
|rule|HP Percentage Mod: HP is shown in percentages
|rule|Dynamax Clause: You cannot dynamax
|clearpoke
|poke|p1|Slowbro, F|
|poke|p1|Hatterene, F|
|poke|p1|Marowak-Alola, M|
|poke|p1|Ferrothorn, M|
|poke|p1|Garchomp, F|
|poke|p1|Drampa, M|
|poke|p2|Zarude-Dada|
|poke|p2|Keldeo-Resolute|
|poke|p2|Tapu Lele|
|poke|p2|Tapu Koko|
|poke|p2|Heatran, M|
|poke|p2|Landorus-Therian, M|
|teampreview
|inactive|Battle timer is ON: inactive players will automatically lose when time's up. (requested by bramitoboy)
|
|t:|1666553199
|start
|switch|p1a: Thorns|Ferrothorn, M|100/100
|switch|p2a: Zarude|Zarude-Dada|100/100
|turn|1
|
|t:|1666553206
|switch|p1a: Falko|Drampa, M|100/100
|move|p2a: Zarude|Bulk Up|p2a: Zarude
|-boost|p2a: Zarude|atk|1
|-boost|p2a: Zarude|def|1
|
|upkeep
|turn|2
|
|t:|1666553212
|move|p2a: Zarude|Darkest Lariat|p1a: Falko
|-damage|p1a: Falko|6/100
|-ability|p1a: Falko|Berserk|boost
|-boost|p1a: Falko|spa|1
|-damage|p2a: Zarude|91/100|[from] item: Life Orb
|move|p1a: Falko|Ice Beam|p2a: Zarude
|-supereffective|p2a: Zarude
|-damage|p2a: Zarude|0 fnt
|faint|p2a: Zarude
|
|upkeep
|
|t:|1666553220
|switch|p2a: Tapu Lele|Tapu Lele|100/100
|-fieldstart|move: Psychic Terrain|[from] ability: Psychic Surge|[of] p2a: Tapu Lele
|turn|3
|j| Ran Kob
|
|t:|1666553240
|switch|p1a: Thorns|Ferrothorn, M|100/100
|move|p2a: Tapu Lele|Focus Blast|p1a: Thorns
|-supereffective|p1a: Thorns
|-crit|p1a: Thorns
|-damage|p1a: Thorns|11/100
|
|upkeep
|turn|4
|
|t:|1666553247
|switch|p1a: Gorra|Hatterene, F|100/100
|move|p2a: Tapu Lele|Thunderbolt|p1a: Gorra
|-damage|p1a: Gorra|73/100
|
|upkeep
|turn|5
|j| Jongruenwald
|
|t:|1666553253
|move|p2a: Tapu Lele|Moonblast|p1a: Gorra
|-crit|p1a: Gorra
|-damage|p1a: Gorra|7/100
|-unboost|p1a: Gorra|spa|1
|move|p1a: Gorra|Trick Room|p1a: Gorra
|-fieldstart|move: Trick Room|[of] p1a: Gorra
|
|upkeep
|turn|6
|c|☆Infernoss|lol
|
|t:|1666553261
|switch|p2a: Heatran|Heatran, M|100/100
|-item|p2a: Heatran|Air Balloon
|move|p1a: Gorra|Healing Wish|p1a: Gorra
|faint|p1a: Gorra
|
|upkeep
|c|☆bramitoboy|ahah yes
|
|t:|1666553268
|switch|p1a: Billy B.|Marowak-Alola, M|100/100
|turn|7
|c|☆bramitoboy|Anyway, you made few mistakes
|c|☆bramitoboy|for instance, I would have not played ferrothorn in that case
|
|t:|1666553285
|switch|p2a: Landorus|Landorus-Therian, M|100/100
|-ability|p2a: Landorus|Intimidate|boost
|-unboost|p1a: Billy B.|atk|1
|move|p1a: Billy B.|Poltergeist|p2a: Landorus|[miss]
|-miss|p1a: Billy B.|p2a: Landorus
|
|-fieldend|move: Psychic Terrain
|upkeep
|turn|8
|c|☆Infernoss|lol
|c|☆bramitoboy|ihihih
|c|☆Infernoss|yea, im mistake
|j| Pomrad
|
|t:|1666553305
|switch|p1a: Sonso|Slowbro, F|100/100
|move|p2a: Landorus|Earthquake|p1a: Sonso
|-damage|p1a: Sonso|72/100
|
|upkeep
|turn|9
|
|t:|1666553311
|move|p1a: Sonso|Scald|p2a: Landorus
|-supereffective|p2a: Landorus
|-damage|p2a: Landorus|39/100
|move|p2a: Landorus|Knock Off|p1a: Sonso
|-supereffective|p1a: Sonso
|-enditem|p1a: Sonso|Colbur Berry|[eat]
|-enditem|p1a: Sonso|Colbur Berry|[weaken]
|-damage|p1a: Sonso|54/100
|
|-fieldend|move: Trick Room
|upkeep
|turn|10
|
|t:|1666553322
|switch|p2a: Tapu Lele|Tapu Lele|100/100
|-fieldstart|move: Psychic Terrain|[from] ability: Psychic Surge|[of] p2a: Tapu Lele
|move|p1a: Sonso|Trick Room|p1a: Sonso
|-fieldstart|move: Trick Room|[of] p1a: Sonso
|
|upkeep
|turn|11
|
|t:|1666553330
|switch|p1a: Thorns|Ferrothorn, M|11/100
|-heal|p1a: Thorns|100/100|[from] move: Healing Wish
|move|p2a: Tapu Lele|Thunderbolt|p1a: Thorns
|-resisted|p1a: Thorns
|-damage|p1a: Thorns|89/100
|
|upkeep
|turn|12
|j| Jynx nuggets
|
|t:|1666553337
|switch|p2a: Landorus|Landorus-Therian, M|39/100
|-ability|p2a: Landorus|Intimidate|boost
|-unboost|p1a: Thorns|atk|1
|move|p1a: Thorns|Stealth Rock|p2a: Landorus
|-sidestart|p2: bramitoboy|move: Stealth Rock
|
|upkeep
|turn|13
|j| Deschutes13
|
|t:|1666553343
|move|p1a: Thorns|Gyro Ball|p2a: Landorus
|-damage|p2a: Landorus|15/100
|-damage|p1a: Thorns|73/100|[from] item: Rocky Helmet|[of] p2a: Landorus
|move|p2a: Landorus|Defog|p1a: Thorns
|-unboost|p1a: Thorns|evasion|1
|-sideend|p2: bramitoboy|Stealth Rock|[from] move: Defog|[of] p2a: Landorus
|-fieldend|move: Psychic Terrain
|
|upkeep
|turn|14
|
|t:|1666553351
|switch|p2a: Heatran|Heatran, M|100/100
|-item|p2a: Heatran|Air Balloon
|move|p1a: Thorns|Stealth Rock|p2a: Heatran
|-sidestart|p2: bramitoboy|move: Stealth Rock
|
|-fieldend|move: Trick Room
|upkeep
|turn|15
|
|t:|1666553366
|switch|p1a: Sharpo|Garchomp, F|100/100
|move|p2a: Heatran|Stealth Rock|p1a: Sharpo
|-sidestart|p1: Infernoss|move: Stealth Rock
|
|upkeep
|turn|16
|
|t:|1666553375
|switch|p2a: Landorus|Landorus-Therian, M|15/100
|-damage|p2a: Landorus|3/100|[from] Stealth Rock
|-ability|p2a: Landorus|Intimidate|boost
|-unboost|p1a: Sharpo|atk|1
|move|p1a: Sharpo|Swords Dance|p1a: Sharpo
|-boost|p1a: Sharpo|atk|2
|
|upkeep
|turn|17
|
|t:|1666553385
|switch|p2a: Tapu Koko|Tapu Koko|100/100
|-damage|p2a: Tapu Koko|88/100|[from] Stealth Rock
|-fieldstart|move: Electric Terrain|[from] ability: Electric Surge|[of] p2a: Tapu Koko
|move|p1a: Sharpo|Scale Shot|p2a: Tapu Koko
|-immune|p2a: Tapu Koko
|
|upkeep
|turn|18
|j| Swag like Ohio
|
|t:|1666553396
|switch|p1a: Thorns|Ferrothorn, M|73/100
|-damage|p1a: Thorns|66/100|[from] Stealth Rock
|move|p2a: Tapu Koko|Dazzling Gleam|p1a: Thorns
|-resisted|p1a: Thorns
|-damage|p1a: Thorns|54/100
|
|upkeep
|turn|19
|
|t:|1666553403
|switch|p2a: Landorus|Landorus-Therian, M|3/100
|-damage|p2a: Landorus|0 fnt|[from] Stealth Rock
|faint|p2a: Landorus
|move|p1a: Thorns|Leech Seed|p2: Landorus|[notarget]
|-fail|p1a: Thorns
|
|upkeep
|
|t:|1666553409
|switch|p2a: Keldeo|Keldeo-Resolute|100/100
|-damage|p2a: Keldeo|94/100|[from] Stealth Rock
|turn|20
|
|t:|1666553413
|switch|p1a: Sonso|Slowbro, F|88/100
|-damage|p1a: Sonso|75/100|[from] Stealth Rock
|move|p2a: Keldeo|Calm Mind|p2a: Keldeo
|-boost|p2a: Keldeo|spa|1
|-boost|p2a: Keldeo|spd|1
|
|-heal|p2a: Keldeo|100/100|[from] item: Leftovers
|upkeep
|turn|21
|
|t:|1666553421
|move|p2a: Keldeo|Calm Mind|p2a: Keldeo
|-boost|p2a: Keldeo|spa|1
|-boost|p2a: Keldeo|spd|1
|move|p1a: Sonso|Body Press|p2a: Keldeo
|-damage|p2a: Keldeo|67/100
|
|-heal|p2a: Keldeo|73/100|[from] item: Leftovers
|-fieldend|move: Electric Terrain
|upkeep
|turn|22
|
|t:|1666553429
|move|p2a: Keldeo|Scald|p1a: Sonso
|-resisted|p1a: Sonso
|-damage|p1a: Sonso|30/100
|move|p1a: Sonso|Trick Room|p1a: Sonso
|-fieldstart|move: Trick Room|[of] p1a: Sonso
|
|-heal|p2a: Keldeo|79/100|[from] item: Leftovers
|upkeep
|turn|23
|
|t:|1666553437
|switch|p1a: Falko|Drampa, M|6/100
|-damage|p1a: Falko|0 fnt|[from] Stealth Rock
|faint|p1a: Falko
|move|p2a: Keldeo|Scald|p1: Falko|[notarget]
|-fail|p2a: Keldeo
|
|-heal|p2a: Keldeo|85/100|[from] item: Leftovers
|upkeep
|
|t:|1666553445
|switch|p1a: Billy B.|Marowak-Alola, M|100/100
|-damage|p1a: Billy B.|76/100|[from] Stealth Rock
|turn|24
|
|t:|1666553449
|move|p1a: Billy B.|Poltergeist|p2a: Keldeo
|-activate|p2a: Keldeo|move: Poltergeist|Leftovers
|-damage|p2a: Keldeo|0 fnt
|faint|p2a: Keldeo
|
|upkeep
|
|t:|1666553454
|switch|p2a: Tapu Koko|Tapu Koko|88/100
|-damage|p2a: Tapu Koko|76/100|[from] Stealth Rock
|-fieldstart|move: Electric Terrain|[from] ability: Electric Surge|[of] p2a: Tapu Koko
|turn|25
|
|t:|1666553460
|move|p1a: Billy B.|Poltergeist|p2a: Tapu Koko
|-activate|p2a: Tapu Koko|move: Poltergeist|Choice Scarf
|-damage|p2a: Tapu Koko|0 fnt
|faint|p2a: Tapu Koko
|
|upkeep
|
|t:|1666553463
|switch|p2a: Heatran|Heatran, M|100/100
|-damage|p2a: Heatran|88/100|[from] Stealth Rock
|-item|p2a: Heatran|Air Balloon
|turn|26
|
|t:|1666553471
|move|p1a: Billy B.|Poltergeist|p2a: Heatran
|-activate|p2a: Heatran|move: Poltergeist|Air Balloon
|-damage|p2a: Heatran|18/100
|-enditem|p2a: Heatran|Air Balloon
|move|p2a: Heatran|Earth Power|p1a: Billy B.
|-supereffective|p1a: Billy B.
|-damage|p1a: Billy B.|0 fnt
|faint|p1a: Billy B.
|
|-fieldend|move: Trick Room
|upkeep
|
|t:|1666553495
|switch|p1a: Sharpo|Garchomp, F|100/100
|-damage|p1a: Sharpo|94/100|[from] Stealth Rock
|turn|27
|
|t:|1666553499
|move|p1a: Sharpo|Swords Dance|p1a: Sharpo
|-boost|p1a: Sharpo|atk|2
|move|p2a: Heatran|Taunt|p1a: Sharpo
|-start|p1a: Sharpo|move: Taunt
|
|-heal|p1a: Sharpo|100/100|[from] item: Leftovers
|upkeep
|turn|28
|-message|bramitoboy forfeited.
|
|win|Infernoss
|raw|Infernoss's rating: 1791 &rarr; <strong>1812</strong><br />(+21 for winning)
|raw|bramitoboy's rating: 1814 &rarr; <strong>1793</strong><br />(-21 for losing)
|l|☆bramitoboy
|l| Swag like Ohio
|l| Jongruenwald
|l| Pomrad
|l| Deschutes13
||Ladder isn't responding, score probably updated but might not have (Request timeout).
|l| Ran Kob
|l| Jynx nuggets
