|j|☆gotsnsd
|j|☆Jongruenwald
|t:|1664824370
|gametype|singles
|player|p1|gotsnsd|beauty-gen2jp|1628
|player|p2|Jongruenwald|marlon|1703
|teamsize|p1|6
|teamsize|p2|6
|gen|8
|tier|[Gen 8] OU
|rated|
|rule|Sleep Clause Mod: Limit one foe put to sleep
|rule|Species Clause: Limit one of each Pokémon
|rule|OHKO Clause: OHKO moves are banned
|rule|Evasion Items Clause: Evasion items are banned
|rule|Evasion Moves Clause: Evasion moves are banned
|rule|Endless Battle Clause: Forcing endless battles is banned
|rule|HP Percentage Mod: HP is shown in percentages
|rule|Dynamax Clause: You cannot dynamax
|clearpoke
|poke|p1|Melmetal|
|poke|p1|Blacephalon|
|poke|p1|Tapu Fini|
|poke|p1|Tornadus-Therian, M|
|poke|p1|Landorus-Therian, M|
|poke|p1|Kartana|
|poke|p2|Ninetales-Alola, F|
|poke|p2|Arctozolt|
|poke|p2|Clefable, M|
|poke|p2|Magnezone|
|poke|p2|Landorus-Therian, M|
|poke|p2|Victini|
|teampreview
|j| Lapalissyar
|
|t:|1664824389
|start
|switch|p1a: Tornadus|Tornadus-Therian, M|100/100
|switch|p2a: Landorus|Landorus-Therian, M|100/100
|-ability|p2a: Landorus|Intimidate|boost
|-unboost|p1a: Tornadus|atk|1
|turn|1
|c| Lapalissyar|meme weather vs a legit team
|
|t:|1664824395
|move|p1a: Tornadus|Taunt|p2a: Landorus
|-start|p2a: Landorus|move: Taunt
|cant|p2a: Landorus|move: Taunt|Stealth Rock
|
|upkeep
|turn|2
|
|t:|1664824409
|move|p1a: Tornadus|Knock Off|p2a: Landorus
|-damage|p2a: Landorus|86/100
|-enditem|p2a: Landorus|Leftovers|[from] move: Knock Off|[of] p1a: Tornadus
|move|p2a: Landorus|U-turn|p1a: Tornadus
|-resisted|p1a: Tornadus
|-damage|p1a: Tornadus|87/100
|
|t:|1664824412
|switch|p2a: Ninetales|Ninetales-Alola, F|100/100|[from]move: U-turn
|-weather|Hail|[from] ability: Snow Warning|[of] p2a: Ninetales
|
|-weather|Hail|[upkeep]
|-damage|p1a: Tornadus|81/100|[from] Hail
|upkeep
|turn|3
|
|t:|1664824422
|switch|p1a: Melmetal|Melmetal|100/100
|move|p2a: Ninetales|Aurora Veil|p2a: Ninetales
|-sidestart|p2: Jongruenwald|move: Aurora Veil
|
|-weather|Hail|[upkeep]
|-damage|p1a: Melmetal|94/100|[from] Hail
|upkeep
|turn|4
|
|t:|1664824445
|switch|p2a: Landorus|Landorus-Therian, M|86/100
|-ability|p2a: Landorus|Intimidate|boost
|-unboost|p1a: Melmetal|atk|1
|switch|p1a: Blacephalon|Blacephalon|100/100
|
|-weather|Hail|[upkeep]
|-damage|p1a: Blacephalon|94/100|[from] Hail
|-damage|p2a: Landorus|80/100|[from] Hail
|upkeep
|turn|5
|
|t:|1664824455
|move|p1a: Blacephalon|Shadow Ball|p2a: Landorus
|-damage|p2a: Landorus|54/100
|move|p2a: Landorus|U-turn|p1a: Blacephalon
|-resisted|p1a: Blacephalon
|-crit|p1a: Blacephalon
|-damage|p1a: Blacephalon|74/100
|
|t:|1664824459
|switch|p2a: Arctozolt|Arctozolt|100/100|[from]move: U-turn
|
|-weather|Hail|[upkeep]
|-damage|p1a: Blacephalon|68/100|[from] Hail
|upkeep
|turn|6
|
|t:|1664824462
|move|p2a: Arctozolt|Substitute|p2a: Arctozolt
|-start|p2a: Arctozolt|Substitute
|-damage|p2a: Arctozolt|76/100
|move|p1a: Blacephalon|Shadow Ball|p2a: Arctozolt
|-end|p2a: Arctozolt|Substitute
|
|-weather|Hail|[upkeep]
|-damage|p1a: Blacephalon|62/100|[from] Hail
|-heal|p2a: Arctozolt|82/100|[from] item: Leftovers
|upkeep
|turn|7
|
|t:|1664824466
|switch|p1a: Landorus|Landorus-Therian, M|100/100
|-ability|p1a: Landorus|Intimidate|boost
|-unboost|p2a: Arctozolt|atk|1
|move|p2a: Arctozolt|Bolt Beak|p1a: Landorus
|-immune|p1a: Landorus
|
|-weather|Hail|[upkeep]
|-damage|p1a: Landorus|94/100|[from] Hail
|-heal|p2a: Arctozolt|88/100|[from] item: Leftovers
|-heal|p1a: Landorus|100/100|[from] item: Leftovers
|-sideend|p2: Jongruenwald|move: Aurora Veil
|upkeep
|turn|8
|
|t:|1664824469
|switch|p1a: Tapu Fini|Tapu Fini|100/100
|-fieldstart|move: Misty Terrain|[from] ability: Misty Surge|[of] p1a: Tapu Fini
|move|p2a: Arctozolt|Blizzard|p1a: Tapu Fini
|-resisted|p1a: Tapu Fini
|-damage|p1a: Tapu Fini|87/100
|
|-weather|Hail|[upkeep]
|-damage|p1a: Tapu Fini|81/100|[from] Hail
|-heal|p2a: Arctozolt|94/100|[from] item: Leftovers
|-heal|p1a: Tapu Fini|87/100|[from] item: Leftovers
|upkeep
|turn|9
|
|t:|1664824474
|switch|p1a: Melmetal|Melmetal|94/100
|move|p2a: Arctozolt|Substitute|p2a: Arctozolt
|-start|p2a: Arctozolt|Substitute
|-damage|p2a: Arctozolt|69/100
|
|-weather|none
|-heal|p2a: Arctozolt|76/100|[from] item: Leftovers
|upkeep
|turn|10
|
|t:|1664824480
|switch|p2a: Magnezone|Magnezone|100/100
|move|p1a: Melmetal|Earthquake|p2a: Magnezone
|-supereffective|p2a: Magnezone
|-damage|p2a: Magnezone|0 fnt
|faint|p2a: Magnezone
|
|upkeep
|
|t:|1664824484
|switch|p2a: Victini|Victini|100/100
|turn|11
|
|t:|1664824490
|switch|p1a: Landorus|Landorus-Therian, M|100/100
|-ability|p1a: Landorus|Intimidate|boost
|-unboost|p2a: Victini|atk|1
|move|p2a: Victini|U-turn|p1a: Landorus
|-resisted|p1a: Landorus
|-damage|p1a: Landorus|94/100
|
|t:|1664824493
|switch|p2a: Ninetales|Ninetales-Alola, F|100/100|[from]move: U-turn
|-weather|Hail|[from] ability: Snow Warning|[of] p2a: Ninetales
|
|-weather|Hail|[upkeep]
|-damage|p1a: Landorus|88/100|[from] Hail
|-heal|p1a: Landorus|94/100|[from] item: Leftovers
|upkeep
|turn|12
|
|t:|1664824502
|switch|p1a: Melmetal|Melmetal|94/100
|move|p2a: Ninetales|Aurora Veil|p2a: Ninetales
|-sidestart|p2: Jongruenwald|move: Aurora Veil
|
|-weather|Hail|[upkeep]
|-damage|p1a: Melmetal|88/100|[from] Hail
|-fieldend|Misty Terrain
|upkeep
|turn|13
|
|t:|1664824508
|switch|p2a: Victini|Victini|100/100
|move|p1a: Melmetal|Double Iron Bash|p2a: Victini
|-resisted|p2a: Victini
|-damage|p2a: Victini|88/100
|-resisted|p2a: Victini
|-damage|p2a: Victini|75/100
|-hitcount|p2a: Victini|2
|
|-weather|Hail|[upkeep]
|-damage|p2a: Victini|69/100|[from] Hail
|-damage|p1a: Melmetal|82/100|[from] Hail
|upkeep
|turn|14
|
|t:|1664824516
|switch|p1a: Tapu Fini|Tapu Fini|87/100
|-fieldstart|move: Misty Terrain|[from] ability: Misty Surge|[of] p1a: Tapu Fini
|move|p2a: Victini|U-turn|p1a: Tapu Fini
|-resisted|p1a: Tapu Fini
|-damage|p1a: Tapu Fini|78/100
|
|t:|1664824518
|switch|p2a: Arctozolt|Arctozolt|76/100|[from]move: U-turn
|
|-weather|Hail|[upkeep]
|-damage|p1a: Tapu Fini|72/100|[from] Hail
|-heal|p2a: Arctozolt|82/100|[from] item: Leftovers
|-heal|p1a: Tapu Fini|78/100|[from] item: Leftovers
|upkeep
|turn|15
|
|t:|1664824523
|switch|p1a: Landorus|Landorus-Therian, M|94/100
|-ability|p1a: Landorus|Intimidate|boost
|-unboost|p2a: Arctozolt|atk|1
|move|p2a: Arctozolt|Substitute|p2a: Arctozolt
|-start|p2a: Arctozolt|Substitute
|-damage|p2a: Arctozolt|57/100
|
|-weather|Hail|[upkeep]
|-damage|p1a: Landorus|88/100|[from] Hail
|-heal|p2a: Arctozolt|63/100|[from] item: Leftovers
|-heal|p1a: Landorus|94/100|[from] item: Leftovers
|upkeep
|turn|16
|
|t:|1664824527
|move|p2a: Arctozolt|Bolt Beak|p1a: Landorus
|-immune|p1a: Landorus
|move|p1a: Landorus|Earthquake|p2a: Arctozolt
|-supereffective|p2a: Arctozolt
|-end|p2a: Arctozolt|Substitute
|
|-weather|Hail|[upkeep]
|-damage|p1a: Landorus|88/100|[from] Hail
|-heal|p2a: Arctozolt|69/100|[from] item: Leftovers
|-heal|p1a: Landorus|94/100|[from] item: Leftovers
|-sideend|p2: Jongruenwald|move: Aurora Veil
|upkeep
|turn|17
|
|t:|1664824541
|move|p2a: Arctozolt|Blizzard|p1a: Landorus
|-supereffective|p1a: Landorus
|-damage|p1a: Landorus|0 fnt
|faint|p1a: Landorus
|
|-weather|Hail|[upkeep]
|-heal|p2a: Arctozolt|76/100|[from] item: Leftovers
|upkeep
|
|t:|1664824551
|switch|p1a: Melmetal|Melmetal|82/100
|turn|18
|
|t:|1664824566
|switch|p2a: Landorus|Landorus-Therian, M|54/100
|-ability|p2a: Landorus|Intimidate|boost
|-unboost|p1a: Melmetal|atk|1
|move|p1a: Melmetal|Double Iron Bash|p2a: Landorus
|-damage|p2a: Landorus|23/100
|-damage|p2a: Landorus|0 fnt
|faint|p2a: Landorus
|-hitcount|p2: Landorus|2
|
|-weather|none
|-fieldend|Misty Terrain
|upkeep
|
|t:|1664824569
|switch|p2a: Victini|Victini|69/100
|turn|19
|
|t:|1664824572
|switch|p1a: Tornadus|Tornadus-Therian, M|100/100
|move|p2a: Victini|V-create|p1a: Tornadus
|-damage|p1a: Tornadus|9/100
|-unboost|p2a: Victini|spe|1
|-unboost|p2a: Victini|def|1
|-unboost|p2a: Victini|spd|1
|
|upkeep
|turn|20
|
|t:|1664824575
|switch|p2a: Ninetales|Ninetales-Alola, F|100/100
|-weather|Hail|[from] ability: Snow Warning|[of] p2a: Ninetales
|move|p1a: Tornadus|Knock Off|p2a: Ninetales
|-resisted|p2a: Ninetales
|-damage|p2a: Ninetales|87/100
|-enditem|p2a: Ninetales|Icy Rock|[from] move: Knock Off|[of] p1a: Tornadus
|
|-weather|Hail|[upkeep]
|-damage|p1a: Tornadus|2/100|[from] Hail
|upkeep
|turn|21
|
|t:|1664824580
|move|p1a: Tornadus|Taunt|p2a: Ninetales
|-start|p2a: Ninetales|move: Taunt
|cant|p2a: Ninetales|move: Taunt|Aurora Veil
|
|-weather|Hail|[upkeep]
|-damage|p1a: Tornadus|0 fnt|[from] Hail
|faint|p1a: Tornadus
|upkeep
|
|t:|1664824602
|switch|p1a: Blacephalon|Blacephalon|62/100
|turn|22
|
|t:|1664824621
|move|p2a: Ninetales|Blizzard|p1a: Blacephalon
|-resisted|p1a: Blacephalon
|-damage|p1a: Blacephalon|28/100
|move|p1a: Blacephalon|Shadow Ball|p2a: Ninetales
|-damage|p2a: Ninetales|10/100
|
|-weather|Hail|[upkeep]
|-damage|p1a: Blacephalon|22/100|[from] Hail
|upkeep
|turn|23
|
|t:|1664824637
|switch|p1a: Tapu Fini|Tapu Fini|78/100
|-fieldstart|move: Misty Terrain|[from] ability: Misty Surge|[of] p1a: Tapu Fini
|move|p2a: Ninetales|Blizzard|p1a: Tapu Fini
|-resisted|p1a: Tapu Fini
|-damage|p1a: Tapu Fini|66/100
|
|-weather|Hail|[upkeep]
|-damage|p1a: Tapu Fini|59/100|[from] Hail
|-heal|p1a: Tapu Fini|66/100|[from] item: Leftovers
|-end|p2a: Ninetales|move: Taunt
|upkeep
|turn|24
|
|t:|1664824645
|switch|p2a: Arctozolt|Arctozolt|76/100
|move|p1a: Tapu Fini|Substitute|p1a: Tapu Fini
|-start|p1a: Tapu Fini|Substitute
|-damage|p1a: Tapu Fini|41/100
|
|-weather|Hail|[upkeep]
|-damage|p1a: Tapu Fini|35/100|[from] Hail
|-heal|p2a: Arctozolt|82/100|[from] item: Leftovers
|-heal|p1a: Tapu Fini|41/100|[from] item: Leftovers
|upkeep
|turn|25
|
|t:|1664824650
|move|p2a: Arctozolt|Freeze-Dry|p1a: Tapu Fini
|-supereffective|p1a: Tapu Fini
|-end|p1a: Tapu Fini|Substitute
|move|p1a: Tapu Fini|Draining Kiss|p2a: Arctozolt
|-damage|p2a: Arctozolt|60/100
|-heal|p1a: Tapu Fini|56/100|[from] drain|[of] p2a: Arctozolt
|
|-weather|Hail|[upkeep]
|-damage|p1a: Tapu Fini|50/100|[from] Hail
|-heal|p2a: Arctozolt|67/100|[from] item: Leftovers
|-heal|p1a: Tapu Fini|56/100|[from] item: Leftovers
|upkeep
|turn|26
|
|t:|1664824655
|switch|p1a: Blacephalon|Blacephalon|22/100
|move|p2a: Arctozolt|Bolt Beak|p1a: Blacephalon
|-damage|p1a: Blacephalon|0 fnt
|faint|p1a: Blacephalon
|
|-weather|Hail|[upkeep]
|-heal|p2a: Arctozolt|73/100|[from] item: Leftovers
|upkeep
|
|t:|1664824658
|switch|p1a: Melmetal|Melmetal|82/100
|turn|27
|
|t:|1664824681
|move|p2a: Arctozolt|Bolt Beak|p1a: Melmetal
|-damage|p1a: Melmetal|40/100
|move|p1a: Melmetal|Earthquake|p2a: Arctozolt
|-supereffective|p2a: Arctozolt
|-damage|p2a: Arctozolt|0 fnt
|faint|p2a: Arctozolt
|
|-weather|none
|-fieldend|Misty Terrain
|upkeep
|
|t:|1664824685
|switch|p2a: Victini|Victini|69/100
|turn|28
|
|t:|1664824692
|move|p2a: Victini|V-create|p1a: Melmetal
|-supereffective|p1a: Melmetal
|-damage|p1a: Melmetal|0 fnt
|-unboost|p2a: Victini|spe|1
|-unboost|p2a: Victini|def|1
|-unboost|p2a: Victini|spd|1
|faint|p1a: Melmetal
|
|upkeep
|
|t:|1664824699
|switch|p1a: Tapu Fini|Tapu Fini|56/100
|-fieldstart|move: Misty Terrain|[from] ability: Misty Surge|[of] p1a: Tapu Fini
|turn|29
|
|t:|1664824708
|switch|p1a: Kartana|Kartana|100/100
|switch|p2a: Ninetales|Ninetales-Alola, F|10/100
|-weather|Hail|[from] ability: Snow Warning|[of] p2a: Ninetales
|
|-weather|Hail|[upkeep]
|-damage|p1a: Kartana|94/100|[from] Hail
|upkeep
|turn|30
|
|t:|1664824714
|move|p1a: Kartana|Leaf Blade|p2a: Ninetales
|-damage|p2a: Ninetales|0 fnt
|faint|p2a: Ninetales
|-ability|p1a: Kartana|Beast Boost|boost
|-boost|p1a: Kartana|atk|1
|
|-weather|Hail|[upkeep]
|-damage|p1a: Kartana|88/100|[from] Hail
|upkeep
|
|t:|1664824726
|switch|p2a: Victini|Victini|69/100
|turn|31
|
|t:|1664824731
|switch|p1a: Tapu Fini|Tapu Fini|56/100
|move|p2a: Victini|V-create|p1a: Tapu Fini
|-resisted|p1a: Tapu Fini
|-crit|p1a: Tapu Fini
|-damage|p1a: Tapu Fini|4/100
|-unboost|p2a: Victini|spe|1
|-unboost|p2a: Victini|def|1
|-unboost|p2a: Victini|spd|1
|
|-weather|Hail|[upkeep]
|-damage|p1a: Tapu Fini|0 fnt|[from] Hail
|-damage|p2a: Victini|63/100|[from] Hail
|faint|p1a: Tapu Fini
|upkeep
|
|t:|1664824736
|switch|p1a: Kartana|Kartana|88/100
|turn|32
|
|t:|1664824743
|move|p1a: Kartana|Smart Strike|p2a: Victini
|-resisted|p2a: Victini
|-damage|p2a: Victini|22/100
|move|p2a: Victini|V-create|p1a: Kartana
|-supereffective|p1a: Kartana
|-damage|p1a: Kartana|0 fnt
|-unboost|p2a: Victini|spe|1
|-unboost|p2a: Victini|def|1
|-unboost|p2a: Victini|spd|1
|faint|p1a: Kartana
|
|win|Jongruenwald
|raw|gotsnsd's rating: 1628 &rarr; <strong>1612</strong><br />(-16 for losing)
|raw|Jongruenwald's rating: 1703 &rarr; <strong>1719</strong><br />(+16 for winning)
|l|☆gotsnsd
|j| Zemmour & Rick
|l| Zemmour & Rick
||Ladder isn't responding, score probably updated but might not have (Request timeout).
