|raw|<div class="broadcast-blue"><strong>This battle is required to be public due to a player having a name starting with 'lt84jm'.</div>
|j|☆LT84JM spooky
|j|☆KFC Chizza
|t:|1627685667
|gametype|singles
|player|p1|LT84JM spooky|rosa|1900
|player|p2|KFC Chizza|unknown|1846
|teamsize|p1|6
|teamsize|p2|6
|gen|8
|tier|[Gen 8] OU
|rated|
|rule|Sleep Clause Mod: Limit one foe put to sleep
|rule|Species Clause: Limit one of each Pokémon
|rule|OHKO Clause: OHKO moves are banned
|rule|Evasion Moves Clause: Evasion moves are banned
|rule|Endless Battle Clause: Forcing endless battles is banned
|rule|HP Percentage Mod: HP is shown in percentages
|rule|Dynamax Clause: You cannot dynamax
|clearpoke
|poke|p1|Tapu Lele|
|poke|p1|Hydreigon, F|
|poke|p1|Toxapex, F|
|poke|p1|Landorus-Therian, M|
|poke|p1|Zeraora|
|poke|p1|Corviknight, F|
|poke|p2|Reuniclus, M|
|poke|p2|Garchomp, F|
|poke|p2|Skarmory, M|
|poke|p2|Blissey, F|
|poke|p2|Clefable, F|
|poke|p2|Rotom-Heat|
|teampreview
|j| lt84jm cryinghard
|j| London Beats
|j|+Analytic
|inactive|Battle timer is ON: inactive players will automatically lose when time's up. (requested by KFC Chizza)
|c|☆KFC Chizza|HF
|j| Cyclestand
|c|☆LT84JM spooky|U TOO
|j| Otheruf789
|j| LT84JMsorryimtoxic
|j| sdjhfbuashbf
|l| sdjhfbuashbf
|l| LT84JMsorryimtoxic
|inactive|KFC Chizza has 120 seconds left.
|
|t:|1627685704
|start
|switch|p1a: Toxapex|Toxapex, F|100/100
|switch|p2a: Blissey|Blissey, F|100/100
|turn|1
|j| a1012
|j| 64 squares
|
|t:|1627685720
|switch|p2a: Reuniclus|Reuniclus, M|100/100
|move|p1a: Toxapex|Knock Off|p2a: Reuniclus
|-supereffective|p2a: Reuniclus
|-damage|p2a: Reuniclus|77/100
|-damage|p1a: Toxapex|84/100|[from] item: Rocky Helmet|[of] p2a: Reuniclus
|-enditem|p2a: Reuniclus|Rocky Helmet|[from] move: Knock Off|[of] p1a: Toxapex
|
|-heal|p1a: Toxapex|90/100|[from] item: Black Sludge
|upkeep
|turn|2
|j| Alemantas194
|j| mishimono
|inactive|LT84JM spooky has 120 seconds left.
|j| Gracekill
|
|t:|1627685748
|switch|p1a: Hydreigon|Hydreigon, F|100/100
|move|p2a: Reuniclus|Recover|p2a: Reuniclus
|-heal|p2a: Reuniclus|100/100
|
|upkeep
|turn|3
|l| Otheruf789
|l| Alemantas194
|j| LT84JM Ayante
|
|t:|1627685755
|switch|p2a: Blissey|Blissey, F|100/100
|move|p1a: Hydreigon|U-turn|p2a: Blissey
|-damage|p2a: Blissey|87/100
|j| Otheruf789
|
|t:|1627685758
|switch|p1a: Toxapex|Toxapex, F|100/100|[from]move: U-turn
|
|upkeep
|turn|4
|
|t:|1627685769
|switch|p2a: Skarmory|Skarmory, M|100/100
|switch|p1a: Hydreigon|Hydreigon, F|100/100
|
|upkeep
|turn|5
|
|t:|1627685775
|switch|p2a: Blissey|Blissey, F|87/100
|move|p1a: Hydreigon|Dark Pulse|p2a: Blissey
|-damage|p2a: Blissey|72/100
|
|upkeep
|turn|6
|
|t:|1627685777
|move|p1a: Hydreigon|U-turn|p2a: Blissey
|-damage|p2a: Blissey|58/100
|j| LT84JM reje
|
|t:|1627685784
|switch|p1a: Toxapex|Toxapex, F|100/100|[from]move: U-turn
|move|p2a: Blissey|Soft-Boiled|p2a: Blissey
|-heal|p2a: Blissey|100/100
|
|upkeep
|turn|7
|j| MLT7B1 Cheese
|
|t:|1627685790
|switch|p2a: Garchomp|Garchomp, F|100/100
|move|p1a: Toxapex|Knock Off|p2a: Garchomp
|-damage|p2a: Garchomp|87/100
|-damage|p1a: Toxapex|88/100|[from] ability: Rough Skin|[of] p2a: Garchomp
|-enditem|p2a: Garchomp|Leftovers|[from] move: Knock Off|[of] p1a: Toxapex
|
|-heal|p1a: Toxapex|94/100|[from] item: Black Sludge
|upkeep
|turn|8
|l| Otheruf789
|j| LT84JM croo
|j| Siegbert Verena
|
|t:|1627685794
|switch|p1a: Corviknight|Corviknight, F|100/100
|-ability|p1a: Corviknight|Pressure
|move|p2a: Garchomp|Stealth Rock|p1a: Corviknight
|-sidestart|p1: LT84JM spooky|move: Stealth Rock
|
|upkeep
|turn|9
|
|t:|1627685798
|switch|p2a: Rotom|Rotom-Heat|100/100
|move|p1a: Corviknight|Defog|p2a: Rotom
|-unboost|p2a: Rotom|evasion|1
|-sideend|p1: LT84JM spooky|Stealth Rock|[from] move: Defog|[of] p1a: Corviknight
|
|upkeep
|turn|10
|
|t:|1627685802
|move|p2a: Rotom|Discharge|p1a: Corviknight
|-supereffective|p1a: Corviknight
|-damage|p1a: Corviknight|52/100
|move|p1a: Corviknight|U-turn|p2a: Rotom
|-resisted|p2a: Rotom
|-damage|p2a: Rotom|93/100
|
|t:|1627685804
|switch|p1a: Tapu Lele|Tapu Lele|100/100|[from]move: U-turn
|-fieldstart|move: Psychic Terrain|[from] ability: Psychic Surge|[of] p1a: Tapu Lele
|
|upkeep
|turn|11
|j| LT84JM Kibo
|
|t:|1627685809
|switch|p2a: Skarmory|Skarmory, M|100/100
|move|p1a: Tapu Lele|Psyshock|p2a: Skarmory
|-resisted|p2a: Skarmory
|-damage|p2a: Skarmory|74/100
|
|upkeep
|turn|12
|j| ReeceHughes
|
|t:|1627685818
|switch|p1a: Zeraora|Zeraora|100/100
|move|p2a: Skarmory|Roost|p2a: Skarmory
|-heal|p2a: Skarmory|100/100
|-singleturn|p2a: Skarmory|move: Roost
|
|upkeep
|turn|13
|
|t:|1627685821
|switch|p2a: Garchomp|Garchomp, F|87/100
|move|p1a: Zeraora|Volt Switch|p2a: Garchomp
|-immune|p2a: Garchomp
|
|upkeep
|turn|14
|j| yacht
|
|t:|1627685825
|switch|p1a: Corviknight|Corviknight, F|52/100
|-ability|p1a: Corviknight|Pressure
|move|p2a: Garchomp|Stealth Rock|p1a: Corviknight
|-sidestart|p1: LT84JM spooky|move: Stealth Rock
|
|-heal|p1a: Corviknight|58/100|[from] item: Leftovers
|-fieldend|move: Psychic Terrain
|upkeep
|turn|15
|
|t:|1627685827
|switch|p2a: Rotom|Rotom-Heat|93/100
|move|p1a: Corviknight|Defog|p2a: Rotom
|-unboost|p2a: Rotom|evasion|1
|-sideend|p1: LT84JM spooky|Stealth Rock|[from] move: Defog|[of] p1a: Corviknight
|
|-heal|p1a: Corviknight|64/100|[from] item: Leftovers
|upkeep
|turn|16
|l| ReeceHughes
|
|t:|1627685830
|switch|p1a: Tapu Lele|Tapu Lele|100/100
|-fieldstart|move: Psychic Terrain|[from] ability: Psychic Surge|[of] p1a: Tapu Lele
|move|p2a: Rotom|Nasty Plot|p2a: Rotom
|-boost|p2a: Rotom|spa|2
|
|upkeep
|turn|17
|inactive|KFC Chizza has 120 seconds left.
|
|t:|1627685872
|switch|p2a: Reuniclus|Reuniclus, M|100/100
|move|p1a: Tapu Lele|Psychic|p2a: Reuniclus
|-resisted|p2a: Reuniclus
|-damage|p2a: Reuniclus|52/100
|
|upkeep
|turn|18
|
|t:|1627685878
|move|p1a: Tapu Lele|Psychic|p2a: Reuniclus
|-resisted|p2a: Reuniclus
|-damage|p2a: Reuniclus|9/100
|move|p2a: Reuniclus|Recover|p2a: Reuniclus
|-heal|p2a: Reuniclus|59/100
|
|upkeep
|turn|19
|
|t:|1627685881
|switch|p1a: Hydreigon|Hydreigon, F|100/100
|move|p2a: Reuniclus|Recover|p2a: Reuniclus
|-heal|p2a: Reuniclus|100/100
|
|upkeep
|turn|20
|
|t:|1627685892
|switch|p2a: Blissey|Blissey, F|100/100
|move|p1a: Hydreigon|U-turn|p2a: Blissey
|-damage|p2a: Blissey|87/100
|
|t:|1627685896
|switch|p1a: Zeraora|Zeraora|100/100|[from]move: U-turn
|
|-fieldend|move: Psychic Terrain
|upkeep
|turn|21
|
|t:|1627685907
|move|p1a: Zeraora|Close Combat|p2a: Blissey
|-supereffective|p2a: Blissey
|-damage|p2a: Blissey|19/100
|-unboost|p1a: Zeraora|def|1
|-unboost|p1a: Zeraora|spd|1
|move|p2a: Blissey|Toxic|p1a: Zeraora
|-status|p1a: Zeraora|tox
|
|-damage|p1a: Zeraora|95/100 tox|[from] psn
|upkeep
|turn|22
|
|t:|1627685916
|switch|p2a: Garchomp|Garchomp, F|87/100
|move|p1a: Zeraora|Knock Off|p2a: Garchomp
|-damage|p2a: Garchomp|69/100
|-damage|p1a: Zeraora|82/100 tox|[from] ability: Rough Skin|[of] p2a: Garchomp
|
|-damage|p1a: Zeraora|70/100 tox|[from] psn
|upkeep
|turn|23
|
|t:|1627685921
|switch|p1a: Corviknight|Corviknight, F|64/100
|-ability|p1a: Corviknight|Pressure
|move|p2a: Garchomp|Stealth Rock|p1a: Corviknight
|-sidestart|p1: LT84JM spooky|move: Stealth Rock
|
|-heal|p1a: Corviknight|71/100|[from] item: Leftovers
|upkeep
|turn|24
|
|t:|1627685925
|switch|p2a: Rotom|Rotom-Heat|93/100
|move|p1a: Corviknight|Defog|p2a: Rotom
|-unboost|p2a: Rotom|evasion|1
|-sideend|p1: LT84JM spooky|Stealth Rock|[from] move: Defog|[of] p1a: Corviknight
|
|-heal|p1a: Corviknight|77/100|[from] item: Leftovers
|upkeep
|turn|25
|
|t:|1627685929
|switch|p1a: Toxapex|Toxapex, F|100/100
|move|p2a: Rotom|Overheat|p1a: Toxapex
|-resisted|p1a: Toxapex
|-damage|p1a: Toxapex|84/100
|-unboost|p2a: Rotom|spa|2
|
|-heal|p1a: Toxapex|91/100|[from] item: Black Sludge
|upkeep
|turn|26
|j| rAviro_
|
|t:|1627685941
|switch|p1a: Landorus|Landorus-Therian, M|100/100
|-ability|p1a: Landorus|Intimidate|boost
|-unboost|p2a: Rotom|atk|1
|move|p2a: Rotom|Discharge|p1a: Landorus
|-immune|p1a: Landorus
|
|upkeep
|turn|27
|l| 64 squares
|
|t:|1627685945
|switch|p2a: Skarmory|Skarmory, M|100/100
|move|p1a: Landorus|Stealth Rock|p2a: Skarmory
|-sidestart|p2: KFC Chizza|move: Stealth Rock
|
|upkeep
|turn|28
|
|t:|1627685947
|switch|p1a: Hydreigon|Hydreigon, F|100/100
|move|p2a: Skarmory|Spikes|p1a: Hydreigon
|-sidestart|p1: LT84JM spooky|Spikes
|
|upkeep
|turn|29
|
|t:|1627685952
|switch|p2a: Clefable|Clefable, F|100/100
|move|p1a: Hydreigon|U-turn|p2a: Clefable
|-resisted|p2a: Clefable
|-damage|p2a: Clefable|95/100
|
|t:|1627685954
|switch|p1a: Tapu Lele|Tapu Lele|100/100|[from]move: U-turn
|-damage|p1a: Tapu Lele|88/100|[from] Spikes
|-fieldstart|move: Psychic Terrain|[from] ability: Psychic Surge|[of] p1a: Tapu Lele
|
|upkeep
|turn|30
|
|t:|1627685968
|switch|p2a: Skarmory|Skarmory, M|100/100
|-damage|p2a: Skarmory|88/100|[from] Stealth Rock
|move|p1a: Tapu Lele|Psychic|p2a: Skarmory
|-resisted|p2a: Skarmory
|-damage|p2a: Skarmory|25/100
|
|upkeep
|turn|31
|
|t:|1627685973
|switch|p2a: Reuniclus|Reuniclus, M|100/100
|move|p1a: Tapu Lele|Psychic|p2a: Reuniclus
|-resisted|p2a: Reuniclus
|-damage|p2a: Reuniclus|58/100
|
|upkeep
|turn|32
|
|t:|1627685976
|switch|p1a: Hydreigon|Hydreigon, F|100/100
|move|p2a: Reuniclus|Recover|p2a: Reuniclus
|-heal|p2a: Reuniclus|100/100
|
|upkeep
|turn|33
|j| 64 squares
|
|t:|1627685981
|switch|p2a: Clefable|Clefable, F|95/100
|move|p1a: Hydreigon|Dark Pulse|p2a: Clefable
|-resisted|p2a: Clefable
|-damage|p2a: Clefable|77/100
|
|-fieldend|move: Psychic Terrain
|upkeep
|turn|34
|
|t:|1627685986
|move|p1a: Hydreigon|U-turn|p2a: Clefable
|-resisted|p2a: Clefable
|-damage|p2a: Clefable|72/100
|j| DNNP
|
|t:|1627685988
|switch|p1a: Landorus|Landorus-Therian, M|100/100|[from]move: U-turn
|-ability|p1a: Landorus|Intimidate|boost
|-unboost|p2a: Clefable|atk|1
|move|p2a: Clefable|Soft-Boiled|p2a: Clefable
|-heal|p2a: Clefable|100/100
|
|upkeep
|turn|35
|
|t:|1627685992
|switch|p2a: Skarmory|Skarmory, M|25/100
|-damage|p2a: Skarmory|13/100|[from] Stealth Rock
|move|p1a: Landorus|Swords Dance|p1a: Landorus
|-boost|p1a: Landorus|atk|2
|
|upkeep
|turn|36
|
|t:|1627685996
|move|p1a: Landorus|Stone Edge|p2a: Skarmory|[miss]
|-miss|p1a: Landorus|p2a: Skarmory
|move|p2a: Skarmory|Spikes|p1a: Landorus
|-sidestart|p1: LT84JM spooky|Spikes
|
|upkeep
|turn|37
|
|t:|1627686000
|switch|p2a: Clefable|Clefable, F|100/100
|move|p1a: Landorus|Stone Edge|p2a: Clefable
|-damage|p2a: Clefable|76/100
|
|upkeep
|turn|38
|
|t:|1627686004
|move|p1a: Landorus|Earthquake|p2a: Clefable
|-damage|p2a: Clefable|39/100
|move|p2a: Clefable|Soft-Boiled|p2a: Clefable
|-heal|p2a: Clefable|89/100
|
|upkeep
|turn|39
|j| ShyGirl7
|
|t:|1627686010
|move|p1a: Landorus|Earthquake|p2a: Clefable
|-damage|p2a: Clefable|52/100
|move|p2a: Clefable|Soft-Boiled|p2a: Clefable
|-heal|p2a: Clefable|100/100
|
|upkeep
|turn|40
|
|t:|1627686013
|move|p1a: Landorus|Earthquake|p2a: Clefable
|-damage|p2a: Clefable|66/100
|move|p2a: Clefable|Calm Mind|p2a: Clefable
|-boost|p2a: Clefable|spa|1
|-boost|p2a: Clefable|spd|1
|
|upkeep
|turn|41
|
|t:|1627686018
|switch|p1a: Toxapex|Toxapex, F|100/100
|-damage|p1a: Toxapex|84/100|[from] Spikes
|move|p2a: Clefable|Soft-Boiled|p2a: Clefable
|-heal|p2a: Clefable|100/100
|
|-heal|p1a: Toxapex|90/100|[from] item: Black Sludge
|upkeep
|turn|42
|
|t:|1627686028
|switch|p2a: Garchomp|Garchomp, F|69/100
|-damage|p2a: Garchomp|63/100|[from] Stealth Rock
|move|p1a: Toxapex|Knock Off|p2a: Garchomp
|-damage|p2a: Garchomp|54/100
|-damage|p1a: Toxapex|78/100|[from] ability: Rough Skin|[of] p2a: Garchomp
|
|-heal|p1a: Toxapex|84/100|[from] item: Black Sludge
|upkeep
|turn|43
|
|t:|1627686033
|switch|p2a: Rotom|Rotom-Heat|93/100
|switch|p1a: Corviknight|Corviknight, F|77/100
|-ability|p1a: Corviknight|Pressure
|
|-heal|p1a: Corviknight|83/100|[from] item: Leftovers
|upkeep
|turn|44
|
|t:|1627686040
|move|p2a: Rotom|Overheat|p1a: Corviknight
|-supereffective|p1a: Corviknight
|-damage|p1a: Corviknight|5/100
|-unboost|p2a: Rotom|spa|2
|move|p1a: Corviknight|U-turn|p2a: Rotom
|-resisted|p2a: Rotom
|-damage|p2a: Rotom|85/100
|j| Surfy
|
|t:|1627686043
|switch|p1a: Tapu Lele|Tapu Lele|88/100|[from]move: U-turn
|-damage|p1a: Tapu Lele|72/100|[from] Spikes
|-fieldstart|move: Psychic Terrain|[from] ability: Psychic Surge|[of] p1a: Tapu Lele
|
|upkeep
|turn|45
|j| Eternal Spirit
|
|t:|1627686054
|switch|p2a: Skarmory|Skarmory, M|13/100
|-damage|p2a: Skarmory|1/100|[from] Stealth Rock
|move|p1a: Tapu Lele|Moonblast|p2a: Skarmory
|-resisted|p2a: Skarmory
|-damage|p2a: Skarmory|0 fnt
|faint|p2a: Skarmory
|
|upkeep
|
|t:|1627686063
|switch|p2a: Rotom|Rotom-Heat|85/100
|turn|46
|
|t:|1627686075
|switch|p2a: Garchomp|Garchomp, F|54/100
|-damage|p2a: Garchomp|48/100|[from] Stealth Rock
|move|p1a: Tapu Lele|Moonblast|p2a: Garchomp
|-supereffective|p2a: Garchomp
|-damage|p2a: Garchomp|0 fnt
|faint|p2a: Garchomp
|
|upkeep
|
|t:|1627686077
|switch|p2a: Rotom|Rotom-Heat|85/100
|turn|47
|
|t:|1627686079
|switch|p1a: Landorus|Landorus-Therian, M|100/100
|-ability|p1a: Landorus|Intimidate|boost
|-unboost|p2a: Rotom|atk|1
|move|p2a: Rotom|Nasty Plot|p2a: Rotom
|-boost|p2a: Rotom|spa|2
|
|upkeep
|turn|48
|
|t:|1627686083
|move|p2a: Rotom|Overheat|p1a: Landorus
|-damage|p1a: Landorus|15/100
|-unboost|p2a: Rotom|spa|2
|move|p1a: Landorus|Stone Edge|p2a: Rotom
|-supereffective|p2a: Rotom
|-damage|p2a: Rotom|18/100
|
|-heal|p1a: Landorus|21/100|[from] item: Leftovers
|-fieldend|move: Psychic Terrain
|upkeep
|turn|49
|
|t:|1627686091
|move|p2a: Rotom|Overheat|p1a: Landorus
|-damage|p1a: Landorus|0 fnt
|-unboost|p2a: Rotom|spa|2
|faint|p1a: Landorus
|
|upkeep
|
|t:|1627686095
|switch|p1a: Zeraora|Zeraora|70/100 tox
|turn|50
|
|t:|1627686099
|switch|p2a: Reuniclus|Reuniclus, M|100/100
|move|p1a: Zeraora|Volt Switch|p2a: Reuniclus
|-damage|p2a: Reuniclus|81/100
|
|t:|1627686101
|switch|p1a: Hydreigon|Hydreigon, F|100/100|[from]move: Volt Switch
|
|upkeep
|turn|51
|
|t:|1627686105
|switch|p2a: Clefable|Clefable, F|100/100
|move|p1a: Hydreigon|U-turn|p2a: Clefable
|-resisted|p2a: Clefable
|-damage|p2a: Clefable|95/100
|
|t:|1627686108
|switch|p1a: Tapu Lele|Tapu Lele|72/100|[from]move: U-turn
|-damage|p1a: Tapu Lele|55/100|[from] Spikes
|-fieldstart|move: Psychic Terrain|[from] ability: Psychic Surge|[of] p1a: Tapu Lele
|
|upkeep
|turn|52
|
|t:|1627686114
|switch|p2a: Blissey|Blissey, F|19/100
|move|p1a: Tapu Lele|Moonblast|p2a: Blissey
|-damage|p2a: Blissey|0 fnt
|faint|p2a: Blissey
|
|upkeep
|
|t:|1627686121
|switch|p2a: Clefable|Clefable, F|95/100
|turn|53
|
|t:|1627686125
|move|p1a: Tapu Lele|Moonblast|p2a: Clefable
|-damage|p2a: Clefable|15/100
|-unboost|p2a: Clefable|spa|1
|move|p2a: Clefable|Moonblast|p1a: Tapu Lele
|-damage|p1a: Tapu Lele|35/100
|
|upkeep
|turn|54
|
|t:|1627686129
|move|p1a: Tapu Lele|Moonblast|p2a: Clefable
|-damage|p2a: Clefable|0 fnt
|faint|p2a: Clefable
|
|upkeep
|
|t:|1627686134
|switch|p2a: Reuniclus|Reuniclus, M|81/100
|turn|55
|
|t:|1627686137
|move|p1a: Tapu Lele|Moonblast|p2a: Reuniclus
|-damage|p2a: Reuniclus|12/100
|-unboost|p2a: Reuniclus|spa|1
|move|p2a: Reuniclus|Calm Mind|p2a: Reuniclus
|-boost|p2a: Reuniclus|spa|1
|-boost|p2a: Reuniclus|spd|1
|
|-fieldend|move: Psychic Terrain
|upkeep
|turn|56
|
|t:|1627686139
|move|p1a: Tapu Lele|Moonblast|p2a: Reuniclus
|-damage|p2a: Reuniclus|0 fnt
|faint|p2a: Reuniclus
|
|upkeep
|
|t:|1627686142
|switch|p2a: Rotom|Rotom-Heat|18/100
|turn|57
|
|t:|1627686150
|move|p1a: Tapu Lele|Moonblast|p2a: Rotom
|-resisted|p2a: Rotom
|-damage|p2a: Rotom|0 fnt
|faint|p2a: Rotom
|
|win|LT84JM spooky
|raw|LT84JM spooky's rating: 1900 &rarr; <strong>1917</strong><br />(+17 for winning)
|raw|KFC Chizza's rating: 1846 &rarr; <strong>1829</strong><br />(-17 for losing)
|c|☆KFC Chizza|gg
|c|☆LT84JM spooky|gg
