|j|☆Run For Me Plz
|j|☆GGeorgie
|t:|1646625601
|gametype|singles
|player|p1|Run For Me Plz|grimsley-gen7|1640
|player|p2|GGeorgie|hiker-gen2|1690
|teamsize|p1|6
|teamsize|p2|6
|gen|8
|tier|[Gen 8] OU
|rated|
|rule|Sleep Clause Mod: Limit one foe put to sleep
|rule|Species Clause: Limit one of each Pokémon
|rule|OHKO Clause: OHKO moves are banned
|rule|Evasion Moves Clause: Evasion moves are banned
|rule|Endless Battle Clause: Forcing endless battles is banned
|rule|HP Percentage Mod: HP is shown in percentages
|rule|Dynamax Clause: You cannot dynamax
|clearpoke
|poke|p1|Landorus-Therian, M|
|poke|p1|Corviknight, F|
|poke|p1|Blissey, F|
|poke|p1|Buzzwole|
|poke|p1|Zeraora|
|poke|p1|Slowking, M|
|poke|p2|Blacephalon|
|poke|p2|Tapu Lele|
|poke|p2|Kommo-o, F|
|poke|p2|Landorus-Therian, M|
|poke|p2|Toxapex, F|
|poke|p2|Crawdaunt, M|
|teampreview
|inactive|Battle timer is ON: inactive players will automatically lose when time's up. (requested by Run For Me Plz)
|
|t:|1646625624
|start
|switch|p1a: Landorus|Landorus-Therian, M|100/100
|switch|p2a: Blacephalon|Blacephalon|100/100
|-ability|p1a: Landorus|Intimidate|boost
|-unboost|p2a: Blacephalon|atk|1
|turn|1
|
|t:|1646625630
|move|p2a: Blacephalon|Mind Blown|p1a: Landorus
|-damage|p1a: Landorus|0 fnt
|-damage|p2a: Blacephalon|50/100|[from] mindblown
|faint|p1a: Landorus
|-ability|p2a: Blacephalon|Beast Boost|boost
|-boost|p2a: Blacephalon|spa|1
|
|upkeep
|
|t:|1646625634
|switch|p1a: Slowking|Slowking, M, shiny|100/100
|turn|2
|
|t:|1646625637
|switch|p2a: Crawdaunt|Crawdaunt, M|100/100
|move|p1a: Slowking|Scald|p2a: Crawdaunt
|-resisted|p2a: Crawdaunt
|-damage|p2a: Crawdaunt|75/100
|-status|p2a: Crawdaunt|brn
|
|-damage|p2a: Crawdaunt|69/100 brn|[from] brn
|upkeep
|turn|3
|
|t:|1646625640
|switch|p1a: Buzzwole|Buzzwole|100/100
|move|p2a: Crawdaunt|Knock Off|p1a: Buzzwole
|-resisted|p1a: Buzzwole
|-damage|p1a: Buzzwole|89/100
|-enditem|p1a: Buzzwole|Heavy-Duty Boots|[from] move: Knock Off|[of] p2a: Crawdaunt
|-damage|p2a: Crawdaunt|59/100 brn|[from] item: Life Orb
|
|-damage|p2a: Crawdaunt|53/100 brn|[from] brn
|upkeep
|turn|4
|
|t:|1646625648
|switch|p2a: Tapu Lele|Tapu Lele, shiny|100/100
|-fieldstart|move: Psychic Terrain|[from] ability: Psychic Surge|[of] p2a: Tapu Lele
|move|p1a: Buzzwole|Ice Punch|p2a: Tapu Lele
|-damage|p2a: Tapu Lele|65/100
|
|upkeep
|turn|5
|
|t:|1646625654
|switch|p1a: Slowking|Slowking, M, shiny|100/100
|move|p2a: Tapu Lele|Thunder|p1a: Slowking|[miss]
|-miss|p2a: Tapu Lele|p1a: Slowking
|
|upkeep
|turn|6
|
|t:|1646625659
|move|p2a: Tapu Lele|Thunder|p1a: Slowking
|-supereffective|p1a: Slowking
|-damage|p1a: Slowking|45/100
|move|p1a: Slowking|Scald|p2a: Tapu Lele
|-damage|p2a: Tapu Lele|34/100
|
|upkeep
|turn|7
|
|t:|1646625667
|switch|p2a: Kommo-o|Kommo-o, F|100/100
|switch|p1a: Blissey|Blissey, F, shiny|100/100
|
|upkeep
|turn|8
|
|t:|1646625670
|move|p2a: Kommo-o|Body Press|p1a: Blissey
|-supereffective|p1a: Blissey
|-damage|p1a: Blissey|18/100
|move|p1a: Blissey|Toxic|p2a: Kommo-o
|-status|p2a: Kommo-o|tox
|
|-damage|p2a: Kommo-o|95/100 tox|[from] psn
|-fieldend|move: Psychic Terrain
|upkeep
|turn|9
|
|t:|1646625680
|switch|p1a: Corviknight|Corviknight, F, shiny|100/100
|-ability|p1a: Corviknight|Pressure
|move|p2a: Kommo-o|Body Press|p1a: Corviknight
|-damage|p1a: Corviknight|71/100
|
|-heal|p1a: Corviknight|77/100|[from] item: Leftovers
|-damage|p2a: Kommo-o|83/100 tox|[from] psn
|upkeep
|turn|10
|
|t:|1646625684
|move|p2a: Kommo-o|Stealth Rock|p1a: Corviknight
|-sidestart|p1: Run For Me Plz|move: Stealth Rock
|move|p1a: Corviknight|Roost|p1a: Corviknight
|-heal|p1a: Corviknight|100/100
|-singleturn|p1a: Corviknight|move: Roost
|
|-damage|p2a: Kommo-o|65/100 tox|[from] psn
|upkeep
|turn|11
|
|t:|1646625687
|move|p2a: Kommo-o|Taunt|p1a: Corviknight
|-start|p1a: Corviknight|move: Taunt
|cant|p1a: Corviknight|move: Taunt|Defog
|
|-damage|p2a: Kommo-o|41/100 tox|[from] psn
|upkeep
|turn|12
|
|t:|1646625689
|switch|p2a: Blacephalon|Blacephalon|50/100
|move|p1a: Corviknight|U-turn|p2a: Blacephalon
|-resisted|p2a: Blacephalon
|-damage|p2a: Blacephalon|42/100
|
|t:|1646625695
|switch|p1a: Zeraora|Zeraora, shiny|100/100|[from]move: U-turn
|
|upkeep
|turn|13
|
|t:|1646625698
|switch|p2a: Landorus|Landorus-Therian, M|100/100
|-ability|p2a: Landorus|Intimidate|boost
|-unboost|p1a: Zeraora|atk|1
|move|p1a: Zeraora|Knock Off|p2a: Landorus
|-damage|p2a: Landorus|82/100
|-enditem|p2a: Landorus|Leftovers|[from] move: Knock Off|[of] p1a: Zeraora
|
|upkeep
|turn|14
|
|t:|1646625714
|move|p1a: Zeraora|Toxic|p2a: Landorus
|-status|p2a: Landorus|tox
|move|p2a: Landorus|U-turn|p1a: Zeraora
|-damage|p1a: Zeraora|71/100
|
|t:|1646625717
|switch|p2a: Tapu Lele|Tapu Lele, shiny|34/100|[from]move: U-turn
|-fieldstart|move: Psychic Terrain|[from] ability: Psychic Surge|[of] p2a: Tapu Lele
|
|upkeep
|turn|15
|
|t:|1646625743
|switch|p1a: Slowking|Slowking, M, shiny|78/100
|move|p2a: Tapu Lele|Moonblast|p1a: Slowking
|-damage|p1a: Slowking|42/100
|-unboost|p1a: Slowking|spa|1
|
|upkeep
|turn|16
|
|t:|1646625751
|switch|p2a: Crawdaunt|Crawdaunt, M|53/100 brn
|move|p1a: Slowking|Slack Off|p1a: Slowking
|-heal|p1a: Slowking|92/100
|
|-damage|p2a: Crawdaunt|47/100 brn|[from] brn
|upkeep
|turn|17
|
|t:|1646625757
|switch|p2a: Blacephalon|Blacephalon|42/100
|switch|p1a: Corviknight|Corviknight, F, shiny|100/100
|-damage|p1a: Corviknight|88/100|[from] Stealth Rock
|-ability|p1a: Corviknight|Pressure
|
|-heal|p1a: Corviknight|94/100|[from] item: Leftovers
|upkeep
|turn|18
|
|t:|1646625762
|switch|p1a: Slowking|Slowking, M, shiny|100/100
|move|p2a: Blacephalon|Shadow Ball|p1a: Slowking
|-supereffective|p1a: Slowking
|-damage|p1a: Slowking|13/100
|
|-fieldend|move: Psychic Terrain
|upkeep
|turn|19
|
|t:|1646625765
|switch|p2a: Tapu Lele|Tapu Lele, shiny|34/100
|-fieldstart|move: Psychic Terrain|[from] ability: Psychic Surge|[of] p2a: Tapu Lele
|switch|p1a: Blissey|Blissey, F, shiny|18/100
|
|upkeep
|turn|20
|j| d18l
|
|t:|1646625774
|switch|p2a: Blacephalon|Blacephalon|42/100
|switch|p1a: Corviknight|Corviknight, F, shiny|94/100
|-damage|p1a: Corviknight|82/100|[from] Stealth Rock
|-ability|p1a: Corviknight|Pressure
|
|-heal|p1a: Corviknight|88/100|[from] item: Leftovers
|upkeep
|turn|21
|
|t:|1646625788
|switch|p1a: Blissey|Blissey, F, shiny|18/100
|move|p2a: Blacephalon|Flamethrower|p1a: Blissey
|-damage|p1a: Blissey|0 fnt
|faint|p1a: Blissey
|-ability|p2a: Blacephalon|Beast Boost|boost
|-boost|p2a: Blacephalon|spa|1
|
|upkeep
|
|t:|1646625790
|switch|p1a: Zeraora|Zeraora, shiny|71/100
|turn|22
|
|t:|1646625797
|switch|p1a: Corviknight|Corviknight, F, shiny|88/100
|-damage|p1a: Corviknight|75/100|[from] Stealth Rock
|-ability|p1a: Corviknight|Pressure
|switch|p2a: Kommo-o|Kommo-o, F|41/100 tox
|
|-heal|p1a: Corviknight|82/100|[from] item: Leftovers
|-damage|p2a: Kommo-o|35/100 tox|[from] psn
|upkeep
|turn|23
|
|t:|1646625800
|move|p2a: Kommo-o|Taunt|p1a: Corviknight
|-start|p1a: Corviknight|move: Taunt
|move|p1a: Corviknight|Body Press|p2a: Kommo-o
|-damage|p2a: Kommo-o|19/100 tox
|-damage|p1a: Corviknight|65/100|[from] item: Rocky Helmet|[of] p2a: Kommo-o
|
|-heal|p1a: Corviknight|71/100|[from] item: Leftovers
|-damage|p2a: Kommo-o|7/100 tox|[from] psn
|-fieldend|move: Psychic Terrain
|upkeep
|turn|24
|
|t:|1646625806
|move|p2a: Kommo-o|Body Press|p1a: Corviknight
|-damage|p1a: Corviknight|45/100
|move|p1a: Corviknight|U-turn|p2a: Kommo-o
|-resisted|p2a: Kommo-o
|-damage|p2a: Kommo-o|3/100 tox
|-damage|p1a: Corviknight|29/100|[from] item: Rocky Helmet|[of] p2a: Kommo-o
|
|t:|1646625809
|switch|p1a: Zeraora|Zeraora, shiny|71/100|[from]move: U-turn
|
|-damage|p2a: Kommo-o|0 fnt|[from] psn
|faint|p2a: Kommo-o
|upkeep
|
|t:|1646625811
|switch|p2a: Landorus|Landorus-Therian, M|82/100 tox
|-ability|p2a: Landorus|Intimidate|boost
|-unboost|p1a: Zeraora|atk|1
|turn|25
|
|t:|1646625816
|switch|p1a: Corviknight|Corviknight, F, shiny|29/100
|-damage|p1a: Corviknight|16/100|[from] Stealth Rock
|-ability|p1a: Corviknight|Pressure
|move|p2a: Landorus|U-turn|p1a: Corviknight
|-resisted|p1a: Corviknight
|-damage|p1a: Corviknight|12/100
|
|t:|1646625818
|switch|p2a: Tapu Lele|Tapu Lele, shiny|34/100|[from]move: U-turn
|-fieldstart|move: Psychic Terrain|[from] ability: Psychic Surge|[of] p2a: Tapu Lele
|
|-heal|p1a: Corviknight|19/100|[from] item: Leftovers
|upkeep
|turn|26
|
|t:|1646625822
|move|p2a: Tapu Lele|Moonblast|p1a: Corviknight
|-resisted|p1a: Corviknight
|-damage|p1a: Corviknight|0 fnt
|faint|p1a: Corviknight
|
|upkeep
|
|t:|1646625826
|switch|p1a: Slowking|Slowking, M, shiny|46/100
|turn|27
|
|t:|1646625830
|switch|p2a: Crawdaunt|Crawdaunt, M|47/100 brn
|move|p1a: Slowking|Slack Off|p1a: Slowking
|-heal|p1a: Slowking|96/100
|
|-damage|p2a: Crawdaunt|41/100 brn|[from] brn
|upkeep
|turn|28
|
|t:|1646625833
|move|p2a: Crawdaunt|Knock Off|p1a: Slowking
|-supereffective|p1a: Slowking
|-damage|p1a: Slowking|8/100
|-enditem|p1a: Slowking|Heavy-Duty Boots|[from] move: Knock Off|[of] p2a: Crawdaunt
|-damage|p2a: Crawdaunt|31/100 brn|[from] item: Life Orb
|move|p1a: Slowking|Scald|p2a: Crawdaunt
|-resisted|p2a: Crawdaunt
|-damage|p2a: Crawdaunt|2/100 brn
|
|-damage|p2a: Crawdaunt|0 fnt|[from] brn
|faint|p2a: Crawdaunt
|upkeep
|
|t:|1646625837
|switch|p2a: Tapu Lele|Tapu Lele, shiny|34/100
|turn|29
|
|t:|1646625844
|move|p2a: Tapu Lele|Moonblast|p1a: Slowking
|-damage|p1a: Slowking|0 fnt
|faint|p1a: Slowking
|
|-fieldend|move: Psychic Terrain
|upkeep
|
|t:|1646625846
|switch|p1a: Zeraora|Zeraora, shiny|71/100
|turn|30
|
|t:|1646625865
|switch|p2a: Landorus|Landorus-Therian, M|82/100 tox
|-ability|p2a: Landorus|Intimidate|boost
|-unboost|p1a: Zeraora|atk|1
|move|p1a: Zeraora|Knock Off|p2a: Landorus
|-damage|p2a: Landorus|70/100 tox
|
|-damage|p2a: Landorus|63/100 tox|[from] psn
|upkeep
|turn|31
|-message|Run For Me Plz forfeited.
|
|win|GGeorgie
|raw|Run For Me Plz's rating: 1640 &rarr; <strong>1623</strong><br />(-17 for losing)
|raw|GGeorgie's rating: 1690 &rarr; <strong>1707</strong><br />(+17 for winning)
