|j|☆Lt71lx life
|j|☆winter lanterns
|t:|1596862951
|player|p1|Lt71lx life|ethan|2025
|player|p2|winter lanterns|169|1818
|teamsize|p1|6
|teamsize|p2|6
|gametype|singles
|gen|8
|tier|[Gen 8] OU
|rated|
|clearpoke
|poke|p1|Gengar, F|
|poke|p1|Rillaboom, M|
|poke|p1|Zeraora|
|poke|p1|Rhyperior, M|
|poke|p1|Corviknight, F|
|poke|p1|Urshifu-*, F|
|poke|p2|Zeraora|
|poke|p2|Dragapult, F|
|poke|p2|Excadrill, F|
|poke|p2|Urshifu-*, F|
|poke|p2|Rillaboom, F|
|poke|p2|Volcarona, M|
|rule|Sleep Clause Mod: Limit one foe put to sleep
|rule|Species Clause: Limit one of each Pokémon
|rule|OHKO Clause: OHKO moves are banned
|rule|Evasion Moves Clause: Evasion moves are banned
|rule|Endless Battle Clause: Forcing endless battles is banned
|rule|HP Percentage Mod: HP is shown in percentages
|rule|Dynamax Clause: You cannot dynamax
|teampreview
|inactive|Battle timer is ON: inactive players will automatically lose when time's up. (requested by Lt71lx life)
|inactive|Lt71lx life has 120 seconds left.
|inactive|Lt71lx life has 90 seconds left.
|
|t:|1596863025
|start
|switch|p1a: Rillaboom|Rillaboom, M|100/100
|switch|p2a: Excadrill|Excadrill, F|100/100
|-ability|p2a: Excadrill|Mold Breaker
|-fieldstart|move: Grassy Terrain|[from] ability: Grassy Surge|[of] p1a: Rillaboom
|turn|1
|
|t:|1596863031
|move|p1a: Rillaboom|Grassy Glide|p2a: Excadrill
|-damage|p2a: Excadrill|12/100
|-damage|p1a: Rillaboom|91/100|[from] item: Life Orb
|move|p2a: Excadrill|Iron Head|p1a: Rillaboom
|-damage|p1a: Rillaboom|44/100
|
|-heal|p2a: Excadrill|18/100|[from] Grassy Terrain
|-heal|p1a: Rillaboom|51/100|[from] Grassy Terrain
|upkeep
|turn|2
|
|t:|1596863040
|switch|p2a: Volcarona|Volcarona, M|100/100
|move|p1a: Rillaboom|Grassy Glide|p2a: Volcarona
|-resisted|p2a: Volcarona
|-damage|p2a: Volcarona|75/100
|-damage|p1a: Rillaboom|41/100|[from] item: Life Orb
|
|-heal|p2a: Volcarona|81/100|[from] Grassy Terrain
|-heal|p1a: Rillaboom|47/100|[from] Grassy Terrain
|upkeep
|turn|3
|
|t:|1596863045
|switch|p1a: Rhyperior|Rhyperior, M|100/100
|move|p2a: Volcarona|Fiery Dance|p1a: Rhyperior
|-resisted|p1a: Rhyperior
|-damage|p1a: Rhyperior|80/100
|
|-heal|p2a: Volcarona|87/100|[from] Grassy Terrain
|-heal|p1a: Rhyperior|86/100|[from] item: Leftovers
|-heal|p1a: Rhyperior|92/100|[from] Grassy Terrain
|upkeep
|turn|4
|
|t:|1596863050
|switch|p2a: Excadrill|Excadrill, F|18/100
|-ability|p2a: Excadrill|Mold Breaker
|move|p1a: Rhyperior|Stealth Rock|p2a: Excadrill
|-sidestart|p2: winter lanterns|move: Stealth Rock
|
|-heal|p2a: Excadrill|24/100|[from] Grassy Terrain
|-heal|p1a: Rhyperior|99/100|[from] item: Leftovers
|-heal|p1a: Rhyperior|100/100|[from] Grassy Terrain
|upkeep
|turn|5
|
|t:|1596863057
|move|p2a: Excadrill|Earthquake|p1a: Rhyperior
|-supereffective|p1a: Rhyperior
|-damage|p1a: Rhyperior|65/100
|move|p1a: Rhyperior|High Horsepower|p2a: Excadrill
|-supereffective|p2a: Excadrill
|-damage|p2a: Excadrill|0 fnt
|faint|p2a: Excadrill
|
|-heal|p1a: Rhyperior|72/100|[from] item: Leftovers
|-heal|p1a: Rhyperior|78/100|[from] Grassy Terrain
|-fieldend|move: Grassy Terrain
|upkeep
|
|t:|1596863066
|switch|p2a: Urshifu|Urshifu, F|100/100
|-damage|p2a: Urshifu|94/100|[from] Stealth Rock
|turn|6
|
|t:|1596863087
|switch|p1a: Urshifu|Urshifu, F|100/100
|move|p2a: Urshifu|Bulk Up|p2a: Urshifu
|-boost|p2a: Urshifu|atk|1
|-boost|p2a: Urshifu|def|1
|
|upkeep
|turn|7
|
|t:|1596863091
|move|p2a: Urshifu|Drain Punch|p1a: Urshifu
|-supereffective|p1a: Urshifu
|-damage|p1a: Urshifu|0 fnt
|-heal|p2a: Urshifu|100/100|[from] drain|[of] p1a: Urshifu
|-damage|p2a: Urshifu|91/100|[from] item: Life Orb
|faint|p1a: Urshifu
|
|upkeep
|
|t:|1596863100
|switch|p1a: Gengar|Gengar, F|100/100
|turn|8
|
|t:|1596863102
|move|p2a: Urshifu|Sucker Punch|p1a: Gengar
|-supereffective|p1a: Gengar
|-damage|p1a: Gengar|0 fnt
|-damage|p2a: Urshifu|81/100|[from] item: Life Orb
|faint|p1a: Gengar
|
|upkeep
|
|t:|1596863113
|switch|p1a: Zeraora|Zeraora|100/100
|turn|9
|
|t:|1596863118
|move|p1a: Zeraora|Close Combat|p2a: Urshifu
|-supereffective|p2a: Urshifu
|-damage|p2a: Urshifu|26/100
|-unboost|p1a: Zeraora|def|1
|-unboost|p1a: Zeraora|spd|1
|move|p2a: Urshifu|Wicked Blow|p1a: Zeraora
|-crit|p1a: Zeraora
|-damage|p1a: Zeraora|0 fnt
|-damage|p2a: Urshifu|16/100|[from] item: Life Orb
|faint|p1a: Zeraora
|
|upkeep
|
|t:|1596863138
|switch|p1a: Corviknight|Corviknight, F|100/100
|-ability|p1a: Corviknight|Pressure
|turn|10
|
|t:|1596863141
|move|p2a: Urshifu|Drain Punch|p1a: Corviknight
|-crit|p1a: Corviknight
|-damage|p1a: Corviknight|5/100
|-heal|p2a: Urshifu|72/100|[from] drain|[of] p1a: Corviknight
|-damage|p2a: Urshifu|62/100|[from] item: Life Orb
|move|p1a: Corviknight|Brave Bird|p2a: Urshifu
|-supereffective|p2a: Urshifu
|-damage|p2a: Urshifu|13/100
|-damage|p1a: Corviknight|0 fnt|[from] Recoil
|faint|p1a: Corviknight
|
|upkeep
|inactive|Lt71lx life has 120 seconds left.
|c|☆Lt71lx life|can't believe your running jolly with sucked punch
|c|☆Lt71lx life|gg if
|-message|Lt71lx life forfeited.
|
|win|winter lanterns
|raw|Lt71lx life's rating: 2025 &rarr; <strong>1995</strong><br />(-30 for losing)
|raw|winter lanterns's rating: 1832 &rarr; <strong>1862</strong><br />(+30 for winning)
|l|☆Lt71lx life
|l|☆winter lanterns
