|j|☆8balljacketguy
|j|☆FundHerLifestyle
|t:|1659199917
|gametype|singles
|player|p1|8balljacketguy|red|1445
|player|p2|FundHerLifestyle|265|1414
|teamsize|p1|6
|teamsize|p2|6
|gen|8
|tier|[Gen 8] OU
|rated|
|rule|Sleep Clause Mod: Limit one foe put to sleep
|rule|Species Clause: Limit one of each Pokémon
|rule|OHKO Clause: OHKO moves are banned
|rule|Evasion Moves Clause: Evasion moves are banned
|rule|Endless Battle Clause: Forcing endless battles is banned
|rule|HP Percentage Mod: HP is shown in percentages
|rule|Dynamax Clause: You cannot dynamax
|clearpoke
|poke|p1|Torkoal, F|
|poke|p1|Venusaur, F|
|poke|p1|Garchomp, M|
|poke|p1|Reuniclus, M|
|poke|p1|Shiftry, F|
|poke|p1|Clefable, F|
|poke|p2|Keldeo-Resolute|
|poke|p2|Tornadus-Therian, M|
|poke|p2|Hippowdon, M|
|poke|p2|Excadrill, M|
|poke|p2|Amoonguss, F|
|poke|p2|Melmetal|
|teampreview
|inactive|Battle timer is ON: inactive players will automatically lose when time's up. (requested by 8balljacketguy)
|
|t:|1659199927
|start
|switch|p1a: Torkoal|Torkoal, F|100/100
|switch|p2a: Pi'erre Torn|Tornadus-Therian, M|100/100
|-weather|SunnyDay|[from] ability: Drought|[of] p1a: Torkoal
|turn|1
|
|t:|1659199931
|move|p2a: Pi'erre Torn|U-turn|p1a: Torkoal
|-resisted|p1a: Torkoal
|-damage|p1a: Torkoal|96/100
|
|t:|1659199932
|switch|p2a: Drippowdon|Hippowdon, M|100/100|[from]move: U-turn
|-weather|Sandstorm|[from] ability: Sand Stream|[of] p2a: Drippowdon
|move|p1a: Torkoal|Stealth Rock|p2a: Drippowdon
|-sidestart|p2: FundHerLifestyle|move: Stealth Rock
|
|-weather|Sandstorm|[upkeep]
|-damage|p1a: Torkoal|90/100|[from] Sandstorm
|upkeep
|turn|2
|
|t:|1659199938
|switch|p1a: Venusaur|Venusaur, F|100/100
|move|p2a: Drippowdon|Stealth Rock|p1a: Venusaur
|-sidestart|p1: 8balljacketguy|move: Stealth Rock
|
|-weather|Sandstorm|[upkeep]
|-damage|p1a: Venusaur|95/100|[from] Sandstorm
|upkeep
|turn|3
|
|t:|1659199952
|switch|p2a: Pi'erre Torn|Tornadus-Therian, M|100/100
|-damage|p2a: Pi'erre Torn|76/100|[from] Stealth Rock
|move|p1a: Venusaur|Weather Ball|p2a: Pi'erre Torn
|-supereffective|p2a: Pi'erre Torn
|-damage|p2a: Pi'erre Torn|23/100
|-damage|p1a: Venusaur|85/100|[from] item: Life Orb
|
|-weather|Sandstorm|[upkeep]
|-damage|p2a: Pi'erre Torn|17/100|[from] Sandstorm
|-damage|p1a: Venusaur|79/100|[from] Sandstorm
|upkeep
|turn|4
|
|t:|1659199962
|switch|p1a: Clefable|Clefable, F|100/100
|-damage|p1a: Clefable|88/100|[from] Stealth Rock
|move|p2a: Pi'erre Torn|U-turn|p1a: Clefable
|-resisted|p1a: Clefable
|-crit|p1a: Clefable
|-damage|p1a: Clefable|79/100
|
|t:|1659199964
|switch|p2a: Excadriller|Excadrill, M|100/100|[from]move: U-turn
|-damage|p2a: Excadriller|97/100|[from] Stealth Rock
|
|-weather|Sandstorm|[upkeep]
|-damage|p1a: Clefable|73/100|[from] Sandstorm
|-heal|p2a: Excadriller|100/100|[from] item: Leftovers
|-heal|p1a: Clefable|79/100|[from] item: Leftovers
|upkeep
|turn|5
|
|t:|1659199969
|switch|p1a: Torkoal|Torkoal, F|90/100
|-damage|p1a: Torkoal|66/100|[from] Stealth Rock
|-weather|SunnyDay|[from] ability: Drought|[of] p1a: Torkoal
|move|p2a: Excadriller|Earthquake|p1a: Torkoal
|-supereffective|p1a: Torkoal
|-damage|p1a: Torkoal|7/100
|
|-weather|SunnyDay|[upkeep]
|upkeep
|turn|6
|
|t:|1659199978
|move|p2a: Excadriller|Rapid Spin|p1a: Torkoal
|-damage|p1a: Torkoal|0 fnt
|-boost|p2a: Excadriller|spe|1
|-sideend|p2: FundHerLifestyle|Stealth Rock|[from] move: Rapid Spin|[of] p2a: Excadriller
|faint|p1a: Torkoal
|
|-weather|SunnyDay|[upkeep]
|upkeep
|
|t:|1659199981
|switch|p1a: Venusaur|Venusaur, F|79/100
|-damage|p1a: Venusaur|66/100|[from] Stealth Rock
|turn|7
|
|t:|1659199998
|switch|p2a: mimimi|Amoonguss, F|100/100
|move|p1a: Venusaur|Growth|p1a: Venusaur
|-boost|p1a: Venusaur|atk|2
|-boost|p1a: Venusaur|spa|2
|
|-weather|SunnyDay|[upkeep]
|upkeep
|turn|8
|
|t:|1659200003
|move|p1a: Venusaur|Weather Ball|p2a: mimimi
|-supereffective|p2a: mimimi
|-damage|p2a: mimimi|0 fnt
|faint|p2a: mimimi
|-damage|p1a: Venusaur|56/100|[from] item: Life Orb
|
|-weather|SunnyDay|[upkeep]
|upkeep
|
|t:|1659200008
|switch|p2a: Drippowdon|Hippowdon, M|100/100
|-weather|Sandstorm|[from] ability: Sand Stream|[of] p2a: Drippowdon
|turn|9
|
|t:|1659200015
|switch|p2a: Pi'erre Torn|Tornadus-Therian, M|50/100
|move|p1a: Venusaur|Giga Drain|p2a: Pi'erre Torn
|-resisted|p2a: Pi'erre Torn
|-damage|p2a: Pi'erre Torn|21/100
|-heal|p1a: Venusaur|74/100|[from] drain|[of] p2a: Pi'erre Torn
|-damage|p1a: Venusaur|64/100|[from] item: Life Orb
|
|-weather|Sandstorm|[upkeep]
|-damage|p2a: Pi'erre Torn|15/100|[from] Sandstorm
|-damage|p1a: Venusaur|58/100|[from] Sandstorm
|upkeep
|turn|10
|
|t:|1659200019
|move|p2a: Pi'erre Torn|Heat Wave|p1a: Venusaur|[miss]
|-miss|p2a: Pi'erre Torn|p1a: Venusaur
|move|p1a: Venusaur|Giga Drain|p2a: Pi'erre Torn
|-resisted|p2a: Pi'erre Torn
|-crit|p2a: Pi'erre Torn
|-damage|p2a: Pi'erre Torn|0 fnt
|-heal|p1a: Venusaur|67/100|[from] drain|[of] p2a: Pi'erre Torn
|faint|p2a: Pi'erre Torn
|-damage|p1a: Venusaur|57/100|[from] item: Life Orb
|
|-weather|Sandstorm|[upkeep]
|-damage|p1a: Venusaur|51/100|[from] Sandstorm
|upkeep
|
|t:|1659200022
|switch|p2a: Excadriller|Excadrill, M|100/100
|turn|11
|
|t:|1659200026
|move|p2a: Excadriller|Earthquake|p1a: Venusaur
|-damage|p1a: Venusaur|0 fnt
|faint|p1a: Venusaur
|
|-weather|Sandstorm|[upkeep]
|upkeep
|
|t:|1659200028
|switch|p1a: Garchomp|Garchomp, M|100/100
|-damage|p1a: Garchomp|94/100|[from] Stealth Rock
|turn|12
|
|t:|1659200038
|move|p2a: Excadriller|Earthquake|p1a: Garchomp
|-damage|p1a: Garchomp|36/100
|move|p1a: Garchomp|Earthquake|p2a: Excadriller
|-supereffective|p2a: Excadriller
|-damage|p2a: Excadriller|0 fnt
|faint|p2a: Excadriller
|
|-weather|Sandstorm|[upkeep]
|upkeep
|
|t:|1659200040
|switch|p2a: Tequestrian-9|Keldeo-Resolute|100/100
|turn|13
|
|t:|1659200045
|switch|p1a: Reuniclus|Reuniclus, M, shiny|100/100
|move|p2a: Tequestrian-9|Substitute|p2a: Tequestrian-9
|-start|p2a: Tequestrian-9|Substitute
|-damage|p2a: Tequestrian-9|76/100
|
|-weather|none
|-heal|p2a: Tequestrian-9|82/100|[from] item: Leftovers
|upkeep
|turn|14
|
|t:|1659200047
|move|p2a: Tequestrian-9|Calm Mind|p2a: Tequestrian-9
|-boost|p2a: Tequestrian-9|spa|1
|-boost|p2a: Tequestrian-9|spd|1
|move|p1a: Reuniclus|Calm Mind|p1a: Reuniclus
|-boost|p1a: Reuniclus|spa|1
|-boost|p1a: Reuniclus|spd|1
|
|-heal|p2a: Tequestrian-9|88/100|[from] item: Leftovers
|upkeep
|turn|15
|
|t:|1659200051
|move|p2a: Tequestrian-9|Calm Mind|p2a: Tequestrian-9
|-boost|p2a: Tequestrian-9|spa|1
|-boost|p2a: Tequestrian-9|spd|1
|move|p1a: Reuniclus|Calm Mind|p1a: Reuniclus
|-boost|p1a: Reuniclus|spa|1
|-boost|p1a: Reuniclus|spd|1
|
|-heal|p2a: Tequestrian-9|94/100|[from] item: Leftovers
|upkeep
|turn|16
|
|t:|1659200053
|move|p2a: Tequestrian-9|Calm Mind|p2a: Tequestrian-9
|-boost|p2a: Tequestrian-9|spa|1
|-boost|p2a: Tequestrian-9|spd|1
|move|p1a: Reuniclus|Calm Mind|p1a: Reuniclus
|-boost|p1a: Reuniclus|spa|1
|-boost|p1a: Reuniclus|spd|1
|
|-heal|p2a: Tequestrian-9|100/100|[from] item: Leftovers
|upkeep
|turn|17
|
|t:|1659200055
|move|p2a: Tequestrian-9|Secret Sword|p1a: Reuniclus
|-resisted|p1a: Reuniclus
|-damage|p1a: Reuniclus|41/100
|move|p1a: Reuniclus|Calm Mind|p1a: Reuniclus
|-boost|p1a: Reuniclus|spa|1
|-boost|p1a: Reuniclus|spd|1
|
|-heal|p1a: Reuniclus|47/100|[from] item: Leftovers
|upkeep
|turn|18
|
|t:|1659200057
|move|p2a: Tequestrian-9|Secret Sword|p1a: Reuniclus
|-resisted|p1a: Reuniclus
|-damage|p1a: Reuniclus|0 fnt
|faint|p1a: Reuniclus
|
|upkeep
|
|t:|1659200060
|switch|p1a: Clefable|Clefable, F|79/100
|-damage|p1a: Clefable|67/100|[from] Stealth Rock
|turn|19
|
|t:|1659200063
|move|p2a: Tequestrian-9|Scald|p1a: Clefable
|-crit|p1a: Clefable
|-damage|p1a: Clefable|4/100
|-status|p1a: Clefable|brn
|move|p1a: Clefable|Calm Mind|p1a: Clefable
|-boost|p1a: Clefable|spa|1
|-boost|p1a: Clefable|spd|1
|
|-heal|p1a: Clefable|10/100 brn|[from] item: Leftovers
|-damage|p1a: Clefable|4/100 brn|[from] brn
|upkeep
|turn|20
|
|t:|1659200065
|move|p2a: Tequestrian-9|Scald|p1a: Clefable
|-damage|p1a: Clefable|0 fnt
|faint|p1a: Clefable
|
|upkeep
|-message|8balljacketguy forfeited.
|
|win|FundHerLifestyle
|raw|8balljacketguy's rating: 1445 &rarr; <strong>1423</strong><br />(-22 for losing)
|raw|FundHerLifestyle's rating: 1414 &rarr; <strong>1436</strong><br />(+22 for winning)
|l|☆8balljacketguy
