|j|☆Tyraniot
|j|☆hqstest
|t:|1664749075
|gametype|singles
|player|p1|Tyraniot|pokemonrangerf-gen4|1545
|player|p2|hqstest|veteranf|1590
|teamsize|p1|6
|teamsize|p2|6
|gen|8
|tier|[Gen 8] OU
|rated|
|rule|Sleep Clause Mod: Limit one foe put to sleep
|rule|Species Clause: Limit one of each Pokémon
|rule|OHKO Clause: OHKO moves are banned
|rule|Evasion Items Clause: Evasion items are banned
|rule|Evasion Moves Clause: Evasion moves are banned
|rule|Endless Battle Clause: Forcing endless battles is banned
|rule|HP Percentage Mod: HP is shown in percentages
|rule|Dynamax Clause: You cannot dynamax
|clearpoke
|poke|p1|Blaziken, F|
|poke|p1|Weavile, F|
|poke|p1|Rillaboom, F|
|poke|p1|Landorus-Therian, M|
|poke|p1|Tapu Koko|
|poke|p1|Kartana|
|poke|p2|Terrakion|
|poke|p2|Mew|
|poke|p2|Weavile, F|
|poke|p2|Blaziken, M|
|poke|p2|Tapu Koko|
|poke|p2|Dragonite, F|
|teampreview
|inactive|Battle timer is ON: inactive players will automatically lose when time's up. (requested by Tyraniot)
|
|t:|1664749095
|start
|switch|p1a: Landorus|Landorus-Therian, M|100/100
|switch|p2a: Terrakion|Terrakion|100/100
|-ability|p1a: Landorus|Intimidate|boost
|-unboost|p2a: Terrakion|atk|1
|turn|1
|
|t:|1664749099
|move|p2a: Terrakion|Taunt|p1a: Landorus
|-start|p1a: Landorus|move: Taunt
|move|p1a: Landorus|Earthquake|p2a: Terrakion
|-supereffective|p2a: Terrakion
|-enditem|p2a: Terrakion|Focus Sash
|-damage|p2a: Terrakion|1/100
|
|upkeep
|turn|2
|
|t:|1664749104
|move|p2a: Terrakion|Stealth Rock|p1a: Landorus
|-sidestart|p1: Tyraniot|move: Stealth Rock
|move|p1a: Landorus|Knock Off|p2a: Terrakion
|-resisted|p2a: Terrakion
|-damage|p2a: Terrakion|0 fnt
|faint|p2a: Terrakion
|
|upkeep
|
|t:|1664749111
|switch|p2a: Weavile|Weavile, F|100/100
|-ability|p2a: Weavile|Pressure
|turn|3
|
|t:|1664749115
|move|p2a: Weavile|Triple Axel|p1a: Landorus
|-supereffective|p1a: Landorus
|-damage|p1a: Landorus|37/100
|-supereffective|p1a: Landorus
|-damage|p1a: Landorus|0 fnt
|faint|p1a: Landorus
|-hitcount|p1: Landorus|2
|-damage|p2a: Weavile|91/100|[from] item: Life Orb
|
|upkeep
|
|t:|1664749120
|switch|p1a: Blaziken|Blaziken, F|100/100
|-damage|p1a: Blaziken|88/100|[from] Stealth Rock
|turn|4
|
|t:|1664749129
|switch|p2a: Dragonite|Dragonite, F|100/100
|switch|p1a: Weavile|Weavile, F|100/100
|-ability|p1a: Weavile|Pressure
|
|upkeep
|turn|5
|
|t:|1664749137
|switch|p2a: Weavile|Weavile, F|91/100
|-ability|p2a: Weavile|Pressure
|move|p1a: Weavile|Triple Axel|p2a: Weavile
|-resisted|p2a: Weavile
|-damage|p2a: Weavile|81/100
|-resisted|p2a: Weavile
|-damage|p2a: Weavile|64/100
|-resisted|p2a: Weavile
|-damage|p2a: Weavile|40/100
|-hitcount|p2a: Weavile|3
|
|upkeep
|turn|6
|
|t:|1664749147
|move|p2a: Weavile|Knock Off|p1a: Weavile
|-resisted|p1a: Weavile
|-damage|p1a: Weavile|51/100
|-enditem|p1a: Weavile|Heavy-Duty Boots|[from] move: Knock Off|[of] p2a: Weavile
|-damage|p2a: Weavile|30/100|[from] item: Life Orb
|move|p1a: Weavile|Poison Jab|p2a: Weavile
|-damage|p2a: Weavile|0 fnt
|faint|p2a: Weavile
|
|upkeep
|inactive|hqstest has 120 seconds left.
|
|t:|1664749182
|switch|p2a: Tapu Koko|Tapu Koko|100/100
|-fieldstart|move: Electric Terrain|[from] ability: Electric Surge|[of] p2a: Tapu Koko
|turn|7
|
|t:|1664749186
|switch|p1a: Rillaboom|Rillaboom, F|100/100
|-damage|p1a: Rillaboom|88/100|[from] Stealth Rock
|-fieldstart|move: Grassy Terrain|[from] ability: Grassy Surge|[of] p1a: Rillaboom
|move|p2a: Tapu Koko|Dazzling Gleam|p1a: Rillaboom
|-damage|p1a: Rillaboom|39/100
|
|-heal|p1a: Rillaboom|45/100|[from] Grassy Terrain
|upkeep
|turn|8
|
|t:|1664749189
|move|p2a: Tapu Koko|Dazzling Gleam|p1a: Rillaboom
|-damage|p1a: Rillaboom|3/100
|move|p1a: Rillaboom|U-turn|p2a: Tapu Koko
|-resisted|p2a: Tapu Koko
|-crit|p2a: Tapu Koko
|-damage|p2a: Tapu Koko|66/100
|-damage|p1a: Rillaboom|0 fnt|[from] item: Life Orb
|faint|p1a: Rillaboom
|
|-heal|p2a: Tapu Koko|72/100|[from] Grassy Terrain
|-heal|p2a: Tapu Koko|78/100|[from] item: Leftovers
|upkeep
|
|t:|1664749202
|switch|p1a: Tapu Koko|Tapu Koko|100/100
|-damage|p1a: Tapu Koko|88/100|[from] Stealth Rock
|-fieldstart|move: Electric Terrain|[from] ability: Electric Surge|[of] p1a: Tapu Koko
|turn|9
|
|t:|1664749208
|move|p1a: Tapu Koko|Dazzling Gleam|p2a: Tapu Koko
|-damage|p2a: Tapu Koko|26/100
|move|p2a: Tapu Koko|Dazzling Gleam|p1a: Tapu Koko
|-damage|p1a: Tapu Koko|38/100
|
|-heal|p2a: Tapu Koko|32/100|[from] item: Leftovers
|upkeep
|turn|10
|
|t:|1664749214
|move|p1a: Tapu Koko|Dazzling Gleam|p2a: Tapu Koko
|-damage|p2a: Tapu Koko|0 fnt
|faint|p2a: Tapu Koko
|
|upkeep
|
|t:|1664749226
|switch|p2a: Mew|Mew|100/100
|turn|11
|
|t:|1664749231
|switch|p1a: Blaziken|Blaziken, F|88/100
|-damage|p1a: Blaziken|76/100|[from] Stealth Rock
|move|p2a: Mew|Spikes|p1a: Blaziken
|-sidestart|p1: Tyraniot|Spikes
|
|upkeep
|turn|12
|
|t:|1664749234
|move|p2a: Mew|Thunder Wave|p1a: Blaziken
|-status|p1a: Blaziken|par
|cant|p1a: Blaziken|par
|
|-ability|p1a: Blaziken|Speed Boost|boost
|-boost|p1a: Blaziken|spe|1
|upkeep
|turn|13
|
|t:|1664749239
|move|p2a: Mew|Taunt|p1a: Blaziken
|-start|p1a: Blaziken|move: Taunt
|move|p1a: Blaziken|Flare Blitz|p2a: Mew
|-damage|p2a: Mew|38/100
|-damage|p1a: Blaziken|48/100 par|[from] Recoil
|-damage|p1a: Blaziken|38/100 par|[from] item: Life Orb
|
|-fieldend|move: Electric Terrain
|-ability|p1a: Blaziken|Speed Boost|boost
|-boost|p1a: Blaziken|spe|1
|upkeep
|turn|14
|
|t:|1664749246
|move|p2a: Mew|Spikes|p1a: Blaziken
|-sidestart|p1: Tyraniot|Spikes
|move|p1a: Blaziken|Flare Blitz|p2a: Mew
|-damage|p2a: Mew|0 fnt
|faint|p2a: Mew
|-damage|p1a: Blaziken|22/100 par|[from] Recoil
|-damage|p1a: Blaziken|12/100 par|[from] item: Life Orb
|
|-ability|p1a: Blaziken|Speed Boost|boost
|-boost|p1a: Blaziken|spe|1
|upkeep
|
|t:|1664749250
|switch|p2a: Dragonite|Dragonite, F|100/100
|turn|15
|
|t:|1664749252
|cant|p1a: Blaziken|par
|move|p2a: Dragonite|Dragon Dance|p2a: Dragonite
|-boost|p2a: Dragonite|atk|1
|-boost|p2a: Dragonite|spe|1
|
|-end|p1a: Blaziken|move: Taunt
|-ability|p1a: Blaziken|Speed Boost|boost
|-boost|p1a: Blaziken|spe|1
|upkeep
|turn|16
|
|t:|1664749255
|cant|p1a: Blaziken|par
|move|p2a: Dragonite|Dragon Dance|p2a: Dragonite
|-boost|p2a: Dragonite|atk|1
|-boost|p2a: Dragonite|spe|1
|
|-ability|p1a: Blaziken|Speed Boost|boost
|-boost|p1a: Blaziken|spe|1
|upkeep
|turn|17
|
|t:|1664749261
|move|p2a: Dragonite|Dragon Dance|p2a: Dragonite
|-boost|p2a: Dragonite|atk|1
|-boost|p2a: Dragonite|spe|1
|cant|p1a: Blaziken|par
|
|-ability|p1a: Blaziken|Speed Boost|boost
|-boost|p1a: Blaziken|spe|1
|upkeep
|turn|18
|
|t:|1664749264
|move|p2a: Dragonite|Earthquake|p1a: Blaziken
|-supereffective|p1a: Blaziken
|-damage|p1a: Blaziken|0 fnt
|faint|p1a: Blaziken
|
|upkeep
|
|t:|1664749266
|switch|p1a: Tapu Koko|Tapu Koko|38/100
|-damage|p1a: Tapu Koko|25/100|[from] Stealth Rock
|-damage|p1a: Tapu Koko|9/100|[from] Spikes
|-fieldstart|move: Electric Terrain|[from] ability: Electric Surge|[of] p1a: Tapu Koko
|turn|19
|
|t:|1664749277
|move|p2a: Dragonite|Extreme Speed|p1a: Tapu Koko
|-damage|p1a: Tapu Koko|0 fnt
|faint|p1a: Tapu Koko
|
|upkeep
|
|t:|1664749287
|switch|p1a: Kartana|Kartana|100/100
|-damage|p1a: Kartana|94/100|[from] Stealth Rock
|-damage|p1a: Kartana|78/100|[from] Spikes
|turn|20
|
|t:|1664749289
|move|p2a: Dragonite|Earthquake|p1a: Kartana
|-damage|p1a: Kartana|0 fnt
|faint|p1a: Kartana
|
|upkeep
|-message|Tyraniot forfeited.
|
|win|hqstest
|raw|Tyraniot's rating: 1545 &rarr; <strong>1528</strong><br />(-17 for losing)
|raw|hqstest's rating: 1590 &rarr; <strong>1607</strong><br />(+17 for winning)
|l|☆Tyraniot
||Ladder isn't responding, score probably updated but might not have (Request timeout).
