|j|☆Gotmyvanson
|j|☆Hold my Cheetos
|t:|1657830947
|gametype|singles
|player|p1|Gotmyvanson|ghetsis|1626
|player|p2|Hold my Cheetos|lucas-gen4pt|1631
|teamsize|p1|6
|teamsize|p2|6
|gen|8
|tier|[Gen 8] OU
|rated|
|rule|Sleep Clause Mod: Limit one foe put to sleep
|rule|Species Clause: Limit one of each Pokémon
|rule|OHKO Clause: OHKO moves are banned
|rule|Evasion Moves Clause: Evasion moves are banned
|rule|Endless Battle Clause: Forcing endless battles is banned
|rule|HP Percentage Mod: HP is shown in percentages
|rule|Dynamax Clause: You cannot dynamax
|clearpoke
|poke|p1|Tapu Koko|
|poke|p1|Nidoking, M|
|poke|p1|Urshifu-*, F|
|poke|p1|Buzzwole|
|poke|p1|Blissey, F|
|poke|p1|Slowbro, M|
|poke|p2|Chansey, F|
|poke|p2|Landorus-Therian, M|
|poke|p2|Dragapult, F|
|poke|p2|Toxapex, M|
|poke|p2|Corviknight, F|
|poke|p2|Keldeo-Resolute|
|teampreview
|
|t:|1657830960
|start
|switch|p1a: Blissey|Blissey, F|100/100
|switch|p2a: Landorus|Landorus-Therian, M|100/100
|-ability|p2a: Landorus|Intimidate|boost
|-unboost|p1a: Blissey|atk|1
|turn|1
|inactive|Battle timer is ON: inactive players will automatically lose when time's up. (requested by Hold my Cheetos)
|
|t:|1657830965
|move|p2a: Landorus|Stealth Rock|p1a: Blissey
|-sidestart|p1: Gotmyvanson|move: Stealth Rock
|move|p1a: Blissey|Toxic|p2a: Landorus
|-status|p2a: Landorus|tox
|
|-damage|p2a: Landorus|94/100 tox|[from] psn
|upkeep
|turn|2
|
|t:|1657830969
|move|p2a: Landorus|Earthquake|p1a: Blissey
|-crit|p1a: Blissey
|-damage|p1a: Blissey|24/100
|move|p1a: Blissey|Stealth Rock|p2a: Landorus
|-sidestart|p2: Hold my Cheetos|move: Stealth Rock
|
|-heal|p2a: Landorus|100/100 tox|[from] item: Leftovers
|-damage|p2a: Landorus|88/100 tox|[from] psn
|upkeep
|turn|3
|
|t:|1657830975
|switch|p1a: Buzzwole|Buzzwole|100/100
|-damage|p1a: Buzzwole|88/100|[from] Stealth Rock
|move|p2a: Landorus|Earthquake|p1a: Buzzwole
|-resisted|p1a: Buzzwole
|-damage|p1a: Buzzwole|73/100
|
|-heal|p2a: Landorus|94/100 tox|[from] item: Leftovers
|-damage|p2a: Landorus|76/100 tox|[from] psn
|upkeep
|turn|4
|
|t:|1657830988
|switch|p2a: Keldeo|Keldeo-Resolute|100/100
|-damage|p2a: Keldeo|94/100|[from] Stealth Rock
|move|p1a: Buzzwole|Roost|p1a: Buzzwole
|-heal|p1a: Buzzwole|100/100
|-singleturn|p1a: Buzzwole|move: Roost
|
|-heal|p2a: Keldeo|100/100|[from] item: Leftovers
|upkeep
|turn|5
|
|t:|1657830992
|switch|p1a: Slowbro|Slowbro, M, shiny|100/100
|move|p2a: Keldeo|Substitute|p2a: Keldeo
|-start|p2a: Keldeo|Substitute
|-damage|p2a: Keldeo|76/100
|
|-heal|p2a: Keldeo|82/100|[from] item: Leftovers
|upkeep
|turn|6
|
|t:|1657830995
|move|p2a: Keldeo|Calm Mind|p2a: Keldeo
|-boost|p2a: Keldeo|spa|1
|-boost|p2a: Keldeo|spd|1
|move|p1a: Slowbro|Future Sight|p2a: Keldeo
|-start|p1a: Slowbro|move: Future Sight
|
|-heal|p2a: Keldeo|88/100|[from] item: Leftovers
|upkeep
|turn|7
|
|t:|1657831002
|move|p2a: Keldeo|Calm Mind|p2a: Keldeo
|-boost|p2a: Keldeo|spa|1
|-boost|p2a: Keldeo|spd|1
|move|p1a: Slowbro|Teleport|p1a: Slowbro
|c|☆Hold my Cheetos|sight too slow
|inactive|Gotmyvanson has 120 seconds left.
|c|☆Hold my Cheetos|cmon son
|c|☆Hold my Cheetos|koko volt
|
|t:|1657831058
|switch|p1a: Urshifu|Urshifu-Rapid-Strike, F|100/100|[from]move: Teleport
|-damage|p1a: Urshifu|94/100|[from] Stealth Rock
|
|-heal|p2a: Keldeo|94/100|[from] item: Leftovers
|upkeep
|turn|8
|c|☆Hold my Cheetos|...
|inactive|Gotmyvanson has 90 seconds left.
|c|☆Hold my Cheetos|brain on another lvl
|
|t:|1657831081
|move|p1a: Urshifu|Surging Strikes|p2a: Keldeo
|-resisted|p2a: Keldeo
|-crit|p2a: Keldeo
|-activate|p2a: Keldeo|move: Substitute|[damage]
|-resisted|p2a: Keldeo
|-crit|p2a: Keldeo
|-end|p2a: Keldeo|Substitute
|-resisted|p2a: Keldeo
|-crit|p2a: Keldeo
|-damage|p2a: Keldeo|78/100
|-hitcount|p2a: Keldeo|3
|move|p2a: Keldeo|Secret Sword|p1a: Urshifu
|-damage|p1a: Urshifu|0 fnt
|faint|p1a: Urshifu
|
|-end|p2a: Keldeo|move: Future Sight
|-supereffective|p2a: Keldeo
|-damage|p2a: Keldeo|26/100
|-heal|p2a: Keldeo|32/100|[from] item: Leftovers
|upkeep
|
|t:|1657831090
|switch|p1a: Tapu Koko|Tapu Koko|100/100
|-fieldstart|move: Electric Terrain|[from] ability: Electric Surge|[of] p1a: Tapu Koko
|turn|9
|
|t:|1657831105
|switch|p2a: Chansey|Chansey, F|100/100
|-damage|p2a: Chansey|88/100|[from] Stealth Rock
|move|p1a: Tapu Koko|Thunderbolt|p2a: Chansey
|-damage|p2a: Chansey|71/100
|
|upkeep
|turn|10
|
|t:|1657831112
|move|p1a: Tapu Koko|Volt Switch|p2a: Chansey
|-damage|p2a: Chansey|59/100
|
|t:|1657831115
|switch|p1a: Blissey|Blissey, F|24/100|[from]move: Volt Switch
|move|p2a: Chansey|Soft-Boiled|p2a: Chansey
|-heal|p2a: Chansey|100/100
|
|upkeep
|turn|11
|
|t:|1657831123
|switch|p2a: Keldeo|Keldeo-Resolute|32/100
|-damage|p2a: Keldeo|26/100|[from] Stealth Rock
|move|p1a: Blissey|Soft-Boiled|p1a: Blissey
|-heal|p1a: Blissey|74/100
|
|-heal|p2a: Keldeo|32/100|[from] item: Leftovers
|upkeep
|turn|12
|
|t:|1657831133
|move|p2a: Keldeo|Substitute|p2a: Keldeo
|-start|p2a: Keldeo|Substitute
|-damage|p2a: Keldeo|7/100
|move|p1a: Blissey|Teleport|p1a: Blissey
|
|t:|1657831137
|switch|p1a: Tapu Koko|Tapu Koko|100/100|[from]move: Teleport
|
|-heal|p2a: Keldeo|13/100|[from] item: Leftovers
|upkeep
|turn|13
|
|t:|1657831142
|move|p1a: Tapu Koko|Thunderbolt|p2a: Keldeo
|-supereffective|p2a: Keldeo
|-end|p2a: Keldeo|Substitute
|move|p2a: Keldeo|Scald|p1a: Tapu Koko
|-damage|p1a: Tapu Koko|30/100
|-status|p1a: Tapu Koko|brn
|
|-heal|p2a: Keldeo|19/100|[from] item: Leftovers
|-damage|p1a: Tapu Koko|24/100 brn|[from] brn
|-fieldend|move: Electric Terrain
|upkeep
|turn|14
|
|t:|1657831149
|switch|p2a: Chansey|Chansey, F|100/100
|-damage|p2a: Chansey|88/100|[from] Stealth Rock
|move|p1a: Tapu Koko|Dazzling Gleam|p2a: Chansey
|-damage|p2a: Chansey|77/100
|
|-damage|p1a: Tapu Koko|18/100 brn|[from] brn
|upkeep
|turn|15
|
|t:|1657831152
|move|p1a: Tapu Koko|Volt Switch|p2a: Chansey
|-damage|p2a: Chansey|68/100
|
|t:|1657831157
|switch|p1a: Buzzwole|Buzzwole|100/100|[from]move: Volt Switch
|-damage|p1a: Buzzwole|88/100|[from] Stealth Rock
|move|p2a: Chansey|Wish|p2a: Chansey
|
|upkeep
|turn|16
|
|t:|1657831171
|switch|p1a: Slowbro|Slowbro, M, shiny|100/100
|switch|p2a: Toxapex|Toxapex, M|100/100
|-damage|p2a: Toxapex|88/100|[from] Stealth Rock
|
|-heal|p2a: Toxapex|100/100|[from] move: Wish|[wisher] Chansey
|upkeep
|turn|17
|
|t:|1657831177
|move|p2a: Toxapex|Toxic Spikes|p1a: Slowbro
|-sidestart|p1: Gotmyvanson|move: Toxic Spikes
|move|p1a: Slowbro|Future Sight|p2a: Toxapex
|-start|p1a: Slowbro|move: Future Sight
|
|upkeep
|turn|18
|
|t:|1657831180
|move|p2a: Toxapex|Toxic Spikes|p1a: Slowbro
|-sidestart|p1: Gotmyvanson|move: Toxic Spikes
|move|p1a: Slowbro|Scald|p2a: Toxapex
|-resisted|p2a: Toxapex
|-damage|p2a: Toxapex|88/100
|-status|p2a: Toxapex|brn
|
|-damage|p2a: Toxapex|82/100 brn|[from] brn
|upkeep
|turn|19
|
|t:|1657831184
|switch|p2a: Chansey|Chansey, F|68/100
|-damage|p2a: Chansey|56/100|[from] Stealth Rock
|move|p1a: Slowbro|Teleport|p1a: Slowbro
|
|t:|1657831189
|switch|p1a: Nidoking|Nidoking, M, shiny|100/100|[from]move: Teleport
|-damage|p1a: Nidoking|95/100|[from] Stealth Rock
|-sideend|p1: Gotmyvanson|move: Toxic Spikes|[of] p1a: Nidoking
|
|-end|p2a: Chansey|move: Future Sight
|-damage|p2a: Chansey|44/100
|upkeep
|turn|20
|
|t:|1657831195
|move|p1a: Nidoking|Sludge Wave|p2a: Chansey
|-damage|p2a: Chansey|23/100
|move|p2a: Chansey|Soft-Boiled|p2a: Chansey
|-heal|p2a: Chansey|73/100
|
|upkeep
|turn|21
|
|t:|1657831199
|switch|p1a: Slowbro|Slowbro, M, shiny|100/100
|move|p2a: Chansey|Wish|p2a: Chansey
|
|upkeep
|turn|22
|
|t:|1657831202
|move|p2a: Chansey|Thunder Wave|p1a: Slowbro|[miss]
|-miss|p2a: Chansey|p1a: Slowbro
|move|p1a: Slowbro|Future Sight|p2a: Chansey
|-start|p1a: Slowbro|move: Future Sight
|
|-heal|p2a: Chansey|100/100|[from] move: Wish|[wisher] Chansey
|upkeep
|turn|23
|c|☆Hold my Cheetos|luck
|
|t:|1657831210
|move|p2a: Chansey|Seismic Toss|p1a: Slowbro
|-damage|p1a: Slowbro|75/100
|move|p1a: Slowbro|Scald|p2a: Chansey
|-damage|p2a: Chansey|91/100
|
|upkeep
|turn|24
|
|t:|1657831213
|move|p2a: Chansey|Thunder Wave|p1a: Slowbro
|-status|p1a: Slowbro|par
|move|p1a: Slowbro|Teleport|p1a: Slowbro
|
|t:|1657831215
|switch|p1a: Buzzwole|Buzzwole|88/100|[from]move: Teleport
|-damage|p1a: Buzzwole|76/100|[from] Stealth Rock
|
|-end|p2a: Chansey|move: Future Sight
|-damage|p2a: Chansey|79/100
|upkeep
|turn|25
|
|t:|1657831221
|switch|p2a: Corviknight|Corviknight, F|100/100
|-damage|p2a: Corviknight|88/100|[from] Stealth Rock
|-ability|p2a: Corviknight|Pressure
|move|p1a: Buzzwole|Toxic|p2a: Corviknight
|-immune|p2a: Corviknight
|
|upkeep
|turn|26
|c|☆Hold my Cheetos|sight combo
|
|t:|1657831232
|switch|p1a: Slowbro|Slowbro, M, shiny|100/100 par
|move|p2a: Corviknight|Body Press|p1a: Slowbro
|-resisted|p1a: Slowbro
|-damage|p1a: Slowbro|92/100 par
|
|upkeep
|turn|27
|
|t:|1657831235
|move|p2a: Corviknight|Defog|p1a: Slowbro
|-unboost|p1a: Slowbro|evasion|1
|-sideend|p1: Gotmyvanson|Stealth Rock|[from] move: Defog|[of] p2a: Corviknight
|-sideend|p2: Hold my Cheetos|Stealth Rock|[from] move: Defog|[of] p2a: Corviknight
|cant|p1a: Slowbro|par
|
|upkeep
|turn|28
|
|t:|1657831244
|switch|p2a: Dragapult|Dragapult, F|100/100
|move|p1a: Slowbro|Future Sight|p2a: Dragapult
|-start|p1a: Slowbro|move: Future Sight
|
|upkeep
|turn|29
|
|t:|1657831255
|move|p2a: Dragapult|Substitute|p2a: Dragapult
|-start|p2a: Dragapult|Substitute
|-damage|p2a: Dragapult|76/100
|move|p1a: Slowbro|Teleport|p1a: Slowbro
|
|t:|1657831258
|switch|p1a: Buzzwole|Buzzwole|76/100|[from]move: Teleport
|
|-heal|p2a: Dragapult|82/100|[from] item: Leftovers
|upkeep
|turn|30
|
|t:|1657831260
|move|p2a: Dragapult|Will-O-Wisp|p1a: Buzzwole
|-status|p1a: Buzzwole|brn
|move|p1a: Buzzwole|Ice Punch|p2a: Dragapult
|-supereffective|p2a: Dragapult
|-end|p2a: Dragapult|Substitute
|
|-end|p2a: Dragapult|move: Future Sight
|-damage|p2a: Dragapult|37/100
|-heal|p2a: Dragapult|43/100|[from] item: Leftovers
|-damage|p1a: Buzzwole|69/100 brn|[from] brn
|upkeep
|turn|31
|
|t:|1657831272
|switch|p2a: Toxapex|Toxapex, M|100/100 brn
|move|p1a: Buzzwole|Ice Punch|p2a: Toxapex
|-resisted|p2a: Toxapex
|-damage|p2a: Toxapex|97/100 brn
|-damage|p1a: Buzzwole|53/100 brn|[from] item: Rocky Helmet|[of] p2a: Toxapex
|
|-damage|p1a: Buzzwole|47/100 brn|[from] brn
|-damage|p2a: Toxapex|91/100 brn|[from] brn
|upkeep
|turn|32
|
|t:|1657831275
|move|p1a: Buzzwole|Roost|p1a: Buzzwole
|-heal|p1a: Buzzwole|97/100 brn
|-singleturn|p1a: Buzzwole|move: Roost
|move|p2a: Toxapex|Scald|p1a: Buzzwole
|-damage|p1a: Buzzwole|72/100 brn
|
|-damage|p1a: Buzzwole|66/100 brn|[from] brn
|-damage|p2a: Toxapex|84/100 brn|[from] brn
|upkeep
|turn|33
|
|t:|1657831283
|switch|p1a: Nidoking|Nidoking, M, shiny|95/100
|move|p2a: Toxapex|Scald|p1a: Nidoking
|-supereffective|p1a: Nidoking
|-damage|p1a: Nidoking|48/100
|
|-damage|p2a: Toxapex|78/100 brn|[from] brn
|upkeep
|turn|34
|
|t:|1657831286
|switch|p1a: Buzzwole|Buzzwole|66/100 brn
|switch|p2a: Chansey|Chansey, F|79/100
|
|-damage|p1a: Buzzwole|60/100 brn|[from] brn
|upkeep
|turn|35
|c|☆Hold my Cheetos|gg
|-message|Gotmyvanson forfeited.
|
|win|Hold my Cheetos
|raw|Gotmyvanson's rating: 1626 &rarr; <strong>1606</strong><br />(-20 for losing)
|raw|Hold my Cheetos's rating: 1631 &rarr; <strong>1651</strong><br />(+20 for winning)
|l|☆Gotmyvanson
