|html|<div class="broadcast-blue"><strong>[Gen 8] OU is currently suspecting Melmetal! For information on how to participate check out the <a href="https://www.smogon.com/forums/threads/np-ss-ou-suspect-process-round-12-monster-mash.3709234/">suspect thread</a>.</strong></div>
|j|☆Celistesting
|j|☆Huskothy
|t:|1666147480
|gametype|singles
|player|p1|Celistesting|nate|1715
|player|p2|Huskothy|lucas|1760
|teamsize|p1|6
|teamsize|p2|6
|gen|8
|tier|[Gen 8] OU
|rated|
|rule|Sleep Clause Mod: Limit one foe put to sleep
|rule|Species Clause: Limit one of each Pokémon
|rule|OHKO Clause: OHKO moves are banned
|rule|Evasion Items Clause: Evasion items are banned
|rule|Evasion Moves Clause: Evasion moves are banned
|rule|Endless Battle Clause: Forcing endless battles is banned
|rule|HP Percentage Mod: HP is shown in percentages
|rule|Dynamax Clause: You cannot dynamax
|clearpoke
|poke|p1|Mew|
|poke|p1|Zeraora|
|poke|p1|Zapdos-Galar|
|poke|p1|Dragapult, M|
|poke|p1|Tapu Lele|
|poke|p1|Kartana|
|poke|p2|Regieleki|
|poke|p2|Ferrothorn, F|
|poke|p2|Garchomp, F|
|poke|p2|Tyranitar, F|
|poke|p2|Tornadus-Therian, M|
|poke|p2|Dragapult, M|
|teampreview
|j| outd yiyue
|
|t:|1666147537
|start
|switch|p1a: Mew|Mew|100/100
|switch|p2a: Tyranitar|Tyranitar, F|100/100
|-weather|Sandstorm|[from] ability: Sand Stream|[of] p2a: Tyranitar
|turn|1
|
|t:|1666147542
|switch|p1a: Zapdos|Zapdos-Galar|100/100
|move|p2a: Tyranitar|Crunch|p1a: Zapdos
|-resisted|p1a: Zapdos
|-damage|p1a: Zapdos|65/100
|
|-weather|Sandstorm|[upkeep]
|-damage|p1a: Zapdos|59/100|[from] Sandstorm
|upkeep
|turn|2
|
|t:|1666147550
|switch|p2a: Tornadus|Tornadus-Therian, M|100/100
|move|p1a: Zapdos|U-turn|p2a: Tornadus
|-resisted|p2a: Tornadus
|-damage|p2a: Tornadus|88/100
|
|t:|1666147558
|switch|p1a: Zeraora|Zeraora|100/100|[from]move: U-turn
|
|-weather|Sandstorm|[upkeep]
|-damage|p1a: Zeraora|95/100|[from] Sandstorm
|-damage|p2a: Tornadus|82/100|[from] Sandstorm
|-heal|p1a: Zeraora|100/100|[from] item: Leftovers
|upkeep
|turn|3
|
|t:|1666147567
|switch|p2a: Garchomp|Garchomp, F|100/100
|move|p1a: Zeraora|Bulk Up|p1a: Zeraora
|-boost|p1a: Zeraora|atk|1
|-boost|p1a: Zeraora|def|1
|
|-weather|Sandstorm|[upkeep]
|-damage|p1a: Zeraora|95/100|[from] Sandstorm
|-heal|p1a: Zeraora|100/100|[from] item: Leftovers
|upkeep
|turn|4
|
|t:|1666147570
|move|p1a: Zeraora|Play Rough|p2a: Garchomp
|-supereffective|p2a: Garchomp
|-damage|p2a: Garchomp|4/100
|-unboost|p2a: Garchomp|atk|1
|-damage|p1a: Zeraora|88/100|[from] ability: Rough Skin|[of] p2a: Garchomp
|move|p2a: Garchomp|Earthquake|p1a: Zeraora
|-supereffective|p1a: Zeraora
|-damage|p1a: Zeraora|13/100
|-damage|p2a: Garchomp|0 fnt|[from] item: Life Orb
|faint|p2a: Garchomp
|
|-weather|Sandstorm|[upkeep]
|-damage|p1a: Zeraora|7/100|[from] Sandstorm
|-heal|p1a: Zeraora|13/100|[from] item: Leftovers
|upkeep
|
|t:|1666147576
|switch|p2a: Regieleki|Regieleki|100/100
|turn|5
|
|t:|1666147582
|switch|p1a: Mew|Mew|100/100
|move|p2a: Regieleki|Assurance|p1a: Mew
|-supereffective|p1a: Mew
|-damage|p1a: Mew|59/100
|
|-weather|none
|-heal|p1a: Mew|65/100|[from] item: Leftovers
|upkeep
|turn|6
|
|t:|1666147590
|switch|p2a: Tyranitar|Tyranitar, F|100/100
|-weather|Sandstorm|[from] ability: Sand Stream|[of] p2a: Tyranitar
|move|p1a: Mew|Ice Beam|p2a: Tyranitar
|-damage|p2a: Tyranitar|86/100
|
|-weather|Sandstorm|[upkeep]
|-damage|p1a: Mew|59/100|[from] Sandstorm
|-heal|p1a: Mew|65/100|[from] item: Leftovers
|upkeep
|turn|7
|
|t:|1666147594
|switch|p1a: Zapdos|Zapdos-Galar|59/100
|move|p2a: Tyranitar|Crunch|p1a: Zapdos
|-resisted|p1a: Zapdos
|-damage|p1a: Zapdos|21/100
|
|-weather|Sandstorm|[upkeep]
|-damage|p1a: Zapdos|15/100|[from] Sandstorm
|upkeep
|turn|8
|
|t:|1666147600
|switch|p2a: Tornadus|Tornadus-Therian, M|100/100
|move|p1a: Zapdos|Thunderous Kick|p2a: Tornadus
|-resisted|p2a: Tornadus
|-damage|p2a: Tornadus|79/100
|-unboost|p2a: Tornadus|def|1
|
|-weather|Sandstorm|[upkeep]
|-damage|p1a: Zapdos|9/100|[from] Sandstorm
|-damage|p2a: Tornadus|73/100|[from] Sandstorm
|upkeep
|turn|9
|
|t:|1666147603
|move|p1a: Zapdos|Thunderous Kick|p2a: Tornadus
|-resisted|p2a: Tornadus
|-damage|p2a: Tornadus|38/100
|-unboost|p2a: Tornadus|def|1
|move|p2a: Tornadus|Knock Off|p1a: Zapdos
|-resisted|p1a: Zapdos
|-damage|p1a: Zapdos|0 fnt
|-enditem|p1a: Zapdos|Choice Scarf|[from] move: Knock Off|[of] p2a: Tornadus
|faint|p1a: Zapdos
|
|-weather|Sandstorm|[upkeep]
|-damage|p2a: Tornadus|32/100|[from] Sandstorm
|upkeep
|
|t:|1666147610
|switch|p1a: Zeraora|Zeraora|13/100
|turn|10
|
|t:|1666147615
|switch|p2a: Ferrothorn|Ferrothorn, F|100/100
|move|p1a: Zeraora|Close Combat|p2a: Ferrothorn
|-supereffective|p2a: Ferrothorn
|-damage|p2a: Ferrothorn|57/100
|-unboost|p1a: Zeraora|def|1
|-unboost|p1a: Zeraora|spd|1
|-damage|p1a: Zeraora|1/100|[from] ability: Iron Barbs|[of] p2a: Ferrothorn
|
|-weather|none
|-heal|p1a: Zeraora|7/100|[from] item: Leftovers
|-heal|p2a: Ferrothorn|64/100|[from] item: Leftovers
|upkeep
|turn|11
|
|t:|1666147621
|move|p1a: Zeraora|Close Combat|p2a: Ferrothorn
|-supereffective|p2a: Ferrothorn
|-damage|p2a: Ferrothorn|23/100
|-unboost|p1a: Zeraora|def|1
|-unboost|p1a: Zeraora|spd|1
|-damage|p1a: Zeraora|0 fnt|[from] ability: Iron Barbs|[of] p2a: Ferrothorn
|faint|p1a: Zeraora
|move|p2a: Ferrothorn|Spikes|p1: Zeraora
|-sidestart|p1: Celistesting|Spikes
|
|-heal|p2a: Ferrothorn|29/100|[from] item: Leftovers
|upkeep
|
|t:|1666147623
|switch|p1a: Mew|Mew|65/100
|-damage|p1a: Mew|53/100|[from] Spikes
|turn|12
|
|t:|1666147627
|move|p1a: Mew|Stealth Rock|p2a: Ferrothorn
|-sidestart|p2: Huskothy|move: Stealth Rock
|move|p2a: Ferrothorn|Leech Seed|p1a: Mew
|-start|p1a: Mew|move: Leech Seed
|
|-heal|p1a: Mew|59/100|[from] item: Leftovers
|-heal|p2a: Ferrothorn|35/100|[from] item: Leftovers
|-damage|p1a: Mew|46/100|[from] Leech Seed|[of] p2a: Ferrothorn
|-heal|p2a: Ferrothorn|49/100|[silent]
|upkeep
|turn|13
|
|t:|1666147630
|switch|p2a: Regieleki|Regieleki|100/100
|-damage|p2a: Regieleki|88/100|[from] Stealth Rock
|move|p1a: Mew|Spikes|p2a: Regieleki
|-sidestart|p2: Huskothy|Spikes
|
|-heal|p1a: Mew|53/100|[from] item: Leftovers
|-damage|p1a: Mew|40/100|[from] Leech Seed|[of] p2a: Regieleki
|-heal|p2a: Regieleki|100/100|[silent]
|upkeep
|turn|14
|j| Ctannn
|
|t:|1666147636
|switch|p1a: Dragapult|Dragapult, M|100/100
|-damage|p1a: Dragapult|88/100|[from] Spikes
|move|p2a: Regieleki|Wild Charge|p1a: Dragapult
|-resisted|p1a: Dragapult
|-damage|p1a: Dragapult|21/100
|-damage|p2a: Regieleki|83/100|[from] Recoil
|
|upkeep
|turn|15
|
|t:|1666147642
|move|p2a: Regieleki|Wild Charge|p1a: Dragapult
|-resisted|p1a: Dragapult
|-damage|p1a: Dragapult|0 fnt
|faint|p1a: Dragapult
|-damage|p2a: Regieleki|78/100|[from] Recoil
|
|upkeep
|
|t:|1666147647
|switch|p1a: Kartana|Kartana|100/100
|-damage|p1a: Kartana|88/100|[from] Spikes
|turn|16
|
|t:|1666147652
|switch|p2a: Ferrothorn|Ferrothorn, F|49/100
|-damage|p2a: Ferrothorn|43/100|[from] Stealth Rock
|-damage|p2a: Ferrothorn|31/100|[from] Spikes
|move|p1a: Kartana|Knock Off|p2a: Ferrothorn
|-damage|p2a: Ferrothorn|10/100
|-damage|p1a: Kartana|76/100|[from] ability: Iron Barbs|[of] p2a: Ferrothorn
|-enditem|p2a: Ferrothorn|Leftovers|[from] move: Knock Off|[of] p1a: Kartana
|
|upkeep
|turn|17
|
|t:|1666147658
|move|p1a: Kartana|Swords Dance|p1a: Kartana
|-boost|p1a: Kartana|atk|2
|move|p2a: Ferrothorn|Spikes|p1a: Kartana
|-sidestart|p1: Celistesting|Spikes
|
|upkeep
|turn|18
|
|t:|1666147665
|move|p1a: Kartana|Leaf Blade|p2a: Ferrothorn
|-resisted|p2a: Ferrothorn
|-damage|p2a: Ferrothorn|0 fnt
|-damage|p1a: Kartana|63/100|[from] ability: Iron Barbs|[of] p2a: Ferrothorn
|faint|p2a: Ferrothorn
|-ability|p1a: Kartana|Beast Boost|boost
|-boost|p1a: Kartana|spe|1
|
|upkeep
|
|t:|1666147671
|switch|p2a: Regieleki|Regieleki|78/100
|-damage|p2a: Regieleki|65/100|[from] Stealth Rock
|-damage|p2a: Regieleki|53/100|[from] Spikes
|turn|19
|
|t:|1666147674
|move|p2a: Regieleki|Volt Switch|p1a: Kartana
|-resisted|p1a: Kartana
|-damage|p1a: Kartana|16/100
|
|t:|1666147687
|switch|p2a: Tornadus|Tornadus-Therian, M|65/100|[from]move: Volt Switch
|move|p1a: Kartana|Leaf Blade|p2a: Tornadus
|-resisted|p2a: Tornadus
|-damage|p2a: Tornadus|22/100
|
|upkeep
|turn|20
|
|t:|1666147695
|move|p1a: Kartana|Smart Strike|p2a: Tornadus
|-damage|p2a: Tornadus|0 fnt
|faint|p2a: Tornadus
|-ability|p1a: Kartana|Beast Boost|boost
|-boost|p1a: Kartana|spe|1
|
|upkeep
|
|t:|1666147697
|switch|p2a: Regieleki|Regieleki|53/100
|-damage|p2a: Regieleki|41/100|[from] Stealth Rock
|-damage|p2a: Regieleki|29/100|[from] Spikes
|turn|21
|
|t:|1666147703
|move|p2a: Regieleki|Extreme Speed|p1a: Kartana
|-resisted|p1a: Kartana
|-damage|p1a: Kartana|2/100
|move|p1a: Kartana|Smart Strike|p2a: Regieleki
|-resisted|p2a: Regieleki
|-damage|p2a: Regieleki|0 fnt
|faint|p2a: Regieleki
|-ability|p1a: Kartana|Beast Boost|boost
|-boost|p1a: Kartana|spe|1
|
|upkeep
|c|☆Huskothy|gg
|-message|Huskothy forfeited.
|
|win|Celistesting
|raw|Celistesting's rating: 1715 &rarr; <strong>1738</strong><br />(+23 for winning)
|raw|Huskothy's rating: 1760 &rarr; <strong>1737</strong><br />(-23 for losing)
|l|☆Huskothy
|c|☆Celistesting|gg
||Ladder isn't responding, score probably updated but might not have (Request timeout).
