|raw|<div class="broadcast-blue"><strong>This battle is required to be public due to a player having a name starting with 'lt92pf'.</div>
|j|☆LT92PFcry
|j|☆tolstoy
|t:|1659653059
|gametype|singles
|player|p1|LT92PFcry|#dpppl2022luckylucarios|1797
|player|p2|tolstoy|102|1768
|teamsize|p1|6
|teamsize|p2|6
|gen|8
|tier|[Gen 8] OU
|rated|
|rule|Sleep Clause Mod: Limit one foe put to sleep
|rule|Species Clause: Limit one of each Pokémon
|rule|OHKO Clause: OHKO moves are banned
|rule|Evasion Items Clause: Evasion items are banned
|rule|Evasion Moves Clause: Evasion moves are banned
|rule|Endless Battle Clause: Forcing endless battles is banned
|rule|HP Percentage Mod: HP is shown in percentages
|rule|Dynamax Clause: You cannot dynamax
|clearpoke
|poke|p1|Clefable, M|
|poke|p1|Gastrodon, M|
|poke|p1|Ferrothorn, F|
|poke|p1|Volcarona, F|
|poke|p1|Tornadus-Therian, M|
|poke|p1|Tyranitar, F|
|poke|p2|Aurorus, F|
|poke|p2|Ninetales-Alola, M|
|poke|p2|Arctovish|
|poke|p2|Arctozolt|
|poke|p2|Landorus-Therian, M|
|poke|p2|Volcarona, F|
|teampreview
|inactive|Battle timer is ON: inactive players will automatically lose when time's up. (requested by LT92PFcry)
|j| adf2❤
|
|t:|1659653069
|start
|switch|p1a: Tornadus|Tornadus-Therian, M|100/100
|switch|p2a: GILBERT GOTTFRIED|Landorus-Therian, M|100/100
|-ability|p2a: GILBERT GOTTFRIED|Intimidate|boost
|-unboost|p1a: Tornadus|atk|1
|turn|1
|
|t:|1659653088
|move|p1a: Tornadus|Knock Off|p2a: GILBERT GOTTFRIED
|-damage|p2a: GILBERT GOTTFRIED|87/100
|-enditem|p2a: GILBERT GOTTFRIED|Leftovers|[from] move: Knock Off|[of] p1a: Tornadus
|move|p2a: GILBERT GOTTFRIED|Knock Off|p1a: Tornadus
|-damage|p1a: Tornadus|67/100
|-enditem|p1a: Tornadus|Heavy-Duty Boots|[from] move: Knock Off|[of] p2a: GILBERT GOTTFRIED
|
|upkeep
|turn|2
|j| LT92PF rej
|
|t:|1659653096
|move|p1a: Tornadus|Heat Wave|p2a: GILBERT GOTTFRIED
|-damage|p2a: GILBERT GOTTFRIED|69/100
|move|p2a: GILBERT GOTTFRIED|U-turn|p1a: Tornadus
|-resisted|p1a: Tornadus
|-damage|p1a: Tornadus|56/100
|
|t:|1659653099
|switch|p2a: THE MAGIC DRAGON|Aurorus, F|100/100|[from]move: U-turn
|-weather|Hail|[from] ability: Snow Warning|[of] p2a: THE MAGIC DRAGON
|
|-weather|Hail|[upkeep]
|-damage|p1a: Tornadus|50/100|[from] Hail
|upkeep
|turn|3
|
|t:|1659653109
|move|p1a: Tornadus|U-turn|p2a: THE MAGIC DRAGON
|-damage|p2a: THE MAGIC DRAGON|90/100
|
|t:|1659653111
|switch|p1a: Tyranitar|Tyranitar, F|100/100|[from]move: U-turn
|-weather|Sandstorm|[from] ability: Sand Stream|[of] p1a: Tyranitar
|move|p2a: THE MAGIC DRAGON|Stealth Rock|p1a: Tyranitar
|-sidestart|p1: LT92PFcry|move: Stealth Rock
|
|-weather|Sandstorm|[upkeep]
|upkeep
|turn|4
|j| CelticNinja
|
|t:|1659653115
|switch|p2a: GILBERT GOTTFRIED|Landorus-Therian, M|69/100
|-ability|p2a: GILBERT GOTTFRIED|Intimidate|boost
|-unboost|p1a: Tyranitar|atk|1
|move|p1a: Tyranitar|Stealth Rock|p2a: GILBERT GOTTFRIED
|-sidestart|p2: tolstoy|move: Stealth Rock
|
|-weather|Sandstorm|[upkeep]
|upkeep
|turn|5
|j| Trannos
|
|t:|1659653126
|switch|p1a: Clefable|Clefable, M|100/100
|move|p2a: GILBERT GOTTFRIED|U-turn|p1a: Clefable
|-resisted|p1a: Clefable
|-damage|p1a: Clefable|92/100
|-damage|p2a: GILBERT GOTTFRIED|52/100|[from] item: Rocky Helmet|[of] p1a: Clefable
|
|t:|1659653137
|switch|p2a: THE MAGIC DRAGON|Aurorus, F|90/100|[from]move: U-turn
|-damage|p2a: THE MAGIC DRAGON|65/100|[from] Stealth Rock
|-weather|Hail|[from] ability: Snow Warning|[of] p2a: THE MAGIC DRAGON
|
|-weather|Hail|[upkeep]
|upkeep
|turn|6
|c| CelticNinja|damn sr drills ur team dawg
|
|t:|1659653140
|switch|p1a: Tyranitar|Tyranitar, F|100/100
|-damage|p1a: Tyranitar|88/100|[from] Stealth Rock
|-weather|Sandstorm|[from] ability: Sand Stream|[of] p1a: Tyranitar
|move|p2a: THE MAGIC DRAGON|Blizzard|p1a: Tyranitar
|-damage|p1a: Tyranitar|54/100
|
|-weather|Sandstorm|[upkeep]
|upkeep
|turn|7
|
|t:|1659653147
|switch|p2a: GILBERT GOTTFRIED|Landorus-Therian, M|52/100
|-damage|p2a: GILBERT GOTTFRIED|40/100|[from] Stealth Rock
|-ability|p2a: GILBERT GOTTFRIED|Intimidate|boost
|-unboost|p1a: Tyranitar|atk|1
|move|p1a: Tyranitar|Crunch|p2a: GILBERT GOTTFRIED
|-damage|p2a: GILBERT GOTTFRIED|0 fnt
|faint|p2a: GILBERT GOTTFRIED
|
|-weather|Sandstorm|[upkeep]
|upkeep
|
|t:|1659653158
|switch|p2a: WEEB FANTASY|Ninetales-Alola, M, shiny|100/100
|-damage|p2a: WEEB FANTASY|76/100|[from] Stealth Rock
|-weather|Hail|[from] ability: Snow Warning|[of] p2a: WEEB FANTASY
|turn|8
|
|t:|1659653172
|switch|p1a: Clefable|Clefable, M|92/100
|move|p2a: WEEB FANTASY|Aurora Veil|p2a: WEEB FANTASY
|-sidestart|p2: tolstoy|move: Aurora Veil
|
|-weather|Hail|[upkeep]
|upkeep
|turn|9
|j| lt92pf leo
|
|t:|1659653178
|move|p2a: WEEB FANTASY|Blizzard|p1a: Clefable
|-damage|p1a: Clefable|64/100
|move|p1a: Clefable|Thunder Wave|p2a: WEEB FANTASY
|-status|p2a: WEEB FANTASY|par
|
|-weather|Hail|[upkeep]
|upkeep
|turn|10
|
|t:|1659653181
|switch|p2a: KENDRICK LAMAR|Arctozolt|100/100
|move|p1a: Clefable|Soft-Boiled|p1a: Clefable
|-heal|p1a: Clefable|100/100
|
|-weather|Hail|[upkeep]
|upkeep
|turn|11
|j| CutePokesOnly
|
|t:|1659653199
|move|p2a: KENDRICK LAMAR|Bolt Beak|p1a: Clefable
|-damage|p1a: Clefable|43/100
|-damage|p2a: KENDRICK LAMAR|84/100|[from] item: Rocky Helmet|[of] p1a: Clefable
|move|p1a: Clefable|Soft-Boiled|p1a: Clefable
|-heal|p1a: Clefable|93/100
|
|-weather|Hail|[upkeep]
|upkeep
|turn|12
|n| Charizard55|celticninja
|
|t:|1659653212
|move|p2a: KENDRICK LAMAR|Blizzard|p1a: Clefable
|-damage|p1a: Clefable|60/100
|move|p1a: Clefable|Soft-Boiled|p1a: Clefable
|-heal|p1a: Clefable|100/100
|
|-weather|Hail|[upkeep]
|-sideend|p2: tolstoy|move: Aurora Veil
|upkeep
|turn|13
|
|t:|1659653217
|switch|p1a: Gastrodon|Gastrodon, M|100/100
|-damage|p1a: Gastrodon|94/100|[from] Stealth Rock
|move|p2a: KENDRICK LAMAR|Blizzard|p1a: Gastrodon
|-damage|p1a: Gastrodon|73/100
|
|-weather|Hail|[upkeep]
|-damage|p1a: Gastrodon|67/100|[from] Hail
|-heal|p1a: Gastrodon|73/100|[from] item: Leftovers
|upkeep
|turn|14
|
|t:|1659653220
|move|p2a: KENDRICK LAMAR|Freeze-Dry|p1a: Gastrodon
|-supereffective|p1a: Gastrodon
|-damage|p1a: Gastrodon|11/100
|move|p1a: Gastrodon|Scald|p2a: KENDRICK LAMAR
|-damage|p2a: KENDRICK LAMAR|44/100
|
|-weather|Hail|[upkeep]
|-damage|p1a: Gastrodon|5/100|[from] Hail
|-heal|p1a: Gastrodon|11/100|[from] item: Leftovers
|upkeep
|turn|15
|
|t:|1659653226
|switch|p1a: Clefable|Clefable, M|100/100
|move|p2a: KENDRICK LAMAR|Blizzard|p1a: Clefable
|-damage|p1a: Clefable|66/100
|-status|p1a: Clefable|frz
|
|-weather|none
|upkeep
|turn|16
|
|t:|1659653231
|move|p2a: KENDRICK LAMAR|Freeze-Dry|p1a: Clefable
|-crit|p1a: Clefable
|-damage|p1a: Clefable|36/100 frz
|cant|p1a: Clefable|frz
|
|upkeep
|turn|17
|
|t:|1659653238
|switch|p2a: THE MAGIC DRAGON|Aurorus, F|65/100
|-damage|p2a: THE MAGIC DRAGON|40/100|[from] Stealth Rock
|-weather|Hail|[from] ability: Snow Warning|[of] p2a: THE MAGIC DRAGON
|switch|p1a: Ferrothorn|Ferrothorn, F|100/100
|-damage|p1a: Ferrothorn|94/100|[from] Stealth Rock
|
|-weather|Hail|[upkeep]
|-damage|p1a: Ferrothorn|88/100|[from] Hail
|-heal|p1a: Ferrothorn|94/100|[from] item: Leftovers
|upkeep
|turn|18
|
|t:|1659653246
|move|p2a: THE MAGIC DRAGON|Blizzard|p1a: Ferrothorn
|-damage|p1a: Ferrothorn|53/100
|move|p1a: Ferrothorn|Body Press|p2a: THE MAGIC DRAGON
|-supereffective|p2a: THE MAGIC DRAGON
|-damage|p2a: THE MAGIC DRAGON|0 fnt
|faint|p2a: THE MAGIC DRAGON
|
|-weather|Hail|[upkeep]
|-damage|p1a: Ferrothorn|47/100|[from] Hail
|-heal|p1a: Ferrothorn|53/100|[from] item: Leftovers
|upkeep
|j| regnite ◕‿◕
|
|t:|1659653251
|switch|p2a: SUSAN BOYLE|Volcarona, F|100/100
|turn|19
|l| regnite ◕‿◕
|
|t:|1659653257
|switch|p1a: Tyranitar|Tyranitar, F|54/100
|-damage|p1a: Tyranitar|41/100|[from] Stealth Rock
|-weather|Sandstorm|[from] ability: Sand Stream|[of] p1a: Tyranitar
|move|p2a: SUSAN BOYLE|Substitute|p2a: SUSAN BOYLE
|-start|p2a: SUSAN BOYLE|Substitute
|-damage|p2a: SUSAN BOYLE|76/100
|
|-weather|Sandstorm|[upkeep]
|-damage|p2a: SUSAN BOYLE|70/100|[from] Sandstorm
|upkeep
|turn|20
|
|t:|1659653262
|move|p2a: SUSAN BOYLE|Fire Blast|p1a: Tyranitar
|-resisted|p1a: Tyranitar
|-damage|p1a: Tyranitar|22/100
|move|p1a: Tyranitar|Crunch|p2a: SUSAN BOYLE
|-end|p2a: SUSAN BOYLE|Substitute
|
|-weather|Sandstorm|[upkeep]
|-damage|p2a: SUSAN BOYLE|64/100|[from] Sandstorm
|upkeep
|turn|21
|n| lt92pf adf|adf2
|
|t:|1659653269
|switch|p2a: WEEB FANTASY|Ninetales-Alola, M, shiny|76/100 par
|-damage|p2a: WEEB FANTASY|51/100 par|[from] Stealth Rock
|-weather|Hail|[from] ability: Snow Warning|[of] p2a: WEEB FANTASY
|move|p1a: Tyranitar|Crunch|p2a: WEEB FANTASY
|-resisted|p2a: WEEB FANTASY
|-damage|p2a: WEEB FANTASY|5/100 par
|
|-weather|Hail|[upkeep]
|-damage|p1a: Tyranitar|16/100|[from] Hail
|upkeep
|turn|22
|
|t:|1659653273
|switch|p1a: Clefable|Clefable, M|36/100 frz
|move|p2a: WEEB FANTASY|Moonblast|p1a: Clefable
|-damage|p1a: Clefable|11/100 frz
|
|-weather|Hail|[upkeep]
|upkeep
|turn|23
|
|t:|1659653278
|switch|p1a: Tyranitar|Tyranitar, F|16/100
|-damage|p1a: Tyranitar|4/100|[from] Stealth Rock
|-weather|Sandstorm|[from] ability: Sand Stream|[of] p1a: Tyranitar
|move|p2a: WEEB FANTASY|Moonblast|p1a: Tyranitar
|-supereffective|p1a: Tyranitar
|-damage|p1a: Tyranitar|0 fnt
|faint|p1a: Tyranitar
|
|-weather|Sandstorm|[upkeep]
|-damage|p2a: WEEB FANTASY|0 fnt|[from] Sandstorm
|faint|p2a: WEEB FANTASY
|upkeep
|l| lt92pf adf
|
|t:|1659653300
|switch|p2a: SUSAN BOYLE|Volcarona, F|64/100
|switch|p1a: Tornadus|Tornadus-Therian, M|83/100
|-damage|p1a: Tornadus|58/100|[from] Stealth Rock
|turn|24
|
|t:|1659653304
|move|p1a: Tornadus|Knock Off|p2a: SUSAN BOYLE
|-damage|p2a: SUSAN BOYLE|33/100
|-status|p1a: Tornadus|brn|[from] ability: Flame Body|[of] p2a: SUSAN BOYLE
|-enditem|p2a: SUSAN BOYLE|Heavy-Duty Boots|[from] move: Knock Off|[of] p1a: Tornadus
|move|p2a: SUSAN BOYLE|Quiver Dance|p2a: SUSAN BOYLE
|-boost|p2a: SUSAN BOYLE|spa|1
|-boost|p2a: SUSAN BOYLE|spd|1
|-boost|p2a: SUSAN BOYLE|spe|1
|
|-weather|Sandstorm|[upkeep]
|-damage|p2a: SUSAN BOYLE|27/100|[from] Sandstorm
|-damage|p1a: Tornadus|52/100 brn|[from] Sandstorm
|-damage|p1a: Tornadus|46/100 brn|[from] brn
|upkeep
|turn|25
|
|t:|1659653311
|move|p2a: SUSAN BOYLE|Quiver Dance|p2a: SUSAN BOYLE
|-boost|p2a: SUSAN BOYLE|spa|1
|-boost|p2a: SUSAN BOYLE|spd|1
|-boost|p2a: SUSAN BOYLE|spe|1
|move|p1a: Tornadus|Heat Wave|p2a: SUSAN BOYLE
|-damage|p2a: SUSAN BOYLE|14/100
|
|-weather|Sandstorm|[upkeep]
|-damage|p2a: SUSAN BOYLE|8/100|[from] Sandstorm
|-damage|p1a: Tornadus|40/100 brn|[from] Sandstorm
|-damage|p1a: Tornadus|34/100 brn|[from] brn
|upkeep
|turn|26
|
|t:|1659653317
|move|p2a: SUSAN BOYLE|Psychic|p1a: Tornadus
|-damage|p1a: Tornadus|0 fnt
|faint|p1a: Tornadus
|
|-weather|Sandstorm|[upkeep]
|-damage|p2a: SUSAN BOYLE|2/100|[from] Sandstorm
|upkeep
|j| Ctannn
|
|t:|1659653322
|switch|p1a: Volcarona|Volcarona, F|100/100
|-damage|p1a: Volcarona|50/100|[from] Stealth Rock
|turn|27
|
|t:|1659653324
|move|p2a: SUSAN BOYLE|Fire Blast|p1a: Volcarona
|-damage|p1a: Volcarona|0 fnt
|faint|p1a: Volcarona
|
|-weather|none
|upkeep
|
|t:|1659653332
|switch|p1a: Ferrothorn|Ferrothorn, F|53/100
|-damage|p1a: Ferrothorn|47/100|[from] Stealth Rock
|turn|28
|
|t:|1659653336
|move|p2a: SUSAN BOYLE|Psychic|p1a: Ferrothorn
|-resisted|p1a: Ferrothorn
|-damage|p1a: Ferrothorn|21/100
|move|p1a: Ferrothorn|Body Press|p2a: SUSAN BOYLE
|-resisted|p2a: SUSAN BOYLE
|-damage|p2a: SUSAN BOYLE|0 fnt
|-status|p1a: Ferrothorn|brn|[from] ability: Flame Body|[of] p2a: SUSAN BOYLE
|faint|p2a: SUSAN BOYLE
|
|-heal|p1a: Ferrothorn|27/100 brn|[from] item: Leftovers
|-damage|p1a: Ferrothorn|21/100 brn|[from] brn
|upkeep
|
|t:|1659653339
|switch|p2a: KENDRICK LAMAR|Arctozolt|44/100
|turn|29
|
|t:|1659653343
|switch|p1a: Clefable|Clefable, M|11/100 frz
|move|p2a: KENDRICK LAMAR|Low Kick|p1a: Clefable
|-resisted|p1a: Clefable
|-damage|p1a: Clefable|4/100 frz
|-damage|p2a: KENDRICK LAMAR|28/100|[from] item: Rocky Helmet|[of] p1a: Clefable
|
|upkeep
|turn|30
|
|t:|1659653348
|move|p2a: KENDRICK LAMAR|Freeze-Dry|p1a: Clefable
|-damage|p1a: Clefable|0 fnt
|faint|p1a: Clefable
|
|upkeep
|
|t:|1659653350
|switch|p1a: Gastrodon|Gastrodon, M|11/100
|-damage|p1a: Gastrodon|5/100|[from] Stealth Rock
|turn|31
|
|t:|1659653355
|move|p2a: KENDRICK LAMAR|Freeze-Dry|p1a: Gastrodon
|-supereffective|p1a: Gastrodon
|-damage|p1a: Gastrodon|0 fnt
|faint|p1a: Gastrodon
|
|upkeep
|-message|LT92PFcry forfeited.
|
|win|tolstoy
|raw|LT92PFcry's rating: 1797 &rarr; <strong>1775</strong><br />(-22 for losing)
|raw|tolstoy's rating: 1768 &rarr; <strong>1790</strong><br />(+22 for winning)
|l|☆LT92PFcry
|l|☆tolstoy
||Ladder isn't responding, score probably updated but might not have (Request timeout).
|l| LT92PF rej
|l| Ctannn
|l| Charizard55
|j| LT92PF nagoL
|l| LT92PF nagoL
|l| Trannos
|j| FU SHUN HA
|l| CutePokesOnly
|l| FU SHUN HA
|j| FU SHUN HA
|l| FU SHUN HA
