|html|<div class="broadcast-blue"><strong>[Gen 8] OU is currently suspecting Melmetal! For information on how to participate check out the <a href="https://www.smogon.com/forums/threads/np-ss-ou-suspect-process-round-12-monster-mash.3709234/">suspect thread</a>.</strong></div>
|j|☆Iznamakin
|j|☆Dash/Jay
|t:|1665914087
|gametype|singles
|player|p1|Iznamakin|chase|1790
|player|p2|Dash/Jay|gambler|1676
|teamsize|p1|6
|teamsize|p2|6
|gen|8
|tier|[Gen 8] OU
|rated|
|rule|Sleep Clause Mod: Limit one foe put to sleep
|rule|Species Clause: Limit one of each Pokémon
|rule|OHKO Clause: OHKO moves are banned
|rule|Evasion Items Clause: Evasion items are banned
|rule|Evasion Moves Clause: Evasion moves are banned
|rule|Endless Battle Clause: Forcing endless battles is banned
|rule|HP Percentage Mod: HP is shown in percentages
|rule|Dynamax Clause: You cannot dynamax
|clearpoke
|poke|p1|Weavile, M|
|poke|p1|Garchomp, M|
|poke|p1|Kartana|
|poke|p1|Dragapult, F|
|poke|p1|Landorus-Therian, M|
|poke|p1|Melmetal|
|poke|p2|Hitmonchan, M|
|poke|p2|Scizor, M|
|poke|p2|Weavile, M|
|poke|p2|Swampert, F|
|poke|p2|Vikavolt, M|
|poke|p2|Blaziken, M|
|teampreview
|inactive|Battle timer is ON: inactive players will automatically lose when time's up. (requested by Dash/Jay)
|
|t:|1665914093
|start
|switch|p1a: Reddington|Dragapult, F, shiny|100/100
|switch|p2a: Gradius|Vikavolt, M, shiny|100/100
|turn|1
|
|t:|1665914097
|move|p1a: Reddington|Draco Meteor|p2a: Gradius
|-damage|p2a: Gradius|0 fnt
|-unboost|p1a: Reddington|spa|2
|faint|p2a: Gradius
|
|upkeep
|j| Wiljo04
|
|t:|1665914103
|switch|p2a: Sin|Weavile, M|100/100
|turn|2
|
|t:|1665914106
|switch|p1a: Terminator|Melmetal, shiny|100/100
|move|p2a: Sin|Swords Dance|p2a: Sin
|-boost|p2a: Sin|atk|2
|
|upkeep
|turn|3
|
|t:|1665914111
|move|p2a: Sin|Low Kick|p1a: Terminator
|-supereffective|p1a: Terminator
|-damage|p1a: Terminator|0 fnt
|faint|p1a: Terminator
|-damage|p2a: Sin|91/100|[from] item: Life Orb
|
|upkeep
|
|t:|1665914114
|switch|p1a: Escobar|Kartana, shiny|100/100
|turn|4
|
|t:|1665914116
|switch|p2a: Ken|Blaziken, M, shiny|100/100
|move|p1a: Escobar|Sacred Sword|p2a: Ken
|-damage|p2a: Ken|39/100
|
|upkeep
|turn|5
|
|t:|1665914122
|move|p2a: Ken|Vacuum Wave|p1a: Escobar
|-supereffective|p1a: Escobar
|-damage|p1a: Escobar|0 fnt
|faint|p1a: Escobar
|
|-ability|p2a: Ken|Speed Boost|boost
|-boost|p2a: Ken|spe|1
|upkeep
|
|t:|1665914124
|switch|p1a: El Professor|Landorus-Therian, M, shiny|100/100
|-ability|p1a: El Professor|Intimidate|boost
|-unboost|p2a: Ken|atk|1
|turn|6
|
|t:|1665914127
|move|p2a: Ken|Overheat|p1a: El Professor
|-damage|p1a: El Professor|31/100
|-unboost|p2a: Ken|spa|2
|move|p1a: El Professor|Stealth Rock|p2a: Ken
|-sidestart|p2: Dash/Jay|move: Stealth Rock
|
|-ability|p2a: Ken|Speed Boost|boost
|-boost|p2a: Ken|spe|1
|upkeep
|turn|7
|
|t:|1665914134
|move|p2a: Ken|Overheat|p1a: El Professor|[miss]
|-miss|p2a: Ken|p1a: El Professor
|move|p1a: El Professor|Earthquake|p2a: Ken
|-supereffective|p2a: Ken
|-crit|p2a: Ken
|-damage|p2a: Ken|0 fnt
|faint|p2a: Ken
|
|upkeep
|j| mux stall heh
|
|t:|1665914138
|switch|p2a: Kipper|Swampert, F, shiny|100/100
|-damage|p2a: Kipper|94/100|[from] Stealth Rock
|turn|8
|
|t:|1665914142
|move|p1a: El Professor|Earthquake|p2a: Kipper
|-damage|p2a: Kipper|51/100
|move|p2a: Kipper|Stealth Rock|p1a: El Professor
|-sidestart|p1: Iznamakin|move: Stealth Rock
|
|upkeep
|turn|9
|
|t:|1665914146
|move|p1a: El Professor|Earthquake|p2a: Kipper
|-damage|p2a: Kipper|10/100
|move|p2a: Kipper|Scald|p1a: El Professor
|-supereffective|p1a: El Professor
|-damage|p1a: El Professor|0 fnt
|faint|p1a: El Professor
|
|upkeep
|
|t:|1665914149
|switch|p1a: Reddington|Dragapult, F, shiny|100/100
|-damage|p1a: Reddington|88/100|[from] Stealth Rock
|turn|10
|
|t:|1665914152
|move|p1a: Reddington|Flamethrower|p2a: Kipper
|-resisted|p2a: Kipper
|-damage|p2a: Kipper|0 fnt
|faint|p2a: Kipper
|
|upkeep
|
|t:|1665914155
|switch|p2a: Tychan|Hitmonchan, M|100/100
|-damage|p2a: Tychan|95/100|[from] Stealth Rock
|turn|11
|
|t:|1665914161
|switch|p1a: Shelby|Weavile, M, shiny|100/100
|-damage|p1a: Shelby|76/100|[from] Stealth Rock
|-ability|p1a: Shelby|Pressure
|move|p2a: Tychan|Ice Punch|p1a: Shelby
|-resisted|p1a: Shelby
|-damage|p1a: Shelby|54/100
|
|upkeep
|turn|12
|
|t:|1665914164
|move|p2a: Tychan|Mach Punch|p1a: Shelby
|-supereffective|p1a: Shelby
|-damage|p1a: Shelby|0 fnt
|faint|p1a: Shelby
|
|upkeep
|
|t:|1665914170
|switch|p1a: Reddington|Dragapult, F, shiny|88/100
|-damage|p1a: Reddington|76/100|[from] Stealth Rock
|turn|13
|
|t:|1665914173
|move|p1a: Reddington|Shadow Ball|p2a: Tychan
|-damage|p2a: Tychan|56/100
|-unboost|p2a: Tychan|spd|1
|move|p2a: Tychan|Ice Punch|p1a: Reddington
|-supereffective|p1a: Reddington
|-damage|p1a: Reddington|6/100
|
|upkeep
|turn|14
|
|t:|1665914179
|move|p1a: Reddington|Shadow Ball|p2a: Tychan
|-damage|p2a: Tychan|0 fnt
|faint|p2a: Tychan
|
|upkeep
|
|t:|1665914182
|switch|p2a: Akashi|Scizor, M|100/100
|-damage|p2a: Akashi|88/100|[from] Stealth Rock
|turn|15
|
|t:|1665914184
|move|p2a: Akashi|Bullet Punch|p1a: Reddington
|-damage|p1a: Reddington|0 fnt
|faint|p1a: Reddington
|
|upkeep
|
|t:|1665914185
|switch|p1a: Lucifer|Garchomp, M, shiny|100/100
|-damage|p1a: Lucifer|94/100|[from] Stealth Rock
|turn|16
|
|t:|1665914187
|move|p2a: Akashi|Bullet Punch|p1a: Lucifer
|-damage|p1a: Lucifer|46/100
|-damage|p2a: Akashi|76/100|[from] ability: Rough Skin|[of] p1a: Lucifer
|move|p1a: Lucifer|Fire Fang|p2a: Akashi
|-supereffective|p2a: Akashi
|-damage|p2a: Akashi|0 fnt
|faint|p2a: Akashi
|
|upkeep
|
|t:|1665914189
|switch|p2a: Sin|Weavile, M|91/100
|-damage|p2a: Sin|66/100|[from] Stealth Rock
|turn|17
|
|t:|1665914192
|move|p2a: Sin|Ice Shard|p1a: Lucifer
|-supereffective|p1a: Lucifer
|-enditem|p1a: Lucifer|Yache Berry|[eat]
|-enditem|p1a: Lucifer|Yache Berry|[weaken]
|-damage|p1a: Lucifer|0 fnt
|faint|p1a: Lucifer
|-damage|p2a: Sin|56/100|[from] item: Life Orb
|
|win|Dash/Jay
|raw|Iznamakin's rating: 1790 &rarr; <strong>1764</strong><br />(-26 for losing)
|raw|Dash&#x2f;Jay's rating: 1676 &rarr; <strong>1702</strong><br />(+26 for winning)
|l|☆Iznamakin
|l|☆Dash/Jay
