|html|<div class="broadcast-blue"><strong>[Gen 8] OU is currently suspecting Melmetal! For information on how to participate check out the <a href="https://www.smogon.com/forums/threads/np-ss-ou-suspect-process-round-12-monster-mash.3709234/">suspect thread</a>.</strong></div>
|j|☆Down$pook
|j|☆OUTD SaffedhSchnei
|t:|1666016883
|gametype|singles
|player|p1|Down$pook|teamrocket|1443
|player|p2|OUTD SaffedhSchnei|1|1445
|teamsize|p1|6
|teamsize|p2|6
|gen|8
|tier|[Gen 8] OU
|rated|
|rule|Sleep Clause Mod: Limit one foe put to sleep
|rule|Species Clause: Limit one of each Pokémon
|rule|OHKO Clause: OHKO moves are banned
|rule|Evasion Items Clause: Evasion items are banned
|rule|Evasion Moves Clause: Evasion moves are banned
|rule|Endless Battle Clause: Forcing endless battles is banned
|rule|HP Percentage Mod: HP is shown in percentages
|rule|Dynamax Clause: You cannot dynamax
|clearpoke
|poke|p1|Jolteon, F|
|poke|p1|Torkoal, M|
|poke|p1|Tapu Lele|
|poke|p1|Espeon, M|
|poke|p1|Polteageist-Antique|
|poke|p1|Cloyster, M|
|poke|p2|Tapu Lele|
|poke|p2|Weavile, M|
|poke|p2|Landorus-Therian, M|
|poke|p2|Toxapex, M|
|poke|p2|Tyranitar, M|
|poke|p2|Corviknight, M|
|teampreview
|c|☆Down$pook|Hf
|
|t:|1666016903
|start
|switch|p1a: Canned Calamari|Tapu Lele|100/100
|switch|p2a: Weavile|Weavile, M|100/100
|-ability|p2a: Weavile|Pressure
|-fieldstart|move: Psychic Terrain|[from] ability: Psychic Surge|[of] p1a: Canned Calamari
|turn|1
|inactive|Battle timer is ON: inactive players will automatically lose when time's up. (requested by Down$pook)
|
|t:|1666016911
|switch|p2a: Toxapex|Toxapex, M|100/100
|move|p1a: Canned Calamari|Moonblast|p2a: Toxapex
|-resisted|p2a: Toxapex
|-damage|p2a: Toxapex|84/100
|
|upkeep
|turn|2
|
|t:|1666016921
|switch|p1a: Sakura|Espeon, M|100/100
|switch|p2a: Weavile|Weavile, M|100/100
|-ability|p2a: Weavile|Pressure
|
|upkeep
|turn|3
|
|t:|1666016939
|switch|p1a: Master Oogway|Torkoal, M|100/100
|-weather|SunnyDay|[from] ability: Drought|[of] p1a: Master Oogway
|move|p2a: Weavile|Swords Dance|p2a: Weavile
|-boost|p2a: Weavile|atk|2
|
|-weather|SunnyDay|[upkeep]
|upkeep
|turn|4
|
|t:|1666016944
|switch|p2a: Tyranitar|Tyranitar, M|100/100
|-weather|Sandstorm|[from] ability: Sand Stream|[of] p2a: Tyranitar
|move|p1a: Master Oogway|Lava Plume|p2a: Tyranitar
|-resisted|p2a: Tyranitar
|-damage|p2a: Tyranitar|94/100
|
|-weather|Sandstorm|[upkeep]
|-damage|p1a: Master Oogway|94/100|[from] Sandstorm
|upkeep
|turn|5
|
|t:|1666016949
|switch|p1a: Sakura|Espeon, M|100/100
|move|p2a: Tyranitar|Stone Edge|p1a: Sakura
|-damage|p1a: Sakura|0 fnt
|faint|p1a: Sakura
|
|-weather|Sandstorm|[upkeep]
|upkeep
|
|t:|1666016958
|switch|p1a: Master Oogway|Torkoal, M|94/100
|-weather|SunnyDay|[from] ability: Drought|[of] p1a: Master Oogway
|turn|6
|
|t:|1666016968
|move|p2a: Tyranitar|Stone Edge|p1a: Master Oogway|[miss]
|-miss|p2a: Tyranitar|p1a: Master Oogway
|move|p1a: Master Oogway|Shell Smash|p1a: Master Oogway
|-unboost|p1a: Master Oogway|def|1
|-unboost|p1a: Master Oogway|spd|1
|-boost|p1a: Master Oogway|atk|2
|-boost|p1a: Master Oogway|spa|2
|-boost|p1a: Master Oogway|spe|2
|-enditem|p1a: Master Oogway|Eject Pack
|
|t:|1666016971
|switch|p1a: Bolt|Jolteon, F|100/100
|
|-weather|SunnyDay|[upkeep]
|upkeep
|turn|7
|
|t:|1666016975
|move|p1a: Bolt|Copycat|p1a: Bolt
|move|p1a: Bolt|Shell Smash|p1a: Bolt|[from]move: Copycat
|-unboost|p1a: Bolt|def|1
|-unboost|p1a: Bolt|spd|1
|-boost|p1a: Bolt|atk|2
|-boost|p1a: Bolt|spa|2
|-boost|p1a: Bolt|spe|2
|move|p2a: Tyranitar|Stone Edge|p1a: Bolt
|-enditem|p1a: Bolt|Focus Sash
|-damage|p1a: Bolt|1/100
|
|-weather|SunnyDay|[upkeep]
|upkeep
|turn|8
|
|t:|1666016981
|switch|p2a: Landorus|Landorus-Therian, M|100/100
|-ability|p2a: Landorus|Intimidate|boost
|-unboost|p1a: Bolt|atk|1
|move|p1a: Bolt|Electro Ball|p2a: Landorus
|-immune|p2a: Landorus
|
|-weather|SunnyDay|[upkeep]
|-fieldend|move: Psychic Terrain
|upkeep
|turn|9
|
|t:|1666016986
|move|p1a: Bolt|Weather Ball|p2a: Landorus
|-damage|p2a: Landorus|12/100
|move|p2a: Landorus|U-turn|p1a: Bolt
|-damage|p1a: Bolt|0 fnt
|faint|p1a: Bolt
|
|t:|1666016991
|switch|p2a: Tyranitar|Tyranitar, M|94/100|[from]move: U-turn
|-weather|Sandstorm|[from] ability: Sand Stream|[of] p2a: Tyranitar
|
|-weather|Sandstorm|[upkeep]
|upkeep
|
|t:|1666016998
|switch|p1a: Canned Calamari|Tapu Lele|100/100
|-fieldstart|move: Psychic Terrain|[from] ability: Psychic Surge|[of] p1a: Canned Calamari
|turn|10
|
|t:|1666017004
|switch|p1a: Master Oogway|Torkoal, M|94/100
|-weather|SunnyDay|[from] ability: Drought|[of] p1a: Master Oogway
|move|p2a: Tyranitar|Heavy Slam|p1a: Master Oogway
|-resisted|p1a: Master Oogway
|-damage|p1a: Master Oogway|84/100
|
|-weather|SunnyDay|[upkeep]
|upkeep
|turn|11
|
|t:|1666017018
|switch|p2a: Toxapex|Toxapex, M|100/100
|switch|p1a: Bri’ ish Cleanup|Polteageist-Antique|100/100
|
|-weather|SunnyDay|[upkeep]
|upkeep
|turn|12
|
|t:|1666017030
|move|p1a: Bri’ ish Cleanup|Shell Smash|p1a: Bri’ ish Cleanup
|-unboost|p1a: Bri’ ish Cleanup|def|1
|-unboost|p1a: Bri’ ish Cleanup|spd|1
|-boost|p1a: Bri’ ish Cleanup|atk|2
|-boost|p1a: Bri’ ish Cleanup|spa|2
|-boost|p1a: Bri’ ish Cleanup|spe|2
|move|p2a: Toxapex|Haze|p2a: Toxapex
|-clearallboost
|
|-weather|SunnyDay|[upkeep]
|upkeep
|turn|13
|
|t:|1666017034
|switch|p2a: Tyranitar|Tyranitar, M|94/100
|-weather|Sandstorm|[from] ability: Sand Stream|[of] p2a: Tyranitar
|move|p1a: Bri’ ish Cleanup|Shell Smash|p1a: Bri’ ish Cleanup
|-unboost|p1a: Bri’ ish Cleanup|def|1
|-unboost|p1a: Bri’ ish Cleanup|spd|1
|-boost|p1a: Bri’ ish Cleanup|atk|2
|-boost|p1a: Bri’ ish Cleanup|spa|2
|-boost|p1a: Bri’ ish Cleanup|spe|2
|
|-weather|Sandstorm|[upkeep]
|-damage|p1a: Bri’ ish Cleanup|94/100|[from] Sandstorm
|upkeep
|turn|14
|
|t:|1666017036
|move|p1a: Bri’ ish Cleanup|Giga Drain|p2a: Tyranitar
|-supereffective|p2a: Tyranitar
|-damage|p2a: Tyranitar|28/100
|-heal|p1a: Bri’ ish Cleanup|100/100|[from] drain|[of] p2a: Tyranitar
|move|p2a: Tyranitar|Stone Edge|p1a: Bri’ ish Cleanup
|-enditem|p1a: Bri’ ish Cleanup|Focus Sash
|-damage|p1a: Bri’ ish Cleanup|1/100
|-ability|p1a: Bri’ ish Cleanup|Weak Armor|boost
|-unboost|p1a: Bri’ ish Cleanup|def|1
|-boost|p1a: Bri’ ish Cleanup|spe|2
|
|-weather|Sandstorm|[upkeep]
|-damage|p1a: Bri’ ish Cleanup|0 fnt|[from] Sandstorm
|faint|p1a: Bri’ ish Cleanup
|upkeep
|-message|Down$pook forfeited.
|
|win|OUTD SaffedhSchnei
|raw|Down$pook's rating: 1443 &rarr; <strong>1423</strong><br />(-20 for losing)
|raw|OUTD SaffedhSchnei's rating: 1445 &rarr; <strong>1465</strong><br />(+20 for winning)
|l|☆Down$pook
