|j|☆LT92PF hiye
|j|☆HOF69
|t:|1659844363
|gametype|singles
|player|p1|LT92PF hiye|#splxiclassiest|1790
|player|p2|HOF69|red|1821
|teamsize|p1|6
|teamsize|p2|6
|gen|8
|tier|[Gen 8] OU
|rated|
|rule|Sleep Clause Mod: Limit one foe put to sleep
|rule|Species Clause: Limit one of each Pokémon
|rule|OHKO Clause: OHKO moves are banned
|rule|Evasion Items Clause: Evasion items are banned
|rule|Evasion Moves Clause: Evasion moves are banned
|rule|Endless Battle Clause: Forcing endless battles is banned
|rule|HP Percentage Mod: HP is shown in percentages
|rule|Dynamax Clause: You cannot dynamax
|clearpoke
|poke|p1|Urshifu-*, M|
|poke|p1|Zeraora|
|poke|p1|Tangrowth, F|
|poke|p1|Slowking-Galar, F|
|poke|p1|Mandibuzz, F|
|poke|p1|Heatran, M|
|poke|p2|Blacephalon|
|poke|p2|Gengar, M|
|poke|p2|Landorus-Therian, M|
|poke|p2|Krookodile, M|
|poke|p2|Kartana|
|poke|p2|Tapu Lele|
|teampreview
|j| LT92PF Hero
|j| TheDarkSwirl
|
|t:|1659844385
|start
|switch|p1a: Urshifu|Urshifu-Rapid-Strike, M|100/100
|switch|p2a: Kartana|Kartana|100/100
|turn|1
|
|t:|1659844393
|move|p2a: Kartana|Knock Off|p1a: Urshifu
|-resisted|p1a: Urshifu
|-damage|p1a: Urshifu|78/100
|-enditem|p1a: Urshifu|Protective Pads|[from] move: Knock Off|[of] p2a: Kartana
|move|p1a: Urshifu|Close Combat|p2a: Kartana
|-supereffective|p2a: Kartana
|-damage|p2a: Kartana|0 fnt
|-unboost|p1a: Urshifu|def|1
|-unboost|p1a: Urshifu|spd|1
|faint|p2a: Kartana
|
|upkeep
|inactive|Battle timer is ON: inactive players will automatically lose when time's up. (requested by LT92PF hiye)
|
|t:|1659844398
|switch|p2a: Gengar|Gengar, M, shiny|100/100
|turn|2
|
|t:|1659844403
|switch|p1a: Slowking|Slowking-Galar, F|100/100
|move|p2a: Gengar|Focus Blast|p1a: Slowking|[miss]
|-miss|p2a: Gengar|p1a: Slowking
|
|upkeep
|turn|3
|
|t:|1659844407
|move|p2a: Gengar|Shadow Ball|p1a: Slowking
|-supereffective|p1a: Slowking
|-damage|p1a: Slowking|62/100
|move|p1a: Slowking|Future Sight|p2a: Gengar
|-start|p1a: Slowking|move: Future Sight
|
|upkeep
|turn|4
|
|t:|1659844416
|switch|p1a: Mandibuzz|Mandibuzz, F|100/100
|move|p2a: Gengar|Shadow Ball|p1a: Mandibuzz
|-resisted|p1a: Mandibuzz
|-damage|p1a: Mandibuzz|84/100
|
|upkeep
|turn|5
|
|t:|1659844418
|move|p2a: Gengar|Sludge Wave|p1a: Mandibuzz
|-damage|p1a: Mandibuzz|47/100
|move|p1a: Mandibuzz|U-turn|p2a: Gengar
|-resisted|p2a: Gengar
|-damage|p2a: Gengar|95/100
|-start|p1a: Mandibuzz|Disable|U-turn|[from] ability: Cursed Body|[of] p2a: Gengar
|
|t:|1659844422
|switch|p1a: BOUGHT A BIG K|Zeraora|100/100|[from]move: U-turn
|
|-end|p2a: Gengar|move: Future Sight
|-supereffective|p2a: Gengar
|-damage|p2a: Gengar|0 fnt
|faint|p2a: Gengar
|upkeep
|
|t:|1659844426
|switch|p2a: Krookodile|Krookodile, M|100/100
|-ability|p2a: Krookodile|Intimidate|boost
|-unboost|p1a: BOUGHT A BIG K|atk|1
|turn|6
|j| Wicket Ticket
|
|t:|1659844431
|switch|p1a: Mandibuzz|Mandibuzz, F|47/100
|move|p2a: Krookodile|Stealth Rock|p1a: Mandibuzz
|-sidestart|p1: LT92PF hiye|move: Stealth Rock
|
|upkeep
|turn|7
|
|t:|1659844434
|move|p2a: Krookodile|Taunt|p1a: Mandibuzz
|-start|p1a: Mandibuzz|move: Taunt
|move|p1a: Mandibuzz|U-turn|p2a: Krookodile
|-supereffective|p2a: Krookodile
|-damage|p2a: Krookodile|71/100
|
|t:|1659844436
|switch|p1a: Urshifu|Urshifu-Rapid-Strike, M|78/100|[from]move: U-turn
|-damage|p1a: Urshifu|71/100|[from] Stealth Rock
|
|upkeep
|turn|8
|
|t:|1659844439
|move|p1a: Urshifu|Surging Strikes|p2a: Krookodile
|-supereffective|p2a: Krookodile
|-crit|p2a: Krookodile
|-damage|p2a: Krookodile|18/100
|-supereffective|p2a: Krookodile
|-crit|p2a: Krookodile
|-damage|p2a: Krookodile|0 fnt
|faint|p2a: Krookodile
|-hitcount|p2: Krookodile|2
|
|upkeep
|j| LT92PF line
|
|t:|1659844450
|switch|p2a: Blacephalon|Blacephalon|100/100
|turn|9
|
|t:|1659844464
|switch|p1a: Heatran|Heatran, M|100/100
|-damage|p1a: Heatran|88/100|[from] Stealth Rock
|move|p2a: Blacephalon|Shadow Ball|p1a: Heatran
|-damage|p1a: Heatran|58/100
|
|-heal|p1a: Heatran|64/100|[from] item: Leftovers
|upkeep
|turn|10
|
|t:|1659844477
|move|p2a: Blacephalon|Shadow Ball|p1a: Heatran
|-damage|p1a: Heatran|36/100
|move|p1a: Heatran|Stealth Rock|p2a: Blacephalon
|-sidestart|p2: HOF69|move: Stealth Rock
|
|-heal|p1a: Heatran|42/100|[from] item: Leftovers
|upkeep
|turn|11
|
|t:|1659844484
|move|p2a: Blacephalon|Shadow Ball|p1a: Heatran
|-damage|p1a: Heatran|13/100
|move|p1a: Heatran|Earth Power|p2a: Blacephalon
|-supereffective|p2a: Blacephalon
|-damage|p2a: Blacephalon|16/100
|
|-heal|p1a: Heatran|19/100|[from] item: Leftovers
|upkeep
|turn|12
|
|t:|1659844487
|switch|p1a: Mandibuzz|Mandibuzz, F|47/100
|move|p2a: Blacephalon|Shadow Ball|p1a: Mandibuzz
|-resisted|p1a: Mandibuzz
|-damage|p1a: Mandibuzz|28/100
|
|upkeep
|turn|13
|-message|HOF69 forfeited.
|
|win|LT92PF hiye
|raw|LT92PF hiye's rating: 1790 &rarr; <strong>1812</strong><br />(+22 for winning)
|raw|HOF69's rating: 1821 &rarr; <strong>1799</strong><br />(-22 for losing)
|l|☆HOF69
|j| yuzmv
|l| yuzmv
|j| yuzmv
|l| yuzmv
||Ladder isn't responding, score probably updated but might not have (Request timeout).
