|j|☆tanishq1
|j|☆minimax_ai
|t:|1665164452
|gametype|singles
|player|p1|tanishq1|266|1697
|player|p2|minimax_ai|lusamine-nihilego|1626
|teamsize|p1|6
|teamsize|p2|6
|gen|8
|tier|[Gen 8] OU
|rated|
|rule|Sleep Clause Mod: Limit one foe put to sleep
|rule|Species Clause: Limit one of each Pokémon
|rule|OHKO Clause: OHKO moves are banned
|rule|Evasion Items Clause: Evasion items are banned
|rule|Evasion Moves Clause: Evasion moves are banned
|rule|Endless Battle Clause: Forcing endless battles is banned
|rule|HP Percentage Mod: HP is shown in percentages
|rule|Dynamax Clause: You cannot dynamax
|clearpoke
|poke|p1|Landorus-Therian, M|
|poke|p1|Ferrothorn, F|
|poke|p1|Urshifu-*, F|
|poke|p1|Tornadus-Therian, M|
|poke|p1|Dragapult, F|
|poke|p1|Tapu Lele|
|poke|p2|Rotom-Wash|
|poke|p2|Weavile, F|
|poke|p2|Landorus-Therian, M|
|poke|p2|Heatran, M|
|poke|p2|Tangrowth, F|
|poke|p2|Melmetal|
|teampreview
|inactive|Battle timer is ON: inactive players will automatically lose when time's up. (requested by tanishq1)
|c|☆minimax_ai|hf
|inactive|minimax_ai also wants the timer to be on.
|inactive|tanishq1 has 120 seconds left.
|inactive|tanishq1 has 90 seconds left.
|
|t:|1665164521
|start
|switch|p1a: Dragapult|Dragapult, F|100/100
|switch|p2a: landorustherian|Landorus-Therian, M|100/100
|-ability|p2a: landorustherian|Intimidate|boost
|-unboost|p1a: Dragapult|atk|1
|turn|1
|
|t:|1665164529
|move|p1a: Dragapult|U-turn|p2a: landorustherian
|-resisted|p2a: landorustherian
|-damage|p2a: landorustherian|96/100
|
|t:|1665164555
|switch|p1a: Ferrothorn|Ferrothorn, F|100/100|[from]move: U-turn
|move|p2a: landorustherian|Earthquake|p1a: Ferrothorn
|-damage|p1a: Ferrothorn|72/100
|
|-heal|p2a: landorustherian|100/100|[from] item: Leftovers
|upkeep
|turn|2
|
|t:|1665164556
|move|p2a: landorustherian|U-turn|p1a: Ferrothorn
|-damage|p1a: Ferrothorn|58/100
|-damage|p2a: landorustherian|88/100|[from] ability: Iron Barbs|[of] p1a: Ferrothorn
|-damage|p2a: landorustherian|72/100|[from] item: Rocky Helmet|[of] p1a: Ferrothorn
|
|t:|1665164557
|switch|p2a: Heatran|Heatran, M|100/100|[from]move: U-turn
|-item|p2a: Heatran|Air Balloon
|move|p1a: Ferrothorn|Stealth Rock|p2a: Heatran
|-sidestart|p2: minimax_ai|move: Stealth Rock
|
|upkeep
|turn|3
|inactive|tanishq1 has 120 seconds left.
|
|t:|1665164604
|switch|p1a: Tornadus|Tornadus-Therian, M|100/100
|move|p2a: Heatran|Eruption|p1a: Tornadus
|-damage|p1a: Tornadus|50/100
|
|upkeep
|turn|4
|
|t:|1665164606
|move|p1a: Tornadus|U-turn|p2a: Heatran
|-resisted|p2a: Heatran
|-damage|p2a: Heatran|97/100
|-enditem|p2a: Heatran|Air Balloon
|
|t:|1665164608
|switch|p1a: Dragapult|Dragapult, F|100/100|[from]move: U-turn
|move|p2a: Heatran|Eruption|p1a: Dragapult
|-resisted|p1a: Dragapult
|-damage|p1a: Dragapult|48/100
|
|upkeep
|turn|5
|
|t:|1665164611
|move|p1a: Dragapult|Shadow Ball|p2a: Heatran
|-damage|p2a: Heatran|48/100
|move|p2a: Heatran|Magma Storm|p1a: Dragapult
|-resisted|p1a: Dragapult
|-damage|p1a: Dragapult|9/100
|-activate|p1a: Dragapult|move: Magma Storm|[of] p2a: Heatran
|
|-damage|p1a: Dragapult|0 fnt|[from] move: Magma Storm|[partiallytrapped]
|faint|p1a: Dragapult
|upkeep
|
|t:|1665164618
|switch|p1a: Tornadus|Tornadus-Therian, M|84/100
|turn|6
|
|t:|1665164620
|move|p1a: Tornadus|Knock Off|p2a: Heatran
|-damage|p2a: Heatran|34/100
|move|p2a: Heatran|Magma Storm|p1a: Tornadus
|-crit|p1a: Tornadus
|-damage|p1a: Tornadus|30/100
|-activate|p1a: Tornadus|move: Magma Storm|[of] p2a: Heatran
|
|-damage|p1a: Tornadus|18/100|[from] move: Magma Storm|[partiallytrapped]
|upkeep
|turn|7
|
|t:|1665164622
|move|p1a: Tornadus|U-turn|p2a: Heatran
|-resisted|p2a: Heatran
|-damage|p2a: Heatran|30/100
|
|t:|1665164624
|switch|p1a: Landorus|Landorus-Therian, M|100/100|[from]move: U-turn
|-ability|p1a: Landorus|Intimidate|boost
|-unboost|p2a: Heatran|atk|1
|move|p2a: Heatran|Magma Storm|p1a: Landorus
|-damage|p1a: Landorus|62/100
|-activate|p1a: Landorus|move: Magma Storm|[of] p2a: Heatran
|
|-heal|p1a: Landorus|68/100|[from] item: Leftovers
|-damage|p1a: Landorus|56/100|[from] move: Magma Storm|[partiallytrapped]
|upkeep
|turn|8
|
|t:|1665164626
|switch|p2a: Tangrowth|Tangrowth, F|100/100
|-damage|p2a: Tangrowth|88/100|[from] Stealth Rock
|move|p1a: Landorus|Earthquake|p2a: Tangrowth
|-resisted|p2a: Tangrowth
|-damage|p2a: Tangrowth|76/100
|
|-heal|p1a: Landorus|62/100|[from] item: Leftovers
|-end|p1a: Landorus|Magma Storm|[partiallytrapped]|[silent]
|upkeep
|turn|9
|
|t:|1665164628
|move|p1a: Landorus|Toxic|p2a: Tangrowth
|-status|p2a: Tangrowth|tox
|move|p2a: Tangrowth|Giga Drain|p1a: Landorus
|-damage|p1a: Landorus|40/100
|-heal|p2a: Tangrowth|87/100 tox|[from] drain|[of] p1a: Landorus
|
|-heal|p1a: Landorus|46/100|[from] item: Leftovers
|-damage|p2a: Tangrowth|80/100 tox|[from] psn
|upkeep
|turn|10
|
|t:|1665164630
|switch|p1a: Ferrothorn|Ferrothorn, F|58/100
|move|p2a: Tangrowth|Giga Drain|p1a: Ferrothorn
|-resisted|p1a: Ferrothorn
|-damage|p1a: Ferrothorn|52/100
|-heal|p2a: Tangrowth|83/100 tox|[from] drain|[of] p1a: Ferrothorn
|
|-damage|p2a: Tangrowth|71/100 tox|[from] psn
|upkeep
|turn|11
|
|t:|1665164633
|switch|p2a: landorustherian|Landorus-Therian, M|72/100
|-damage|p2a: landorustherian|59/100|[from] Stealth Rock
|-ability|p2a: landorustherian|Intimidate|boost
|-unboost|p1a: Ferrothorn|atk|1
|move|p1a: Ferrothorn|Knock Off|p2a: landorustherian
|-damage|p2a: landorustherian|46/100
|-enditem|p2a: landorustherian|Leftovers|[from] move: Knock Off|[of] p1a: Ferrothorn
|
|upkeep
|turn|12
|
|t:|1665164635
|move|p2a: landorustherian|Defog|p1a: Ferrothorn
|-unboost|p1a: Ferrothorn|evasion|1
|-sideend|p2: minimax_ai|Stealth Rock|[from] move: Defog|[of] p2a: landorustherian
|move|p1a: Ferrothorn|Leech Seed|p2a: landorustherian
|-start|p2a: landorustherian|move: Leech Seed
|
|-damage|p2a: landorustherian|33/100|[from] Leech Seed|[of] p1a: Ferrothorn
|-heal|p1a: Ferrothorn|66/100|[silent]
|upkeep
|turn|13
|
|t:|1665164636
|move|p2a: landorustherian|U-turn|p1a: Ferrothorn
|-crit|p1a: Ferrothorn
|-damage|p1a: Ferrothorn|45/100
|-damage|p2a: landorustherian|21/100|[from] ability: Iron Barbs|[of] p1a: Ferrothorn
|-damage|p2a: landorustherian|4/100|[from] item: Rocky Helmet|[of] p1a: Ferrothorn
|
|t:|1665164637
|switch|p2a: Tangrowth|Tangrowth, F|100/100 tox|[from]move: U-turn
|move|p1a: Ferrothorn|Stealth Rock|p2a: Tangrowth
|-sidestart|p2: minimax_ai|move: Stealth Rock
|
|-damage|p2a: Tangrowth|94/100 tox|[from] psn
|upkeep
|turn|14
|
|t:|1665164639
|move|p2a: Tangrowth|Sleep Powder|p1a: Ferrothorn
|-immune|p1a: Ferrothorn
|move|p1a: Ferrothorn|Knock Off|p2a: Tangrowth
|-damage|p2a: Tangrowth|87/100 tox
|-damage|p1a: Ferrothorn|29/100|[from] item: Rocky Helmet|[of] p2a: Tangrowth
|-enditem|p2a: Tangrowth|Rocky Helmet|[from] move: Knock Off|[of] p1a: Ferrothorn
|
|-damage|p2a: Tangrowth|75/100 tox|[from] psn
|upkeep
|turn|15
|
|t:|1665164641
|switch|p1a: Tornadus|Tornadus-Therian, M|51/100
|move|p2a: Tangrowth|Focus Blast|p1a: Tornadus
|-resisted|p1a: Tornadus
|-damage|p1a: Tornadus|42/100
|-unboost|p1a: Tornadus|spd|1
|
|-damage|p2a: Tangrowth|56/100 tox|[from] psn
|upkeep
|turn|16
|
|t:|1665164643
|switch|p2a: landorustherian|Landorus-Therian, M|4/100
|-damage|p2a: landorustherian|0 fnt|[from] Stealth Rock
|faint|p2a: landorustherian
|move|p1a: Tornadus|U-turn|p2: landorustherian|[notarget]
|-fail|p1a: Tornadus
|
|upkeep
|
|t:|1665164643
|switch|p2a: Heatran|Heatran, M|30/100
|-damage|p2a: Heatran|18/100|[from] Stealth Rock
|turn|17
|
|t:|1665164650
|move|p1a: Tornadus|Knock Off|p2a: Heatran
|-damage|p2a: Heatran|3/100
|move|p2a: Heatran|Stealth Rock|p1a: Tornadus
|-sidestart|p1: tanishq1|move: Stealth Rock
|
|upkeep
|turn|18
|
|t:|1665164653
|switch|p2a: rotomwash|Rotom-Wash|100/100
|-damage|p2a: rotomwash|88/100|[from] Stealth Rock
|move|p1a: Tornadus|Knock Off|p2a: rotomwash
|-damage|p2a: rotomwash|68/100
|-enditem|p2a: rotomwash|Leftovers|[from] move: Knock Off|[of] p1a: Tornadus
|
|upkeep
|turn|19
|
|t:|1665164654
|move|p1a: Tornadus|U-turn|p2a: rotomwash
|-damage|p2a: rotomwash|53/100
|
|t:|1665164657
|switch|p1a: Ferrothorn|Ferrothorn, F|29/100|[from]move: U-turn
|-damage|p1a: Ferrothorn|22/100|[from] Stealth Rock
|move|p2a: rotomwash|Thunderbolt|p1a: Ferrothorn
|-resisted|p1a: Ferrothorn
|-damage|p1a: Ferrothorn|7/100
|
|upkeep
|turn|20
|
|t:|1665164659
|move|p2a: rotomwash|Thunderbolt|p1a: Ferrothorn
|-resisted|p1a: Ferrothorn
|-damage|p1a: Ferrothorn|0 fnt
|faint|p1a: Ferrothorn
|
|upkeep
|
|t:|1665164663
|switch|p1a: Urshifu|Urshifu-Rapid-Strike, F|100/100
|-damage|p1a: Urshifu|94/100|[from] Stealth Rock
|turn|21
|
|t:|1665164666
|switch|p2a: Tangrowth|Tangrowth, F|89/100 tox
|-damage|p2a: Tangrowth|77/100 tox|[from] Stealth Rock
|move|p1a: Urshifu|Close Combat|p2a: Tangrowth
|-damage|p2a: Tangrowth|38/100 tox
|-unboost|p1a: Urshifu|def|1
|-unboost|p1a: Urshifu|spd|1
|
|-damage|p2a: Tangrowth|32/100 tox|[from] psn
|upkeep
|turn|22
|
|t:|1665164669
|switch|p2a: Heatran|Heatran, M|3/100
|-damage|p2a: Heatran|0 fnt|[from] Stealth Rock
|faint|p2a: Heatran
|move|p1a: Urshifu|Close Combat|p2: Heatran|[notarget]
|-fail|p1a: Urshifu
|
|upkeep
|
|t:|1665164669
|switch|p2a: Melmetal|Melmetal|100/100
|-damage|p2a: Melmetal|94/100|[from] Stealth Rock
|turn|23
|
|t:|1665164671
|move|p1a: Urshifu|Close Combat|p2a: Melmetal
|-supereffective|p2a: Melmetal
|-damage|p2a: Melmetal|21/100
|-unboost|p1a: Urshifu|def|1
|-unboost|p1a: Urshifu|spd|1
|move|p2a: Melmetal|Thunder Punch|p1a: Urshifu
|-supereffective|p1a: Urshifu
|-damage|p1a: Urshifu|0 fnt
|faint|p1a: Urshifu
|
|upkeep
|
|t:|1665164675
|switch|p1a: Landorus|Landorus-Therian, M|46/100
|-damage|p1a: Landorus|33/100|[from] Stealth Rock
|-ability|p1a: Landorus|Intimidate|boost
|-unboost|p2a: Melmetal|atk|1
|turn|24
|
|t:|1665164677
|switch|p2a: Tangrowth|Tangrowth, F|65/100 tox
|-damage|p2a: Tangrowth|52/100 tox|[from] Stealth Rock
|move|p1a: Landorus|Earthquake|p2a: Tangrowth
|-resisted|p2a: Tangrowth
|-damage|p2a: Tangrowth|41/100 tox
|
|-heal|p1a: Landorus|39/100|[from] item: Leftovers
|-damage|p2a: Tangrowth|34/100 tox|[from] psn
|upkeep
|turn|25
|
|t:|1665164679
|move|p1a: Landorus|U-turn|p2a: Tangrowth
|-supereffective|p2a: Tangrowth
|-damage|p2a: Tangrowth|11/100 tox
|
|t:|1665164681
|switch|p1a: Tornadus|Tornadus-Therian, M|75/100|[from]move: U-turn
|-damage|p1a: Tornadus|50/100|[from] Stealth Rock
|move|p2a: Tangrowth|Giga Drain|p1a: Tornadus
|-resisted|p1a: Tornadus
|-damage|p1a: Tornadus|40/100
|-heal|p2a: Tangrowth|16/100 tox|[from] drain|[of] p1a: Tornadus
|
|-damage|p2a: Tangrowth|3/100 tox|[from] psn
|upkeep
|turn|26
|
|t:|1665164682
|move|p1a: Tornadus|U-turn|p2a: Tangrowth
|-supereffective|p2a: Tangrowth
|-damage|p2a: Tangrowth|0 fnt
|faint|p2a: Tangrowth
|
|t:|1665164685
|switch|p1a: Tapu Lele|Tapu Lele|100/100|[from]move: U-turn
|-damage|p1a: Tapu Lele|88/100|[from] Stealth Rock
|-fieldstart|move: Psychic Terrain|[from] ability: Psychic Surge|[of] p1a: Tapu Lele
|
|upkeep
|
|t:|1665164685
|switch|p2a: Melmetal|Melmetal|21/100
|-damage|p2a: Melmetal|15/100|[from] Stealth Rock
|turn|27
|
|t:|1665164687
|move|p1a: Tapu Lele|Moonblast|p2a: Melmetal
|-resisted|p2a: Melmetal
|-damage|p2a: Melmetal|1/100
|move|p2a: Melmetal|Double Iron Bash|p1a: Tapu Lele
|-supereffective|p1a: Tapu Lele
|-damage|p1a: Tapu Lele|0 fnt
|faint|p1a: Tapu Lele
|-hitcount|p1: Tapu Lele|1
|
|upkeep
|
|t:|1665164691
|switch|p1a: Landorus|Landorus-Therian, M|39/100
|-damage|p1a: Landorus|27/100|[from] Stealth Rock
|-ability|p1a: Landorus|Intimidate|boost
|-unboost|p2a: Melmetal|atk|1
|turn|28
|
|t:|1665164692
|switch|p2a: rotomwash|Rotom-Wash|53/100
|-damage|p2a: rotomwash|41/100|[from] Stealth Rock
|move|p1a: Landorus|U-turn|p2a: rotomwash
|-damage|p2a: rotomwash|18/100
|
|t:|1665164694
|switch|p1a: Tornadus|Tornadus-Therian, M|73/100|[from]move: U-turn
|-damage|p1a: Tornadus|48/100|[from] Stealth Rock
|
|upkeep
|turn|29
|
|t:|1665164695
|switch|p2a: Weavile|Weavile, F|100/100
|-damage|p2a: Weavile|76/100|[from] Stealth Rock
|-ability|p2a: Weavile|Pressure
|move|p1a: Tornadus|U-turn|p2a: Weavile
|-supereffective|p2a: Weavile
|-damage|p2a: Weavile|24/100
|
|t:|1665164698
|switch|p1a: Landorus|Landorus-Therian, M|27/100|[from]move: U-turn
|-damage|p1a: Landorus|15/100|[from] Stealth Rock
|-ability|p1a: Landorus|Intimidate|boost
|-unboost|p2a: Weavile|atk|1
|
|-heal|p1a: Landorus|21/100|[from] item: Leftovers
|upkeep
|turn|30
|
|t:|1665164701
|move|p2a: Weavile|Triple Axel|p1a: Landorus
|-supereffective|p1a: Landorus
|-damage|p1a: Landorus|0 fnt
|faint|p1a: Landorus
|-hitcount|p1: Landorus|1
|
|-fieldend|move: Psychic Terrain
|upkeep
|
|t:|1665164702
|switch|p1a: Tornadus|Tornadus-Therian, M|82/100
|-damage|p1a: Tornadus|57/100|[from] Stealth Rock
|turn|31
|
|t:|1665164704
|move|p2a: Weavile|Triple Axel|p1a: Tornadus
|-supereffective|p1a: Tornadus
|-damage|p1a: Tornadus|34/100
|-supereffective|p1a: Tornadus
|-damage|p1a: Tornadus|0 fnt
|faint|p1a: Tornadus
|-hitcount|p1: Tornadus|2
|
|win|minimax_ai
|raw|tanishq1's rating: 1697 &rarr; <strong>1673</strong><br />(-24 for losing)
|raw|minimax_ai's rating: 1626 &rarr; <strong>1650</strong><br />(+24 for winning)
|c|☆minimax_ai|gg
