|j|☆minimax_ai
|j|☆CoconutCrabs
|t:|1661452422
|gametype|singles
|player|p1|minimax_ai|lusamine-nihilego|1586
|player|p2|CoconutCrabs|chuck|1668
|teamsize|p1|6
|teamsize|p2|6
|gen|8
|tier|[Gen 8] OU
|rated|
|rule|Sleep Clause Mod: Limit one foe put to sleep
|rule|Species Clause: Limit one of each Pokémon
|rule|OHKO Clause: OHKO moves are banned
|rule|Evasion Items Clause: Evasion items are banned
|rule|Evasion Moves Clause: Evasion moves are banned
|rule|Endless Battle Clause: Forcing endless battles is banned
|rule|HP Percentage Mod: HP is shown in percentages
|rule|Dynamax Clause: You cannot dynamax
|clearpoke
|poke|p1|Rotom-Wash|
|poke|p1|Weavile, M|
|poke|p1|Landorus-Therian, M|
|poke|p1|Heatran, M|
|poke|p1|Tangrowth, M|
|poke|p1|Melmetal|
|poke|p2|Dragapult, F|
|poke|p2|Tapu Fini|
|poke|p2|Blacephalon|
|poke|p2|Tapu Lele|
|poke|p2|Landorus-Therian, M|
|poke|p2|Melmetal|
|teampreview
|inactive|Battle timer is ON: inactive players will automatically lose when time's up. (requested by CoconutCrabs)
|c|☆minimax_ai|hf
|inactive|minimax_ai also wants the timer to be on.
|
|t:|1661452437
|start
|switch|p1a: Melmetal|Melmetal|100/100
|switch|p2a: Tapu Fini|Tapu Fini|100/100
|-fieldstart|move: Misty Terrain|[from] ability: Misty Surge|[of] p2a: Tapu Fini
|turn|1
|
|t:|1661452439
|move|p2a: Tapu Fini|Nature's Madness|p1a: Melmetal
|-damage|p1a: Melmetal|51/100
|move|p1a: Melmetal|Double Iron Bash|p2a: Tapu Fini
|-damage|p2a: Tapu Fini|72/100
|-damage|p2a: Tapu Fini|44/100
|-hitcount|p2a: Tapu Fini|2
|
|-heal|p2a: Tapu Fini|50/100|[from] item: Leftovers
|upkeep
|turn|2
|
|t:|1661452443
|switch|p2a: Melmetal|Melmetal|100/100
|move|p1a: Melmetal|Double Iron Bash|p2a: Melmetal
|-resisted|p2a: Melmetal
|-damage|p2a: Melmetal|88/100
|-resisted|p2a: Melmetal
|-damage|p2a: Melmetal|76/100
|-hitcount|p2a: Melmetal|2
|
|-heal|p2a: Melmetal|82/100|[from] item: Leftovers
|upkeep
|turn|3
|
|t:|1661452445
|switch|p2a: Landorus|Landorus-Therian, M|100/100
|-ability|p2a: Landorus|Intimidate|boost
|-unboost|p1a: Melmetal|atk|1
|switch|p1a: Tangrowth|Tangrowth, M|100/100
|
|upkeep
|turn|4
|
|t:|1661452447
|move|p2a: Landorus|Toxic|p1a: Tangrowth
|-activate|p1a: Tangrowth|move: Misty Terrain
|move|p1a: Tangrowth|Giga Drain|p2a: Landorus
|-damage|p2a: Landorus|80/100
|
|-heal|p2a: Landorus|86/100|[from] item: Leftovers
|upkeep
|turn|5
|
|t:|1661452449
|move|p2a: Landorus|Stealth Rock|p1a: Tangrowth
|-sidestart|p1: minimax_ai|move: Stealth Rock
|move|p1a: Tangrowth|Giga Drain|p2a: Landorus
|-damage|p2a: Landorus|66/100
|
|-heal|p2a: Landorus|72/100|[from] item: Leftovers
|-fieldend|Misty Terrain
|upkeep
|turn|6
|
|t:|1661452450
|move|p2a: Landorus|U-turn|p1a: Tangrowth
|-supereffective|p1a: Tangrowth
|-damage|p1a: Tangrowth|78/100
|-damage|p2a: Landorus|55/100|[from] item: Rocky Helmet|[of] p1a: Tangrowth
|
|t:|1661452455
|switch|p2a: Melmetal|Melmetal|82/100|[from]move: U-turn
|move|p1a: Tangrowth|Knock Off|p2a: Melmetal
|-crit|p2a: Melmetal
|-damage|p2a: Melmetal|63/100
|-enditem|p2a: Melmetal|Leftovers|[from] move: Knock Off|[of] p1a: Tangrowth
|
|upkeep
|turn|7
|
|t:|1661452457
|switch|p2a: Landorus|Landorus-Therian, M|55/100
|-ability|p2a: Landorus|Intimidate|boost
|-unboost|p1a: Tangrowth|atk|1
|move|p1a: Tangrowth|Sleep Powder|p2a: Landorus
|-status|p2a: Landorus|slp|[from] move: Sleep Powder
|
|-heal|p2a: Landorus|61/100 slp|[from] item: Leftovers
|upkeep
|turn|8
|
|t:|1661452460
|switch|p2a: Melmetal|Melmetal|63/100
|switch|p1a: landorustherian|Landorus-Therian, M|100/100
|-damage|p1a: landorustherian|88/100|[from] Stealth Rock
|-ability|p1a: landorustherian|Intimidate|boost
|-unboost|p2a: Melmetal|atk|1
|
|-heal|p1a: landorustherian|94/100|[from] item: Leftovers
|upkeep
|turn|9
|
|t:|1661452462
|move|p1a: landorustherian|U-turn|p2a: Melmetal
|-resisted|p2a: Melmetal
|-damage|p2a: Melmetal|56/100
|
|t:|1661452463
|switch|p1a: rotomwash|Rotom-Wash|100/100|[from]move: U-turn
|-damage|p1a: rotomwash|88/100|[from] Stealth Rock
|move|p2a: Melmetal|Double Iron Bash|p1a: rotomwash
|-resisted|p1a: rotomwash
|-damage|p1a: rotomwash|80/100
|-resisted|p1a: rotomwash
|-damage|p1a: rotomwash|72/100
|-hitcount|p1a: rotomwash|2
|
|-heal|p1a: rotomwash|78/100|[from] item: Leftovers
|upkeep
|turn|10
|
|t:|1661452466
|switch|p2a: Tapu Fini|Tapu Fini|50/100
|-fieldstart|move: Misty Terrain|[from] ability: Misty Surge|[of] p2a: Tapu Fini
|move|p1a: rotomwash|Thunderbolt|p2a: Tapu Fini
|-supereffective|p2a: Tapu Fini
|-damage|p2a: Tapu Fini|0 fnt
|faint|p2a: Tapu Fini
|
|-heal|p1a: rotomwash|84/100|[from] item: Leftovers
|upkeep
|
|t:|1661452469
|switch|p2a: Dragapult|Dragapult, F|100/100
|turn|11
|
|t:|1661452475
|switch|p1a: landorustherian|Landorus-Therian, M|94/100
|-damage|p1a: landorustherian|82/100|[from] Stealth Rock
|-ability|p1a: landorustherian|Intimidate|boost
|-unboost|p2a: Dragapult|atk|1
|move|p2a: Dragapult|Shadow Ball|p1a: landorustherian
|-damage|p1a: landorustherian|43/100
|
|-heal|p1a: landorustherian|49/100|[from] item: Leftovers
|upkeep
|turn|12
|
|t:|1661452479
|switch|p2a: Landorus|Landorus-Therian, M|61/100 slp
|-ability|p2a: Landorus|Intimidate|boost
|-unboost|p1a: landorustherian|atk|1
|move|p1a: landorustherian|Earthquake|p2a: Landorus
|-immune|p2a: Landorus
|
|-heal|p1a: landorustherian|55/100|[from] item: Leftovers
|-heal|p2a: Landorus|67/100 slp|[from] item: Leftovers
|upkeep
|turn|13
|
|t:|1661452481
|switch|p2a: Dragapult|Dragapult, F|100/100
|move|p1a: landorustherian|Defog|p2a: Dragapult
|-unboost|p2a: Dragapult|evasion|1
|-sideend|p1: minimax_ai|Stealth Rock|[from] move: Defog|[of] p1a: landorustherian
|-fieldend|Misty Terrain
|
|-heal|p1a: landorustherian|61/100|[from] item: Leftovers
|upkeep
|turn|14
|
|t:|1661452483
|switch|p1a: Melmetal|Melmetal|51/100
|move|p2a: Dragapult|Draco Meteor|p1a: Melmetal
|-resisted|p1a: Melmetal
|-damage|p1a: Melmetal|28/100
|-unboost|p2a: Dragapult|spa|2
|
|upkeep
|turn|15
|
|t:|1661452486
|switch|p2a: Landorus|Landorus-Therian, M|67/100 slp
|-ability|p2a: Landorus|Intimidate|boost
|-unboost|p1a: Melmetal|atk|1
|move|p1a: Melmetal|Double Iron Bash|p2a: Landorus
|-crit|p2a: Landorus
|-damage|p2a: Landorus|7/100 slp
|-damage|p2a: Landorus|0 fnt
|faint|p2a: Landorus
|-hitcount|p2: Landorus|2
|
|upkeep
|
|t:|1661452488
|switch|p2a: Blacephalon|Blacephalon|100/100
|turn|16
|
|t:|1661452490
|move|p2a: Blacephalon|Shadow Ball|p1a: Melmetal
|-damage|p1a: Melmetal|0 fnt
|faint|p1a: Melmetal
|-ability|p2a: Blacephalon|Beast Boost|boost
|-boost|p2a: Blacephalon|spa|1
|
|upkeep
|
|t:|1661452491
|switch|p1a: Weavile|Weavile, M|100/100
|-ability|p1a: Weavile|Pressure
|turn|17
|
|t:|1661452495
|switch|p2a: Melmetal|Melmetal|56/100
|move|p1a: Weavile|Knock Off|p2a: Melmetal
|-damage|p2a: Melmetal|27/100
|
|upkeep
|turn|18
|
|t:|1661452498
|move|p1a: Weavile|Knock Off|p2a: Melmetal
|-damage|p2a: Melmetal|0 fnt
|faint|p2a: Melmetal
|
|upkeep
|
|t:|1661452499
|switch|p2a: Tapu Lele|Tapu Lele|100/100
|-fieldstart|move: Psychic Terrain|[from] ability: Psychic Surge|[of] p2a: Tapu Lele
|turn|19
|
|t:|1661452501
|switch|p1a: Heatran|Heatran, M|100/100
|-item|p1a: Heatran|Air Balloon
|move|p2a: Tapu Lele|Focus Blast|p1a: Heatran
|-supereffective|p1a: Heatran
|-damage|p1a: Heatran|13/100
|-enditem|p1a: Heatran|Air Balloon
|
|upkeep
|turn|20
|
|t:|1661452504
|switch|p2a: Blacephalon|Blacephalon|100/100
|switch|p1a: rotomwash|Rotom-Wash|84/100
|
|-heal|p1a: rotomwash|91/100|[from] item: Leftovers
|upkeep
|turn|21
|
|t:|1661452506
|move|p2a: Blacephalon|Shadow Ball|p1a: rotomwash
|-damage|p1a: rotomwash|14/100
|-unboost|p1a: rotomwash|spd|1
|move|p1a: rotomwash|Hydro Pump|p2a: Blacephalon
|-supereffective|p2a: Blacephalon
|-damage|p2a: Blacephalon|0 fnt
|faint|p2a: Blacephalon
|
|-heal|p1a: rotomwash|20/100|[from] item: Leftovers
|upkeep
|
|t:|1661452508
|switch|p2a: Dragapult|Dragapult, F|100/100
|turn|22
|
|t:|1661452509
|switch|p1a: landorustherian|Landorus-Therian, M|61/100
|-ability|p1a: landorustherian|Intimidate|boost
|-unboost|p2a: Dragapult|atk|1
|move|p2a: Dragapult|Shadow Ball|p1a: landorustherian
|-damage|p1a: landorustherian|24/100
|
|-heal|p1a: landorustherian|30/100|[from] item: Leftovers
|upkeep
|turn|23
|
|t:|1661452511
|switch|p1a: Tangrowth|Tangrowth, M|100/100
|move|p2a: Dragapult|Shadow Ball|p1a: Tangrowth
|-damage|p1a: Tangrowth|27/100
|
|-fieldend|move: Psychic Terrain
|upkeep
|turn|24
|
|t:|1661452512
|switch|p1a: landorustherian|Landorus-Therian, M|30/100
|-ability|p1a: landorustherian|Intimidate|boost
|-unboost|p2a: Dragapult|atk|1
|move|p2a: Dragapult|Shadow Ball|p1a: landorustherian
|-damage|p1a: landorustherian|0 fnt
|faint|p1a: landorustherian
|
|upkeep
|
|t:|1661452512
|switch|p1a: Weavile|Weavile, M|100/100
|-ability|p1a: Weavile|Pressure
|turn|25
|
|t:|1661452523
|move|p2a: Dragapult|Shadow Ball|p1a: Weavile
|-resisted|p1a: Weavile
|-crit|p1a: Weavile
|-damage|p1a: Weavile|50/100
|move|p1a: Weavile|Triple Axel|p2a: Dragapult
|-supereffective|p2a: Dragapult
|-damage|p2a: Dragapult|62/100
|-supereffective|p2a: Dragapult
|-damage|p2a: Dragapult|0 fnt
|faint|p2a: Dragapult
|-hitcount|p2: Dragapult|2
|
|upkeep
|
|t:|1661452524
|switch|p2a: Tapu Lele|Tapu Lele|100/100
|-fieldstart|move: Psychic Terrain|[from] ability: Psychic Surge|[of] p2a: Tapu Lele
|turn|26
|
|t:|1661452526
|switch|p1a: Heatran|Heatran, M|13/100
|move|p2a: Tapu Lele|Moonblast|p1a: Heatran
|-resisted|p1a: Heatran
|-damage|p1a: Heatran|1/100
|
|upkeep
|turn|27
|
|t:|1661452528
|move|p2a: Tapu Lele|Moonblast|p1a: Heatran
|-resisted|p1a: Heatran
|-damage|p1a: Heatran|0 fnt
|faint|p1a: Heatran
|
|upkeep
|
|t:|1661452528
|switch|p1a: Tangrowth|Tangrowth, M|60/100
|turn|28
|
|t:|1661452530
|switch|p1a: rotomwash|Rotom-Wash|20/100
|move|p2a: Tapu Lele|Moonblast|p1a: rotomwash
|-damage|p1a: rotomwash|0 fnt
|faint|p1a: rotomwash
|
|upkeep
|
|t:|1661452530
|switch|p1a: Tangrowth|Tangrowth, M|93/100
|turn|29
|
|t:|1661452531
|move|p2a: Tapu Lele|Moonblast|p1a: Tangrowth
|-damage|p1a: Tangrowth|25/100
|move|p1a: Tangrowth|Giga Drain|p2a: Tapu Lele
|-crit|p2a: Tapu Lele
|-damage|p2a: Tapu Lele|54/100
|-heal|p1a: Tangrowth|42/100|[from] drain|[of] p2a: Tapu Lele
|
|upkeep
|turn|30
|
|t:|1661452533
|switch|p1a: Weavile|Weavile, M|50/100
|-ability|p1a: Weavile|Pressure
|move|p2a: Tapu Lele|Moonblast|p1a: Weavile
|-supereffective|p1a: Weavile
|-damage|p1a: Weavile|0 fnt
|faint|p1a: Weavile
|
|-fieldend|move: Psychic Terrain
|upkeep
|
|t:|1661452533
|switch|p1a: Tangrowth|Tangrowth, M|75/100
|turn|31
|
|t:|1661452535
|move|p2a: Tapu Lele|Moonblast|p1a: Tangrowth
|-damage|p1a: Tangrowth|2/100
|-unboost|p1a: Tangrowth|spa|1
|move|p1a: Tangrowth|Knock Off|p2a: Tapu Lele
|-damage|p2a: Tapu Lele|22/100
|-enditem|p2a: Tapu Lele|Choice Scarf|[from] move: Knock Off|[of] p1a: Tangrowth
|
|upkeep
|turn|32
|
|t:|1661452537
|move|p2a: Tapu Lele|Moonblast|p1a: Tangrowth
|-damage|p1a: Tangrowth|0 fnt
|faint|p1a: Tangrowth
|
|win|CoconutCrabs
|raw|minimax_ai's rating: 1586 &rarr; <strong>1571</strong><br />(-15 for losing)
|raw|CoconutCrabs's rating: 1668 &rarr; <strong>1683</strong><br />(+15 for winning)
|c|☆minimax_ai|gg
