|j|☆ThedebatableReaper
|j|☆idiorithmos
|t:|1605134447
|player|p1|ThedebatableReaper|steven|1763
|player|p2|idiorithmos|101|1722
|teamsize|p1|6
|teamsize|p2|6
|gametype|singles
|gen|8
|tier|[Gen 8] OU
|rated|
|clearpoke
|poke|p1|Latios, M|
|poke|p1|Urshifu-*, M|
|poke|p1|Heatran, M|
|poke|p1|Tapu Fini|
|poke|p1|Zapdos-Galar|
|poke|p1|Nidoking, M|
|poke|p2|Pheromosa|
|poke|p2|Ferrothorn, F|
|poke|p2|Zygarde|
|poke|p2|Zapdos|
|poke|p2|Spectrier|
|poke|p2|Urshifu-*, F|
|rule|Sleep Clause Mod: Limit one foe put to sleep
|rule|Species Clause: Limit one of each Pokémon
|rule|OHKO Clause: OHKO moves are banned
|rule|Evasion Moves Clause: Evasion moves are banned
|rule|Endless Battle Clause: Forcing endless battles is banned
|rule|HP Percentage Mod: HP is shown in percentages
|rule|Dynamax Clause: You cannot dynamax
|teampreview
|j| Karavis
|inactive|Battle timer is ON: inactive players will automatically lose when time's up. (requested by idiorithmos)
|
|t:|1605134464
|start
|switch|p1a: Nidoking|Nidoking, M|100/100
|switch|p2a: Pheromosa|Pheromosa|100/100
|turn|1
|
|t:|1605134469
|switch|p1a: Tapu Fini|Tapu Fini, shiny|100/100
|-fieldstart|move: Misty Terrain|[from] ability: Misty Surge|[of] p1a: Tapu Fini
|move|p2a: Pheromosa|U-turn|p1a: Tapu Fini
|-resisted|p1a: Tapu Fini
|-damage|p1a: Tapu Fini|86/100
|
|t:|1605134475
|switch|p2a: Ferrothorn|Ferrothorn, F|100/100|[from]move: U-turn
|
|-heal|p1a: Tapu Fini|92/100|[from] item: Leftovers
|upkeep
|turn|2
|j| erhfbeufbherhfb
|
|t:|1605134480
|switch|p1a: Urshifu|Urshifu, M|100/100
|move|p2a: Ferrothorn|Stealth Rock|p1a: Urshifu
|-sidestart|p1: ThedebatableReaper|move: Stealth Rock
|
|upkeep
|turn|3
|
|t:|1605134487
|switch|p2a: Zapdos|Zapdos|100/100
|move|p1a: Urshifu|Wicked Blow|p2a: Zapdos
|-crit|p2a: Zapdos
|-damage|p2a: Zapdos|39/100
|-damage|p1a: Urshifu|91/100|[from] item: Life Orb
|
|upkeep
|turn|4
|j| C4T N0IR 2
|j| JoeLaBringue
|
|t:|1605134508
|move|p1a: Urshifu|Wicked Blow|p2a: Zapdos
|-crit|p2a: Zapdos
|-damage|p2a: Zapdos|0 fnt
|-damage|p1a: Urshifu|81/100|[from] item: Life Orb
|faint|p2a: Zapdos
|
|upkeep
|
|t:|1605134512
|switch|p2a: Pheromosa|Pheromosa|100/100
|turn|5
|l| JoeLaBringue
|
|t:|1605134518
|switch|p1a: Tapu Fini|Tapu Fini, shiny|92/100
|-damage|p1a: Tapu Fini|80/100|[from] Stealth Rock
|move|p2a: Pheromosa|U-turn|p1a: Tapu Fini
|-resisted|p1a: Tapu Fini
|-damage|p1a: Tapu Fini|66/100
|
|t:|1605134523
|switch|p2a: Ferrothorn|Ferrothorn, F|100/100|[from]move: U-turn
|
|-heal|p1a: Tapu Fini|72/100|[from] item: Leftovers
|-fieldend|Misty Terrain
|upkeep
|turn|6
|
|t:|1605134529
|move|p1a: Tapu Fini|Defog|p2a: Ferrothorn
|-unboost|p2a: Ferrothorn|evasion|1
|-sideend|p1: ThedebatableReaper|Stealth Rock|[from] move: Defog|[of] p1a: Tapu Fini
|move|p2a: Ferrothorn|Leech Seed|p1a: Tapu Fini
|-start|p1a: Tapu Fini|move: Leech Seed
|
|-heal|p1a: Tapu Fini|78/100|[from] item: Leftovers
|-damage|p1a: Tapu Fini|66/100|[from] Leech Seed|[of] p2a: Ferrothorn
|upkeep
|turn|7
|
|t:|1605134537
|switch|p1a: Urshifu|Urshifu, M|81/100
|move|p2a: Ferrothorn|Leech Seed|p1a: Urshifu
|-start|p1a: Urshifu|move: Leech Seed
|
|-damage|p1a: Urshifu|68/100|[from] Leech Seed|[of] p2a: Ferrothorn
|upkeep
|turn|8
|j| I'M AT MY LIMIT!
|
|t:|1605134552
|switch|p1a: Heatran|Heatran, M|100/100
|move|p2a: Ferrothorn|Stealth Rock|p1a: Heatran
|-sidestart|p1: ThedebatableReaper|move: Stealth Rock
|
|upkeep
|turn|9
|
|t:|1605134557
|switch|p2a: Zygarde|Zygarde|100/100
|-ability|p2a: Zygarde|Aura Break
|move|p1a: Heatran|Stealth Rock|p2a: Zygarde
|-sidestart|p2: idiorithmos|move: Stealth Rock
|
|upkeep
|turn|10
|
|t:|1605134565
|switch|p1a: Tapu Fini|Tapu Fini, shiny|66/100
|-damage|p1a: Tapu Fini|53/100|[from] Stealth Rock
|-fieldstart|move: Misty Terrain|[from] ability: Misty Surge|[of] p1a: Tapu Fini
|move|p2a: Zygarde|Thousand Arrows|p1a: Tapu Fini
|-damage|p1a: Tapu Fini|27/100
|
|-heal|p1a: Tapu Fini|33/100|[from] item: Leftovers
|upkeep
|turn|11
|
|t:|1605134578
|switch|p2a: Ferrothorn|Ferrothorn, F|100/100
|-damage|p2a: Ferrothorn|94/100|[from] Stealth Rock
|switch|p1a: Urshifu|Urshifu, M|68/100
|-damage|p1a: Urshifu|62/100|[from] Stealth Rock
|
|-heal|p2a: Ferrothorn|100/100|[from] item: Leftovers
|upkeep
|turn|12
|l| I'M AT MY LIMIT!
|
|t:|1605134587
|switch|p2a: Zygarde|Zygarde|100/100
|-damage|p2a: Zygarde|94/100|[from] Stealth Rock
|-ability|p2a: Zygarde|Aura Break
|move|p1a: Urshifu|Close Combat|p2a: Zygarde
|-damage|p2a: Zygarde|36/100
|-unboost|p1a: Urshifu|def|1
|-unboost|p1a: Urshifu|spd|1
|-damage|p1a: Urshifu|52/100|[from] item: Life Orb
|
|-heal|p2a: Zygarde|42/100|[from] item: Leftovers
|upkeep
|turn|13
|
|t:|1605134599
|move|p1a: Urshifu|Wicked Blow|p2a: Zygarde
|-crit|p2a: Zygarde
|-damage|p2a: Zygarde|0 fnt
|-damage|p1a: Urshifu|42/100|[from] item: Life Orb
|faint|p2a: Zygarde
|
|upkeep
|
|t:|1605134605
|switch|p2a: Pheromosa|Pheromosa|100/100
|-damage|p2a: Pheromosa|88/100|[from] Stealth Rock
|turn|14
|
|t:|1605134614
|switch|p1a: Tapu Fini|Tapu Fini, shiny|33/100
|-damage|p1a: Tapu Fini|20/100|[from] Stealth Rock
|move|p2a: Pheromosa|U-turn|p1a: Tapu Fini
|-resisted|p1a: Tapu Fini
|-damage|p1a: Tapu Fini|6/100
|
|t:|1605134620
|switch|p2a: Spectrier|Spectrier|100/100|[from]move: U-turn
|-damage|p2a: Spectrier|88/100|[from] Stealth Rock
|
|-heal|p1a: Tapu Fini|12/100|[from] item: Leftovers
|-fieldend|Misty Terrain
|upkeep
|turn|15
|j| Zrnv
|
|t:|1605134627
|move|p2a: Spectrier|Shadow Ball|p1a: Tapu Fini
|-damage|p1a: Tapu Fini|0 fnt
|faint|p1a: Tapu Fini
|-ability|p2a: Spectrier|Grim Neigh|boost
|-boost|p2a: Spectrier|spa|1
|
|upkeep
|
|t:|1605134633
|switch|p1a: Urshifu|Urshifu, M|42/100
|-damage|p1a: Urshifu|36/100|[from] Stealth Rock
|turn|16
|
|t:|1605134637
|switch|p2a: Urshifu|Urshifu, F|100/100
|-damage|p2a: Urshifu|94/100|[from] Stealth Rock
|move|p1a: Urshifu|Sucker Punch||[still]
|-fail|p1a: Urshifu
|
|upkeep
|turn|17
|
|t:|1605134643
|switch|p1a: Zapdos|Zapdos-Galar|100/100
|-damage|p1a: Zapdos|88/100|[from] Stealth Rock
|move|p2a: Urshifu|Close Combat|p1a: Zapdos
|-resisted|p1a: Zapdos
|-damage|p1a: Zapdos|49/100
|-unboost|p2a: Urshifu|def|1
|-unboost|p2a: Urshifu|spd|1
|
|upkeep
|turn|18
|l| Zrnv
|
|t:|1605134661
|move|p1a: Zapdos|Close Combat|p2a: Urshifu
|-supereffective|p2a: Urshifu
|-damage|p2a: Urshifu|0 fnt
|-unboost|p1a: Zapdos|def|1
|-unboost|p1a: Zapdos|spd|1
|faint|p2a: Urshifu
|
|upkeep
|
|t:|1605134675
|switch|p2a: Spectrier|Spectrier|88/100
|-damage|p2a: Spectrier|76/100|[from] Stealth Rock
|turn|19
|
|t:|1605134689
|switch|p1a: Nidoking|Nidoking, M|100/100
|-damage|p1a: Nidoking|95/100|[from] Stealth Rock
|move|p2a: Spectrier|Shadow Ball|p1a: Nidoking
|-damage|p1a: Nidoking|29/100
|
|upkeep
|turn|20
|
|t:|1605134700
|move|p2a: Spectrier|Shadow Ball|p1a: Nidoking
|-damage|p1a: Nidoking|0 fnt
|faint|p1a: Nidoking
|-ability|p2a: Spectrier|Grim Neigh|boost
|-boost|p2a: Spectrier|spa|1
|
|upkeep
|inactive|ThedebatableReaper has 120 seconds left.
|
|t:|1605134741
|switch|p1a: Urshifu|Urshifu, M|36/100
|-damage|p1a: Urshifu|30/100|[from] Stealth Rock
|turn|21
|
|t:|1605134746
|switch|p2a: Ferrothorn|Ferrothorn, F|100/100
|-damage|p2a: Ferrothorn|94/100|[from] Stealth Rock
|move|p1a: Urshifu|Sucker Punch||[still]
|-fail|p1a: Urshifu
|
|-heal|p2a: Ferrothorn|100/100|[from] item: Leftovers
|upkeep
|turn|22
|
|t:|1605134757
|switch|p1a: Latios|Latios, M|100/100
|-damage|p1a: Latios|88/100|[from] Stealth Rock
|move|p2a: Ferrothorn|Leech Seed|p1a: Latios
|-start|p1a: Latios|move: Leech Seed
|
|-damage|p1a: Latios|76/100|[from] Leech Seed|[of] p2a: Ferrothorn
|upkeep
|turn|23
|inactive|ThedebatableReaper has 120 seconds left.
|
|t:|1605134765
|move|p1a: Latios|Mystical Fire|p2a: Ferrothorn
|-supereffective|p2a: Ferrothorn
|-crit|p2a: Ferrothorn
|-damage|p2a: Ferrothorn|0 fnt
|faint|p2a: Ferrothorn
|
|upkeep
|
|t:|1605134770
|switch|p2a: Spectrier|Spectrier|76/100
|-damage|p2a: Spectrier|64/100|[from] Stealth Rock
|turn|24
|
|t:|1605134775
|move|p2a: Spectrier|Shadow Ball|p1a: Latios
|-supereffective|p1a: Latios
|-damage|p1a: Latios|0 fnt
|faint|p1a: Latios
|-ability|p2a: Spectrier|Grim Neigh|boost
|-boost|p2a: Spectrier|spa|1
|
|upkeep
|
|t:|1605134781
|switch|p1a: Urshifu|Urshifu, M|30/100
|-damage|p1a: Urshifu|24/100|[from] Stealth Rock
|turn|25
|
|t:|1605134785
|switch|p2a: Pheromosa|Pheromosa|88/100
|-damage|p2a: Pheromosa|76/100|[from] Stealth Rock
|move|p1a: Urshifu|Sucker Punch||[still]
|-fail|p1a: Urshifu
|
|upkeep
|turn|26
|
|t:|1605134796
|switch|p1a: Zapdos|Zapdos-Galar|49/100
|-damage|p1a: Zapdos|36/100|[from] Stealth Rock
|move|p2a: Pheromosa|U-turn|p1a: Zapdos
|-resisted|p1a: Zapdos
|-damage|p1a: Zapdos|25/100
|
|t:|1605134799
|switch|p2a: Spectrier|Spectrier|64/100|[from]move: U-turn
|-damage|p2a: Spectrier|51/100|[from] Stealth Rock
|
|upkeep
|turn|27
|inactive|ThedebatableReaper has 120 seconds left.
|
|t:|1605134835
|move|p2a: Spectrier|Shadow Ball|p1a: Zapdos
|-damage|p1a: Zapdos|0 fnt
|faint|p1a: Zapdos
|-ability|p2a: Spectrier|Grim Neigh|boost
|-boost|p2a: Spectrier|spa|1
|
|upkeep
|
|t:|1605134841
|switch|p1a: Urshifu|Urshifu, M|24/100
|-damage|p1a: Urshifu|18/100|[from] Stealth Rock
|turn|28
|
|t:|1605134854
|move|p1a: Urshifu|Sucker Punch|p2a: Spectrier
|-supereffective|p2a: Spectrier
|-damage|p2a: Spectrier|0 fnt
|-damage|p1a: Urshifu|8/100|[from] item: Life Orb
|faint|p2a: Spectrier
|
|upkeep
|
|t:|1605134856
|switch|p2a: Pheromosa|Pheromosa|76/100
|-damage|p2a: Pheromosa|63/100|[from] Stealth Rock
|turn|29
|
|t:|1605134863
|switch|p1a: Heatran|Heatran, M|100/100
|-damage|p1a: Heatran|88/100|[from] Stealth Rock
|move|p2a: Pheromosa|Close Combat|p1a: Heatran
|-supereffective|p1a: Heatran
|-damage|p1a: Heatran|0 fnt
|-unboost|p2a: Pheromosa|def|1
|-unboost|p2a: Pheromosa|spd|1
|faint|p1a: Heatran
|-ability|p2a: Pheromosa|Beast Boost|boost
|-boost|p2a: Pheromosa|atk|1
|
|upkeep
|
|t:|1605134873
|switch|p1a: Urshifu|Urshifu, M|8/100
|-damage|p1a: Urshifu|1/100|[from] Stealth Rock
|turn|30
|
|t:|1605134877
|move|p1a: Urshifu|Sucker Punch|p2a: Pheromosa
|-resisted|p2a: Pheromosa
|-damage|p2a: Pheromosa|0 fnt
|-damage|p1a: Urshifu|0 fnt|[from] item: Life Orb
|faint|p2a: Pheromosa
|faint|p1a: Urshifu
|
|win|ThedebatableReaper
|c|☆ThedebatableReaper|gg
|l| C4T N0IR 2
|c|☆idiorithmos|gg
|l| Karavis
||Ladder (probably) updated, but score could not be retrieved (Request timeout).
