|j|☆ZacBouh
|j|☆Mutako Z
|t:|1653241036
|gametype|singles
|player|p1|ZacBouh|red|1530
|player|p2|Mutako Z|cynthia-gen4|1557
|teamsize|p1|6
|teamsize|p2|6
|gen|8
|tier|[Gen 8] OU
|rated|
|rule|Sleep Clause Mod: Limit one foe put to sleep
|rule|Species Clause: Limit one of each Pokémon
|rule|OHKO Clause: OHKO moves are banned
|rule|Evasion Moves Clause: Evasion moves are banned
|rule|Endless Battle Clause: Forcing endless battles is banned
|rule|HP Percentage Mod: HP is shown in percentages
|rule|Dynamax Clause: You cannot dynamax
|clearpoke
|poke|p1|Weavile, M|
|poke|p1|Landorus-Therian, M|
|poke|p1|Kartana|
|poke|p1|Slowbro, F|
|poke|p1|Ferrothorn, M|
|poke|p1|Tyranitar, F|
|poke|p2|Hippowdon, F|
|poke|p2|Tapu Lele|
|poke|p2|Excadrill, M|
|poke|p2|Dracozolt|
|poke|p2|Zapdos|
|poke|p2|Quagsire, F|
|teampreview
|
|t:|1653241045
|start
|switch|p1a: Weavile|Weavile, M|100/100
|switch|p2a: Quagsire|Quagsire, F|100/100
|-ability|p1a: Weavile|Pressure
|turn|1
|
|t:|1653241052
|move|p1a: Weavile|Beat Up|p2a: Quagsire
|-damage|p2a: Quagsire|90/100
|-damage|p2a: Quagsire|79/100
|-crit|p2a: Quagsire
|-damage|p2a: Quagsire|58/100
|-damage|p2a: Quagsire|50/100
|-damage|p2a: Quagsire|43/100
|-damage|p2a: Quagsire|32/100
|-hitcount|p2a: Quagsire|6
|move|p2a: Quagsire|Scald|p1a: Weavile
|-damage|p1a: Weavile|76/100
|
|-heal|p2a: Quagsire|39/100|[from] item: Leftovers
|upkeep
|turn|2
|
|t:|1653241064
|switch|p2a: Zapdos|Zapdos|100/100
|move|p1a: Weavile|Beat Up|p2a: Zapdos
|-crit|p2a: Zapdos
|-damage|p2a: Zapdos|79/100
|-damage|p2a: Zapdos|63/100
|-crit|p2a: Zapdos
|-damage|p2a: Zapdos|32/100
|-damage|p2a: Zapdos|22/100
|-damage|p2a: Zapdos|11/100
|-damage|p2a: Zapdos|0 fnt
|faint|p2a: Zapdos
|-hitcount|p2: Zapdos|6
|
|upkeep
|
|t:|1653241077
|switch|p2a: Excadrill|Excadrill, M|100/100
|turn|3
|
|t:|1653241080
|move|p1a: Weavile|Beat Up|p2a: Excadrill
|-damage|p2a: Excadrill|80/100
|-damage|p2a: Excadrill|57/100
|-damage|p2a: Excadrill|30/100
|-damage|p2a: Excadrill|16/100
|-damage|p2a: Excadrill|0 fnt
|faint|p2a: Excadrill
|-hitcount|p2: Excadrill|5
|
|upkeep
|
|t:|1653241088
|switch|p2a: Tapu Lele|Tapu Lele|100/100
|-fieldstart|move: Psychic Terrain|[from] ability: Psychic Surge|[of] p2a: Tapu Lele
|turn|4
|
|t:|1653241096
|switch|p2a: Dracozolt|Dracozolt|100/100
|move|p1a: Weavile|Beat Up|p2a: Dracozolt
|-damage|p2a: Dracozolt|83/100
|-damage|p2a: Dracozolt|67/100
|-damage|p2a: Dracozolt|44/100
|-damage|p2a: Dracozolt|32/100
|-damage|p2a: Dracozolt|18/100
|-damage|p2a: Dracozolt|1/100
|-hitcount|p2a: Dracozolt|6
|
|upkeep
|turn|5
|-message|Mutako Z forfeited.
|
|win|ZacBouh
|raw|ZacBouh's rating: 1530 &rarr; <strong>1552</strong><br />(+22 for winning)
|raw|Mutako Z's rating: 1557 &rarr; <strong>1535</strong><br />(-22 for losing)
|l|☆Mutako Z
