|j|☆TheonReekGreyjoy
|j|☆trash ou team
|t:|1650439905
|gametype|singles
|player|p1|TheonReekGreyjoy|2|1806
|player|p2|trash ou team|youngster|1761
|teamsize|p1|6
|teamsize|p2|6
|gen|8
|tier|[Gen 8] OU
|rated|
|rule|Sleep Clause Mod: Limit one foe put to sleep
|rule|Species Clause: Limit one of each Pokémon
|rule|OHKO Clause: OHKO moves are banned
|rule|Evasion Moves Clause: Evasion moves are banned
|rule|Endless Battle Clause: Forcing endless battles is banned
|rule|HP Percentage Mod: HP is shown in percentages
|rule|Dynamax Clause: You cannot dynamax
|clearpoke
|poke|p1|Hatterene, F|
|poke|p1|Tornadus-Therian, M|
|poke|p1|Vanilluxe, M|
|poke|p1|Heatran, F|
|poke|p1|Arctozolt|
|poke|p1|Landorus-Therian, M|
|poke|p2|Mamoswine, M|
|poke|p2|Xatu, M|
|poke|p2|Corviknight, F|
|poke|p2|Volcanion|
|poke|p2|Tapu Lele|
|poke|p2|Zapdos|
|teampreview
|inactive|Battle timer is ON: inactive players will automatically lose when time's up. (requested by trash ou team)
|j| liet32120
|inactive|TheonReekGreyjoy has 120 seconds left.
|
|t:|1650439963
|start
|switch|p1a: Tornadus|Tornadus-Therian, M|100/100
|switch|p2a: Volcanion|Volcanion|100/100
|turn|1
|j| disliked
|
|t:|1650439975
|move|p1a: Tornadus|Knock Off|p2a: Volcanion
|-damage|p2a: Volcanion|80/100
|-enditem|p2a: Volcanion|Choice Specs|[from] move: Knock Off|[of] p1a: Tornadus
|move|p2a: Volcanion|Steam Eruption|p1a: Tornadus
|-damage|p1a: Tornadus|57/100
|
|upkeep
|turn|2
|
|t:|1650439983
|move|p1a: Tornadus|Hurricane|p2a: Volcanion
|-damage|p2a: Volcanion|25/100
|move|p2a: Volcanion|Steam Eruption|p1a: Tornadus
|-damage|p1a: Tornadus|12/100
|-status|p1a: Tornadus|brn
|
|-damage|p1a: Tornadus|5/100 brn|[from] brn
|upkeep
|turn|3
|
|t:|1650440001
|switch|p1a: Hatterene|Hatterene, F|100/100
|move|p2a: Volcanion|Steam Eruption|p1a: Hatterene
|-damage|p1a: Hatterene|40/100
|
|-heal|p1a: Hatterene|46/100|[from] item: Leftovers
|upkeep
|turn|4
|
|t:|1650440012
|switch|p1a: Vanilluxe|Vanilluxe, M|100/100
|-weather|Hail|[from] ability: Snow Warning|[of] p1a: Vanilluxe
|move|p2a: Volcanion|Steam Eruption|p1a: Vanilluxe
|-damage|p1a: Vanilluxe|25/100
|
|-weather|Hail|[upkeep]
|-damage|p2a: Volcanion|19/100|[from] Hail
|upkeep
|turn|5
|
|t:|1650440021
|switch|p1a: Hatterene|Hatterene, F|46/100
|switch|p2a: Mamoswine|Mamoswine, M|100/100
|
|-weather|Hail|[upkeep]
|-damage|p1a: Hatterene|40/100|[from] Hail
|-heal|p1a: Hatterene|46/100|[from] item: Leftovers
|upkeep
|turn|6
|
|t:|1650440047
|move|p2a: Mamoswine|Earthquake|p1a: Hatterene
|-damage|p1a: Hatterene|0 fnt
|faint|p1a: Hatterene
|
|-weather|Hail|[upkeep]
|upkeep
|
|t:|1650440056
|switch|p1a: Landorus|Landorus-Therian, M|100/100
|-ability|p1a: Landorus|Intimidate|boost
|-unboost|p2a: Mamoswine|atk|1
|turn|7
|
|t:|1650440061
|switch|p1a: Arctozolt|Arctozolt|100/100
|move|p2a: Mamoswine|Ice Shard|p1a: Arctozolt
|-resisted|p1a: Arctozolt
|-damage|p1a: Arctozolt|92/100
|
|-weather|Hail|[upkeep]
|upkeep
|turn|8
|
|t:|1650440072
|move|p1a: Arctozolt|Low Kick|p2a: Mamoswine
|-supereffective|p2a: Mamoswine
|-damage|p2a: Mamoswine|21/100
|move|p2a: Mamoswine|Earthquake|p1a: Arctozolt
|-supereffective|p1a: Arctozolt
|-damage|p1a: Arctozolt|7/100
|
|-weather|none
|upkeep
|turn|9
|
|t:|1650440084
|switch|p1a: Heatran|Heatran, F|100/100
|move|p2a: Mamoswine|Ice Shard|p1a: Heatran
|-resisted|p1a: Heatran
|-damage|p1a: Heatran|98/100
|
|-heal|p1a: Heatran|100/100|[from] item: Leftovers
|upkeep
|turn|10
|
|t:|1650440091
|switch|p2a: Xatu|Xatu, M|100/100
|switch|p1a: Landorus|Landorus-Therian, M|100/100
|-ability|p1a: Landorus|Intimidate|boost
|-unboost|p2a: Xatu|atk|1
|
|upkeep
|turn|11
|
|t:|1650440101
|switch|p2a: Corviknight|Corviknight, F|100/100
|-ability|p2a: Corviknight|Pressure
|switch|p1a: Tornadus|Tornadus-Therian, M|39/100 brn
|
|-damage|p1a: Tornadus|33/100 brn|[from] brn
|upkeep
|turn|12
|
|t:|1650440105
|move|p1a: Tornadus|U-turn|p2a: Corviknight
|-resisted|p2a: Corviknight
|-damage|p2a: Corviknight|99/100
|
|t:|1650440109
|switch|p1a: Heatran|Heatran, F|100/100|[from]move: U-turn
|move|p2a: Corviknight|U-turn|p1a: Heatran
|-resisted|p1a: Heatran
|-damage|p1a: Heatran|98/100
|
|t:|1650440115
|switch|p2a: Volcanion|Volcanion|19/100|[from]move: U-turn
|
|-heal|p1a: Heatran|100/100|[from] item: Leftovers
|upkeep
|turn|13
|
|t:|1650440124
|switch|p1a: Tornadus|Tornadus-Therian, M|66/100 brn
|move|p2a: Volcanion|Steam Eruption|p1a: Tornadus
|-damage|p1a: Tornadus|23/100 brn
|
|-damage|p1a: Tornadus|17/100 brn|[from] brn
|upkeep
|turn|14
|
|t:|1650440129
|switch|p2a: Zapdos|Zapdos|100/100
|move|p1a: Tornadus|Hurricane|p2a: Zapdos|[miss]
|-miss|p1a: Tornadus|p2a: Zapdos
|
|-damage|p1a: Tornadus|11/100 brn|[from] brn
|upkeep
|turn|15
|
|t:|1650440134
|move|p1a: Tornadus|U-turn|p2a: Zapdos
|-resisted|p2a: Zapdos
|-damage|p2a: Zapdos|96/100
|
|t:|1650440138
|switch|p1a: Landorus|Landorus-Therian, M|100/100|[from]move: U-turn
|-ability|p1a: Landorus|Intimidate|boost
|-unboost|p2a: Zapdos|atk|1
|move|p2a: Zapdos|Hurricane|p1a: Landorus
|-damage|p1a: Landorus|31/100
|
|-heal|p1a: Landorus|37/100|[from] item: Leftovers
|upkeep
|turn|16
|
|t:|1650440149
|switch|p1a: Heatran|Heatran, F|100/100
|move|p2a: Zapdos|Hurricane|p1a: Heatran|[miss]
|-miss|p2a: Zapdos|p1a: Heatran
|
|upkeep
|turn|17
|
|t:|1650440164
|switch|p2a: Xatu|Xatu, M|100/100
|move|p1a: Heatran|Lava Plume|p2a: Xatu
|-damage|p2a: Xatu|71/100
|
|-heal|p2a: Xatu|77/100|[from] item: Leftovers
|upkeep
|turn|18
|
|t:|1650440176
|switch|p1a: Vanilluxe|Vanilluxe, M|25/100
|-weather|Hail|[from] ability: Snow Warning|[of] p1a: Vanilluxe
|move|p2a: Xatu|Future Sight|p1a: Vanilluxe
|-start|p2a: Xatu|move: Future Sight
|
|-weather|Hail|[upkeep]
|-damage|p2a: Xatu|71/100|[from] Hail
|-heal|p2a: Xatu|77/100|[from] item: Leftovers
|upkeep
|turn|19
|
|t:|1650440184
|move|p1a: Vanilluxe|Blizzard|p2a: Xatu
|-supereffective|p2a: Xatu
|-damage|p2a: Xatu|0 fnt
|faint|p2a: Xatu
|
|-weather|Hail|[upkeep]
|upkeep
|j| funny mud pee
|
|t:|1650440192
|switch|p2a: Corviknight|Corviknight, F|99/100
|-ability|p2a: Corviknight|Pressure
|turn|20
|
|t:|1650440197
|switch|p1a: Heatran|Heatran, F|100/100
|move|p2a: Corviknight|U-turn|p1a: Heatran
|-resisted|p1a: Heatran
|-damage|p1a: Heatran|98/100
|
|t:|1650440202
|switch|p2a: Volcanion|Volcanion|19/100|[from]move: U-turn
|
|-weather|Hail|[upkeep]
|-damage|p2a: Volcanion|13/100|[from] Hail
|-damage|p1a: Heatran|91/100|[from] Hail
|-end|p1a: Heatran|move: Future Sight
|-resisted|p1a: Heatran
|-damage|p1a: Heatran|77/100
|-heal|p1a: Heatran|83/100|[from] item: Leftovers
|upkeep
|turn|21
|j| hdgsdrfsefs
|
|t:|1650440213
|move|p1a: Heatran|Protect|p1a: Heatran
|-singleturn|p1a: Heatran|Protect
|move|p2a: Volcanion|Steam Eruption|p1a: Heatran
|-activate|p1a: Heatran|move: Protect
|
|-weather|Hail|[upkeep]
|-damage|p2a: Volcanion|7/100|[from] Hail
|-damage|p1a: Heatran|77/100|[from] Hail
|-heal|p1a: Heatran|83/100|[from] item: Leftovers
|upkeep
|turn|22
|l| funny mud pee
|
|t:|1650440229
|switch|p1a: Landorus|Landorus-Therian, M|37/100
|-ability|p1a: Landorus|Intimidate|boost
|-unboost|p2a: Volcanion|atk|1
|move|p2a: Volcanion|Steam Eruption|p1a: Landorus
|-supereffective|p1a: Landorus
|-damage|p1a: Landorus|0 fnt
|faint|p1a: Landorus
|
|-weather|none
|upkeep
|
|t:|1650440242
|switch|p1a: Tornadus|Tornadus-Therian, M|45/100 brn
|turn|23
|inactive|TheonReekGreyjoy has 120 seconds left.
|j| NiteLite88
|l| NiteLite88
|j| Buried butterfly
|
|t:|1650440288
|switch|p2a: Corviknight|Corviknight, F|99/100
|-ability|p2a: Corviknight|Pressure
|move|p1a: Tornadus|Hurricane|p2a: Corviknight|[miss]
|-miss|p1a: Tornadus|p2a: Corviknight
|
|-heal|p2a: Corviknight|100/100|[from] item: Leftovers
|-damage|p1a: Tornadus|38/100 brn|[from] brn
|upkeep
|turn|24
|
|t:|1650440295
|move|p1a: Tornadus|U-turn|p2a: Corviknight
|-resisted|p2a: Corviknight
|-damage|p2a: Corviknight|99/100
|l| Buried butterfly
|
|t:|1650440298
|switch|p1a: Heatran|Heatran, F|83/100|[from]move: U-turn
|move|p2a: Corviknight|U-turn|p1a: Heatran
|-resisted|p1a: Heatran
|-damage|p1a: Heatran|80/100
|
|t:|1650440303
|switch|p2a: Volcanion|Volcanion|7/100|[from]move: U-turn
|
|-heal|p1a: Heatran|86/100|[from] item: Leftovers
|upkeep
|turn|25
|
|t:|1650440310
|switch|p2a: Zapdos|Zapdos|96/100
|move|p1a: Heatran|Protect||[still]
|-fail|p1a: Heatran
|
|-heal|p1a: Heatran|93/100|[from] item: Leftovers
|upkeep
|turn|26
|
|t:|1650440316
|move|p2a: Zapdos|Thunderbolt|p1a: Heatran
|-damage|p1a: Heatran|38/100
|move|p1a: Heatran|Stealth Rock|p2a: Zapdos
|-sidestart|p2: trash ou team|move: Stealth Rock
|
|-heal|p1a: Heatran|44/100|[from] item: Leftovers
|upkeep
|turn|27
|
|t:|1650440324
|move|p1a: Heatran|Protect|p1a: Heatran
|-singleturn|p1a: Heatran|Protect
|move|p2a: Zapdos|Thunderbolt|p1a: Heatran
|-activate|p1a: Heatran|move: Protect
|
|-heal|p1a: Heatran|50/100|[from] item: Leftovers
|upkeep
|turn|28
|
|t:|1650440340
|switch|p1a: Vanilluxe|Vanilluxe, M|25/100
|-weather|Hail|[from] ability: Snow Warning|[of] p1a: Vanilluxe
|move|p2a: Zapdos|Thunderbolt|p1a: Vanilluxe
|-damage|p1a: Vanilluxe|0 fnt
|faint|p1a: Vanilluxe
|
|-weather|Hail|[upkeep]
|-damage|p2a: Zapdos|90/100|[from] Hail
|upkeep
|
|t:|1650440343
|switch|p1a: Arctozolt|Arctozolt|7/100
|turn|29
|
|t:|1650440354
|move|p1a: Arctozolt|Blizzard|p2a: Zapdos
|-supereffective|p2a: Zapdos
|-damage|p2a: Zapdos|0 fnt
|faint|p2a: Zapdos
|
|-weather|Hail|[upkeep]
|upkeep
|
|t:|1650440358
|switch|p2a: Mamoswine|Mamoswine, M|21/100
|-damage|p2a: Mamoswine|9/100|[from] Stealth Rock
|turn|30
|
|t:|1650440371
|move|p2a: Mamoswine|Ice Shard|p1a: Arctozolt
|-resisted|p1a: Arctozolt
|-crit|p1a: Arctozolt
|-damage|p1a: Arctozolt|0 fnt
|faint|p1a: Arctozolt
|
|-weather|Hail|[upkeep]
|upkeep
|
|t:|1650440374
|switch|p1a: Tornadus|Tornadus-Therian, M|72/100 brn
|turn|31
|
|t:|1650440379
|move|p2a: Mamoswine|Ice Shard|p1a: Tornadus
|-supereffective|p1a: Tornadus
|-damage|p1a: Tornadus|25/100 brn
|move|p1a: Tornadus|U-turn|p2a: Mamoswine
|-damage|p2a: Mamoswine|1/100
|
|t:|1650440384
|switch|p1a: Heatran|Heatran, F|50/100|[from]move: U-turn
|
|-weather|Hail|[upkeep]
|-damage|p1a: Heatran|44/100|[from] Hail
|-heal|p1a: Heatran|50/100|[from] item: Leftovers
|upkeep
|turn|32
|-message|TheonReekGreyjoy forfeited.
|
|win|trash ou team
|raw|TheonReekGreyjoy's rating: 1806 &rarr; <strong>1784</strong><br />(-22 for losing)
|raw|trash ou team's rating: 1779 &rarr; <strong>1801</strong><br />(+22 for winning)
|l|☆TheonReekGreyjoy
