|j|☆yadyaksh yadav
|j|☆JooshP
|t:|1648204530
|gametype|singles
|player|p1|yadyaksh yadav|1|1457
|player|p2|JooshP|red|1495
|teamsize|p1|6
|teamsize|p2|6
|gen|8
|tier|[Gen 8] OU
|rated|
|rule|Sleep Clause Mod: Limit one foe put to sleep
|rule|Species Clause: Limit one of each Pokémon
|rule|OHKO Clause: OHKO moves are banned
|rule|Evasion Moves Clause: Evasion moves are banned
|rule|Endless Battle Clause: Forcing endless battles is banned
|rule|HP Percentage Mod: HP is shown in percentages
|rule|Dynamax Clause: You cannot dynamax
|clearpoke
|poke|p1|Heatran, M|
|poke|p1|Zapdos|
|poke|p1|Garchomp, F|
|poke|p1|Tapu Fini|
|poke|p1|Rillaboom, M|
|poke|p1|Tyranitar, M|
|poke|p2|Garchomp, F|
|poke|p2|Slowking, F|
|poke|p2|Blacephalon|
|poke|p2|Zapdos-Galar|
|poke|p2|Heatran, F|
|poke|p2|Ferrothorn, F|
|teampreview
|
|t:|1648204571
|start
|switch|p1a: Zapdos|Zapdos|100/100
|switch|p2a: Ferrothorn|Ferrothorn, F|100/100
|turn|1
|
|t:|1648204574
|move|p1a: Zapdos|Hurricane|p2a: Ferrothorn|[miss]
|-miss|p1a: Zapdos|p2a: Ferrothorn
|move|p2a: Ferrothorn|Leech Seed|p1a: Zapdos
|-start|p1a: Zapdos|move: Leech Seed
|
|-damage|p1a: Zapdos|88/100|[from] Leech Seed|[of] p2a: Ferrothorn
|upkeep
|turn|2
|
|t:|1648204579
|switch|p1a: Heatran|Heatran, M, shiny|100/100
|move|p2a: Ferrothorn|Knock Off|p1a: Heatran
|-damage|p1a: Heatran|78/100
|-enditem|p1a: Heatran|Leftovers|[from] move: Knock Off|[of] p2a: Ferrothorn
|
|upkeep
|turn|3
|
|t:|1648204588
|switch|p2a: Slowking|Slowking, F|100/100
|move|p1a: Heatran|Magma Storm|p2a: Slowking
|-resisted|p2a: Slowking
|-damage|p2a: Slowking|84/100
|-activate|p2a: Slowking|move: Magma Storm|[of] p1a: Heatran
|
|-damage|p2a: Slowking|72/100|[from] move: Magma Storm|[partiallytrapped]
|upkeep
|turn|4
|
|t:|1648204595
|move|p1a: Heatran|Taunt|p2a: Slowking
|-start|p2a: Slowking|move: Taunt
|move|p2a: Slowking|Scald|p1a: Heatran
|-supereffective|p1a: Heatran
|-crit|p1a: Heatran
|-damage|p1a: Heatran|0 fnt
|faint|p1a: Heatran
|
|-end|p2a: Slowking|Magma Storm|[partiallytrapped]|[silent]
|upkeep
|
|t:|1648204601
|switch|p1a: Rillaboom|Rillaboom, M|100/100
|-fieldstart|move: Grassy Terrain|[from] ability: Grassy Surge|[of] p1a: Rillaboom
|turn|5
|
|t:|1648204608
|switch|p2a: Zapdos|Zapdos-Galar|100/100
|move|p1a: Rillaboom|U-turn|p2a: Zapdos
|-resisted|p2a: Zapdos
|-damage|p2a: Zapdos|89/100
|
|t:|1648204614
|switch|p1a: Zapdos|Zapdos|88/100|[from]move: U-turn
|
|upkeep
|turn|6
|inactive|Battle timer is ON: inactive players will automatically lose when time's up. (requested by yadyaksh yadav)
|
|t:|1648204626
|switch|p2a: Heatran|Heatran, F|100/100
|move|p1a: Zapdos|Hurricane|p2a: Heatran
|-resisted|p2a: Heatran
|-damage|p2a: Heatran|85/100
|
|-heal|p2a: Heatran|92/100|[from] Grassy Terrain
|-heal|p2a: Heatran|98/100|[from] item: Leftovers
|upkeep
|turn|7
|
|t:|1648204635
|move|p1a: Zapdos|Hurricane|p2a: Heatran
|-resisted|p2a: Heatran
|-damage|p2a: Heatran|83/100
|move|p2a: Heatran|Toxic|p1a: Zapdos
|-status|p1a: Zapdos|tox
|
|-heal|p2a: Heatran|89/100|[from] Grassy Terrain
|-heal|p2a: Heatran|95/100|[from] item: Leftovers
|-damage|p1a: Zapdos|82/100 tox|[from] psn
|upkeep
|turn|8
|
|t:|1648204646
|move|p1a: Zapdos|Hurricane|p2a: Heatran
|-resisted|p2a: Heatran
|-damage|p2a: Heatran|80/100
|move|p2a: Heatran|Toxic|p1a: Zapdos
|-fail|p1a: Zapdos|tox
|
|-heal|p2a: Heatran|87/100|[from] Grassy Terrain
|-heal|p2a: Heatran|93/100|[from] item: Leftovers
|-damage|p1a: Zapdos|70/100 tox|[from] psn
|upkeep
|turn|9
|
|t:|1648204651
|move|p1a: Zapdos|Hurricane|p2a: Heatran
|-resisted|p2a: Heatran
|-damage|p2a: Heatran|77/100
|move|p2a: Heatran|Magma Storm|p1a: Zapdos
|-damage|p1a: Zapdos|25/100 tox
|-activate|p1a: Zapdos|move: Magma Storm|[of] p2a: Heatran
|
|-heal|p2a: Heatran|84/100|[from] Grassy Terrain
|-heal|p2a: Heatran|90/100|[from] item: Leftovers
|-damage|p1a: Zapdos|7/100 tox|[from] psn
|-damage|p1a: Zapdos|0 fnt|[from] move: Magma Storm|[partiallytrapped]
|faint|p1a: Zapdos
|-fieldend|move: Grassy Terrain
|upkeep
|
|t:|1648204655
|switch|p1a: Garchomp|Garchomp, F|100/100
|turn|10
|
|t:|1648204672
|switch|p2a: Ferrothorn|Ferrothorn, F|100/100
|move|p1a: Garchomp|Swords Dance|p1a: Garchomp
|-boost|p1a: Garchomp|atk|2
|
|upkeep
|turn|11
|
|t:|1648204676
|move|p1a: Garchomp|Fire Fang|p2a: Ferrothorn|[miss]
|-miss|p1a: Garchomp|p2a: Ferrothorn
|move|p2a: Ferrothorn|Leech Seed|p1a: Garchomp
|-start|p1a: Garchomp|move: Leech Seed
|
|-damage|p1a: Garchomp|88/100|[from] Leech Seed|[of] p2a: Ferrothorn
|upkeep
|turn|12
|
|t:|1648204679
|move|p1a: Garchomp|Fire Fang|p2a: Ferrothorn
|-supereffective|p2a: Ferrothorn
|-damage|p2a: Ferrothorn|0 fnt
|-damage|p1a: Garchomp|76/100|[from] ability: Iron Barbs|[of] p2a: Ferrothorn
|faint|p2a: Ferrothorn
|
|-heal|p1a: Garchomp|82/100|[from] item: Leftovers
|upkeep
|
|t:|1648204685
|switch|p2a: Zapdos|Zapdos-Galar|89/100
|turn|13
|
|t:|1648204688
|move|p2a: Zapdos|Close Combat|p1a: Garchomp
|-damage|p1a: Garchomp|18/100
|-unboost|p2a: Zapdos|def|1
|-unboost|p2a: Zapdos|spd|1
|-damage|p2a: Zapdos|77/100|[from] ability: Rough Skin|[of] p1a: Garchomp
|move|p1a: Garchomp|Scale Shot|p2a: Zapdos
|-damage|p2a: Zapdos|31/100
|-damage|p2a: Zapdos|0 fnt
|faint|p2a: Zapdos
|-hitcount|p2: Zapdos|2
|-unboost|p1a: Garchomp|def|1
|-boost|p1a: Garchomp|spe|1
|
|-heal|p1a: Garchomp|24/100|[from] item: Leftovers
|upkeep
|
|t:|1648204697
|switch|p2a: Slowking|Slowking, F|100/100
|turn|14
|
|t:|1648204701
|move|p1a: Garchomp|Earthquake|p2a: Slowking
|-damage|p2a: Slowking|0 fnt
|faint|p2a: Slowking
|
|-heal|p1a: Garchomp|30/100|[from] item: Leftovers
|upkeep
|
|t:|1648204706
|switch|p2a: Garchomp|Garchomp, F|100/100
|turn|15
|
|t:|1648204709
|move|p1a: Garchomp|Scale Shot|p2a: Garchomp
|-supereffective|p2a: Garchomp
|-damage|p2a: Garchomp|46/100
|-supereffective|p2a: Garchomp
|-damage|p2a: Garchomp|0 fnt
|faint|p2a: Garchomp
|-hitcount|p2: Garchomp|2
|-unboost|p1a: Garchomp|def|1
|-boost|p1a: Garchomp|spe|1
|
|-heal|p1a: Garchomp|37/100|[from] item: Leftovers
|upkeep
|l|☆JooshP
|inactive|JooshP disconnected and has a minute to reconnect!
|player|p2|
|c|☆yadyaksh yadav|gg
|inactive|JooshP has 30 seconds to reconnect!
|inactive|JooshP has 20 seconds to reconnect!
|inactive|JooshP has 15 seconds to reconnect!
|inactive|JooshP has 10 seconds to reconnect!
|inactive|JooshP has 5 seconds to reconnect!
|-message|JooshP lost due to inactivity.
|
|win|yadyaksh yadav
|raw|yadyaksh yadav's rating: 1457 &rarr; <strong>1479</strong><br />(+22 for winning)
|raw|JooshP's rating: 1495 &rarr; <strong>1473</strong><br />(-22 for losing)
