|j|☆gtytgrfedefr
|j|☆ElStefano
|t:|1654683870
|gametype|singles
|player|p1|gtytgrfedefr|blackbelt-gen4dp|1526
|player|p2|ElStefano|170|1581
|teamsize|p1|6
|teamsize|p2|6
|gen|8
|tier|[Gen 8] OU
|rated|
|rule|Sleep Clause Mod: Limit one foe put to sleep
|rule|Species Clause: Limit one of each Pokémon
|rule|OHKO Clause: OHKO moves are banned
|rule|Evasion Moves Clause: Evasion moves are banned
|rule|Endless Battle Clause: Forcing endless battles is banned
|rule|HP Percentage Mod: HP is shown in percentages
|rule|Dynamax Clause: You cannot dynamax
|clearpoke
|poke|p1|Blastoise, M|
|poke|p1|Barraskewda, F|
|poke|p1|Pelipper, F|
|poke|p1|Seismitoad, F|
|poke|p1|Tapu Lele|
|poke|p1|Cloyster, M|
|poke|p2|Reuniclus, M|
|poke|p2|Toxapex, F|
|poke|p2|Landorus-Therian, M|
|poke|p2|Hydreigon, F|
|poke|p2|Clefable, M|
|poke|p2|Ferrothorn, F|
|teampreview
|inactive|Battle timer is ON: inactive players will automatically lose when time's up. (requested by gtytgrfedefr)
|
|t:|1654683885
|start
|switch|p1a: Rio|Pelipper, F, shiny|100/100
|switch|p2a: Hydreigon|Hydreigon, F|100/100
|-weather|RainDance|[from] ability: Drizzle|[of] p1a: Rio
|turn|1
|
|t:|1654683889
|switch|p1a: Canned Calamari|Tapu Lele, shiny|100/100
|-fieldstart|move: Psychic Terrain|[from] ability: Psychic Surge|[of] p1a: Canned Calamari
|move|p2a: Hydreigon|Dark Pulse|p1a: Canned Calamari
|-damage|p1a: Canned Calamari|54/100
|
|-weather|RainDance|[upkeep]
|upkeep
|turn|2
|
|t:|1654683898
|switch|p2a: Reuniclus|Reuniclus, M, shiny|100/100
|move|p1a: Canned Calamari|Moonblast|p2a: Reuniclus
|-damage|p2a: Reuniclus|67/100
|
|-weather|RainDance|[upkeep]
|-heal|p2a: Reuniclus|73/100|[from] item: Leftovers
|upkeep
|turn|3
|
|t:|1654683904
|move|p1a: Canned Calamari|Thunder|p2a: Reuniclus
|-damage|p2a: Reuniclus|46/100
|move|p2a: Reuniclus|Recover|p2a: Reuniclus
|-heal|p2a: Reuniclus|96/100
|
|-weather|RainDance|[upkeep]
|-heal|p2a: Reuniclus|100/100|[from] item: Leftovers
|upkeep
|turn|4
|
|t:|1654683911
|move|p1a: Canned Calamari|Moonblast|p2a: Reuniclus
|-damage|p2a: Reuniclus|67/100
|-unboost|p2a: Reuniclus|spa|1
|move|p2a: Reuniclus|Calm Mind|p2a: Reuniclus
|-boost|p2a: Reuniclus|spa|1
|-boost|p2a: Reuniclus|spd|1
|
|-weather|RainDance|[upkeep]
|-heal|p2a: Reuniclus|73/100|[from] item: Leftovers
|upkeep
|turn|5
|
|t:|1654683923
|move|p1a: Canned Calamari|Thunder|p2a: Reuniclus
|-damage|p2a: Reuniclus|56/100
|move|p2a: Reuniclus|Stored Power|p1a: Canned Calamari
|-resisted|p1a: Canned Calamari
|-damage|p1a: Canned Calamari|44/100
|
|-weather|RainDance|[upkeep]
|-heal|p2a: Reuniclus|63/100|[from] item: Leftovers
|upkeep
|turn|6
|j| Chiwis Del Norte
|
|t:|1654683928
|move|p1a: Canned Calamari|Thunder|p2a: Reuniclus
|-damage|p2a: Reuniclus|44/100
|move|p2a: Reuniclus|Recover|p2a: Reuniclus
|-heal|p2a: Reuniclus|94/100
|
|-weather|RainDance|[upkeep]
|-heal|p2a: Reuniclus|100/100|[from] item: Leftovers
|upkeep
|turn|7
|
|t:|1654683933
|move|p1a: Canned Calamari|Thunder|p2a: Reuniclus
|-damage|p2a: Reuniclus|83/100
|move|p2a: Reuniclus|Calm Mind|p2a: Reuniclus
|-boost|p2a: Reuniclus|spa|1
|-boost|p2a: Reuniclus|spd|1
|
|-weather|RainDance|[upkeep]
|-heal|p2a: Reuniclus|89/100|[from] item: Leftovers
|upkeep
|turn|8
|
|t:|1654683941
|switch|p1a: Seismitoad|Seismitoad, F|100/100
|move|p2a: Reuniclus|Iron Defense|p2a: Reuniclus
|-boost|p2a: Reuniclus|def|2
|
|-weather|none
|-heal|p2a: Reuniclus|95/100|[from] item: Leftovers
|-fieldend|move: Psychic Terrain
|upkeep
|turn|9
|
|t:|1654683948
|move|p1a: Seismitoad|Stealth Rock|p2a: Reuniclus
|-sidestart|p2: ElStefano|move: Stealth Rock
|move|p2a: Reuniclus|Iron Defense|p2a: Reuniclus
|-boost|p2a: Reuniclus|def|2
|
|-heal|p2a: Reuniclus|100/100|[from] item: Leftovers
|upkeep
|turn|10
|
|t:|1654683955
|move|p1a: Seismitoad|Earthquake|p2a: Reuniclus
|-damage|p2a: Reuniclus|85/100
|move|p2a: Reuniclus|Calm Mind|p2a: Reuniclus
|-boost|p2a: Reuniclus|spa|1
|-boost|p2a: Reuniclus|spd|1
|
|-heal|p2a: Reuniclus|91/100|[from] item: Leftovers
|upkeep
|turn|11
|
|t:|1654683962
|move|p1a: Seismitoad|Earthquake|p2a: Reuniclus
|-damage|p2a: Reuniclus|75/100
|move|p2a: Reuniclus|Iron Defense|p2a: Reuniclus
|-boost|p2a: Reuniclus|def|2
|
|-heal|p2a: Reuniclus|81/100|[from] item: Leftovers
|upkeep
|turn|12
|
|t:|1654683964
|move|p1a: Seismitoad|Earthquake|p2a: Reuniclus
|-damage|p2a: Reuniclus|69/100
|move|p2a: Reuniclus|Calm Mind|p2a: Reuniclus
|-boost|p2a: Reuniclus|spa|1
|-boost|p2a: Reuniclus|spd|1
|
|-heal|p2a: Reuniclus|75/100|[from] item: Leftovers
|upkeep
|turn|13
|
|t:|1654683969
|move|p1a: Seismitoad|Earthquake|p2a: Reuniclus
|-damage|p2a: Reuniclus|63/100
|move|p2a: Reuniclus|Calm Mind|p2a: Reuniclus
|-boost|p2a: Reuniclus|spa|1
|-boost|p2a: Reuniclus|spd|1
|
|-heal|p2a: Reuniclus|70/100|[from] item: Leftovers
|upkeep
|turn|14
|
|t:|1654683974
|move|p1a: Seismitoad|Earthquake|p2a: Reuniclus
|-damage|p2a: Reuniclus|57/100
|move|p2a: Reuniclus|Calm Mind|p2a: Reuniclus
|-boost|p2a: Reuniclus|spa|1
|-boost|p2a: Reuniclus|spd|1
|
|-heal|p2a: Reuniclus|63/100|[from] item: Leftovers
|upkeep
|turn|15
|
|t:|1654683978
|move|p1a: Seismitoad|Earthquake|p2a: Reuniclus
|-damage|p2a: Reuniclus|52/100
|move|p2a: Reuniclus|Recover|p2a: Reuniclus
|-heal|p2a: Reuniclus|100/100
|
|upkeep
|turn|16
|
|t:|1654683987
|move|p1a: Seismitoad|Earthquake|p2a: Reuniclus
|-damage|p2a: Reuniclus|90/100
|move|p2a: Reuniclus|Stored Power|p1a: Seismitoad
|-enditem|p1a: Seismitoad|Focus Sash
|-damage|p1a: Seismitoad|1/100
|
|-heal|p2a: Reuniclus|96/100|[from] item: Leftovers
|upkeep
|turn|17
|
|t:|1654683995
|move|p1a: Seismitoad|Endeavor|p2a: Reuniclus
|-damage|p2a: Reuniclus|1/100
|move|p2a: Reuniclus|Recover|p2a: Reuniclus
|-heal|p2a: Reuniclus|51/100
|
|-heal|p2a: Reuniclus|57/100|[from] item: Leftovers
|upkeep
|turn|18
|
|t:|1654684003
|move|p1a: Seismitoad|Endeavor|p2a: Reuniclus
|-damage|p2a: Reuniclus|1/100
|move|p2a: Reuniclus|Recover|p2a: Reuniclus
|-heal|p2a: Reuniclus|51/100
|
|-heal|p2a: Reuniclus|57/100|[from] item: Leftovers
|upkeep
|turn|19
|
|t:|1654684013
|move|p1a: Seismitoad|Endeavor|p2a: Reuniclus
|-damage|p2a: Reuniclus|1/100
|move|p2a: Reuniclus|Recover|p2a: Reuniclus
|-heal|p2a: Reuniclus|51/100
|
|-heal|p2a: Reuniclus|57/100|[from] item: Leftovers
|upkeep
|turn|20
|
|t:|1654684018
|move|p1a: Seismitoad|Endeavor|p2a: Reuniclus
|-damage|p2a: Reuniclus|1/100
|move|p2a: Reuniclus|Recover|p2a: Reuniclus
|-heal|p2a: Reuniclus|51/100
|
|-heal|p2a: Reuniclus|57/100|[from] item: Leftovers
|upkeep
|turn|21
|
|t:|1654684024
|move|p1a: Seismitoad|Endeavor|p2a: Reuniclus
|-damage|p2a: Reuniclus|1/100
|move|p2a: Reuniclus|Recover|p2a: Reuniclus
|-heal|p2a: Reuniclus|51/100
|
|-heal|p2a: Reuniclus|57/100|[from] item: Leftovers
|upkeep
|turn|22
|
|t:|1654684031
|move|p1a: Seismitoad|Endeavor|p2a: Reuniclus
|-damage|p2a: Reuniclus|1/100
|move|p2a: Reuniclus|Recover|p2a: Reuniclus
|-heal|p2a: Reuniclus|51/100
|
|-heal|p2a: Reuniclus|57/100|[from] item: Leftovers
|upkeep
|turn|23
|
|t:|1654684035
|move|p1a: Seismitoad|Endeavor|p2a: Reuniclus
|-damage|p2a: Reuniclus|1/100
|move|p2a: Reuniclus|Recover|p2a: Reuniclus
|-heal|p2a: Reuniclus|51/100
|
|-heal|p2a: Reuniclus|57/100|[from] item: Leftovers
|upkeep
|turn|24
|
|t:|1654684039
|move|p1a: Seismitoad|Endeavor|p2a: Reuniclus
|-damage|p2a: Reuniclus|1/100
|move|p2a: Reuniclus|Recover|p2a: Reuniclus
|-heal|p2a: Reuniclus|51/100
|
|-heal|p2a: Reuniclus|57/100|[from] item: Leftovers
|upkeep
|turn|25
|
|t:|1654684052
|move|p1a: Seismitoad|Earthquake|p2a: Reuniclus
|-damage|p2a: Reuniclus|45/100
|move|p2a: Reuniclus|Recover|p2a: Reuniclus
|-heal|p2a: Reuniclus|95/100
|
|-heal|p2a: Reuniclus|100/100|[from] item: Leftovers
|upkeep
|turn|26
|
|t:|1654684056
|switch|p1a: Canned Calamari|Tapu Lele, shiny|44/100
|-fieldstart|move: Psychic Terrain|[from] ability: Psychic Surge|[of] p1a: Canned Calamari
|move|p2a: Reuniclus|Stored Power|p1a: Canned Calamari
|-resisted|p1a: Canned Calamari
|-damage|p1a: Canned Calamari|0 fnt
|faint|p1a: Canned Calamari
|
|upkeep
|
|t:|1654684062
|switch|p1a: John Wick|Blastoise, M, shiny|100/100
|turn|27
|
|t:|1654684066
|switch|p1a: Rio|Pelipper, F, shiny|100/100
|-weather|RainDance|[from] ability: Drizzle|[of] p1a: Rio
|move|p2a: Reuniclus|Stored Power|p1a: Rio
|-damage|p1a: Rio|0 fnt
|faint|p1a: Rio
|
|-weather|RainDance|[upkeep]
|upkeep
|
|t:|1654684077
|switch|p1a: John Wick|Blastoise, M, shiny|100/100
|turn|28
|
|t:|1654684081
|move|p1a: John Wick|Shell Smash|p1a: John Wick
|-unboost|p1a: John Wick|def|1
|-unboost|p1a: John Wick|spd|1
|-boost|p1a: John Wick|atk|2
|-boost|p1a: John Wick|spa|2
|-boost|p1a: John Wick|spe|2
|move|p2a: Reuniclus|Stored Power|p1a: John Wick
|-enditem|p1a: John Wick|Focus Sash
|-damage|p1a: John Wick|1/100
|
|-weather|RainDance|[upkeep]
|upkeep
|turn|29
|
|t:|1654684084
|move|p1a: John Wick|Weather Ball|p2a: Reuniclus
|-damage|p2a: Reuniclus|69/100
|move|p2a: Reuniclus|Stored Power|p1a: John Wick
|-damage|p1a: John Wick|0 fnt
|faint|p1a: John Wick
|
|-weather|RainDance|[upkeep]
|-heal|p2a: Reuniclus|75/100|[from] item: Leftovers
|upkeep
|
|t:|1654684089
|switch|p1a: Mega Ghastly|Cloyster, M, shiny|100/100
|turn|30
|
|t:|1654684093
|move|p1a: Mega Ghastly|Shell Smash|p1a: Mega Ghastly
|-unboost|p1a: Mega Ghastly|def|1
|-unboost|p1a: Mega Ghastly|spd|1
|-boost|p1a: Mega Ghastly|atk|2
|-boost|p1a: Mega Ghastly|spa|2
|-boost|p1a: Mega Ghastly|spe|2
|move|p2a: Reuniclus|Stored Power|p1a: Mega Ghastly
|-enditem|p1a: Mega Ghastly|Focus Sash
|-damage|p1a: Mega Ghastly|1/100
|
|-weather|RainDance|[upkeep]
|-heal|p2a: Reuniclus|82/100|[from] item: Leftovers
|upkeep
|turn|31
|
|t:|1654684097
|move|p1a: Mega Ghastly|Icicle Spear|p2a: Reuniclus
|-crit|p2a: Reuniclus
|-damage|p2a: Reuniclus|48/100
|-damage|p2a: Reuniclus|43/100
|-damage|p2a: Reuniclus|36/100
|-damage|p2a: Reuniclus|30/100
|-damage|p2a: Reuniclus|25/100
|-hitcount|p2a: Reuniclus|5
|move|p2a: Reuniclus|Recover|p2a: Reuniclus
|-heal|p2a: Reuniclus|75/100
|
|-weather|RainDance|[upkeep]
|-heal|p2a: Reuniclus|81/100|[from] item: Leftovers
|upkeep
|turn|32
|
|t:|1654684112
|move|p1a: Mega Ghastly|Icicle Spear|p2a: Reuniclus
|-damage|p2a: Reuniclus|75/100
|-damage|p2a: Reuniclus|69/100
|-damage|p2a: Reuniclus|64/100
|-damage|p2a: Reuniclus|58/100
|-damage|p2a: Reuniclus|52/100
|-hitcount|p2a: Reuniclus|5
|move|p2a: Reuniclus|Recover|p2a: Reuniclus
|-heal|p2a: Reuniclus|100/100
|
|-weather|RainDance|[upkeep]
|upkeep
|turn|33
|
|t:|1654684120
|move|p1a: Mega Ghastly|Icicle Spear|p2a: Reuniclus
|-damage|p2a: Reuniclus|94/100
|-damage|p2a: Reuniclus|88/100
|-damage|p2a: Reuniclus|82/100
|-damage|p2a: Reuniclus|76/100
|-damage|p2a: Reuniclus|70/100
|-hitcount|p2a: Reuniclus|5
|move|p2a: Reuniclus|Stored Power|p1a: Mega Ghastly
|-damage|p1a: Mega Ghastly|0 fnt
|faint|p1a: Mega Ghastly
|
|-weather|RainDance|[upkeep]
|-heal|p2a: Reuniclus|76/100|[from] item: Leftovers
|-fieldend|move: Psychic Terrain
|upkeep
|
|t:|1654684131
|switch|p1a: Seismitoad|Seismitoad, F|1/100
|turn|34
|-message|gtytgrfedefr forfeited.
|
|win|ElStefano
|raw|gtytgrfedefr's rating: 1526 &rarr; <strong>1509</strong><br />(-17 for losing)
|raw|ElStefano's rating: 1581 &rarr; <strong>1598</strong><br />(+17 for winning)
|l|☆gtytgrfedefr
|c|☆ElStefano|Gg
||Ladder isn't responding, score probably updated but might not have (Request timeout).
