|j|☆pinsengbulu
|j|☆ArcanineSquad
|t:|1599646215
|player|p1|pinsengbulu|red-gen7|1383
|player|p2|ArcanineSquad|cynthia-gen4|1439
|teamsize|p1|6
|teamsize|p2|6
|gametype|singles
|gen|8
|tier|[Gen 8] OU
|rated|
|clearpoke
|poke|p1|Arcanine, M|
|poke|p1|Snorlax, M|
|poke|p1|Froslass, F|
|poke|p1|Vikavolt, M|
|poke|p1|Azumarill, M|
|poke|p1|Skarmory, M|
|poke|p2|Excadrill, M|
|poke|p2|Torkoal, F|
|poke|p2|Venusaur, M|
|poke|p2|Charizard, M|
|poke|p2|Urshifu-*, M|
|poke|p2|Togekiss, F|
|rule|Sleep Clause Mod: Limit one foe put to sleep
|rule|Species Clause: Limit one of each Pokémon
|rule|OHKO Clause: OHKO moves are banned
|rule|Evasion Moves Clause: Evasion moves are banned
|rule|Endless Battle Clause: Forcing endless battles is banned
|rule|HP Percentage Mod: HP is shown in percentages
|rule|Dynamax Clause: You cannot dynamax
|teampreview
|inactive|Battle timer is ON: inactive players will automatically lose when time's up. (requested by pinsengbulu)
|
|t:|1599646228
|start
|switch|p1a: 小胖|Azumarill, M, shiny|100/100
|switch|p2a: Aufsmaulwurf|Excadrill, M, shiny|100/100
|-ability|p2a: Aufsmaulwurf|Mold Breaker
|turn|1
|
|t:|1599646234
|move|p2a: Aufsmaulwurf|Toxic|p1a: 小胖
|-status|p1a: 小胖|tox
|move|p1a: 小胖|Knock Off|p2a: Aufsmaulwurf
|-damage|p2a: Aufsmaulwurf|37/100
|-enditem|p2a: Aufsmaulwurf|Leftovers|[from] move: Knock Off|[of] p1a: 小胖
|
|-damage|p1a: 小胖|94/100 tox|[from] psn
|upkeep
|turn|2
|
|t:|1599646244
|move|p1a: 小胖|Aqua Jet|p2a: Aufsmaulwurf
|-supereffective|p2a: Aufsmaulwurf
|-damage|p2a: Aufsmaulwurf|0 fnt
|faint|p2a: Aufsmaulwurf
|
|-heal|p1a: 小胖|100/100 tox|[from] item: Leftovers
|-damage|p1a: 小胖|88/100 tox|[from] psn
|upkeep
|
|t:|1599646252
|switch|p2a: Feurig|Torkoal, F|100/100
|-weather|SunnyDay|[from] ability: Drought|[of] p2a: Feurig
|turn|3
|
|t:|1599646256
|move|p1a: 小胖|Knock Off|p2a: Feurig
|-damage|p2a: Feurig|76/100
|-enditem|p2a: Feurig|Heat Rock|[from] move: Knock Off|[of] p1a: 小胖
|move|p2a: Feurig|Stealth Rock|p1a: 小胖
|-sidestart|p1: pinsengbulu|move: Stealth Rock
|
|-weather|SunnyDay|[upkeep]
|-heal|p1a: 小胖|94/100 tox|[from] item: Leftovers
|-damage|p1a: 小胖|76/100 tox|[from] psn
|upkeep
|turn|4
|
|t:|1599646267
|switch|p1a: 阿肥|Snorlax, M|100/100
|-damage|p1a: 阿肥|88/100|[from] Stealth Rock
|switch|p2a: Escanor|Venusaur, M, shiny|100/100
|
|-weather|SunnyDay|[upkeep]
|-heal|p1a: 阿肥|94/100|[from] item: Leftovers
|upkeep
|turn|5
|
|t:|1599646276
|move|p2a: Escanor|Growth|p2a: Escanor
|-boost|p2a: Escanor|atk|2
|-boost|p2a: Escanor|spa|2
|move|p1a: 阿肥|Body Slam|p2a: Escanor
|-damage|p2a: Escanor|57/100
|
|-weather|SunnyDay|[upkeep]
|-heal|p1a: 阿肥|99/100|[from] item: Leftovers
|upkeep
|turn|6
|
|t:|1599646285
|move|p2a: Escanor|Weather Ball|p1a: 阿肥
|-damage|p1a: 阿肥|41/100
|-damage|p2a: Escanor|47/100|[from] item: Life Orb
|move|p1a: 阿肥|Whirlwind|p2a: Escanor
|drag|p2a: Feurig|Torkoal, F|76/100
|
|-weather|SunnyDay|[upkeep]
|-heal|p1a: 阿肥|47/100|[from] item: Leftovers
|upkeep
|turn|7
|
|t:|1599646295
|move|p1a: 阿肥|Body Slam|p2a: Feurig
|-crit|p2a: Feurig
|-damage|p2a: Feurig|48/100
|move|p2a: Feurig|Toxic|p1a: 阿肥
|-immune|p1a: 阿肥|[from] ability: Immunity
|
|-weather|SunnyDay|[upkeep]
|-heal|p1a: 阿肥|53/100|[from] item: Leftovers
|upkeep
|turn|8
|
|t:|1599646305
|switch|p2a: Ken|Urshifu, M, shiny|100/100
|move|p1a: 阿肥|Body Slam|p2a: Ken
|-damage|p2a: Ken|66/100
|
|-weather|SunnyDay|[upkeep]
|-heal|p1a: 阿肥|59/100|[from] item: Leftovers
|upkeep
|turn|9
|
|t:|1599646313
|switch|p1a: 小隼|Skarmory, M|100/100
|-damage|p1a: 小隼|88/100|[from] Stealth Rock
|move|p2a: Ken|Wicked Blow|p1a: 小隼
|-crit|p1a: 小隼
|-damage|p1a: 小隼|34/100
|-damage|p2a: Ken|50/100|[from] item: Rocky Helmet|[of] p1a: 小隼
|-damage|p2a: Ken|40/100|[from] item: Life Orb
|
|-weather|SunnyDay|[upkeep]
|upkeep
|turn|10
|
|t:|1599646324
|move|p2a: Ken|Wicked Blow|p1a: 小隼
|-crit|p1a: 小隼
|-damage|p1a: 小隼|0 fnt
|-damage|p2a: Ken|23/100|[from] item: Rocky Helmet|[of] p1a: 小隼
|-damage|p2a: Ken|13/100|[from] item: Life Orb
|faint|p1a: 小隼
|
|-weather|none
|upkeep
|
|t:|1599646334
|switch|p1a: 阿黄|Arcanine, M|100/100
|-ability|p1a: 阿黄|Intimidate|boost
|-unboost|p2a: Ken|atk|1
|turn|11
|
|t:|1599646340
|move|p1a: 阿黄|Extreme Speed|p2a: Ken
|-damage|p2a: Ken|0 fnt
|faint|p2a: Ken
|
|upkeep
|
|t:|1599646346
|switch|p2a: Feurig|Torkoal, F|48/100
|-weather|SunnyDay|[from] ability: Drought|[of] p2a: Feurig
|turn|12
|
|t:|1599646351
|switch|p1a: 阿肥|Snorlax, M|59/100
|-damage|p1a: 阿肥|47/100|[from] Stealth Rock
|switch|p2a: Burak|Charizard, M, shiny|100/100
|
|-weather|SunnyDay|[upkeep]
|-damage|p2a: Burak|88/100|[from] ability: Solar Power|[of] p2a: Burak
|-heal|p1a: 阿肥|53/100|[from] item: Leftovers
|upkeep
|turn|13
|
|t:|1599646361
|move|p2a: Burak|Weather Ball|p1a: 阿肥
|-damage|p1a: 阿肥|0 fnt
|faint|p1a: 阿肥
|
|-weather|SunnyDay|[upkeep]
|-damage|p2a: Burak|76/100|[from] ability: Solar Power|[of] p2a: Burak
|upkeep
|
|t:|1599646368
|switch|p1a: 小胖|Azumarill, M, shiny|76/100 tox
|-damage|p1a: 小胖|64/100 tox|[from] Stealth Rock
|turn|14
|
|t:|1599646376
|move|p1a: 小胖|Aqua Jet|p2a: Burak
|-supereffective|p2a: Burak
|-damage|p2a: Burak|39/100
|move|p2a: Burak|Weather Ball|p1a: 小胖
|-resisted|p1a: 小胖
|-damage|p1a: 小胖|0 fnt
|faint|p1a: 小胖
|
|-weather|SunnyDay|[upkeep]
|-damage|p2a: Burak|27/100|[from] ability: Solar Power|[of] p2a: Burak
|upkeep
|
|t:|1599646385
|switch|p1a: 阿黄|Arcanine, M|100/100
|-ability|p1a: 阿黄|Intimidate|boost
|-unboost|p2a: Burak|atk|1
|turn|15
|
|t:|1599646390
|move|p1a: 阿黄|Extreme Speed|p2a: Burak
|-damage|p2a: Burak|0 fnt
|faint|p2a: Burak
|
|-weather|SunnyDay|[upkeep]
|upkeep
|
|t:|1599646398
|switch|p2a: Flinch24|Togekiss, F, shiny|100/100
|turn|16
|
|t:|1599646401
|move|p2a: Flinch24|Air Slash|p1a: 阿黄
|-damage|p1a: 阿黄|60/100
|move|p1a: 阿黄|Burn Up|p2a: Flinch24
|-damage|p2a: Flinch24|31/100
|-start|p1a: 阿黄|typechange|???|[from] move: Burn Up
|
|-weather|none
|upkeep
|turn|17
|
|t:|1599646410
|move|p1a: 阿黄|Extreme Speed|p2a: Flinch24
|-damage|p2a: Flinch24|9/100
|move|p2a: Flinch24|Air Slash|p1a: 阿黄
|-damage|p1a: 阿黄|21/100
|
|upkeep
|turn|18
|
|t:|1599646420
|switch|p2a: Escanor|Venusaur, M, shiny|47/100
|move|p1a: 阿黄|Morning Sun|p1a: 阿黄
|-heal|p1a: 阿黄|71/100
|
|upkeep
|turn|19
|
|t:|1599646428
|move|p1a: 阿黄|Extreme Speed|p2a: Escanor
|-damage|p2a: Escanor|20/100
|move|p2a: Escanor|Sludge Bomb|p1a: 阿黄
|-damage|p1a: 阿黄|10/100
|-damage|p2a: Escanor|10/100|[from] item: Life Orb
|
|upkeep
|turn|20
|
|t:|1599646438
|move|p1a: 阿黄|Extreme Speed|p2a: Escanor
|-damage|p2a: Escanor|0 fnt
|faint|p2a: Escanor
|
|upkeep
|
|t:|1599646443
|switch|p2a: Feurig|Torkoal, F|48/100
|-weather|SunnyDay|[from] ability: Drought|[of] p2a: Feurig
|turn|21
|
|t:|1599646451
|move|p1a: 阿黄|Morning Sun|p1a: 阿黄
|-heal|p1a: 阿黄|76/100
|move|p2a: Feurig|Lava Plume|p1a: 阿黄
|-damage|p1a: 阿黄|37/100
|
|-weather|SunnyDay|[upkeep]
|upkeep
|turn|22
|
|t:|1599646459
|move|p1a: 阿黄|Morning Sun|p1a: 阿黄
|-heal|p1a: 阿黄|100/100
|move|p2a: Feurig|Lava Plume|p1a: 阿黄
|-damage|p1a: 阿黄|59/100
|-status|p1a: 阿黄|brn
|
|-weather|SunnyDay|[upkeep]
|-damage|p1a: 阿黄|53/100 brn|[from] brn
|upkeep
|turn|23
|
|t:|1599646477
|switch|p1a: 剪刀手|Vikavolt, M, shiny|100/100
|move|p2a: Feurig|Lava Plume|p1a: 剪刀手
|-supereffective|p1a: 剪刀手
|-damage|p1a: 剪刀手|6/100
|-status|p1a: 剪刀手|brn
|
|-weather|SunnyDay|[upkeep]
|-damage|p1a: 剪刀手|0 fnt|[from] brn
|faint|p1a: 剪刀手
|upkeep
|
|t:|1599646486
|switch|p1a: 小雪|Froslass, F, shiny|100/100
|-damage|p1a: 小雪|76/100|[from] Stealth Rock
|turn|24
|
|t:|1599646491
|move|p1a: 小雪|Shadow Ball|p2a: Feurig
|-damage|p2a: Feurig|0 fnt
|faint|p2a: Feurig
|
|-weather|SunnyDay|[upkeep]
|upkeep
|
|t:|1599646498
|switch|p2a: Flinch24|Togekiss, F, shiny|9/100
|turn|25
|
|t:|1599646501
|move|p2a: Flinch24|Air Slash|p1a: 小雪
|-crit|p1a: 小雪
|-damage|p1a: 小雪|0 fnt
|faint|p1a: 小雪
|
|-weather|none
|upkeep
|
|t:|1599646506
|switch|p1a: 阿黄|Arcanine, M|53/100 brn
|-ability|p1a: 阿黄|Intimidate|boost
|-unboost|p2a: Flinch24|atk|1
|turn|26
|
|t:|1599646511
|move|p1a: 阿黄|Extreme Speed|p2a: Flinch24
|-damage|p2a: Flinch24|0 fnt
|faint|p2a: Flinch24
|
|win|pinsengbulu
|raw|pinsengbulu's rating: 1383 &rarr; <strong>1406</strong><br />(+23 for winning)
|raw|ArcanineSquad's rating: 1439 &rarr; <strong>1416</strong><br />(-23 for losing)
|l|☆ArcanineSquad
