|j|☆for fun happy
|j|☆A
|player|p1|for fun happy|102|1616
|player|p2|A|pokekid|1697
|teamsize|p1|6
|teamsize|p2|6
|gametype|singles
|gen|8
|tier|[Gen 8] OU
|rated|
|clearpoke
|poke|p1|Mandibuzz, F|
|poke|p1|Kyurem|
|poke|p1|Coalossal, M|
|poke|p1|Clefable, F|
|poke|p1|Aegislash, F|
|poke|p1|Gastrodon, M|
|poke|p2|Kyurem|
|poke|p2|Conkeldurr, M|
|poke|p2|Ferrothorn, F|
|poke|p2|Hatterene, F|
|poke|p2|Zeraora|
|poke|p2|Rotom-Heat|
|rule|Sleep Clause Mod: Limit one foe put to sleep
|rule|Species Clause: Limit one of each Pokémon
|rule|OHKO Clause: OHKO moves are banned
|rule|Evasion Moves Clause: Evasion moves are banned
|rule|Endless Battle Clause: Forcing endless battles is banned
|rule|HP Percentage Mod: HP is shown in percentages
|rule|Dynamax Clause: You cannot dynamax
|teampreview
|inactive|Battle timer is ON: inactive players will automatically lose when time's up. (requested by A)
|
|start
|switch|p1a: Coalossal|Coalossal, M|100/100
|switch|p2a: Choccy Milk|Rotom-Heat, shiny|100/100
|turn|1
|
|move|p2a: Choccy Milk|Volt Switch|p1a: Coalossal
|-damage|p1a: Coalossal|79/100
|
|switch|p2a: Lucidity|Hatterene, F, shiny|100/100|[from]move: Volt Switch
|move|p1a: Coalossal|Rock Slide|p2a: Lucidity
|-damage|p2a: Lucidity|49/100
|
|upkeep
|turn|2
|
|switch|p2a: Jeanne Alter|Ferrothorn, F|100/100
|move|p1a: Coalossal|Rock Slide|p2a: Jeanne Alter
|-resisted|p2a: Jeanne Alter
|-damage|p2a: Jeanne Alter|87/100
|
|-heal|p2a: Jeanne Alter|93/100|[from] item: Leftovers
|upkeep
|turn|3
|
|switch|p1a: Aegislash|Aegislash, F|100/100
|move|p2a: Jeanne Alter|Stealth Rock|p1a: Aegislash
|-sidestart|p1: for fun happy|move: Stealth Rock
|
|-heal|p2a: Jeanne Alter|99/100|[from] item: Leftovers
|upkeep
|turn|4
|
|-formechange|p1a: Aegislash|Aegislash-Blade||[from] ability: Stance Change
|move|p1a: Aegislash|Shadow Ball|p2a: Jeanne Alter
|-damage|p2a: Jeanne Alter|55/100
|-unboost|p2a: Jeanne Alter|spd|1
|move|p2a: Jeanne Alter|Thunder Wave|p1a: Aegislash
|-status|p1a: Aegislash|par
|
|-heal|p2a: Jeanne Alter|61/100|[from] item: Leftovers
|upkeep
|turn|5
|
|switch|p2a: Choccy Milk|Rotom-Heat, shiny|100/100
|cant|p1a: Aegislash|par
|
|upkeep
|turn|6
|
|switch|p1a: Coalossal|Coalossal, M|79/100
|-damage|p1a: Coalossal|54/100|[from] Stealth Rock
|move|p2a: Choccy Milk|Overheat|p1a: Coalossal
|-resisted|p1a: Coalossal
|-damage|p1a: Coalossal|43/100
|-unboost|p2a: Choccy Milk|spa|2
|-ability|p1a: Coalossal|Steam Engine|boost
|-boost|p1a: Coalossal|spe|6
|
|upkeep
|turn|7
|
|move|p2a: Choccy Milk|Protect|p2a: Choccy Milk
|-singleturn|p2a: Choccy Milk|Protect
|move|p1a: Coalossal|Rock Slide|p2a: Choccy Milk
|-activate|p2a: Choccy Milk|move: Protect
|
|upkeep
|turn|8
|
|switch|p1a: Mandibuzz|Mandibuzz, F|100/100
|switch|p2a: Jeanne Alter|Ferrothorn, F|61/100
|
|-heal|p2a: Jeanne Alter|67/100|[from] item: Leftovers
|upkeep
|turn|9
|
|move|p1a: Mandibuzz|Defog|p2a: Jeanne Alter
|-unboost|p2a: Jeanne Alter|evasion|1
|-sideend|p1: for fun happy|Stealth Rock|[from] move: Defog|[of] p1a: Mandibuzz
|move|p2a: Jeanne Alter|Thunder Wave|p1a: Mandibuzz
|-status|p1a: Mandibuzz|par
|
|-heal|p2a: Jeanne Alter|73/100|[from] item: Leftovers
|upkeep
|turn|10
|
|switch|p1a: Kyurem|Kyurem|100/100
|-ability|p1a: Kyurem|Pressure
|move|p2a: Jeanne Alter|Stealth Rock|p1a: Kyurem
|-sidestart|p1: for fun happy|move: Stealth Rock
|
|-heal|p2a: Jeanne Alter|79/100|[from] item: Leftovers
|upkeep
|turn|11
|
|switch|p2a: Lucidity|Hatterene, F, shiny|49/100
|move|p1a: Kyurem|Ice Beam|p2a: Lucidity
|-damage|p2a: Lucidity|5/100
|
|upkeep
|turn|12
|
|move|p1a: Kyurem|Ice Beam|p2a: Lucidity
|-damage|p2a: Lucidity|0 fnt
|faint|p2a: Lucidity
|
|upkeep
|
|switch|p2a: Choccy Milk|Rotom-Heat, shiny|100/100
|turn|13
|
|switch|p1a: Gastrodon|Gastrodon, M|100/100
|-damage|p1a: Gastrodon|94/100|[from] Stealth Rock
|move|p2a: Choccy Milk|Toxic|p1a: Gastrodon
|-status|p1a: Gastrodon|tox
|
|-heal|p1a: Gastrodon|100/100 tox|[from] item: Leftovers
|-damage|p1a: Gastrodon|94/100 tox|[from] psn
|upkeep
|turn|14
|
|switch|p1a: Mandibuzz|Mandibuzz, F|100/100 par
|move|p2a: Choccy Milk|Protect||[still]
|-fail|p2a: Choccy Milk
|
|upkeep
|turn|15
|
|switch|p1a: Gastrodon|Gastrodon, M|94/100 tox
|-damage|p1a: Gastrodon|88/100 tox|[from] Stealth Rock
|move|p2a: Choccy Milk|Volt Switch|p1a: Gastrodon
|-immune|p1a: Gastrodon
|
|-heal|p1a: Gastrodon|94/100 tox|[from] item: Leftovers
|-damage|p1a: Gastrodon|88/100 tox|[from] psn
|upkeep
|turn|16
|
|move|p2a: Choccy Milk|Protect|p2a: Choccy Milk
|-singleturn|p2a: Choccy Milk|Protect
|move|p1a: Gastrodon|Yawn|p2a: Choccy Milk
|-activate|p2a: Choccy Milk|move: Protect
|
|-heal|p1a: Gastrodon|94/100 tox|[from] item: Leftovers
|-damage|p1a: Gastrodon|82/100 tox|[from] psn
|upkeep
|turn|17
|
|move|p2a: Choccy Milk|Overheat|p1a: Gastrodon
|-resisted|p1a: Gastrodon
|-crit|p1a: Gastrodon
|-damage|p1a: Gastrodon|52/100 tox
|-unboost|p2a: Choccy Milk|spa|2
|move|p1a: Gastrodon|Yawn|p2a: Choccy Milk
|-start|p2a: Choccy Milk|move: Yawn|[of] p1a: Gastrodon
|
|-heal|p1a: Gastrodon|58/100 tox|[from] item: Leftovers
|-damage|p1a: Gastrodon|40/100 tox|[from] psn
|upkeep
|turn|18
|
|switch|p2a: Fake Nice|Conkeldurr, M|100/100
|switch|p1a: Aegislash|Aegislash, F|100/100 par
|-damage|p1a: Aegislash|94/100 par|[from] Stealth Rock
|
|-status|p2a: Fake Nice|brn|[from] item: Flame Orb
|upkeep
|turn|19
|
|move|p2a: Fake Nice|Knock Off|p1a: Aegislash
|-supereffective|p1a: Aegislash
|-damage|p1a: Aegislash|0 fnt
|-enditem|p1a: Aegislash|Weakness Policy|[from] move: Knock Off|[of] p2a: Fake Nice
|faint|p1a: Aegislash
|
|-damage|p2a: Fake Nice|94/100 brn|[from] brn
|upkeep
|
|switch|p1a: Clefable|Clefable, F|100/100
|turn|20
|
|switch|p2a: Choccy Milk|Rotom-Heat, shiny|100/100
|move|p1a: Clefable|Moonblast|p2a: Choccy Milk
|-resisted|p2a: Choccy Milk
|-damage|p2a: Choccy Milk|83/100
|-unboost|p2a: Choccy Milk|spa|1
|
|-heal|p2a: Choccy Milk|89/100|[from] item: Leftovers
|upkeep
|turn|21
|
|move|p2a: Choccy Milk|Volt Switch|p1a: Clefable
|-damage|p1a: Clefable|89/100
|
|switch|p2a: Jeanne Alter|Ferrothorn, F|79/100|[from]move: Volt Switch
|move|p1a: Clefable|Stealth Rock|p2a: Jeanne Alter
|-sidestart|p2: A|move: Stealth Rock
|
|-heal|p1a: Clefable|95/100|[from] item: Leftovers
|-heal|p2a: Jeanne Alter|85/100|[from] item: Leftovers
|upkeep
|turn|22
|
|move|p1a: Clefable|Thunder Wave|p2a: Jeanne Alter
|-status|p2a: Jeanne Alter|par
|move|p2a: Jeanne Alter|Knock Off|p1a: Clefable
|-resisted|p1a: Clefable
|-damage|p1a: Clefable|83/100
|-enditem|p1a: Clefable|Leftovers|[from] move: Knock Off|[of] p2a: Jeanne Alter
|
|-heal|p2a: Jeanne Alter|91/100 par|[from] item: Leftovers
|upkeep
|turn|23
|
|switch|p1a: Mandibuzz|Mandibuzz, F|100/100 par
|move|p2a: Jeanne Alter|Thunder Wave|p1a: Mandibuzz
|-fail|p1a: Mandibuzz|par
|
|-heal|p2a: Jeanne Alter|97/100 par|[from] item: Leftovers
|upkeep
|turn|24
|
|switch|p2a: Actually Good|Zeraora|100/100
|-damage|p2a: Actually Good|88/100|[from] Stealth Rock
|move|p1a: Mandibuzz|U-turn|p2a: Actually Good
|-damage|p2a: Actually Good|69/100
|
|switch|p1a: Clefable|Clefable, F|83/100|[from]move: U-turn
|
|upkeep
|turn|25
|
|move|p2a: Actually Good|Plasma Fists|p1a: Clefable
|-damage|p1a: Clefable|32/100
|-fieldactivate|move: Ion Deluge
|move|p1a: Clefable|Moonblast|p2a: Actually Good
|-damage|p2a: Actually Good|32/100
|-unboost|p2a: Actually Good|spa|1
|
|upkeep
|turn|26
|
|switch|p1a: Gastrodon|Gastrodon, M|40/100 tox
|-damage|p1a: Gastrodon|34/100 tox|[from] Stealth Rock
|move|p2a: Actually Good|Plasma Fists|p1a: Gastrodon
|-immune|p1a: Gastrodon
|
|-heal|p1a: Gastrodon|40/100 tox|[from] item: Leftovers
|-damage|p1a: Gastrodon|34/100 tox|[from] psn
|upkeep
|turn|27
|
|move|p2a: Actually Good|Grass Knot|p1a: Gastrodon
|-supereffective|p1a: Gastrodon
|-damage|p1a: Gastrodon|0 fnt
|faint|p1a: Gastrodon
|
|upkeep
|
|switch|p1a: Mandibuzz|Mandibuzz, F|100/100 par
|turn|28
|
|move|p2a: Actually Good|Plasma Fists|p1a: Mandibuzz
|-supereffective|p1a: Mandibuzz
|-damage|p1a: Mandibuzz|32/100 par
|-fieldactivate|move: Ion Deluge
|move|p1a: Mandibuzz|Foul Play|p2a: Actually Good
|-damage|p2a: Actually Good|0 fnt
|faint|p2a: Actually Good
|
|upkeep
|
|switch|p2a: Sans|Kyurem|100/100
|-damage|p2a: Sans|76/100|[from] Stealth Rock
|-ability|p2a: Sans|Pressure
|turn|29
|
|move|p2a: Sans|Ice Beam|p1a: Mandibuzz
|-supereffective|p1a: Mandibuzz
|-damage|p1a: Mandibuzz|0 fnt
|faint|p1a: Mandibuzz
|
|upkeep
|
|switch|p1a: Kyurem|Kyurem|100/100
|-damage|p1a: Kyurem|75/100|[from] Stealth Rock
|-ability|p1a: Kyurem|Pressure
|turn|30
|
|move|p1a: Kyurem|Ice Beam|p2a: Sans
|-damage|p2a: Sans|7/100
|move|p2a: Sans|Ice Beam|p1a: Kyurem
|-damage|p1a: Kyurem|0 fnt
|faint|p1a: Kyurem
|
|upkeep
|-message|for fun happy forfeited.
|
|win|A
|l|☆for fun happy
|raw|for fun happy's rating: 1616 &rarr; <strong>1601</strong><br />(-15 for losing)
|raw|A's rating: 1697 &rarr; <strong>1712</strong><br />(+15 for winning)
