|html|<div class="broadcast-blue"><strong>[Gen 8] OU is currently suspecting Melmetal! For information on how to participate check out the <a href="https://www.smogon.com/forums/threads/np-ss-ou-suspect-process-round-12-monster-mash.3709234/">suspect thread</a>.</strong></div>
|j|☆HQSNonsense
|j|☆Mad Lad 47
|t:|1666322642
|gametype|singles
|player|p1|HQSNonsense|veteranf|1398
|player|p2|Mad Lad 47|lucas|1442
|teamsize|p1|6
|teamsize|p2|6
|gen|8
|tier|[Gen 8] OU
|rated|
|rule|Sleep Clause Mod: Limit one foe put to sleep
|rule|Species Clause: Limit one of each Pokémon
|rule|OHKO Clause: OHKO moves are banned
|rule|Evasion Items Clause: Evasion items are banned
|rule|Evasion Moves Clause: Evasion moves are banned
|rule|Endless Battle Clause: Forcing endless battles is banned
|rule|HP Percentage Mod: HP is shown in percentages
|rule|Dynamax Clause: You cannot dynamax
|clearpoke
|poke|p1|Scizor, F|
|poke|p1|Rillaboom, M|
|poke|p1|Landorus-Therian, M|
|poke|p1|Urshifu-*, F|
|poke|p1|Weavile, M|
|poke|p1|Dragonite, M|
|poke|p2|Aerodactyl, M|
|poke|p2|Tornadus-Therian, M|
|poke|p2|Scizor, F|
|poke|p2|Garchomp, M|
|poke|p2|Rotom-Wash|
|poke|p2|Dragapult, M|
|teampreview
|
|t:|1666322650
|start
|switch|p1a: Urshifu|Urshifu-Rapid-Strike, F|100/100
|switch|p2a: Aerodactyl|Aerodactyl, M|100/100
|-ability|p2a: Aerodactyl|Pressure
|turn|1
|inactive|Battle timer is ON: inactive players will automatically lose when time's up. (requested by HQSNonsense)
|
|t:|1666322653
|move|p2a: Aerodactyl|Dual Wingbeat|p1a: Urshifu
|-supereffective|p1a: Urshifu
|-damage|p1a: Urshifu|49/100
|-supereffective|p1a: Urshifu
|-damage|p1a: Urshifu|0 fnt
|faint|p1a: Urshifu
|-hitcount|p1: Urshifu|2
|
|upkeep
|
|t:|1666322658
|switch|p1a: Landorus|Landorus-Therian, M|100/100
|-ability|p1a: Landorus|Intimidate|boost
|-unboost|p2a: Aerodactyl|atk|1
|turn|2
|
|t:|1666322662
|switch|p2a: Tornadus|Tornadus-Therian, M|100/100
|move|p1a: Landorus|Stealth Rock|p2a: Tornadus
|-sidestart|p2: Mad Lad 47|move: Stealth Rock
|
|upkeep
|turn|3
|
|t:|1666322665
|move|p2a: Tornadus|Knock Off|p1a: Landorus
|-damage|p1a: Landorus|79/100
|-enditem|p1a: Landorus|Leftovers|[from] move: Knock Off|[of] p2a: Tornadus
|move|p1a: Landorus|Stone Edge|p2a: Tornadus
|-supereffective|p2a: Tornadus
|-damage|p2a: Tornadus|23/100
|
|upkeep
|turn|4
|
|t:|1666322674
|move|p2a: Tornadus|U-turn|p1a: Landorus
|-resisted|p1a: Landorus
|-damage|p1a: Landorus|70/100
|
|t:|1666322678
|switch|p2a: Garchomp|Garchomp, M|100/100|[from]move: U-turn
|-damage|p2a: Garchomp|94/100|[from] Stealth Rock
|move|p1a: Landorus|Stone Edge|p2a: Garchomp
|-resisted|p2a: Garchomp
|-damage|p2a: Garchomp|78/100
|
|-heal|p2a: Garchomp|84/100|[from] item: Leftovers
|upkeep
|turn|5
|
|t:|1666322683
|move|p2a: Garchomp|Toxic|p1a: Landorus
|-status|p1a: Landorus|tox
|move|p1a: Landorus|Explosion|p2a: Garchomp
|-crit|p2a: Garchomp
|-damage|p2a: Garchomp|0 fnt
|faint|p1a: Landorus
|faint|p2a: Garchomp
|
|upkeep
|
|t:|1666322696
|switch|p2a: Rotom|Rotom-Wash|100/100
|switch|p1a: Rillaboom|Rillaboom, M|100/100
|-fieldstart|move: Grassy Terrain|[from] ability: Grassy Surge|[of] p1a: Rillaboom
|-damage|p2a: Rotom|88/100|[from] Stealth Rock
|turn|6
|
|t:|1666322700
|switch|p2a: Scizor|Scizor, F|100/100
|-damage|p2a: Scizor|88/100|[from] Stealth Rock
|move|p1a: Rillaboom|Swords Dance|p1a: Rillaboom
|-boost|p1a: Rillaboom|atk|2
|
|-heal|p2a: Scizor|94/100|[from] Grassy Terrain
|upkeep
|turn|7
|
|t:|1666322705
|move|p1a: Rillaboom|Superpower|p2a: Scizor
|-damage|p2a: Scizor|10/100
|-unboost|p1a: Rillaboom|atk|1
|-unboost|p1a: Rillaboom|def|1
|-damage|p1a: Rillaboom|91/100|[from] item: Life Orb
|move|p2a: Scizor|Swords Dance|p2a: Scizor
|-boost|p2a: Scizor|atk|2
|
|-heal|p1a: Rillaboom|97/100|[from] Grassy Terrain
|-heal|p2a: Scizor|16/100|[from] Grassy Terrain
|upkeep
|turn|8
|
|t:|1666322708
|move|p1a: Rillaboom|Grassy Glide|p2a: Scizor
|-resisted|p2a: Scizor
|-damage|p2a: Scizor|0 fnt
|faint|p2a: Scizor
|-damage|p1a: Rillaboom|87/100|[from] item: Life Orb
|
|-heal|p1a: Rillaboom|93/100|[from] Grassy Terrain
|upkeep
|
|t:|1666322711
|switch|p2a: Dragapult|Dragapult, M|100/100
|-damage|p2a: Dragapult|88/100|[from] Stealth Rock
|turn|9
|
|t:|1666322717
|switch|p1a: Scizor|Scizor, F|100/100
|move|p2a: Dragapult|U-turn|p1a: Scizor
|-resisted|p1a: Scizor
|-damage|p1a: Scizor|91/100
|
|t:|1666322719
|switch|p2a: Rotom|Rotom-Wash|88/100|[from]move: U-turn
|-damage|p2a: Rotom|75/100|[from] Stealth Rock
|
|-heal|p2a: Rotom|82/100|[from] item: Leftovers
|-heal|p1a: Scizor|97/100|[from] Grassy Terrain
|upkeep
|turn|10
|
|t:|1666322722
|move|p2a: Rotom|Defog|p1a: Scizor
|-unboost|p1a: Scizor|evasion|1
|-sideend|p2: Mad Lad 47|Stealth Rock|[from] move: Defog|[of] p2a: Rotom
|-fieldend|move: Grassy Terrain
|move|p1a: Scizor|Swords Dance|p1a: Scizor
|-boost|p1a: Scizor|atk|2
|
|-heal|p2a: Rotom|88/100|[from] item: Leftovers
|upkeep
|turn|11
|
|t:|1666322724
|move|p2a: Rotom|Hydro Pump|p1a: Scizor
|-damage|p1a: Scizor|43/100
|move|p1a: Scizor|Double-Edge|p2a: Rotom
|-damage|p2a: Rotom|0 fnt
|faint|p2a: Rotom
|-damage|p1a: Scizor|12/100|[from] Recoil
|-damage|p1a: Scizor|2/100|[from] item: Life Orb
|
|upkeep
|
|t:|1666322735
|switch|p2a: Dragapult|Dragapult, M|88/100
|turn|12
|
|t:|1666322738
|switch|p2a: Aerodactyl|Aerodactyl, M|100/100
|-ability|p2a: Aerodactyl|Pressure
|move|p1a: Scizor|Bullet Punch|p2a: Aerodactyl
|-supereffective|p2a: Aerodactyl
|-damage|p2a: Aerodactyl|0 fnt
|faint|p2a: Aerodactyl
|-damage|p1a: Scizor|0 fnt|[from] item: Life Orb
|faint|p1a: Scizor
|
|upkeep
|
|t:|1666322746
|switch|p2a: Dragapult|Dragapult, M|88/100
|switch|p1a: Weavile|Weavile, M|100/100
|turn|13
|
|t:|1666322753
|move|p2a: Dragapult|U-turn|p1a: Weavile
|-supereffective|p1a: Weavile
|-damage|p1a: Weavile|39/100
|
|t:|1666322755
|switch|p2a: Tornadus|Tornadus-Therian, M|56/100|[from]move: U-turn
|move|p1a: Weavile|Knock Off|p2a: Tornadus
|-damage|p2a: Tornadus|0 fnt
|-enditem|p2a: Tornadus|Assault Vest|[from] move: Knock Off|[of] p1a: Weavile
|faint|p2a: Tornadus
|-damage|p1a: Weavile|29/100|[from] item: Life Orb
|
|upkeep
|c|☆Mad Lad 47|gg
|-message|Mad Lad 47 forfeited.
|
|win|HQSNonsense
|raw|HQSNonsense's rating: 1398 &rarr; <strong>1421</strong><br />(+23 for winning)
|raw|Mad Lad 47's rating: 1442 &rarr; <strong>1419</strong><br />(-23 for losing)
|l|☆Mad Lad 47
