|j|☆iopkj09
|j|☆K hamza
|t:|1667486013
|gametype|singles
|player|p1|iopkj09|nate|1453
|player|p2|K hamza|dragontamer|1472
|teamsize|p1|6
|teamsize|p2|6
|gen|8
|tier|[Gen 8] OU
|rated|
|rule|Sleep Clause Mod: Limit one foe put to sleep
|rule|Species Clause: Limit one of each Pokémon
|rule|OHKO Clause: OHKO moves are banned
|rule|Evasion Items Clause: Evasion items are banned
|rule|Evasion Moves Clause: Evasion moves are banned
|rule|Endless Battle Clause: Forcing endless battles is banned
|rule|HP Percentage Mod: HP is shown in percentages
|rule|Dynamax Clause: You cannot dynamax
|clearpoke
|poke|p1|Garchomp, M|
|poke|p1|Zapdos|
|poke|p1|Rillaboom, M|
|poke|p1|Tapu Lele|
|poke|p1|Volcanion|
|poke|p1|Weavile, F|
|poke|p2|Volcarona, F|
|poke|p2|Weavile, M|
|poke|p2|Toxapex, F|
|poke|p2|Landorus-Therian, M|
|poke|p2|Heatran, F|
|poke|p2|Latios, M|
|teampreview
|inactive|Battle timer is ON: inactive players will automatically lose when time's up. (requested by iopkj09)
|
|t:|1667486020
|start
|switch|p1a: Volcanion|Volcanion|100/100
|switch|p2a: Belisarius|Weavile, M|100/100
|-ability|p2a: Belisarius|Pressure
|turn|1
|
|t:|1667486040
|switch|p2a: Fabius Maximus|Toxapex, F|100/100
|move|p1a: Volcanion|Flamethrower|p2a: Fabius Maximus
|-resisted|p2a: Fabius Maximus
|-damage|p2a: Fabius Maximus|84/100
|
|-heal|p2a: Fabius Maximus|90/100|[from] item: Black Sludge
|upkeep
|turn|2
|
|t:|1667486049
|move|p1a: Volcanion|Earth Power|p2a: Fabius Maximus
|-supereffective|p2a: Fabius Maximus
|-damage|p2a: Fabius Maximus|39/100
|move|p2a: Fabius Maximus|Scald|p1a: Volcanion
|-immune|p1a: Volcanion|[from] ability: Water Absorb
|
|-heal|p2a: Fabius Maximus|45/100|[from] item: Black Sludge
|upkeep
|turn|3
|
|t:|1667486060
|switch|p2a: Tiberius|Latios, M|100/100
|move|p1a: Volcanion|Steam Eruption|p2a: Tiberius
|-resisted|p2a: Tiberius
|-damage|p2a: Tiberius|72/100
|-status|p2a: Tiberius|brn
|
|-damage|p2a: Tiberius|66/100 brn|[from] brn
|upkeep
|turn|4
|
|t:|1667486069
|move|p2a: Tiberius|Thunderbolt|p1a: Volcanion
|-supereffective|p1a: Volcanion
|-damage|p1a: Volcanion|66/100
|move|p1a: Volcanion|Steam Eruption|p2a: Tiberius
|-resisted|p2a: Tiberius
|-damage|p2a: Tiberius|38/100 brn
|
|-damage|p2a: Tiberius|32/100 brn|[from] brn
|upkeep
|turn|5
|
|t:|1667486079
|move|p2a: Tiberius|Thunderbolt|p1a: Volcanion
|-supereffective|p1a: Volcanion
|-damage|p1a: Volcanion|32/100
|move|p1a: Volcanion|Steam Eruption|p2a: Tiberius
|-resisted|p2a: Tiberius
|-damage|p2a: Tiberius|2/100 brn
|
|-damage|p2a: Tiberius|0 fnt|[from] brn
|faint|p2a: Tiberius
|upkeep
|
|t:|1667486092
|switch|p2a: Belisarius|Weavile, M|100/100
|-ability|p2a: Belisarius|Pressure
|turn|6
|
|t:|1667486097
|move|p2a: Belisarius|Knock Off|p1a: Volcanion
|-damage|p1a: Volcanion|0 fnt
|-enditem|p1a: Volcanion|Assault Vest|[from] move: Knock Off|[of] p2a: Belisarius
|faint|p1a: Volcanion
|-damage|p2a: Belisarius|91/100|[from] item: Life Orb
|
|upkeep
|
|t:|1667486100
|switch|p1a: Tapu Lele|Tapu Lele|100/100
|-fieldstart|move: Psychic Terrain|[from] ability: Psychic Surge|[of] p1a: Tapu Lele
|turn|7
|
|t:|1667486109
|switch|p2a: Octavian|Heatran, F|100/100
|move|p1a: Tapu Lele|Thunderbolt|p2a: Octavian
|-damage|p2a: Octavian|76/100
|
|upkeep
|turn|8
|
|t:|1667486119
|move|p1a: Tapu Lele|Thunderbolt|p2a: Octavian
|-damage|p2a: Octavian|51/100
|move|p2a: Octavian|Magma Storm|p1a: Tapu Lele
|-damage|p1a: Tapu Lele|43/100
|-activate|p1a: Tapu Lele|move: Magma Storm|[of] p2a: Octavian
|
|-damage|p1a: Tapu Lele|31/100|[from] move: Magma Storm|[partiallytrapped]
|upkeep
|turn|9
|
|t:|1667486130
|move|p1a: Tapu Lele|Thunderbolt|p2a: Octavian
|-damage|p2a: Octavian|24/100
|-status|p2a: Octavian|par
|move|p2a: Octavian|Flash Cannon|p1a: Tapu Lele
|-supereffective|p1a: Tapu Lele
|-damage|p1a: Tapu Lele|0 fnt
|faint|p1a: Tapu Lele
|
|upkeep
|
|t:|1667486138
|switch|p1a: Rillaboom|Rillaboom, M|100/100
|-fieldstart|move: Grassy Terrain|[from] ability: Grassy Surge|[of] p1a: Rillaboom
|turn|10
|
|t:|1667486144
|switch|p2a: Scipio Africanus|Landorus-Therian, M|100/100
|-ability|p2a: Scipio Africanus|Intimidate|boost
|-unboost|p1a: Rillaboom|atk|1
|move|p1a: Rillaboom|High Horsepower|p2a: Scipio Africanus
|-immune|p2a: Scipio Africanus
|
|upkeep
|turn|11
|
|t:|1667486162
|switch|p1a: Zapdos|Zapdos, shiny|100/100
|move|p2a: Scipio Africanus|Stealth Rock|p1a: Zapdos
|-sidestart|p1: iopkj09|move: Stealth Rock
|
|upkeep
|turn|12
|
|t:|1667486168
|move|p1a: Zapdos|Hurricane|p2a: Scipio Africanus|[miss]
|-miss|p1a: Zapdos|p2a: Scipio Africanus
|move|p2a: Scipio Africanus|Smack Down|p1a: Zapdos
|-supereffective|p1a: Zapdos
|-crit|p1a: Zapdos
|-damage|p1a: Zapdos|45/100
|-start|p1a: Zapdos|Smack Down
|
|-heal|p1a: Zapdos|51/100|[from] Grassy Terrain
|upkeep
|turn|13
|
|t:|1667486180
|move|p1a: Zapdos|Hurricane|p2a: Scipio Africanus
|-damage|p2a: Scipio Africanus|43/100
|move|p2a: Scipio Africanus|Smack Down|p1a: Zapdos
|-supereffective|p1a: Zapdos
|-damage|p1a: Zapdos|14/100
|
|-heal|p1a: Zapdos|20/100|[from] Grassy Terrain
|upkeep
|turn|14
|
|t:|1667486190
|move|p1a: Zapdos|Hurricane|p2a: Scipio Africanus|[miss]
|-miss|p1a: Zapdos|p2a: Scipio Africanus
|move|p2a: Scipio Africanus|Smack Down|p1a: Zapdos
|-supereffective|p1a: Zapdos
|-damage|p1a: Zapdos|0 fnt
|faint|p1a: Zapdos
|
|-fieldend|move: Grassy Terrain
|upkeep
|
|t:|1667486197
|switch|p1a: Weavile|Weavile, F|100/100
|-damage|p1a: Weavile|76/100|[from] Stealth Rock
|-ability|p1a: Weavile|Pressure
|turn|15
|
|t:|1667486204
|switch|p2a: Fabius Maximus|Toxapex, F|78/100
|move|p1a: Weavile|Swords Dance|p1a: Weavile
|-boost|p1a: Weavile|atk|2
|
|-heal|p2a: Fabius Maximus|85/100|[from] item: Black Sludge
|upkeep
|turn|16
|
|t:|1667486214
|move|p2a: Fabius Maximus|Baneful Bunker|p2a: Fabius Maximus
|-singleturn|p2a: Fabius Maximus|move: Protect
|move|p1a: Weavile|Knock Off|p2a: Fabius Maximus
|-activate|p2a: Fabius Maximus|move: Protect
|-status|p1a: Weavile|psn
|
|-heal|p2a: Fabius Maximus|91/100|[from] item: Black Sludge
|-damage|p1a: Weavile|63/100 psn|[from] psn
|upkeep
|turn|17
|
|t:|1667486224
|move|p1a: Weavile|Swords Dance|p1a: Weavile
|-boost|p1a: Weavile|atk|2
|move|p2a: Fabius Maximus|Haze|p2a: Fabius Maximus
|-clearallboost
|
|-heal|p2a: Fabius Maximus|97/100|[from] item: Black Sludge
|-damage|p1a: Weavile|51/100 psn|[from] psn
|upkeep
|turn|18
|-message|iopkj09 forfeited.
|
|win|K hamza
|raw|iopkj09's rating: 1453 &rarr; <strong>1434</strong><br />(-19 for losing)
|raw|K hamza's rating: 1472 &rarr; <strong>1491</strong><br />(+19 for winning)
|l|☆iopkj09
