|j|☆minimax_ai
|j|☆Forwards
|t:|1663054565
|gametype|singles
|player|p1|minimax_ai|lusamine-nihilego|1507
|player|p2|Forwards|rollerskater|1545
|teamsize|p1|6
|teamsize|p2|6
|gen|8
|tier|[Gen 8] OU
|rated|
|rule|Sleep Clause Mod: Limit one foe put to sleep
|rule|Species Clause: Limit one of each Pokémon
|rule|OHKO Clause: OHKO moves are banned
|rule|Evasion Items Clause: Evasion items are banned
|rule|Evasion Moves Clause: Evasion moves are banned
|rule|Endless Battle Clause: Forcing endless battles is banned
|rule|HP Percentage Mod: HP is shown in percentages
|rule|Dynamax Clause: You cannot dynamax
|clearpoke
|poke|p1|Rotom-Wash|
|poke|p1|Weavile, F|
|poke|p1|Landorus-Therian, M|
|poke|p1|Heatran, M|
|poke|p1|Tangrowth, M|
|poke|p1|Melmetal|
|poke|p2|Pelipper, F|
|poke|p2|Urshifu-*, F|
|poke|p2|Kingdra, M|
|poke|p2|Ferrothorn, M|
|poke|p2|Aurorus, M|
|poke|p2|Clefable, F|
|teampreview
|c|☆minimax_ai|hf
|inactive|Battle timer is ON: inactive players will automatically lose when time's up. (requested by minimax_ai)
|
|t:|1663054578
|start
|switch|p1a: landorustherian|Landorus-Therian, M|100/100
|switch|p2a: Urshifu|Urshifu-Rapid-Strike, F|100/100
|-ability|p1a: landorustherian|Intimidate|boost
|-unboost|p2a: Urshifu|atk|1
|turn|1
|
|t:|1663054583
|switch|p1a: Tangrowth|Tangrowth, M|100/100
|move|p2a: Urshifu|U-turn|p1a: Tangrowth
|-supereffective|p1a: Tangrowth
|-damage|p1a: Tangrowth|76/100
|-damage|p2a: Urshifu|84/100|[from] item: Rocky Helmet|[of] p1a: Tangrowth
|
|t:|1663054585
|switch|p2a: Pelipper|Pelipper, F|100/100|[from]move: U-turn
|-weather|RainDance|[from] ability: Drizzle|[of] p2a: Pelipper
|
|-weather|RainDance|[upkeep]
|upkeep
|turn|2
|
|t:|1663054589
|switch|p1a: rotomwash|Rotom-Wash|100/100
|move|p2a: Pelipper|Knock Off|p1a: rotomwash
|-damage|p1a: rotomwash|89/100
|-enditem|p1a: rotomwash|Leftovers|[from] move: Knock Off|[of] p2a: Pelipper
|
|-weather|RainDance|[upkeep]
|upkeep
|turn|3
|
|t:|1663054593
|switch|p2a: Ferrothorn|Ferrothorn, M|100/100
|move|p1a: rotomwash|Thunderbolt|p2a: Ferrothorn
|-resisted|p2a: Ferrothorn
|-damage|p2a: Ferrothorn|86/100
|
|-weather|RainDance|[upkeep]
|-heal|p2a: Ferrothorn|93/100|[from] item: Leftovers
|upkeep
|turn|4
|
|t:|1663054597
|switch|p1a: landorustherian|Landorus-Therian, M|100/100
|-ability|p1a: landorustherian|Intimidate|boost
|-unboost|p2a: Ferrothorn|atk|1
|move|p2a: Ferrothorn|Stealth Rock|p1a: landorustherian
|-sidestart|p1: minimax_ai|move: Stealth Rock
|
|-weather|RainDance|[upkeep]
|-heal|p2a: Ferrothorn|99/100|[from] item: Leftovers
|upkeep
|turn|5
|
|t:|1663054601
|move|p1a: landorustherian|Defog|p2a: Ferrothorn
|-unboost|p2a: Ferrothorn|evasion|1
|-sideend|p1: minimax_ai|Stealth Rock|[from] move: Defog|[of] p1a: landorustherian
|move|p2a: Ferrothorn|Knock Off|p1a: landorustherian
|-damage|p1a: landorustherian|87/100
|-enditem|p1a: landorustherian|Leftovers|[from] move: Knock Off|[of] p2a: Ferrothorn
|
|-weather|RainDance|[upkeep]
|-heal|p2a: Ferrothorn|100/100|[from] item: Leftovers
|upkeep
|turn|6
|
|t:|1663054604
|move|p1a: landorustherian|Earthquake|p2a: Ferrothorn
|-damage|p2a: Ferrothorn|72/100
|move|p2a: Ferrothorn|Stealth Rock|p1a: landorustherian
|-sidestart|p1: minimax_ai|move: Stealth Rock
|
|-weather|RainDance|[upkeep]
|-heal|p2a: Ferrothorn|78/100|[from] item: Leftovers
|upkeep
|turn|7
|
|t:|1663054609
|switch|p2a: Hannibal|Aurorus, M|100/100
|move|p1a: landorustherian|Defog|p2a: Hannibal
|-unboost|p2a: Hannibal|evasion|1
|-sideend|p1: minimax_ai|Stealth Rock|[from] move: Defog|[of] p1a: landorustherian
|
|-weather|RainDance|[upkeep]
|upkeep
|turn|8
|
|t:|1663054614
|move|p1a: landorustherian|U-turn|p2a: Hannibal
|-damage|p2a: Hannibal|77/100
|
|t:|1663054617
|switch|p1a: Heatran|Heatran, M|100/100|[from]move: U-turn
|-item|p1a: Heatran|Air Balloon
|move|p2a: Hannibal|Weather Ball|p1a: Heatran
|-supereffective|p1a: Heatran
|-damage|p1a: Heatran|0 fnt
|-enditem|p1a: Heatran|Air Balloon
|faint|p1a: Heatran
|
|-weather|none
|upkeep
|
|t:|1663054617
|switch|p1a: Melmetal|Melmetal|100/100
|turn|9
|
|t:|1663054625
|switch|p2a: Ferrothorn|Ferrothorn, M|78/100
|move|p1a: Melmetal|Earthquake|p2a: Ferrothorn
|-damage|p2a: Ferrothorn|55/100
|
|-heal|p2a: Ferrothorn|61/100|[from] item: Leftovers
|upkeep
|turn|10
|
|t:|1663054630
|switch|p2a: Pelipper|Pelipper, F|100/100
|-weather|RainDance|[from] ability: Drizzle|[of] p2a: Pelipper
|move|p1a: Melmetal|Ice Punch|p2a: Pelipper
|-damage|p2a: Pelipper|73/100
|
|-weather|RainDance|[upkeep]
|upkeep
|turn|11
|
|t:|1663054637
|switch|p2a: Hannibal|Aurorus, M|77/100
|move|p1a: Melmetal|Thunder Punch|p2a: Hannibal
|-damage|p2a: Hannibal|40/100
|
|-weather|RainDance|[upkeep]
|upkeep
|turn|12
|
|t:|1663054643
|move|p2a: Hannibal|Earth Power|p1a: Melmetal
|-supereffective|p1a: Melmetal
|-damage|p1a: Melmetal|57/100
|move|p1a: Melmetal|Earthquake|p2a: Hannibal
|-supereffective|p2a: Hannibal
|-crit|p2a: Hannibal
|-damage|p2a: Hannibal|0 fnt
|faint|p2a: Hannibal
|
|-weather|RainDance|[upkeep]
|upkeep
|
|t:|1663054646
|switch|p2a: Kingdra|Kingdra, M|100/100
|turn|13
|
|t:|1663054650
|move|p2a: Kingdra|Surf|p1a: Melmetal
|-damage|p1a: Melmetal|8/100
|move|p1a: Melmetal|Ice Punch|p2a: Kingdra
|-damage|p2a: Kingdra|58/100
|
|-weather|RainDance|[upkeep]
|upkeep
|turn|14
|
|t:|1663054655
|move|p2a: Kingdra|Surf|p1a: Melmetal
|-damage|p1a: Melmetal|0 fnt
|faint|p1a: Melmetal
|
|-weather|RainDance|[upkeep]
|upkeep
|
|t:|1663054655
|switch|p1a: rotomwash|Rotom-Wash|89/100
|turn|15
|
|t:|1663054658
|switch|p2a: Ferrothorn|Ferrothorn, M|61/100
|move|p1a: rotomwash|Thunderbolt|p2a: Ferrothorn
|-resisted|p2a: Ferrothorn
|-damage|p2a: Ferrothorn|47/100
|
|-weather|RainDance|[upkeep]
|-heal|p2a: Ferrothorn|53/100|[from] item: Leftovers
|upkeep
|turn|16
|
|t:|1663054659
|move|p1a: rotomwash|Thunderbolt|p2a: Ferrothorn
|-resisted|p2a: Ferrothorn
|-damage|p2a: Ferrothorn|38/100
|move|p2a: Ferrothorn|Stealth Rock|p1a: rotomwash
|-sidestart|p1: minimax_ai|move: Stealth Rock
|
|-weather|RainDance|[upkeep]
|-heal|p2a: Ferrothorn|45/100|[from] item: Leftovers
|upkeep
|turn|17
|
|t:|1663054663
|move|p1a: rotomwash|Thunderbolt|p2a: Ferrothorn
|-resisted|p2a: Ferrothorn
|-damage|p2a: Ferrothorn|28/100
|move|p2a: Ferrothorn|Spikes|p1a: rotomwash
|-sidestart|p1: minimax_ai|Spikes
|
|-weather|none
|-heal|p2a: Ferrothorn|35/100|[from] item: Leftovers
|upkeep
|turn|18
|
|t:|1663054668
|move|p1a: rotomwash|Nasty Plot|p1a: rotomwash
|-boost|p1a: rotomwash|spa|2
|move|p2a: Ferrothorn|Power Whip|p1a: rotomwash
|-supereffective|p1a: rotomwash
|-damage|p1a: rotomwash|10/100
|
|-heal|p2a: Ferrothorn|41/100|[from] item: Leftovers
|upkeep
|turn|19
|
|t:|1663054672
|move|p1a: rotomwash|Thunderbolt|p2a: Ferrothorn
|-resisted|p2a: Ferrothorn
|-damage|p2a: Ferrothorn|11/100
|move|p2a: Ferrothorn|Knock Off|p1a: rotomwash
|-damage|p1a: rotomwash|0 fnt
|faint|p1a: rotomwash
|
|-heal|p2a: Ferrothorn|17/100|[from] item: Leftovers
|upkeep
|
|t:|1663054672
|switch|p1a: landorustherian|Landorus-Therian, M|87/100
|-damage|p1a: landorustherian|75/100|[from] Stealth Rock
|-ability|p1a: landorustherian|Intimidate|boost
|-unboost|p2a: Ferrothorn|atk|1
|turn|20
|
|t:|1663054676
|switch|p2a: Urshifu|Urshifu-Rapid-Strike, F|84/100
|move|p1a: landorustherian|Earthquake|p2a: Urshifu
|-damage|p2a: Urshifu|34/100
|
|upkeep
|turn|21
|
|t:|1663054680
|switch|p1a: Tangrowth|Tangrowth, M|100/100
|-damage|p1a: Tangrowth|88/100|[from] Stealth Rock
|-damage|p1a: Tangrowth|76/100|[from] Spikes
|move|p2a: Urshifu|U-turn|p1a: Tangrowth
|-supereffective|p1a: Tangrowth
|-damage|p1a: Tangrowth|40/100
|-damage|p2a: Urshifu|17/100|[from] item: Rocky Helmet|[of] p1a: Tangrowth
|
|t:|1663054682
|switch|p2a: Pelipper|Pelipper, F|73/100|[from]move: U-turn
|-weather|RainDance|[from] ability: Drizzle|[of] p2a: Pelipper
|
|-weather|RainDance|[upkeep]
|upkeep
|turn|22
|
|t:|1663054684
|move|p2a: Pelipper|U-turn|p1a: Tangrowth
|-supereffective|p1a: Tangrowth
|-damage|p1a: Tangrowth|32/100
|-damage|p2a: Pelipper|57/100|[from] item: Rocky Helmet|[of] p1a: Tangrowth
|
|t:|1663054687
|switch|p2a: Urshifu|Urshifu-Rapid-Strike, F|17/100|[from]move: U-turn
|move|p1a: Tangrowth|Sleep Powder|p2a: Urshifu|[miss]
|-miss|p1a: Tangrowth|p2a: Urshifu
|
|-weather|RainDance|[upkeep]
|upkeep
|turn|23
|
|t:|1663054692
|move|p2a: Urshifu|Surging Strikes|p1a: Tangrowth
|-resisted|p1a: Tangrowth
|-crit|p1a: Tangrowth
|-damage|p1a: Tangrowth|21/100
|-damage|p2a: Urshifu|1/100|[from] item: Rocky Helmet|[of] p1a: Tangrowth
|-resisted|p1a: Tangrowth
|-crit|p1a: Tangrowth
|-damage|p1a: Tangrowth|10/100
|-damage|p2a: Urshifu|0 fnt|[from] item: Rocky Helmet|[of] p1a: Tangrowth
|faint|p2a: Urshifu
|-hitcount|p1a: Tangrowth|2
|move|p1a: Tangrowth|Sleep Powder|p2: Urshifu|[notarget]
|-fail|p1a: Tangrowth
|
|-weather|RainDance|[upkeep]
|upkeep
|
|t:|1663054694
|switch|p2a: Kingdra|Kingdra, M|58/100
|turn|24
|
|t:|1663054696
|move|p2a: Kingdra|Surf|p1a: Tangrowth
|-resisted|p1a: Tangrowth
|-damage|p1a: Tangrowth|0 fnt
|faint|p1a: Tangrowth
|
|-weather|RainDance|[upkeep]
|upkeep
|
|t:|1663054696
|switch|p1a: Weavile|Weavile, F|100/100
|-damage|p1a: Weavile|76/100|[from] Stealth Rock
|-damage|p1a: Weavile|63/100|[from] Spikes
|-ability|p1a: Weavile|Pressure
|turn|25
|
|t:|1663054699
|move|p1a: Weavile|Ice Shard|p2a: Kingdra
|-damage|p2a: Kingdra|21/100
|move|p2a: Kingdra|Surf|p1a: Weavile
|-damage|p1a: Weavile|0 fnt
|faint|p1a: Weavile
|
|-weather|RainDance|[upkeep]
|upkeep
|
|t:|1663054699
|switch|p1a: landorustherian|Landorus-Therian, M|75/100
|-damage|p1a: landorustherian|62/100|[from] Stealth Rock
|-ability|p1a: landorustherian|Intimidate|boost
|-unboost|p2a: Kingdra|atk|1
|turn|26
|
|t:|1663054701
|move|p2a: Kingdra|Surf|p1a: landorustherian
|-supereffective|p1a: landorustherian
|-damage|p1a: landorustherian|0 fnt
|faint|p1a: landorustherian
|
|win|Forwards
|raw|minimax_ai's rating: 1507 &rarr; <strong>1489</strong><br />(-18 for losing)
|raw|Forwards's rating: 1545 &rarr; <strong>1563</strong><br />(+18 for winning)
|c|☆minimax_ai|gg
|l|☆minimax_ai
|c|☆Forwards|gg'
