|j|☆Maitredouard2
|j|☆kali_waka
|t:|1640876472
|gametype|singles
|player|p1|Maitredouard2|2|1609
|player|p2|kali_waka|265|1639
|teamsize|p1|6
|teamsize|p2|6
|gen|8
|tier|[Gen 8] OU
|rated|
|rule|Sleep Clause Mod: Limit one foe put to sleep
|rule|Species Clause: Limit one of each Pokémon
|rule|OHKO Clause: OHKO moves are banned
|rule|Evasion Moves Clause: Evasion moves are banned
|rule|Endless Battle Clause: Forcing endless battles is banned
|rule|HP Percentage Mod: HP is shown in percentages
|rule|Dynamax Clause: You cannot dynamax
|clearpoke
|poke|p1|Mandibuzz, F|
|poke|p1|Landorus-Therian, M|
|poke|p1|Blissey, F|
|poke|p1|Heatran, M|
|poke|p1|Toxapex, M|
|poke|p1|Dragapult, M|
|poke|p2|Celesteela|
|poke|p2|Blissey, F|
|poke|p2|Toxapex, F|
|poke|p2|Landorus-Therian, M|
|poke|p2|Kartana|
|poke|p2|Dragonite, M|
|teampreview
|j| Esteh Ole
|
|t:|1640876490
|start
|switch|p1a: Toxapex|Toxapex, M|100/100
|switch|p2a: Dragonite|Dragonite, M|100/100
|turn|1
|
|t:|1640876498
|switch|p2a: Toxapex|Toxapex, F|100/100
|move|p1a: Toxapex|Toxic|p2a: Toxapex
|-immune|p2a: Toxapex
|
|upkeep
|turn|2
|
|t:|1640876505
|move|p2a: Toxapex|Knock Off|p1a: Toxapex
|-damage|p1a: Toxapex|91/100
|-damage|p2a: Toxapex|84/100|[from] item: Rocky Helmet|[of] p1a: Toxapex
|-enditem|p1a: Toxapex|Rocky Helmet|[from] move: Knock Off|[of] p2a: Toxapex
|move|p1a: Toxapex|Scald|p2a: Toxapex
|-resisted|p2a: Toxapex
|-damage|p2a: Toxapex|77/100
|
|-heal|p2a: Toxapex|83/100|[from] item: Black Sludge
|upkeep
|turn|3
|l| Esteh Ole
|
|t:|1640876537
|switch|p2a: Blissey|Blissey, F|100/100
|move|p1a: Toxapex|Scald|p2a: Blissey
|-damage|p2a: Blissey|95/100
|-status|p2a: Blissey|brn
|
|-heal|p2a: Blissey|100/100 brn|[from] item: Leftovers
|-damage|p2a: Blissey|94/100 brn|[from] brn
|upkeep
|turn|4
|
|t:|1640876552
|switch|p1a: Mandibuzz|Mandibuzz, F|100/100
|move|p2a: Blissey|Ice Beam|p1a: Mandibuzz
|-supereffective|p1a: Mandibuzz
|-damage|p1a: Mandibuzz|78/100
|
|-heal|p2a: Blissey|100/100 brn|[from] item: Leftovers
|-damage|p2a: Blissey|94/100 brn|[from] brn
|upkeep
|turn|5
|
|t:|1640876571
|move|p1a: Mandibuzz|Taunt|p2a: Blissey
|-start|p2a: Blissey|move: Taunt
|cant|p2a: Blissey|move: Taunt|Calm Mind
|
|-heal|p2a: Blissey|100/100 brn|[from] item: Leftovers
|-damage|p2a: Blissey|94/100 brn|[from] brn
|upkeep
|turn|6
|
|t:|1640876580
|switch|p1a: Heatran|Heatran, M|100/100
|-item|p1a: Heatran|Air Balloon
|move|p2a: Blissey|Thunderbolt|p1a: Heatran
|-damage|p1a: Heatran|86/100
|-enditem|p1a: Heatran|Air Balloon
|
|-heal|p2a: Blissey|100/100 brn|[from] item: Leftovers
|-damage|p2a: Blissey|94/100 brn|[from] brn
|upkeep
|turn|7
|
|t:|1640876591
|-curestatus|p2a: Blissey|brn|[from] ability: Natural Cure
|switch|p2a: Dragonite|Dragonite, M|100/100
|move|p1a: Heatran|Magma Storm|p2a: Dragonite
|-resisted|p2a: Dragonite
|-damage|p2a: Dragonite|88/100
|-activate|p2a: Dragonite|move: Magma Storm|[of] p1a: Heatran
|
|-damage|p2a: Dragonite|75/100|[from] move: Magma Storm|[partiallytrapped]
|upkeep
|turn|8
|
|t:|1640876602
|switch|p1a: Mandibuzz|Mandibuzz, F|78/100
|move|p2a: Dragonite|Earthquake|p1a: Mandibuzz
|-immune|p1a: Mandibuzz
|
|-end|p2a: Dragonite|Magma Storm|[partiallytrapped]|[silent]
|upkeep
|turn|9
|
|t:|1640876608
|move|p2a: Dragonite|Toxic|p1a: Mandibuzz
|-status|p1a: Mandibuzz|tox
|move|p1a: Mandibuzz|Foul Play|p2a: Dragonite
|-damage|p2a: Dragonite|36/100
|
|-damage|p1a: Mandibuzz|72/100 tox|[from] psn
|upkeep
|turn|10
|j| LaurierLaurier
|l| LaurierLaurier
|
|t:|1640876616
|move|p2a: Dragonite|Roost|p2a: Dragonite
|-heal|p2a: Dragonite|86/100
|-singleturn|p2a: Dragonite|move: Roost
|move|p1a: Mandibuzz|Toxic|p2a: Dragonite
|-status|p2a: Dragonite|tox
|
|-damage|p2a: Dragonite|79/100 tox|[from] psn
|-damage|p1a: Mandibuzz|59/100 tox|[from] psn
|upkeep
|turn|11
|j| bradders100107
|
|t:|1640876632
|switch|p2a: Toxapex|Toxapex, F|100/100
|move|p1a: Mandibuzz|Roost|p1a: Mandibuzz
|-heal|p1a: Mandibuzz|100/100 tox
|-singleturn|p1a: Mandibuzz|move: Roost
|
|-damage|p1a: Mandibuzz|82/100 tox|[from] psn
|upkeep
|turn|12
|
|t:|1640876641
|switch|p1a: Heatran|Heatran, M|86/100
|move|p2a: Toxapex|Knock Off|p1a: Heatran
|-damage|p1a: Heatran|78/100
|
|upkeep
|turn|13
|
|t:|1640876647
|switch|p2a: Dragonite|Dragonite, M|79/100 tox
|move|p1a: Heatran|Magma Storm|p2a: Dragonite
|-resisted|p2a: Dragonite
|-damage|p2a: Dragonite|56/100 tox
|-activate|p2a: Dragonite|move: Magma Storm|[of] p1a: Heatran
|
|-damage|p2a: Dragonite|50/100 tox|[from] psn
|-damage|p2a: Dragonite|37/100 tox|[from] move: Magma Storm|[partiallytrapped]
|upkeep
|turn|14
|
|t:|1640876659
|switch|p1a: Toxapex|Toxapex, M|100/100
|move|p2a: Dragonite|Roost|p2a: Dragonite
|-heal|p2a: Dragonite|87/100 tox
|-singleturn|p2a: Dragonite|move: Roost
|
|-damage|p2a: Dragonite|75/100 tox|[from] psn
|-end|p2a: Dragonite|Magma Storm|[partiallytrapped]|[silent]
|upkeep
|turn|15
|
|t:|1640876669
|switch|p2a: Blissey|Blissey, F|94/100
|switch|p1a: Heatran|Heatran, M|78/100
|
|-heal|p2a: Blissey|100/100|[from] item: Leftovers
|upkeep
|turn|16
|l| bradders100107
|
|t:|1640876678
|switch|p2a: Dragonite|Dragonite, M|75/100 tox
|move|p1a: Heatran|Magma Storm|p2a: Dragonite
|-resisted|p2a: Dragonite
|-damage|p2a: Dragonite|50/100 tox
|-activate|p2a: Dragonite|move: Magma Storm|[of] p1a: Heatran
|
|-damage|p2a: Dragonite|44/100 tox|[from] psn
|-damage|p2a: Dragonite|31/100 tox|[from] move: Magma Storm|[partiallytrapped]
|upkeep
|turn|17
|
|t:|1640876716
|move|p2a: Dragonite|Roost|p2a: Dragonite
|-heal|p2a: Dragonite|81/100 tox
|-singleturn|p2a: Dragonite|move: Roost
|move|p1a: Heatran|Earth Power|p2a: Dragonite
|-damage|p2a: Dragonite|53/100 tox
|
|-damage|p2a: Dragonite|41/100 tox|[from] psn
|-damage|p2a: Dragonite|28/100 tox|[from] move: Magma Storm|[partiallytrapped]
|upkeep
|turn|18
|
|t:|1640876728
|move|p2a: Dragonite|Roost|p2a: Dragonite
|-heal|p2a: Dragonite|78/100 tox
|-singleturn|p2a: Dragonite|move: Roost
|move|p1a: Heatran|Earth Power|p2a: Dragonite
|-damage|p2a: Dragonite|49/100 tox
|
|-damage|p2a: Dragonite|30/100 tox|[from] psn
|-damage|p2a: Dragonite|17/100 tox|[from] move: Magma Storm|[partiallytrapped]
|upkeep
|turn|19
|
|t:|1640876741
|move|p2a: Dragonite|Roost|p2a: Dragonite
|-heal|p2a: Dragonite|68/100 tox
|-singleturn|p2a: Dragonite|move: Roost
|move|p1a: Heatran|Earth Power|p2a: Dragonite
|-damage|p2a: Dragonite|38/100 tox
|
|-damage|p2a: Dragonite|13/100 tox|[from] psn
|-damage|p2a: Dragonite|1/100 tox|[from] move: Magma Storm|[partiallytrapped]
|upkeep
|turn|20
|
|t:|1640876753
|move|p2a: Dragonite|Roost|p2a: Dragonite
|-heal|p2a: Dragonite|51/100 tox
|-singleturn|p2a: Dragonite|move: Roost
|move|p1a: Heatran|Earth Power|p2a: Dragonite
|-crit|p2a: Dragonite
|-damage|p2a: Dragonite|7/100 tox
|
|-damage|p2a: Dragonite|0 fnt|[from] psn
|faint|p2a: Dragonite
|upkeep
|
|t:|1640876763
|switch|p2a: Landorus|Landorus-Therian, M|100/100
|-ability|p2a: Landorus|Intimidate|boost
|-unboost|p1a: Heatran|atk|1
|turn|21
|
|t:|1640876770
|switch|p1a: Toxapex|Toxapex, M|100/100
|move|p2a: Landorus|Substitute|p2a: Landorus
|-start|p2a: Landorus|Substitute
|-damage|p2a: Landorus|76/100
|
|-heal|p2a: Landorus|82/100|[from] item: Leftovers
|upkeep
|turn|22
|
|t:|1640876779
|switch|p1a: Dragapult|Dragapult, M|100/100
|move|p2a: Landorus|Bulk Up|p2a: Landorus
|-boost|p2a: Landorus|atk|1
|-boost|p2a: Landorus|def|1
|
|-heal|p2a: Landorus|88/100|[from] item: Leftovers
|upkeep
|turn|23
|
|t:|1640876788
|move|p1a: Dragapult|Draco Meteor|p2a: Landorus
|-damage|p2a: Landorus|1/100
|-unboost|p1a: Dragapult|spa|2
|move|p2a: Landorus|Earthquake|p1a: Dragapult
|-damage|p1a: Dragapult|7/100
|
|-heal|p2a: Landorus|7/100|[from] item: Leftovers
|upkeep
|turn|24
|
|t:|1640876801
|switch|p1a: Landorus|Landorus-Therian, M|100/100
|-ability|p1a: Landorus|Intimidate|boost
|-immune|p2a: Landorus
|switch|p2a: Celesteela|Celesteela|100/100
|
|upkeep
|turn|25
|
|t:|1640876809
|move|p1a: Landorus|U-turn|p2a: Celesteela
|-resisted|p2a: Celesteela
|-damage|p2a: Celesteela|94/100
|
|t:|1640876813
|switch|p1a: Heatran|Heatran, M|78/100|[from]move: U-turn
|move|p2a: Celesteela|Substitute|p2a: Celesteela
|-start|p2a: Celesteela|Substitute
|-damage|p2a: Celesteela|69/100
|
|-heal|p2a: Celesteela|76/100|[from] item: Leftovers
|upkeep
|turn|26
|
|t:|1640876824
|switch|p1a: Dragapult|Dragapult, M|7/100
|move|p2a: Celesteela|Autotomize|p2a: Celesteela
|-boost|p2a: Celesteela|spe|2
|-start|p2a: Celesteela|Autotomize
|
|-heal|p2a: Celesteela|82/100|[from] item: Leftovers
|upkeep
|turn|27
|
|t:|1640876835
|move|p2a: Celesteela|Air Slash|p1a: Dragapult
|-damage|p1a: Dragapult|0 fnt
|faint|p1a: Dragapult
|-ability|p2a: Celesteela|Beast Boost|boost
|-boost|p2a: Celesteela|spa|1
|
|-heal|p2a: Celesteela|88/100|[from] item: Leftovers
|upkeep
|
|t:|1640876843
|switch|p1a: Blissey|Blissey, F|100/100
|turn|28
|
|t:|1640876846
|move|p2a: Celesteela|Leech Seed|p1a: Blissey
|-start|p1a: Blissey|move: Leech Seed
|move|p1a: Blissey|Seismic Toss|p2a: Celesteela
|-end|p2a: Celesteela|Substitute
|
|-heal|p2a: Celesteela|94/100|[from] item: Leftovers
|-damage|p1a: Blissey|88/100|[from] Leech Seed|[of] p2a: Celesteela
|-heal|p2a: Celesteela|100/100|[silent]
|upkeep
|turn|29
|
|t:|1640876856
|move|p2a: Celesteela|Substitute|p2a: Celesteela
|-start|p2a: Celesteela|Substitute
|-damage|p2a: Celesteela|76/100
|move|p1a: Blissey|Teleport|p1a: Blissey
|
|t:|1640876861
|switch|p1a: Landorus|Landorus-Therian, M|100/100|[from]move: Teleport
|-ability|p1a: Landorus|Intimidate|boost
|-immune|p2a: Celesteela
|
|-heal|p2a: Celesteela|82/100|[from] item: Leftovers
|upkeep
|turn|30
|
|t:|1640876869
|switch|p1a: Blissey|Blissey, F|88/100
|move|p2a: Celesteela|Air Slash|p1a: Blissey
|-damage|p1a: Blissey|69/100
|
|-heal|p2a: Celesteela|88/100|[from] item: Leftovers
|upkeep
|turn|31
|
|t:|1640876878
|move|p2a: Celesteela|Air Slash|p1a: Blissey
|-damage|p1a: Blissey|49/100
|move|p1a: Blissey|Seismic Toss|p2a: Celesteela
|-end|p2a: Celesteela|Substitute
|
|-heal|p2a: Celesteela|94/100|[from] item: Leftovers
|upkeep
|turn|32
|
|t:|1640876887
|move|p2a: Celesteela|Substitute|p2a: Celesteela
|-start|p2a: Celesteela|Substitute
|-damage|p2a: Celesteela|69/100
|move|p1a: Blissey|Seismic Toss|p2a: Celesteela
|-end|p2a: Celesteela|Substitute
|
|-heal|p2a: Celesteela|76/100|[from] item: Leftovers
|upkeep
|turn|33
|
|t:|1640876895
|move|p2a: Celesteela|Leech Seed|p1a: Blissey
|-start|p1a: Blissey|move: Leech Seed
|move|p1a: Blissey|Teleport|p1a: Blissey
|
|t:|1640876899
|switch|p1a: Heatran|Heatran, M|78/100|[from]move: Teleport
|
|-heal|p2a: Celesteela|82/100|[from] item: Leftovers
|upkeep
|turn|34
|
|t:|1640876907
|move|p2a: Celesteela|Substitute|p2a: Celesteela
|-start|p2a: Celesteela|Substitute
|-damage|p2a: Celesteela|57/100
|move|p1a: Heatran|Taunt|p2a: Celesteela
|-start|p2a: Celesteela|move: Taunt
|
|-heal|p2a: Celesteela|63/100|[from] item: Leftovers
|upkeep
|turn|35
|
|t:|1640876915
|move|p2a: Celesteela|Air Slash|p1a: Heatran
|-resisted|p1a: Heatran
|-damage|p1a: Heatran|56/100
|move|p1a: Heatran|Magma Storm|p2a: Celesteela
|-supereffective|p2a: Celesteela
|-end|p2a: Celesteela|Substitute
|
|-heal|p2a: Celesteela|69/100|[from] item: Leftovers
|upkeep
|turn|36
|j| LaurierLaurier
|l| LaurierLaurier
|
|t:|1640876924
|move|p2a: Celesteela|Air Slash|p1a: Heatran
|-resisted|p1a: Heatran
|-damage|p1a: Heatran|35/100
|move|p1a: Heatran|Magma Storm|p2a: Celesteela
|-supereffective|p2a: Celesteela
|-damage|p2a: Celesteela|0 fnt
|faint|p2a: Celesteela
|
|upkeep
|
|t:|1640876933
|switch|p2a: Landorus|Landorus-Therian, M|7/100
|-ability|p2a: Landorus|Intimidate|boost
|-unboost|p1a: Heatran|atk|1
|turn|37
|
|t:|1640876943
|switch|p1a: Toxapex|Toxapex, M|100/100
|move|p2a: Landorus|Smack Down|p1a: Toxapex
|-damage|p1a: Toxapex|90/100
|
|-heal|p2a: Landorus|13/100|[from] item: Leftovers
|upkeep
|turn|38
|
|t:|1640876952
|move|p2a: Landorus|Earthquake|p1a: Toxapex
|-supereffective|p1a: Toxapex
|-damage|p1a: Toxapex|37/100
|move|p1a: Toxapex|Scald|p2a: Landorus
|-supereffective|p2a: Landorus
|-damage|p2a: Landorus|0 fnt
|faint|p2a: Landorus
|
|upkeep
|
|t:|1640876961
|switch|p2a: Kartana|Kartana|100/100
|turn|39
|
|t:|1640876965
|move|p2a: Kartana|Leaf Blade|p1a: Toxapex
|-damage|p1a: Toxapex|0 fnt
|faint|p1a: Toxapex
|-ability|p2a: Kartana|Beast Boost|boost
|-boost|p2a: Kartana|atk|1
|
|upkeep
|
|t:|1640876973
|switch|p1a: Mandibuzz|Mandibuzz, F|82/100 tox
|turn|40
|
|t:|1640876976
|move|p2a: Kartana|Knock Off|p1a: Mandibuzz
|-resisted|p1a: Mandibuzz
|-damage|p1a: Mandibuzz|61/100 tox
|-enditem|p1a: Mandibuzz|Heavy-Duty Boots|[from] move: Knock Off|[of] p2a: Kartana
|move|p1a: Mandibuzz|Foul Play|p2a: Kartana
|-damage|p2a: Kartana|24/100
|-damage|p1a: Mandibuzz|44/100 tox|[from] item: Rocky Helmet|[of] p2a: Kartana
|
|-damage|p1a: Mandibuzz|38/100 tox|[from] psn
|upkeep
|turn|41
|
|t:|1640876987
|move|p2a: Kartana|Synthesis|p2a: Kartana
|-heal|p2a: Kartana|73/100
|move|p1a: Mandibuzz|Foul Play|p2a: Kartana
|-damage|p2a: Kartana|0 fnt
|-damage|p1a: Mandibuzz|22/100 tox|[from] item: Rocky Helmet|[of] p2a: Kartana
|faint|p2a: Kartana
|
|-damage|p1a: Mandibuzz|9/100 tox|[from] psn
|upkeep
|
|t:|1640877001
|switch|p2a: Blissey|Blissey, F|100/100
|turn|42
|
|t:|1640877004
|move|p1a: Mandibuzz|Taunt|p2a: Blissey
|-start|p2a: Blissey|move: Taunt
|cant|p2a: Blissey|move: Taunt|Calm Mind
|
|-damage|p1a: Mandibuzz|0 fnt|[from] psn
|faint|p1a: Mandibuzz
|upkeep
|
|t:|1640877013
|switch|p1a: Heatran|Heatran, M|35/100
|turn|43
|
|t:|1640877021
|move|p1a: Heatran|Toxic|p2a: Blissey
|-status|p2a: Blissey|tox
|move|p2a: Blissey|Thunderbolt|p1a: Heatran
|-damage|p1a: Heatran|22/100
|
|-damage|p2a: Blissey|94/100 tox|[from] psn
|upkeep
|turn|44
|
|t:|1640877029
|-curestatus|p2a: Blissey|tox|[from] ability: Natural Cure
|switch|p2a: Toxapex|Toxapex, F|100/100
|move|p1a: Heatran|Magma Storm|p2a: Toxapex|[miss]
|-miss|p1a: Heatran|p2a: Toxapex
|
|upkeep
|turn|45
|
|t:|1640877039
|move|p1a: Heatran|Earth Power|p2a: Toxapex
|-supereffective|p2a: Toxapex
|-damage|p2a: Toxapex|39/100
|move|p2a: Toxapex|Knock Off|p1a: Heatran
|-damage|p1a: Heatran|14/100
|
|-heal|p2a: Toxapex|45/100|[from] item: Black Sludge
|upkeep
|turn|46
|
|t:|1640877049
|switch|p2a: Blissey|Blissey, F|94/100
|move|p1a: Heatran|Magma Storm|p2a: Blissey
|-damage|p2a: Blissey|75/100
|-activate|p2a: Blissey|move: Magma Storm|[of] p1a: Heatran
|
|-heal|p2a: Blissey|81/100|[from] item: Leftovers
|-damage|p2a: Blissey|68/100|[from] move: Magma Storm|[partiallytrapped]
|upkeep
|turn|47
|
|t:|1640877059
|move|p1a: Heatran|Toxic|p2a: Blissey
|-status|p2a: Blissey|tox
|move|p2a: Blissey|Thunderbolt|p1a: Heatran
|-damage|p1a: Heatran|0 fnt
|faint|p1a: Heatran
|
|-heal|p2a: Blissey|75/100 tox|[from] item: Leftovers
|-damage|p2a: Blissey|68/100 tox|[from] psn
|-end|p2a: Blissey|Magma Storm|[partiallytrapped]|[silent]
|upkeep
|
|t:|1640877069
|switch|p1a: Blissey|Blissey, F|49/100
|turn|48
|
|t:|1640877073
|-curestatus|p2a: Blissey|tox|[from] ability: Natural Cure
|switch|p2a: Toxapex|Toxapex, F|78/100
|move|p1a: Blissey|Seismic Toss|p2a: Toxapex
|-damage|p2a: Toxapex|45/100
|
|-heal|p2a: Toxapex|51/100|[from] item: Black Sludge
|upkeep
|turn|49
|
|t:|1640877083
|switch|p2a: Blissey|Blissey, F|68/100
|move|p1a: Blissey|Teleport|p1a: Blissey
|
|t:|1640877087
|switch|p1a: Landorus|Landorus-Therian, M|100/100|[from]move: Teleport
|-ability|p1a: Landorus|Intimidate|boost
|-unboost|p2a: Blissey|atk|1
|
|-heal|p2a: Blissey|75/100|[from] item: Leftovers
|upkeep
|turn|50
|
|t:|1640877095
|move|p1a: Landorus|U-turn|p2a: Blissey
|-damage|p2a: Blissey|51/100
|
|t:|1640877097
|switch|p1a: Blissey|Blissey, F|49/100|[from]move: U-turn
|move|p2a: Blissey|Soft-Boiled|p2a: Blissey
|-heal|p2a: Blissey|100/100
|
|upkeep
|turn|51
|
|t:|1640877104
|switch|p2a: Toxapex|Toxapex, F|85/100
|move|p1a: Blissey|Toxic|p2a: Toxapex
|-immune|p2a: Toxapex
|
|-heal|p2a: Toxapex|91/100|[from] item: Black Sludge
|upkeep
|turn|52
|
|t:|1640877112
|move|p1a: Blissey|Soft-Boiled|p1a: Blissey
|-heal|p1a: Blissey|99/100
|move|p2a: Toxapex|Knock Off|p1a: Blissey
|-damage|p1a: Blissey|86/100
|-enditem|p1a: Blissey|Heavy-Duty Boots|[from] move: Knock Off|[of] p2a: Toxapex
|
|-heal|p2a: Toxapex|97/100|[from] item: Black Sludge
|upkeep
|turn|53
|
|t:|1640877121
|move|p1a: Blissey|Seismic Toss|p2a: Toxapex
|-damage|p2a: Toxapex|64/100
|move|p2a: Toxapex|Toxic|p1a: Blissey
|-status|p1a: Blissey|tox
|
|-heal|p2a: Toxapex|71/100|[from] item: Black Sludge
|-damage|p1a: Blissey|80/100 tox|[from] psn
|upkeep
|turn|54
|
|t:|1640877131
|move|p1a: Blissey|Toxic|p2a: Toxapex
|-immune|p2a: Toxapex
|move|p2a: Toxapex|Toxic|p1a: Blissey
|-fail|p1a: Blissey|tox
|
|-heal|p2a: Toxapex|77/100|[from] item: Black Sludge
|-damage|p1a: Blissey|67/100 tox|[from] psn
|upkeep
|turn|55
|
|t:|1640877140
|move|p1a: Blissey|Seismic Toss|p2a: Toxapex
|-damage|p2a: Toxapex|44/100
|move|p2a: Toxapex|Toxic|p1a: Blissey
|-fail|p1a: Blissey|tox
|
|-heal|p2a: Toxapex|50/100|[from] item: Black Sludge
|-damage|p1a: Blissey|49/100 tox|[from] psn
|upkeep
|turn|56
|
|t:|1640877149
|switch|p2a: Blissey|Blissey, F|100/100
|move|p1a: Blissey|Teleport|p1a: Blissey
|
|t:|1640877153
|-curestatus|p1a: Blissey|tox|[from] ability: Natural Cure
|switch|p1a: Landorus|Landorus-Therian, M|100/100|[from]move: Teleport
|-ability|p1a: Landorus|Intimidate|boost
|-unboost|p2a: Blissey|atk|1
|
|upkeep
|turn|57
|
|t:|1640877161
|move|p1a: Landorus|U-turn|p2a: Blissey
|-damage|p2a: Blissey|76/100
|
|t:|1640877163
|switch|p1a: Blissey|Blissey, F|49/100|[from]move: U-turn
|move|p2a: Blissey|Ice Beam|p1a: Blissey
|-damage|p1a: Blissey|42/100
|
|-heal|p2a: Blissey|82/100|[from] item: Leftovers
|upkeep
|turn|58
|
|t:|1640877177
|move|p2a: Blissey|Calm Mind|p2a: Blissey
|-boost|p2a: Blissey|spa|1
|-boost|p2a: Blissey|spd|1
|move|p1a: Blissey|Teleport|p1a: Blissey
|
|t:|1640877181
|switch|p1a: Landorus|Landorus-Therian, M|100/100|[from]move: Teleport
|-ability|p1a: Landorus|Intimidate|boost
|-unboost|p2a: Blissey|atk|1
|
|-heal|p2a: Blissey|88/100|[from] item: Leftovers
|upkeep
|turn|59
|
|t:|1640877188
|move|p1a: Landorus|U-turn|p2a: Blissey
|-damage|p2a: Blissey|66/100
|
|t:|1640877190
|switch|p1a: Blissey|Blissey, F|42/100|[from]move: U-turn
|move|p2a: Blissey|Ice Beam|p1a: Blissey
|-damage|p1a: Blissey|33/100
|
|-heal|p2a: Blissey|72/100|[from] item: Leftovers
|upkeep
|turn|60
|
|t:|1640877208
|move|p1a: Blissey|Toxic|p2a: Blissey|[miss]
|-miss|p1a: Blissey|p2a: Blissey
|move|p2a: Blissey|Soft-Boiled|p2a: Blissey
|-heal|p2a: Blissey|100/100
|
|upkeep
|turn|61
|
|t:|1640877215
|switch|p2a: Toxapex|Toxapex, F|83/100
|move|p1a: Blissey|Soft-Boiled|p1a: Blissey
|-heal|p1a: Blissey|83/100
|
|-heal|p2a: Toxapex|90/100|[from] item: Black Sludge
|upkeep
|turn|62
|
|t:|1640877224
|switch|p2a: Blissey|Blissey, F|100/100
|move|p1a: Blissey|Seismic Toss|p2a: Blissey
|-damage|p2a: Blissey|86/100
|
|-heal|p2a: Blissey|92/100|[from] item: Leftovers
|upkeep
|turn|63
|
|t:|1640877232
|switch|p2a: Toxapex|Toxapex, F|100/100
|move|p1a: Blissey|Toxic|p2a: Toxapex|[miss]
|-miss|p1a: Blissey|p2a: Toxapex
|
|upkeep
|turn|64
|
|t:|1640877238
|switch|p2a: Blissey|Blissey, F|92/100
|move|p1a: Blissey|Seismic Toss|p2a: Blissey
|-damage|p2a: Blissey|77/100
|
|-heal|p2a: Blissey|83/100|[from] item: Leftovers
|upkeep
|turn|65
|
|t:|1640877246
|move|p2a: Blissey|Calm Mind|p2a: Blissey
|-boost|p2a: Blissey|spa|1
|-boost|p2a: Blissey|spd|1
|move|p1a: Blissey|Toxic|p2a: Blissey
|-status|p2a: Blissey|tox
|
|-heal|p2a: Blissey|90/100 tox|[from] item: Leftovers
|-damage|p2a: Blissey|83/100 tox|[from] psn
|upkeep
|turn|66
|
|t:|1640877256
|-curestatus|p2a: Blissey|tox|[from] ability: Natural Cure
|switch|p2a: Toxapex|Toxapex, F|100/100
|move|p1a: Blissey|Teleport|p1a: Blissey
|
|t:|1640877260
|switch|p1a: Landorus|Landorus-Therian, M|100/100|[from]move: Teleport
|-ability|p1a: Landorus|Intimidate|boost
|-unboost|p2a: Toxapex|atk|1
|
|upkeep
|turn|67
|
|t:|1640877267
|move|p1a: Landorus|Earthquake|p2a: Toxapex
|-supereffective|p2a: Toxapex
|-damage|p2a: Toxapex|37/100
|move|p2a: Toxapex|Toxic|p1a: Landorus
|-status|p1a: Landorus|tox
|
|-heal|p2a: Toxapex|43/100|[from] item: Black Sludge
|-damage|p1a: Landorus|94/100 tox|[from] psn
|upkeep
|turn|68
|
|t:|1640877277
|move|p1a: Landorus|Earthquake|p2a: Toxapex
|-supereffective|p2a: Toxapex
|-damage|p2a: Toxapex|0 fnt
|faint|p2a: Toxapex
|
|-damage|p1a: Landorus|82/100 tox|[from] psn
|upkeep
|
|t:|1640877283
|switch|p2a: Blissey|Blissey, F|83/100
|turn|69
|
|t:|1640877288
|switch|p1a: Blissey|Blissey, F|83/100
|move|p2a: Blissey|Ice Beam|p1a: Blissey
|-damage|p1a: Blissey|77/100
|
|-heal|p2a: Blissey|90/100|[from] item: Leftovers
|upkeep
|turn|70
|
|t:|1640877297
|move|p2a: Blissey|Calm Mind|p2a: Blissey
|-boost|p2a: Blissey|spa|1
|-boost|p2a: Blissey|spd|1
|move|p1a: Blissey|Toxic|p2a: Blissey
|-status|p2a: Blissey|tox
|
|-heal|p2a: Blissey|96/100 tox|[from] item: Leftovers
|-damage|p2a: Blissey|90/100 tox|[from] psn
|upkeep
|turn|71
|inactive|Battle timer is ON: inactive players will automatically lose when time's up. (requested by Maitredouard2)
|-message|kali_waka forfeited.
|
|win|Maitredouard2
|raw|Maitredouard2's rating: 1609 &rarr; <strong>1631</strong><br />(+22 for winning)
|raw|kali_waka's rating: 1639 &rarr; <strong>1617</strong><br />(-22 for losing)
|l|☆kali_waka
|l|☆Maitredouard2
|j|☆Maitredouard2
|player|p1|Maitredouard2|2
