|j|☆zKally
|j|☆StopRussiaZawarudo
|t:|1652218841
|gametype|singles
|player|p1|zKally|170|1439
|player|p2|StopRussiaZawarudo|hilda|1462
|teamsize|p1|6
|teamsize|p2|6
|gen|8
|tier|[Gen 8] OU
|rated|
|rule|Sleep Clause Mod: Limit one foe put to sleep
|rule|Species Clause: Limit one of each Pokémon
|rule|OHKO Clause: OHKO moves are banned
|rule|Evasion Moves Clause: Evasion moves are banned
|rule|Endless Battle Clause: Forcing endless battles is banned
|rule|HP Percentage Mod: HP is shown in percentages
|rule|Dynamax Clause: You cannot dynamax
|clearpoke
|poke|p1|Nihilego|
|poke|p1|Tapu Lele|
|poke|p1|Magnezone|
|poke|p1|Weavile, F|
|poke|p1|Slowbro, M|
|poke|p1|Landorus-Therian, M|
|poke|p2|Kartana|
|poke|p2|Celesteela|
|poke|p2|Slowbro, F|
|poke|p2|Blissey, F|
|poke|p2|Rillaboom, M|
|poke|p2|Landorus-Therian, M|
|teampreview
|inactive|Battle timer is ON: inactive players will automatically lose when time's up. (requested by StopRussiaZawarudo)
|
|t:|1652218861
|start
|switch|p1a: Landorus|Landorus-Therian, M|100/100
|switch|p2a: Landorus|Landorus-Therian, M|100/100
|-ability|p1a: Landorus|Intimidate|boost
|-unboost|p2a: Landorus|atk|1
|-ability|p2a: Landorus|Intimidate|boost
|-unboost|p1a: Landorus|atk|1
|turn|1
|
|t:|1652218872
|move|p1a: Landorus|Imprison|p1a: Landorus
|-start|p1a: Landorus|move: Imprison
|move|p2a: Landorus|Toxic|p1a: Landorus
|-status|p1a: Landorus|tox
|
|-damage|p1a: Landorus|94/100 tox|[from] psn
|upkeep
|turn|2
|
|t:|1652218889
|move|p1a: Landorus|Stealth Rock|p2a: Landorus
|-sidestart|p2: StopRussiaZawarudo|move: Stealth Rock
|move|p2a: Landorus|Earthquake|p1a: Landorus
|-immune|p1a: Landorus
|
|-heal|p1a: Landorus|100/100 tox|[from] item: Leftovers
|-damage|p1a: Landorus|88/100 tox|[from] psn
|upkeep
|turn|3
|
|t:|1652218902
|move|p1a: Landorus|U-turn|p2a: Landorus
|-resisted|p2a: Landorus
|-damage|p2a: Landorus|93/100
|
|t:|1652218910
|switch|p1a: Slowbro|Slowbro, M|100/100|[from]move: U-turn
|move|p2a: Landorus|Earthquake|p1a: Slowbro
|-damage|p1a: Slowbro|77/100
|
|-heal|p2a: Landorus|99/100|[from] item: Leftovers
|upkeep
|turn|4
|
|t:|1652218927
|move|p2a: Landorus|Toxic|p1a: Slowbro
|-status|p1a: Slowbro|tox
|move|p1a: Slowbro|Future Sight|p2a: Landorus
|-start|p1a: Slowbro|move: Future Sight
|
|-heal|p2a: Landorus|100/100|[from] item: Leftovers
|-damage|p1a: Slowbro|71/100 tox|[from] psn
|upkeep
|turn|5
|
|t:|1652218937
|move|p2a: Landorus|Earthquake|p1a: Slowbro
|-damage|p1a: Slowbro|48/100 tox
|move|p1a: Slowbro|Scald|p2a: Landorus
|-supereffective|p2a: Landorus
|-damage|p2a: Landorus|57/100
|
|-heal|p2a: Landorus|63/100|[from] item: Leftovers
|-damage|p1a: Slowbro|36/100 tox|[from] psn
|upkeep
|turn|6
|
|t:|1652218954
|switch|p1a: Landorus|Landorus-Therian, M|88/100 tox
|-ability|p1a: Landorus|Intimidate|boost
|-unboost|p2a: Landorus|atk|1
|move|p2a: Landorus|U-turn|p1a: Landorus
|-resisted|p1a: Landorus
|-damage|p1a: Landorus|84/100 tox
|
|t:|1652218967
|switch|p2a: Celesteela|Celesteela|100/100|[from]move: U-turn
|-damage|p2a: Celesteela|88/100|[from] Stealth Rock
|
|-end|p2a: Celesteela|move: Future Sight
|-resisted|p2a: Celesteela
|-damage|p2a: Celesteela|70/100
|-heal|p1a: Landorus|90/100 tox|[from] item: Leftovers
|-heal|p2a: Celesteela|76/100|[from] item: Leftovers
|-damage|p1a: Landorus|84/100 tox|[from] psn
|upkeep
|turn|7
|
|t:|1652218980
|switch|p2a: Landorus|Landorus-Therian, M|63/100
|-damage|p2a: Landorus|50/100|[from] Stealth Rock
|-ability|p2a: Landorus|Intimidate|boost
|-unboost|p1a: Landorus|atk|1
|move|p1a: Landorus|U-turn|p2a: Landorus
|-resisted|p2a: Landorus
|-damage|p2a: Landorus|43/100
|
|t:|1652218988
|switch|p1a: Slowbro|Slowbro, M|69/100 tox|[from]move: U-turn
|
|-heal|p2a: Landorus|49/100|[from] item: Leftovers
|-damage|p1a: Slowbro|63/100 tox|[from] psn
|upkeep
|turn|8
|
|t:|1652218997
|move|p2a: Landorus|Stealth Rock|p1a: Slowbro
|-sidestart|p1: zKally|move: Stealth Rock
|move|p1a: Slowbro|Slack Off|p1a: Slowbro
|-heal|p1a: Slowbro|100/100 tox
|
|-heal|p2a: Landorus|55/100|[from] item: Leftovers
|-damage|p1a: Slowbro|88/100 tox|[from] psn
|upkeep
|turn|9
|
|t:|1652219008
|move|p2a: Landorus|Earthquake|p1a: Slowbro
|-damage|p1a: Slowbro|53/100 tox
|move|p1a: Slowbro|Scald|p2a: Landorus
|-supereffective|p2a: Landorus
|-damage|p2a: Landorus|14/100
|
|-heal|p2a: Landorus|20/100|[from] item: Leftovers
|-damage|p1a: Slowbro|35/100 tox|[from] psn
|upkeep
|turn|10
|
|t:|1652219025
|switch|p1a: Landorus|Landorus-Therian, M|84/100 tox
|-damage|p1a: Landorus|72/100 tox|[from] Stealth Rock
|-ability|p1a: Landorus|Intimidate|boost
|-unboost|p2a: Landorus|atk|1
|move|p2a: Landorus|U-turn|p1a: Landorus
|-resisted|p1a: Landorus
|-damage|p1a: Landorus|65/100 tox
|
|t:|1652219035
|switch|p2a: Kartana|Kartana|100/100|[from]move: U-turn
|-damage|p2a: Kartana|94/100|[from] Stealth Rock
|
|-heal|p2a: Kartana|100/100|[from] item: Leftovers
|-heal|p1a: Landorus|71/100 tox|[from] item: Leftovers
|-damage|p1a: Landorus|65/100 tox|[from] psn
|upkeep
|turn|11
|
|t:|1652219051
|switch|p1a: Magnezone|Magnezone|100/100
|-damage|p1a: Magnezone|94/100|[from] Stealth Rock
|move|p2a: Kartana|Substitute|p2a: Kartana
|-start|p2a: Kartana|Substitute
|-damage|p2a: Kartana|76/100
|
|-heal|p2a: Kartana|82/100|[from] item: Leftovers
|upkeep
|turn|12
|
|t:|1652219064
|move|p2a: Kartana|Swords Dance|p2a: Kartana
|-boost|p2a: Kartana|atk|2
|move|p1a: Magnezone|Body Press|p2a: Kartana
|-supereffective|p2a: Kartana
|-end|p2a: Kartana|Substitute
|
|-heal|p2a: Kartana|88/100|[from] item: Leftovers
|upkeep
|turn|13
|
|t:|1652219074
|move|p2a: Kartana|Swords Dance|p2a: Kartana
|-boost|p2a: Kartana|atk|2
|move|p1a: Magnezone|Body Press|p2a: Kartana
|-supereffective|p2a: Kartana
|-damage|p2a: Kartana|49/100
|
|-heal|p2a: Kartana|55/100|[from] item: Leftovers
|upkeep
|turn|14
|
|t:|1652219086
|move|p2a: Kartana|Sacred Sword|p1a: Magnezone
|-supereffective|p1a: Magnezone
|-damage|p1a: Magnezone|0 fnt
|-damage|p2a: Kartana|39/100|[from] item: Rocky Helmet|[of] p1a: Magnezone
|faint|p1a: Magnezone
|-ability|p2a: Kartana|Beast Boost|boost
|-boost|p2a: Kartana|spe|1
|
|-heal|p2a: Kartana|45/100|[from] item: Leftovers
|upkeep
|c|☆StopRussiaZawarudo|dawg
|inactive|zKally has 120 seconds left.
|
|t:|1652219111
|switch|p1a: Weavile|Weavile, F|100/100
|-ability|p1a: Weavile|Pressure
|turn|15
|c|☆StopRussiaZawarudo|what wack ass lando set is that?
|
|t:|1652219119
|move|p1a: Weavile|Ice Shard|p2a: Kartana
|-damage|p2a: Kartana|29/100
|move|p2a: Kartana|Sacred Sword|p1a: Weavile
|-supereffective|p1a: Weavile
|-damage|p1a: Weavile|0 fnt
|faint|p1a: Weavile
|-ability|p2a: Kartana|Beast Boost|boost
|-boost|p2a: Kartana|spe|1
|
|-heal|p2a: Kartana|35/100|[from] item: Leftovers
|upkeep
|-message|zKally forfeited.
|
|win|StopRussiaZawarudo
|raw|zKally's rating: 1439 &rarr; <strong>1420</strong><br />(-19 for losing)
|raw|StopRussiaZawarudo's rating: 1462 &rarr; <strong>1481</strong><br />(+19 for winning)
|l|☆zKally
