|j|☆FleetFoxxx
|j|☆Antopius
|t:|1664821067
|gametype|singles
|player|p1|FleetFoxxx|170|1531
|player|p2|Antopius|red|1550
|teamsize|p1|6
|teamsize|p2|6
|gen|8
|tier|[Gen 8] OU
|rated|
|rule|Sleep Clause Mod: Limit one foe put to sleep
|rule|Species Clause: Limit one of each Pokémon
|rule|OHKO Clause: OHKO moves are banned
|rule|Evasion Items Clause: Evasion items are banned
|rule|Evasion Moves Clause: Evasion moves are banned
|rule|Endless Battle Clause: Forcing endless battles is banned
|rule|HP Percentage Mod: HP is shown in percentages
|rule|Dynamax Clause: You cannot dynamax
|clearpoke
|poke|p1|Zeraora|
|poke|p1|Volcanion|
|poke|p1|Landorus-Therian, M|
|poke|p1|Volcarona, M|
|poke|p1|Blacephalon|
|poke|p1|Moltres-Galar|
|poke|p2|Mandibuzz, F|
|poke|p2|Clefable, M|
|poke|p2|Dragapult, M|
|poke|p2|Chansey, F|
|poke|p2|Toxapex, F|
|poke|p2|Quagsire, M|
|teampreview
|inactive|Battle timer is ON: inactive players will automatically lose when time's up. (requested by Antopius)
|
|t:|1664821084
|start
|switch|p1a: Zeraora|Zeraora|100/100
|switch|p2a: ( ͡👁️ ‿‿ ͡👁️)|Quagsire, M|100/100
|turn|1
|
|t:|1664821099
|move|p1a: Zeraora|Knock Off|p2a: ( ͡👁️ ‿‿ ͡👁️)
|-damage|p2a: ( ͡👁️ ‿‿ ͡👁️)|78/100
|-enditem|p2a: ( ͡👁️ ‿‿ ͡👁️)|Leftovers|[from] move: Knock Off|[of] p1a: Zeraora
|move|p2a: ( ͡👁️ ‿‿ ͡👁️)|Toxic|p1a: Zeraora
|-status|p1a: Zeraora|tox
|
|-damage|p1a: Zeraora|95/100 tox|[from] psn
|upkeep
|turn|2
|
|t:|1664821112
|switch|p1a: Volcarona|Volcarona, M|100/100
|move|p2a: ( ͡👁️ ‿‿ ͡👁️)|Toxic|p1a: Volcarona
|-status|p1a: Volcarona|tox
|
|-damage|p1a: Volcarona|94/100 tox|[from] psn
|upkeep
|turn|3
|
|t:|1664821115
|switch|p2a: ¯\_( ͡~ ‿ ͡°)_/¯|Toxapex, F|100/100
|move|p1a: Volcarona|Bug Buzz|p2a: ¯\_( ͡~ ‿ ͡°)_/¯
|-resisted|p2a: ¯\_( ͡~ ‿ ͡°)_/¯
|-damage|p2a: ¯\_( ͡~ ‿ ͡°)_/¯|71/100
|-damage|p1a: Volcarona|84/100 tox|[from] item: Life Orb
|
|-heal|p2a: ¯\_( ͡~ ‿ ͡°)_/¯|77/100|[from] item: Black Sludge
|-damage|p1a: Volcarona|72/100 tox|[from] psn
|upkeep
|turn|4
|
|t:|1664821119
|move|p1a: Volcarona|Psychic|p2a: ¯\_( ͡~ ‿ ͡°)_/¯
|-supereffective|p2a: ¯\_( ͡~ ‿ ͡°)_/¯
|-damage|p2a: ¯\_( ͡~ ‿ ͡°)_/¯|0 fnt
|faint|p2a: ¯\_( ͡~ ‿ ͡°)_/¯
|-damage|p1a: Volcarona|62/100 tox|[from] item: Life Orb
|
|-damage|p1a: Volcarona|44/100 tox|[from] psn
|upkeep
|
|t:|1664821121
|switch|p2a: ¯\_( ͡~ ‿‿ ͡°)_/¯|Dragapult, M, shiny|100/100
|turn|5
|
|t:|1664821126
|move|p2a: ¯\_( ͡~ ‿‿ ͡°)_/¯|Draco Meteor|p1a: Volcarona
|-damage|p1a: Volcarona|0 fnt
|-unboost|p2a: ¯\_( ͡~ ‿‿ ͡°)_/¯|spa|2
|faint|p1a: Volcarona
|
|upkeep
|
|t:|1664821129
|switch|p1a: Moltres|Moltres-Galar|100/100
|turn|6
|
|t:|1664821142
|switch|p2a: ( ͡❛ ‿ ❛)|Chansey, F|100/100
|switch|p1a: Volcanion|Volcanion|100/100
|
|upkeep
|turn|7
|
|t:|1664821150
|switch|p1a: Zeraora|Zeraora|95/100 tox
|move|p2a: ( ͡❛ ‿ ❛)|Thunder Wave|p1a: Zeraora
|-heal|p1a: Zeraora|100/100 tox|[from] ability: Volt Absorb|[of] p2a: ( ͡❛ ‿ ❛)
|
|-damage|p1a: Zeraora|95/100 tox|[from] psn
|upkeep
|turn|8
|
|t:|1664821154
|switch|p2a: ( ͡👁️ ‿‿ ͡👁️)|Quagsire, M|78/100
|move|p1a: Zeraora|Bulk Up|p1a: Zeraora
|-boost|p1a: Zeraora|atk|1
|-boost|p1a: Zeraora|def|1
|
|-heal|p1a: Zeraora|100/100 tox|[from] item: Leftovers
|-damage|p1a: Zeraora|89/100 tox|[from] psn
|upkeep
|turn|9
|
|t:|1664821160
|move|p1a: Zeraora|Drain Punch|p2a: ( ͡👁️ ‿‿ ͡👁️)
|-damage|p2a: ( ͡👁️ ‿‿ ͡👁️)|62/100
|-heal|p1a: Zeraora|99/100 tox|[from] drain|[of] p2a: ( ͡👁️ ‿‿ ͡👁️)
|move|p2a: ( ͡👁️ ‿‿ ͡👁️)|Recover|p2a: ( ͡👁️ ‿‿ ͡👁️)
|-heal|p2a: ( ͡👁️ ‿‿ ͡👁️)|100/100
|
|-heal|p1a: Zeraora|100/100 tox|[from] item: Leftovers
|-damage|p1a: Zeraora|83/100 tox|[from] psn
|upkeep
|turn|10
|
|t:|1664821165
|switch|p1a: Moltres|Moltres-Galar|100/100
|move|p2a: ( ͡👁️ ‿‿ ͡👁️)|Scald|p1a: Moltres
|-damage|p1a: Moltres|84/100
|-status|p1a: Moltres|brn
|
|-damage|p1a: Moltres|77/100 brn|[from] brn
|upkeep
|turn|11
|
|t:|1664821169
|switch|p2a: ¯\_( ͡~ ‿‿ ͡°)_/¯|Dragapult, M, shiny|100/100
|move|p1a: Moltres|Fiery Wrath|p2a: ¯\_( ͡~ ‿‿ ͡°)_/¯
|-supereffective|p2a: ¯\_( ͡~ ‿‿ ͡°)_/¯
|-damage|p2a: ¯\_( ͡~ ‿‿ ͡°)_/¯|0 fnt
|faint|p2a: ¯\_( ͡~ ‿‿ ͡°)_/¯
|
|-damage|p1a: Moltres|71/100 brn|[from] brn
|upkeep
|
|t:|1664821171
|switch|p2a: ( ͡❛ ‿ ❛)|Chansey, F|100/100
|turn|12
|
|t:|1664821179
|move|p1a: Moltres|Nasty Plot|p1a: Moltres
|-boost|p1a: Moltres|spa|2
|move|p2a: ( ͡❛ ‿ ❛)|Seismic Toss|p1a: Moltres
|-damage|p1a: Moltres|41/100 brn
|-ability|p1a: Moltres|Berserk|boost
|-boost|p1a: Moltres|spa|1
|
|-damage|p1a: Moltres|35/100 brn|[from] brn
|upkeep
|turn|13
|
|t:|1664821185
|move|p1a: Moltres|Rest|p1a: Moltres
|-status|p1a: Moltres|slp|[from] move: Rest
|-heal|p1a: Moltres|100/100 slp|[silent]
|-enditem|p1a: Moltres|Chesto Berry|[eat]
|-curestatus|p1a: Moltres|slp|[msg]
|move|p2a: ( ͡❛ ‿ ❛)|Seismic Toss|p1a: Moltres
|-damage|p1a: Moltres|71/100
|
|upkeep
|turn|14
|
|t:|1664821188
|move|p1a: Moltres|Fiery Wrath|p2a: ( ͡❛ ‿ ❛)
|-damage|p2a: ( ͡❛ ‿ ❛)|68/100
|move|p2a: ( ͡❛ ‿ ❛)|Thunder Wave|p1a: Moltres
|-status|p1a: Moltres|par
|
|upkeep
|turn|15
|
|t:|1664821196
|move|p2a: ( ͡❛ ‿ ❛)|Soft-Boiled|p2a: ( ͡❛ ‿ ❛)
|-heal|p2a: ( ͡❛ ‿ ❛)|100/100
|cant|p1a: Moltres|par
|
|upkeep
|turn|16
|
|t:|1664821199
|move|p2a: ( ͡❛ ‿ ❛)|Seismic Toss|p1a: Moltres
|-damage|p1a: Moltres|41/100 par
|-ability|p1a: Moltres|Berserk|boost
|-boost|p1a: Moltres|spa|1
|cant|p1a: Moltres|par
|
|upkeep
|turn|17
|
|t:|1664821201
|move|p2a: ( ͡❛ ‿ ❛)|Seismic Toss|p1a: Moltres
|-damage|p1a: Moltres|11/100 par
|move|p1a: Moltres|Rest|p1a: Moltres
|-status|p1a: Moltres|slp|[from] move: Rest
|-heal|p1a: Moltres|100/100 slp|[silent]
|
|upkeep
|turn|18
|
|t:|1664821208
|switch|p2a: ( ͡👁️ ‿‿ ͡👁️)|Quagsire, M|100/100
|cant|p1a: Moltres|slp
|
|upkeep
|turn|19
|
|t:|1664821211
|cant|p1a: Moltres|slp
|move|p2a: ( ͡👁️ ‿‿ ͡👁️)|Haze|p2a: ( ͡👁️ ‿‿ ͡👁️)
|-clearallboost
|
|upkeep
|turn|20
|l|☆FleetFoxxx
|inactive|FleetFoxxx disconnected and has a minute to reconnect!
|player|p1|
|inactive|FleetFoxxx has 30 seconds to reconnect!
|j|☆FleetFoxxx
|inactive|FleetFoxxx reconnected and has 115 seconds left.
|player|p1|FleetFoxxx|170
|
|t:|1664821252
|switch|p2a: ( ͡❛ ‿‿ ͡❛)|Clefable, M, shiny|100/100
|-curestatus|p1a: Moltres|slp|[msg]
|move|p1a: Moltres|Fiery Wrath|p2a: ( ͡❛ ‿‿ ͡❛)
|-resisted|p2a: ( ͡❛ ‿‿ ͡❛)
|-damage|p2a: ( ͡❛ ‿‿ ͡❛)|80/100
|
|-heal|p2a: ( ͡❛ ‿‿ ͡❛)|86/100|[from] item: Leftovers
|upkeep
|turn|21
|
|t:|1664821259
|switch|p1a: Volcanion|Volcanion|100/100
|move|p2a: ( ͡❛ ‿‿ ͡❛)|Moonblast|p1a: Volcanion
|-resisted|p1a: Volcanion
|-damage|p1a: Volcanion|84/100
|
|-heal|p2a: ( ͡❛ ‿‿ ͡❛)|92/100|[from] item: Leftovers
|upkeep
|turn|22
|inactive|FleetFoxxx has 120 seconds left.
|
|t:|1664821268
|switch|p2a: ( ͡❛ ‿ ❛)|Chansey, F|100/100
|move|p1a: Volcanion|Steam Eruption|p2a: ( ͡❛ ‿ ❛)
|-damage|p2a: ( ͡❛ ‿ ❛)|83/100
|
|upkeep
|turn|23
|
|t:|1664821277
|switch|p1a: Landorus|Landorus-Therian, M|100/100
|-ability|p1a: Landorus|Intimidate|boost
|-unboost|p2a: ( ͡❛ ‿ ❛)|atk|1
|move|p2a: ( ͡❛ ‿ ❛)|Teleport|p2a: ( ͡❛ ‿ ❛)
|
|t:|1664821282
|switch|p2a: ( ͡👁️ ‿‿ ͡👁️)|Quagsire, M|100/100|[from]move: Teleport
|
|upkeep
|turn|24
|
|t:|1664821289
|move|p1a: Landorus|Stealth Rock|p2a: ( ͡👁️ ‿‿ ͡👁️)
|-sidestart|p2: Antopius|move: Stealth Rock
|move|p2a: ( ͡👁️ ‿‿ ͡👁️)|Toxic|p1a: Landorus
|-status|p1a: Landorus|tox
|
|-damage|p1a: Landorus|95/100 tox|[from] psn
|upkeep
|turn|25
|
|t:|1664821295
|switch|p2a: ( ͡❛ ‿‿ ͡❛)|Clefable, M, shiny|92/100
|move|p1a: Landorus|U-turn|p2a: ( ͡❛ ‿‿ ͡❛)
|-resisted|p2a: ( ͡❛ ‿‿ ͡❛)
|-damage|p2a: ( ͡❛ ‿‿ ͡❛)|80/100
|
|t:|1664821311
|switch|p1a: Volcanion|Volcanion|84/100|[from]move: U-turn
|
|-heal|p2a: ( ͡❛ ‿‿ ͡❛)|86/100|[from] item: Leftovers
|upkeep
|turn|26
|
|t:|1664821319
|move|p1a: Volcanion|Steam Eruption|p2a: ( ͡❛ ‿‿ ͡❛)
|-damage|p2a: ( ͡❛ ‿‿ ͡❛)|28/100
|move|p2a: ( ͡❛ ‿‿ ͡❛)|Thunder Wave|p1a: Volcanion
|-status|p1a: Volcanion|par
|
|-heal|p2a: ( ͡❛ ‿‿ ͡❛)|34/100|[from] item: Leftovers
|upkeep
|turn|27
|
|t:|1664821333
|switch|p1a: Zeraora|Zeraora|83/100 tox
|move|p2a: ( ͡❛ ‿‿ ͡❛)|Soft-Boiled|p2a: ( ͡❛ ‿‿ ͡❛)
|-heal|p2a: ( ͡❛ ‿‿ ͡❛)|84/100
|
|-heal|p1a: Zeraora|89/100 tox|[from] item: Leftovers
|-heal|p2a: ( ͡❛ ‿‿ ͡❛)|90/100|[from] item: Leftovers
|-damage|p1a: Zeraora|83/100 tox|[from] psn
|upkeep
|turn|28
|
|t:|1664821338
|switch|p1a: Volcanion|Volcanion|84/100 par
|move|p2a: ( ͡❛ ‿‿ ͡❛)|Stealth Rock|p1a: Volcanion
|-sidestart|p1: FleetFoxxx|move: Stealth Rock
|
|-heal|p2a: ( ͡❛ ‿‿ ͡❛)|96/100|[from] item: Leftovers
|upkeep
|turn|29
|
|t:|1664821342
|switch|p2a: ( ͡❛ ‿ ❛)|Chansey, F|83/100
|-damage|p2a: ( ͡❛ ‿ ❛)|70/100|[from] Stealth Rock
|move|p1a: Volcanion|Steam Eruption|p2a: ( ͡❛ ‿ ❛)
|-damage|p2a: ( ͡❛ ‿ ❛)|50/100
|
|upkeep
|turn|30
|
|t:|1664821350
|move|p2a: ( ͡❛ ‿ ❛)|Soft-Boiled|p2a: ( ͡❛ ‿ ❛)
|-heal|p2a: ( ͡❛ ‿ ❛)|99/100
|cant|p1a: Volcanion|par
|
|upkeep
|turn|31
|
|t:|1664821354
|move|p2a: ( ͡❛ ‿ ❛)|Seismic Toss|p1a: Volcanion
|-damage|p1a: Volcanion|56/100 par
|move|p1a: Volcanion|Defog|p2a: ( ͡❛ ‿ ❛)
|-unboost|p2a: ( ͡❛ ‿ ❛)|evasion|1
|-sideend|p2: Antopius|Stealth Rock|[from] move: Defog|[of] p1a: Volcanion
|-sideend|p1: FleetFoxxx|Stealth Rock|[from] move: Defog|[of] p1a: Volcanion
|
|upkeep
|turn|32
|
|t:|1664821364
|switch|p1a: Landorus|Landorus-Therian, M|95/100 tox
|-ability|p1a: Landorus|Intimidate|boost
|-unboost|p2a: ( ͡❛ ‿ ❛)|atk|1
|move|p2a: ( ͡❛ ‿ ❛)|Teleport|p2a: ( ͡❛ ‿ ❛)
|
|t:|1664821368
|switch|p2a: ( ͡❛ ‿‿ ͡❛)|Clefable, M, shiny|96/100|[from]move: Teleport
|
|-heal|p2a: ( ͡❛ ‿‿ ͡❛)|100/100|[from] item: Leftovers
|-damage|p1a: Landorus|89/100 tox|[from] psn
|upkeep
|turn|33
|
|t:|1664821371
|move|p1a: Landorus|Explosion|p2a: ( ͡❛ ‿‿ ͡❛)
|-enditem|p1a: Landorus|Normal Gem|[from] gem
|-damage|p2a: ( ͡❛ ‿‿ ͡❛)|0 fnt
|faint|p1a: Landorus
|faint|p2a: ( ͡❛ ‿‿ ͡❛)
|
|upkeep
|
|t:|1664821380
|switch|p1a: Zeraora|Zeraora|83/100 tox
|switch|p2a: ( ͡👁️ ‿ ͡👁️)|Mandibuzz, F, shiny|100/100
|turn|34
|
|t:|1664821388
|switch|p1a: Volcanion|Volcanion|56/100 par
|switch|p2a: ( ͡👁️ ‿‿ ͡👁️)|Quagsire, M|100/100
|
|upkeep
|turn|35
|
|t:|1664821391
|switch|p2a: ( ͡❛ ‿ ❛)|Chansey, F|99/100
|move|p1a: Volcanion|Steam Eruption|p2a: ( ͡❛ ‿ ❛)
|-damage|p2a: ( ͡❛ ‿ ❛)|79/100
|
|upkeep
|turn|36
|
|t:|1664821415
|switch|p1a: Moltres|Moltres-Galar|100/100
|move|p2a: ( ͡❛ ‿ ❛)|Seismic Toss|p1a: Moltres
|-damage|p1a: Moltres|71/100
|
|upkeep
|turn|37
|
|t:|1664821419
|move|p1a: Moltres|Nasty Plot|p1a: Moltres
|-boost|p1a: Moltres|spa|2
|move|p2a: ( ͡❛ ‿ ❛)|Thunder Wave|p1a: Moltres|[miss]
|-miss|p2a: ( ͡❛ ‿ ❛)|p1a: Moltres
|
|upkeep
|turn|38
|
|t:|1664821428
|move|p1a: Moltres|Nasty Plot|p1a: Moltres
|-boost|p1a: Moltres|spa|2
|move|p2a: ( ͡❛ ‿ ❛)|Thunder Wave|p1a: Moltres
|-status|p1a: Moltres|par
|
|upkeep
|turn|39
|
|t:|1664821430
|switch|p2a: ( ͡👁️ ‿‿ ͡👁️)|Quagsire, M|100/100
|move|p1a: Moltres|Rest|p1a: Moltres
|-status|p1a: Moltres|slp|[from] move: Rest
|-heal|p1a: Moltres|100/100 slp|[silent]
|
|upkeep
|turn|40
|
|t:|1664821434
|cant|p1a: Moltres|slp
|move|p2a: ( ͡👁️ ‿‿ ͡👁️)|Haze|p2a: ( ͡👁️ ‿‿ ͡👁️)
|-clearallboost
|
|upkeep
|turn|41
|c|☆Antopius|:D
|
|t:|1664821439
|switch|p2a: ( ͡❛ ‿ ❛)|Chansey, F|79/100
|cant|p1a: Moltres|slp
|
|upkeep
|turn|42
|
|t:|1664821441
|-curestatus|p1a: Moltres|slp|[msg]
|move|p1a: Moltres|Nasty Plot|p1a: Moltres
|-boost|p1a: Moltres|spa|2
|move|p2a: ( ͡❛ ‿ ❛)|Soft-Boiled|p2a: ( ͡❛ ‿ ❛)
|-heal|p2a: ( ͡❛ ‿ ❛)|100/100
|
|upkeep
|turn|43
|
|t:|1664821443
|move|p1a: Moltres|Nasty Plot|p1a: Moltres
|-boost|p1a: Moltres|spa|2
|move|p2a: ( ͡❛ ‿ ❛)|Thunder Wave|p1a: Moltres
|-status|p1a: Moltres|par
|
|upkeep
|turn|44
|
|t:|1664821446
|switch|p2a: ( ͡👁️ ‿‿ ͡👁️)|Quagsire, M|100/100
|move|p1a: Moltres|Fiery Wrath|p2a: ( ͡👁️ ‿‿ ͡👁️)
|-damage|p2a: ( ͡👁️ ‿‿ ͡👁️)|54/100
|
|upkeep
|turn|45
|
|t:|1664821451
|cant|p1a: Moltres|par
|move|p2a: ( ͡👁️ ‿‿ ͡👁️)|Recover|p2a: ( ͡👁️ ‿‿ ͡👁️)
|-heal|p2a: ( ͡👁️ ‿‿ ͡👁️)|100/100
|
|upkeep
|turn|46
|
|t:|1664821459
|move|p1a: Moltres|Agility|p1a: Moltres
|-boost|p1a: Moltres|spe|2
|move|p2a: ( ͡👁️ ‿‿ ͡👁️)|Haze|p2a: ( ͡👁️ ‿‿ ͡👁️)
|-clearallboost
|
|upkeep
|turn|47
|
|t:|1664821466
|switch|p2a: ( ͡❛ ‿ ❛)|Chansey, F|100/100
|move|p1a: Moltres|Agility|p1a: Moltres
|-boost|p1a: Moltres|spe|2
|
|upkeep
|turn|48
|
|t:|1664821473
|move|p1a: Moltres|Nasty Plot|p1a: Moltres
|-boost|p1a: Moltres|spa|2
|move|p2a: ( ͡❛ ‿ ❛)|Seismic Toss|p1a: Moltres
|-damage|p1a: Moltres|71/100 par
|
|upkeep
|turn|49
|
|t:|1664821480
|move|p1a: Moltres|Rest|p1a: Moltres
|-status|p1a: Moltres|slp|[from] move: Rest
|-heal|p1a: Moltres|100/100 slp|[silent]
|move|p2a: ( ͡❛ ‿ ❛)|Seismic Toss|p1a: Moltres
|-damage|p1a: Moltres|71/100 slp
|
|upkeep
|turn|50
|
|t:|1664821484
|cant|p1a: Moltres|slp
|move|p2a: ( ͡❛ ‿ ❛)|Seismic Toss|p1a: Moltres
|-damage|p1a: Moltres|41/100 slp
|-ability|p1a: Moltres|Berserk|boost
|-boost|p1a: Moltres|spa|1
|
|upkeep
|turn|51
|
|t:|1664821487
|cant|p1a: Moltres|slp
|move|p2a: ( ͡❛ ‿ ❛)|Seismic Toss|p1a: Moltres
|-damage|p1a: Moltres|11/100 slp
|
|upkeep
|turn|52
|
|t:|1664821489
|-curestatus|p1a: Moltres|slp|[msg]
|move|p1a: Moltres|Rest|p1a: Moltres
|-status|p1a: Moltres|slp|[from] move: Rest
|-heal|p1a: Moltres|100/100 slp|[silent]
|move|p2a: ( ͡❛ ‿ ❛)|Seismic Toss|p1a: Moltres
|-damage|p1a: Moltres|71/100 slp
|
|upkeep
|turn|53
|
|t:|1664821499
|switch|p2a: ( ͡👁️ ‿‿ ͡👁️)|Quagsire, M|100/100
|cant|p1a: Moltres|slp
|
|upkeep
|turn|54
|
|t:|1664821504
|cant|p1a: Moltres|slp
|move|p2a: ( ͡👁️ ‿‿ ͡👁️)|Haze|p2a: ( ͡👁️ ‿‿ ͡👁️)
|-clearallboost
|
|upkeep
|turn|55
|
|t:|1664821509
|-curestatus|p1a: Moltres|slp|[msg]
|move|p1a: Moltres|Nasty Plot|p1a: Moltres
|-boost|p1a: Moltres|spa|2
|move|p2a: ( ͡👁️ ‿‿ ͡👁️)|Scald|p1a: Moltres
|-damage|p1a: Moltres|54/100
|
|upkeep
|turn|56
|
|t:|1664821515
|move|p1a: Moltres|Nasty Plot|p1a: Moltres
|-boost|p1a: Moltres|spa|2
|move|p2a: ( ͡👁️ ‿‿ ͡👁️)|Haze|p2a: ( ͡👁️ ‿‿ ͡👁️)
|-clearallboost
|
|upkeep
|turn|57
|
|t:|1664821524
|switch|p1a: Volcanion|Volcanion|56/100 par
|move|p2a: ( ͡👁️ ‿‿ ͡👁️)|Toxic||[still]
|-fail|p2a: ( ͡👁️ ‿‿ ͡👁️)
|
|upkeep
|turn|58
|
|t:|1664821529
|switch|p2a: ( ͡👁️ ‿ ͡👁️)|Mandibuzz, F, shiny|100/100
|cant|p1a: Volcanion|par
|
|upkeep
|turn|59
|
|t:|1664821532
|move|p2a: ( ͡👁️ ‿ ͡👁️)|Foul Play|p1a: Volcanion
|-damage|p1a: Volcanion|35/100 par
|move|p1a: Volcanion|Steam Eruption|p2a: ( ͡👁️ ‿ ͡👁️)
|-damage|p2a: ( ͡👁️ ‿ ͡👁️)|53/100
|-status|p2a: ( ͡👁️ ‿ ͡👁️)|brn
|
|-damage|p2a: ( ͡👁️ ‿ ͡👁️)|47/100 brn|[from] brn
|upkeep
|turn|60
|
|t:|1664821537
|switch|p1a: Zeraora|Zeraora|83/100 tox
|move|p2a: ( ͡👁️ ‿ ͡👁️)|Roost|p2a: ( ͡👁️ ‿ ͡👁️)
|-heal|p2a: ( ͡👁️ ‿ ͡👁️)|97/100 brn
|-singleturn|p2a: ( ͡👁️ ‿ ͡👁️)|move: Roost
|
|-heal|p1a: Zeraora|89/100 tox|[from] item: Leftovers
|-damage|p1a: Zeraora|83/100 tox|[from] psn
|-damage|p2a: ( ͡👁️ ‿ ͡👁️)|91/100 brn|[from] brn
|upkeep
|turn|61
|
|t:|1664821545
|switch|p1a: Volcanion|Volcanion|35/100 par
|switch|p2a: ( ͡👁️ ‿‿ ͡👁️)|Quagsire, M|100/100
|
|upkeep
|turn|62
|
|t:|1664821552
|move|p2a: ( ͡👁️ ‿‿ ͡👁️)|Toxic||[still]
|-fail|p2a: ( ͡👁️ ‿‿ ͡👁️)
|move|p1a: Volcanion|Flamethrower|p2a: ( ͡👁️ ‿‿ ͡👁️)
|-resisted|p2a: ( ͡👁️ ‿‿ ͡👁️)
|-damage|p2a: ( ͡👁️ ‿‿ ͡👁️)|70/100
|
|upkeep
|turn|63
|
|t:|1664821556
|switch|p2a: ( ͡👁️ ‿ ͡👁️)|Mandibuzz, F, shiny|91/100 brn
|move|p1a: Volcanion|Flamethrower|p2a: ( ͡👁️ ‿ ͡👁️)
|-damage|p2a: ( ͡👁️ ‿ ͡👁️)|51/100 brn
|
|-damage|p2a: ( ͡👁️ ‿ ͡👁️)|45/100 brn|[from] brn
|upkeep
|turn|64
|
|t:|1664821564
|switch|p1a: Moltres|Moltres-Galar|54/100
|move|p2a: ( ͡👁️ ‿ ͡👁️)|Roost|p2a: ( ͡👁️ ‿ ͡👁️)
|-heal|p2a: ( ͡👁️ ‿ ͡👁️)|95/100 brn
|-singleturn|p2a: ( ͡👁️ ‿ ͡👁️)|move: Roost
|
|-damage|p2a: ( ͡👁️ ‿ ͡👁️)|88/100 brn|[from] brn
|upkeep
|turn|65
|
|t:|1664821570
|move|p1a: Moltres|Rest|p1a: Moltres
|-status|p1a: Moltres|slp|[from] move: Rest
|-heal|p1a: Moltres|100/100 slp|[silent]
|move|p2a: ( ͡👁️ ‿ ͡👁️)|U-turn|p1a: Moltres
|-damage|p1a: Moltres|94/100 slp
|
|t:|1664821572
|switch|p2a: ( ͡❛ ‿ ❛)|Chansey, F|100/100|[from]move: U-turn
|
|upkeep
|turn|66
|
|t:|1664821580
|switch|p1a: Blacephalon|Blacephalon|100/100
|move|p2a: ( ͡❛ ‿ ❛)|Seismic Toss|p1a: Blacephalon
|-immune|p1a: Blacephalon
|
|upkeep
|turn|67
|
|t:|1664821583
|move|p1a: Blacephalon|Flamethrower|p2a: ( ͡❛ ‿ ❛)
|-damage|p2a: ( ͡❛ ‿ ❛)|83/100
|-status|p2a: ( ͡❛ ‿ ❛)|brn
|move|p2a: ( ͡❛ ‿ ❛)|Thunder Wave|p1a: Blacephalon
|-status|p1a: Blacephalon|par
|
|-damage|p2a: ( ͡❛ ‿ ❛)|77/100 brn|[from] brn
|upkeep
|turn|68
|
|t:|1664821587
|move|p1a: Blacephalon|Flamethrower|p2a: ( ͡❛ ‿ ❛)
|-damage|p2a: ( ͡❛ ‿ ❛)|60/100 brn
|move|p2a: ( ͡❛ ‿ ❛)|Soft-Boiled|p2a: ( ͡❛ ‿ ❛)
|-heal|p2a: ( ͡❛ ‿ ❛)|100/100 brn
|
|-damage|p2a: ( ͡❛ ‿ ❛)|94/100 brn|[from] brn
|upkeep
|turn|69
|
|t:|1664821591
|cant|p1a: Blacephalon|par
|move|p2a: ( ͡❛ ‿ ❛)|Teleport|p2a: ( ͡❛ ‿ ❛)
|
|t:|1664821593
|-curestatus|p2a: ( ͡❛ ‿ ❛)|brn|[from] ability: Natural Cure
|switch|p2a: ( ͡👁️ ‿ ͡👁️)|Mandibuzz, F, shiny|88/100 brn|[from]move: Teleport
|
|-damage|p2a: ( ͡👁️ ‿ ͡👁️)|82/100 brn|[from] brn
|upkeep
|turn|70
|
|t:|1664821597
|switch|p1a: Moltres|Moltres-Galar|94/100 slp
|move|p2a: ( ͡👁️ ‿ ͡👁️)|Foul Play|p1a: Moltres
|-resisted|p1a: Moltres
|-damage|p1a: Moltres|88/100 slp
|
|-damage|p2a: ( ͡👁️ ‿ ͡👁️)|76/100 brn|[from] brn
|upkeep
|turn|71
|
|t:|1664821600
|cant|p1a: Moltres|slp
|move|p2a: ( ͡👁️ ‿ ͡👁️)|U-turn|p1a: Moltres
|-damage|p1a: Moltres|82/100 slp
|
|t:|1664821602
|switch|p2a: ( ͡👁️ ‿‿ ͡👁️)|Quagsire, M|70/100|[from]move: U-turn
|
|upkeep
|turn|72
|
|t:|1664821608
|switch|p1a: Volcanion|Volcanion|35/100 par
|move|p2a: ( ͡👁️ ‿‿ ͡👁️)|Recover|p2a: ( ͡👁️ ‿‿ ͡👁️)
|-heal|p2a: ( ͡👁️ ‿‿ ͡👁️)|100/100
|
|upkeep
|turn|73
|
|t:|1664821614
|switch|p2a: ( ͡❛ ‿ ❛)|Chansey, F|94/100
|cant|p1a: Volcanion|par
|
|upkeep
|turn|74
|
|t:|1664821617
|switch|p1a: Moltres|Moltres-Galar|82/100 slp
|move|p2a: ( ͡❛ ‿ ❛)|Teleport|p2a: ( ͡❛ ‿ ❛)
|
|t:|1664821620
|switch|p2a: ( ͡👁️ ‿ ͡👁️)|Mandibuzz, F, shiny|76/100 brn|[from]move: Teleport
|
|-damage|p2a: ( ͡👁️ ‿ ͡👁️)|70/100 brn|[from] brn
|upkeep
|turn|75
|
|t:|1664821629
|cant|p1a: Moltres|slp
|move|p2a: ( ͡👁️ ‿ ͡👁️)|Roost|p2a: ( ͡👁️ ‿ ͡👁️)
|-heal|p2a: ( ͡👁️ ‿ ͡👁️)|100/100 brn
|-singleturn|p2a: ( ͡👁️ ‿ ͡👁️)|move: Roost
|
|-damage|p2a: ( ͡👁️ ‿ ͡👁️)|94/100 brn|[from] brn
|upkeep
|turn|76
|
|t:|1664821631
|-curestatus|p1a: Moltres|slp|[msg]
|move|p1a: Moltres|Nasty Plot|p1a: Moltres
|-boost|p1a: Moltres|spa|2
|move|p2a: ( ͡👁️ ‿ ͡👁️)|U-turn|p1a: Moltres
|-damage|p1a: Moltres|76/100
|
|t:|1664821634
|switch|p2a: ( ͡👁️ ‿‿ ͡👁️)|Quagsire, M|100/100|[from]move: U-turn
|
|upkeep
|turn|77
|
|t:|1664821636
|move|p1a: Moltres|Fiery Wrath|p2a: ( ͡👁️ ‿‿ ͡👁️)
|-damage|p2a: ( ͡👁️ ‿‿ ͡👁️)|50/100
|move|p2a: ( ͡👁️ ‿‿ ͡👁️)|Haze|p2a: ( ͡👁️ ‿‿ ͡👁️)
|-clearallboost
|
|upkeep
|turn|78
|
|t:|1664821639
|move|p1a: Moltres|Fiery Wrath|p2a: ( ͡👁️ ‿‿ ͡👁️)
|-damage|p2a: ( ͡👁️ ‿‿ ͡👁️)|3/100
|move|p2a: ( ͡👁️ ‿‿ ͡👁️)|Recover|p2a: ( ͡👁️ ‿‿ ͡👁️)
|-heal|p2a: ( ͡👁️ ‿‿ ͡👁️)|53/100
|
|upkeep
|turn|79
|
|t:|1664821644
|switch|p2a: ( ͡👁️ ‿ ͡👁️)|Mandibuzz, F, shiny|94/100 brn
|move|p1a: Moltres|Fiery Wrath|p2a: ( ͡👁️ ‿ ͡👁️)
|-resisted|p2a: ( ͡👁️ ‿ ͡👁️)
|-damage|p2a: ( ͡👁️ ‿ ͡👁️)|79/100 brn
|
|-damage|p2a: ( ͡👁️ ‿ ͡👁️)|72/100 brn|[from] brn
|upkeep
|turn|80
|
|t:|1664821652
|move|p1a: Moltres|Nasty Plot|p1a: Moltres
|-boost|p1a: Moltres|spa|2
|move|p2a: ( ͡👁️ ‿ ͡👁️)|U-turn|p1a: Moltres
|-damage|p1a: Moltres|69/100
|
|t:|1664821654
|switch|p2a: ( ͡❛ ‿ ❛)|Chansey, F|94/100|[from]move: U-turn
|
|upkeep
|turn|81
|
|t:|1664821657
|move|p1a: Moltres|Nasty Plot|p1a: Moltres
|-boost|p1a: Moltres|spa|2
|move|p2a: ( ͡❛ ‿ ❛)|Thunder Wave|p1a: Moltres
|-status|p1a: Moltres|par
|
|upkeep
|turn|82
|
|t:|1664821659
|move|p1a: Moltres|Rest|p1a: Moltres
|-status|p1a: Moltres|slp|[from] move: Rest
|-heal|p1a: Moltres|100/100 slp|[silent]
|move|p2a: ( ͡❛ ‿ ❛)|Teleport|p2a: ( ͡❛ ‿ ❛)
|
|t:|1664821662
|switch|p2a: ( ͡👁️ ‿‿ ͡👁️)|Quagsire, M|53/100|[from]move: Teleport
|
|upkeep
|turn|83
|
|t:|1664821670
|cant|p1a: Moltres|slp
|move|p2a: ( ͡👁️ ‿‿ ͡👁️)|Recover|p2a: ( ͡👁️ ‿‿ ͡👁️)
|-heal|p2a: ( ͡👁️ ‿‿ ͡👁️)|100/100
|
|upkeep
|turn|84
|
|t:|1664821673
|cant|p1a: Moltres|slp
|move|p2a: ( ͡👁️ ‿‿ ͡👁️)|Haze|p2a: ( ͡👁️ ‿‿ ͡👁️)
|-clearallboost
|
|upkeep
|turn|85
|
|t:|1664821677
|-curestatus|p1a: Moltres|slp|[msg]
|move|p1a: Moltres|Fiery Wrath|p2a: ( ͡👁️ ‿‿ ͡👁️)
|-damage|p2a: ( ͡👁️ ‿‿ ͡👁️)|49/100
|cant|p2a: ( ͡👁️ ‿‿ ͡👁️)|flinch
|
|upkeep
|turn|86
|
|t:|1664821682
|switch|p2a: ( ͡❛ ‿ ❛)|Chansey, F|94/100
|move|p1a: Moltres|Nasty Plot|p1a: Moltres
|-boost|p1a: Moltres|spa|2
|
|upkeep
|turn|87
|
|t:|1664821688
|move|p1a: Moltres|Nasty Plot|p1a: Moltres
|-boost|p1a: Moltres|spa|2
|move|p2a: ( ͡❛ ‿ ❛)|Thunder Wave|p1a: Moltres
|-status|p1a: Moltres|par
|
|upkeep
|turn|88
|
|t:|1664821694
|move|p1a: Moltres|Fiery Wrath|p2a: ( ͡❛ ‿ ❛)
|-damage|p2a: ( ͡❛ ‿ ❛)|58/100
|move|p2a: ( ͡❛ ‿ ❛)|Teleport|p2a: ( ͡❛ ‿ ❛)
|
|t:|1664821696
|switch|p2a: ( ͡👁️ ‿‿ ͡👁️)|Quagsire, M|49/100|[from]move: Teleport
|
|upkeep
|turn|89
|
|t:|1664821704
|cant|p1a: Moltres|par
|move|p2a: ( ͡👁️ ‿‿ ͡👁️)|Recover|p2a: ( ͡👁️ ‿‿ ͡👁️)
|-heal|p2a: ( ͡👁️ ‿‿ ͡👁️)|99/100
|
|upkeep
|turn|90
|
|t:|1664821708
|move|p1a: Moltres|Agility|p1a: Moltres
|-boost|p1a: Moltres|spe|2
|move|p2a: ( ͡👁️ ‿‿ ͡👁️)|Haze|p2a: ( ͡👁️ ‿‿ ͡👁️)
|-clearallboost
|
|upkeep
|turn|91
|
|t:|1664821712
|switch|p2a: ( ͡❛ ‿ ❛)|Chansey, F|58/100
|move|p1a: Moltres|Agility|p1a: Moltres
|-boost|p1a: Moltres|spe|2
|
|upkeep
|turn|92
|
|t:|1664821715
|move|p1a: Moltres|Nasty Plot|p1a: Moltres
|-boost|p1a: Moltres|spa|2
|move|p2a: ( ͡❛ ‿ ❛)|Soft-Boiled|p2a: ( ͡❛ ‿ ❛)
|-heal|p2a: ( ͡❛ ‿ ❛)|100/100
|
|upkeep
|turn|93
|
|t:|1664821721
|move|p1a: Moltres|Nasty Plot|p1a: Moltres
|-boost|p1a: Moltres|spa|2
|move|p2a: ( ͡❛ ‿ ❛)|Teleport|p2a: ( ͡❛ ‿ ❛)
|
|t:|1664821722
|switch|p2a: ( ͡👁️ ‿‿ ͡👁️)|Quagsire, M|99/100|[from]move: Teleport
|
|upkeep
|turn|94
|
|t:|1664821731
|move|p1a: Moltres|Fiery Wrath|p2a: ( ͡👁️ ‿‿ ͡👁️)
|-damage|p2a: ( ͡👁️ ‿‿ ͡👁️)|46/100
|move|p2a: ( ͡👁️ ‿‿ ͡👁️)|Haze|p2a: ( ͡👁️ ‿‿ ͡👁️)
|-clearallboost
|
|upkeep
|turn|95
|l|☆FleetFoxxx
|inactive|FleetFoxxx disconnected and has a minute to reconnect!
|player|p1|
|j|☆FleetFoxxx
|inactive|FleetFoxxx reconnected and has 130 seconds left.
|player|p1|FleetFoxxx|170
|inactive|FleetFoxxx has 120 seconds left.
|
|t:|1664821762
|switch|p2a: ( ͡❛ ‿ ❛)|Chansey, F|100/100
|cant|p1a: Moltres|par
|
|upkeep
|turn|96
|inactive|FleetFoxxx has 120 seconds left.
|
|t:|1664821772
|switch|p1a: Blacephalon|Blacephalon|100/100 par
|move|p2a: ( ͡❛ ‿ ❛)|Teleport|p2a: ( ͡❛ ‿ ❛)
|
|t:|1664821775
|switch|p2a: ( ͡👁️ ‿ ͡👁️)|Mandibuzz, F, shiny|72/100 brn|[from]move: Teleport
|
|-damage|p2a: ( ͡👁️ ‿ ͡👁️)|66/100 brn|[from] brn
|upkeep
|turn|97
|l|☆FleetFoxxx
|inactive|FleetFoxxx disconnected and has a minute to reconnect!
|player|p1|
|j|☆FleetFoxxx
|inactive|FleetFoxxx reconnected and has 115 seconds left.
|player|p1|FleetFoxxx|170
|
|t:|1664821795
|switch|p1a: Moltres|Moltres-Galar|100/100 par
|move|p2a: ( ͡👁️ ‿ ͡👁️)|Roost|p2a: ( ͡👁️ ‿ ͡👁️)
|-heal|p2a: ( ͡👁️ ‿ ͡👁️)|100/100 brn
|-singleturn|p2a: ( ͡👁️ ‿ ͡👁️)|move: Roost
|
|-damage|p2a: ( ͡👁️ ‿ ͡👁️)|94/100 brn|[from] brn
|upkeep
|turn|98
|
|t:|1664821801
|move|p2a: ( ͡👁️ ‿ ͡👁️)|U-turn|p1a: Moltres
|-damage|p1a: Moltres|95/100 par
|
|t:|1664821803
|switch|p2a: ( ͡❛ ‿ ❛)|Chansey, F|100/100|[from]move: U-turn
|cant|p1a: Moltres|par
|
|upkeep
|turn|99
|
|t:|1664821812
|move|p2a: ( ͡❛ ‿ ❛)|Seismic Toss|p1a: Moltres
|-damage|p1a: Moltres|65/100 par
|cant|p1a: Moltres|par
|
|upkeep
|turn|100
|
|t:|1664821823
|move|p2a: ( ͡❛ ‿ ❛)|Seismic Toss|p1a: Moltres
|-damage|p1a: Moltres|35/100 par
|-ability|p1a: Moltres|Berserk|boost
|-boost|p1a: Moltres|spa|1
|move|p1a: Moltres|Rest|p1a: Moltres
|-status|p1a: Moltres|slp|[from] move: Rest
|-heal|p1a: Moltres|100/100 slp|[silent]
|
|upkeep
|turn|101
|
|t:|1664821829
|cant|p1a: Moltres|slp
|move|p2a: ( ͡❛ ‿ ❛)|Teleport|p2a: ( ͡❛ ‿ ❛)
|
|t:|1664821832
|switch|p2a: ( ͡👁️ ‿‿ ͡👁️)|Quagsire, M|46/100|[from]move: Teleport
|
|upkeep
|turn|102
|
|t:|1664821837
|switch|p1a: Volcanion|Volcanion|35/100 par
|move|p2a: ( ͡👁️ ‿‿ ͡👁️)|Recover|p2a: ( ͡👁️ ‿‿ ͡👁️)
|-heal|p2a: ( ͡👁️ ‿‿ ͡👁️)|96/100
|
|upkeep
|turn|103
|
|t:|1664821848
|switch|p2a: ( ͡👁️ ‿ ͡👁️)|Mandibuzz, F, shiny|94/100 brn
|cant|p1a: Volcanion|par
|
|-damage|p2a: ( ͡👁️ ‿ ͡👁️)|88/100 brn|[from] brn
|upkeep
|turn|104
|
|t:|1664821853
|switch|p1a: Moltres|Moltres-Galar|100/100 slp
|move|p2a: ( ͡👁️ ‿ ͡👁️)|U-turn|p1a: Moltres
|-damage|p1a: Moltres|94/100 slp
|
|t:|1664821864
|switch|p2a: ( ͡❛ ‿ ❛)|Chansey, F|100/100|[from]move: U-turn
|
|upkeep
|turn|105
|
|t:|1664821870
|cant|p1a: Moltres|slp
|move|p2a: ( ͡❛ ‿ ❛)|Thunder Wave||[still]
|-fail|p2a: ( ͡❛ ‿ ❛)
|
|upkeep
|turn|106
|
|t:|1664821881
|-curestatus|p1a: Moltres|slp|[msg]
|move|p1a: Moltres|Agility|p1a: Moltres
|-boost|p1a: Moltres|spe|2
|move|p2a: ( ͡❛ ‿ ❛)|Thunder Wave|p1a: Moltres
|-status|p1a: Moltres|par
|
|upkeep
|turn|107
|
|t:|1664821886
|move|p1a: Moltres|Nasty Plot|p1a: Moltres
|-boost|p1a: Moltres|spa|2
|move|p2a: ( ͡❛ ‿ ❛)|Teleport|p2a: ( ͡❛ ‿ ❛)
|
|t:|1664821887
|switch|p2a: ( ͡👁️ ‿‿ ͡👁️)|Quagsire, M|96/100|[from]move: Teleport
|
|upkeep
|turn|108
|
|t:|1664821891
|switch|p1a: Volcanion|Volcanion|35/100 par
|move|p2a: ( ͡👁️ ‿‿ ͡👁️)|Haze|p2a: ( ͡👁️ ‿‿ ͡👁️)
|-clearallboost
|
|upkeep
|turn|109
|
|t:|1664821913
|switch|p2a: ( ͡👁️ ‿ ͡👁️)|Mandibuzz, F, shiny|88/100 brn
|move|p1a: Volcanion|Flamethrower|p2a: ( ͡👁️ ‿ ͡👁️)
|-damage|p2a: ( ͡👁️ ‿ ͡👁️)|49/100 brn
|
|-damage|p2a: ( ͡👁️ ‿ ͡👁️)|42/100 brn|[from] brn
|upkeep
|turn|110
|inactive|Antopius has 120 seconds left.
|
|t:|1664821948
|switch|p1a: Moltres|Moltres-Galar|94/100 par
|move|p2a: ( ͡👁️ ‿ ͡👁️)|Roost|p2a: ( ͡👁️ ‿ ͡👁️)
|-heal|p2a: ( ͡👁️ ‿ ͡👁️)|92/100 brn
|-singleturn|p2a: ( ͡👁️ ‿ ͡👁️)|move: Roost
|
|-damage|p2a: ( ͡👁️ ‿ ͡👁️)|86/100 brn|[from] brn
|upkeep
|turn|111
|
|t:|1664821957
|move|p2a: ( ͡👁️ ‿ ͡👁️)|U-turn|p1a: Moltres
|-damage|p1a: Moltres|87/100 par
|
|t:|1664821961
|switch|p2a: ( ͡❛ ‿ ❛)|Chansey, F|100/100|[from]move: U-turn
|move|p1a: Moltres|Agility|p1a: Moltres
|-boost|p1a: Moltres|spe|2
|
|upkeep
|turn|112
|
|t:|1664821966
|move|p1a: Moltres|Nasty Plot|p1a: Moltres
|-boost|p1a: Moltres|spa|2
|move|p2a: ( ͡❛ ‿ ❛)|Thunder Wave|p1a: Moltres
|-fail|p1a: Moltres|par
|
|upkeep
|turn|113
|
|t:|1664821971
|move|p1a: Moltres|Agility|p1a: Moltres
|-boost|p1a: Moltres|spe|2
|move|p2a: ( ͡❛ ‿ ❛)|Thunder Wave|p1a: Moltres
|-fail|p1a: Moltres|par
|
|upkeep
|turn|114
|inactive|Antopius has 120 seconds left.
|
|t:|1664821978
|move|p1a: Moltres|Agility|p1a: Moltres
|-boost|p1a: Moltres|spe|2
|move|p2a: ( ͡❛ ‿ ❛)|Teleport|p2a: ( ͡❛ ‿ ❛)
|
|t:|1664821980
|switch|p2a: ( ͡👁️ ‿‿ ͡👁️)|Quagsire, M|96/100|[from]move: Teleport
|
|upkeep
|turn|115
|
|t:|1664821983
|move|p1a: Moltres|Fiery Wrath|p2a: ( ͡👁️ ‿‿ ͡👁️)
|-damage|p2a: ( ͡👁️ ‿‿ ͡👁️)|46/100
|cant|p2a: ( ͡👁️ ‿‿ ͡👁️)|flinch
|
|upkeep
|turn|116
|
|t:|1664821995
|switch|p2a: ( ͡❛ ‿ ❛)|Chansey, F|100/100
|move|p1a: Moltres|Fiery Wrath|p2a: ( ͡❛ ‿ ❛)
|-damage|p2a: ( ͡❛ ‿ ❛)|76/100
|
|upkeep
|turn|117
|
|t:|1664822001
|cant|p1a: Moltres|par
|move|p2a: ( ͡❛ ‿ ❛)|Soft-Boiled|p2a: ( ͡❛ ‿ ❛)
|-heal|p2a: ( ͡❛ ‿ ❛)|100/100
|
|upkeep
|turn|118
|
|t:|1664822007
|move|p1a: Moltres|Nasty Plot|p1a: Moltres
|-boost|p1a: Moltres|spa|2
|move|p2a: ( ͡❛ ‿ ❛)|Seismic Toss|p1a: Moltres
|-damage|p1a: Moltres|58/100 par
|
|upkeep
|turn|119
|
|t:|1664822013
|move|p1a: Moltres|Rest|p1a: Moltres
|-status|p1a: Moltres|slp|[from] move: Rest
|-heal|p1a: Moltres|100/100 slp|[silent]
|move|p2a: ( ͡❛ ‿ ❛)|Seismic Toss|p1a: Moltres
|-damage|p1a: Moltres|71/100 slp
|
|upkeep
|turn|120
|
|t:|1664822018
|switch|p2a: ( ͡👁️ ‿‿ ͡👁️)|Quagsire, M|46/100
|cant|p1a: Moltres|slp
|
|upkeep
|turn|121
|
|t:|1664822021
|cant|p1a: Moltres|slp
|move|p2a: ( ͡👁️ ‿‿ ͡👁️)|Recover|p2a: ( ͡👁️ ‿‿ ͡👁️)
|-heal|p2a: ( ͡👁️ ‿‿ ͡👁️)|96/100
|
|upkeep
|turn|122
|
|t:|1664822029
|switch|p1a: Volcanion|Volcanion|35/100 par
|move|p2a: ( ͡👁️ ‿‿ ͡👁️)|Haze|p2a: ( ͡👁️ ‿‿ ͡👁️)
|-clearallboost
|
|upkeep
|turn|123
|
|t:|1664822036
|switch|p2a: ( ͡❛ ‿ ❛)|Chansey, F|100/100
|move|p1a: Volcanion|Flamethrower|p2a: ( ͡❛ ‿ ❛)
|-damage|p2a: ( ͡❛ ‿ ❛)|84/100
|
|upkeep
|turn|124
|
|t:|1664822061
|switch|p1a: Blacephalon|Blacephalon|100/100 par
|move|p2a: ( ͡❛ ‿ ❛)|Seismic Toss|p1a: Blacephalon
|-immune|p1a: Blacephalon
|
|upkeep
|turn|125
|
|t:|1664822070
|move|p1a: Blacephalon|Flamethrower|p2a: ( ͡❛ ‿ ❛)
|-damage|p2a: ( ͡❛ ‿ ❛)|68/100
|move|p2a: ( ͡❛ ‿ ❛)|Teleport|p2a: ( ͡❛ ‿ ❛)
|
|t:|1664822076
|switch|p2a: ( ͡👁️ ‿ ͡👁️)|Mandibuzz, F, shiny|86/100 brn|[from]move: Teleport
|
|-damage|p2a: ( ͡👁️ ‿ ͡👁️)|80/100 brn|[from] brn
|upkeep
|turn|126
|
|t:|1664822078
|switch|p1a: Moltres|Moltres-Galar|71/100 slp
|move|p2a: ( ͡👁️ ‿ ͡👁️)|U-turn|p1a: Moltres
|-damage|p1a: Moltres|64/100 slp
|inactive|Antopius has 120 seconds left.
|
|t:|1664822119
|switch|p2a: ( ͡👁️ ‿‿ ͡👁️)|Quagsire, M|96/100|[from]move: U-turn
|
|upkeep
|turn|127
|
|t:|1664822126
|-curestatus|p1a: Moltres|slp|[msg]
|move|p1a: Moltres|Agility|p1a: Moltres
|-boost|p1a: Moltres|spe|2
|move|p2a: ( ͡👁️ ‿‿ ͡👁️)|Toxic|p1a: Moltres
|-status|p1a: Moltres|tox
|
|-damage|p1a: Moltres|58/100 tox|[from] psn
|upkeep
|turn|128
|
|t:|1664822132
|move|p1a: Moltres|Fiery Wrath|p2a: ( ͡👁️ ‿‿ ͡👁️)
|-damage|p2a: ( ͡👁️ ‿‿ ͡👁️)|43/100
|move|p2a: ( ͡👁️ ‿‿ ͡👁️)|Haze|p2a: ( ͡👁️ ‿‿ ͡👁️)
|-clearallboost
|
|-damage|p1a: Moltres|46/100 tox|[from] psn
|upkeep
|turn|129
|
|t:|1664822136
|move|p1a: Moltres|Rest|p1a: Moltres
|-status|p1a: Moltres|slp|[from] move: Rest
|-heal|p1a: Moltres|100/100 slp|[silent]
|move|p2a: ( ͡👁️ ‿‿ ͡👁️)|Recover|p2a: ( ͡👁️ ‿‿ ͡👁️)
|-heal|p2a: ( ͡👁️ ‿‿ ͡👁️)|93/100
|
|upkeep
|turn|130
|c|☆Antopius|tie
|c|☆Antopius|:D
|c|☆Antopius|//tie
|c|☆Antopius|//tie
|inactive|Antopius has 90 seconds left.
|
|t:|1664822163
|switch|p2a: ( ͡❛ ‿ ❛)|Chansey, F|68/100
|cant|p1a: Moltres|slp
|
|upkeep
|turn|131
|
|t:|1664822167
|switch|p1a: Blacephalon|Blacephalon|100/100 par
|move|p2a: ( ͡❛ ‿ ❛)|Thunder Wave|p1a: Blacephalon
|-fail|p1a: Blacephalon|par
|
|upkeep
|turn|132
|
|t:|1664822174
|move|p1a: Blacephalon|Flamethrower|p2a: ( ͡❛ ‿ ❛)
|-damage|p2a: ( ͡❛ ‿ ❛)|53/100
|move|p2a: ( ͡❛ ‿ ❛)|Soft-Boiled|p2a: ( ͡❛ ‿ ❛)
|-heal|p2a: ( ͡❛ ‿ ❛)|100/100
|
|upkeep
|turn|133
|
|t:|1664822181
|move|p1a: Blacephalon|Flamethrower|p2a: ( ͡❛ ‿ ❛)
|-damage|p2a: ( ͡❛ ‿ ❛)|85/100
|move|p2a: ( ͡❛ ‿ ❛)|Teleport|p2a: ( ͡❛ ‿ ❛)
|
|t:|1664822182
|switch|p2a: ( ͡👁️ ‿ ͡👁️)|Mandibuzz, F, shiny|80/100 brn|[from]move: Teleport
|
|-damage|p2a: ( ͡👁️ ‿ ͡👁️)|74/100 brn|[from] brn
|upkeep
|turn|134
|
|t:|1664822193
|switch|p1a: Moltres|Moltres-Galar|100/100 slp
|move|p2a: ( ͡👁️ ‿ ͡👁️)|Foul Play|p1a: Moltres
|-resisted|p1a: Moltres
|-damage|p1a: Moltres|94/100 slp
|
|-damage|p2a: ( ͡👁️ ‿ ͡👁️)|68/100 brn|[from] brn
|upkeep
|turn|135
|
|t:|1664822198
|cant|p1a: Moltres|slp
|move|p2a: ( ͡👁️ ‿ ͡👁️)|Roost|p2a: ( ͡👁️ ‿ ͡👁️)
|-heal|p2a: ( ͡👁️ ‿ ͡👁️)|100/100 brn
|-singleturn|p2a: ( ͡👁️ ‿ ͡👁️)|move: Roost
|
|-damage|p2a: ( ͡👁️ ‿ ͡👁️)|94/100 brn|[from] brn
|upkeep
|turn|136
|
|t:|1664822201
|-curestatus|p1a: Moltres|slp|[msg]
|move|p1a: Moltres|Agility|p1a: Moltres
|-boost|p1a: Moltres|spe|2
|move|p2a: ( ͡👁️ ‿ ͡👁️)|Foul Play|p1a: Moltres
|-resisted|p1a: Moltres
|-damage|p1a: Moltres|88/100
|
|-damage|p2a: ( ͡👁️ ‿ ͡👁️)|88/100 brn|[from] brn
|upkeep
|turn|137
|
|t:|1664822215
|move|p1a: Moltres|Nasty Plot|p1a: Moltres
|-boost|p1a: Moltres|spa|2
|move|p2a: ( ͡👁️ ‿ ͡👁️)|Foul Play|p1a: Moltres
|-resisted|p1a: Moltres
|-damage|p1a: Moltres|82/100
|
|-damage|p2a: ( ͡👁️ ‿ ͡👁️)|82/100 brn|[from] brn
|upkeep
|turn|138
|
|t:|1664822219
|move|p1a: Moltres|Agility|p1a: Moltres
|-boost|p1a: Moltres|spe|2
|move|p2a: ( ͡👁️ ‿ ͡👁️)|Roost|p2a: ( ͡👁️ ‿ ͡👁️)
|-heal|p2a: ( ͡👁️ ‿ ͡👁️)|100/100 brn
|-singleturn|p2a: ( ͡👁️ ‿ ͡👁️)|move: Roost
|
|-damage|p2a: ( ͡👁️ ‿ ͡👁️)|94/100 brn|[from] brn
|upkeep
|turn|139
|
|t:|1664822225
|move|p1a: Moltres|Agility|p1a: Moltres
|-boost|p1a: Moltres|spe|2
|move|p2a: ( ͡👁️ ‿ ͡👁️)|Foul Play|p1a: Moltres
|-resisted|p1a: Moltres
|-damage|p1a: Moltres|77/100
|
|-damage|p2a: ( ͡👁️ ‿ ͡👁️)|88/100 brn|[from] brn
|upkeep
|turn|140
|
|t:|1664822232
|move|p1a: Moltres|Nasty Plot|p1a: Moltres
|-boost|p1a: Moltres|spa|2
|move|p2a: ( ͡👁️ ‿ ͡👁️)|U-turn|p1a: Moltres
|-damage|p1a: Moltres|71/100
|
|t:|1664822237
|switch|p2a: ( ͡👁️ ‿‿ ͡👁️)|Quagsire, M|93/100|[from]move: U-turn
|
|upkeep
|turn|141
|
|t:|1664822249
|switch|p1a: Volcanion|Volcanion|35/100 par
|move|p2a: ( ͡👁️ ‿‿ ͡👁️)|Haze|p2a: ( ͡👁️ ‿‿ ͡👁️)
|-clearallboost
|
|upkeep
|turn|142
|
|t:|1664822257
|switch|p2a: ( ͡❛ ‿ ❛)|Chansey, F|85/100
|move|p1a: Volcanion|Steam Eruption|p2a: ( ͡❛ ‿ ❛)
|-damage|p2a: ( ͡❛ ‿ ❛)|65/100
|
|upkeep
|turn|143
|
|t:|1664822267
|switch|p1a: Blacephalon|Blacephalon|100/100 par
|move|p2a: ( ͡❛ ‿ ❛)|Thunder Wave|p1a: Blacephalon
|-fail|p1a: Blacephalon|par
|
|upkeep
|turn|144
|
|t:|1664822272
|move|p1a: Blacephalon|Flamethrower|p2a: ( ͡❛ ‿ ❛)
|-damage|p2a: ( ͡❛ ‿ ❛)|49/100
|move|p2a: ( ͡❛ ‿ ❛)|Soft-Boiled|p2a: ( ͡❛ ‿ ❛)
|-heal|p2a: ( ͡❛ ‿ ❛)|99/100
|
|upkeep
|turn|145
|
|t:|1664822278
|move|p1a: Blacephalon|Flamethrower|p2a: ( ͡❛ ‿ ❛)
|-damage|p2a: ( ͡❛ ‿ ❛)|84/100
|move|p2a: ( ͡❛ ‿ ❛)|Teleport|p2a: ( ͡❛ ‿ ❛)
|-message|Antopius forfeited.
|
|win|FleetFoxxx
|raw|FleetFoxxx's rating: 1531 &rarr; <strong>1550</strong><br />(+19 for winning)
|raw|Antopius's rating: 1509 &rarr; <strong>1490</strong><br />(-19 for losing)
|l|☆Antopius
