|raw|<div class="broadcast-blue"><strong>This battle is required to be public due to a player having a name starting with 'lt92pf'.</div>
|j|☆Hostile Takeovers
|j|☆LT92PF El Mainer
|t:|1660014108
|gametype|singles
|player|p1|Hostile Takeovers|giovanni-gen3|1885
|player|p2|LT92PF El Mainer|#ssdivlindworms|2035
|teamsize|p1|6
|teamsize|p2|6
|gen|8
|tier|[Gen 8] OU
|rated|
|rule|Sleep Clause Mod: Limit one foe put to sleep
|rule|Species Clause: Limit one of each Pokémon
|rule|OHKO Clause: OHKO moves are banned
|rule|Evasion Items Clause: Evasion items are banned
|rule|Evasion Moves Clause: Evasion moves are banned
|rule|Endless Battle Clause: Forcing endless battles is banned
|rule|HP Percentage Mod: HP is shown in percentages
|rule|Dynamax Clause: You cannot dynamax
|clearpoke
|poke|p1|Dragonite, M|
|poke|p1|Ferrothorn, F|
|poke|p1|Azumarill, F|
|poke|p1|Heatran, F|
|poke|p1|Rillaboom, F|
|poke|p1|Zapdos|
|poke|p2|Volcanion|
|poke|p2|Ninetales-Alola, M|
|poke|p2|Corviknight, F|
|poke|p2|Arctozolt|
|poke|p2|Landorus-Therian, M|
|poke|p2|Tornadus-Therian, M|
|teampreview
|inactive|Battle timer is ON: inactive players will automatically lose when time's up. (requested by Hostile Takeovers)
|j| lolWomen
|j| atvin
|
|t:|1660014130
|start
|switch|p1a: Zapdos|Zapdos|100/100
|switch|p2a: The Strapcano|Volcanion|100/100
|-ability|p1a: Zapdos|Pressure
|turn|1
|j| AlIoutdragadarts
|
|t:|1660014137
|switch|p2a: Carson|Landorus-Therian, M|100/100
|-ability|p2a: Carson|Intimidate|boost
|-unboost|p1a: Zapdos|atk|1
|move|p1a: Zapdos|Toxic|p2a: Carson
|-status|p2a: Carson|tox
|
|-damage|p2a: Carson|94/100 tox|[from] psn
|upkeep
|turn|2
|
|t:|1660014147
|move|p1a: Zapdos|Hurricane|p2a: Carson
|-damage|p2a: Carson|50/100 tox
|-start|p2a: Carson|confusion
|-activate|p2a: Carson|confusion
|move|p2a: Carson|U-turn|p1a: Zapdos
|-resisted|p1a: Zapdos
|-damage|p1a: Zapdos|88/100
|
|t:|1660014152
|switch|p2a: The Strap Winds|Ninetales-Alola, M|100/100|[from]move: U-turn
|-weather|Hail|[from] ability: Snow Warning|[of] p2a: The Strap Winds
|
|-weather|Hail|[upkeep]
|-damage|p1a: Zapdos|82/100|[from] Hail
|upkeep
|turn|3
|j| omicorio
|j| 50 at max
|
|t:|1660014160
|switch|p2a: Carson|Landorus-Therian, M|50/100 tox
|-ability|p2a: Carson|Intimidate|boost
|-unboost|p1a: Zapdos|atk|1
|switch|p1a: Heatran|Heatran, F|100/100
|
|-weather|Hail|[upkeep]
|-damage|p1a: Heatran|94/100|[from] Hail
|-damage|p2a: Carson|44/100 tox|[from] Hail
|-heal|p1a: Heatran|100/100|[from] item: Leftovers
|-heal|p2a: Carson|50/100 tox|[from] item: Leftovers
|-damage|p2a: Carson|44/100 tox|[from] psn
|upkeep
|turn|4
|l| 50 at max
|j| 50 at max
|l| 50 at max
|j| lt92pf velcro
|
|t:|1660014179
|switch|p1a: Ferrothorn|Ferrothorn, F|100/100
|move|p2a: Carson|U-turn|p1a: Ferrothorn
|-damage|p1a: Ferrothorn|87/100
|-damage|p2a: Carson|32/100 tox|[from] ability: Iron Barbs|[of] p1a: Ferrothorn
|-damage|p2a: Carson|15/100 tox|[from] item: Rocky Helmet|[of] p1a: Ferrothorn
|j| LT92PF ACR1
|j| LT91BB Livio
|j| lt92pf shinra
|j| jeandonis02
|inactive|LT92PF El Mainer has 120 seconds left.
|j| juicelol
|j| whoghohou
|inactive|LT92PF El Mainer has 90 seconds left.
|j| lt92pf mj
|l| whoghohou
|l| lolWomen
|inactive|LT92PF El Mainer has 60 seconds left.
|
|t:|1660014277
|switch|p2a: The Strapcano|Volcanion|100/100|[from]move: U-turn
|
|-weather|Hail|[upkeep]
|-damage|p2a: The Strapcano|95/100|[from] Hail
|-damage|p1a: Ferrothorn|81/100|[from] Hail
|upkeep
|turn|5
|
|t:|1660014288
|switch|p1a: Dragonite|Dragonite, M|100/100
|move|p2a: The Strapcano|Steam Eruption|p1a: Dragonite
|-resisted|p1a: Dragonite
|-damage|p1a: Dragonite|81/100
|-status|p1a: Dragonite|brn
|
|-weather|Hail|[upkeep]
|-damage|p2a: The Strapcano|89/100|[from] Hail
|-damage|p1a: Dragonite|75/100 brn|[from] Hail
|-damage|p1a: Dragonite|69/100 brn|[from] brn
|upkeep
|turn|6
|
|t:|1660014300
|switch|p2a: The Strap.|Arctozolt|100/100
|move|p1a: Dragonite|Roost|p1a: Dragonite
|-heal|p1a: Dragonite|100/100 brn
|-singleturn|p1a: Dragonite|move: Roost
|
|-weather|Hail|[upkeep]
|-damage|p1a: Dragonite|94/100 brn|[from] Hail
|-damage|p1a: Dragonite|88/100 brn|[from] brn
|upkeep
|turn|7
|j| doctor droppa
|
|t:|1660014309
|switch|p1a: Ferrothorn|Ferrothorn, F|81/100
|move|p2a: The Strap.|Substitute|p2a: The Strap.
|-start|p2a: The Strap.|Substitute
|-damage|p2a: The Strap.|76/100
|
|-weather|Hail|[upkeep]
|-damage|p1a: Ferrothorn|75/100|[from] Hail
|-heal|p2a: The Strap.|82/100|[from] item: Leftovers
|upkeep
|turn|8
|
|t:|1660014321
|move|p2a: The Strap.|Blizzard|p1a: Ferrothorn
|-damage|p1a: Ferrothorn|47/100
|move|p1a: Ferrothorn|Body Press|p2a: The Strap.
|-supereffective|p2a: The Strap.
|-end|p2a: The Strap.|Substitute
|
|-weather|Hail|[upkeep]
|-damage|p1a: Ferrothorn|41/100|[from] Hail
|-heal|p2a: The Strap.|88/100|[from] item: Leftovers
|upkeep
|turn|9
|
|t:|1660014330
|switch|p2a: The Corvonsolo|Corviknight, F|100/100
|-ability|p2a: The Corvonsolo|Pressure
|move|p1a: Ferrothorn|Leech Seed|p2a: The Corvonsolo
|-start|p2a: The Corvonsolo|move: Leech Seed
|
|-weather|none
|-damage|p2a: The Corvonsolo|88/100|[from] Leech Seed|[of] p1a: Ferrothorn
|-heal|p1a: Ferrothorn|54/100|[silent]
|upkeep
|turn|10
|j| LT92PF fardin
|
|t:|1660014340
|move|p2a: The Corvonsolo|U-turn|p1a: Ferrothorn
|-damage|p1a: Ferrothorn|46/100
|-damage|p2a: The Corvonsolo|76/100|[from] ability: Iron Barbs|[of] p1a: Ferrothorn
|-damage|p2a: The Corvonsolo|59/100|[from] item: Rocky Helmet|[of] p1a: Ferrothorn
|
|t:|1660014343
|switch|p2a: The Strapcano|Volcanion|89/100|[from]move: U-turn
|move|p1a: Ferrothorn|Leech Seed|p2a: The Strapcano|[miss]
|-miss|p1a: Ferrothorn|p2a: The Strapcano
|
|upkeep
|turn|11
|
|t:|1660014354
|switch|p1a: Dragonite|Dragonite, M|88/100 brn
|move|p2a: The Strapcano|Steam Eruption|p1a: Dragonite
|-resisted|p1a: Dragonite
|-damage|p1a: Dragonite|50/100 brn
|
|-damage|p1a: Dragonite|43/100 brn|[from] brn
|upkeep
|turn|12
|
|t:|1660014361
|move|p2a: The Strapcano|Steam Eruption|p1a: Dragonite
|-resisted|p1a: Dragonite
|-damage|p1a: Dragonite|4/100 brn
|move|p1a: Dragonite|Roost|p1a: Dragonite
|-heal|p1a: Dragonite|54/100 brn
|-singleturn|p1a: Dragonite|move: Roost
|
|-damage|p1a: Dragonite|48/100 brn|[from] brn
|upkeep
|turn|13
|
|t:|1660014370
|switch|p2a: The Strap Winds|Ninetales-Alola, M|100/100
|-weather|Hail|[from] ability: Snow Warning|[of] p2a: The Strap Winds
|move|p1a: Dragonite|Roost|p1a: Dragonite
|-heal|p1a: Dragonite|98/100 brn
|-singleturn|p1a: Dragonite|move: Roost
|
|-weather|Hail|[upkeep]
|-damage|p1a: Dragonite|92/100 brn|[from] Hail
|-damage|p1a: Dragonite|86/100 brn|[from] brn
|upkeep
|turn|14
|
|t:|1660014381
|switch|p2a: The Strapcano|Volcanion|89/100
|switch|p1a: Heatran|Heatran, F|100/100
|
|-weather|Hail|[upkeep]
|-damage|p2a: The Strapcano|83/100|[from] Hail
|-damage|p1a: Heatran|94/100|[from] Hail
|-heal|p1a: Heatran|100/100|[from] item: Leftovers
|upkeep
|turn|15
|inactive|Hostile Takeovers has 120 seconds left.
|
|t:|1660014412
|switch|p1a: Dragonite|Dragonite, M|86/100 brn
|move|p2a: The Strapcano|Steam Eruption|p1a: Dragonite
|-resisted|p1a: Dragonite
|-damage|p1a: Dragonite|45/100 brn
|
|-weather|Hail|[upkeep]
|-damage|p2a: The Strapcano|77/100|[from] Hail
|-damage|p1a: Dragonite|39/100 brn|[from] Hail
|-damage|p1a: Dragonite|33/100 brn|[from] brn
|upkeep
|turn|16
|
|t:|1660014421
|switch|p1a: Rillaboom|Rillaboom, F|100/100
|-fieldstart|move: Grassy Terrain|[from] ability: Grassy Surge|[of] p1a: Rillaboom
|move|p2a: The Strapcano|Steam Eruption|p1a: Rillaboom
|-resisted|p1a: Rillaboom
|-damage|p1a: Rillaboom|32/100
|-status|p1a: Rillaboom|brn
|
|-weather|Hail|[upkeep]
|-damage|p1a: Rillaboom|26/100 brn|[from] Hail
|-damage|p2a: The Strapcano|71/100|[from] Hail
|-heal|p1a: Rillaboom|32/100 brn|[from] Grassy Terrain
|-heal|p2a: The Strapcano|77/100|[from] Grassy Terrain
|-damage|p1a: Rillaboom|26/100 brn|[from] brn
|upkeep
|turn|17
|inactive|Hostile Takeovers has 120 seconds left.
|
|t:|1660014443
|move|p1a: Rillaboom|Knock Off|p2a: The Strapcano
|-damage|p2a: The Strapcano|50/100
|-enditem|p2a: The Strapcano|Choice Specs|[from] move: Knock Off|[of] p1a: Rillaboom
|move|p2a: The Strapcano|Steam Eruption|p1a: Rillaboom
|-resisted|p1a: Rillaboom
|-damage|p1a: Rillaboom|0 fnt
|faint|p1a: Rillaboom
|
|-weather|Hail|[upkeep]
|-damage|p2a: The Strapcano|44/100|[from] Hail
|-heal|p2a: The Strapcano|50/100|[from] Grassy Terrain
|upkeep
|
|t:|1660014453
|switch|p1a: Zapdos|Zapdos|82/100
|-ability|p1a: Zapdos|Pressure
|turn|18
|
|t:|1660014466
|switch|p2a: Carson|Landorus-Therian, M|15/100 tox
|-ability|p2a: Carson|Intimidate|boost
|-unboost|p1a: Zapdos|atk|1
|move|p1a: Zapdos|Toxic|p2a: Carson
|-fail|p2a: Carson|tox
|
|-weather|Hail|[upkeep]
|-damage|p1a: Zapdos|76/100|[from] Hail
|-damage|p2a: Carson|9/100 tox|[from] Hail
|-heal|p2a: Carson|15/100 tox|[from] item: Leftovers
|-damage|p2a: Carson|9/100 tox|[from] psn
|upkeep
|turn|19
|
|t:|1660014469
|switch|p2a: The Strap.|Arctozolt|88/100
|move|p1a: Zapdos|Hurricane|p2a: The Strap.
|-resisted|p2a: The Strap.
|-damage|p2a: The Strap.|48/100
|
|-weather|Hail|[upkeep]
|-damage|p1a: Zapdos|69/100|[from] Hail
|-heal|p2a: The Strap.|54/100|[from] Grassy Terrain
|-heal|p2a: The Strap.|60/100|[from] item: Leftovers
|upkeep
|turn|20
|inactive|Hostile Takeovers has 120 seconds left.
|
|t:|1660014486
|switch|p1a: Heatran|Heatran, F|100/100
|move|p2a: The Strap.|Bolt Beak|p1a: Heatran
|-damage|p1a: Heatran|37/100
|
|-weather|none
|-heal|p2a: The Strap.|67/100|[from] Grassy Terrain
|-heal|p2a: The Strap.|73/100|[from] item: Leftovers
|-heal|p1a: Heatran|44/100|[from] Grassy Terrain
|-heal|p1a: Heatran|50/100|[from] item: Leftovers
|-fieldend|move: Grassy Terrain
|upkeep
|turn|21
|inactive|Hostile Takeovers has 120 seconds left.
|
|t:|1660014496
|switch|p1a: Ferrothorn|Ferrothorn, F|46/100
|move|p2a: The Strap.|Bolt Beak|p1a: Ferrothorn
|-resisted|p1a: Ferrothorn
|-damage|p1a: Ferrothorn|26/100
|-damage|p2a: The Strap.|60/100|[from] ability: Iron Barbs|[of] p1a: Ferrothorn
|-damage|p2a: The Strap.|44/100|[from] item: Rocky Helmet|[of] p1a: Ferrothorn
|
|-heal|p2a: The Strap.|50/100|[from] item: Leftovers
|upkeep
|turn|22
|inactive|Hostile Takeovers has 120 seconds left.
|
|t:|1660014522
|move|p2a: The Strap.|Blizzard|p1a: Ferrothorn
|-crit|p1a: Ferrothorn
|-damage|p1a: Ferrothorn|0 fnt
|faint|p1a: Ferrothorn
|
|-heal|p2a: The Strap.|56/100|[from] item: Leftovers
|upkeep
|
|t:|1660014537
|switch|p1a: Zapdos|Zapdos|69/100
|-ability|p1a: Zapdos|Pressure
|turn|23
|
|t:|1660014542
|switch|p2a: The Strap Winds|Ninetales-Alola, M|100/100
|-weather|Hail|[from] ability: Snow Warning|[of] p2a: The Strap Winds
|move|p1a: Zapdos|Roost|p1a: Zapdos
|-heal|p1a: Zapdos|100/100
|-singleturn|p1a: Zapdos|move: Roost
|
|-weather|Hail|[upkeep]
|-damage|p1a: Zapdos|94/100|[from] Hail
|upkeep
|turn|24
|
|t:|1660014548
|switch|p2a: Carson|Landorus-Therian, M|9/100 tox
|-ability|p2a: Carson|Intimidate|boost
|-unboost|p1a: Zapdos|atk|1
|switch|p1a: Heatran|Heatran, F|50/100
|
|-weather|Hail|[upkeep]
|-damage|p1a: Heatran|44/100|[from] Hail
|-damage|p2a: Carson|3/100 tox|[from] Hail
|-heal|p1a: Heatran|50/100|[from] item: Leftovers
|-heal|p2a: Carson|9/100 tox|[from] item: Leftovers
|-damage|p2a: Carson|3/100 tox|[from] psn
|upkeep
|turn|25
|
|t:|1660014574
|switch|p1a: Dragonite|Dragonite, M|33/100 brn
|move|p2a: Carson|Earthquake|p1a: Dragonite
|-immune|p1a: Dragonite
|
|-weather|Hail|[upkeep]
|-damage|p1a: Dragonite|27/100 brn|[from] Hail
|-damage|p2a: Carson|0 fnt|[from] Hail
|faint|p2a: Carson
|-damage|p1a: Dragonite|20/100 brn|[from] brn
|upkeep
|
|t:|1660014577
|switch|p2a: The Strap.|Arctozolt|56/100
|turn|26
|
|t:|1660014585
|move|p2a: The Strap.|Bolt Beak|p1a: Dragonite
|-damage|p1a: Dragonite|0 fnt
|faint|p1a: Dragonite
|
|-weather|Hail|[upkeep]
|-heal|p2a: The Strap.|62/100|[from] item: Leftovers
|upkeep
|
|t:|1660014596
|switch|p1a: Zapdos|Zapdos|94/100
|-ability|p1a: Zapdos|Pressure
|turn|27
|
|t:|1660014607
|switch|p1a: Heatran|Heatran, F|50/100
|move|p2a: The Strap.|Blizzard|p1a: Heatran
|-resisted|p1a: Heatran
|-damage|p1a: Heatran|45/100
|
|-weather|Hail|[upkeep]
|-damage|p1a: Heatran|39/100|[from] Hail
|-heal|p2a: The Strap.|69/100|[from] item: Leftovers
|-heal|p1a: Heatran|45/100|[from] item: Leftovers
|upkeep
|turn|28
|
|t:|1660014629
|switch|p1a: Azumarill|Azumarill, F|100/100
|move|p2a: The Strap.|Bolt Beak|p1a: Azumarill
|-supereffective|p1a: Azumarill
|-damage|p1a: Azumarill|0 fnt
|faint|p1a: Azumarill
|
|-weather|Hail|[upkeep]
|-heal|p2a: The Strap.|75/100|[from] item: Leftovers
|upkeep
|
|t:|1660014636
|switch|p1a: Zapdos|Zapdos|94/100
|-ability|p1a: Zapdos|Pressure
|turn|29
|
|t:|1660014648
|move|p2a: The Strap.|Blizzard|p1a: Zapdos
|-supereffective|p1a: Zapdos
|-damage|p1a: Zapdos|15/100
|move|p1a: Zapdos|Roost|p1a: Zapdos
|-heal|p1a: Zapdos|65/100
|-singleturn|p1a: Zapdos|move: Roost
|
|-weather|Hail|[upkeep]
|-damage|p1a: Zapdos|59/100|[from] Hail
|-heal|p2a: The Strap.|81/100|[from] item: Leftovers
|upkeep
|turn|30
|
|t:|1660014658
|switch|p1a: Heatran|Heatran, F|45/100
|move|p2a: The Strap.|Bolt Beak|p1a: Heatran
|-damage|p1a: Heatran|0 fnt
|faint|p1a: Heatran
|
|-weather|none
|-heal|p2a: The Strap.|87/100|[from] item: Leftovers
|upkeep
|-message|Hostile Takeovers forfeited.
|
|win|LT92PF El Mainer
|raw|Hostile Takeovers's rating: 1885 &rarr; <strong>1873</strong><br />(-12 for losing)
|raw|LT92PF El Mainer's rating: 2035 &rarr; <strong>2047</strong><br />(+12 for winning)
|l|☆Hostile Takeovers
|l|☆LT92PF El Mainer
|l| lt92pf shinra
|l| doctor droppa
|l| juicelol
|l| LT92PF fardin
|l| LT91BB Livio
||Ladder isn't responding, score probably updated but might not have (Request timeout).
|l| lt92pf mj
|l| AlIoutdragadarts
|l| atvin
