|j|☆Ctrl G-Max
|j|☆early_human
|player|p1|Ctrl G-Max|188|1412
|player|p2|early_human|2|1412
|teamsize|p1|6
|teamsize|p2|6
|gametype|singles
|gen|8
|tier|[Gen 8] OU
|rated|
|clearpoke
|poke|p1|Aegislash, F|
|poke|p1|Noivern, M|
|poke|p1|Rotom-Mow|
|poke|p1|Hatterene, F|
|poke|p1|Tyranitar, M|
|poke|p1|Excadrill, M|
|poke|p2|Arctozolt|
|poke|p2|Mandibuzz, F|
|poke|p2|Aegislash, M|
|poke|p2|Hydreigon, F|
|poke|p2|Cinderace, M|
|poke|p2|Vaporeon, F|
|rule|Sleep Clause Mod: Limit one foe put to sleep
|rule|Species Clause: Limit one of each Pokémon
|rule|OHKO Clause: OHKO moves are banned
|rule|Evasion Moves Clause: Evasion moves are banned
|rule|Endless Battle Clause: Forcing endless battles is banned
|rule|HP Percentage Mod: HP is shown in percentages
|rule|Dynamax Clause: You cannot dynamax
|teampreview
|inactive|Battle timer is ON: inactive players will automatically lose when time's up. (requested by Ctrl G-Max)
|
|start
|switch|p1a: Rotom|Rotom-Mow|100/100
|switch|p2a: Cinderace|Cinderace, M|100/100
|turn|1
|inactive|Ctrl G-Max has 120 seconds left.
|
|switch|p2a: Arctozolt|Arctozolt|100/100
|move|p1a: Rotom|Volt Switch|p2a: Arctozolt
|-immune|p2a: Arctozolt|[from] ability: Volt Absorb
|
|upkeep
|turn|2
|inactive|Ctrl G-Max has 120 seconds left.
|
|move|p1a: Rotom|Will-O-Wisp|p2a: Arctozolt
|-status|p2a: Arctozolt|brn
|move|p2a: Arctozolt|Stomping Tantrum|p1a: Rotom
|-immune|p1a: Rotom|[from] ability: Levitate
|
|-damage|p2a: Arctozolt|94/100 brn|[from] brn
|upkeep
|turn|3
|inactive|Ctrl G-Max has 120 seconds left.
|
|switch|p1a: Tyranitar|Tyranitar, M|100/100
|-weather|Sandstorm|[from] ability: Sand Stream|[of] p1a: Tyranitar
|move|p2a: Arctozolt|Freeze-Dry|p1a: Tyranitar
|-damage|p1a: Tyranitar|88/100
|
|-weather|Sandstorm|[upkeep]
|-damage|p2a: Arctozolt|88/100 brn|[from] Sandstorm
|-damage|p2a: Arctozolt|82/100 brn|[from] brn
|upkeep
|turn|4
|inactive|Ctrl G-Max has 120 seconds left.
|
|move|p1a: Tyranitar|Dragon Dance|p1a: Tyranitar
|-boost|p1a: Tyranitar|atk|1
|-boost|p1a: Tyranitar|spe|1
|move|p2a: Arctozolt|Low Kick|p1a: Tyranitar
|-supereffective|p1a: Tyranitar
|-damage|p1a: Tyranitar|29/100
|-enditem|p1a: Tyranitar|Weakness Policy
|-boost|p1a: Tyranitar|atk|2|[from] item: Weakness Policy
|-boost|p1a: Tyranitar|spa|2|[from] item: Weakness Policy
|
|-weather|Sandstorm|[upkeep]
|-damage|p2a: Arctozolt|76/100 brn|[from] Sandstorm
|-damage|p2a: Arctozolt|69/100 brn|[from] brn
|upkeep
|turn|5
|
|move|p1a: Tyranitar|Crunch|p2a: Arctozolt
|-damage|p2a: Arctozolt|0 fnt
|faint|p2a: Arctozolt
|
|-weather|Sandstorm|[upkeep]
|upkeep
|
|switch|p2a: Cinderace|Cinderace, M|100/100
|turn|6
|
|move|p2a: Cinderace|U-turn|p1a: Tyranitar
|-supereffective|p1a: Tyranitar
|-damage|p1a: Tyranitar|0 fnt
|faint|p1a: Tyranitar
|
|switch|p2a: Hydreigon|Hydreigon, F|100/100|[from]move: U-turn
|
|-weather|Sandstorm|[upkeep]
|-damage|p2a: Hydreigon|94/100|[from] Sandstorm
|upkeep
|inactive|Ctrl G-Max has 120 seconds left.
|
|switch|p1a: Hatterene|Hatterene, F|100/100
|turn|7
|
|switch|p2a: Cinderace|Cinderace, M|100/100
|move|p1a: Hatterene|Trick Room|p1a: Hatterene
|-fieldstart|move: Trick Room|[of] p1a: Hatterene
|
|-weather|none
|upkeep
|turn|8
|
|move|p1a: Hatterene|Psychic|p2a: Cinderace
|-damage|p2a: Cinderace|22/100
|move|p2a: Cinderace|U-turn|p1a: Hatterene
|-damage|p1a: Hatterene|76/100
|
|switch|p2a: Aegislash|Aegislash, M|100/100|[from]move: U-turn
|
|-heal|p1a: Hatterene|82/100|[from] item: Leftovers
|upkeep
|turn|9
|
|move|p1a: Hatterene|Mystical Fire|p2a: Aegislash
|-supereffective|p2a: Aegislash
|-crit|p2a: Aegislash
|-damage|p2a: Aegislash|6/100
|-unboost|p2a: Aegislash|spa|1
|-formechange|p2a: Aegislash|Aegislash-Blade||[from] ability: Stance Change
|move|p2a: Aegislash|Shadow Ball|p1a: Hatterene
|-supereffective|p1a: Hatterene
|-damage|p1a: Hatterene|0 fnt
|faint|p1a: Hatterene
|
|upkeep
|
|switch|p1a: Rotom|Rotom-Mow|100/100
|turn|10
|
|switch|p2a: Hydreigon|Hydreigon, F|94/100
|move|p1a: Rotom|Volt Switch|p2a: Hydreigon
|-resisted|p2a: Hydreigon
|-damage|p2a: Hydreigon|80/100
|
|switch|p1a: Aegislash|Aegislash, F|100/100|[from]move: Volt Switch
|-item|p1a: Aegislash|Air Balloon
|
|upkeep
|turn|11
|
|switch|p2a: Mandibuzz|Mandibuzz, F|100/100
|-formechange|p1a: Aegislash|Aegislash-Blade||[from] ability: Stance Change
|move|p1a: Aegislash|Close Combat|p2a: Mandibuzz
|-damage|p2a: Mandibuzz|63/100
|-unboost|p1a: Aegislash|def|1
|-unboost|p1a: Aegislash|spd|1
|
|-fieldend|move: Trick Room
|upkeep
|turn|12
|
|switch|p1a: Rotom|Rotom-Mow|100/100
|move|p2a: Mandibuzz|Foul Play|p1a: Rotom
|-damage|p1a: Rotom|84/100
|
|-heal|p1a: Rotom|90/100|[from] item: Leftovers
|upkeep
|turn|13
|
|move|p1a: Rotom|Nasty Plot|p1a: Rotom
|-boost|p1a: Rotom|spa|2
|move|p2a: Mandibuzz|Roost|p2a: Mandibuzz
|-heal|p2a: Mandibuzz|100/100
|-singleturn|p2a: Mandibuzz|move: Roost
|
|-heal|p1a: Rotom|96/100|[from] item: Leftovers
|upkeep
|turn|14
|
|switch|p2a: Vaporeon|Vaporeon, F|100/100
|move|p1a: Rotom|Nasty Plot|p1a: Rotom
|-boost|p1a: Rotom|spa|2
|
|-heal|p1a: Rotom|100/100|[from] item: Leftovers
|upkeep
|turn|15
|
|move|p1a: Rotom|Leaf Storm|p2a: Vaporeon
|-supereffective|p2a: Vaporeon
|-damage|p2a: Vaporeon|0 fnt
|-unboost|p1a: Rotom|spa|2
|faint|p2a: Vaporeon
|
|upkeep
|
|switch|p2a: Cinderace|Cinderace, M|22/100
|turn|16
|
|move|p2a: Cinderace|Pyro Ball|p1a: Rotom
|-supereffective|p1a: Rotom
|-damage|p1a: Rotom|0 fnt
|faint|p1a: Rotom
|
|upkeep
|
|switch|p1a: Noivern|Noivern, M|100/100
|turn|17
|
|switch|p2a: Mandibuzz|Mandibuzz, F|100/100
|move|p1a: Noivern|Boomburst|p2a: Mandibuzz
|-damage|p2a: Mandibuzz|63/100
|
|upkeep
|turn|18
|
|switch|p1a: Excadrill|Excadrill, M|100/100
|move|p2a: Mandibuzz|Roost|p2a: Mandibuzz
|-heal|p2a: Mandibuzz|100/100
|-singleturn|p2a: Mandibuzz|move: Roost
|
|upkeep
|turn|19
|
|move|p1a: Excadrill|Iron Head|p2a: Mandibuzz
|-damage|p2a: Mandibuzz|56/100
|-damage|p1a: Excadrill|91/100|[from] item: Life Orb
|move|p2a: Mandibuzz|U-turn|p1a: Excadrill
|-resisted|p1a: Excadrill
|-damage|p1a: Excadrill|83/100
|
|switch|p2a: Cinderace|Cinderace, M|22/100|[from]move: U-turn
|
|upkeep
|turn|20
|
|move|p2a: Cinderace|Pyro Ball|p1a: Excadrill
|-supereffective|p1a: Excadrill
|-damage|p1a: Excadrill|0 fnt
|faint|p1a: Excadrill
|
|upkeep
|
|switch|p1a: Noivern|Noivern, M|100/100
|turn|21
|
|move|p1a: Noivern|Boomburst|p2a: Cinderace
|-damage|p2a: Cinderace|0 fnt
|faint|p2a: Cinderace
|
|upkeep
|
|switch|p2a: Aegislash|Aegislash, M|6/100
|turn|22
|
|switch|p1a: Aegislash|Aegislash, F|100/100
|-item|p1a: Aegislash|Air Balloon
|-formechange|p2a: Aegislash|Aegislash-Blade||[from] ability: Stance Change
|move|p2a: Aegislash|Shadow Ball|p1a: Aegislash
|-supereffective|p1a: Aegislash
|-damage|p1a: Aegislash|0 fnt
|-enditem|p1a: Aegislash|Air Balloon
|faint|p1a: Aegislash
|
|upkeep
|
|switch|p1a: Noivern|Noivern, M|100/100
|turn|23
|
|move|p1a: Noivern|Hurricane|p2a: Aegislash
|-resisted|p2a: Aegislash
|-damage|p2a: Aegislash|0 fnt
|faint|p2a: Aegislash
|
|upkeep
|
|switch|p2a: Mandibuzz|Mandibuzz, F|56/100
|turn|24
|
|move|p1a: Noivern|Hurricane|p2a: Mandibuzz
|-damage|p2a: Mandibuzz|14/100
|move|p2a: Mandibuzz|Roost|p2a: Mandibuzz
|-heal|p2a: Mandibuzz|64/100
|-singleturn|p2a: Mandibuzz|move: Roost
|
|upkeep
|turn|25
|
|move|p1a: Noivern|Hurricane|p2a: Mandibuzz
|-damage|p2a: Mandibuzz|25/100
|-start|p2a: Mandibuzz|confusion
|-activate|p2a: Mandibuzz|confusion
|-damage|p2a: Mandibuzz|20/100|[from] confusion
|
|upkeep
|turn|26
|
|move|p1a: Noivern|Hurricane|p2a: Mandibuzz
|-damage|p2a: Mandibuzz|0 fnt
|faint|p2a: Mandibuzz
|
|upkeep
|
|switch|p2a: Hydreigon|Hydreigon, F|80/100
|turn|27
|
|move|p2a: Hydreigon|Draco Meteor|p1a: Noivern|[miss]
|-miss|p2a: Hydreigon|p1a: Noivern
|move|p1a: Noivern|Hurricane|p2a: Hydreigon
|-damage|p2a: Hydreigon|6/100
|-start|p2a: Hydreigon|confusion
|
|upkeep
|turn|28
|
|-activate|p2a: Hydreigon|confusion
|move|p2a: Hydreigon|Draco Meteor|p1a: Noivern
|-supereffective|p1a: Noivern
|-damage|p1a: Noivern|0 fnt
|-unboost|p2a: Hydreigon|spa|2
|faint|p1a: Noivern
|
|win|early_human
|c|☆Ctrl G-Max|gg
|l|☆early_human
