|j|☆lau1525
|j|☆Kaleor
|t:|1667038280
|gametype|singles
|player|p1|lau1525|n|1548
|player|p2|Kaleor|swimmer-gen4dp|1695
|teamsize|p1|6
|teamsize|p2|6
|gen|8
|tier|[Gen 8] OU
|rated|
|rule|Sleep Clause Mod: Limit one foe put to sleep
|rule|Species Clause: Limit one of each Pokémon
|rule|OHKO Clause: OHKO moves are banned
|rule|Evasion Items Clause: Evasion items are banned
|rule|Evasion Moves Clause: Evasion moves are banned
|rule|Endless Battle Clause: Forcing endless battles is banned
|rule|HP Percentage Mod: HP is shown in percentages
|rule|Dynamax Clause: You cannot dynamax
|clearpoke
|poke|p1|Magnezone|
|poke|p1|Buzzwole|
|poke|p1|Ribombee, M|
|poke|p1|Blaziken, M|
|poke|p1|Kartana|
|poke|p1|Dragonite, F|
|poke|p2|Torkoal, M|
|poke|p2|Dracozolt|
|poke|p2|Tyranitar, F|
|poke|p2|Blaziken, F|
|poke|p2|Landorus-Therian, M|
|poke|p2|Pelipper, M|
|teampreview
|inactive|Battle timer is ON: inactive players will automatically lose when time's up. (requested by lau1525)
|
|t:|1667038287
|start
|switch|p1a: Ribombee|Ribombee, M|100/100
|switch|p2a: Torkoal|Torkoal, M|100/100
|-weather|SunnyDay|[from] ability: Drought|[of] p2a: Torkoal
|turn|1
|j| hacksareus10
|
|t:|1667038293
|move|p1a: Ribombee|Stun Spore|p2a: Torkoal
|-status|p2a: Torkoal|par
|move|p2a: Torkoal|Yawn|p1a: Ribombee
|-start|p1a: Ribombee|move: Yawn|[of] p2a: Torkoal
|
|-weather|SunnyDay|[upkeep]
|upkeep
|turn|2
|
|t:|1667038296
|move|p1a: Ribombee|U-turn|p2a: Torkoal
|-resisted|p2a: Torkoal
|-damage|p2a: Torkoal|97/100 par
|
|t:|1667038303
|switch|p1a: Dragonite|Dragonite, F|100/100|[from]move: U-turn
|move|p2a: Torkoal|Rapid Spin|p1a: Dragonite
|-damage|p1a: Dragonite|96/100
|-boost|p2a: Torkoal|spe|1
|
|-weather|SunnyDay|[upkeep]
|upkeep
|turn|3
|
|t:|1667038308
|move|p1a: Dragonite|Dragon Dance|p1a: Dragonite
|-boost|p1a: Dragonite|atk|1
|-boost|p1a: Dragonite|spe|1
|move|p2a: Torkoal|Lava Plume|p1a: Dragonite
|-resisted|p1a: Dragonite
|-crit|p1a: Dragonite
|-damage|p1a: Dragonite|67/100
|
|-weather|SunnyDay|[upkeep]
|upkeep
|turn|4
|
|t:|1667038312
|move|p1a: Dragonite|Dual Wingbeat|p2a: Torkoal
|-damage|p2a: Torkoal|78/100 par
|-damage|p2a: Torkoal|58/100 par
|-hitcount|p2a: Torkoal|2
|move|p2a: Torkoal|Lava Plume|p1a: Dragonite
|-resisted|p1a: Dragonite
|-damage|p1a: Dragonite|48/100
|
|-weather|SunnyDay|[upkeep]
|upkeep
|turn|5
|
|t:|1667038319
|switch|p2a: Landorus|Landorus-Therian, M|100/100
|-ability|p2a: Landorus|Intimidate|boost
|-unboost|p1a: Dragonite|atk|1
|move|p1a: Dragonite|Earthquake|p2a: Landorus
|-immune|p2a: Landorus
|
|-weather|SunnyDay|[upkeep]
|upkeep
|turn|6
|
|t:|1667038322
|switch|p1a: Buzzwole|Buzzwole|100/100
|move|p2a: Landorus|Stealth Rock|p1a: Buzzwole
|-sidestart|p1: lau1525|move: Stealth Rock
|
|-weather|SunnyDay|[upkeep]
|upkeep
|turn|7
|
|t:|1667038328
|move|p1a: Buzzwole|Ice Punch|p2a: Landorus
|-supereffective|p2a: Landorus
|-damage|p2a: Landorus|22/100
|move|p2a: Landorus|U-turn|p1a: Buzzwole
|-resisted|p1a: Buzzwole
|-damage|p1a: Buzzwole|92/100
|
|t:|1667038337
|switch|p2a: Pelipper|Pelipper, M|100/100|[from]move: U-turn
|-weather|RainDance|[from] ability: Drizzle|[of] p2a: Pelipper
|
|-weather|RainDance|[upkeep]
|upkeep
|turn|8
|
|t:|1667038345
|switch|p1a: Dragonite|Dragonite, F|48/100
|move|p2a: Pelipper|Weather Ball|p1a: Dragonite
|-resisted|p1a: Dragonite
|-damage|p1a: Dragonite|0 fnt
|faint|p1a: Dragonite
|
|-weather|RainDance|[upkeep]
|upkeep
|
|t:|1667038350
|switch|p1a: Ribombee|Ribombee, M|100/100
|-damage|p1a: Ribombee|76/100|[from] Stealth Rock
|turn|9
|
|t:|1667038352
|move|p1a: Ribombee|Sticky Web|p2a: Pelipper
|-sidestart|p2: Kaleor|move: Sticky Web
|move|p2a: Pelipper|Weather Ball|p1a: Ribombee
|-damage|p1a: Ribombee|0 fnt
|faint|p1a: Ribombee
|
|-weather|RainDance|[upkeep]
|upkeep
|
|t:|1667038360
|switch|p1a: Magnezone|Magnezone|100/100
|-damage|p1a: Magnezone|94/100|[from] Stealth Rock
|turn|10
|
|t:|1667038363
|move|p2a: Pelipper|Weather Ball|p1a: Magnezone
|-damage|p1a: Magnezone|0 fnt
|faint|p1a: Magnezone
|
|-weather|RainDance|[upkeep]
|upkeep
|
|t:|1667038365
|switch|p1a: Blaziken|Blaziken, M|100/100
|-damage|p1a: Blaziken|88/100|[from] Stealth Rock
|turn|11
|
|t:|1667038370
|move|p1a: Blaziken|Thunder Punch|p2a: Pelipper
|-supereffective|p2a: Pelipper
|-damage|p2a: Pelipper|0 fnt
|faint|p2a: Pelipper
|
|-weather|none
|-ability|p1a: Blaziken|Speed Boost|boost
|-boost|p1a: Blaziken|spe|1
|upkeep
|
|t:|1667038374
|switch|p2a: Landorus|Landorus-Therian, M|22/100
|-ability|p2a: Landorus|Intimidate|boost
|-unboost|p1a: Blaziken|atk|1
|turn|12
|
|t:|1667038377
|move|p1a: Blaziken|Blaze Kick|p2a: Landorus
|-damage|p2a: Landorus|2/100
|move|p2a: Landorus|Earthquake|p1a: Blaziken
|-supereffective|p1a: Blaziken
|-damage|p1a: Blaziken|0 fnt
|faint|p1a: Blaziken
|
|-heal|p2a: Landorus|8/100|[from] item: Leftovers
|upkeep
|
|t:|1667038382
|switch|p1a: Kartana|Kartana|100/100
|-damage|p1a: Kartana|94/100|[from] Stealth Rock
|turn|13
|
|t:|1667038396
|switch|p2a: Tyranitar|Tyranitar, F|100/100
|-activate|p2a: Tyranitar|move: Sticky Web
|-unboost|p2a: Tyranitar|spe|1
|-weather|Sandstorm|[from] ability: Sand Stream|[of] p2a: Tyranitar
|move|p1a: Kartana|Swords Dance|p1a: Kartana
|-boost|p1a: Kartana|atk|2
|
|-weather|Sandstorm|[upkeep]
|upkeep
|turn|14
|
|t:|1667038400
|switch|p2a: Landorus|Landorus-Therian, M|8/100
|-ability|p2a: Landorus|Intimidate|boost
|-unboost|p1a: Kartana|atk|1
|move|p1a: Kartana|Leaf Blade|p2a: Landorus
|-crit|p2a: Landorus
|-damage|p2a: Landorus|0 fnt
|faint|p2a: Landorus
|-ability|p1a: Kartana|Beast Boost|boost
|-boost|p1a: Kartana|atk|1
|
|-weather|Sandstorm|[upkeep]
|upkeep
|
|t:|1667038405
|switch|p2a: Dracozolt|Dracozolt|100/100
|-activate|p2a: Dracozolt|move: Sticky Web
|-unboost|p2a: Dracozolt|spe|1
|turn|15
|inactive|lau1525 has 120 seconds left.
|
|t:|1667038452
|move|p1a: Kartana|Knock Off|p2a: Dracozolt
|-damage|p2a: Dracozolt|2/100
|-enditem|p2a: Dracozolt|Life Orb|[from] move: Knock Off|[of] p1a: Kartana
|move|p2a: Dracozolt|Fire Blast|p1a: Kartana
|-supereffective|p1a: Kartana
|-damage|p1a: Kartana|0 fnt
|faint|p1a: Kartana
|
|-weather|Sandstorm|[upkeep]
|upkeep
|
|t:|1667038455
|switch|p1a: Buzzwole|Buzzwole|92/100
|-damage|p1a: Buzzwole|80/100|[from] Stealth Rock
|turn|16
|c| hacksareus10|That peliper put in work
|
|t:|1667038469
|move|p1a: Buzzwole|Close Combat|p2a: Dracozolt
|-damage|p2a: Dracozolt|0 fnt
|-unboost|p1a: Buzzwole|def|1
|-unboost|p1a: Buzzwole|spd|1
|faint|p2a: Dracozolt
|-ability|p1a: Buzzwole|Beast Boost|boost
|-boost|p1a: Buzzwole|atk|1
|
|-weather|Sandstorm|[upkeep]
|-damage|p1a: Buzzwole|74/100|[from] Sandstorm
|upkeep
|
|t:|1667038475
|switch|p2a: Torkoal|Torkoal, M|58/100 par
|-activate|p2a: Torkoal|move: Sticky Web
|-unboost|p2a: Torkoal|spe|1
|-weather|SunnyDay|[from] ability: Drought|[of] p2a: Torkoal
|turn|17
|
|t:|1667038481
|move|p1a: Buzzwole|Close Combat|p2a: Torkoal
|-damage|p2a: Torkoal|0 fnt
|-unboost|p1a: Buzzwole|def|1
|-unboost|p1a: Buzzwole|spd|1
|faint|p2a: Torkoal
|-ability|p1a: Buzzwole|Beast Boost|boost
|-boost|p1a: Buzzwole|atk|1
|
|-weather|SunnyDay|[upkeep]
|upkeep
|
|t:|1667038486
|switch|p2a: Blaziken|Blaziken, F|100/100
|-activate|p2a: Blaziken|move: Sticky Web
|-unboost|p2a: Blaziken|spe|1
|turn|18
|
|t:|1667038493
|move|p2a: Blaziken|Protect|p2a: Blaziken
|-singleturn|p2a: Blaziken|Protect
|move|p1a: Buzzwole|Close Combat|p2a: Blaziken
|-activate|p2a: Blaziken|move: Protect
|
|-weather|SunnyDay|[upkeep]
|-ability|p2a: Blaziken|Speed Boost|boost
|-boost|p2a: Blaziken|spe|1
|upkeep
|turn|19
|
|t:|1667038496
|move|p2a: Blaziken|Protect|p2a: Blaziken
|-singleturn|p2a: Blaziken|Protect
|move|p1a: Buzzwole|Close Combat|p2a: Blaziken
|-activate|p2a: Blaziken|move: Protect
|
|-weather|SunnyDay|[upkeep]
|-ability|p2a: Blaziken|Speed Boost|boost
|-boost|p2a: Blaziken|spe|1
|upkeep
|turn|20
|
|t:|1667038498
|move|p1a: Buzzwole|Close Combat|p2a: Blaziken
|-damage|p2a: Blaziken|0 fnt
|-unboost|p1a: Buzzwole|def|1
|-unboost|p1a: Buzzwole|spd|1
|faint|p2a: Blaziken
|-ability|p1a: Buzzwole|Beast Boost|boost
|-boost|p1a: Buzzwole|atk|1
|
|-weather|SunnyDay|[upkeep]
|upkeep
|inactive|Kaleor has 120 seconds left.
|inactive|Kaleor has 90 seconds left.
|l|☆Kaleor
|inactive|Kaleor disconnected and has a minute to reconnect!
|player|p2|
|inactive|Kaleor has 30 seconds to reconnect!
|inactive|Kaleor has 20 seconds to reconnect!
|inactive|Kaleor has 15 seconds to reconnect!
|inactive|Kaleor has 10 seconds to reconnect!
|inactive|Kaleor has 5 seconds to reconnect!
|-message|Kaleor lost due to inactivity.
|
|win|lau1525
|inactive|Kaleor has 30 seconds left this turn.
|raw|lau1525's rating: 1548 &rarr; <strong>1576</strong><br />(+28 for winning)
|raw|Kaleor's rating: 1695 &rarr; <strong>1667</strong><br />(-28 for losing)
