|j|☆Blue chen
|j|☆Galarian Kado
|player|p1|Blue chen|karen|1629
|player|p2|Galarian Kado|zinnia|1662
|teamsize|p1|6
|teamsize|p2|6
|gametype|singles
|gen|8
|tier|[Gen 8] OU
|rated|
|clearpoke
|poke|p1|Shuckle, M|
|poke|p1|Togekiss, M|
|poke|p1|Cinderace, M|
|poke|p1|Kyurem|
|poke|p1|Dracozolt|
|poke|p1|Zeraora|
|poke|p2|Excadrill, F|
|poke|p2|Grimmsnarl, M|
|poke|p2|Rillaboom, M|
|poke|p2|Primarina, F|
|poke|p2|Cinderace, F|
|poke|p2|Hawlucha, F|
|rule|Sleep Clause Mod: Limit one foe put to sleep
|rule|Species Clause: Limit one of each Pokémon
|rule|OHKO Clause: OHKO moves are banned
|rule|Evasion Moves Clause: Evasion moves are banned
|rule|Endless Battle Clause: Forcing endless battles is banned
|rule|HP Percentage Mod: HP is shown in percentages
|rule|Dynamax Clause: You cannot dynamax
|teampreview
|j| AceyJustaNotherSub
|
|start
|switch|p1a: Cinderace|Cinderace, M|100/100
|switch|p2a: Primarina|Primarina, F|100/100
|turn|1
|
|switch|p2a: Excadrill|Excadrill, F|100/100
|-ability|p2a: Excadrill|Mold Breaker
|move|p1a: Cinderace|U-turn|p2a: Excadrill
|-start|p1a: Cinderace|typechange|Bug|[from] ability: Libero
|-resisted|p2a: Excadrill
|-damage|p2a: Excadrill|75/100
|
|switch|p1a: Kyurem|Kyurem|100/100|[from]move: U-turn
|-ability|p1a: Kyurem|Pressure
|
|upkeep
|turn|2
|
|switch|p2a: Grimmsnarl|Grimmsnarl, M|100/100
|move|p1a: Kyurem|Earth Power|p2a: Grimmsnarl
|-damage|p2a: Grimmsnarl|58/100
|
|upkeep
|turn|3
|
|switch|p1a: Dracozolt|Dracozolt|100/100
|move|p2a: Grimmsnarl|Light Screen|p2a: Grimmsnarl
|-sidestart|p2: Galarian Kado|move: Light Screen
|
|upkeep
|turn|4
|
|move|p2a: Grimmsnarl|Reflect|p2a: Grimmsnarl
|-sidestart|p2: Galarian Kado|Reflect
|move|p1a: Dracozolt|Bolt Beak|p2a: Grimmsnarl
|-damage|p2a: Grimmsnarl|15/100
|
|upkeep
|turn|5
|
|switch|p2a: Excadrill|Excadrill, F|75/100
|-ability|p2a: Excadrill|Mold Breaker
|move|p1a: Dracozolt|Earthquake|p2a: Excadrill
|-supereffective|p2a: Excadrill
|-damage|p2a: Excadrill|4/100
|
|upkeep
|turn|6
|
|switch|p1a: Shuckle|Shuckle, M|100/100
|move|p2a: Excadrill|Earthquake|p1a: Shuckle
|-damage|p1a: Shuckle|73/100
|-enditem|p1a: Shuckle|Red Card|[of] p2a: Excadrill
|drag|p2a: Primarina|Primarina, F|100/100
|
|upkeep
|turn|7
|
|move|p2a: Primarina|Scald|p1a: Shuckle
|-supereffective|p1a: Shuckle
|-damage|p1a: Shuckle|32/100
|move|p1a: Shuckle|Sticky Web|p2a: Primarina
|-sidestart|p2: Galarian Kado|move: Sticky Web
|
|upkeep
|turn|8
|
|move|p2a: Primarina|Substitute|p2a: Primarina
|-start|p2a: Primarina|Substitute
|-damage|p2a: Primarina|76/100
|move|p1a: Shuckle|Stealth Rock|p2a: Primarina
|-sidestart|p2: Galarian Kado|move: Stealth Rock
|
|-heal|p2a: Primarina|82/100|[from] item: Leftovers
|upkeep
|turn|9
|j| yi2636
|
|move|p2a: Primarina|Scald|p1a: Shuckle
|-supereffective|p1a: Shuckle
|-damage|p1a: Shuckle|0 fnt
|faint|p1a: Shuckle
|
|-heal|p2a: Primarina|88/100|[from] item: Leftovers
|upkeep
|
|switch|p1a: Togekiss|Togekiss, M|100/100
|turn|10
|
|move|p1a: Togekiss|Air Slash|p2a: Primarina
|-activate|p2a: Primarina|move: Substitute|[damage]
|move|p2a: Primarina|Calm Mind|p2a: Primarina
|-boost|p2a: Primarina|spa|1
|-boost|p2a: Primarina|spd|1
|
|-heal|p2a: Primarina|94/100|[from] item: Leftovers
|-sideend|p2: Galarian Kado|move: Light Screen
|upkeep
|turn|11
|
|move|p1a: Togekiss|Air Slash|p2a: Primarina
|-end|p2a: Primarina|Substitute
|move|p2a: Primarina|Substitute|p2a: Primarina
|-start|p2a: Primarina|Substitute
|-damage|p2a: Primarina|69/100
|
|-heal|p2a: Primarina|75/100|[from] item: Leftovers
|-sideend|p2: Galarian Kado|Reflect
|upkeep
|turn|12
|
|move|p1a: Togekiss|Air Slash|p2a: Primarina
|-activate|p2a: Primarina|move: Substitute|[damage]
|move|p2a: Primarina|Calm Mind|p2a: Primarina
|-boost|p2a: Primarina|spa|1
|-boost|p2a: Primarina|spd|1
|
|-heal|p2a: Primarina|81/100|[from] item: Leftovers
|upkeep
|turn|13
|
|move|p1a: Togekiss|Nasty Plot|p1a: Togekiss
|-boost|p1a: Togekiss|spa|2
|move|p2a: Primarina|Substitute|p2a: Primarina
|-fail|p2a: Primarina|move: Substitute
|
|-heal|p2a: Primarina|87/100|[from] item: Leftovers
|upkeep
|turn|14
|
|move|p1a: Togekiss|Air Slash|p2a: Primarina
|-end|p2a: Primarina|Substitute
|move|p2a: Primarina|Moonblast|p1a: Togekiss
|-crit|p1a: Togekiss
|-damage|p1a: Togekiss|0 fnt
|faint|p1a: Togekiss
|
|-heal|p2a: Primarina|93/100|[from] item: Leftovers
|upkeep
|
|switch|p1a: Dracozolt|Dracozolt|100/100
|turn|15
|
|switch|p2a: Excadrill|Excadrill, F|4/100
|-activate|p2a: Excadrill|move: Sticky Web
|-unboost|p2a: Excadrill|spe|1
|-damage|p2a: Excadrill|1/100|[from] Stealth Rock
|-ability|p2a: Excadrill|Mold Breaker
|move|p1a: Dracozolt|Bolt Beak|p2a: Excadrill
|-immune|p2a: Excadrill
|
|upkeep
|turn|16
|
|move|p1a: Dracozolt|Earthquake|p2a: Excadrill
|-supereffective|p2a: Excadrill
|-damage|p2a: Excadrill|0 fnt
|faint|p2a: Excadrill
|
|upkeep
|
|switch|p2a: Grimmsnarl|Grimmsnarl, M|15/100
|-damage|p2a: Grimmsnarl|3/100|[from] Stealth Rock
|-activate|p2a: Grimmsnarl|move: Sticky Web
|-unboost|p2a: Grimmsnarl|spe|1
|turn|17
|
|move|p2a: Grimmsnarl|Reflect|p2a: Grimmsnarl
|-sidestart|p2: Galarian Kado|Reflect
|move|p1a: Dracozolt|Bolt Beak|p2a: Grimmsnarl
|-damage|p2a: Grimmsnarl|0 fnt
|faint|p2a: Grimmsnarl
|
|upkeep
|
|switch|p2a: Rillaboom|Rillaboom, M|100/100
|-damage|p2a: Rillaboom|88/100|[from] Stealth Rock
|-activate|p2a: Rillaboom|move: Sticky Web
|-unboost|p2a: Rillaboom|spe|1
|-fieldstart|move: Grassy Terrain|[from] ability: Grassy Surge|[of] p2a: Rillaboom
|turn|18
|
|move|p1a: Dracozolt|Fire Fang|p2a: Rillaboom
|-supereffective|p2a: Rillaboom
|-damage|p2a: Rillaboom|56/100
|move|p2a: Rillaboom|Drum Beating|p1a: Dracozolt
|-resisted|p1a: Dracozolt
|-damage|p1a: Dracozolt|63/100
|-unboost|p1a: Dracozolt|spe|1
|-damage|p2a: Rillaboom|46/100|[from] item: Life Orb
|
|-heal|p2a: Rillaboom|52/100|[from] Grassy Terrain
|-heal|p1a: Dracozolt|69/100|[from] Grassy Terrain
|upkeep
|turn|19
|
|switch|p1a: Kyurem|Kyurem|100/100
|-ability|p1a: Kyurem|Pressure
|move|p2a: Rillaboom|Swords Dance|p2a: Rillaboom
|-boost|p2a: Rillaboom|atk|2
|
|-heal|p2a: Rillaboom|59/100|[from] Grassy Terrain
|upkeep
|turn|20
|
|move|p1a: Kyurem|Ice Beam|p2a: Rillaboom
|-supereffective|p2a: Rillaboom
|-crit|p2a: Rillaboom
|-damage|p2a: Rillaboom|0 fnt
|faint|p2a: Rillaboom
|
|upkeep
|
|switch|p2a: Hawlucha|Hawlucha, F|100/100
|-damage|p2a: Hawlucha|88/100|[from] Stealth Rock
|-enditem|p2a: Hawlucha|Grassy Seed
|-boost|p2a: Hawlucha|def|1|[from] item: Grassy Seed
|turn|21
|
|move|p2a: Hawlucha|Close Combat|p1a: Kyurem
|-supereffective|p1a: Kyurem
|-damage|p1a: Kyurem|0 fnt
|-unboost|p2a: Hawlucha|def|1
|-unboost|p2a: Hawlucha|spd|1
|faint|p1a: Kyurem
|
|upkeep
|
|switch|p1a: Zeraora|Zeraora|100/100
|turn|22
|
|move|p2a: Hawlucha|Swords Dance|p2a: Hawlucha
|-boost|p2a: Hawlucha|atk|2
|move|p1a: Zeraora|Plasma Fists|p2a: Hawlucha
|-supereffective|p2a: Hawlucha
|-damage|p2a: Hawlucha|21/100
|-fieldactivate|move: Ion Deluge
|
|-fieldend|move: Grassy Terrain
|upkeep
|turn|23
|
|switch|p1a: Dracozolt|Dracozolt|69/100
|move|p2a: Hawlucha|Close Combat|p1a: Dracozolt
|-damage|p1a: Dracozolt|0 fnt
|-unboost|p2a: Hawlucha|def|1
|-unboost|p2a: Hawlucha|spd|1
|faint|p1a: Dracozolt
|
|upkeep
|
|switch|p1a: Cinderace|Cinderace, M|100/100
|turn|24
|
|move|p1a: Cinderace|Sucker Punch||[still]
|-start|p1a: Cinderace|typechange|Dark|[from] ability: Libero
|-fail|p1a: Cinderace
|move|p2a: Hawlucha|Swords Dance|p2a: Hawlucha
|-boost|p2a: Hawlucha|atk|2
|
|-sideend|p2: Galarian Kado|Reflect
|upkeep
|turn|25
|
|move|p1a: Cinderace|Sucker Punch||[still]
|-fail|p1a: Cinderace
|move|p2a: Hawlucha|Swords Dance|p2a: Hawlucha
|-boost|p2a: Hawlucha|atk|2
|
|upkeep
|turn|26
|
|move|p1a: Cinderace|Sucker Punch||[still]
|-fail|p1a: Cinderace
|move|p2a: Hawlucha|Swords Dance|p2a: Hawlucha
|-boost|p2a: Hawlucha|atk|0
|
|upkeep
|turn|27
|
|move|p1a: Cinderace|Sucker Punch||[still]
|-fail|p1a: Cinderace
|move|p2a: Hawlucha|Swords Dance|p2a: Hawlucha
|-boost|p2a: Hawlucha|atk|0
|
|upkeep
|turn|28
|
|move|p2a: Hawlucha|Acrobatics|p1a: Cinderace
|-damage|p1a: Cinderace|0 fnt
|faint|p1a: Cinderace
|
|upkeep
|-message|Blue chen forfeited.
|
|win|Galarian Kado
|l|☆Blue chen
|c|☆Galarian Kado|gg
|raw|Blue chen's rating: 1629 &rarr; <strong>1611</strong><br />(-18 for losing)
|raw|Galarian Kado's rating: 1662 &rarr; <strong>1680</strong><br />(+18 for winning)
