|j|☆Agent Strike
|j|☆Bloody Busybody
|t:|1657629283
|gametype|singles
|player|p1|Agent Strike|policeman-gen4|1598
|player|p2|Bloody Busybody|bugcatcher|1634
|teamsize|p1|6
|teamsize|p2|6
|gen|8
|tier|[Gen 8] OU
|rated|
|rule|Sleep Clause Mod: Limit one foe put to sleep
|rule|Species Clause: Limit one of each Pokémon
|rule|OHKO Clause: OHKO moves are banned
|rule|Evasion Moves Clause: Evasion moves are banned
|rule|Endless Battle Clause: Forcing endless battles is banned
|rule|HP Percentage Mod: HP is shown in percentages
|rule|Dynamax Clause: You cannot dynamax
|clearpoke
|poke|p1|Toxapex, M|
|poke|p1|Ferrothorn, F|
|poke|p1|Mew|
|poke|p1|Gengar, M|
|poke|p1|Volcarona, M|
|poke|p1|Landorus-Therian, M|
|poke|p2|Volcanion|
|poke|p2|Corviknight, F|
|poke|p2|Mamoswine, F|
|poke|p2|Blissey, F|
|poke|p2|Rillaboom, M|
|poke|p2|Hydreigon, M|
|teampreview
|inactive|Battle timer is ON: inactive players will automatically lose when time's up. (requested by Bloody Busybody)
|
|t:|1657629311
|start
|switch|p1a: Noacier|Ferrothorn, F|100/100
|switch|p2a: Rillaboom|Rillaboom, M|100/100
|-fieldstart|move: Grassy Terrain|[from] ability: Grassy Surge|[of] p2a: Rillaboom
|turn|1
|
|t:|1657629317
|move|p2a: Rillaboom|U-turn|p1a: Noacier
|-damage|p1a: Noacier|79/100
|-damage|p2a: Rillaboom|88/100|[from] ability: Iron Barbs|[of] p1a: Noacier
|
|t:|1657629318
|switch|p2a: Volcanion|Volcanion|100/100|[from]move: U-turn
|move|p1a: Noacier|Thunder Wave|p2a: Volcanion
|-status|p2a: Volcanion|par
|
|-heal|p1a: Noacier|86/100|[from] Grassy Terrain
|-heal|p1a: Noacier|92/100|[from] item: Leftovers
|upkeep
|turn|2
|
|t:|1657629328
|move|p2a: Volcanion|Earth Power|p1a: Noacier
|-damage|p1a: Noacier|51/100
|move|p1a: Noacier|Knock Off|p2a: Volcanion
|-damage|p2a: Volcanion|82/100 par
|-enditem|p2a: Volcanion|Choice Specs|[from] move: Knock Off|[of] p1a: Noacier
|
|-heal|p2a: Volcanion|88/100 par|[from] Grassy Terrain
|-heal|p1a: Noacier|57/100|[from] Grassy Terrain
|-heal|p1a: Noacier|64/100|[from] item: Leftovers
|upkeep
|turn|3
|
|t:|1657629334
|switch|p1a: Prédastérie|Toxapex, M, shiny|100/100
|move|p2a: Volcanion|Fire Blast|p1a: Prédastérie
|-resisted|p1a: Prédastérie
|-damage|p1a: Prédastérie|73/100
|
|-heal|p1a: Prédastérie|79/100|[from] Grassy Terrain
|-heal|p2a: Volcanion|94/100 par|[from] Grassy Terrain
|upkeep
|turn|4
|
|t:|1657629336
|switch|p1a: Démétéros|Landorus-Therian, M|100/100
|-ability|p1a: Démétéros|Intimidate|boost
|-unboost|p2a: Volcanion|atk|1
|move|p2a: Volcanion|Earth Power|p1a: Démétéros
|-immune|p1a: Démétéros
|
|-heal|p2a: Volcanion|99/100 par|[from] Grassy Terrain
|upkeep
|turn|5
|
|t:|1657629338
|move|p1a: Démétéros|Earthquake|p2a: Volcanion
|-supereffective|p2a: Volcanion
|-damage|p2a: Volcanion|51/100 par
|cant|p2a: Volcanion|par
|
|-heal|p2a: Volcanion|57/100 par|[from] Grassy Terrain
|-fieldend|move: Grassy Terrain
|upkeep
|turn|6
|
|t:|1657629351
|switch|p2a: Corviknight|Corviknight, F|100/100
|-ability|p2a: Corviknight|Pressure
|move|p1a: Démétéros|Earthquake|p2a: Corviknight
|-immune|p2a: Corviknight
|
|upkeep
|turn|7
|
|t:|1657629356
|move|p1a: Démétéros|Knock Off|p2a: Corviknight
|-damage|p2a: Corviknight|78/100
|-damage|p1a: Démétéros|84/100|[from] item: Rocky Helmet|[of] p2a: Corviknight
|-enditem|p2a: Corviknight|Rocky Helmet|[from] move: Knock Off|[of] p1a: Démétéros
|move|p2a: Corviknight|Body Press|p1a: Démétéros
|-resisted|p1a: Démétéros
|-damage|p1a: Démétéros|69/100
|
|-heal|p1a: Démétéros|75/100|[from] item: Leftovers
|upkeep
|turn|8
|
|t:|1657629358
|move|p1a: Démétéros|U-turn|p2a: Corviknight
|-resisted|p2a: Corviknight
|-damage|p2a: Corviknight|74/100
|
|t:|1657629361
|switch|p1a: Mew|Mew, shiny|100/100|[from]move: U-turn
|move|p2a: Corviknight|Roost|p2a: Corviknight
|-heal|p2a: Corviknight|100/100
|-singleturn|p2a: Corviknight|move: Roost
|
|upkeep
|turn|9
|
|t:|1657629365
|move|p1a: Mew|Stealth Rock|p2a: Corviknight
|-sidestart|p2: Bloody Busybody|move: Stealth Rock
|move|p2a: Corviknight|U-turn|p1a: Mew
|-supereffective|p1a: Mew
|-damage|p1a: Mew|73/100
|
|t:|1657629367
|switch|p2a: Rillaboom|Rillaboom, M|88/100|[from]move: U-turn
|-damage|p2a: Rillaboom|76/100|[from] Stealth Rock
|-fieldstart|move: Grassy Terrain|[from] ability: Grassy Surge|[of] p2a: Rillaboom
|
|-heal|p1a: Mew|79/100|[from] Grassy Terrain
|-heal|p2a: Rillaboom|82/100|[from] Grassy Terrain
|upkeep
|turn|10
|
|t:|1657629369
|move|p1a: Mew|Ice Beam|p2a: Rillaboom
|-supereffective|p2a: Rillaboom
|-damage|p2a: Rillaboom|0 fnt
|faint|p2a: Rillaboom
|
|-heal|p1a: Mew|85/100|[from] Grassy Terrain
|upkeep
|
|t:|1657629377
|switch|p2a: Corviknight|Corviknight, F|100/100
|-damage|p2a: Corviknight|88/100|[from] Stealth Rock
|-ability|p2a: Corviknight|Pressure
|turn|11
|
|t:|1657629379
|move|p1a: Mew|Taunt|p2a: Corviknight
|-start|p2a: Corviknight|move: Taunt
|move|p2a: Corviknight|U-turn|p1a: Mew
|-supereffective|p1a: Mew
|-damage|p1a: Mew|56/100
|
|t:|1657629384
|switch|p2a: Volcanion|Volcanion|57/100 par|[from]move: U-turn
|-damage|p2a: Volcanion|32/100 par|[from] Stealth Rock
|
|-heal|p1a: Mew|62/100|[from] Grassy Terrain
|-heal|p2a: Volcanion|38/100 par|[from] Grassy Terrain
|upkeep
|turn|12
|
|t:|1657629391
|move|p1a: Mew|Earth Power|p2a: Volcanion
|-supereffective|p2a: Volcanion
|-damage|p2a: Volcanion|0 fnt
|faint|p2a: Volcanion
|
|-heal|p1a: Mew|68/100|[from] Grassy Terrain
|upkeep
|-message|Bloody Busybody forfeited.
|
|win|Agent Strike
|raw|Agent Strike's rating: 1598 &rarr; <strong>1620</strong><br />(+22 for winning)
|raw|Bloody Busybody's rating: 1634 &rarr; <strong>1612</strong><br />(-22 for losing)
|l|☆Bloody Busybody
