|j|☆Justin UA
|j|☆RST4
|t:|1631833724
|gametype|singles
|player|p1|Justin UA|ethan|1520
|player|p2|RST4|hilbert-wonderlauncher|1522
|teamsize|p1|6
|teamsize|p2|6
|gen|8
|tier|[Gen 8] OU
|rated|
|rule|Sleep Clause Mod: Limit one foe put to sleep
|rule|Species Clause: Limit one of each Pokémon
|rule|OHKO Clause: OHKO moves are banned
|rule|Evasion Moves Clause: Evasion moves are banned
|rule|Endless Battle Clause: Forcing endless battles is banned
|rule|HP Percentage Mod: HP is shown in percentages
|rule|Dynamax Clause: You cannot dynamax
|clearpoke
|poke|p1|Tapu Koko|
|poke|p1|Urshifu-*, F|
|poke|p1|Corviknight, F|
|poke|p1|Slowbro, M|
|poke|p1|Landorus-Therian, M|
|poke|p1|Blacephalon|
|poke|p2|Inteleon, M|
|poke|p2|Ferrothorn, M|
|poke|p2|Togekiss, F|
|poke|p2|Dragapult, M|
|poke|p2|Diggersby, F|
|poke|p2|Toxapex, F|
|teampreview
|inactive|Battle timer is ON: inactive players will automatically lose when time's up. (requested by Justin UA)
|
|t:|1631833735
|start
|switch|p1a: Urshifu|Urshifu-Rapid-Strike, F|100/100
|switch|p2a: Inteleon|Inteleon, M|100/100
|turn|1
|
|t:|1631833741
|switch|p1a: Slowbro|Slowbro, M|100/100
|move|p2a: Inteleon|Air Slash|p1a: Slowbro
|-damage|p1a: Slowbro|65/100
|-damage|p2a: Inteleon|91/100|[from] item: Life Orb
|
|upkeep
|turn|2
|
|t:|1631833746
|move|p2a: Inteleon|Dark Pulse|p1a: Slowbro
|-supereffective|p1a: Slowbro
|-crit|p1a: Slowbro
|-damage|p1a: Slowbro|0 fnt
|faint|p1a: Slowbro
|-damage|p2a: Inteleon|81/100|[from] item: Life Orb
|
|upkeep
|
|t:|1631833750
|switch|p1a: Tapu Koko|Tapu Koko|100/100
|-fieldstart|move: Electric Terrain|[from] ability: Electric Surge|[of] p1a: Tapu Koko
|turn|3
|
|t:|1631833757
|switch|p2a: Diggersby|Diggersby, F|100/100
|move|p1a: Tapu Koko|U-turn|p2a: Diggersby
|-damage|p2a: Diggersby|77/100
|
|t:|1631833760
|switch|p1a: Urshifu|Urshifu-Rapid-Strike, F|100/100|[from]move: U-turn
|
|upkeep
|turn|4
|
|t:|1631833763
|switch|p2a: Ferrothorn|Ferrothorn, M|100/100
|move|p1a: Urshifu|Close Combat|p2a: Ferrothorn
|-supereffective|p2a: Ferrothorn
|-damage|p2a: Ferrothorn|0 fnt
|-unboost|p1a: Urshifu|def|1
|-unboost|p1a: Urshifu|spd|1
|-damage|p1a: Urshifu|88/100|[from] ability: Iron Barbs|[of] p2a: Ferrothorn
|-damage|p1a: Urshifu|72/100|[from] item: Rocky Helmet|[of] p2a: Ferrothorn
|faint|p2a: Ferrothorn
|
|upkeep
|
|t:|1631833771
|switch|p2a: Togekiss|Togekiss, F|100/100
|turn|5
|
|t:|1631833776
|switch|p1a: Tapu Koko|Tapu Koko|100/100
|move|p2a: Togekiss|Dazzling Gleam|p1a: Tapu Koko
|-damage|p1a: Tapu Koko|34/100
|
|upkeep
|turn|6
|
|t:|1631833783
|move|p1a: Tapu Koko|Thunderbolt|p2a: Togekiss
|-supereffective|p2a: Togekiss
|-damage|p2a: Togekiss|17/100
|move|p2a: Togekiss|Dazzling Gleam|p1a: Tapu Koko
|-damage|p1a: Tapu Koko|0 fnt
|faint|p1a: Tapu Koko
|
|-heal|p2a: Togekiss|23/100|[from] item: Leftovers
|upkeep
|
|t:|1631833794
|switch|p1a: Blacephalon|Blacephalon|100/100
|turn|7
|
|t:|1631833797
|switch|p2a: Diggersby|Diggersby, F|77/100
|move|p1a: Blacephalon|Shadow Ball|p2a: Diggersby
|-immune|p2a: Diggersby
|
|-fieldend|move: Electric Terrain
|upkeep
|turn|8
|
|t:|1631833802
|switch|p1a: Landorus|Landorus-Therian, M|100/100
|-ability|p1a: Landorus|Intimidate|boost
|-unboost|p2a: Diggersby|atk|1
|move|p2a: Diggersby|Knock Off|p1a: Landorus
|-damage|p1a: Landorus|79/100
|-damage|p2a: Diggersby|60/100|[from] item: Rocky Helmet|[of] p1a: Landorus
|-enditem|p1a: Landorus|Rocky Helmet|[from] move: Knock Off|[of] p2a: Diggersby
|
|upkeep
|turn|9
|
|t:|1631833809
|switch|p2a: Togekiss|Togekiss, F|23/100
|move|p1a: Landorus|U-turn|p2a: Togekiss
|-resisted|p2a: Togekiss
|-damage|p2a: Togekiss|18/100
|
|t:|1631833814
|switch|p1a: Urshifu|Urshifu-Rapid-Strike, F|72/100|[from]move: U-turn
|
|-heal|p2a: Togekiss|24/100|[from] item: Leftovers
|upkeep
|turn|10
|
|t:|1631833818
|move|p1a: Urshifu|Surging Strikes|p2a: Togekiss
|-crit|p2a: Togekiss
|-damage|p2a: Togekiss|0 fnt
|faint|p2a: Togekiss
|-hitcount|p2: Togekiss|1
|
|upkeep
|
|t:|1631833822
|switch|p2a: Inteleon|Inteleon, M|81/100
|turn|11
|
|t:|1631833832
|switch|p1a: Landorus|Landorus-Therian, M|79/100
|-ability|p1a: Landorus|Intimidate|boost
|-unboost|p2a: Inteleon|atk|1
|move|p2a: Inteleon|Air Slash|p1a: Landorus
|-damage|p1a: Landorus|42/100
|-damage|p2a: Inteleon|71/100|[from] item: Life Orb
|
|upkeep
|turn|12
|
|t:|1631833839
|move|p2a: Inteleon|Ice Beam|p1a: Landorus
|-supereffective|p1a: Landorus
|-damage|p1a: Landorus|0 fnt
|faint|p1a: Landorus
|-damage|p2a: Inteleon|61/100|[from] item: Life Orb
|
|upkeep
|
|t:|1631833841
|switch|p1a: Blacephalon|Blacephalon|100/100
|turn|13
|
|t:|1631833847
|switch|p2a: Toxapex|Toxapex, F|100/100
|move|p1a: Blacephalon|Flamethrower|p2a: Toxapex
|-resisted|p2a: Toxapex
|-damage|p2a: Toxapex|85/100
|
|-heal|p2a: Toxapex|92/100|[from] item: Black Sludge
|upkeep
|turn|14
|
|t:|1631833852
|switch|p1a: Corviknight|Corviknight, F|100/100
|-ability|p1a: Corviknight|Pressure
|move|p2a: Toxapex|Scald|p1a: Corviknight
|-damage|p1a: Corviknight|86/100
|
|-heal|p1a: Corviknight|92/100|[from] item: Leftovers
|-heal|p2a: Toxapex|98/100|[from] item: Black Sludge
|upkeep
|turn|15
|
|t:|1631833860
|switch|p2a: Diggersby|Diggersby, F|60/100
|move|p1a: Corviknight|Brave Bird|p2a: Diggersby
|-damage|p2a: Diggersby|6/100
|-damage|p1a: Corviknight|78/100|[from] Recoil
|
|-heal|p1a: Corviknight|84/100|[from] item: Leftovers
|upkeep
|turn|16
|
|t:|1631833869
|move|p2a: Diggersby|Knock Off|p1a: Corviknight
|-damage|p1a: Corviknight|58/100
|-enditem|p1a: Corviknight|Leftovers|[from] move: Knock Off|[of] p2a: Diggersby
|move|p1a: Corviknight|U-turn|p2a: Diggersby
|-damage|p2a: Diggersby|0 fnt
|faint|p2a: Diggersby
|
|t:|1631833872
|switch|p1a: Blacephalon|Blacephalon|100/100|[from]move: U-turn
|
|upkeep
|
|t:|1631833877
|switch|p2a: Dragapult|Dragapult, M|100/100
|turn|17
|
|t:|1631833881
|move|p2a: Dragapult|Sucker Punch|p1a: Blacephalon
|-supereffective|p1a: Blacephalon
|-damage|p1a: Blacephalon|0 fnt
|faint|p1a: Blacephalon
|
|upkeep
|
|t:|1631833884
|switch|p1a: Urshifu|Urshifu-Rapid-Strike, F|72/100
|turn|18
|
|t:|1631833887
|move|p2a: Dragapult|Dragon Darts|p1a: Urshifu
|-damage|p1a: Urshifu|44/100
|-anim|p2a: Dragapult|Dragon Darts|p1a: Urshifu
|-damage|p1a: Urshifu|18/100
|move|p1a: Urshifu|Surging Strikes|p2a: Dragapult
|-resisted|p2a: Dragapult
|-crit|p2a: Dragapult
|-damage|p2a: Dragapult|79/100
|-resisted|p2a: Dragapult
|-crit|p2a: Dragapult
|-damage|p2a: Dragapult|60/100
|-resisted|p2a: Dragapult
|-crit|p2a: Dragapult
|-damage|p2a: Dragapult|41/100
|-hitcount|p2a: Dragapult|3
|
|upkeep
|turn|19
|-message|Justin UA forfeited.
|
|win|RST4
|l|☆Justin UA
|raw|Justin UA's rating: 1519 &rarr; <strong>1499</strong><br />(-20 for losing)
|raw|RST4's rating: 1523 &rarr; <strong>1543</strong><br />(+20 for winning)
