|raw|<div class="broadcast-blue"><strong>This battle is required to be public due to a player having a name starting with 'lt92pf'.</div>
|j|☆LT92PF Zokuru
|j|☆user1_ou
|t:|1659636421
|gametype|singles
|player|p1|LT92PF Zokuru|#splxiiitigers|1650
|player|p2|user1_ou|eusine|1684
|teamsize|p1|6
|teamsize|p2|6
|gen|8
|tier|[Gen 8] OU
|rated|
|rule|Sleep Clause Mod: Limit one foe put to sleep
|rule|Species Clause: Limit one of each Pokémon
|rule|OHKO Clause: OHKO moves are banned
|rule|Evasion Items Clause: Evasion items are banned
|rule|Evasion Moves Clause: Evasion moves are banned
|rule|Endless Battle Clause: Forcing endless battles is banned
|rule|HP Percentage Mod: HP is shown in percentages
|rule|Dynamax Clause: You cannot dynamax
|clearpoke
|poke|p1|Rillaboom, M|
|poke|p1|Tornadus-Therian, M|
|poke|p1|Blaziken, F|
|poke|p1|Melmetal|
|poke|p1|Garchomp, F|
|poke|p1|Slowbro, F|
|poke|p2|Pelipper, F|
|poke|p2|Barraskewda, M|
|poke|p2|Crawdaunt, F|
|poke|p2|Magnezone|
|poke|p2|Ferrothorn, F|
|poke|p2|Zapdos|
|teampreview
|c|☆LT92PF Zokuru|hf
|c|☆user1_ou|u2
|
|t:|1659636442
|start
|switch|p1a: Garchomp|Garchomp, F|100/100
|switch|p2a: Pelipper|Pelipper, F|100/100
|-weather|RainDance|[from] ability: Drizzle|[of] p2a: Pelipper
|turn|1
|
|t:|1659636444
|move|p1a: Garchomp|Stealth Rock|p2a: Pelipper
|-sidestart|p2: user1_ou|move: Stealth Rock
|move|p2a: Pelipper|U-turn|p1a: Garchomp
|-damage|p1a: Garchomp|94/100
|-damage|p2a: Pelipper|88/100|[from] ability: Rough Skin|[of] p1a: Garchomp
|j| Quagshi
|
|t:|1659636449
|switch|p2a: Crawdaunt|Crawdaunt, F|100/100|[from]move: U-turn
|-damage|p2a: Crawdaunt|88/100|[from] Stealth Rock
|
|-weather|RainDance|[upkeep]
|-heal|p1a: Garchomp|99/100|[from] item: Leftovers
|upkeep
|turn|2
|j| Color my life
|
|t:|1659636458
|move|p1a: Garchomp|Protect|p1a: Garchomp
|-singleturn|p1a: Garchomp|Protect
|move|p2a: Crawdaunt|Crabhammer|p1a: Garchomp
|-activate|p1a: Garchomp|move: Protect
|
|-weather|RainDance|[upkeep]
|-heal|p1a: Garchomp|100/100|[from] item: Leftovers
|upkeep
|turn|3
|
|t:|1659636464
|move|p1a: Garchomp|Earthquake|p2a: Crawdaunt
|-damage|p2a: Crawdaunt|30/100
|move|p2a: Crawdaunt|Crabhammer|p1a: Garchomp
|-damage|p1a: Garchomp|0 fnt
|-damage|p2a: Crawdaunt|18/100|[from] ability: Rough Skin|[of] p1a: Garchomp
|faint|p1a: Garchomp
|
|-weather|RainDance|[upkeep]
|upkeep
|j| lt92pf qrts
|j| Nultiprise
|
|t:|1659636469
|switch|p1a: Tornadus|Tornadus-Therian, M|100/100
|turn|4
|
|t:|1659636477
|switch|p2a: Zapdos|Zapdos|100/100
|-damage|p2a: Zapdos|76/100|[from] Stealth Rock
|-ability|p2a: Zapdos|Pressure
|move|p1a: Tornadus|U-turn|p2a: Zapdos
|-resisted|p2a: Zapdos
|-damage|p2a: Zapdos|66/100
|j| pz29
|l| lt92pf qrts
|inactive|Battle timer is ON: inactive players will automatically lose when time's up. (requested by user1_ou)
|
|t:|1659636486
|switch|p1a: Rillaboom|Rillaboom, M|100/100|[from]move: U-turn
|-fieldstart|move: Grassy Terrain|[from] ability: Grassy Surge|[of] p1a: Rillaboom
|
|-weather|RainDance|[upkeep]
|-heal|p2a: Zapdos|72/100|[from] item: Leftovers
|upkeep
|turn|5
|j| Avaxus32
|
|t:|1659636489
|switch|p1a: Melmetal|Melmetal|100/100
|move|p2a: Zapdos|Hurricane|p1a: Melmetal
|-resisted|p1a: Melmetal
|-damage|p1a: Melmetal|76/100
|-start|p1a: Melmetal|confusion
|
|-weather|RainDance|[upkeep]
|-heal|p2a: Zapdos|78/100|[from] item: Leftovers
|-heal|p1a: Melmetal|82/100|[from] Grassy Terrain
|-heal|p1a: Melmetal|89/100|[from] item: Leftovers
|upkeep
|turn|6
|
|t:|1659636497
|move|p2a: Zapdos|Substitute|p2a: Zapdos
|-start|p2a: Zapdos|Substitute
|-damage|p2a: Zapdos|53/100
|-activate|p1a: Melmetal|confusion
|move|p1a: Melmetal|Superpower|p2a: Zapdos
|-resisted|p2a: Zapdos
|-crit|p2a: Zapdos
|-end|p2a: Zapdos|Substitute
|-unboost|p1a: Melmetal|atk|1
|-unboost|p1a: Melmetal|def|1
|
|-weather|RainDance|[upkeep]
|-heal|p2a: Zapdos|60/100|[from] item: Leftovers
|-heal|p1a: Melmetal|95/100|[from] Grassy Terrain
|-heal|p1a: Melmetal|100/100|[from] item: Leftovers
|upkeep
|turn|7
|c|☆LT92PF Zokuru|oh
|c|☆LT92PF Zokuru|that might be a slitght problem
|
|t:|1659636520
|switch|p1a: Tornadus|Tornadus-Therian, M|100/100
|move|p2a: Zapdos|Roost|p2a: Zapdos
|-heal|p2a: Zapdos|100/100
|-singleturn|p2a: Zapdos|move: Roost
|
|-weather|RainDance|[upkeep]
|upkeep
|turn|8
|j| LT92PF NeoThunder
|
|t:|1659636524
|move|p1a: Tornadus|Knock Off|p2a: Zapdos
|-damage|p2a: Zapdos|78/100
|-enditem|p2a: Zapdos|Leftovers|[from] move: Knock Off|[of] p1a: Tornadus
|move|p2a: Zapdos|Thunderbolt|p1a: Tornadus
|-supereffective|p1a: Tornadus
|-damage|p1a: Tornadus|3/100
|
|-weather|none
|-fieldend|move: Grassy Terrain
|upkeep
|turn|9
|
|t:|1659636530
|move|p1a: Tornadus|U-turn|p2a: Zapdos
|-resisted|p2a: Zapdos
|-damage|p2a: Zapdos|69/100
|
|t:|1659636535
|switch|p1a: Slowbro|Slowbro, F|100/100|[from]move: U-turn
|move|p2a: Zapdos|Substitute|p2a: Zapdos
|-start|p2a: Zapdos|Substitute
|-damage|p2a: Zapdos|44/100
|
|upkeep
|turn|10
|j| skaklnasnipcjspms
|
|t:|1659636539
|move|p2a: Zapdos|Thunderbolt|p1a: Slowbro
|-supereffective|p1a: Slowbro
|-damage|p1a: Slowbro|14/100
|move|p1a: Slowbro|Scald|p2a: Zapdos
|-end|p2a: Zapdos|Substitute
|
|upkeep
|turn|11
|
|t:|1659636555
|move|p2a: Zapdos|Roost|p2a: Zapdos
|-heal|p2a: Zapdos|94/100
|-singleturn|p2a: Zapdos|move: Roost
|move|p1a: Slowbro|Toxic|p2a: Zapdos
|-status|p2a: Zapdos|tox
|
|-damage|p2a: Zapdos|88/100 tox|[from] psn
|upkeep
|turn|12
|
|t:|1659636558
|switch|p1a: Melmetal|Melmetal|100/100
|move|p2a: Zapdos|Thunderbolt|p1a: Melmetal
|-damage|p1a: Melmetal|59/100
|
|-heal|p1a: Melmetal|66/100|[from] item: Leftovers
|-damage|p2a: Zapdos|75/100 tox|[from] psn
|upkeep
|turn|13
|
|t:|1659636566
|switch|p2a: Magnezone|Magnezone|100/100
|-damage|p2a: Magnezone|95/100|[from] Stealth Rock
|move|p1a: Melmetal|Protect||[still]
|-fail|p1a: Melmetal
|
|-heal|p1a: Melmetal|72/100|[from] item: Leftovers
|upkeep
|turn|14
|
|t:|1659636569
|move|p2a: Magnezone|Iron Defense|p2a: Magnezone
|-boost|p2a: Magnezone|def|2
|move|p1a: Melmetal|Superpower|p2a: Magnezone
|-supereffective|p2a: Magnezone
|-enditem|p2a: Magnezone|Chople Berry|[eat]
|-enditem|p2a: Magnezone|Chople Berry|[weaken]
|-damage|p2a: Magnezone|78/100
|-unboost|p1a: Melmetal|atk|1
|-unboost|p1a: Melmetal|def|1
|
|-heal|p1a: Melmetal|78/100|[from] item: Leftovers
|upkeep
|turn|15
|
|t:|1659636571
|move|p2a: Magnezone|Body Press|p1a: Melmetal
|-supereffective|p1a: Melmetal
|-damage|p1a: Melmetal|0 fnt
|faint|p1a: Melmetal
|
|upkeep
|
|t:|1659636576
|switch|p1a: Tornadus|Tornadus-Therian, M|36/100
|turn|16
|
|t:|1659636578
|move|p1a: Tornadus|Heat Wave|p2a: Magnezone
|-supereffective|p2a: Magnezone
|-damage|p2a: Magnezone|18/100
|move|p2a: Magnezone|Thunderbolt|p1a: Tornadus
|-supereffective|p1a: Tornadus
|-damage|p1a: Tornadus|0 fnt
|faint|p1a: Tornadus
|
|upkeep
|
|t:|1659636580
|switch|p1a: Blaziken|Blaziken, F|100/100
|turn|17
|
|t:|1659636582
|move|p1a: Blaziken|Flare Blitz|p2a: Magnezone
|-supereffective|p2a: Magnezone
|-damage|p2a: Magnezone|0 fnt
|faint|p2a: Magnezone
|-damage|p1a: Blaziken|95/100|[from] Recoil
|
|-heal|p1a: Blaziken|100/100|[from] item: Leftovers
|-ability|p1a: Blaziken|Speed Boost|boost
|-boost|p1a: Blaziken|spe|1
|upkeep
|
|t:|1659636591
|switch|p2a: Pelipper|Pelipper, F|88/100
|-damage|p2a: Pelipper|63/100|[from] Stealth Rock
|-weather|RainDance|[from] ability: Drizzle|[of] p2a: Pelipper
|turn|18
|
|t:|1659636598
|switch|p1a: Slowbro|Slowbro, F|47/100
|move|p2a: Pelipper|Scald|p1a: Slowbro
|-resisted|p1a: Slowbro
|-damage|p1a: Slowbro|25/100
|-status|p1a: Slowbro|brn
|
|-weather|RainDance|[upkeep]
|-damage|p1a: Slowbro|19/100 brn|[from] brn
|upkeep
|turn|19
|
|t:|1659636604
|move|p2a: Pelipper|Defog|p1a: Slowbro
|-unboost|p1a: Slowbro|evasion|1
|-sideend|p2: user1_ou|Stealth Rock|[from] move: Defog|[of] p2a: Pelipper
|move|p1a: Slowbro|Teleport|p1a: Slowbro
|
|t:|1659636606
|switch|p1a: Rillaboom|Rillaboom, M|100/100|[from]move: Teleport
|-fieldstart|move: Grassy Terrain|[from] ability: Grassy Surge|[of] p1a: Rillaboom
|
|-weather|RainDance|[upkeep]
|upkeep
|turn|20
|l| Avaxus32
|
|t:|1659636609
|switch|p2a: Ferrothorn|Ferrothorn, F|100/100
|move|p1a: Rillaboom|Swords Dance|p1a: Rillaboom
|-boost|p1a: Rillaboom|atk|2
|
|-weather|RainDance|[upkeep]
|upkeep
|turn|21
|
|t:|1659636618
|move|p1a: Rillaboom|Drain Punch|p2a: Ferrothorn
|-supereffective|p2a: Ferrothorn
|-damage|p2a: Ferrothorn|41/100
|-damage|p1a: Rillaboom|88/100|[from] ability: Iron Barbs|[of] p2a: Ferrothorn
|move|p2a: Ferrothorn|Explosion|p1a: Rillaboom
|-crit|p1a: Rillaboom
|-damage|p1a: Rillaboom|8/100
|faint|p2a: Ferrothorn
|
|-weather|RainDance|[upkeep]
|-heal|p1a: Rillaboom|15/100|[from] Grassy Terrain
|-heal|p1a: Rillaboom|21/100|[from] item: Leftovers
|upkeep
|
|t:|1659636624
|switch|p2a: Zapdos|Zapdos|75/100 tox
|-ability|p2a: Zapdos|Pressure
|turn|22
|j| lt92pf qrts
|l| lt92pf qrts
|
|t:|1659636639
|move|p1a: Rillaboom|Grassy Glide|p2a: Zapdos
|-resisted|p2a: Zapdos
|-damage|p2a: Zapdos|9/100 tox
|move|p2a: Zapdos|Hurricane|p1a: Rillaboom
|-supereffective|p1a: Rillaboom
|-crit|p1a: Rillaboom
|-damage|p1a: Rillaboom|0 fnt
|faint|p1a: Rillaboom
|
|-weather|RainDance|[upkeep]
|-damage|p2a: Zapdos|2/100 tox|[from] psn
|upkeep
|
|t:|1659636644
|switch|p1a: Blaziken|Blaziken, F|100/100
|turn|23
|
|t:|1659636647
|move|p1a: Blaziken|Protect|p1a: Blaziken
|-singleturn|p1a: Blaziken|Protect
|move|p2a: Zapdos|Hurricane|p1a: Blaziken
|-activate|p1a: Blaziken|move: Protect
|
|-weather|RainDance|[upkeep]
|-damage|p2a: Zapdos|0 fnt|[from] psn
|faint|p2a: Zapdos
|-fieldend|move: Grassy Terrain
|-ability|p1a: Blaziken|Speed Boost|boost
|-boost|p1a: Blaziken|spe|1
|upkeep
|
|t:|1659636649
|switch|p2a: Barraskewda|Barraskewda, M|100/100
|turn|24
|
|t:|1659636657
|switch|p1a: Slowbro|Slowbro, F|52/100 brn
|move|p2a: Barraskewda|Flip Turn|p1a: Slowbro
|-resisted|p1a: Slowbro
|-damage|p1a: Slowbro|28/100 brn
|-damage|p2a: Barraskewda|84/100|[from] item: Rocky Helmet|[of] p1a: Slowbro
|j| Alexis Fidele
|j| LT92PF Daruma
|
|t:|1659636663
|switch|p2a: Crawdaunt|Crawdaunt, F|18/100|[from]move: Flip Turn
|
|-weather|RainDance|[upkeep]
|-damage|p1a: Slowbro|22/100 brn|[from] brn
|upkeep
|turn|25
|
|t:|1659636673
|move|p2a: Crawdaunt|Knock Off|p1a: Slowbro
|-supereffective|p1a: Slowbro
|-damage|p1a: Slowbro|0 fnt
|-damage|p2a: Crawdaunt|2/100|[from] item: Rocky Helmet|[of] p1a: Slowbro
|-enditem|p1a: Slowbro|Rocky Helmet|[from] move: Knock Off|[of] p2a: Crawdaunt
|faint|p1a: Slowbro
|
|-weather|none
|upkeep
|
|t:|1659636674
|switch|p1a: Blaziken|Blaziken, F|100/100
|turn|26
|
|t:|1659636676
|switch|p2a: Pelipper|Pelipper, F|63/100
|-weather|RainDance|[from] ability: Drizzle|[of] p2a: Pelipper
|move|p1a: Blaziken|Protect||[still]
|-fail|p1a: Blaziken
|
|-weather|RainDance|[upkeep]
|-ability|p1a: Blaziken|Speed Boost|boost
|-boost|p1a: Blaziken|spe|1
|upkeep
|turn|27
|
|t:|1659636681
|move|p1a: Blaziken|Protect|p1a: Blaziken
|-singleturn|p1a: Blaziken|Protect
|move|p2a: Pelipper|Scald|p1a: Blaziken
|-activate|p1a: Blaziken|move: Protect
|
|-weather|RainDance|[upkeep]
|-ability|p1a: Blaziken|Speed Boost|boost
|-boost|p1a: Blaziken|spe|1
|upkeep
|turn|28
|
|t:|1659636683
|move|p1a: Blaziken|Swords Dance|p1a: Blaziken
|-boost|p1a: Blaziken|atk|2
|move|p2a: Pelipper|Scald|p1a: Blaziken
|-supereffective|p1a: Blaziken
|-damage|p1a: Blaziken|0 fnt
|faint|p1a: Blaziken
|
|win|user1_ou
|raw|LT92PF Zokuru's rating: 1650 &rarr; <strong>1632</strong><br />(-18 for losing)
|raw|user1_ou's rating: 1684 &rarr; <strong>1702</strong><br />(+18 for winning)
|l|☆user1_ou
|l| Alexis Fidele
|l|☆LT92PF Zokuru
|j| Wado BTK
|l| Quagshi
|l| skaklnasnipcjspms
|l| Nultiprise
||Ladder isn't responding, score probably updated but might not have (Request timeout).
