|j|☆ldailey19
|j|☆Lost in the d4rk
|t:|1664526280
|gametype|singles
|player|p1|ldailey19|lance|1591
|player|p2|Lost in the d4rk|cynthia-gen4|1647
|teamsize|p1|6
|teamsize|p2|6
|gen|8
|tier|[Gen 8] OU
|rated|
|rule|Sleep Clause Mod: Limit one foe put to sleep
|rule|Species Clause: Limit one of each Pokémon
|rule|OHKO Clause: OHKO moves are banned
|rule|Evasion Items Clause: Evasion items are banned
|rule|Evasion Moves Clause: Evasion moves are banned
|rule|Endless Battle Clause: Forcing endless battles is banned
|rule|HP Percentage Mod: HP is shown in percentages
|rule|Dynamax Clause: You cannot dynamax
|clearpoke
|poke|p1|Magnezone|
|poke|p1|Weavile, M|
|poke|p1|Urshifu-*, M|
|poke|p1|Heatran, F|
|poke|p1|Landorus-Therian, M|
|poke|p1|Dragapult, M|
|poke|p2|Landorus-Therian, M|
|poke|p2|Blacephalon|
|poke|p2|Zapdos|
|poke|p2|Mandibuzz, F|
|poke|p2|Melmetal|
|poke|p2|Urshifu-*, F|
|teampreview
|inactive|Battle timer is ON: inactive players will automatically lose when time's up. (requested by ldailey19)
|
|t:|1664526293
|start
|switch|p1a: Dragapult|Dragapult, M, shiny|100/100
|switch|p2a: Zapdos|Zapdos|100/100
|turn|1
|
|t:|1664526300
|switch|p2a: Mandibuzz|Mandibuzz, F|100/100
|move|p1a: Dragapult|Dragon Darts|p2a: Mandibuzz
|-damage|p2a: Mandibuzz|87/100
|-anim|p1a: Dragapult|Dragon Darts|p2a: Mandibuzz
|-damage|p2a: Mandibuzz|71/100
|
|upkeep
|turn|2
|
|t:|1664526305
|move|p1a: Dragapult|U-turn|p2a: Mandibuzz
|-crit|p2a: Mandibuzz
|-damage|p2a: Mandibuzz|52/100
|
|t:|1664526309
|switch|p1a: Magnezone|Magnezone, shiny|100/100|[from]move: U-turn
|move|p2a: Mandibuzz|U-turn|p1a: Magnezone
|-resisted|p1a: Magnezone
|-damage|p1a: Magnezone|96/100
|
|t:|1664526319
|switch|p2a: Blacephalon|Blacephalon|100/100|[from]move: U-turn
|
|upkeep
|turn|3
|
|t:|1664526329
|move|p2a: Blacephalon|Shadow Ball|p1a: Magnezone
|-damage|p1a: Magnezone|42/100
|move|p1a: Magnezone|Thunderbolt|p2a: Blacephalon
|-damage|p2a: Blacephalon|0 fnt
|faint|p2a: Blacephalon
|
|upkeep
|
|t:|1664526336
|switch|p2a: Landorus|Landorus-Therian, M|100/100
|-ability|p2a: Landorus|Intimidate|boost
|-unboost|p1a: Magnezone|atk|1
|turn|4
|
|t:|1664526340
|switch|p1a: Landorus|Landorus-Therian, M|100/100
|-ability|p1a: Landorus|Intimidate|boost
|-unboost|p2a: Landorus|atk|1
|move|p2a: Landorus|Stealth Rock|p1a: Landorus
|-sidestart|p1: ldailey19|move: Stealth Rock
|
|upkeep
|turn|5
|
|t:|1664526347
|move|p1a: Landorus|Knock Off|p2a: Landorus
|-damage|p2a: Landorus|73/100
|-enditem|p2a: Landorus|Leftovers|[from] move: Knock Off|[of] p1a: Landorus
|move|p2a: Landorus|Toxic|p1a: Landorus|[miss]
|-miss|p2a: Landorus|p1a: Landorus
|
|upkeep
|turn|6
|
|t:|1664526353
|move|p1a: Landorus|Knock Off|p2a: Landorus
|-damage|p2a: Landorus|53/100
|move|p2a: Landorus|U-turn|p1a: Landorus
|-resisted|p1a: Landorus
|-damage|p1a: Landorus|95/100
|-damage|p2a: Landorus|36/100|[from] item: Rocky Helmet|[of] p1a: Landorus
|
|t:|1664526356
|switch|p2a: Urshifu|Urshifu-Rapid-Strike, F|100/100|[from]move: U-turn
|
|upkeep
|turn|7
|
|t:|1664526362
|switch|p1a: Dragapult|Dragapult, M, shiny|100/100
|-damage|p1a: Dragapult|88/100|[from] Stealth Rock
|move|p2a: Urshifu|Surging Strikes|p1a: Dragapult
|-resisted|p1a: Dragapult
|-crit|p1a: Dragapult
|-damage|p1a: Dragapult|66/100
|-resisted|p1a: Dragapult
|-crit|p1a: Dragapult
|-damage|p1a: Dragapult|44/100
|-resisted|p1a: Dragapult
|-crit|p1a: Dragapult
|-damage|p1a: Dragapult|21/100
|-hitcount|p1a: Dragapult|3
|
|upkeep
|turn|8
|
|t:|1664526366
|switch|p2a: Melmetal|Melmetal|100/100
|move|p1a: Dragapult|Dragon Darts|p2a: Melmetal
|-resisted|p2a: Melmetal
|-damage|p2a: Melmetal|94/100
|-anim|p1a: Dragapult|Dragon Darts|p2a: Melmetal
|-resisted|p2a: Melmetal
|-damage|p2a: Melmetal|87/100
|
|upkeep
|turn|9
|
|t:|1664526379
|move|p1a: Dragapult|U-turn|p2a: Melmetal
|-resisted|p2a: Melmetal
|-damage|p2a: Melmetal|81/100
|
|t:|1664526382
|switch|p1a: Landorus|Landorus-Therian, M|95/100|[from]move: U-turn
|-damage|p1a: Landorus|83/100|[from] Stealth Rock
|-ability|p1a: Landorus|Intimidate|boost
|-unboost|p2a: Melmetal|atk|1
|move|p2a: Melmetal|Superpower|p1a: Landorus
|-resisted|p1a: Landorus
|-damage|p1a: Landorus|67/100
|-unboost|p2a: Melmetal|atk|1
|-unboost|p2a: Melmetal|def|1
|-damage|p2a: Melmetal|64/100|[from] item: Rocky Helmet|[of] p1a: Landorus
|
|upkeep
|turn|10
|
|t:|1664526393
|switch|p2a: Landorus|Landorus-Therian, M|36/100
|-ability|p2a: Landorus|Intimidate|boost
|-unboost|p1a: Landorus|atk|1
|move|p1a: Landorus|Defog|p2a: Landorus
|-unboost|p2a: Landorus|evasion|1
|-sideend|p1: ldailey19|Stealth Rock|[from] move: Defog|[of] p1a: Landorus
|
|upkeep
|turn|11
|
|t:|1664526399
|move|p1a: Landorus|Knock Off|p2a: Landorus
|-damage|p2a: Landorus|22/100
|move|p2a: Landorus|U-turn|p1a: Landorus
|-resisted|p1a: Landorus
|-damage|p1a: Landorus|60/100
|-damage|p2a: Landorus|5/100|[from] item: Rocky Helmet|[of] p1a: Landorus
|
|t:|1664526402
|switch|p2a: Urshifu|Urshifu-Rapid-Strike, F|100/100|[from]move: U-turn
|
|upkeep
|turn|12
|
|t:|1664526418
|switch|p1a: Magnezone|Magnezone, shiny|42/100
|move|p2a: Urshifu|Surging Strikes|p1a: Magnezone
|-crit|p1a: Magnezone
|-damage|p1a: Magnezone|12/100
|-crit|p1a: Magnezone
|-damage|p1a: Magnezone|0 fnt
|faint|p1a: Magnezone
|-hitcount|p1: Magnezone|2
|
|upkeep
|j| show me l0ve
|
|t:|1664526433
|switch|p1a: Urshifu|Urshifu-Rapid-Strike, M|100/100
|turn|13
|inactive|ldailey19 has 120 seconds left.
|j| tyrantkingdad
|
|t:|1664526460
|switch|p1a: Dragapult|Dragapult, M, shiny|21/100
|switch|p2a: Landorus|Landorus-Therian, M|5/100
|-ability|p2a: Landorus|Intimidate|boost
|-unboost|p1a: Dragapult|atk|1
|
|upkeep
|turn|14
|
|t:|1664526465
|move|p1a: Dragapult|U-turn|p2a: Landorus
|-resisted|p2a: Landorus
|-damage|p2a: Landorus|0 fnt
|faint|p2a: Landorus
|
|t:|1664526493
|switch|p1a: Urshifu|Urshifu-Rapid-Strike, M|100/100|[from]move: U-turn
|
|upkeep
|
|t:|1664526496
|switch|p2a: Zapdos|Zapdos|100/100
|turn|15
|
|t:|1664526499
|switch|p1a: Landorus|Landorus-Therian, M|60/100
|-ability|p1a: Landorus|Intimidate|boost
|-unboost|p2a: Zapdos|atk|1
|move|p2a: Zapdos|Hurricane|p1a: Landorus
|-damage|p1a: Landorus|0 fnt
|faint|p1a: Landorus
|
|upkeep
|
|t:|1664526503
|switch|p1a: Weavile|Weavile, M|100/100
|-ability|p1a: Weavile|Pressure
|turn|16
|
|t:|1664526507
|switch|p2a: Melmetal|Melmetal|64/100
|move|p1a: Weavile|Knock Off|p2a: Melmetal
|-damage|p2a: Melmetal|25/100
|-enditem|p2a: Melmetal|Choice Band|[from] move: Knock Off|[of] p1a: Weavile
|
|upkeep
|turn|17
|
|t:|1664526522
|move|p1a: Weavile|Knock Off|p2a: Melmetal
|-damage|p2a: Melmetal|1/100
|move|p2a: Melmetal|Superpower|p1a: Weavile
|-supereffective|p1a: Weavile
|-damage|p1a: Weavile|0 fnt
|-unboost|p2a: Melmetal|atk|1
|-unboost|p2a: Melmetal|def|1
|faint|p1a: Weavile
|
|upkeep
|
|t:|1664526532
|switch|p1a: Dragapult|Dragapult, M, shiny|21/100
|turn|18
|
|t:|1664526537
|move|p1a: Dragapult|Dragon Darts|p2a: Melmetal
|-resisted|p2a: Melmetal
|-crit|p2a: Melmetal
|-damage|p2a: Melmetal|0 fnt
|faint|p2a: Melmetal
|
|upkeep
|
|t:|1664526543
|switch|p2a: Mandibuzz|Mandibuzz, F|52/100
|turn|19
|
|t:|1664526550
|move|p1a: Dragapult|U-turn|p2a: Mandibuzz
|-damage|p2a: Mandibuzz|40/100
|
|t:|1664526554
|switch|p1a: Heatran|Heatran, F, shiny|100/100|[from]move: U-turn
|-item|p1a: Heatran|Air Balloon
|move|p2a: Mandibuzz|Roost|p2a: Mandibuzz
|-heal|p2a: Mandibuzz|90/100
|-singleturn|p2a: Mandibuzz|move: Roost
|
|upkeep
|turn|20
|
|t:|1664526557
|move|p1a: Heatran|Toxic|p2a: Mandibuzz|[miss]
|-miss|p1a: Heatran|p2a: Mandibuzz
|move|p2a: Mandibuzz|U-turn|p1a: Heatran
|-resisted|p1a: Heatran
|-damage|p1a: Heatran|98/100
|-enditem|p1a: Heatran|Air Balloon
|
|t:|1664526560
|switch|p2a: Urshifu|Urshifu-Rapid-Strike, F|100/100|[from]move: U-turn
|
|upkeep
|turn|21
|
|t:|1664526575
|switch|p1a: Urshifu|Urshifu-Rapid-Strike, M|100/100
|move|p2a: Urshifu|Close Combat|p1a: Urshifu
|-enditem|p1a: Urshifu|Focus Sash
|-damage|p1a: Urshifu|1/100
|-unboost|p2a: Urshifu|def|1
|-unboost|p2a: Urshifu|spd|1
|
|upkeep
|turn|22
|j| Ran Kob
|
|t:|1664526590
|switch|p1a: Dragapult|Dragapult, M, shiny|21/100
|switch|p2a: Zapdos|Zapdos|100/100
|
|upkeep
|turn|23
|
|t:|1664526598
|move|p1a: Dragapult|Dragon Darts|p2a: Zapdos
|-damage|p2a: Zapdos|69/100
|-anim|p1a: Dragapult|Dragon Darts|p2a: Zapdos
|-damage|p2a: Zapdos|37/100
|move|p2a: Zapdos|Volt Switch|p1a: Dragapult
|-resisted|p1a: Dragapult
|-damage|p1a: Dragapult|0 fnt
|faint|p1a: Dragapult
|
|t:|1664526603
|switch|p2a: Urshifu|Urshifu-Rapid-Strike, F|100/100|[from]move: Volt Switch
|
|upkeep
|-message|ldailey19 forfeited.
|
|win|Lost in the d4rk
|raw|ldailey19's rating: 1591 &rarr; <strong>1574</strong><br />(-17 for losing)
|raw|Lost in the d4rk's rating: 1647 &rarr; <strong>1664</strong><br />(+17 for winning)
|l|☆ldailey19
|l| show me l0ve
|l|☆Lost in the d4rk
|l| Ran Kob
|l| tyrantkingdad
