|j|☆Stellar Flares
|j|☆minimax_ai
|t:|1667474116
|gametype|singles
|player|p1|Stellar Flares|palmer|1594
|player|p2|minimax_ai|lusamine-nihilego|1580
|teamsize|p1|6
|teamsize|p2|6
|gen|8
|tier|[Gen 8] OU
|rated|
|rule|Sleep Clause Mod: Limit one foe put to sleep
|rule|Species Clause: Limit one of each Pokémon
|rule|OHKO Clause: OHKO moves are banned
|rule|Evasion Items Clause: Evasion items are banned
|rule|Evasion Moves Clause: Evasion moves are banned
|rule|Endless Battle Clause: Forcing endless battles is banned
|rule|HP Percentage Mod: HP is shown in percentages
|rule|Dynamax Clause: You cannot dynamax
|clearpoke
|poke|p1|Jellicent, F|
|poke|p1|Corviknight, F|
|poke|p1|Tornadus-Therian, M|
|poke|p1|Toxapex, F|
|poke|p1|Clefable, F|
|poke|p1|Hippowdon, F|
|poke|p2|Rotom-Wash|
|poke|p2|Weavile, F|
|poke|p2|Landorus-Therian, M|
|poke|p2|Heatran, M|
|poke|p2|Tangrowth, M|
|poke|p2|Melmetal|
|teampreview
|
|t:|1667474118
|start
|switch|p1a: Jellicent|Jellicent, F|100/100
|switch|p2a: landorustherian|Landorus-Therian, M|100/100
|-ability|p2a: landorustherian|Intimidate|boost
|-unboost|p1a: Jellicent|atk|1
|turn|1
|c|☆minimax_ai|hf
|inactive|Battle timer is ON: inactive players will automatically lose when time's up. (requested by minimax_ai)
|
|t:|1667474122
|move|p2a: landorustherian|Earthquake|p1a: Jellicent
|-damage|p1a: Jellicent|55/100
|move|p1a: Jellicent|Substitute|p1a: Jellicent
|-start|p1a: Jellicent|Substitute
|-damage|p1a: Jellicent|30/100
|
|upkeep
|turn|2
|
|t:|1667474127
|switch|p2a: rotomwash|Rotom-Wash|100/100
|move|p1a: Jellicent|Strength Sap|p2a: rotomwash
|-unboost|p2a: rotomwash|atk|1
|-heal|p1a: Jellicent|74/100
|
|upkeep
|turn|3
|
|t:|1667474132
|move|p2a: rotomwash|Thunderbolt|p1a: Jellicent
|-supereffective|p1a: Jellicent
|-end|p1a: Jellicent|Substitute
|move|p1a: Jellicent|Shadow Ball|p2a: rotomwash
|-damage|p2a: rotomwash|66/100
|
|-heal|p2a: rotomwash|72/100|[from] item: Leftovers
|upkeep
|turn|4
|
|t:|1667474145
|switch|p1a: Hippowdon|Hippowdon, F|100/100
|-weather|Sandstorm|[from] ability: Sand Stream|[of] p1a: Hippowdon
|move|p2a: rotomwash|Thunderbolt|p1a: Hippowdon
|-immune|p1a: Hippowdon
|
|-weather|Sandstorm|[upkeep]
|-damage|p2a: rotomwash|66/100|[from] Sandstorm
|-heal|p2a: rotomwash|72/100|[from] item: Leftovers
|upkeep
|turn|5
|
|t:|1667474149
|move|p2a: rotomwash|Nasty Plot|p2a: rotomwash
|-boost|p2a: rotomwash|spa|2
|move|p1a: Hippowdon|Toxic|p2a: rotomwash
|-status|p2a: rotomwash|tox
|
|-weather|Sandstorm|[upkeep]
|-damage|p2a: rotomwash|66/100 tox|[from] Sandstorm
|-heal|p2a: rotomwash|72/100 tox|[from] item: Leftovers
|-damage|p2a: rotomwash|66/100 tox|[from] psn
|upkeep
|turn|6
|
|t:|1667474151
|switch|p1a: Clefable|Clefable, F|100/100
|move|p2a: rotomwash|Pain Split|p1a: Clefable
|-sethp|p1a: Clefable|76/100|[from] move: Pain Split|[silent]
|-sethp|p2a: rotomwash|98/100 tox|[from] move: Pain Split
|
|-weather|Sandstorm|[upkeep]
|-damage|p2a: rotomwash|92/100 tox|[from] Sandstorm
|-damage|p1a: Clefable|70/100|[from] Sandstorm
|-heal|p2a: rotomwash|98/100 tox|[from] item: Leftovers
|-heal|p1a: Clefable|76/100|[from] item: Leftovers
|-damage|p2a: rotomwash|85/100 tox|[from] psn
|upkeep
|turn|7
|
|t:|1667474156
|switch|p2a: Heatran|Heatran, M|100/100
|-item|p2a: Heatran|Air Balloon
|move|p1a: Clefable|Soft-Boiled|p1a: Clefable
|-heal|p1a: Clefable|100/100
|
|-weather|Sandstorm|[upkeep]
|-damage|p1a: Clefable|94/100|[from] Sandstorm
|-heal|p1a: Clefable|100/100|[from] item: Leftovers
|upkeep
|turn|8
|
|t:|1667474167
|switch|p1a: Toxapex|Toxapex, F|100/100
|move|p2a: Heatran|Magma Storm|p1a: Toxapex|[miss]
|-miss|p2a: Heatran|p1a: Toxapex
|
|-weather|none
|upkeep
|turn|9
|
|t:|1667474171
|move|p2a: Heatran|Magma Storm|p1a: Toxapex
|-resisted|p1a: Toxapex
|-damage|p1a: Toxapex|82/100
|-activate|p1a: Toxapex|move: Magma Storm|[of] p2a: Heatran
|move|p1a: Toxapex|Light Screen|p1a: Toxapex
|-sidestart|p1: Stellar Flares|move: Light Screen
|
|-damage|p1a: Toxapex|70/100|[from] move: Magma Storm|[partiallytrapped]
|upkeep
|turn|10
|
|t:|1667474172
|switch|p1a: Jellicent|Jellicent, F|74/100
|move|p2a: Heatran|Stealth Rock|p1a: Jellicent
|-sidestart|p1: Stellar Flares|move: Stealth Rock
|
|upkeep
|turn|11
|
|t:|1667474180
|switch|p2a: landorustherian|Landorus-Therian, M|100/100
|-ability|p2a: landorustherian|Intimidate|boost
|-unboost|p1a: Jellicent|atk|1
|move|p1a: Jellicent|Substitute|p1a: Jellicent
|-start|p1a: Jellicent|Substitute
|-damage|p1a: Jellicent|49/100
|
|upkeep
|turn|12
|
|t:|1667474182
|move|p2a: landorustherian|Earthquake|p1a: Jellicent
|-end|p1a: Jellicent|Substitute
|move|p1a: Jellicent|Strength Sap|p2a: landorustherian
|-unboost|p2a: landorustherian|atk|1
|-heal|p1a: Jellicent|100/100
|
|upkeep
|turn|13
|
|t:|1667474184
|move|p2a: landorustherian|Toxic|p1a: Jellicent
|-status|p1a: Jellicent|tox
|move|p1a: Jellicent|Scald|p2a: landorustherian
|-supereffective|p2a: landorustherian
|-damage|p2a: landorustherian|53/100
|-status|p2a: landorustherian|brn
|
|-heal|p2a: landorustherian|59/100 brn|[from] item: Leftovers
|-damage|p1a: Jellicent|94/100 tox|[from] psn
|-damage|p2a: landorustherian|53/100 brn|[from] brn
|-sideend|p1: Stellar Flares|move: Light Screen
|upkeep
|turn|14
|
|t:|1667474189
|switch|p2a: Melmetal|Melmetal|100/100
|move|p1a: Jellicent|Scald|p2a: Melmetal
|-damage|p2a: Melmetal|80/100
|
|-damage|p1a: Jellicent|82/100 tox|[from] psn
|upkeep
|turn|15
|
|t:|1667474210
|move|p1a: Jellicent|Scald|p2a: Melmetal
|-damage|p2a: Melmetal|53/100
|move|p2a: Melmetal|Thunder Punch|p1a: Jellicent
|-supereffective|p1a: Jellicent
|-damage|p1a: Jellicent|14/100 tox
|
|-damage|p1a: Jellicent|0 fnt|[from] psn
|faint|p1a: Jellicent
|upkeep
|
|t:|1667474221
|switch|p1a: Corviknight|Corviknight, F|100/100
|-damage|p1a: Corviknight|88/100|[from] Stealth Rock
|-ability|p1a: Corviknight|Pressure
|turn|16
|
|t:|1667474222
|switch|p2a: Heatran|Heatran, M|100/100
|-item|p2a: Heatran|Air Balloon
|move|p1a: Corviknight|Defog|p2a: Heatran
|-unboost|p2a: Heatran|evasion|1
|-sideend|p1: Stellar Flares|Stealth Rock|[from] move: Defog|[of] p1a: Corviknight
|
|-heal|p1a: Corviknight|94/100|[from] item: Leftovers
|upkeep
|turn|17
|
|t:|1667474227
|move|p2a: Heatran|Magma Storm|p1a: Corviknight
|-supereffective|p1a: Corviknight
|-damage|p1a: Corviknight|0 fnt
|faint|p1a: Corviknight
|
|upkeep
|-message|Stellar Flares forfeited.
|
|win|minimax_ai
|raw|Stellar Flares's rating: 1594 &rarr; <strong>1573</strong><br />(-21 for losing)
|raw|minimax_ai's rating: 1580 &rarr; <strong>1601</strong><br />(+21 for winning)
|c|☆minimax_ai|gg
|l|☆Stellar Flares
