|j|☆Talon 5
|j|☆cute pink team
|t:|1656946602
|gametype|singles
|player|p1|Talon 5|blue|1880
|player|p2|cute pink team|misty-gen1|1793
|teamsize|p1|6
|teamsize|p2|6
|gen|8
|tier|[Gen 8] OU
|rated|
|rule|Sleep Clause Mod: Limit one foe put to sleep
|rule|Species Clause: Limit one of each Pokémon
|rule|OHKO Clause: OHKO moves are banned
|rule|Evasion Moves Clause: Evasion moves are banned
|rule|Endless Battle Clause: Forcing endless battles is banned
|rule|HP Percentage Mod: HP is shown in percentages
|rule|Dynamax Clause: You cannot dynamax
|clearpoke
|poke|p1|Marowak-Alola, M|
|poke|p1|Slowbro, M|
|poke|p1|Hatterene, F|
|poke|p1|Garchomp, M|
|poke|p1|Ferrothorn, M|
|poke|p1|Drampa, M|
|poke|p2|Mamoswine, M|
|poke|p2|Ditto|
|poke|p2|Corviknight, F|
|poke|p2|Volcanion|
|poke|p2|Zapdos|
|poke|p2|Victini|
|teampreview
|
|t:|1656946617
|start
|switch|p1a: Thorns|Ferrothorn, M|100/100
|switch|p2a: Zapdos|Zapdos|100/100
|turn|1
|
|t:|1656946625
|move|p2a: Zapdos|Hurricane|p1a: Thorns|[miss]
|-miss|p2a: Zapdos|p1a: Thorns
|move|p1a: Thorns|Leech Seed|p2a: Zapdos
|-start|p2a: Zapdos|move: Leech Seed
|
|-damage|p2a: Zapdos|88/100|[from] Leech Seed|[of] p1a: Thorns
|upkeep
|turn|2
|
|t:|1656946631
|move|p2a: Zapdos|Hurricane|p1a: Thorns
|-damage|p1a: Thorns|38/100
|move|p1a: Thorns|Stealth Rock|p2a: Zapdos
|-sidestart|p2: cute pink team|move: Stealth Rock
|
|-heal|p1a: Thorns|45/100|[from] item: Leftovers
|-damage|p2a: Zapdos|76/100|[from] Leech Seed|[of] p1a: Thorns
|-heal|p1a: Thorns|56/100|[silent]
|upkeep
|turn|3
|j| SuperNUTZ126
|
|t:|1656946639
|move|p2a: Zapdos|Hurricane|p1a: Thorns
|-damage|p1a: Thorns|0 fnt
|faint|p1a: Thorns
|
|upkeep
|
|t:|1656946643
|switch|p1a: Sharko|Garchomp, M|100/100
|turn|4
|
|t:|1656946647
|switch|p2a: Corviknight|Corviknight, F|100/100
|-damage|p2a: Corviknight|88/100|[from] Stealth Rock
|-ability|p2a: Corviknight|Pressure
|move|p1a: Sharko|Stone Edge|p2a: Corviknight
|-damage|p2a: Corviknight|60/100
|
|-heal|p2a: Corviknight|67/100|[from] item: Leftovers
|upkeep
|turn|5
|
|t:|1656946656
|switch|p1a: Billy B.|Marowak-Alola, M, shiny|100/100
|move|p2a: Corviknight|Defog|p1a: Billy B.
|-unboost|p1a: Billy B.|evasion|1
|-sideend|p2: cute pink team|Stealth Rock|[from] move: Defog|[of] p2a: Corviknight
|
|-heal|p2a: Corviknight|73/100|[from] item: Leftovers
|upkeep
|turn|6
|
|t:|1656946663
|move|p1a: Billy B.|Substitute|p1a: Billy B.
|-start|p1a: Billy B.|Substitute
|-damage|p1a: Billy B.|76/100
|move|p2a: Corviknight|U-turn|p1a: Billy B.
|-resisted|p1a: Billy B.
|-activate|p1a: Billy B.|move: Substitute|[damage]
|
|t:|1656946669
|switch|p2a: Zapdos|Zapdos|76/100|[from]move: U-turn
|
|upkeep
|turn|7
|
|t:|1656946673
|move|p2a: Zapdos|Volt Switch|p1a: Billy B.
|-end|p1a: Billy B.|Substitute
|
|t:|1656946674
|switch|p2a: Volcanion|Volcanion|100/100|[from]move: Volt Switch
|move|p1a: Billy B.|Flare Blitz|p2a: Volcanion
|-resisted|p2a: Volcanion
|-damage|p2a: Volcanion|78/100
|
|upkeep
|turn|8
|
|t:|1656946685
|switch|p1a: Sonso|Slowbro, M|100/100
|move|p2a: Volcanion|Steam Eruption|p1a: Sonso|[miss]
|-miss|p2a: Volcanion|p1a: Sonso
|
|upkeep
|turn|9
|
|t:|1656946691
|move|p2a: Volcanion|Steam Eruption|p1a: Sonso
|-resisted|p1a: Sonso
|-damage|p1a: Sonso|47/100
|-status|p1a: Sonso|brn
|move|p1a: Sonso|Trick Room|p1a: Sonso
|-fieldstart|move: Trick Room|[of] p1a: Sonso
|
|-damage|p1a: Sonso|41/100 brn|[from] brn
|upkeep
|turn|10
|
|t:|1656946698
|switch|p1a: Falkor|Drampa, M|100/100
|move|p2a: Volcanion|Steam Eruption|p1a: Falkor
|-resisted|p1a: Falkor
|-damage|p1a: Falkor|49/100
|-ability|p1a: Falkor|Berserk|boost
|-boost|p1a: Falkor|spa|1
|
|upkeep
|turn|11
|
|t:|1656946707
|switch|p2a: Corviknight|Corviknight, F|73/100
|-ability|p2a: Corviknight|Pressure
|move|p1a: Falkor|Thunderbolt|p2a: Corviknight
|-supereffective|p2a: Corviknight
|-damage|p2a: Corviknight|0 fnt
|faint|p2a: Corviknight
|
|upkeep
|
|t:|1656946711
|switch|p2a: Mamoswine|Mamoswine, M|100/100
|turn|12
|
|t:|1656946717
|switch|p1a: Billy B.|Marowak-Alola, M, shiny|76/100
|move|p2a: Mamoswine|Earthquake|p1a: Billy B.
|-supereffective|p1a: Billy B.
|-damage|p1a: Billy B.|0 fnt
|faint|p1a: Billy B.
|
|upkeep
|j| Rainyai
|
|t:|1656946724
|switch|p1a: Falkor|Drampa, M|49/100
|turn|13
|
|t:|1656946727
|move|p2a: Mamoswine|Ice Shard|p1a: Falkor
|-supereffective|p1a: Falkor
|-damage|p1a: Falkor|2/100
|move|p1a: Falkor|Focus Blast|p2a: Mamoswine
|-supereffective|p2a: Mamoswine
|-damage|p2a: Mamoswine|17/100
|
|-fieldend|move: Trick Room
|upkeep
|turn|14
|
|t:|1656946738
|switch|p1a: Sonso|Slowbro, M|75/100 brn
|move|p2a: Mamoswine|Earthquake|p1a: Sonso
|-damage|p1a: Sonso|42/100 brn
|
|-damage|p1a: Sonso|36/100 brn|[from] brn
|upkeep
|turn|15
|j| 11221122q
|
|t:|1656946748
|switch|p2a: Victini|Victini|100/100
|move|p1a: Sonso|Scald|p2a: Victini
|-supereffective|p2a: Victini
|-damage|p2a: Victini|57/100
|
|-damage|p1a: Sonso|30/100 brn|[from] brn
|upkeep
|turn|16
|
|t:|1656946757
|switch|p1a: Sharko|Garchomp, M|100/100
|move|p2a: Victini|U-turn|p1a: Sharko
|-damage|p1a: Sharko|69/100
|-damage|p2a: Victini|45/100|[from] ability: Rough Skin|[of] p1a: Sharko
|
|t:|1656946763
|switch|p2a: Mamoswine|Mamoswine, M|17/100|[from]move: U-turn
|
|-heal|p1a: Sharko|75/100|[from] item: Leftovers
|upkeep
|turn|17
|
|t:|1656946769
|switch|p1a: Sonso|Slowbro, M|63/100 brn
|switch|p2a: Zapdos|Zapdos|76/100
|
|-damage|p1a: Sonso|57/100 brn|[from] brn
|upkeep
|turn|18
|j| yuwenxian
|
|t:|1656946780
|switch|p1a: Falkor|Drampa, M|2/100
|move|p2a: Zapdos|Hurricane|p1a: Falkor
|-damage|p1a: Falkor|0 fnt
|faint|p1a: Falkor
|
|upkeep
|
|t:|1656946785
|switch|p1a: Sharko|Garchomp, M|75/100
|turn|19
|
|t:|1656946790
|switch|p2a: Ditto|Ditto|100/100
|-transform|p2a: Ditto|p1a: Sharko|[from] ability: Imposter
|move|p1a: Sharko|Stone Edge|p2a: Ditto
|-resisted|p2a: Ditto
|-damage|p2a: Ditto|79/100
|
|-heal|p1a: Sharko|81/100|[from] item: Leftovers
|upkeep
|turn|20
|
|t:|1656946800
|switch|p2a: Zapdos|Zapdos|76/100
|move|p1a: Sharko|Scale Shot|p2a: Zapdos
|-damage|p2a: Zapdos|60/100
|-damage|p2a: Zapdos|44/100
|-damage|p2a: Zapdos|28/100
|-damage|p2a: Zapdos|10/100
|-damage|p2a: Zapdos|0 fnt
|faint|p2a: Zapdos
|-hitcount|p2: Zapdos|5
|-unboost|p1a: Sharko|def|1
|-boost|p1a: Sharko|spe|1
|
|-heal|p1a: Sharko|88/100|[from] item: Leftovers
|upkeep
|j| TMGamer123
|
|t:|1656946809
|switch|p2a: Ditto|Ditto|79/100
|-transform|p2a: Ditto|p1a: Sharko|[from] ability: Imposter
|turn|21
|
|t:|1656946819
|switch|p1a: Sonso|Slowbro, M|91/100 brn
|move|p2a: Ditto|Scale Shot|p1a: Sonso
|-damage|p1a: Sonso|83/100 brn
|-damage|p1a: Sonso|75/100 brn
|-hitcount|p1a: Sonso|2
|-unboost|p2a: Ditto|def|1
|-boost|p2a: Ditto|spe|1
|
|-damage|p1a: Sonso|69/100 brn|[from] brn
|upkeep
|turn|22
|
|t:|1656946830
|switch|p2a: Volcanion|Volcanion|78/100
|switch|p1a: Gorra|Hatterene, F, shiny|100/100
|
|upkeep
|turn|23
|
|t:|1656946855
|move|p2a: Volcanion|Steam Eruption|p1a: Gorra
|-damage|p1a: Gorra|29/100
|move|p1a: Gorra|Healing Wish|p1a: Gorra
|faint|p1a: Gorra
|
|upkeep
|
|t:|1656946865
|switch|p1a: Sharko|Garchomp, M|88/100
|-heal|p1a: Sharko|100/100|[from] move: Healing Wish
|turn|24
|
|t:|1656946872
|switch|p2a: Victini|Victini|45/100
|move|p1a: Sharko|Earthquake|p2a: Victini
|-supereffective|p2a: Victini
|-damage|p2a: Victini|0 fnt
|faint|p2a: Victini
|
|upkeep
|
|t:|1656946876
|switch|p2a: Mamoswine|Mamoswine, M|17/100
|turn|25
|j| 50 at max
|
|t:|1656946882
|switch|p1a: Sonso|Slowbro, M|100/100 brn
|move|p2a: Mamoswine|Ice Shard|p1a: Sonso
|-resisted|p1a: Sonso
|-damage|p1a: Sonso|94/100 brn
|
|-damage|p1a: Sonso|88/100 brn|[from] brn
|upkeep
|turn|26
|
|t:|1656946891
|move|p2a: Mamoswine|Icicle Crash|p1a: Sonso
|-resisted|p1a: Sonso
|-damage|p1a: Sonso|73/100 brn
|cant|p1a: Sonso|flinch
|
|-damage|p1a: Sonso|66/100 brn|[from] brn
|upkeep
|turn|27
|c|☆Talon 5|come on!
|
|t:|1656946900
|switch|p2a: Volcanion|Volcanion|78/100
|move|p1a: Sonso|Slack Off|p1a: Sonso
|-heal|p1a: Sonso|100/100 brn
|
|-damage|p1a: Sonso|94/100 brn|[from] brn
|upkeep
|turn|28
|
|t:|1656946907
|move|p2a: Volcanion|Steam Eruption|p1a: Sonso
|-resisted|p1a: Sonso
|-damage|p1a: Sonso|47/100 brn
|move|p1a: Sonso|Slack Off|p1a: Sonso
|-heal|p1a: Sonso|97/100 brn
|
|-damage|p1a: Sonso|91/100 brn|[from] brn
|upkeep
|turn|29
|
|t:|1656946914
|switch|p2a: Ditto|Ditto|79/100
|-transform|p2a: Ditto|p1a: Sonso|[from] ability: Imposter
|move|p1a: Sonso|Slack Off|p1a: Sonso
|-heal|p1a: Sonso|100/100 brn
|
|-damage|p1a: Sonso|94/100 brn|[from] brn
|upkeep
|turn|30
|
|t:|1656946937
|move|p2a: Ditto|Scald|p1a: Sonso
|-resisted|p1a: Sonso
|-damage|p1a: Sonso|79/100 brn
|move|p1a: Sonso|Scald|p2a: Ditto
|-resisted|p2a: Ditto
|-damage|p2a: Ditto|60/100
|
|-damage|p1a: Sonso|73/100 brn|[from] brn
|upkeep
|turn|31
|
|t:|1656946949
|switch|p2a: Volcanion|Volcanion|78/100
|move|p1a: Sonso|Body Press|p2a: Volcanion
|-crit|p2a: Volcanion
|-damage|p2a: Volcanion|57/100
|
|-damage|p1a: Sonso|67/100 brn|[from] brn
|upkeep
|turn|32
|l| 50 at max
|
|t:|1656946956
|move|p2a: Volcanion|Sludge Wave|p1a: Sonso
|-damage|p1a: Sonso|15/100 brn
|move|p1a: Sonso|Slack Off|p1a: Sonso
|-heal|p1a: Sonso|65/100 brn
|
|-damage|p1a: Sonso|59/100 brn|[from] brn
|upkeep
|turn|33
|
|t:|1656946963
|move|p2a: Volcanion|Sludge Wave|p1a: Sonso
|-damage|p1a: Sonso|7/100 brn
|move|p1a: Sonso|Slack Off|p1a: Sonso
|-heal|p1a: Sonso|57/100 brn
|
|-damage|p1a: Sonso|51/100 brn|[from] brn
|upkeep
|turn|34
|
|t:|1656946972
|switch|p2a: Ditto|Ditto|94/100
|-transform|p2a: Ditto|p1a: Sonso|[from] ability: Imposter
|switch|p1a: Sharko|Garchomp, M|100/100
|
|upkeep
|turn|35
|
|t:|1656946985
|switch|p1a: Sonso|Slowbro, M|85/100 brn
|switch|p2a: Volcanion|Volcanion|57/100
|
|-damage|p1a: Sonso|78/100 brn|[from] brn
|upkeep
|turn|36
|
|t:|1656946994
|move|p2a: Volcanion|Sludge Wave|p1a: Sonso
|-damage|p1a: Sonso|25/100 brn
|move|p1a: Sonso|Slack Off|p1a: Sonso
|-heal|p1a: Sonso|75/100 brn
|
|-damage|p1a: Sonso|69/100 brn|[from] brn
|upkeep
|turn|37
|
|t:|1656947001
|switch|p2a: Ditto|Ditto|100/100
|-transform|p2a: Ditto|p1a: Sonso|[from] ability: Imposter
|switch|p1a: Sharko|Garchomp, M|100/100
|
|upkeep
|turn|38
|l| SuperNUTZ126
|
|t:|1656947017
|switch|p1a: Sonso|Slowbro, M|100/100 brn
|move|p2a: Ditto|Scald|p1a: Sonso
|-resisted|p1a: Sonso
|-damage|p1a: Sonso|87/100 brn
|
|-damage|p1a: Sonso|81/100 brn|[from] brn
|upkeep
|turn|39
|
|t:|1656947025
|switch|p2a: Volcanion|Volcanion|57/100
|switch|p1a: Sharko|Garchomp, M|100/100
|
|upkeep
|turn|40
|
|t:|1656947030
|switch|p2a: Ditto|Ditto|100/100
|-transform|p2a: Ditto|p1a: Sharko|[from] ability: Imposter
|move|p1a: Sharko|Earthquake|p2a: Ditto
|-damage|p2a: Ditto|38/100
|
|upkeep
|turn|41
|
|t:|1656947039
|switch|p2a: Volcanion|Volcanion|57/100
|switch|p1a: Sonso|Slowbro, M|100/100 brn
|
|-damage|p1a: Sonso|94/100 brn|[from] brn
|upkeep
|turn|42
|
|t:|1656947056
|move|p2a: Volcanion|Earth Power|p1a: Sonso
|-damage|p1a: Sonso|44/100 brn
|move|p1a: Sonso|Slack Off|p1a: Sonso
|-heal|p1a: Sonso|94/100 brn
|
|-damage|p1a: Sonso|88/100 brn|[from] brn
|upkeep
|turn|43
|
|t:|1656947063
|switch|p1a: Sharko|Garchomp, M|100/100
|move|p2a: Volcanion|Earth Power|p1a: Sharko
|-damage|p1a: Sharko|49/100
|-unboost|p1a: Sharko|spd|1
|
|-heal|p1a: Sharko|55/100|[from] item: Leftovers
|upkeep
|turn|44
|
|t:|1656947072
|switch|p2a: Ditto|Ditto|38/100
|-transform|p2a: Ditto|p1a: Sharko|[from] ability: Imposter
|move|p1a: Sharko|Earthquake|p2a: Ditto
|-damage|p2a: Ditto|0 fnt
|faint|p2a: Ditto
|
|-heal|p1a: Sharko|61/100|[from] item: Leftovers
|upkeep
|j| HaloKappa
|
|t:|1656947074
|switch|p2a: Mamoswine|Mamoswine, M|17/100
|turn|45
|
|t:|1656947083
|switch|p1a: Sonso|Slowbro, M|100/100 brn
|switch|p2a: Volcanion|Volcanion|57/100
|
|-damage|p1a: Sonso|94/100 brn|[from] brn
|upkeep
|turn|46
|
|t:|1656947090
|move|p2a: Volcanion|Sludge Wave|p1a: Sonso
|-damage|p1a: Sonso|41/100 brn
|move|p1a: Sonso|Slack Off|p1a: Sonso
|-heal|p1a: Sonso|91/100 brn
|
|-damage|p1a: Sonso|85/100 brn|[from] brn
|upkeep
|turn|47
|
|t:|1656947099
|switch|p1a: Sharko|Garchomp, M|61/100
|move|p2a: Volcanion|Sludge Wave|p1a: Sharko
|-resisted|p1a: Sharko
|-damage|p1a: Sharko|32/100
|
|-heal|p1a: Sharko|39/100|[from] item: Leftovers
|upkeep
|turn|48
|-message|cute pink team forfeited.
|
|win|Talon 5
|raw|Talon 5's rating: 1880 &rarr; <strong>1895</strong><br />(+15 for winning)
|raw|cute pink team's rating: 1793 &rarr; <strong>1778</strong><br />(-15 for losing)
|l|☆cute pink team
|l| 11221122q
|l| Rainyai
||Ladder isn't responding, score probably updated but might not have (Request timeout).
