|j|☆Kevinskie
|j|☆Sombra Diurna
|t:|1654961885
|gametype|singles
|player|p1|Kevinskie|2|1535
|player|p2|Sombra Diurna|blue|1579
|teamsize|p1|6
|teamsize|p2|6
|gen|8
|tier|[Gen 8] OU
|rated|
|rule|Sleep Clause Mod: Limit one foe put to sleep
|rule|Species Clause: Limit one of each Pokémon
|rule|OHKO Clause: OHKO moves are banned
|rule|Evasion Moves Clause: Evasion moves are banned
|rule|Endless Battle Clause: Forcing endless battles is banned
|rule|HP Percentage Mod: HP is shown in percentages
|rule|Dynamax Clause: You cannot dynamax
|clearpoke
|poke|p1|Slowbro, M|
|poke|p1|Weavile, F|
|poke|p1|Melmetal|
|poke|p1|Kartana|
|poke|p1|Blacephalon|
|poke|p1|Landorus-Therian, M|
|poke|p2|Slowbro, M|
|poke|p2|Hatterene, F|
|poke|p2|Marowak-Alola, M|
|poke|p2|Ferrothorn, M|
|poke|p2|Garchomp, F|
|poke|p2|Drampa, M|
|teampreview
|
|t:|1654961904
|start
|switch|p1a: Weavile|Weavile, F|100/100
|switch|p2a: Sonso|Slowbro, M|100/100
|-ability|p1a: Weavile|Pressure
|turn|1
|
|t:|1654961918
|move|p1a: Weavile|Beat Up|p2a: Sonso
|-supereffective|p2a: Sonso
|-enditem|p2a: Sonso|Colbur Berry|[eat]
|-enditem|p2a: Sonso|Colbur Berry|[weaken]
|-damage|p2a: Sonso|93/100
|-supereffective|p2a: Sonso
|-damage|p2a: Sonso|79/100
|-supereffective|p2a: Sonso
|-damage|p2a: Sonso|59/100
|-supereffective|p2a: Sonso
|-damage|p2a: Sonso|36/100
|-supereffective|p2a: Sonso
|-damage|p2a: Sonso|20/100
|-supereffective|p2a: Sonso
|-damage|p2a: Sonso|0 fnt
|faint|p2a: Sonso
|-hitcount|p2: Sonso|6
|
|upkeep
|
|t:|1654961931
|switch|p2a: Thorns|Ferrothorn, M|100/100
|turn|2
|
|t:|1654961936
|move|p1a: Weavile|Beat Up|p2a: Thorns
|-damage|p2a: Thorns|89/100
|-damage|p2a: Thorns|82/100
|-damage|p2a: Thorns|70/100
|-damage|p2a: Thorns|55/100
|-damage|p2a: Thorns|45/100
|-damage|p2a: Thorns|32/100
|-hitcount|p2a: Thorns|6
|move|p2a: Thorns|Stealth Rock|p1a: Weavile
|-sidestart|p1: Kevinskie|move: Stealth Rock
|
|-heal|p2a: Thorns|39/100|[from] item: Leftovers
|upkeep
|turn|3
|
|t:|1654961954
|move|p1a: Weavile|Beat Up|p2a: Thorns
|-damage|p2a: Thorns|27/100
|-damage|p2a: Thorns|20/100
|-damage|p2a: Thorns|9/100
|-damage|p2a: Thorns|0 fnt
|faint|p2a: Thorns
|-hitcount|p2: Thorns|4
|
|upkeep
|
|t:|1654961961
|switch|p2a: Sharpo|Garchomp, F|100/100
|turn|4
|
|t:|1654961964
|move|p1a: Weavile|Beat Up|p2a: Sharpo
|-damage|p2a: Sharpo|88/100
|-damage|p2a: Sharpo|77/100
|-damage|p2a: Sharpo|61/100
|-damage|p2a: Sharpo|41/100
|-damage|p2a: Sharpo|27/100
|-damage|p2a: Sharpo|12/100
|-hitcount|p2a: Sharpo|6
|move|p2a: Sharpo|Earthquake|p1a: Weavile
|-damage|p1a: Weavile|10/100
|
|-heal|p2a: Sharpo|18/100|[from] item: Leftovers
|upkeep
|turn|5
|-message|Sombra Diurna forfeited.
|
|win|Kevinskie
|raw|Kevinskie's rating: 1535 &rarr; <strong>1558</strong><br />(+23 for winning)
|raw|Sombra Diurna's rating: 1579 &rarr; <strong>1556</strong><br />(-23 for losing)
|l|☆Sombra Diurna
||Ladder isn't responding, score probably updated but might not have (Request timeout).
