|j|☆RoadToJoey
|j|☆LolzMachine
|t:|1611155202
|player|p1|RoadToJoey|shadowtriad|1648
|player|p2|LolzMachine|294|1672
|teamsize|p1|6
|teamsize|p2|6
|gametype|singles
|gen|8
|tier|[Gen 8] OU
|rated|
|clearpoke
|poke|p1|Blacephalon|
|poke|p1|Latios, M|
|poke|p1|Clefable, M|
|poke|p1|Ferrothorn, F|
|poke|p1|Cinderace, M|
|poke|p1|Urshifu-*, M|
|poke|p2|Blaziken, F|
|poke|p2|Garchomp, M|
|poke|p2|Salamence, M|
|poke|p2|Melmetal|
|poke|p2|Zarude|
|poke|p2|Regieleki|
|rule|Sleep Clause Mod: Limit one foe put to sleep
|rule|Species Clause: Limit one of each Pokémon
|rule|OHKO Clause: OHKO moves are banned
|rule|Evasion Moves Clause: Evasion moves are banned
|rule|Endless Battle Clause: Forcing endless battles is banned
|rule|HP Percentage Mod: HP is shown in percentages
|rule|Dynamax Clause: You cannot dynamax
|teampreview
|
|t:|1611155206
|start
|switch|p1a: Blacephalon|Blacephalon|100/100
|switch|p2a: Salamence|Salamence, M|100/100
|-ability|p2a: Salamence|Intimidate|boost
|-unboost|p1a: Blacephalon|atk|1
|turn|1
|
|t:|1611155212
|move|p1a: Blacephalon|Trick|p2a: Salamence
|-activate|p1a: Blacephalon|move: Trick|[of] p2a: Salamence
|-item|p2a: Salamence|Choice Scarf|[from] move: Trick
|-item|p1a: Blacephalon|Life Orb|[from] move: Trick
|move|p2a: Salamence|Earthquake|p1a: Blacephalon
|-supereffective|p1a: Blacephalon
|-damage|p1a: Blacephalon|0 fnt
|faint|p1a: Blacephalon
|
|upkeep
|
|t:|1611155217
|switch|p1a: Latios|Latios, M|100/100
|turn|2
|
|t:|1611155224
|switch|p2a: Zarude|Zarude|100/100
|move|p1a: Latios|Mystical Fire|p2a: Zarude
|-supereffective|p2a: Zarude
|-damage|p2a: Zarude|43/100
|-unboost|p2a: Zarude|spa|1
|-damage|p1a: Latios|91/100|[from] item: Life Orb
|
|-heal|p2a: Zarude|49/100|[from] item: Leftovers
|upkeep
|turn|3
|
|t:|1611155230
|move|p1a: Latios|Mystical Fire|p2a: Zarude
|-supereffective|p2a: Zarude
|-damage|p2a: Zarude|0 fnt
|-damage|p1a: Latios|81/100|[from] item: Life Orb
|faint|p2a: Zarude
|
|upkeep
|
|t:|1611155233
|switch|p2a: Regieleki|Regieleki|100/100
|turn|4
|
|t:|1611155235
|move|p2a: Regieleki|Volt Switch|p1a: Latios
|-resisted|p1a: Latios
|-damage|p1a: Latios|43/100
|
|t:|1611155238
|switch|p2a: Salamence|Salamence, M|100/100|[from]move: Volt Switch
|-ability|p2a: Salamence|Intimidate|boost
|-unboost|p1a: Latios|atk|1
|move|p1a: Latios|Psyshock|p2a: Salamence
|-damage|p2a: Salamence|28/100
|-damage|p1a: Latios|33/100|[from] item: Life Orb
|
|upkeep
|turn|5
|
|t:|1611155242
|switch|p1a: Ferrothorn|Ferrothorn, F|100/100
|move|p2a: Salamence|Hurricane|p1a: Ferrothorn|[miss]
|-miss|p2a: Salamence|p1a: Ferrothorn
|
|upkeep
|turn|6
|
|t:|1611155246
|switch|p2a: Blaziken|Blaziken, F|100/100
|move|p1a: Ferrothorn|Knock Off|p2a: Blaziken
|-resisted|p2a: Blaziken
|-damage|p2a: Blaziken|84/100
|-enditem|p2a: Blaziken|Focus Sash|[from] move: Knock Off|[of] p1a: Ferrothorn
|
|upkeep
|turn|7
|
|t:|1611155252
|switch|p1a: Urshifu|Urshifu-Rapid-Strike, M|100/100
|move|p2a: Blaziken|Close Combat|p1a: Urshifu
|-damage|p1a: Urshifu|30/100
|-unboost|p2a: Blaziken|def|1
|-unboost|p2a: Blaziken|spd|1
|
|-ability|p2a: Blaziken|Speed Boost|boost
|-boost|p2a: Blaziken|spe|1
|upkeep
|turn|8
|
|t:|1611155255
|switch|p2a: Garchomp|Garchomp, M|100/100
|move|p1a: Urshifu|Aqua Jet|p2a: Garchomp
|-damage|p2a: Garchomp|73/100
|-damage|p1a: Urshifu|18/100|[from] ability: Rough Skin|[of] p2a: Garchomp
|-damage|p1a: Urshifu|1/100|[from] item: Rocky Helmet|[of] p2a: Garchomp
|
|upkeep
|turn|9
|
|t:|1611155262
|move|p1a: Urshifu|Aqua Jet|p2a: Garchomp
|-damage|p2a: Garchomp|49/100
|-damage|p1a: Urshifu|0 fnt|[from] ability: Rough Skin|[of] p2a: Garchomp
|faint|p1a: Urshifu
|move|p2a: Garchomp|Stealth Rock|p1: Urshifu
|-sidestart|p1: RoadToJoey|move: Stealth Rock
|
|upkeep
|
|t:|1611155265
|switch|p1a: Latios|Latios, M|33/100
|-damage|p1a: Latios|20/100|[from] Stealth Rock
|turn|10
|
|t:|1611155272
|switch|p2a: Salamence|Salamence, M|28/100
|-ability|p2a: Salamence|Intimidate|boost
|-unboost|p1a: Latios|atk|1
|move|p1a: Latios|Psyshock|p2a: Salamence
|-damage|p2a: Salamence|0 fnt
|-damage|p1a: Latios|10/100|[from] item: Life Orb
|faint|p2a: Salamence
|
|upkeep
|
|t:|1611155274
|switch|p2a: Regieleki|Regieleki|100/100
|turn|11
|
|t:|1611155279
|switch|p1a: Ferrothorn|Ferrothorn, F|100/100
|-damage|p1a: Ferrothorn|94/100|[from] Stealth Rock
|move|p2a: Regieleki|Volt Switch|p1a: Ferrothorn
|-resisted|p1a: Ferrothorn
|-damage|p1a: Ferrothorn|71/100
|
|t:|1611155281
|switch|p2a: Blaziken|Blaziken, F|84/100|[from]move: Volt Switch
|
|-heal|p1a: Ferrothorn|77/100|[from] item: Leftovers
|upkeep
|turn|12
|
|t:|1611155289
|move|p2a: Blaziken|Swords Dance|p2a: Blaziken
|-boost|p2a: Blaziken|atk|2
|move|p1a: Ferrothorn|Gyro Ball|p2a: Blaziken
|-resisted|p2a: Blaziken
|-damage|p2a: Blaziken|49/100
|
|-heal|p1a: Ferrothorn|84/100|[from] item: Leftovers
|-ability|p2a: Blaziken|Speed Boost|boost
|-boost|p2a: Blaziken|spe|1
|upkeep
|turn|13
|
|t:|1611155295
|switch|p1a: Latios|Latios, M|10/100
|-damage|p1a: Latios|0 fnt|[from] Stealth Rock
|faint|p1a: Latios
|move|p2a: Blaziken|Close Combat|p1: Latios|[notarget]
|-fail|p2a: Blaziken
|
|-ability|p2a: Blaziken|Speed Boost|boost
|-boost|p2a: Blaziken|spe|1
|upkeep
|
|t:|1611155301
|switch|p1a: Clefable|Clefable, M|100/100
|turn|14
|
|t:|1611155305
|move|p2a: Blaziken|Flare Blitz|p1a: Clefable
|-damage|p1a: Clefable|5/100
|-damage|p2a: Blaziken|8/100|[from] Recoil
|move|p1a: Clefable|Moonblast|p2a: Blaziken
|-damage|p2a: Blaziken|0 fnt
|faint|p2a: Blaziken
|
|-heal|p1a: Clefable|11/100|[from] item: Leftovers
|upkeep
|
|t:|1611155308
|switch|p2a: Regieleki|Regieleki|100/100
|turn|15
|
|t:|1611155311
|switch|p1a: Ferrothorn|Ferrothorn, F|84/100
|-damage|p1a: Ferrothorn|77/100|[from] Stealth Rock
|move|p2a: Regieleki|Thunderbolt|p1a: Ferrothorn
|-resisted|p1a: Ferrothorn
|-crit|p1a: Ferrothorn
|-damage|p1a: Ferrothorn|38/100
|
|-heal|p1a: Ferrothorn|44/100|[from] item: Leftovers
|upkeep
|turn|16
|
|t:|1611155315
|move|p2a: Regieleki|Thunderbolt|p1a: Ferrothorn
|-resisted|p1a: Ferrothorn
|-damage|p1a: Ferrothorn|16/100
|move|p1a: Ferrothorn|Knock Off|p2a: Regieleki
|-damage|p2a: Regieleki|62/100
|-enditem|p2a: Regieleki|Choice Specs|[from] move: Knock Off|[of] p1a: Ferrothorn
|
|-heal|p1a: Ferrothorn|22/100|[from] item: Leftovers
|upkeep
|turn|17
|
|t:|1611155320
|move|p2a: Regieleki|Thunderbolt|p1a: Ferrothorn
|-resisted|p1a: Ferrothorn
|-damage|p1a: Ferrothorn|3/100
|move|p1a: Ferrothorn|Leech Seed|p2a: Regieleki
|-start|p2a: Regieleki|move: Leech Seed
|
|-heal|p1a: Ferrothorn|9/100|[from] item: Leftovers
|-damage|p2a: Regieleki|50/100|[from] Leech Seed|[of] p1a: Ferrothorn
|-heal|p1a: Ferrothorn|20/100|[silent]
|upkeep
|turn|18
|
|t:|1611155324
|move|p2a: Regieleki|Thunderbolt|p1a: Ferrothorn
|-resisted|p1a: Ferrothorn
|-damage|p1a: Ferrothorn|1/100
|move|p1a: Ferrothorn|Gyro Ball|p2a: Regieleki
|-resisted|p2a: Regieleki
|-damage|p2a: Regieleki|0 fnt
|faint|p2a: Regieleki
|
|-heal|p1a: Ferrothorn|7/100|[from] item: Leftovers
|upkeep
|
|t:|1611155327
|switch|p2a: Garchomp|Garchomp, M|49/100
|turn|19
|
|t:|1611155329
|move|p2a: Garchomp|Earthquake|p1a: Ferrothorn
|-damage|p1a: Ferrothorn|0 fnt
|faint|p1a: Ferrothorn
|
|upkeep
|j| My Hommies Mistyyy
|
|t:|1611155340
|switch|p1a: Cinderace|Cinderace, M|100/100
|turn|20
|
|t:|1611155345
|move|p1a: Cinderace|U-turn|p2a: Garchomp
|-start|p1a: Cinderace|typechange|Bug|[from] ability: Libero
|-damage|p2a: Garchomp|18/100
|-damage|p1a: Cinderace|88/100|[from] ability: Rough Skin|[of] p2a: Garchomp
|-damage|p1a: Cinderace|72/100|[from] item: Rocky Helmet|[of] p2a: Garchomp
|
|t:|1611155349
|switch|p1a: Clefable|Clefable, M|11/100|[from]move: U-turn
|move|p2a: Garchomp|Earthquake|p1a: Clefable
|-damage|p1a: Clefable|0 fnt
|faint|p1a: Clefable
|
|upkeep
|
|t:|1611155350
|switch|p1a: Cinderace|Cinderace, M|72/100
|turn|21
|
|t:|1611155353
|move|p1a: Cinderace|U-turn|p2a: Garchomp
|-start|p1a: Cinderace|typechange|Bug|[from] ability: Libero
|-damage|p2a: Garchomp|0 fnt
|-damage|p1a: Cinderace|59/100|[from] ability: Rough Skin|[of] p2a: Garchomp
|-damage|p1a: Cinderace|43/100|[from] item: Rocky Helmet|[of] p2a: Garchomp
|faint|p2a: Garchomp
|
|upkeep
|
|t:|1611155355
|switch|p2a: Melmetal|Melmetal|100/100
|turn|22
|
|t:|1611155357
|move|p1a: Cinderace|Pyro Ball|p2a: Melmetal
|-start|p1a: Cinderace|typechange|Fire|[from] ability: Libero
|-supereffective|p2a: Melmetal
|-damage|p2a: Melmetal|33/100
|move|p2a: Melmetal|Double Iron Bash|p1a: Cinderace
|-resisted|p1a: Cinderace
|-damage|p1a: Cinderace|0 fnt
|-hitcount|p1a: Cinderace|1
|faint|p1a: Cinderace
|
|win|LolzMachine
|l| My Hommies Mistyyy
|c|☆RoadToJoey|gg
|c|☆LolzMachine|gg
|l|☆RoadToJoey
||Ladder (probably) updated, but score could not be retrieved (Request timeout).
