|j|☆cump6
|j|☆Sr. Trainer Marcos
|t:|1663621818
|gametype|singles
|player|p1|cump6|schoolkid-gen4|1707
|player|p2|Sr. Trainer Marcos|gentleman|1682
|teamsize|p1|6
|teamsize|p2|6
|gen|8
|tier|[Gen 8] OU
|rated|
|rule|Sleep Clause Mod: Limit one foe put to sleep
|rule|Species Clause: Limit one of each Pokémon
|rule|OHKO Clause: OHKO moves are banned
|rule|Evasion Items Clause: Evasion items are banned
|rule|Evasion Moves Clause: Evasion moves are banned
|rule|Endless Battle Clause: Forcing endless battles is banned
|rule|HP Percentage Mod: HP is shown in percentages
|rule|Dynamax Clause: You cannot dynamax
|clearpoke
|poke|p1|Landorus-Therian, M|
|poke|p1|Ninetales-Alola, F|
|poke|p1|Reuniclus, M|
|poke|p1|Tapu Fini|
|poke|p1|Volcarona, F|
|poke|p1|Mew|
|poke|p2|Mew|
|poke|p2|Quagsire, F|
|poke|p2|Toxapex, M|
|poke|p2|Clefable, M|
|poke|p2|Umbreon, M|
|poke|p2|Corviknight, M|
|teampreview
|c|☆cump6|hf
|
|t:|1663621836
|start
|switch|p1a: Landorus|Landorus-Therian, M|100/100
|switch|p2a: Clefable|Clefable, M, shiny|100/100
|-ability|p1a: Landorus|Intimidate|boost
|-unboost|p2a: Clefable|atk|1
|turn|1
|
|t:|1663621838
|switch|p2a: Corviknight|Corviknight, M|100/100
|-ability|p2a: Corviknight|Pressure
|move|p1a: Landorus|Swords Dance|p1a: Landorus
|-boost|p1a: Landorus|atk|2
|
|upkeep
|turn|2
|
|t:|1663621845
|move|p1a: Landorus|Stealth Rock|p2a: Corviknight
|-sidestart|p2: Sr. Trainer Marcos|move: Stealth Rock
|move|p2a: Corviknight|Roost||[still]
|-fail|p2a: Corviknight|heal
|
|upkeep
|turn|3
|j| JaspionZ
|
|t:|1663621852
|switch|p1a: Tapu Fini|Tapu Fini, shiny|100/100
|-fieldstart|move: Misty Terrain|[from] ability: Misty Surge|[of] p1a: Tapu Fini
|move|p2a: Corviknight|Defog|p1a: Tapu Fini
|-unboost|p1a: Tapu Fini|evasion|1
|-sideend|p2: Sr. Trainer Marcos|Stealth Rock|[from] move: Defog|[of] p2a: Corviknight
|-fieldend|Misty Terrain
|
|upkeep
|turn|4
|inactive|Battle timer is ON: inactive players will automatically lose when time's up. (requested by Sr. Trainer Marcos)
|
|t:|1663621859
|switch|p2a: Toxapex|Toxapex, M|100/100
|move|p1a: Tapu Fini|Calm Mind|p1a: Tapu Fini
|-boost|p1a: Tapu Fini|spa|1
|-boost|p1a: Tapu Fini|spd|1
|
|upkeep
|turn|5
|
|t:|1663621865
|move|p1a: Tapu Fini|Taunt|p2a: Toxapex
|-start|p2a: Toxapex|move: Taunt
|cant|p2a: Toxapex|move: Taunt|Block
|
|upkeep
|turn|6
|j| Gerd13
|
|t:|1663621872
|switch|p2a: Quagsire|Quagsire, F|100/100
|move|p1a: Tapu Fini|Calm Mind|p1a: Tapu Fini
|-boost|p1a: Tapu Fini|spa|1
|-boost|p1a: Tapu Fini|spd|1
|
|upkeep
|turn|7
|
|t:|1663621877
|move|p1a: Tapu Fini|Taunt|p2a: Quagsire
|-start|p2a: Quagsire|move: Taunt
|move|p2a: Quagsire|Earthquake|p1a: Tapu Fini
|-crit|p1a: Tapu Fini
|-damage|p1a: Tapu Fini|68/100
|
|-heal|p1a: Tapu Fini|74/100|[from] item: Leftovers
|upkeep
|turn|8
|
|t:|1663621880
|move|p1a: Tapu Fini|Calm Mind|p1a: Tapu Fini
|-boost|p1a: Tapu Fini|spa|1
|-boost|p1a: Tapu Fini|spd|1
|move|p2a: Quagsire|Earthquake|p1a: Tapu Fini
|-damage|p1a: Tapu Fini|55/100
|
|-heal|p1a: Tapu Fini|61/100|[from] item: Leftovers
|upkeep
|turn|9
|
|t:|1663621884
|move|p1a: Tapu Fini|Draining Kiss|p2a: Quagsire
|-damage|p2a: Quagsire|80/100
|-heal|p1a: Tapu Fini|78/100|[from] drain|[of] p2a: Quagsire
|move|p2a: Quagsire|Earthquake|p1a: Tapu Fini
|-damage|p1a: Tapu Fini|58/100
|
|-heal|p1a: Tapu Fini|64/100|[from] item: Leftovers
|-heal|p2a: Quagsire|86/100|[from] item: Leftovers
|-end|p2a: Quagsire|move: Taunt
|upkeep
|turn|10
|
|t:|1663621888
|move|p1a: Tapu Fini|Scald|p2a: Quagsire
|-damage|p2a: Quagsire|54/100
|move|p2a: Quagsire|Earthquake|p1a: Tapu Fini
|-damage|p1a: Tapu Fini|45/100
|
|-heal|p1a: Tapu Fini|51/100|[from] item: Leftovers
|-heal|p2a: Quagsire|60/100|[from] item: Leftovers
|upkeep
|turn|11
|
|t:|1663621892
|move|p1a: Tapu Fini|Scald|p2a: Quagsire
|-damage|p2a: Quagsire|29/100
|-status|p2a: Quagsire|brn
|move|p2a: Quagsire|Earthquake|p1a: Tapu Fini
|-damage|p1a: Tapu Fini|41/100
|
|-heal|p1a: Tapu Fini|48/100|[from] item: Leftovers
|-heal|p2a: Quagsire|36/100 brn|[from] item: Leftovers
|-damage|p2a: Quagsire|29/100 brn|[from] brn
|upkeep
|turn|12
|
|t:|1663621898
|switch|p2a: Clefable|Clefable, M, shiny|100/100
|move|p1a: Tapu Fini|Taunt|p2a: Clefable
|-start|p2a: Clefable|move: Taunt
|
|-heal|p1a: Tapu Fini|54/100|[from] item: Leftovers
|upkeep
|turn|13
|j| shitpostingg
|
|t:|1663621901
|move|p1a: Tapu Fini|Draining Kiss|p2a: Clefable
|-damage|p2a: Clefable|86/100
|-heal|p1a: Tapu Fini|66/100|[from] drain|[of] p2a: Clefable
|move|p2a: Clefable|Moonblast|p1a: Tapu Fini
|-damage|p1a: Tapu Fini|42/100
|
|-heal|p1a: Tapu Fini|48/100|[from] item: Leftovers
|upkeep
|turn|14
|j| Kazuya8
|
|t:|1663621913
|move|p1a: Tapu Fini|Draining Kiss|p2a: Clefable
|-damage|p2a: Clefable|69/100
|-heal|p1a: Tapu Fini|62/100|[from] drain|[of] p2a: Clefable
|move|p2a: Clefable|Moonblast|p1a: Tapu Fini
|-damage|p1a: Tapu Fini|34/100
|
|-heal|p1a: Tapu Fini|40/100|[from] item: Leftovers
|-end|p2a: Clefable|move: Taunt
|upkeep
|turn|15
|
|t:|1663621917
|move|p1a: Tapu Fini|Taunt|p2a: Clefable
|-start|p2a: Clefable|move: Taunt
|move|p2a: Clefable|Moonblast|p1a: Tapu Fini
|-damage|p1a: Tapu Fini|14/100
|
|-heal|p1a: Tapu Fini|20/100|[from] item: Leftovers
|upkeep
|turn|16
|
|t:|1663621921
|switch|p1a: Landorus|Landorus-Therian, M|100/100
|-ability|p1a: Landorus|Intimidate|boost
|-unboost|p2a: Clefable|atk|1
|move|p2a: Clefable|Moonblast|p1a: Landorus
|-damage|p1a: Landorus|56/100
|
|upkeep
|turn|17
|
|t:|1663621924
|switch|p2a: Corviknight|Corviknight, M|100/100
|-ability|p2a: Corviknight|Pressure
|move|p1a: Landorus|Stealth Rock|p2a: Corviknight
|-sidestart|p2: Sr. Trainer Marcos|move: Stealth Rock
|
|upkeep
|turn|18
|
|t:|1663621929
|switch|p1a: Reuniclus|Reuniclus, M, shiny|100/100
|move|p2a: Corviknight|Defog|p1a: Reuniclus
|-unboost|p1a: Reuniclus|evasion|1
|-sideend|p2: Sr. Trainer Marcos|Stealth Rock|[from] move: Defog|[of] p2a: Corviknight
|
|upkeep
|turn|19
|
|t:|1663621934
|switch|p2a: Umbreon|Umbreon, M, shiny|100/100
|move|p1a: Reuniclus|Calm Mind|p1a: Reuniclus
|-boost|p1a: Reuniclus|spa|1
|-boost|p1a: Reuniclus|spd|1
|
|upkeep
|turn|20
|
|t:|1663621940
|switch|p1a: Ninetales|Ninetales-Alola, F, shiny|100/100
|-weather|Hail|[from] ability: Snow Warning|[of] p1a: Ninetales
|move|p2a: Umbreon|Wish|p2a: Umbreon
|
|-weather|Hail|[upkeep]
|-damage|p2a: Umbreon|94/100|[from] Hail
|-heal|p2a: Umbreon|100/100|[from] item: Leftovers
|upkeep
|turn|21
|
|t:|1663621944
|switch|p2a: Clefable|Clefable, M, shiny|69/100
|move|p1a: Ninetales|Encore||[still]
|-fail|p1a: Ninetales
|
|-weather|Hail|[upkeep]
|-damage|p2a: Clefable|63/100|[from] Hail
|-heal|p2a: Clefable|100/100|[from] move: Wish|[wisher] Umbreon
|upkeep
|turn|22
|l| Gerd13
|
|t:|1663621951
|move|p1a: Ninetales|Aurora Veil|p1a: Ninetales
|-sidestart|p1: cump6|move: Aurora Veil
|move|p2a: Clefable|Moonblast|p1a: Ninetales
|-damage|p1a: Ninetales|85/100
|
|-weather|Hail|[upkeep]
|-damage|p2a: Clefable|94/100|[from] Hail
|upkeep
|turn|23
|j| Jongruenwald
|
|t:|1663621957
|switch|p1a: Mew|Mew, shiny|100/100
|move|p2a: Clefable|Calm Mind|p2a: Clefable
|-boost|p2a: Clefable|spa|1
|-boost|p2a: Clefable|spd|1
|
|-weather|Hail|[upkeep]
|-damage|p1a: Mew|94/100|[from] Hail
|-damage|p2a: Clefable|88/100|[from] Hail
|upkeep
|turn|24
|
|t:|1663621960
|move|p1a: Mew|Cosmic Power|p1a: Mew
|-boost|p1a: Mew|def|1
|-boost|p1a: Mew|spd|1
|move|p2a: Clefable|Calm Mind|p2a: Clefable
|-boost|p2a: Clefable|spa|1
|-boost|p2a: Clefable|spd|1
|
|-weather|none
|upkeep
|turn|25
|
|t:|1663621962
|move|p1a: Mew|Cosmic Power|p1a: Mew
|-boost|p1a: Mew|def|1
|-boost|p1a: Mew|spd|1
|move|p2a: Clefable|Calm Mind|p2a: Clefable
|-boost|p2a: Clefable|spa|1
|-boost|p2a: Clefable|spd|1
|
|upkeep
|turn|26
|
|t:|1663621964
|move|p1a: Mew|Cosmic Power|p1a: Mew
|-boost|p1a: Mew|def|1
|-boost|p1a: Mew|spd|1
|move|p2a: Clefable|Calm Mind|p2a: Clefable
|-boost|p2a: Clefable|spa|1
|-boost|p2a: Clefable|spd|1
|
|upkeep
|turn|27
|l| shitpostingg
|
|t:|1663621967
|switch|p1a: Landorus|Landorus-Therian, M|56/100
|-ability|p1a: Landorus|Intimidate|boost
|-unboost|p2a: Clefable|atk|1
|move|p2a: Clefable|Calm Mind|p2a: Clefable
|-boost|p2a: Clefable|spa|1
|-boost|p2a: Clefable|spd|1
|
|upkeep
|turn|28
|
|t:|1663621970
|move|p1a: Landorus|Explosion|p2a: Clefable
|-damage|p2a: Clefable|2/100
|faint|p1a: Landorus
|move|p2a: Clefable|Moonblast|p1: Landorus|[notarget]
|-fail|p2a: Clefable
|
|upkeep
|
|t:|1663621973
|switch|p1a: Volcarona|Volcarona, F|100/100
|turn|29
|
|t:|1663621988
|move|p1a: Volcarona|Psychic|p2a: Clefable
|-damage|p2a: Clefable|0 fnt
|faint|p2a: Clefable
|
|-sideend|p1: cump6|move: Aurora Veil
|upkeep
|
|t:|1663621990
|switch|p2a: Mew|Mew|100/100
|turn|30
|
|t:|1663621993
|move|p2a: Mew|Transform|p1a: Volcarona
|-transform|p2a: Mew|p1a: Volcarona
|move|p1a: Volcarona|Quiver Dance|p1a: Volcarona
|-boost|p1a: Volcarona|spa|1
|-boost|p1a: Volcarona|spd|1
|-boost|p1a: Volcarona|spe|1
|
|upkeep
|turn|31
|j| Gerd13
|
|t:|1663621997
|move|p1a: Volcarona|Flamethrower|p2a: Mew
|-damage|p2a: Mew|54/100
|move|p2a: Mew|Quiver Dance|p2a: Mew
|-boost|p2a: Mew|spa|1
|-boost|p2a: Mew|spd|1
|-boost|p2a: Mew|spe|1
|
|-heal|p2a: Mew|61/100|[from] item: Leftovers
|upkeep
|turn|32
|
|t:|1663622000
|move|p2a: Mew|Quiver Dance|p2a: Mew
|-boost|p2a: Mew|spa|1
|-boost|p2a: Mew|spd|1
|-boost|p2a: Mew|spe|1
|move|p1a: Volcarona|Quiver Dance|p1a: Volcarona
|-boost|p1a: Volcarona|spa|1
|-boost|p1a: Volcarona|spd|1
|-boost|p1a: Volcarona|spe|1
|
|-heal|p2a: Mew|67/100|[from] item: Leftovers
|upkeep
|turn|33
|
|t:|1663622003
|move|p1a: Volcarona|Quiver Dance|p1a: Volcarona
|-boost|p1a: Volcarona|spa|1
|-boost|p1a: Volcarona|spd|1
|-boost|p1a: Volcarona|spe|1
|move|p2a: Mew|Flamethrower|p1a: Volcarona
|-damage|p1a: Volcarona|70/100
|
|-heal|p2a: Mew|73/100|[from] item: Leftovers
|upkeep
|turn|34
|
|t:|1663622006
|move|p1a: Volcarona|Quiver Dance|p1a: Volcarona
|-boost|p1a: Volcarona|spa|1
|-boost|p1a: Volcarona|spd|1
|-boost|p1a: Volcarona|spe|1
|move|p2a: Mew|Quiver Dance|p2a: Mew
|-boost|p2a: Mew|spa|1
|-boost|p2a: Mew|spd|1
|-boost|p2a: Mew|spe|1
|
|-heal|p2a: Mew|79/100|[from] item: Leftovers
|upkeep
|turn|35
|
|t:|1663622008
|move|p1a: Volcarona|Flamethrower|p2a: Mew
|-damage|p2a: Mew|41/100
|move|p2a: Mew|Quiver Dance|p2a: Mew
|-boost|p2a: Mew|spa|1
|-boost|p2a: Mew|spd|1
|-boost|p2a: Mew|spe|1
|
|-heal|p2a: Mew|47/100|[from] item: Leftovers
|upkeep
|turn|36
|
|t:|1663622011
|move|p2a: Mew|Roost|p2a: Mew
|-heal|p2a: Mew|97/100
|-singleturn|p2a: Mew|move: Roost
|move|p1a: Volcarona|Flamethrower|p2a: Mew
|-damage|p2a: Mew|64/100
|
|-heal|p2a: Mew|70/100|[from] item: Leftovers
|upkeep
|turn|37
|
|t:|1663622013
|move|p2a: Mew|Quiver Dance|p2a: Mew
|-boost|p2a: Mew|spa|1
|-boost|p2a: Mew|spd|1
|-boost|p2a: Mew|spe|1
|move|p1a: Volcarona|Quiver Dance|p1a: Volcarona
|-boost|p1a: Volcarona|spa|1
|-boost|p1a: Volcarona|spd|1
|-boost|p1a: Volcarona|spe|1
|
|-heal|p2a: Mew|76/100|[from] item: Leftovers
|upkeep
|turn|38
|
|t:|1663622015
|move|p1a: Volcarona|Quiver Dance|p1a: Volcarona
|-boost|p1a: Volcarona|spa|1
|-boost|p1a: Volcarona|spd|1
|-boost|p1a: Volcarona|spe|1
|move|p2a: Mew|Flamethrower|p1a: Volcarona
|-damage|p1a: Volcarona|38/100
|
|-heal|p2a: Mew|82/100|[from] item: Leftovers
|upkeep
|turn|39
|
|t:|1663622017
|move|p1a: Volcarona|Roost|p1a: Volcarona
|-heal|p1a: Volcarona|88/100
|-singleturn|p1a: Volcarona|move: Roost
|move|p2a: Mew|Flamethrower|p1a: Volcarona
|-damage|p1a: Volcarona|57/100
|
|-heal|p2a: Mew|89/100|[from] item: Leftovers
|upkeep
|turn|40
|
|t:|1663622019
|move|p1a: Volcarona|Flamethrower|p2a: Mew
|-damage|p2a: Mew|49/100
|move|p2a: Mew|Psychic|p1a: Volcarona
|-damage|p1a: Volcarona|38/100
|
|-heal|p2a: Mew|55/100|[from] item: Leftovers
|upkeep
|turn|41
|
|t:|1663622022
|move|p1a: Volcarona|Roost|p1a: Volcarona
|-heal|p1a: Volcarona|88/100
|-singleturn|p1a: Volcarona|move: Roost
|move|p2a: Mew|Psychic|p1a: Volcarona
|-damage|p1a: Volcarona|66/100
|
|-heal|p2a: Mew|61/100|[from] item: Leftovers
|upkeep
|turn|42
|
|t:|1663622024
|move|p1a: Volcarona|Psychic|p2a: Mew
|-damage|p2a: Mew|35/100
|move|p2a: Mew|Psychic|p1a: Volcarona
|-crit|p1a: Volcarona
|-damage|p1a: Volcarona|0 fnt
|faint|p1a: Volcarona
|
|-heal|p2a: Mew|41/100|[from] item: Leftovers
|upkeep
|c|☆cump6|gg
|-message|cump6 forfeited.
|
|win|Sr. Trainer Marcos
|raw|cump6's rating: 1707 &rarr; <strong>1686</strong><br />(-21 for losing)
|raw|Sr. Trainer Marcos's rating: 1682 &rarr; <strong>1703</strong><br />(+21 for winning)
|l|☆cump6
|l|☆Sr. Trainer Marcos
|l| JaspionZ
||Ladder isn't responding, score probably updated but might not have (Request timeout).
|l| Gerd13
|c| Kazuya8|WOIW
|c| Kazuya8|SAY THAT AGAIN
