|j|☆crescendoww
|j|☆Jspc1516
|t:|1667723999
|gametype|singles
|player|p1|crescendoww|falkner|1504
|player|p2|Jspc1516|2|1563
|teamsize|p1|6
|teamsize|p2|6
|gen|8
|tier|[Gen 8] OU
|rated|
|rule|Sleep Clause Mod: Limit one foe put to sleep
|rule|Species Clause: Limit one of each Pokémon
|rule|OHKO Clause: OHKO moves are banned
|rule|Evasion Items Clause: Evasion items are banned
|rule|Evasion Moves Clause: Evasion moves are banned
|rule|Endless Battle Clause: Forcing endless battles is banned
|rule|HP Percentage Mod: HP is shown in percentages
|rule|Dynamax Clause: You cannot dynamax
|clearpoke
|poke|p1|Volcarona, F|
|poke|p1|Zygarde-10%|
|poke|p1|Jirachi|
|poke|p1|Rillaboom, F|
|poke|p1|Mamoswine, M|
|poke|p1|Tornadus-Therian, M|
|poke|p2|Dragapult, F|
|poke|p2|Urshifu-*, F|
|poke|p2|Tapu Lele|
|poke|p2|Landorus-Therian, M|
|poke|p2|Zapdos|
|poke|p2|Melmetal|
|teampreview
|inactive|Battle timer is ON: inactive players will automatically lose when time's up. (requested by Jspc1516)
|inactive|crescendoww has 120 seconds left.
|
|t:|1667724038
|start
|switch|p1a: Tornadus|Tornadus-Therian, M|100/100
|switch|p2a: Landorus|Landorus-Therian, M|100/100
|-ability|p2a: Landorus|Intimidate|boost
|-unboost|p1a: Tornadus|atk|1
|turn|1
|
|t:|1667724045
|switch|p2a: Zapdos|Zapdos|100/100
|move|p1a: Tornadus|Hurricane|p2a: Zapdos
|-resisted|p2a: Zapdos
|-damage|p2a: Zapdos|78/100
|
|upkeep
|turn|2
|
|t:|1667724056
|switch|p1a: Mamoswine|Mamoswine, M|100/100
|move|p2a: Zapdos|Hurricane|p1a: Mamoswine
|-damage|p1a: Mamoswine|25/100
|
|upkeep
|turn|3
|
|t:|1667724068
|switch|p2a: Urshifu|Urshifu-Rapid-Strike, F|100/100
|move|p1a: Mamoswine|Icicle Crash|p2a: Urshifu
|-resisted|p2a: Urshifu
|-damage|p2a: Urshifu|77/100
|
|upkeep
|turn|4
|
|t:|1667724080
|switch|p1a: Tornadus|Tornadus-Therian, M|100/100
|move|p2a: Urshifu|Close Combat|p1a: Tornadus
|-resisted|p1a: Tornadus
|-damage|p1a: Tornadus|51/100
|-unboost|p2a: Urshifu|def|1
|-unboost|p2a: Urshifu|spd|1
|
|upkeep
|turn|5
|
|t:|1667724092
|switch|p1a: Zygarde|Zygarde-10%|100/100
|-ability|p1a: Zygarde|Aura Break
|switch|p2a: Zapdos|Zapdos|78/100
|
|upkeep
|turn|6
|
|t:|1667724100
|switch|p2a: Landorus|Landorus-Therian, M|100/100
|-ability|p2a: Landorus|Intimidate|boost
|-unboost|p1a: Zygarde|atk|1
|move|p1a: Zygarde|Thousand Arrows|p2a: Landorus
|-damage|p2a: Landorus|62/100
|-start|p2a: Landorus|Smack Down
|
|-heal|p2a: Landorus|68/100|[from] item: Leftovers
|upkeep
|turn|7
|
|t:|1667724108
|switch|p1a: Tornadus|Tornadus-Therian, M|84/100
|move|p2a: Landorus|Stealth Rock|p1a: Tornadus
|-sidestart|p1: crescendoww|move: Stealth Rock
|
|-heal|p2a: Landorus|74/100|[from] item: Leftovers
|upkeep
|turn|8
|
|t:|1667724113
|move|p1a: Tornadus|Defog|p2a: Landorus
|-unboost|p2a: Landorus|evasion|1
|-sideend|p1: crescendoww|Stealth Rock|[from] move: Defog|[of] p1a: Tornadus
|move|p2a: Landorus|Knock Off|p1a: Tornadus
|-damage|p1a: Tornadus|50/100
|-enditem|p1a: Tornadus|Heavy-Duty Boots|[from] move: Knock Off|[of] p2a: Landorus
|
|-heal|p2a: Landorus|80/100|[from] item: Leftovers
|upkeep
|turn|9
|
|t:|1667724119
|move|p1a: Tornadus|Hurricane|p2a: Landorus
|-damage|p2a: Landorus|50/100
|-start|p2a: Landorus|confusion
|-activate|p2a: Landorus|confusion
|move|p2a: Landorus|Stealth Rock|p1a: Tornadus
|-sidestart|p1: crescendoww|move: Stealth Rock
|
|-heal|p2a: Landorus|56/100|[from] item: Leftovers
|upkeep
|turn|10
|
|t:|1667724125
|switch|p2a: Zapdos|Zapdos|78/100
|move|p1a: Tornadus|Defog|p2a: Zapdos
|-unboost|p2a: Zapdos|evasion|1
|-sideend|p1: crescendoww|Stealth Rock|[from] move: Defog|[of] p1a: Tornadus
|
|upkeep
|turn|11
|
|t:|1667724134
|switch|p1a: Jirachi|Jirachi|100/100
|move|p2a: Zapdos|Volt Switch|p1a: Jirachi
|-damage|p1a: Jirachi|72/100
|
|t:|1667724138
|switch|p2a: Landorus|Landorus-Therian, M|56/100|[from]move: Volt Switch
|-ability|p2a: Landorus|Intimidate|boost
|-unboost|p1a: Jirachi|atk|1
|
|-heal|p1a: Jirachi|78/100|[from] item: Leftovers
|-heal|p2a: Landorus|62/100|[from] item: Leftovers
|upkeep
|turn|12
|
|t:|1667724145
|switch|p1a: Tornadus|Tornadus-Therian, M|83/100
|move|p2a: Landorus|Stealth Rock|p1a: Tornadus
|-sidestart|p1: crescendoww|move: Stealth Rock
|
|-heal|p2a: Landorus|68/100|[from] item: Leftovers
|upkeep
|turn|13
|
|t:|1667724149
|move|p1a: Tornadus|Defog|p2a: Landorus
|-unboost|p2a: Landorus|evasion|1
|-sideend|p1: crescendoww|Stealth Rock|[from] move: Defog|[of] p1a: Tornadus
|move|p2a: Landorus|U-turn|p1a: Tornadus
|-resisted|p1a: Tornadus
|-damage|p1a: Tornadus|71/100
|
|t:|1667724152
|switch|p2a: Zapdos|Zapdos|78/100|[from]move: U-turn
|
|upkeep
|turn|14
|
|t:|1667724157
|switch|p1a: Jirachi|Jirachi|78/100
|move|p2a: Zapdos|Hurricane|p1a: Jirachi
|-resisted|p1a: Jirachi
|-damage|p1a: Jirachi|54/100
|
|-heal|p1a: Jirachi|60/100|[from] item: Leftovers
|upkeep
|turn|15
|
|t:|1667724163
|switch|p1a: Zygarde|Zygarde-10%|100/100
|-ability|p1a: Zygarde|Aura Break
|move|p2a: Zapdos|Heat Wave|p1a: Zygarde|[miss]
|-miss|p2a: Zapdos|p1a: Zygarde
|
|upkeep
|turn|16
|
|t:|1667724179
|switch|p2a: Landorus|Landorus-Therian, M|68/100
|-ability|p2a: Landorus|Intimidate|boost
|-unboost|p1a: Zygarde|atk|1
|move|p1a: Zygarde|Thousand Arrows|p2a: Landorus
|-damage|p2a: Landorus|29/100
|-start|p2a: Landorus|Smack Down
|
|-heal|p2a: Landorus|35/100|[from] item: Leftovers
|upkeep
|turn|17
|
|t:|1667724186
|move|p1a: Zygarde|Thousand Arrows|p2a: Landorus
|-crit|p2a: Landorus
|-damage|p2a: Landorus|0 fnt
|faint|p2a: Landorus
|
|upkeep
|
|t:|1667724193
|switch|p2a: Urshifu|Urshifu-Rapid-Strike, F|77/100
|turn|18
|
|t:|1667724200
|switch|p1a: Rillaboom|Rillaboom, F|100/100
|-fieldstart|move: Grassy Terrain|[from] ability: Grassy Surge|[of] p1a: Rillaboom
|move|p2a: Urshifu|Surging Strikes|p1a: Rillaboom
|-resisted|p1a: Rillaboom
|-crit|p1a: Rillaboom
|-damage|p1a: Rillaboom|90/100
|-resisted|p1a: Rillaboom
|-crit|p1a: Rillaboom
|-damage|p1a: Rillaboom|80/100
|-resisted|p1a: Rillaboom
|-crit|p1a: Rillaboom
|-damage|p1a: Rillaboom|71/100
|-hitcount|p1a: Rillaboom|3
|
|-heal|p2a: Urshifu|83/100|[from] Grassy Terrain
|-heal|p1a: Rillaboom|77/100|[from] Grassy Terrain
|-heal|p1a: Rillaboom|84/100|[from] item: Leftovers
|upkeep
|turn|19
|
|t:|1667724208
|switch|p2a: Melmetal|Melmetal|100/100
|move|p1a: Rillaboom|Knock Off|p2a: Melmetal
|-damage|p2a: Melmetal|83/100
|-enditem|p2a: Melmetal|Leftovers|[from] move: Knock Off|[of] p1a: Rillaboom
|
|-heal|p1a: Rillaboom|90/100|[from] Grassy Terrain
|-heal|p1a: Rillaboom|96/100|[from] item: Leftovers
|-heal|p2a: Melmetal|89/100|[from] Grassy Terrain
|upkeep
|turn|20
|
|t:|1667724221
|move|p1a: Rillaboom|U-turn|p2a: Melmetal
|-resisted|p2a: Melmetal
|-damage|p2a: Melmetal|83/100
|-message|Jspc1516 forfeited.
|
|win|crescendoww
|raw|crescendoww's rating: 1504 &rarr; <strong>1527</strong><br />(+23 for winning)
|raw|Jspc1516's rating: 1563 &rarr; <strong>1540</strong><br />(-23 for losing)
|l|☆Jspc1516
