|j|☆Suricata2000
|j|☆minimax_ai
|t:|1661244045
|gametype|singles
|player|p1|Suricata2000|cynthia|1525
|player|p2|minimax_ai|lusamine-nihilego|1497
|teamsize|p1|6
|teamsize|p2|6
|gen|8
|tier|[Gen 8] OU
|rated|
|rule|Sleep Clause Mod: Limit one foe put to sleep
|rule|Species Clause: Limit one of each Pokémon
|rule|OHKO Clause: OHKO moves are banned
|rule|Evasion Items Clause: Evasion items are banned
|rule|Evasion Moves Clause: Evasion moves are banned
|rule|Endless Battle Clause: Forcing endless battles is banned
|rule|HP Percentage Mod: HP is shown in percentages
|rule|Dynamax Clause: You cannot dynamax
|clearpoke
|poke|p1|Clefable, M|
|poke|p1|Tornadus-Therian, M|
|poke|p1|Nidoking, M|
|poke|p1|Slowbro, M|
|poke|p1|Urshifu-*, M|
|poke|p1|Ferrothorn, M|
|poke|p2|Rotom-Wash|
|poke|p2|Weavile, F|
|poke|p2|Landorus-Therian, M|
|poke|p2|Heatran, M|
|poke|p2|Tangrowth, M|
|poke|p2|Melmetal|
|teampreview
|c|☆minimax_ai|hf
|inactive|Battle timer is ON: inactive players will automatically lose when time's up. (requested by minimax_ai)
|
|t:|1661244075
|start
|switch|p1a: Clefable|Clefable, M|100/100
|switch|p2a: landorustherian|Landorus-Therian, M|100/100
|-ability|p2a: landorustherian|Intimidate|boost
|-unboost|p1a: Clefable|atk|1
|turn|1
|
|t:|1661244083
|move|p2a: landorustherian|Earthquake|p1a: Clefable
|-damage|p1a: Clefable|49/100
|move|p1a: Clefable|Stealth Rock|p2a: landorustherian
|-sidestart|p2: minimax_ai|move: Stealth Rock
|
|-heal|p1a: Clefable|55/100|[from] item: Leftovers
|upkeep
|turn|2
|
|t:|1661244092
|switch|p1a: Tornadus|Tornadus-Therian, M, shiny|100/100
|move|p2a: landorustherian|Defog|p1a: Tornadus
|-unboost|p1a: Tornadus|evasion|1
|-sideend|p2: minimax_ai|Stealth Rock|[from] move: Defog|[of] p2a: landorustherian
|
|upkeep
|turn|3
|
|t:|1661244099
|move|p1a: Tornadus|Icy Wind|p2a: landorustherian
|-supereffective|p2a: landorustherian
|-damage|p2a: landorustherian|59/100
|-unboost|p2a: landorustherian|spe|1
|move|p2a: landorustherian|Earthquake|p1a: Tornadus
|-immune|p1a: Tornadus
|
|-heal|p2a: landorustherian|65/100|[from] item: Leftovers
|upkeep
|turn|4
|
|t:|1661244109
|move|p1a: Tornadus|Knock Off|p2a: landorustherian
|-damage|p2a: landorustherian|46/100
|-enditem|p2a: landorustherian|Leftovers|[from] move: Knock Off|[of] p1a: Tornadus
|move|p2a: landorustherian|Toxic|p1a: Tornadus
|-status|p1a: Tornadus|tox
|
|-damage|p1a: Tornadus|94/100 tox|[from] psn
|upkeep
|turn|5
|
|t:|1661244118
|switch|p2a: Heatran|Heatran, M|100/100
|-item|p2a: Heatran|Air Balloon
|move|p1a: Tornadus|U-turn|p2a: Heatran
|-resisted|p2a: Heatran
|-damage|p2a: Heatran|97/100
|-enditem|p2a: Heatran|Air Balloon
|
|t:|1661244126
|switch|p1a: Nidoking|Nidoking, M|100/100|[from]move: U-turn
|
|upkeep
|turn|6
|
|t:|1661244131
|switch|p2a: landorustherian|Landorus-Therian, M|46/100
|-ability|p2a: landorustherian|Intimidate|boost
|-unboost|p1a: Nidoking|atk|1
|move|p1a: Nidoking|Earth Power|p2a: landorustherian
|-immune|p2a: landorustherian
|
|upkeep
|turn|7
|
|t:|1661244139
|move|p1a: Nidoking|Ice Beam|p2a: landorustherian
|-supereffective|p2a: landorustherian
|-damage|p2a: landorustherian|0 fnt
|faint|p2a: landorustherian
|
|upkeep
|
|t:|1661244139
|switch|p2a: Weavile|Weavile, F|100/100
|-ability|p2a: Weavile|Pressure
|turn|8
|
|t:|1661244149
|switch|p1a: Ferrothorn|Ferrothorn, M|100/100
|move|p2a: Weavile|Knock Off|p1a: Ferrothorn
|-damage|p1a: Ferrothorn|59/100
|-damage|p2a: Weavile|88/100|[from] ability: Iron Barbs|[of] p1a: Ferrothorn
|-enditem|p1a: Ferrothorn|Leftovers|[from] move: Knock Off|[of] p2a: Weavile
|
|upkeep
|turn|9
|
|t:|1661244157
|switch|p2a: Heatran|Heatran, M|97/100
|move|p1a: Ferrothorn|Gyro Ball|p2a: Heatran
|-resisted|p2a: Heatran
|-damage|p2a: Heatran|84/100
|
|upkeep
|turn|10
|
|t:|1661244166
|switch|p1a: Slowbro|Slowbro, M|100/100
|move|p2a: Heatran|Eruption|p1a: Slowbro
|-resisted|p1a: Slowbro
|-damage|p1a: Slowbro|68/100
|
|upkeep
|turn|11
|
|t:|1661244174
|move|p2a: Heatran|Stealth Rock|p1a: Slowbro
|-sidestart|p1: Suricata2000|move: Stealth Rock
|move|p1a: Slowbro|Teleport|p1a: Slowbro
|
|t:|1661244186
|switch|p1a: Nidoking|Nidoking, M|100/100|[from]move: Teleport
|-damage|p1a: Nidoking|95/100|[from] Stealth Rock
|
|upkeep
|turn|12
|
|t:|1661244192
|switch|p2a: Melmetal|Melmetal|100/100
|move|p1a: Nidoking|Sludge Wave|p2a: Melmetal
|-immune|p2a: Melmetal
|
|upkeep
|turn|13
|
|t:|1661244201
|switch|p1a: Slowbro|Slowbro, M|100/100
|move|p2a: Melmetal|Earthquake|p1a: Slowbro
|-damage|p1a: Slowbro|80/100
|
|upkeep
|turn|14
|
|t:|1661244208
|move|p2a: Melmetal|Thunder Punch|p1a: Slowbro
|-supereffective|p1a: Slowbro
|-damage|p1a: Slowbro|37/100
|-status|p1a: Slowbro|par
|move|p1a: Slowbro|Teleport|p1a: Slowbro
|
|t:|1661244214
|switch|p1a: Urshifu|Urshifu-Rapid-Strike, M|100/100|[from]move: Teleport
|-damage|p1a: Urshifu|94/100|[from] Stealth Rock
|
|upkeep
|turn|15
|
|t:|1661244221
|switch|p2a: Tangrowth|Tangrowth, M|100/100
|move|p1a: Urshifu|U-turn|p2a: Tangrowth
|-supereffective|p2a: Tangrowth
|-damage|p2a: Tangrowth|74/100
|-damage|p1a: Urshifu|78/100|[from] item: Rocky Helmet|[of] p2a: Tangrowth
|
|t:|1661244229
|switch|p1a: Nidoking|Nidoking, M|95/100|[from]move: U-turn
|-damage|p1a: Nidoking|89/100|[from] Stealth Rock
|
|upkeep
|turn|16
|
|t:|1661244239
|switch|p2a: Melmetal|Melmetal|100/100
|move|p1a: Nidoking|Earth Power|p2a: Melmetal
|-supereffective|p2a: Melmetal
|-damage|p2a: Melmetal|35/100
|
|upkeep
|turn|17
|
|t:|1661244246
|move|p1a: Nidoking|Earth Power|p2a: Melmetal
|-supereffective|p2a: Melmetal
|-damage|p2a: Melmetal|0 fnt
|faint|p2a: Melmetal
|
|upkeep
|
|t:|1661244246
|switch|p2a: Weavile|Weavile, F|88/100
|-ability|p2a: Weavile|Pressure
|turn|18
|
|t:|1661244258
|switch|p1a: Ferrothorn|Ferrothorn, M|59/100
|-damage|p1a: Ferrothorn|53/100|[from] Stealth Rock
|move|p2a: Weavile|Knock Off|p1a: Ferrothorn
|-damage|p1a: Ferrothorn|22/100
|-damage|p2a: Weavile|76/100|[from] ability: Iron Barbs|[of] p1a: Ferrothorn
|
|upkeep
|turn|19
|
|t:|1661244267
|move|p2a: Weavile|Knock Off|p1a: Ferrothorn
|-damage|p1a: Ferrothorn|0 fnt
|-damage|p2a: Weavile|63/100|[from] ability: Iron Barbs|[of] p1a: Ferrothorn
|faint|p1a: Ferrothorn
|
|upkeep
|
|t:|1661244274
|switch|p1a: Urshifu|Urshifu-Rapid-Strike, M|78/100
|-damage|p1a: Urshifu|72/100|[from] Stealth Rock
|turn|20
|
|t:|1661244280
|switch|p2a: Tangrowth|Tangrowth, M|100/100
|move|p1a: Urshifu|U-turn|p2a: Tangrowth
|-supereffective|p2a: Tangrowth
|-damage|p2a: Tangrowth|74/100
|-damage|p1a: Urshifu|55/100|[from] item: Rocky Helmet|[of] p2a: Tangrowth
|
|t:|1661244289
|switch|p1a: Nidoking|Nidoking, M|89/100|[from]move: U-turn
|-damage|p1a: Nidoking|83/100|[from] Stealth Rock
|
|upkeep
|turn|21
|
|t:|1661244296
|switch|p2a: Weavile|Weavile, F|63/100
|-ability|p2a: Weavile|Pressure
|move|p1a: Nidoking|Sludge Wave|p2a: Weavile
|-damage|p2a: Weavile|0 fnt
|faint|p2a: Weavile
|
|upkeep
|
|t:|1661244296
|switch|p2a: rotomwash|Rotom-Wash|100/100
|turn|22
|
|t:|1661244317
|switch|p1a: Slowbro|Slowbro, M|71/100 par
|move|p2a: rotomwash|Hydro Pump|p1a: Slowbro
|-resisted|p1a: Slowbro
|-damage|p1a: Slowbro|47/100 par
|
|upkeep
|turn|23
|
|t:|1661244326
|move|p2a: rotomwash|Nasty Plot|p2a: rotomwash
|-boost|p2a: rotomwash|spa|2
|move|p1a: Slowbro|Scald|p2a: rotomwash
|-resisted|p2a: rotomwash
|-damage|p2a: rotomwash|86/100
|
|-heal|p2a: rotomwash|92/100|[from] item: Leftovers
|upkeep
|turn|24
|
|t:|1661244336
|move|p2a: rotomwash|Nasty Plot|p2a: rotomwash
|-boost|p2a: rotomwash|spa|2
|cant|p1a: Slowbro|par
|
|-heal|p2a: rotomwash|98/100|[from] item: Leftovers
|upkeep
|turn|25
|
|t:|1661244344
|move|p2a: rotomwash|Hydro Pump|p1a: Slowbro
|-resisted|p1a: Slowbro
|-damage|p1a: Slowbro|0 fnt
|faint|p1a: Slowbro
|
|-heal|p2a: rotomwash|100/100|[from] item: Leftovers
|upkeep
|
|t:|1661244353
|switch|p1a: Urshifu|Urshifu-Rapid-Strike, M|55/100
|-damage|p1a: Urshifu|49/100|[from] Stealth Rock
|turn|26
|
|t:|1661244358
|move|p1a: Urshifu|Close Combat|p2a: rotomwash
|-damage|p2a: rotomwash|33/100
|-unboost|p1a: Urshifu|def|1
|-unboost|p1a: Urshifu|spd|1
|move|p2a: rotomwash|Thunderbolt|p1a: Urshifu
|-supereffective|p1a: Urshifu
|-damage|p1a: Urshifu|0 fnt
|faint|p1a: Urshifu
|
|-heal|p2a: rotomwash|39/100|[from] item: Leftovers
|upkeep
|
|t:|1661244372
|switch|p1a: Tornadus|Tornadus-Therian, M, shiny|100/100 tox
|turn|27
|
|t:|1661244375
|move|p1a: Tornadus|U-turn|p2a: rotomwash
|-damage|p2a: rotomwash|25/100
|
|t:|1661244380
|switch|p1a: Clefable|Clefable, M|55/100|[from]move: U-turn
|move|p2a: rotomwash|Hydro Pump|p1a: Clefable
|-damage|p1a: Clefable|0 fnt
|faint|p1a: Clefable
|
|-heal|p2a: rotomwash|31/100|[from] item: Leftovers
|upkeep
|
|t:|1661244407
|switch|p1a: Nidoking|Nidoking, M|83/100
|-damage|p1a: Nidoking|77/100|[from] Stealth Rock
|turn|28
|
|t:|1661244412
|move|p1a: Nidoking|Sludge Wave|p2a: rotomwash
|-damage|p2a: rotomwash|0 fnt
|faint|p2a: rotomwash
|
|upkeep
|
|t:|1661244412
|switch|p2a: Tangrowth|Tangrowth, M|100/100
|turn|29
|c|☆Suricata2000|…
|
|t:|1661244422
|switch|p2a: Heatran|Heatran, M|84/100
|move|p1a: Nidoking|Sludge Wave|p2a: Heatran
|-immune|p2a: Heatran
|
|upkeep
|turn|30
|
|t:|1661244428
|move|p1a: Nidoking|Earth Power|p2a: Heatran
|-supereffective|p2a: Heatran
|-damage|p2a: Heatran|0 fnt
|faint|p2a: Heatran
|
|upkeep
|
|t:|1661244428
|switch|p2a: Tangrowth|Tangrowth, M|100/100
|turn|31
|
|t:|1661244436
|move|p1a: Nidoking|Sludge Wave|p2a: Tangrowth
|-supereffective|p2a: Tangrowth
|-damage|p2a: Tangrowth|0 fnt
|faint|p2a: Tangrowth
|
|win|Suricata2000
|raw|Suricata2000's rating: 1525 &rarr; <strong>1543</strong><br />(+18 for winning)
|raw|minimax_ai's rating: 1497 &rarr; <strong>1479</strong><br />(-18 for losing)
|c|☆minimax_ai|gg
|l|☆minimax_ai
