|html|<div class="broadcast-blue"><strong>[Gen 8] OU is currently suspecting Melmetal! For information on how to participate check out the <a href="https://www.smogon.com/forums/threads/np-ss-ou-suspect-process-round-12-monster-mash.3709234/">suspect thread</a>.</strong></div>
|j|☆d18l
|j|☆OUTD Rose
|t:|1666061687
|gametype|singles
|player|p1|d18l|backpacker|1631
|player|p2|OUTD Rose|pokemonranger-gen6xy|1748
|teamsize|p1|6
|teamsize|p2|6
|gen|8
|tier|[Gen 8] OU
|rated|
|rule|Sleep Clause Mod: Limit one foe put to sleep
|rule|Species Clause: Limit one of each Pokémon
|rule|OHKO Clause: OHKO moves are banned
|rule|Evasion Items Clause: Evasion items are banned
|rule|Evasion Moves Clause: Evasion moves are banned
|rule|Endless Battle Clause: Forcing endless battles is banned
|rule|HP Percentage Mod: HP is shown in percentages
|rule|Dynamax Clause: You cannot dynamax
|clearpoke
|poke|p1|Tapu Koko|
|poke|p1|Victini|
|poke|p1|Landorus-Therian, M|
|poke|p1|Tornadus-Therian, M|
|poke|p1|Rotom-Wash|
|poke|p1|Ferrothorn, M|
|poke|p2|Mamoswine, M|
|poke|p2|Primarina, F|
|poke|p2|Zapdos|
|poke|p2|Victini|
|poke|p2|Ferrothorn, F|
|poke|p2|Latios, M|
|teampreview
|
|t:|1666061701
|start
|switch|p1a: Victini|Victini|100/100
|switch|p2a: HORRIBLY RIGHT|Mamoswine, M|100/100
|turn|1
|j| Mimikyu Stardust
|j| Sneakyplanner
|l| Sneakyplanner
|inactive|Battle timer is ON: inactive players will automatically lose when time's up. (requested by OUTD Rose)
|
|t:|1666061771
|switch|p1a: Rotom|Rotom-Wash|100/100
|move|p2a: HORRIBLY RIGHT|Knock Off|p1a: Rotom
|-damage|p1a: Rotom|73/100
|-enditem|p1a: Rotom|Leftovers|[from] move: Knock Off|[of] p2a: HORRIBLY RIGHT
|
|upkeep
|turn|2
|
|t:|1666061789
|switch|p2a: SPINE CURVES|Ferrothorn, F|100/100
|move|p1a: Rotom|Will-O-Wisp|p2a: SPINE CURVES
|-status|p2a: SPINE CURVES|brn
|
|-damage|p2a: SPINE CURVES|95/100 brn|[from] brn
|upkeep
|turn|3
|
|t:|1666061796
|move|p1a: Rotom|Volt Switch|p2a: SPINE CURVES
|-resisted|p2a: SPINE CURVES
|-damage|p2a: SPINE CURVES|85/100 brn
|
|t:|1666061822
|switch|p1a: Victini|Victini|100/100|[from]move: Volt Switch
|move|p2a: SPINE CURVES|Stealth Rock|p1a: Victini
|-sidestart|p1: d18l|move: Stealth Rock
|
|-heal|p2a: SPINE CURVES|91/100 brn|[from] item: Leftovers
|-damage|p2a: SPINE CURVES|85/100 brn|[from] brn
|upkeep
|turn|4
|
|t:|1666061830
|switch|p2a: CAPALA|Zapdos|100/100
|move|p1a: Victini|V-create|p2a: CAPALA
|-damage|p2a: CAPALA|39/100
|-unboost|p1a: Victini|spe|1
|-unboost|p1a: Victini|def|1
|-unboost|p1a: Victini|spd|1
|
|upkeep
|turn|5
|inactive|d18l has 120 seconds left.
|
|t:|1666061858
|switch|p2a: SEA CHANGE|Primarina, F|100/100
|switch|p1a: Landorus|Landorus-Therian, M|100/100
|-damage|p1a: Landorus|88/100|[from] Stealth Rock
|-ability|p1a: Landorus|Intimidate|boost
|-unboost|p2a: SEA CHANGE|atk|1
|
|-heal|p1a: Landorus|94/100|[from] item: Leftovers
|upkeep
|turn|6
|inactive|d18l has 120 seconds left.
|
|t:|1666061886
|move|p1a: Landorus|U-turn|p2a: SEA CHANGE
|-resisted|p2a: SEA CHANGE
|-damage|p2a: SEA CHANGE|87/100
|
|t:|1666061890
|switch|p1a: Tornadus|Tornadus-Therian, M|100/100|[from]move: U-turn
|-damage|p1a: Tornadus|76/100|[from] Stealth Rock
|move|p2a: SEA CHANGE|Scald|p1a: Tornadus
|-damage|p1a: Tornadus|52/100
|-status|p1a: Tornadus|brn
|
|-heal|p2a: SEA CHANGE|93/100|[from] item: Leftovers
|-damage|p1a: Tornadus|46/100 brn|[from] brn
|upkeep
|turn|7
|
|t:|1666061911
|move|p1a: Tornadus|Knock Off|p2a: SEA CHANGE
|-resisted|p2a: SEA CHANGE
|-damage|p2a: SEA CHANGE|87/100
|-enditem|p2a: SEA CHANGE|Leftovers|[from] move: Knock Off|[of] p1a: Tornadus
|move|p2a: SEA CHANGE|Substitute|p2a: SEA CHANGE
|-start|p2a: SEA CHANGE|Substitute
|-damage|p2a: SEA CHANGE|62/100
|
|-damage|p1a: Tornadus|40/100 brn|[from] brn
|upkeep
|turn|8
|inactive|d18l has 90 seconds left.
|
|t:|1666061954
|move|p1a: Tornadus|U-turn|p2a: SEA CHANGE
|-resisted|p2a: SEA CHANGE
|-activate|p2a: SEA CHANGE|move: Substitute|[damage]
|
|t:|1666061958
|switch|p1a: Tapu Koko|Tapu Koko|100/100|[from]move: U-turn
|-damage|p1a: Tapu Koko|88/100|[from] Stealth Rock
|-fieldstart|move: Electric Terrain|[from] ability: Electric Surge|[of] p1a: Tapu Koko
|move|p2a: SEA CHANGE|Scald|p1a: Tapu Koko
|-damage|p1a: Tapu Koko|37/100
|-status|p1a: Tapu Koko|brn
|
|-damage|p1a: Tapu Koko|31/100 brn|[from] brn
|upkeep
|turn|9
|
|t:|1666061963
|move|p1a: Tapu Koko|Volt Switch|p2a: SEA CHANGE
|-supereffective|p2a: SEA CHANGE
|-end|p2a: SEA CHANGE|Substitute
|
|t:|1666061966
|switch|p1a: Rotom|Rotom-Wash|73/100|[from]move: Volt Switch
|-damage|p1a: Rotom|61/100|[from] Stealth Rock
|move|p2a: SEA CHANGE|Scald|p1a: Rotom
|-resisted|p1a: Rotom
|-damage|p1a: Rotom|44/100
|
|upkeep
|turn|10
|
|t:|1666061971
|switch|p2a: TESSELATE|Latios, M|100/100
|move|p1a: Rotom|Volt Switch|p2a: TESSELATE
|-resisted|p2a: TESSELATE
|-damage|p2a: TESSELATE|88/100
|inactive|d18l has 90 seconds left.
|
|t:|1666061994
|switch|p1a: Tornadus|Tornadus-Therian, M|73/100 brn|[from]move: Volt Switch
|-damage|p1a: Tornadus|49/100 brn|[from] Stealth Rock
|
|-damage|p1a: Tornadus|42/100 brn|[from] brn
|upkeep
|turn|11
|
|t:|1666062000
|switch|p2a: SEA CHANGE|Primarina, F|62/100
|switch|p1a: Tapu Koko|Tapu Koko|31/100 brn
|-damage|p1a: Tapu Koko|18/100 brn|[from] Stealth Rock
|
|-damage|p1a: Tapu Koko|12/100 brn|[from] brn
|upkeep
|turn|12
|
|t:|1666062007
|switch|p2a: HORRIBLY RIGHT|Mamoswine, M|100/100
|move|p1a: Tapu Koko|Volt Switch|p2a: HORRIBLY RIGHT
|-immune|p2a: HORRIBLY RIGHT
|
|-damage|p1a: Tapu Koko|6/100 brn|[from] brn
|-fieldend|move: Electric Terrain
|upkeep
|turn|13
|inactive|d18l has 90 seconds left.
|
|t:|1666062045
|switch|p1a: Ferrothorn|Ferrothorn, M|100/100
|-damage|p1a: Ferrothorn|95/100|[from] Stealth Rock
|move|p2a: HORRIBLY RIGHT|Ice Shard|p1a: Ferrothorn
|-damage|p1a: Ferrothorn|82/100
|
|upkeep
|turn|14
|
|t:|1666062061
|switch|p2a: SPINE CURVES|Ferrothorn, F|85/100 brn
|move|p1a: Ferrothorn|Stealth Rock|p2a: SPINE CURVES
|-sidestart|p2: OUTD Rose|move: Stealth Rock
|
|-heal|p2a: SPINE CURVES|91/100 brn|[from] item: Leftovers
|-damage|p2a: SPINE CURVES|85/100 brn|[from] brn
|upkeep
|turn|15
|inactive|d18l has 60 seconds left.
|
|t:|1666062086
|switch|p1a: Victini|Victini|100/100
|move|p2a: SPINE CURVES|Body Press|p1a: Victini
|-resisted|p1a: Victini
|-damage|p1a: Victini|93/100
|
|-heal|p2a: SPINE CURVES|91/100 brn|[from] item: Leftovers
|-damage|p2a: SPINE CURVES|85/100 brn|[from] brn
|upkeep
|turn|16
|inactive|d18l has 60 seconds left.
|
|t:|1666062094
|switch|p2a: HOT THOUGHTS|Victini|100/100
|move|p1a: Victini|V-create|p2a: HOT THOUGHTS
|-resisted|p2a: HOT THOUGHTS
|-damage|p2a: HOT THOUGHTS|54/100
|-unboost|p1a: Victini|spe|1
|-unboost|p1a: Victini|def|1
|-unboost|p1a: Victini|spd|1
|
|upkeep
|turn|17
|inactive|d18l has 60 seconds left.
|
|t:|1666062111
|switch|p1a: Landorus|Landorus-Therian, M|94/100
|-damage|p1a: Landorus|82/100|[from] Stealth Rock
|-ability|p1a: Landorus|Intimidate|boost
|-unboost|p2a: HOT THOUGHTS|atk|1
|move|p2a: HOT THOUGHTS|Glaciate|p1a: Landorus
|-supereffective|p1a: Landorus
|-damage|p1a: Landorus|34/100
|-unboost|p1a: Landorus|spe|1
|
|-heal|p1a: Landorus|40/100|[from] item: Leftovers
|upkeep
|turn|18
|inactive|d18l has 60 seconds left.
|inactive|d18l has 30 seconds left.
|inactive|d18l has 20 seconds left.
|
|t:|1666062159
|switch|p1a: Tapu Koko|Tapu Koko|6/100 brn
|-damage|p1a: Tapu Koko|0 fnt|[from] Stealth Rock
|faint|p1a: Tapu Koko
|move|p2a: HOT THOUGHTS|Glaciate|p1: Tapu Koko|[notarget]
|-fail|p2a: HOT THOUGHTS
|
|upkeep
|inactive|d18l has 25 seconds left this turn.
|
|t:|1666062161
|switch|p1a: Victini|Victini|93/100
|turn|19
|
|t:|1666062172
|switch|p2a: SPINE CURVES|Ferrothorn, F|85/100 brn
|-damage|p2a: SPINE CURVES|79/100 brn|[from] Stealth Rock
|move|p1a: Victini|Bolt Strike|p2a: SPINE CURVES
|-resisted|p2a: SPINE CURVES
|-damage|p2a: SPINE CURVES|68/100 brn
|-damage|p1a: Victini|81/100|[from] ability: Iron Barbs|[of] p2a: SPINE CURVES
|
|-heal|p2a: SPINE CURVES|74/100 brn|[from] item: Leftovers
|-damage|p2a: SPINE CURVES|68/100 brn|[from] brn
|upkeep
|turn|20
|
|t:|1666062181
|move|p1a: Victini|V-create|p2a: SPINE CURVES
|-supereffective|p2a: SPINE CURVES
|-damage|p2a: SPINE CURVES|0 fnt
|-unboost|p1a: Victini|spe|1
|-unboost|p1a: Victini|def|1
|-unboost|p1a: Victini|spd|1
|-damage|p1a: Victini|69/100|[from] ability: Iron Barbs|[of] p2a: SPINE CURVES
|faint|p2a: SPINE CURVES
|
|upkeep
|
|t:|1666062187
|switch|p2a: HORRIBLY RIGHT|Mamoswine, M|100/100
|-damage|p2a: HORRIBLY RIGHT|88/100|[from] Stealth Rock
|turn|21
|
|t:|1666062195
|switch|p1a: Ferrothorn|Ferrothorn, M|82/100
|-damage|p1a: Ferrothorn|76/100|[from] Stealth Rock
|move|p2a: HORRIBLY RIGHT|Knock Off|p1a: Ferrothorn
|-damage|p1a: Ferrothorn|56/100
|-damage|p2a: HORRIBLY RIGHT|76/100|[from] ability: Iron Barbs|[of] p1a: Ferrothorn
|-damage|p2a: HORRIBLY RIGHT|59/100|[from] item: Rocky Helmet|[of] p1a: Ferrothorn
|-enditem|p1a: Ferrothorn|Rocky Helmet|[from] move: Knock Off|[of] p2a: HORRIBLY RIGHT
|
|upkeep
|turn|22
|inactive|d18l has 60 seconds left.
|inactive|d18l has 30 seconds left.
|
|t:|1666062238
|switch|p2a: CAPALA|Zapdos|39/100
|move|p1a: Ferrothorn|Leech Seed|p2a: CAPALA
|-start|p2a: CAPALA|move: Leech Seed
|
|-damage|p2a: CAPALA|27/100|[from] Leech Seed|[of] p1a: Ferrothorn
|-heal|p1a: Ferrothorn|69/100|[silent]
|upkeep
|turn|23
|inactive|d18l has 30 seconds left.
|inactive|d18l has 20 seconds left.
|inactive|d18l has 15 seconds left.
|inactive|d18l has 10 seconds left.
|
|t:|1666062265
|switch|p1a: Rotom|Rotom-Wash|44/100
|-damage|p1a: Rotom|32/100|[from] Stealth Rock
|move|p2a: CAPALA|Roost|p2a: CAPALA
|-heal|p2a: CAPALA|77/100
|-singleturn|p2a: CAPALA|move: Roost
|
|-damage|p2a: CAPALA|65/100|[from] Leech Seed|[of] p1a: Rotom
|-heal|p1a: Rotom|47/100|[silent]
|upkeep
|turn|24
|inactive|d18l has 20 seconds left this turn.
|inactive|d18l has 15 seconds left.
|inactive|d18l has 10 seconds left.
|
|t:|1666062279
|move|p2a: CAPALA|Volt Switch|p1a: Rotom
|-damage|p1a: Rotom|19/100
|inactive|d18l has 15 seconds left this turn.
|
|t:|1666062282
|switch|p2a: TESSELATE|Latios, M|88/100|[from]move: Volt Switch
|-damage|p2a: TESSELATE|75/100|[from] Stealth Rock
|move|p1a: Rotom|Pain Split|p2a: TESSELATE
|-sethp|p2a: TESSELATE|47/100|[from] move: Pain Split|[silent]
|-sethp|p1a: Rotom|47/100|[from] move: Pain Split
|
|upkeep
|turn|25
|inactive|d18l has 25 seconds left this turn.
|inactive|d18l has 20 seconds left.
|inactive|d18l has 15 seconds left.
|
|t:|1666062293
|switch|p1a: Tornadus|Tornadus-Therian, M|76/100 brn
|-damage|p1a: Tornadus|51/100 brn|[from] Stealth Rock
|move|p2a: TESSELATE|Draco Meteor|p1a: Tornadus|[miss]
|-miss|p2a: TESSELATE|p1a: Tornadus
|
|-damage|p1a: Tornadus|45/100 brn|[from] brn
|upkeep
|turn|26
|inactive|d18l has 25 seconds left this turn.
|inactive|d18l has 20 seconds left.
|
|t:|1666062302
|switch|p2a: SEA CHANGE|Primarina, F|62/100
|-damage|p2a: SEA CHANGE|50/100|[from] Stealth Rock
|move|p1a: Tornadus|Knock Off|p2a: SEA CHANGE
|-resisted|p2a: SEA CHANGE
|-damage|p2a: SEA CHANGE|46/100
|
|-damage|p1a: Tornadus|39/100 brn|[from] brn
|upkeep
|turn|27
|inactive|d18l has 30 seconds left this turn.
|
|t:|1666062309
|move|p1a: Tornadus|Hurricane|p2a: SEA CHANGE|[miss]
|-miss|p1a: Tornadus|p2a: SEA CHANGE
|move|p2a: SEA CHANGE|Moonblast|p1a: Tornadus
|-damage|p1a: Tornadus|11/100 brn
|
|-damage|p1a: Tornadus|5/100 brn|[from] brn
|upkeep
|turn|28
|inactive|d18l has 30 seconds left.
|
|t:|1666062319
|switch|p2a: CAPALA|Zapdos|65/100
|move|p1a: Tornadus|Hurricane|p2a: CAPALA|[miss]
|-miss|p1a: Tornadus|p2a: CAPALA
|
|-damage|p1a: Tornadus|0 fnt|[from] brn
|faint|p1a: Tornadus
|upkeep
|inactive|d18l has 30 seconds left this turn.
|
|t:|1666062323
|switch|p1a: Victini|Victini|69/100
|turn|29
|
|t:|1666062340
|move|p1a: Victini|V-create|p2a: CAPALA
|-damage|p2a: CAPALA|1/100
|-unboost|p1a: Victini|spe|1
|-unboost|p1a: Victini|def|1
|-unboost|p1a: Victini|spd|1
|move|p2a: CAPALA|Volt Switch|p1a: Victini
|-damage|p1a: Victini|25/100
|c|☆d18l|oh its a roll.
|c|☆d18l|good to know
|c|☆OUTD Rose|i thought i would die also ngl
|inactive|OUTD Rose has 120 seconds left.
|
|t:|1666062366
|switch|p2a: HOT THOUGHTS|Victini|54/100|[from]move: Volt Switch
|
|upkeep
|turn|30
|c|☆d18l|im playing terrible anyway
|c|☆d18l|dont think it matters
|inactive|d18l has 30 seconds left.
|
|t:|1666062394
|switch|p1a: Landorus|Landorus-Therian, M|40/100
|-damage|p1a: Landorus|27/100|[from] Stealth Rock
|-ability|p1a: Landorus|Intimidate|boost
|-unboost|p2a: HOT THOUGHTS|atk|1
|move|p2a: HOT THOUGHTS|V-create|p1a: Landorus
|-damage|p1a: Landorus|0 fnt
|-unboost|p2a: HOT THOUGHTS|spe|1
|-unboost|p2a: HOT THOUGHTS|def|1
|-unboost|p2a: HOT THOUGHTS|spd|1
|faint|p1a: Landorus
|
|upkeep
|inactive|d18l has 30 seconds left.
|c|☆d18l|gg
|-message|d18l forfeited.
|
|win|OUTD Rose
|raw|d18l's rating: 1631 &rarr; <strong>1617</strong><br />(-14 for losing)
|raw|OUTD Rose's rating: 1748 &rarr; <strong>1762</strong><br />(+14 for winning)
|c|☆OUTD Rose|gg
|l|☆d18l
||Ladder isn't responding, score probably updated but might not have (Request timeout).
