|j|☆jeanmilapipe
|j|☆Makuryu
|t:|1656607672
|gametype|singles
|player|p1|jeanmilapipe|n|1917
|player|p2|Makuryu|koga|1910
|teamsize|p1|6
|teamsize|p2|6
|gen|8
|tier|[Gen 8] OU
|rated|
|rule|Sleep Clause Mod: Limit one foe put to sleep
|rule|Species Clause: Limit one of each Pokémon
|rule|OHKO Clause: OHKO moves are banned
|rule|Evasion Moves Clause: Evasion moves are banned
|rule|Endless Battle Clause: Forcing endless battles is banned
|rule|HP Percentage Mod: HP is shown in percentages
|rule|Dynamax Clause: You cannot dynamax
|clearpoke
|poke|p1|Aegislash, F|
|poke|p1|Urshifu-*, F|
|poke|p1|Corviknight, M|
|poke|p1|Excadrill, M|
|poke|p1|Inteleon, F|
|poke|p1|Tyranitar, F|
|poke|p2|Zapdos|
|poke|p2|Heatran, M|
|poke|p2|Ferrothorn, M|
|poke|p2|Dragapult, M|
|poke|p2|Buzzwole|
|poke|p2|Blissey, F|
|teampreview
|inactive|Battle timer is ON: inactive players will automatically lose when time's up. (requested by Makuryu)
|
|t:|1656607705
|start
|switch|p1a: Urshifu|Urshifu-Rapid-Strike, F|100/100
|switch|p2a: Zapdos|Zapdos|100/100
|turn|1
|
|t:|1656607712
|switch|p1a: Excadrill|Excadrill, M|100/100
|-ability|p1a: Excadrill|Mold Breaker
|move|p2a: Zapdos|Volt Switch|p1a: Excadrill
|-immune|p1a: Excadrill
|
|upkeep
|turn|2
|
|t:|1656607724
|move|p2a: Zapdos|Heat Wave|p1a: Excadrill
|-supereffective|p1a: Excadrill
|-damage|p1a: Excadrill|29/100
|move|p1a: Excadrill|Iron Head|p2a: Zapdos
|-resisted|p2a: Zapdos
|-damage|p2a: Zapdos|80/100
|-status|p1a: Excadrill|par|[from] ability: Static|[of] p2a: Zapdos
|
|-heal|p1a: Excadrill|35/100 par|[from] item: Leftovers
|upkeep
|turn|3
|
|t:|1656607736
|switch|p1a: Tyranitar|Tyranitar, F|100/100
|-weather|Sandstorm|[from] ability: Sand Stream|[of] p1a: Tyranitar
|move|p2a: Zapdos|Heat Wave|p1a: Tyranitar
|-resisted|p1a: Tyranitar
|-damage|p1a: Tyranitar|91/100
|
|-weather|Sandstorm|[upkeep]
|-damage|p2a: Zapdos|74/100|[from] Sandstorm
|-heal|p1a: Tyranitar|97/100|[from] item: Leftovers
|upkeep
|turn|4
|
|t:|1656607747
|move|p2a: Zapdos|Volt Switch|p1a: Tyranitar
|-damage|p1a: Tyranitar|78/100
|
|t:|1656607750
|switch|p2a: Ferrothorn|Ferrothorn, M|100/100|[from]move: Volt Switch
|move|p1a: Tyranitar|Fire Punch|p2a: Ferrothorn
|-supereffective|p2a: Ferrothorn
|-crit|p2a: Ferrothorn
|-damage|p2a: Ferrothorn|0 fnt
|-damage|p1a: Tyranitar|66/100|[from] ability: Iron Barbs|[of] p2a: Ferrothorn
|faint|p2a: Ferrothorn
|
|-weather|Sandstorm|[upkeep]
|-heal|p1a: Tyranitar|72/100|[from] item: Leftovers
|upkeep
|
|t:|1656607765
|switch|p2a: Buzzwole|Buzzwole|100/100
|turn|5
|j| LeVIo7
|
|t:|1656607772
|switch|p2a: Heatran|Heatran, M|100/100
|-item|p2a: Heatran|Air Balloon
|switch|p1a: Corviknight|Corviknight, M|100/100
|
|-weather|Sandstorm|[upkeep]
|upkeep
|turn|6
|l| LeVIo7
|j| Peepeepoopoo72
|
|t:|1656607791
|switch|p1a: Excadrill|Excadrill, M|35/100 par
|-ability|p1a: Excadrill|Mold Breaker
|move|p2a: Heatran|Stealth Rock|p1a: Excadrill
|-sidestart|p1: jeanmilapipe|move: Stealth Rock
|
|-weather|Sandstorm|[upkeep]
|-heal|p1a: Excadrill|41/100 par|[from] item: Leftovers
|upkeep
|turn|7
|
|t:|1656607802
|move|p2a: Heatran|Eruption|p1a: Excadrill
|-supereffective|p1a: Excadrill
|-damage|p1a: Excadrill|0 fnt
|faint|p1a: Excadrill
|
|-weather|none
|upkeep
|
|t:|1656607810
|switch|p1a: Urshifu|Urshifu-Rapid-Strike, F|100/100
|-damage|p1a: Urshifu|94/100|[from] Stealth Rock
|turn|8
|j| 0WithdrawalSyndrom
|j| Ran Kob
|
|t:|1656607838
|switch|p2a: Buzzwole|Buzzwole|100/100
|move|p1a: Urshifu|Surging Strikes|p2a: Buzzwole
|-crit|p2a: Buzzwole
|-damage|p2a: Buzzwole|84/100
|-crit|p2a: Buzzwole
|-damage|p2a: Buzzwole|68/100
|-crit|p2a: Buzzwole
|-damage|p2a: Buzzwole|54/100
|-hitcount|p2a: Buzzwole|3
|
|upkeep
|turn|9
|inactive|Makuryu has 120 seconds left.
|
|t:|1656607859
|switch|p1a: Aegislash|Aegislash, F|100/100
|-damage|p1a: Aegislash|94/100|[from] Stealth Rock
|move|p2a: Buzzwole|Thunder Punch|p1a: Aegislash
|-damage|p1a: Aegislash|62/100
|
|-heal|p1a: Aegislash|68/100|[from] item: Leftovers
|upkeep
|turn|10
|
|t:|1656607868
|switch|p2a: Blissey|Blissey, F|100/100
|move|p1a: Aegislash|Swords Dance|p1a: Aegislash
|-boost|p1a: Aegislash|atk|2
|
|-heal|p1a: Aegislash|75/100|[from] item: Leftovers
|upkeep
|turn|11
|
|t:|1656607877
|move|p1a: Aegislash|Swords Dance|p1a: Aegislash
|-boost|p1a: Aegislash|atk|2
|move|p2a: Blissey|Teleport|p2a: Blissey
|
|t:|1656607881
|switch|p2a: Heatran|Heatran, M|100/100|[from]move: Teleport
|-item|p2a: Heatran|Air Balloon
|
|-heal|p1a: Aegislash|81/100|[from] item: Leftovers
|upkeep
|turn|12
|
|t:|1656607889
|move|p1a: Aegislash|King's Shield|p1a: Aegislash
|-singleturn|p1a: Aegislash|Protect
|move|p2a: Heatran|Magma Storm|p1a: Aegislash
|-activate|p1a: Aegislash|move: Protect
|
|-heal|p1a: Aegislash|87/100|[from] item: Leftovers
|upkeep
|turn|13
|inactive|Makuryu has 120 seconds left.
|
|t:|1656607922
|switch|p1a: Tyranitar|Tyranitar, F|72/100
|-damage|p1a: Tyranitar|59/100|[from] Stealth Rock
|-weather|Sandstorm|[from] ability: Sand Stream|[of] p1a: Tyranitar
|move|p2a: Heatran|Magma Storm|p1a: Tyranitar
|-resisted|p1a: Tyranitar
|-damage|p1a: Tyranitar|43/100
|-activate|p1a: Tyranitar|move: Magma Storm|[of] p2a: Heatran
|
|-weather|Sandstorm|[upkeep]
|-heal|p1a: Tyranitar|49/100|[from] item: Leftovers
|-damage|p1a: Tyranitar|37/100|[from] move: Magma Storm|[partiallytrapped]
|upkeep
|turn|14
|inactive|Makuryu has 120 seconds left.
|
|t:|1656607948
|move|p2a: Heatran|Earth Power|p1a: Tyranitar
|-supereffective|p1a: Tyranitar
|-damage|p1a: Tyranitar|0 fnt
|faint|p1a: Tyranitar
|
|-weather|Sandstorm|[upkeep]
|upkeep
|
|t:|1656607955
|switch|p1a: Urshifu|Urshifu-Rapid-Strike, F|94/100
|-damage|p1a: Urshifu|88/100|[from] Stealth Rock
|turn|15
|l| Peepeepoopoo72
|inactive|Makuryu has 90 seconds left.
|
|t:|1656607987
|switch|p2a: Buzzwole|Buzzwole|54/100
|move|p1a: Urshifu|Surging Strikes|p2a: Buzzwole
|-crit|p2a: Buzzwole
|-damage|p2a: Buzzwole|40/100
|-crit|p2a: Buzzwole
|-damage|p2a: Buzzwole|26/100
|-crit|p2a: Buzzwole
|-damage|p2a: Buzzwole|10/100
|-hitcount|p2a: Buzzwole|3
|
|-weather|Sandstorm|[upkeep]
|-damage|p1a: Urshifu|82/100|[from] Sandstorm
|-damage|p2a: Buzzwole|4/100|[from] Sandstorm
|upkeep
|turn|16
|inactive|Makuryu has 90 seconds left.
|
|t:|1656607999
|move|p1a: Urshifu|Aqua Jet|p2a: Buzzwole
|-damage|p2a: Buzzwole|0 fnt
|faint|p2a: Buzzwole
|
|-weather|Sandstorm|[upkeep]
|-damage|p1a: Urshifu|76/100|[from] Sandstorm
|upkeep
|inactive|Makuryu has 90 seconds left.
|
|t:|1656608007
|switch|p2a: Zapdos|Zapdos|74/100
|turn|17
|
|t:|1656608025
|switch|p1a: Aegislash|Aegislash, F|87/100
|-damage|p1a: Aegislash|81/100|[from] Stealth Rock
|move|p2a: Zapdos|Volt Switch|p1a: Aegislash
|-damage|p1a: Aegislash|56/100
|
|t:|1656608031
|switch|p2a: Dragapult|Dragapult, M|100/100|[from]move: Volt Switch
|
|-weather|none
|-heal|p1a: Aegislash|63/100|[from] item: Leftovers
|upkeep
|turn|18
|
|t:|1656608038
|-formechange|p1a: Aegislash|Aegislash-Blade||[from] ability: Stance Change
|move|p1a: Aegislash|Shadow Sneak|p2a: Dragapult
|-supereffective|p2a: Dragapult
|-damage|p2a: Dragapult|37/100
|move|p2a: Dragapult|Shadow Ball|p1a: Aegislash
|-supereffective|p1a: Aegislash
|-damage|p1a: Aegislash|0 fnt
|faint|p1a: Aegislash
|
|upkeep
|
|t:|1656608064
|switch|p1a: Corviknight|Corviknight, M|100/100
|-damage|p1a: Corviknight|88/100|[from] Stealth Rock
|turn|19
|
|t:|1656608069
|switch|p2a: Heatran|Heatran, M|100/100
|-item|p2a: Heatran|Air Balloon
|move|p1a: Corviknight|U-turn|p2a: Heatran
|-resisted|p2a: Heatran
|-damage|p2a: Heatran|97/100
|-enditem|p2a: Heatran|Air Balloon
|
|t:|1656608077
|switch|p1a: Urshifu|Urshifu-Rapid-Strike, F|76/100|[from]move: U-turn
|-damage|p1a: Urshifu|70/100|[from] Stealth Rock
|
|upkeep
|turn|20
|inactive|Makuryu has 120 seconds left.
|
|t:|1656608113
|switch|p2a: Blissey|Blissey, F|100/100
|move|p1a: Urshifu|Surging Strikes|p2a: Blissey
|-crit|p2a: Blissey
|-damage|p2a: Blissey|83/100
|-crit|p2a: Blissey
|-damage|p2a: Blissey|66/100
|-crit|p2a: Blissey
|-damage|p2a: Blissey|48/100
|-hitcount|p2a: Blissey|3
|
|upkeep
|turn|21
|j| Slazyyy
|
|t:|1656608124
|move|p1a: Urshifu|Surging Strikes|p2a: Blissey
|-crit|p2a: Blissey
|-damage|p2a: Blissey|31/100
|-crit|p2a: Blissey
|-damage|p2a: Blissey|15/100
|-crit|p2a: Blissey
|-damage|p2a: Blissey|0 fnt
|faint|p2a: Blissey
|-hitcount|p2: Blissey|3
|
|upkeep
|inactive|Makuryu has 90 seconds left.
|
|t:|1656608153
|switch|p2a: Zapdos|Zapdos|74/100
|turn|22
|
|t:|1656608157
|move|p1a: Urshifu|Aqua Jet|p2a: Zapdos
|-damage|p2a: Zapdos|55/100
|move|p2a: Zapdos|Volt Switch|p1a: Urshifu
|-supereffective|p1a: Urshifu
|-damage|p1a: Urshifu|0 fnt
|faint|p1a: Urshifu
|
|t:|1656608165
|switch|p2a: Dragapult|Dragapult, M|37/100|[from]move: Volt Switch
|
|upkeep
|
|t:|1656608170
|switch|p1a: Corviknight|Corviknight, M|88/100
|-damage|p1a: Corviknight|75/100|[from] Stealth Rock
|turn|23
|
|t:|1656608176
|move|p2a: Dragapult|U-turn|p1a: Corviknight
|-resisted|p1a: Corviknight
|-damage|p1a: Corviknight|72/100
|-damage|p2a: Dragapult|21/100|[from] item: Rocky Helmet|[of] p1a: Corviknight
|j| Alexlch
|
|t:|1656608180
|switch|p2a: Heatran|Heatran, M|97/100|[from]move: U-turn
|move|p1a: Corviknight|Roost|p1a: Corviknight
|-heal|p1a: Corviknight|100/100
|-singleturn|p1a: Corviknight|move: Roost
|
|upkeep
|turn|24
|c| 0WithdrawalSyndrom|its the game
|
|t:|1656608189
|move|p2a: Heatran|Eruption|p1a: Corviknight
|-supereffective|p1a: Corviknight
|-damage|p1a: Corviknight|0 fnt
|faint|p1a: Corviknight
|
|upkeep
|c| 0WithdrawalSyndrom|Makuryu
|
|t:|1656608195
|switch|p1a: Inteleon|Inteleon, F|100/100
|-damage|p1a: Inteleon|88/100|[from] Stealth Rock
|turn|25
|
|t:|1656608199
|move|p1a: Inteleon|Focus Energy|p1a: Inteleon
|-start|p1a: Inteleon|move: Focus Energy
|move|p2a: Heatran|Earth Power|p1a: Inteleon
|-damage|p1a: Inteleon|36/100
|
|upkeep
|turn|26
|
|t:|1656608207
|move|p1a: Inteleon|Snipe Shot|p2a: Heatran
|-supereffective|p2a: Heatran
|-crit|p2a: Heatran
|-damage|p2a: Heatran|0 fnt
|faint|p2a: Heatran
|
|upkeep
|
|t:|1656608213
|switch|p2a: Dragapult|Dragapult, M|21/100
|turn|27
|
|t:|1656608216
|move|p1a: Inteleon|Sucker Punch|p2a: Dragapult
|-supereffective|p2a: Dragapult
|-crit|p2a: Dragapult
|-damage|p2a: Dragapult|0 fnt
|faint|p2a: Dragapult
|
|upkeep
|c| 0WithdrawalSyndrom|eh
|c| 0WithdrawalSyndrom|you learn that
|
|t:|1656608236
|switch|p2a: Zapdos|Zapdos|55/100
|turn|28
|c| Slazyyy|lool
|
|t:|1656608240
|move|p1a: Inteleon|Snipe Shot|p2a: Zapdos
|-crit|p2a: Zapdos
|-damage|p2a: Zapdos|0 fnt
|faint|p2a: Zapdos
|
|win|jeanmilapipe
|raw|jeanmilapipe's rating: 1917 &rarr; <strong>1937</strong><br />(+20 for winning)
|raw|Makuryu's rating: 1910 &rarr; <strong>1890</strong><br />(-20 for losing)
|c| Slazyyy|inteleon so good
|c|☆Makuryu|oh
|c|☆jeanmilapipe|goat
|c|☆Makuryu|gg
|c|☆jeanmilapipe|gg
|l| Slazyyy
|l| 0WithdrawalSyndrom
||Ladder isn't responding, score probably updated but might not have (Request timeout).
