|j|☆SiriCelebi爱门
|j|☆BillionthLadderAlt
|t:|1668174816
|gametype|singles
|player|p1|SiriCelebi爱门|lass-gen4dp|1663
|player|p2|BillionthLadderAlt|guitarist-gen4|1722
|teamsize|p1|6
|teamsize|p2|6
|gen|8
|tier|[Gen 8] OU
|rated|
|rule|Sleep Clause Mod: Limit one foe put to sleep
|rule|Species Clause: Limit one of each Pokémon
|rule|OHKO Clause: OHKO moves are banned
|rule|Evasion Items Clause: Evasion items are banned
|rule|Evasion Moves Clause: Evasion moves are banned
|rule|Endless Battle Clause: Forcing endless battles is banned
|rule|HP Percentage Mod: HP is shown in percentages
|rule|Dynamax Clause: You cannot dynamax
|clearpoke
|poke|p1|Slowbro, F|
|poke|p1|Heatran, M|
|poke|p1|Kartana|
|poke|p1|Landorus-Therian, M|
|poke|p1|Zapdos-Galar|
|poke|p1|Blissey, F|
|poke|p2|Sandaconda, M|
|poke|p2|Zapdos|
|poke|p2|Primarina, F|
|poke|p2|Dragapult, F|
|poke|p2|Melmetal|
|poke|p2|Weavile, M|
|teampreview
|inactive|Battle timer is ON: inactive players will automatically lose when time's up. (requested by BillionthLadderAlt)
|
|t:|1668174831
|start
|switch|p1a: 草，谢谢你，爱门|Kartana, shiny|100/100
|switch|p2a: Mr. Sandman|Sandaconda, M|100/100
|turn|1
|
|t:|1668174834
|switch|p2a: Zapdos|Zapdos|100/100
|move|p1a: 草，谢谢你，爱门|Knock Off|p2a: Zapdos
|-damage|p2a: Zapdos|52/100
|-enditem|p2a: Zapdos|Heavy-Duty Boots|[from] move: Knock Off|[of] p1a: 草，谢谢你，爱门
|
|upkeep
|turn|2
|
|t:|1668174839
|switch|p1a: 朋友不再是朋友，家园不再是家园|Landorus-Therian, M, shiny|100/100
|-ability|p1a: 朋友不再是朋友，家园不再是家园|Intimidate|boost
|-unboost|p2a: Zapdos|atk|1
|move|p2a: Zapdos|Roost|p2a: Zapdos
|-heal|p2a: Zapdos|100/100
|-singleturn|p2a: Zapdos|move: Roost
|
|upkeep
|turn|3
|
|t:|1668174841
|switch|p1a: 你可曾注意到，阴谋得逞者在狞笑|Blissey, F, shiny|100/100
|switch|p2a: Mr. Sandman|Sandaconda, M|100/100
|
|upkeep
|turn|4
|
|t:|1668174846
|move|p2a: Mr. Sandman|Stealth Rock|p1a: 你可曾注意到，阴谋得逞者在狞笑
|-sidestart|p1: SiriCelebi爱门|move: Stealth Rock
|move|p1a: 你可曾注意到，阴谋得逞者在狞笑|Toxic|p2a: Mr. Sandman
|-status|p2a: Mr. Sandman|tox
|
|-damage|p2a: Mr. Sandman|94/100 tox|[from] psn
|upkeep
|turn|5
|
|t:|1668174852
|move|p2a: Mr. Sandman|Glare|p1a: 你可曾注意到，阴谋得逞者在狞笑
|-status|p1a: 你可曾注意到，阴谋得逞者在狞笑|par
|move|p1a: 你可曾注意到，阴谋得逞者在狞笑|Wish|p1a: 你可曾注意到，阴谋得逞者在狞笑
|
|-heal|p2a: Mr. Sandman|100/100 tox|[from] item: Leftovers
|-damage|p2a: Mr. Sandman|88/100 tox|[from] psn
|upkeep
|turn|6
|
|t:|1668174859
|-curestatus|p1a: 你可曾注意到，阴谋得逞者在狞笑|par|[from] ability: Natural Cure
|switch|p1a: 你有没有听到，孩子们的悲鸣？|Slowbro, F|100/100
|-damage|p1a: 你有没有听到，孩子们的悲鸣？|88/100|[from] Stealth Rock
|move|p2a: Mr. Sandman|Earthquake|p1a: 你有没有听到，孩子们的悲鸣？
|-damage|p1a: 你有没有听到，孩子们的悲鸣？|67/100
|
|-heal|p1a: 你有没有听到，孩子们的悲鸣？|100/100|[from] move: Wish|[wisher] 你可曾注意到，阴谋得逞者在狞笑
|-activate|p2a: Mr. Sandman|ability: Shed Skin
|-curestatus|p2a: Mr. Sandman|tox|[msg]
|-heal|p2a: Mr. Sandman|94/100|[from] item: Leftovers
|upkeep
|turn|7
|
|t:|1668174872
|switch|p2a: Primarina|Primarina, F|100/100
|move|p1a: 你有没有听到，孩子们的悲鸣？|Future Sight|p2a: Primarina
|-start|p1a: 你有没有听到，孩子们的悲鸣？|move: Future Sight
|
|upkeep
|turn|8
|
|t:|1668174878
|switch|p1a: 你可曾注意到，阴谋得逞者在狞笑|Blissey, F, shiny|100/100
|-damage|p1a: 你可曾注意到，阴谋得逞者在狞笑|88/100|[from] Stealth Rock
|move|p2a: Primarina|Moonblast|p1a: 你可曾注意到，阴谋得逞者在狞笑
|-damage|p1a: 你可曾注意到，阴谋得逞者在狞笑|67/100
|
|-heal|p1a: 你可曾注意到，阴谋得逞者在狞笑|73/100|[from] item: Leftovers
|upkeep
|turn|9
|
|t:|1668174884
|move|p2a: Primarina|Flip Turn|p1a: 你可曾注意到，阴谋得逞者在狞笑
|-damage|p1a: 你可曾注意到，阴谋得逞者在狞笑|62/100
|
|t:|1668174886
|switch|p2a: Melmetal|Melmetal|100/100|[from]move: Flip Turn
|move|p1a: 你可曾注意到，阴谋得逞者在狞笑|Toxic|p2a: Melmetal
|-immune|p2a: Melmetal
|
|-end|p2a: Melmetal|move: Future Sight
|-resisted|p2a: Melmetal
|-damage|p2a: Melmetal|80/100
|-heal|p1a: 你可曾注意到，阴谋得逞者在狞笑|68/100|[from] item: Leftovers
|upkeep
|turn|10
|
|t:|1668174894
|switch|p1a: 你有没有听到，孩子们的悲鸣？|Slowbro, F|100/100
|-damage|p1a: 你有没有听到，孩子们的悲鸣？|88/100|[from] Stealth Rock
|move|p2a: Melmetal|Thunder Wave|p1a: 你有没有听到，孩子们的悲鸣？
|-status|p1a: 你有没有听到，孩子们的悲鸣？|par
|
|upkeep
|turn|11
|
|t:|1668174899
|move|p2a: Melmetal|Double Iron Bash|p1a: 你有没有听到，孩子们的悲鸣？
|-resisted|p1a: 你有没有听到，孩子们的悲鸣？
|-damage|p1a: 你有没有听到，孩子们的悲鸣？|75/100 par
|-resisted|p1a: 你有没有听到，孩子们的悲鸣？
|-damage|p1a: 你有没有听到，孩子们的悲鸣？|61/100 par
|-hitcount|p1a: 你有没有听到，孩子们的悲鸣？|2
|move|p1a: 你有没有听到，孩子们的悲鸣？|Teleport|p1a: 你有没有听到，孩子们的悲鸣？
|
|t:|1668174902
|switch|p1a: 你是否感受到，城市在分崩离析|Heatran, M, shiny|100/100|[from]move: Teleport
|-damage|p1a: 你是否感受到，城市在分崩离析|88/100|[from] Stealth Rock
|
|-heal|p1a: 你是否感受到，城市在分崩离析|94/100|[from] item: Leftovers
|upkeep
|turn|12
|
|t:|1668174907
|switch|p1a: 朋友不再是朋友，家园不再是家园|Landorus-Therian, M, shiny|100/100
|-damage|p1a: 朋友不再是朋友，家园不再是家园|88/100|[from] Stealth Rock
|-ability|p1a: 朋友不再是朋友，家园不再是家园|Intimidate|boost
|-unboost|p2a: Melmetal|atk|1
|switch|p2a: Primarina|Primarina, F|100/100
|
|-heal|p1a: 朋友不再是朋友，家园不再是家园|94/100|[from] item: Leftovers
|upkeep
|turn|13
|
|t:|1668174912
|move|p1a: 朋友不再是朋友，家园不再是家园|U-turn|p2a: Primarina
|-resisted|p2a: Primarina
|-damage|p2a: Primarina|87/100
|
|t:|1668174914
|switch|p1a: 你可曾注意到，阴谋得逞者在狞笑|Blissey, F, shiny|68/100|[from]move: U-turn
|-damage|p1a: 你可曾注意到，阴谋得逞者在狞笑|55/100|[from] Stealth Rock
|move|p2a: Primarina|Surf|p1a: 你可曾注意到，阴谋得逞者在狞笑
|-damage|p1a: 你可曾注意到，阴谋得逞者在狞笑|38/100
|
|-heal|p1a: 你可曾注意到，阴谋得逞者在狞笑|44/100|[from] item: Leftovers
|upkeep
|turn|14
|
|t:|1668174918
|move|p2a: Primarina|Flip Turn|p1a: 你可曾注意到，阴谋得逞者在狞笑
|-damage|p1a: 你可曾注意到，阴谋得逞者在狞笑|31/100
|
|t:|1668174926
|switch|p2a: Melmetal|Melmetal|80/100|[from]move: Flip Turn
|move|p1a: 你可曾注意到，阴谋得逞者在狞笑|Soft-Boiled|p1a: 你可曾注意到，阴谋得逞者在狞笑
|-heal|p1a: 你可曾注意到，阴谋得逞者在狞笑|81/100
|
|-heal|p1a: 你可曾注意到，阴谋得逞者在狞笑|88/100|[from] item: Leftovers
|upkeep
|turn|15
|
|t:|1668174930
|switch|p1a: 你有没有听到，孩子们的悲鸣？|Slowbro, F|94/100 par
|-damage|p1a: 你有没有听到，孩子们的悲鸣？|82/100 par|[from] Stealth Rock
|move|p2a: Melmetal|Double Iron Bash|p1a: 你有没有听到，孩子们的悲鸣？
|-resisted|p1a: 你有没有听到，孩子们的悲鸣？
|-damage|p1a: 你有没有听到，孩子们的悲鸣？|68/100 par
|-resisted|p1a: 你有没有听到，孩子们的悲鸣？
|-damage|p1a: 你有没有听到，孩子们的悲鸣？|56/100 par
|-hitcount|p1a: 你有没有听到，孩子们的悲鸣？|2
|
|upkeep
|turn|16
|
|t:|1668174935
|move|p2a: Melmetal|Thunder Punch|p1a: 你有没有听到，孩子们的悲鸣？
|-supereffective|p1a: 你有没有听到，孩子们的悲鸣？
|-damage|p1a: 你有没有听到，孩子们的悲鸣？|11/100 par
|move|p1a: 你有没有听到，孩子们的悲鸣？|Teleport|p1a: 你有没有听到，孩子们的悲鸣？
|
|t:|1668174939
|switch|p1a: 朋友不再是朋友，家园不再是家园|Landorus-Therian, M, shiny|94/100|[from]move: Teleport
|-damage|p1a: 朋友不再是朋友，家园不再是家园|82/100|[from] Stealth Rock
|-ability|p1a: 朋友不再是朋友，家园不再是家园|Intimidate|boost
|-unboost|p2a: Melmetal|atk|1
|
|-heal|p1a: 朋友不再是朋友，家园不再是家园|88/100|[from] item: Leftovers
|upkeep
|turn|17
|
|t:|1668174943
|switch|p2a: Mr. Sandman|Sandaconda, M|94/100
|move|p1a: 朋友不再是朋友，家园不再是家园|Defog|p2a: Mr. Sandman
|-unboost|p2a: Mr. Sandman|evasion|1
|-sideend|p1: SiriCelebi爱门|Stealth Rock|[from] move: Defog|[of] p1a: 朋友不再是朋友，家园不再是家园
|
|-heal|p1a: 朋友不再是朋友，家园不再是家园|94/100|[from] item: Leftovers
|-heal|p2a: Mr. Sandman|100/100|[from] item: Leftovers
|upkeep
|turn|18
|
|t:|1668174948
|move|p1a: 朋友不再是朋友，家园不再是家园|U-turn|p2a: Mr. Sandman
|-damage|p2a: Mr. Sandman|83/100
|
|t:|1668174949
|switch|p1a: 你有没有听到，孩子们的悲鸣？|Slowbro, F|44/100 par|[from]move: U-turn
|move|p2a: Mr. Sandman|Glare|p1a: 你有没有听到，孩子们的悲鸣？
|-fail|p1a: 你有没有听到，孩子们的悲鸣？|par
|
|-heal|p2a: Mr. Sandman|89/100|[from] item: Leftovers
|upkeep
|turn|19
|
|t:|1668174952
|move|p2a: Mr. Sandman|Stealth Rock|p1a: 你有没有听到，孩子们的悲鸣？
|-sidestart|p1: SiriCelebi爱门|move: Stealth Rock
|move|p1a: 你有没有听到，孩子们的悲鸣？|Teleport|p1a: 你有没有听到，孩子们的悲鸣？
|
|t:|1668174955
|switch|p1a: 草，谢谢你，爱门|Kartana, shiny|100/100|[from]move: Teleport
|-damage|p1a: 草，谢谢你，爱门|94/100|[from] Stealth Rock
|
|-heal|p2a: Mr. Sandman|95/100|[from] item: Leftovers
|upkeep
|turn|20
|
|t:|1668174958
|switch|p1a: 你是否感受到，城市在分崩离析|Heatran, M, shiny|94/100
|-damage|p1a: 你是否感受到，城市在分崩离析|82/100|[from] Stealth Rock
|switch|p2a: Zapdos|Zapdos|100/100
|
|-heal|p1a: 你是否感受到，城市在分崩离析|88/100|[from] item: Leftovers
|upkeep
|turn|21
|
|t:|1668174960
|move|p1a: 你是否感受到，城市在分崩离析|Stealth Rock|p2a: Zapdos
|-sidestart|p2: BillionthLadderAlt|move: Stealth Rock
|move|p2a: Zapdos|Volt Switch|p1a: 你是否感受到，城市在分崩离析
|-damage|p1a: 你是否感受到，城市在分崩离析|64/100
|
|t:|1668174964
|switch|p2a: Primarina|Primarina, F|87/100|[from]move: Volt Switch
|-damage|p2a: Primarina|75/100|[from] Stealth Rock
|
|-heal|p1a: 你是否感受到，城市在分崩离析|70/100|[from] item: Leftovers
|upkeep
|turn|22
|
|t:|1668174968
|switch|p1a: 你可曾注意到，阴谋得逞者在狞笑|Blissey, F, shiny|88/100
|-damage|p1a: 你可曾注意到，阴谋得逞者在狞笑|75/100|[from] Stealth Rock
|move|p2a: Primarina|Flip Turn|p1a: 你可曾注意到，阴谋得逞者在狞笑
|-damage|p1a: 你可曾注意到，阴谋得逞者在狞笑|62/100
|
|t:|1668174971
|switch|p2a: Melmetal|Melmetal|80/100|[from]move: Flip Turn
|-damage|p2a: Melmetal|74/100|[from] Stealth Rock
|
|-heal|p1a: 你可曾注意到，阴谋得逞者在狞笑|68/100|[from] item: Leftovers
|upkeep
|turn|23
|
|t:|1668174977
|switch|p1a: 朋友不再是朋友，家园不再是家园|Landorus-Therian, M, shiny|94/100
|-damage|p1a: 朋友不再是朋友，家园不再是家园|82/100|[from] Stealth Rock
|-ability|p1a: 朋友不再是朋友，家园不再是家园|Intimidate|boost
|-unboost|p2a: Melmetal|atk|1
|move|p2a: Melmetal|Thunder Punch|p1a: 朋友不再是朋友，家园不再是家园
|-immune|p1a: 朋友不再是朋友，家园不再是家园
|
|-heal|p1a: 朋友不再是朋友，家园不再是家园|88/100|[from] item: Leftovers
|upkeep
|turn|24
|
|t:|1668174986
|switch|p2a: Zapdos|Zapdos|100/100
|-damage|p2a: Zapdos|76/100|[from] Stealth Rock
|move|p1a: 朋友不再是朋友，家园不再是家园|U-turn|p2a: Zapdos
|-resisted|p2a: Zapdos
|-damage|p2a: Zapdos|68/100
|-status|p1a: 朋友不再是朋友，家园不再是家园|par|[from] ability: Static|[of] p2a: Zapdos
|
|t:|1668174988
|switch|p1a: 你是否感受到，城市在分崩离析|Heatran, M, shiny|70/100|[from]move: U-turn
|-damage|p1a: 你是否感受到，城市在分崩离析|58/100|[from] Stealth Rock
|
|-heal|p1a: 你是否感受到，城市在分崩离析|64/100|[from] item: Leftovers
|upkeep
|turn|25
|
|t:|1668174997
|move|p1a: 你是否感受到，城市在分崩离析|Magma Storm|p2a: Zapdos
|-damage|p2a: Zapdos|25/100
|-activate|p2a: Zapdos|move: Magma Storm|[of] p1a: 你是否感受到，城市在分崩离析
|move|p2a: Zapdos|Roost|p2a: Zapdos
|-heal|p2a: Zapdos|75/100
|-singleturn|p2a: Zapdos|move: Roost
|
|-heal|p1a: 你是否感受到，城市在分崩离析|70/100|[from] item: Leftovers
|-damage|p2a: Zapdos|62/100|[from] move: Magma Storm|[partiallytrapped]
|upkeep
|turn|26
|
|t:|1668175002
|move|p1a: 你是否感受到，城市在分崩离析|Taunt|p2a: Zapdos
|-start|p2a: Zapdos|move: Taunt
|move|p2a: Zapdos|Volt Switch|p1a: 你是否感受到，城市在分崩离析
|-damage|p1a: 你是否感受到，城市在分崩离析|45/100
|
|t:|1668175009
|switch|p2a: Primarina|Primarina, F|75/100|[from]move: Volt Switch
|-damage|p2a: Primarina|62/100|[from] Stealth Rock
|
|-heal|p1a: 你是否感受到，城市在分崩离析|51/100|[from] item: Leftovers
|upkeep
|turn|27
|
|t:|1668175012
|switch|p1a: 你有没有听到，孩子们的悲鸣？|Slowbro, F|78/100 par
|-damage|p1a: 你有没有听到，孩子们的悲鸣？|65/100 par|[from] Stealth Rock
|move|p2a: Primarina|Surf|p1a: 你有没有听到，孩子们的悲鸣？
|-resisted|p1a: 你有没有听到，孩子们的悲鸣？
|-damage|p1a: 你有没有听到，孩子们的悲鸣？|37/100 par
|
|upkeep
|turn|28
|
|t:|1668175015
|move|p2a: Primarina|Moonblast|p1a: 你有没有听到，孩子们的悲鸣？
|-damage|p1a: 你有没有听到，孩子们的悲鸣？|0 fnt
|faint|p1a: 你有没有听到，孩子们的悲鸣？
|
|upkeep
|
|t:|1668175017
|switch|p1a: 草，谢谢你，爱门|Kartana, shiny|94/100
|-damage|p1a: 草，谢谢你，爱门|88/100|[from] Stealth Rock
|turn|29
|
|t:|1668175029
|move|p1a: 草，谢谢你，爱门|Leaf Blade|p2a: Primarina
|-supereffective|p2a: Primarina
|-damage|p2a: Primarina|0 fnt
|faint|p2a: Primarina
|-ability|p1a: 草，谢谢你，爱门|Beast Boost|boost
|-boost|p1a: 草，谢谢你，爱门|atk|1
|
|upkeep
|
|t:|1668175032
|switch|p2a: Dragapult|Dragapult, F|100/100
|-damage|p2a: Dragapult|88/100|[from] Stealth Rock
|turn|30
|
|t:|1668175036
|switch|p1a: 你可曾注意到，阴谋得逞者在狞笑|Blissey, F, shiny|68/100
|-damage|p1a: 你可曾注意到，阴谋得逞者在狞笑|55/100|[from] Stealth Rock
|move|p2a: Dragapult|U-turn|p1a: 你可曾注意到，阴谋得逞者在狞笑
|-damage|p1a: 你可曾注意到，阴谋得逞者在狞笑|41/100
|
|t:|1668175038
|switch|p2a: Melmetal|Melmetal|74/100|[from]move: U-turn
|-damage|p2a: Melmetal|67/100|[from] Stealth Rock
|
|-heal|p1a: 你可曾注意到，阴谋得逞者在狞笑|47/100|[from] item: Leftovers
|upkeep
|turn|31
|
|t:|1668175042
|switch|p1a: 朋友不再是朋友，家园不再是家园|Landorus-Therian, M, shiny|88/100 par
|-damage|p1a: 朋友不再是朋友，家园不再是家园|75/100 par|[from] Stealth Rock
|-ability|p1a: 朋友不再是朋友，家园不再是家园|Intimidate|boost
|-unboost|p2a: Melmetal|atk|1
|move|p2a: Melmetal|Double Iron Bash|p1a: 朋友不再是朋友，家园不再是家园
|-damage|p1a: 朋友不再是朋友，家园不再是家园|48/100 par
|-damage|p1a: 朋友不再是朋友，家园不再是家园|16/100 par
|-hitcount|p1a: 朋友不再是朋友，家园不再是家园|2
|
|-heal|p1a: 朋友不再是朋友，家园不再是家园|22/100 par|[from] item: Leftovers
|upkeep
|turn|32
|
|t:|1668175046
|move|p1a: 朋友不再是朋友，家园不再是家园|Earthquake|p2a: Melmetal
|-supereffective|p2a: Melmetal
|-damage|p2a: Melmetal|6/100
|move|p2a: Melmetal|Double Iron Bash|p1a: 朋友不再是朋友，家园不再是家园
|-damage|p1a: 朋友不再是朋友，家园不再是家园|0 fnt
|faint|p1a: 朋友不再是朋友，家园不再是家园
|-hitcount|p1: 朋友不再是朋友，家园不再是家园|1
|
|upkeep
|
|t:|1668175049
|switch|p1a: 草，谢谢你，爱门|Kartana, shiny|88/100
|-damage|p1a: 草，谢谢你，爱门|82/100|[from] Stealth Rock
|turn|33
|
|t:|1668175052
|move|p1a: 草，谢谢你，爱门|Knock Off|p2a: Melmetal
|-damage|p2a: Melmetal|0 fnt
|-enditem|p2a: Melmetal|Protective Pads|[from] move: Knock Off|[of] p1a: 草，谢谢你，爱门
|faint|p2a: Melmetal
|-ability|p1a: 草，谢谢你，爱门|Beast Boost|boost
|-boost|p1a: 草，谢谢你，爱门|atk|1
|
|upkeep
|
|t:|1668175053
|switch|p2a: Dragapult|Dragapult, F|88/100
|-damage|p2a: Dragapult|76/100|[from] Stealth Rock
|turn|34
|
|t:|1668175061
|move|p2a: Dragapult|Shadow Ball|p1a: 草，谢谢你，爱门
|-damage|p1a: 草，谢谢你，爱门|0 fnt
|faint|p1a: 草，谢谢你，爱门
|
|upkeep
|
|t:|1668175065
|switch|p1a: 你可曾注意到，阴谋得逞者在狞笑|Blissey, F, shiny|47/100
|-damage|p1a: 你可曾注意到，阴谋得逞者在狞笑|34/100|[from] Stealth Rock
|turn|35
|
|t:|1668175072
|switch|p2a: Mr. Sandman|Sandaconda, M|95/100
|-damage|p2a: Mr. Sandman|89/100|[from] Stealth Rock
|move|p1a: 你可曾注意到，阴谋得逞者在狞笑|Soft-Boiled|p1a: 你可曾注意到，阴谋得逞者在狞笑
|-heal|p1a: 你可曾注意到，阴谋得逞者在狞笑|84/100
|
|-heal|p2a: Mr. Sandman|95/100|[from] item: Leftovers
|-heal|p1a: 你可曾注意到，阴谋得逞者在狞笑|91/100|[from] item: Leftovers
|upkeep
|turn|36
|
|t:|1668175077
|move|p2a: Mr. Sandman|Glare|p1a: 你可曾注意到，阴谋得逞者在狞笑
|-status|p1a: 你可曾注意到，阴谋得逞者在狞笑|par
|move|p1a: 你可曾注意到，阴谋得逞者在狞笑|Wish|p1a: 你可曾注意到，阴谋得逞者在狞笑
|
|-heal|p2a: Mr. Sandman|100/100|[from] item: Leftovers
|-heal|p1a: 你可曾注意到，阴谋得逞者在狞笑|97/100 par|[from] item: Leftovers
|upkeep
|turn|37
|
|t:|1668175083
|move|p2a: Mr. Sandman|Glare|p1a: 你可曾注意到，阴谋得逞者在狞笑
|-fail|p1a: 你可曾注意到，阴谋得逞者在狞笑|par
|move|p1a: 你可曾注意到，阴谋得逞者在狞笑|Toxic|p2a: Mr. Sandman
|-status|p2a: Mr. Sandman|tox
|
|-heal|p1a: 你可曾注意到，阴谋得逞者在狞笑|100/100 par|[from] move: Wish|[wisher] 你可曾注意到，阴谋得逞者在狞笑
|-activate|p2a: Mr. Sandman|ability: Shed Skin
|-curestatus|p2a: Mr. Sandman|tox|[msg]
|upkeep
|turn|38
|
|t:|1668175090
|move|p2a: Mr. Sandman|Earthquake|p1a: 你可曾注意到，阴谋得逞者在狞笑
|-damage|p1a: 你可曾注意到，阴谋得逞者在狞笑|66/100 par
|move|p1a: 你可曾注意到，阴谋得逞者在狞笑|Toxic|p2a: Mr. Sandman
|-status|p2a: Mr. Sandman|tox
|
|-activate|p2a: Mr. Sandman|ability: Shed Skin
|-curestatus|p2a: Mr. Sandman|tox|[msg]
|-heal|p1a: 你可曾注意到，阴谋得逞者在狞笑|72/100 par|[from] item: Leftovers
|upkeep
|turn|39
|
|t:|1668175114
|switch|p2a: Zapdos|Zapdos|62/100
|-damage|p2a: Zapdos|38/100|[from] Stealth Rock
|move|p1a: 你可曾注意到，阴谋得逞者在狞笑|Soft-Boiled|p1a: 你可曾注意到，阴谋得逞者在狞笑
|-heal|p1a: 你可曾注意到，阴谋得逞者在狞笑|100/100 par
|
|upkeep
|turn|40
|
|t:|1668175117
|move|p2a: Zapdos|Roost|p2a: Zapdos
|-heal|p2a: Zapdos|88/100
|-singleturn|p2a: Zapdos|move: Roost
|cant|p1a: 你可曾注意到，阴谋得逞者在狞笑|par
|
|upkeep
|turn|41
|
|t:|1668175122
|move|p2a: Zapdos|Volt Switch|p1a: 你可曾注意到，阴谋得逞者在狞笑
|-damage|p1a: 你可曾注意到，阴谋得逞者在狞笑|90/100 par
|
|t:|1668175124
|switch|p2a: Mr. Sandman|Sandaconda, M|100/100|[from]move: Volt Switch
|-damage|p2a: Mr. Sandman|94/100|[from] Stealth Rock
|cant|p1a: 你可曾注意到，阴谋得逞者在狞笑|par
|
|-heal|p2a: Mr. Sandman|100/100|[from] item: Leftovers
|-heal|p1a: 你可曾注意到，阴谋得逞者在狞笑|97/100 par|[from] item: Leftovers
|upkeep
|turn|42
|
|t:|1668175129
|move|p2a: Mr. Sandman|Earthquake|p1a: 你可曾注意到，阴谋得逞者在狞笑
|-damage|p1a: 你可曾注意到，阴谋得逞者在狞笑|62/100 par
|cant|p1a: 你可曾注意到，阴谋得逞者在狞笑|par
|
|-heal|p1a: 你可曾注意到，阴谋得逞者在狞笑|69/100 par|[from] item: Leftovers
|upkeep
|turn|43
|
|t:|1668175132
|move|p2a: Mr. Sandman|Earthquake|p1a: 你可曾注意到，阴谋得逞者在狞笑
|-damage|p1a: 你可曾注意到，阴谋得逞者在狞笑|36/100 par
|move|p1a: 你可曾注意到，阴谋得逞者在狞笑|Soft-Boiled|p1a: 你可曾注意到，阴谋得逞者在狞笑
|-heal|p1a: 你可曾注意到，阴谋得逞者在狞笑|86/100 par
|
|-heal|p1a: 你可曾注意到，阴谋得逞者在狞笑|92/100 par|[from] item: Leftovers
|upkeep
|turn|44
|
|t:|1668175139
|move|p2a: Mr. Sandman|Earthquake|p1a: 你可曾注意到，阴谋得逞者在狞笑
|-damage|p1a: 你可曾注意到，阴谋得逞者在狞笑|63/100 par
|move|p1a: 你可曾注意到，阴谋得逞者在狞笑|Wish|p1a: 你可曾注意到，阴谋得逞者在狞笑
|
|-heal|p1a: 你可曾注意到，阴谋得逞者在狞笑|70/100 par|[from] item: Leftovers
|upkeep
|turn|45
|
|t:|1668175145
|move|p2a: Mr. Sandman|Stealth Rock||[still]
|-fail|p2a: Mr. Sandman
|move|p1a: 你可曾注意到，阴谋得逞者在狞笑|Toxic|p2a: Mr. Sandman
|-status|p2a: Mr. Sandman|tox
|
|-heal|p1a: 你可曾注意到，阴谋得逞者在狞笑|100/100 par|[from] move: Wish|[wisher] 你可曾注意到，阴谋得逞者在狞笑
|-activate|p2a: Mr. Sandman|ability: Shed Skin
|-curestatus|p2a: Mr. Sandman|tox|[msg]
|upkeep
|turn|46
|
|t:|1668175154
|move|p2a: Mr. Sandman|Earthquake|p1a: 你可曾注意到，阴谋得逞者在狞笑
|-damage|p1a: 你可曾注意到，阴谋得逞者在狞笑|69/100 par
|move|p1a: 你可曾注意到，阴谋得逞者在狞笑|Seismic Toss|p2a: Mr. Sandman
|-damage|p2a: Mr. Sandman|72/100
|
|-heal|p2a: Mr. Sandman|78/100|[from] item: Leftovers
|-heal|p1a: 你可曾注意到，阴谋得逞者在狞笑|75/100 par|[from] item: Leftovers
|upkeep
|turn|47
|
|t:|1668175160
|switch|p2a: Weavile|Weavile, M|100/100
|-ability|p2a: Weavile|Pressure
|move|p1a: 你可曾注意到，阴谋得逞者在狞笑|Wish|p1a: 你可曾注意到，阴谋得逞者在狞笑
|
|-heal|p1a: 你可曾注意到，阴谋得逞者在狞笑|81/100 par|[from] item: Leftovers
|upkeep
|turn|48
|
|t:|1668175167
|move|p2a: Weavile|Swords Dance|p2a: Weavile
|-boost|p2a: Weavile|atk|2
|move|p1a: 你可曾注意到，阴谋得逞者在狞笑|Toxic|p2a: Weavile
|-status|p2a: Weavile|tox
|
|-heal|p1a: 你可曾注意到，阴谋得逞者在狞笑|100/100 par|[from] move: Wish|[wisher] 你可曾注意到，阴谋得逞者在狞笑
|-damage|p2a: Weavile|94/100 tox|[from] psn
|upkeep
|turn|49
|
|t:|1668175175
|move|p2a: Weavile|Knock Off|p1a: 你可曾注意到，阴谋得逞者在狞笑
|-damage|p1a: 你可曾注意到，阴谋得逞者在狞笑|24/100 par
|-enditem|p1a: 你可曾注意到，阴谋得逞者在狞笑|Leftovers|[from] move: Knock Off|[of] p2a: Weavile
|move|p1a: 你可曾注意到，阴谋得逞者在狞笑|Soft-Boiled|p1a: 你可曾注意到，阴谋得逞者在狞笑
|-heal|p1a: 你可曾注意到，阴谋得逞者在狞笑|74/100 par
|
|-damage|p2a: Weavile|82/100 tox|[from] psn
|upkeep
|turn|50
|
|t:|1668175180
|move|p2a: Weavile|Triple Axel|p1a: 你可曾注意到，阴谋得逞者在狞笑
|-damage|p1a: 你可曾注意到，阴谋得逞者在狞笑|58/100 par
|-damage|p1a: 你可曾注意到，阴谋得逞者在狞笑|25/100 par
|-damage|p1a: 你可曾注意到，阴谋得逞者在狞笑|0 fnt
|faint|p1a: 你可曾注意到，阴谋得逞者在狞笑
|-hitcount|p1: 你可曾注意到，阴谋得逞者在狞笑|3
|
|-damage|p2a: Weavile|64/100 tox|[from] psn
|upkeep
|
|t:|1668175183
|switch|p1a: 这是我烤的甜甜花酿姬|Zapdos-Galar, shiny|100/100
|-damage|p1a: 这是我烤的甜甜花酿姬|88/100|[from] Stealth Rock
|turn|51
|
|t:|1668175187
|move|p1a: 这是我烤的甜甜花酿姬|U-turn|p2a: Weavile
|-supereffective|p2a: Weavile
|-damage|p2a: Weavile|0 fnt
|faint|p2a: Weavile
|
|t:|1668175189
|switch|p1a: 你是否感受到，城市在分崩离析|Heatran, M, shiny|51/100|[from]move: U-turn
|-damage|p1a: 你是否感受到，城市在分崩离析|39/100|[from] Stealth Rock
|
|-heal|p1a: 你是否感受到，城市在分崩离析|45/100|[from] item: Leftovers
|upkeep
|
|t:|1668175191
|switch|p2a: Mr. Sandman|Sandaconda, M|78/100
|-damage|p2a: Mr. Sandman|72/100|[from] Stealth Rock
|turn|52
|
|t:|1668175196
|move|p1a: 你是否感受到，城市在分崩离析|Magma Storm|p2a: Mr. Sandman|[miss]
|-miss|p1a: 你是否感受到，城市在分崩离析|p2a: Mr. Sandman
|move|p2a: Mr. Sandman|Glare|p1a: 你是否感受到，城市在分崩离析
|-status|p1a: 你是否感受到，城市在分崩离析|par
|
|-heal|p2a: Mr. Sandman|78/100|[from] item: Leftovers
|-heal|p1a: 你是否感受到，城市在分崩离析|51/100 par|[from] item: Leftovers
|upkeep
|turn|53
|
|t:|1668175199
|move|p2a: Mr. Sandman|Earthquake|p1a: 你是否感受到，城市在分崩离析
|-supereffective|p1a: 你是否感受到，城市在分崩离析
|-damage|p1a: 你是否感受到，城市在分崩离析|0 fnt
|faint|p1a: 你是否感受到，城市在分崩离析
|
|-heal|p2a: Mr. Sandman|84/100|[from] item: Leftovers
|upkeep
|
|t:|1668175201
|switch|p1a: 这是我烤的甜甜花酿姬|Zapdos-Galar, shiny|88/100
|-damage|p1a: 这是我烤的甜甜花酿姬|76/100|[from] Stealth Rock
|turn|54
|
|t:|1668175203
|move|p1a: 这是我烤的甜甜花酿姬|Brave Bird|p2a: Mr. Sandman
|-damage|p2a: Mr. Sandman|34/100
|-damage|p1a: 这是我烤的甜甜花酿姬|58/100|[from] Recoil
|move|p2a: Mr. Sandman|Glare|p1a: 这是我烤的甜甜花酿姬
|-status|p1a: 这是我烤的甜甜花酿姬|par
|
|-heal|p2a: Mr. Sandman|40/100|[from] item: Leftovers
|upkeep
|turn|55
|-message|SiriCelebi爱门 forfeited.
|
|win|BillionthLadderAlt
|raw|SiriCelebi爱门's rating: 1663 &rarr; <strong>1646</strong><br />(-17 for losing)
|raw|BillionthLadderAlt's rating: 1722 &rarr; <strong>1739</strong><br />(+17 for winning)
|l|☆SiriCelebi爱门
|c|☆BillionthLadderAlt|gg
