|html|<div class="broadcast-blue"><strong>[Gen 8] OU is currently suspecting Kyurem! For information on how to participate check out the <a href="https://www.smogon.com/forums/threads/np-ss-ou-suspect-process-round-11-break-the-ice.3694129/">suspect thread</a>.</strong></div>
|j|☆justatest123
|j|☆NeoNaruto®++
|t:|1639289144
|gametype|singles
|player|p1|justatest123|backpacker|1693
|player|p2|NeoNaruto®++|medium|1817
|teamsize|p1|6
|teamsize|p2|6
|gen|8
|tier|[Gen 8] OU
|rated|
|rule|Sleep Clause Mod: Limit one foe put to sleep
|rule|Species Clause: Limit one of each Pokémon
|rule|OHKO Clause: OHKO moves are banned
|rule|Evasion Moves Clause: Evasion moves are banned
|rule|Endless Battle Clause: Forcing endless battles is banned
|rule|HP Percentage Mod: HP is shown in percentages
|rule|Dynamax Clause: You cannot dynamax
|clearpoke
|poke|p1|Zeraora|
|poke|p1|Urshifu-*, F|
|poke|p1|Kyurem|
|poke|p1|Slowking-Galar, M|
|poke|p1|Corviknight, M|
|poke|p1|Hippowdon, F|
|poke|p2|Landorus-Therian, M|
|poke|p2|Slowbro, F|
|poke|p2|Tapu Koko|
|poke|p2|Dragonite, F|
|poke|p2|Darmanitan, F|
|poke|p2|Tyranitar, M|
|teampreview
|inactive|Battle timer is ON: inactive players will automatically lose when time's up. (requested by NeoNaruto®++)
|
|t:|1639289162
|start
|switch|p1a: Kyurem|Kyurem|100/100
|switch|p2a: Bernie Landers|Landorus-Therian, M|100/100
|-ability|p1a: Kyurem|Pressure
|-ability|p2a: Bernie Landers|Intimidate|boost
|-unboost|p1a: Kyurem|atk|1
|turn|1
|
|t:|1639289171
|switch|p2a: VODECi|Tyranitar, M|100/100
|-weather|Sandstorm|[from] ability: Sand Stream|[of] p2a: VODECi
|move|p1a: Kyurem|Focus Blast|p2a: VODECi
|-supereffective|p2a: VODECi
|-crit|p2a: VODECi
|-damage|p2a: VODECi|0 fnt
|faint|p2a: VODECi
|
|-weather|Sandstorm|[upkeep]
|-damage|p1a: Kyurem|94/100|[from] Sandstorm
|upkeep
|
|t:|1639289175
|switch|p2a: Tapu Koko|Tapu Koko|100/100
|-fieldstart|move: Electric Terrain|[from] ability: Electric Surge|[of] p2a: Tapu Koko
|turn|2
|
|t:|1639289179
|switch|p1a: Hippowdon|Hippowdon, F|100/100
|move|p2a: Tapu Koko|Volt Switch|p1a: Hippowdon
|-immune|p1a: Hippowdon
|
|-weather|Sandstorm|[upkeep]
|-damage|p2a: Tapu Koko|94/100|[from] Sandstorm
|upkeep
|turn|3
|
|t:|1639289182
|switch|p2a: Bernie Landers|Landorus-Therian, M|100/100
|-ability|p2a: Bernie Landers|Intimidate|boost
|-unboost|p1a: Hippowdon|atk|1
|move|p1a: Hippowdon|Stealth Rock|p2a: Bernie Landers
|-sidestart|p2: NeoNaruto®++|move: Stealth Rock
|
|-weather|Sandstorm|[upkeep]
|upkeep
|turn|4
|
|t:|1639289187
|switch|p1a: Kyurem|Kyurem|94/100
|-ability|p1a: Kyurem|Pressure
|move|p2a: Bernie Landers|Stealth Rock|p1a: Kyurem
|-sidestart|p1: justatest123|move: Stealth Rock
|
|-weather|Sandstorm|[upkeep]
|-damage|p1a: Kyurem|88/100|[from] Sandstorm
|upkeep
|turn|5
|
|t:|1639289196
|move|p1a: Kyurem|Freeze-Dry|p2a: Bernie Landers
|-supereffective|p2a: Bernie Landers
|-damage|p2a: Bernie Landers|0 fnt
|faint|p2a: Bernie Landers
|
|-weather|none
|upkeep
|
|t:|1639289197
|switch|p2a: Tapu Koko|Tapu Koko|94/100
|-damage|p2a: Tapu Koko|82/100|[from] Stealth Rock
|turn|6
|
|t:|1639289206
|switch|p2a: PURRP FOR SALE|Darmanitan, F|100/100
|-damage|p2a: PURRP FOR SALE|76/100|[from] Stealth Rock
|switch|p1a: Hippowdon|Hippowdon, F|100/100
|-damage|p1a: Hippowdon|94/100|[from] Stealth Rock
|-weather|Sandstorm|[from] ability: Sand Stream|[of] p1a: Hippowdon
|
|-weather|Sandstorm|[upkeep]
|-damage|p2a: PURRP FOR SALE|70/100|[from] Sandstorm
|-heal|p1a: Hippowdon|100/100|[from] item: Leftovers
|-fieldend|move: Electric Terrain
|upkeep
|turn|7
|
|t:|1639289225
|move|p2a: PURRP FOR SALE|Flare Blitz|p1a: Hippowdon
|-damage|p1a: Hippowdon|4/100
|-damage|p2a: PURRP FOR SALE|32/100|[from] Recoil
|move|p1a: Hippowdon|Earthquake|p2a: PURRP FOR SALE
|-supereffective|p2a: PURRP FOR SALE
|-damage|p2a: PURRP FOR SALE|0 fnt
|faint|p2a: PURRP FOR SALE
|
|-weather|Sandstorm|[upkeep]
|-heal|p1a: Hippowdon|10/100|[from] item: Leftovers
|upkeep
|
|t:|1639289231
|switch|p2a: spvceghvstpvrrp|Slowbro, F, shiny|100/100
|-damage|p2a: spvceghvstpvrrp|88/100|[from] Stealth Rock
|turn|8
|
|t:|1639289235
|move|p1a: Hippowdon|Slack Off|p1a: Hippowdon
|-heal|p1a: Hippowdon|60/100
|move|p2a: spvceghvstpvrrp|Scald|p1a: Hippowdon
|-supereffective|p1a: Hippowdon
|-damage|p1a: Hippowdon|17/100
|
|-weather|Sandstorm|[upkeep]
|-damage|p2a: spvceghvstpvrrp|82/100|[from] Sandstorm
|-heal|p1a: Hippowdon|23/100|[from] item: Leftovers
|upkeep
|turn|9
|
|t:|1639289240
|move|p1a: Hippowdon|Slack Off|p1a: Hippowdon
|-heal|p1a: Hippowdon|73/100
|move|p2a: spvceghvstpvrrp|Scald|p1a: Hippowdon
|-supereffective|p1a: Hippowdon
|-damage|p1a: Hippowdon|29/100
|-status|p1a: Hippowdon|brn
|
|-weather|Sandstorm|[upkeep]
|-damage|p2a: spvceghvstpvrrp|76/100|[from] Sandstorm
|-heal|p1a: Hippowdon|35/100 brn|[from] item: Leftovers
|-damage|p1a: Hippowdon|29/100 brn|[from] brn
|upkeep
|turn|10
|
|t:|1639289242
|move|p1a: Hippowdon|Slack Off|p1a: Hippowdon
|-heal|p1a: Hippowdon|79/100 brn
|move|p2a: spvceghvstpvrrp|Future Sight|p1a: Hippowdon
|-start|p2a: spvceghvstpvrrp|move: Future Sight
|
|-weather|none
|-heal|p1a: Hippowdon|85/100 brn|[from] item: Leftovers
|-damage|p1a: Hippowdon|79/100 brn|[from] brn
|upkeep
|turn|11
|j| Yatogami Mikoto
|
|t:|1639289248
|switch|p1a: Slowking|Slowking-Galar, M|100/100
|-damage|p1a: Slowking|88/100|[from] Stealth Rock
|move|p2a: spvceghvstpvrrp|Teleport|p2a: spvceghvstpvrrp
|
|t:|1639289252
|switch|p2a: Fat Charizard|Dragonite, F, shiny|100/100|[from]move: Teleport
|
|upkeep
|turn|12
|-message|NeoNaruto®++ forfeited.
|
|win|justatest123
|raw|justatest123's rating: 1693 &rarr; <strong>1720</strong><br />(+27 for winning)
|raw|NeoNaruto®++'s rating: 1817 &rarr; <strong>1790</strong><br />(-27 for losing)
|l|☆NeoNaruto®++
