|j|☆tough shit
|j|☆30orless
|t:|1667597907
|gametype|singles
|player|p1|tough shit|shadowtriad|1798
|player|p2|30orless|266|1770
|teamsize|p1|6
|teamsize|p2|6
|gen|8
|tier|[Gen 8] OU
|rated|
|rule|Sleep Clause Mod: Limit one foe put to sleep
|rule|Species Clause: Limit one of each Pokémon
|rule|OHKO Clause: OHKO moves are banned
|rule|Evasion Items Clause: Evasion items are banned
|rule|Evasion Moves Clause: Evasion moves are banned
|rule|Endless Battle Clause: Forcing endless battles is banned
|rule|HP Percentage Mod: HP is shown in percentages
|rule|Dynamax Clause: You cannot dynamax
|clearpoke
|poke|p1|Mew|
|poke|p1|Bisharp, F|
|poke|p1|Volcarona, F|
|poke|p1|Landorus-Therian, M|
|poke|p1|Tapu Fini|
|poke|p1|Dragapult, M|
|poke|p2|Moltres|
|poke|p2|Hydreigon, F|
|poke|p2|Blaziken, M|
|poke|p2|Volcanion|
|poke|p2|Zapdos|
|poke|p2|Mamoswine, M|
|teampreview
|inactive|Battle timer is ON: inactive players will automatically lose when time's up. (requested by 30orless)
|
|t:|1667597912
|start
|switch|p1a: Mew|Mew|100/100
|switch|p2a: Hydreigon|Hydreigon, F|100/100
|turn|1
|
|t:|1667597915
|move|p2a: Hydreigon|Dark Pulse|p1a: Mew
|-supereffective|p1a: Mew
|-enditem|p1a: Mew|Colbur Berry|[eat]
|-enditem|p1a: Mew|Colbur Berry|[weaken]
|-damage|p1a: Mew|67/100
|cant|p1a: Mew|flinch
|
|upkeep
|turn|2
|
|t:|1667597918
|move|p2a: Hydreigon|Dark Pulse|p1a: Mew
|-supereffective|p1a: Mew
|-damage|p1a: Mew|0 fnt
|faint|p1a: Mew
|
|upkeep
|
|t:|1667597923
|switch|p1a: Tapu Fini|Tapu Fini|100/100
|-fieldstart|move: Misty Terrain|[from] ability: Misty Surge|[of] p1a: Tapu Fini
|turn|3
|
|t:|1667597926
|switch|p2a: Volcanion|Volcanion|100/100
|switch|p1a: Landorus|Landorus-Therian, M|100/100
|-ability|p1a: Landorus|Intimidate|boost
|-unboost|p2a: Volcanion|atk|1
|
|upkeep
|turn|4
|
|t:|1667597927
|move|p1a: Landorus|Swords Dance|p1a: Landorus
|-boost|p1a: Landorus|atk|2
|move|p2a: Volcanion|Steam Eruption|p1a: Landorus
|-supereffective|p1a: Landorus
|-damage|p1a: Landorus|0 fnt
|faint|p1a: Landorus
|
|upkeep
|
|t:|1667597931
|switch|p1a: Dragapult|Dragapult, M|100/100
|turn|5
|
|t:|1667597934
|move|p1a: Dragapult|Dragon Dance|p1a: Dragapult
|-boost|p1a: Dragapult|atk|1
|-boost|p1a: Dragapult|spe|1
|move|p2a: Volcanion|Earth Power|p1a: Dragapult
|-damage|p1a: Dragapult|54/100
|
|upkeep
|turn|6
|
|t:|1667597935
|move|p1a: Dragapult|Phantom Force||[still]
|-prepare|p1a: Dragapult|Phantom Force
|move|p2a: Volcanion|Earth Power|p1a: Dragapult|[miss]
|-miss|p2a: Volcanion|p1a: Dragapult
|
|upkeep
|turn|7
|
|t:|1667597937
|move|p1a: Dragapult|Phantom Force|p2a: Volcanion|[from]lockedmove
|-damage|p2a: Volcanion|19/100
|-damage|p1a: Dragapult|44/100|[from] item: Life Orb
|move|p2a: Volcanion|Earth Power|p1a: Dragapult
|-damage|p1a: Dragapult|0 fnt
|faint|p1a: Dragapult
|
|-fieldend|Misty Terrain
|upkeep
|
|t:|1667597943
|switch|p1a: Tapu Fini|Tapu Fini|100/100
|-fieldstart|move: Misty Terrain|[from] ability: Misty Surge|[of] p1a: Tapu Fini
|turn|8
|
|t:|1667597945
|move|p1a: Tapu Fini|Moonblast|p2a: Volcanion
|-resisted|p2a: Volcanion
|-damage|p2a: Volcanion|0 fnt
|faint|p2a: Volcanion
|
|upkeep
|
|t:|1667597950
|switch|p2a: Zapdos|Zapdos|100/100
|turn|9
|
|t:|1667597954
|move|p1a: Tapu Fini|Moonblast|p2a: Zapdos
|-damage|p2a: Zapdos|62/100
|move|p2a: Zapdos|Discharge|p1a: Tapu Fini
|-supereffective|p1a: Tapu Fini
|-crit|p1a: Tapu Fini
|-damage|p1a: Tapu Fini|0 fnt
|faint|p1a: Tapu Fini
|
|upkeep
|
|t:|1667597957
|switch|p1a: Volcarona|Volcarona, F|100/100
|turn|10
|
|t:|1667597960
|switch|p2a: Moltres|Moltres|100/100
|move|p1a: Volcarona|Quiver Dance|p1a: Volcarona
|-boost|p1a: Volcarona|spa|1
|-boost|p1a: Volcarona|spd|1
|-boost|p1a: Volcarona|spe|1
|
|upkeep
|turn|11
|
|t:|1667597966
|move|p1a: Volcarona|Quiver Dance|p1a: Volcarona
|-boost|p1a: Volcarona|spa|1
|-boost|p1a: Volcarona|spd|1
|-boost|p1a: Volcarona|spe|1
|move|p2a: Moltres|Brave Bird|p1a: Volcarona
|-supereffective|p1a: Volcarona
|-damage|p1a: Volcarona|0 fnt
|faint|p1a: Volcarona
|-damage|p2a: Moltres|74/100|[from] Recoil
|
|upkeep
|
|t:|1667597969
|switch|p1a: Bisharp|Bisharp, F|100/100
|turn|12
|c|☆30orless|tough shit
|j| StupidIdiotMe
|
|t:|1667597973
|move|p1a: Bisharp|Swords Dance|p1a: Bisharp
|-boost|p1a: Bisharp|atk|2
|move|p2a: Moltres|Scorching Sands|p1a: Bisharp
|-supereffective|p1a: Bisharp
|-damage|p1a: Bisharp|38/100
|
|-fieldend|Misty Terrain
|upkeep
|turn|13
|
|t:|1667597977
|move|p1a: Bisharp|Sucker Punch|p2a: Moltres
|-damage|p2a: Moltres|0 fnt
|faint|p2a: Moltres
|
|upkeep
|
|t:|1667597980
|switch|p2a: Blaziken|Blaziken, M|100/100
|turn|14
|
|t:|1667597983
|move|p2a: Blaziken|Vacuum Wave|p1a: Bisharp
|-supereffective|p1a: Bisharp
|-crit|p1a: Bisharp
|-damage|p1a: Bisharp|0 fnt
|faint|p1a: Bisharp
|-damage|p2a: Blaziken|91/100|[from] item: Life Orb
|
|win|30orless
|raw|tough shit's rating: 1798 &rarr; <strong>1776</strong><br />(-22 for losing)
|raw|30orless's rating: 1770 &rarr; <strong>1792</strong><br />(+22 for winning)
|l|☆tough shit
|j| ty-tyui↻
|l| ty-tyui↻
