|raw|<div class="broadcast-blue"><strong>This battle is required to be public due to a player having a name starting with 'lt93oq'.</div>
|j|☆Orangesavior
|j|☆LT93OQ Ahsan
|t:|1660771661
|gametype|singles
|player|p1|Orangesavior|silver|1632
|player|p2|LT93OQ Ahsan|furisodegirl-blue|1834
|teamsize|p1|6
|teamsize|p2|6
|gen|8
|tier|[Gen 8] OU
|rated|
|rule|Sleep Clause Mod: Limit one foe put to sleep
|rule|Species Clause: Limit one of each Pokémon
|rule|OHKO Clause: OHKO moves are banned
|rule|Evasion Items Clause: Evasion items are banned
|rule|Evasion Moves Clause: Evasion moves are banned
|rule|Endless Battle Clause: Forcing endless battles is banned
|rule|HP Percentage Mod: HP is shown in percentages
|rule|Dynamax Clause: You cannot dynamax
|clearpoke
|poke|p1|Pelipper, M|
|poke|p1|Barraskewda, F|
|poke|p1|Ferrothorn, M|
|poke|p1|Seismitoad, F|
|poke|p1|Tapu Koko|
|poke|p1|Tornadus-Therian, M|
|poke|p2|Dragapult, M|
|poke|p2|Kartana|
|poke|p2|Volcarona, M|
|poke|p2|Buzzwole|
|poke|p2|Hatterene, F|
|poke|p2|Landorus-Therian, M|
|teampreview
|inactive|Battle timer is ON: inactive players will automatically lose when time's up. (requested by Orangesavior)
|
|t:|1660771670
|start
|switch|p1a: Big Gulp sponsor|Pelipper, M|100/100
|switch|p2a: Dragapult|Dragapult, M|100/100
|-weather|RainDance|[from] ability: Drizzle|[of] p1a: Big Gulp sponsor
|turn|1
|
|t:|1660771694
|move|p2a: Dragapult|Shadow Ball|p1a: Big Gulp sponsor
|-damage|p1a: Big Gulp sponsor|52/100
|-unboost|p1a: Big Gulp sponsor|spd|1
|move|p1a: Big Gulp sponsor|U-turn|p2a: Dragapult
|-resisted|p2a: Dragapult
|-damage|p2a: Dragapult|95/100
|
|t:|1660771698
|switch|p1a: Agent ¥|Seismitoad, F, shiny|100/100|[from]move: U-turn
|
|-weather|RainDance|[upkeep]
|upkeep
|turn|2
|
|t:|1660771709
|move|p1a: Agent ¥|Weather Ball|p2a: Dragapult
|-resisted|p2a: Dragapult
|-crit|p2a: Dragapult
|-damage|p2a: Dragapult|6/100
|-damage|p1a: Agent ¥|91/100|[from] item: Life Orb
|move|p2a: Dragapult|Hydro Pump|p1a: Agent ¥
|-damage|p1a: Agent ¥|32/100
|
|-weather|RainDance|[upkeep]
|upkeep
|turn|3
|
|t:|1660771717
|switch|p2a: Hatterene|Hatterene, F|100/100
|move|p1a: Agent ¥|Weather Ball|p2a: Hatterene
|-damage|p2a: Hatterene|38/100
|-damage|p1a: Agent ¥|22/100|[from] item: Life Orb
|
|-weather|RainDance|[upkeep]
|upkeep
|turn|4
|j| jeanmilapipe
|j| Bushido Black
|inactive|LT93OQ Ahsan has 120 seconds left.
|
|t:|1660771751
|move|p1a: Agent ¥|Weather Ball|p2a: Hatterene
|-damage|p2a: Hatterene|0 fnt
|faint|p2a: Hatterene
|-damage|p1a: Agent ¥|12/100|[from] item: Life Orb
|
|-weather|RainDance|[upkeep]
|upkeep
|inactive|LT93OQ Ahsan has 120 seconds left.
|
|t:|1660771773
|switch|p2a: Buzzwole|Buzzwole|100/100
|turn|5
|
|t:|1660771778
|move|p1a: Agent ¥|Weather Ball|p2a: Buzzwole
|-damage|p2a: Buzzwole|0 fnt
|faint|p2a: Buzzwole
|-damage|p1a: Agent ¥|2/100|[from] item: Life Orb
|
|-weather|RainDance|[upkeep]
|upkeep
|
|t:|1660771790
|switch|p2a: Dragapult|Dragapult, M|6/100
|turn|6
|
|t:|1660771793
|move|p1a: Agent ¥|Weather Ball|p2a: Dragapult
|-resisted|p2a: Dragapult
|-damage|p2a: Dragapult|0 fnt
|faint|p2a: Dragapult
|-damage|p1a: Agent ¥|0 fnt|[from] item: Life Orb
|faint|p1a: Agent ¥
|
|-weather|RainDance|[upkeep]
|upkeep
|
|t:|1660771801
|switch|p2a: Kartana|Kartana|100/100
|switch|p1a: One fish two fish|Barraskewda, F|100/100
|turn|7
|
|t:|1660771805
|switch|p2a: Landorus|Landorus-Therian, M|100/100
|-ability|p2a: Landorus|Intimidate|boost
|-unboost|p1a: One fish two fish|atk|1
|move|p1a: One fish two fish|Flip Turn|p2a: Landorus
|-supereffective|p2a: Landorus
|-damage|p2a: Landorus|0 fnt
|faint|p2a: Landorus
|
|t:|1660771811
|switch|p1a: Lando Black sheep|Tornadus-Therian, M|100/100|[from]move: Flip Turn
|
|-weather|RainDance|[upkeep]
|upkeep
|
|t:|1660771816
|switch|p2a: Kartana|Kartana|100/100
|turn|8
|
|t:|1660771820
|move|p1a: Lando Black sheep|Hurricane|p2a: Kartana
|-damage|p2a: Kartana|0 fnt
|faint|p2a: Kartana
|
|-weather|none
|upkeep
|
|t:|1660771821
|switch|p2a: Volcarona|Volcarona, M|100/100
|turn|9
|
|t:|1660771825
|move|p1a: Lando Black sheep|U-turn|p2a: Volcarona
|-resisted|p2a: Volcarona
|-damage|p2a: Volcarona|89/100
|
|t:|1660771828
|switch|p1a: Big Gulp sponsor|Pelipper, M|52/100|[from]move: U-turn
|-weather|RainDance|[from] ability: Drizzle|[of] p1a: Big Gulp sponsor
|move|p2a: Volcarona|Quiver Dance|p2a: Volcarona
|-boost|p2a: Volcarona|spa|1
|-boost|p2a: Volcarona|spd|1
|-boost|p2a: Volcarona|spe|1
|
|-weather|RainDance|[upkeep]
|upkeep
|turn|10
|c|☆Orangesavior|Gg
|-message|LT93OQ Ahsan forfeited.
|
|win|Orangesavior
|raw|Orangesavior's rating: 1632 &rarr; <strong>1662</strong><br />(+30 for winning)
|raw|LT93OQ Ahsan's rating: 1834 &rarr; <strong>1804</strong><br />(-30 for losing)
|l|☆LT93OQ Ahsan
