|j|☆LT94JEwhyaddicted
|j|☆bramitoboy
|t:|1661161263
|gametype|singles
|player|p1|LT94JEwhyaddicted|102|1885
|player|p2|bramitoboy|265|1945
|teamsize|p1|6
|teamsize|p2|6
|gen|8
|tier|[Gen 8] OU
|rated|
|rule|Sleep Clause Mod: Limit one foe put to sleep
|rule|Species Clause: Limit one of each Pokémon
|rule|OHKO Clause: OHKO moves are banned
|rule|Evasion Items Clause: Evasion items are banned
|rule|Evasion Moves Clause: Evasion moves are banned
|rule|Endless Battle Clause: Forcing endless battles is banned
|rule|HP Percentage Mod: HP is shown in percentages
|rule|Dynamax Clause: You cannot dynamax
|clearpoke
|poke|p1|Slowking-Galar, M|
|poke|p1|Buzzwole|
|poke|p1|Ferrothorn, F|
|poke|p1|Rotom-Wash|
|poke|p1|Landorus-Therian, M|
|poke|p1|Moltres-Galar|
|poke|p2|Zarude-Dada|
|poke|p2|Keldeo-Resolute|
|poke|p2|Tapu Lele|
|poke|p2|Tapu Koko|
|poke|p2|Heatran, F|
|poke|p2|Landorus-Therian, M|
|teampreview
|j| AlIoutdragadarts
|j| morpekod
|l| AlIoutdragadarts
|
|t:|1661161285
|start
|switch|p1a: Landorus|Landorus-Therian, M|100/100
|switch|p2a: Zarude|Zarude-Dada|100/100
|-ability|p1a: Landorus|Intimidate|boost
|-unboost|p2a: Zarude|atk|1
|turn|1
|j| MrToxicSheep
|
|t:|1661161294
|switch|p2a: Landorus|Landorus-Therian, M|100/100
|-ability|p2a: Landorus|Intimidate|boost
|-unboost|p1a: Landorus|atk|1
|move|p1a: Landorus|Knock Off|p2a: Landorus
|-damage|p2a: Landorus|85/100
|-damage|p1a: Landorus|84/100|[from] item: Rocky Helmet|[of] p2a: Landorus
|-enditem|p2a: Landorus|Rocky Helmet|[from] move: Knock Off|[of] p1a: Landorus
|
|-heal|p1a: Landorus|90/100|[from] item: Leftovers
|upkeep
|turn|2
|inactive|Battle timer is ON: inactive players will automatically lose when time's up. (requested by bramitoboy)
|
|t:|1661161302
|switch|p1a: Ferrothorn|Ferrothorn, F|100/100
|move|p2a: Landorus|Knock Off|p1a: Ferrothorn
|-damage|p1a: Ferrothorn|82/100
|-damage|p2a: Landorus|73/100|[from] ability: Iron Barbs|[of] p1a: Ferrothorn
|-enditem|p1a: Ferrothorn|Leftovers|[from] move: Knock Off|[of] p2a: Landorus
|
|upkeep
|turn|3
|
|t:|1661161312
|move|p2a: Landorus|Earthquake|p1a: Ferrothorn
|-damage|p1a: Ferrothorn|53/100
|move|p1a: Ferrothorn|Stealth Rock|p2a: Landorus
|-sidestart|p2: bramitoboy|move: Stealth Rock
|
|upkeep
|turn|4
|
|t:|1661161318
|switch|p2a: Zarude|Zarude-Dada|100/100
|-damage|p2a: Zarude|88/100|[from] Stealth Rock
|move|p1a: Ferrothorn|Leech Seed|p2a: Zarude
|-immune|p2a: Zarude
|
|upkeep
|turn|5
|
|t:|1661161324
|switch|p2a: Tapu Lele|Tapu Lele|100/100
|-damage|p2a: Tapu Lele|88/100|[from] Stealth Rock
|-fieldstart|move: Psychic Terrain|[from] ability: Psychic Surge|[of] p2a: Tapu Lele
|switch|p1a: Buzzwole|Buzzwole|100/100
|
|upkeep
|turn|6
|
|t:|1661161330
|switch|p1a: Slowking|Slowking-Galar, M|100/100
|move|p2a: Tapu Lele|Psyshock|p1a: Slowking
|-damage|p1a: Slowking|56/100
|
|-heal|p1a: Slowking|62/100|[from] item: Black Sludge
|upkeep
|turn|7
|
|t:|1661161340
|move|p2a: Tapu Lele|Psyshock|p1a: Slowking
|-damage|p1a: Slowking|18/100
|move|p1a: Slowking|Sludge Bomb|p2a: Tapu Lele
|-supereffective|p2a: Tapu Lele
|-damage|p2a: Tapu Lele|35/100
|-status|p2a: Tapu Lele|psn
|
|-heal|p1a: Slowking|24/100|[from] item: Black Sludge
|-damage|p2a: Tapu Lele|22/100 psn|[from] psn
|upkeep
|turn|8
|
|t:|1661161348
|switch|p1a: Ferrothorn|Ferrothorn, F|53/100
|move|p2a: Tapu Lele|Focus Blast|p1a: Ferrothorn
|-supereffective|p1a: Ferrothorn
|-damage|p1a: Ferrothorn|0 fnt
|faint|p1a: Ferrothorn
|
|-damage|p2a: Tapu Lele|10/100 psn|[from] psn
|upkeep
|
|t:|1661161360
|switch|p1a: Buzzwole|Buzzwole|100/100
|turn|9
|
|t:|1661161366
|switch|p2a: Landorus|Landorus-Therian, M|73/100
|-damage|p2a: Landorus|60/100|[from] Stealth Rock
|-ability|p2a: Landorus|Intimidate|boost
|-unboost|p1a: Buzzwole|atk|1
|move|p1a: Buzzwole|Close Combat|p2a: Landorus
|-resisted|p2a: Landorus
|-damage|p2a: Landorus|44/100
|-unboost|p1a: Buzzwole|def|1
|-unboost|p1a: Buzzwole|spd|1
|
|-fieldend|move: Psychic Terrain
|upkeep
|turn|10
|l| MrToxicSheep
|j| anique
|l| anique
|inactive|LT94JEwhyaddicted has 120 seconds left.
|
|t:|1661161398
|switch|p1a: Landorus|Landorus-Therian, M|90/100
|-ability|p1a: Landorus|Intimidate|boost
|-unboost|p2a: Landorus|atk|1
|move|p2a: Landorus|Defog|p1a: Landorus
|-unboost|p1a: Landorus|evasion|1
|-sideend|p2: bramitoboy|Stealth Rock|[from] move: Defog|[of] p2a: Landorus
|
|-heal|p1a: Landorus|96/100|[from] item: Leftovers
|upkeep
|turn|11
|j| Rovecraetove
|
|t:|1661161406
|move|p1a: Landorus|U-turn|p2a: Landorus
|-resisted|p2a: Landorus
|-damage|p2a: Landorus|36/100
|j| A Lucky Guy
|
|t:|1661161408
|switch|p1a: Rotom|Rotom-Wash|100/100|[from]move: U-turn
|move|p2a: Landorus|Knock Off|p1a: Rotom
|-damage|p1a: Rotom|78/100
|-enditem|p1a: Rotom|Leftovers|[from] move: Knock Off|[of] p2a: Landorus
|
|upkeep
|turn|12
|
|t:|1661161412
|switch|p2a: Zarude|Zarude-Dada|88/100
|move|p1a: Rotom|Volt Switch|p2a: Zarude
|-resisted|p2a: Zarude
|-damage|p2a: Zarude|76/100
|
|t:|1661161419
|switch|p1a: Buzzwole|Buzzwole|100/100|[from]move: Volt Switch
|
|upkeep
|turn|13
|
|t:|1661161424
|switch|p2a: Keldeo|Keldeo-Resolute|100/100
|move|p1a: Buzzwole|Close Combat|p2a: Keldeo
|-damage|p2a: Keldeo|30/100
|-unboost|p1a: Buzzwole|def|1
|-unboost|p1a: Buzzwole|spd|1
|
|-heal|p2a: Keldeo|36/100|[from] item: Leftovers
|upkeep
|turn|14
|
|t:|1661161431
|switch|p2a: Landorus|Landorus-Therian, M|36/100
|-ability|p2a: Landorus|Intimidate|boost
|-unboost|p1a: Buzzwole|atk|1
|move|p1a: Buzzwole|Close Combat|p2a: Landorus
|-resisted|p2a: Landorus
|-damage|p2a: Landorus|21/100
|-unboost|p1a: Buzzwole|def|1
|-unboost|p1a: Buzzwole|spd|1
|
|upkeep
|turn|15
|
|t:|1661161439
|switch|p1a: Rotom|Rotom-Wash|78/100
|switch|p2a: Zarude|Zarude-Dada|76/100
|
|upkeep
|turn|16
|
|t:|1661161444
|switch|p1a: Buzzwole|Buzzwole|100/100
|move|p2a: Zarude|Power Whip|p1a: Buzzwole
|-resisted|p1a: Buzzwole
|-damage|p1a: Buzzwole|73/100
|-damage|p2a: Zarude|66/100|[from] item: Life Orb
|
|upkeep
|turn|17
|
|t:|1661161465
|switch|p2a: Tapu Lele|Tapu Lele|10/100 psn
|-fieldstart|move: Psychic Terrain|[from] ability: Psychic Surge|[of] p2a: Tapu Lele
|move|p1a: Buzzwole|Close Combat|p2a: Tapu Lele
|-resisted|p2a: Tapu Lele
|-damage|p2a: Tapu Lele|0 fnt
|-unboost|p1a: Buzzwole|def|1
|-unboost|p1a: Buzzwole|spd|1
|faint|p2a: Tapu Lele
|-ability|p1a: Buzzwole|Beast Boost|boost
|-boost|p1a: Buzzwole|atk|1
|
|upkeep
|
|t:|1661161469
|switch|p2a: Tapu Koko|Tapu Koko|100/100
|-fieldstart|move: Electric Terrain|[from] ability: Electric Surge|[of] p2a: Tapu Koko
|turn|18
|
|t:|1661161477
|switch|p2a: Heatran|Heatran, F|100/100
|-item|p2a: Heatran|Air Balloon
|switch|p1a: Slowking|Slowking-Galar, M|57/100
|
|-heal|p1a: Slowking|63/100|[from] item: Black Sludge
|upkeep
|turn|19
|
|t:|1661161485
|move|p2a: Heatran|Stealth Rock|p1a: Slowking
|-sidestart|p1: LT94JEwhyaddicted|move: Stealth Rock
|move|p1a: Slowking|Trick|p2a: Heatran
|-activate|p1a: Slowking|move: Trick|[of] p2a: Heatran
|-item|p2a: Heatran|Black Sludge|[from] move: Trick
|-item|p1a: Slowking|Air Balloon
|-item|p1a: Slowking|Air Balloon|[from] move: Trick
|
|-damage|p2a: Heatran|88/100|[from] item: Black Sludge
|upkeep
|turn|20
|
|t:|1661161495
|switch|p1a: Landorus|Landorus-Therian, M|96/100
|-damage|p1a: Landorus|84/100|[from] Stealth Rock
|-ability|p1a: Landorus|Intimidate|boost
|-unboost|p2a: Heatran|atk|1
|move|p2a: Heatran|Taunt|p1a: Landorus
|-start|p1a: Landorus|move: Taunt
|
|-heal|p1a: Landorus|90/100|[from] item: Leftovers
|-damage|p2a: Heatran|76/100|[from] item: Black Sludge
|upkeep
|turn|21
|j| lt94je ACII
|j| anique
|
|t:|1661161511
|move|p1a: Landorus|U-turn|p2a: Heatran
|-resisted|p2a: Heatran
|-damage|p2a: Heatran|71/100
|
|t:|1661161516
|switch|p1a: Rotom|Rotom-Wash|78/100|[from]move: U-turn
|-damage|p1a: Rotom|66/100|[from] Stealth Rock
|move|p2a: Heatran|Magma Storm|p1a: Rotom
|-resisted|p1a: Rotom
|-damage|p1a: Rotom|44/100
|-activate|p1a: Rotom|move: Magma Storm|[of] p2a: Heatran
|
|-damage|p2a: Heatran|58/100|[from] item: Black Sludge
|-damage|p1a: Rotom|31/100|[from] move: Magma Storm|[partiallytrapped]
|upkeep
|turn|22
|l| anique
|
|t:|1661161529
|switch|p2a: Zarude|Zarude-Dada|66/100
|move|p1a: Rotom|Volt Switch|p2a: Zarude
|-resisted|p2a: Zarude
|-damage|p2a: Zarude|52/100
|j| Bug-T
|
|t:|1661161537
|switch|p1a: Landorus|Landorus-Therian, M|90/100|[from]move: Volt Switch
|-damage|p1a: Landorus|77/100|[from] Stealth Rock
|-ability|p1a: Landorus|Intimidate|boost
|-unboost|p2a: Zarude|atk|1
|
|-heal|p1a: Landorus|83/100|[from] item: Leftovers
|-fieldend|move: Electric Terrain
|upkeep
|turn|23
|
|t:|1661161544
|switch|p2a: Landorus|Landorus-Therian, M|21/100
|-ability|p2a: Landorus|Intimidate|boost
|-unboost|p1a: Landorus|atk|1
|move|p1a: Landorus|Defog|p2a: Landorus
|-unboost|p2a: Landorus|evasion|1
|-sideend|p1: LT94JEwhyaddicted|Stealth Rock|[from] move: Defog|[of] p1a: Landorus
|
|-heal|p1a: Landorus|90/100|[from] item: Leftovers
|upkeep
|turn|24
|
|t:|1661161553
|move|p1a: Landorus|U-turn|p2a: Landorus
|-resisted|p2a: Landorus
|-damage|p2a: Landorus|15/100
|
|t:|1661161566
|switch|p1a: Moltres|Moltres-Galar|100/100|[from]move: U-turn
|move|p2a: Landorus|Knock Off|p1a: Moltres
|-resisted|p1a: Moltres
|-damage|p1a: Moltres|81/100
|-enditem|p1a: Moltres|Heavy-Duty Boots|[from] move: Knock Off|[of] p2a: Landorus
|
|upkeep
|turn|25
|
|t:|1661161576
|switch|p2a: Tapu Koko|Tapu Koko|100/100
|-fieldstart|move: Electric Terrain|[from] ability: Electric Surge|[of] p2a: Tapu Koko
|move|p1a: Moltres|Fiery Wrath|p2a: Tapu Koko
|-resisted|p2a: Tapu Koko
|-damage|p2a: Tapu Koko|65/100
|
|upkeep
|turn|26
|l| Rovecraetove
|
|t:|1661161583
|switch|p2a: Zarude|Zarude-Dada|52/100
|switch|p1a: Landorus|Landorus-Therian, M|90/100
|-ability|p1a: Landorus|Intimidate|boost
|-unboost|p2a: Zarude|atk|1
|
|-heal|p1a: Landorus|96/100|[from] item: Leftovers
|upkeep
|turn|27
|
|t:|1661161594
|switch|p2a: Heatran|Heatran, F|58/100
|move|p1a: Landorus|Earthquake|p2a: Heatran
|-supereffective|p2a: Heatran
|-damage|p2a: Heatran|0 fnt
|faint|p2a: Heatran
|
|-heal|p1a: Landorus|100/100|[from] item: Leftovers
|upkeep
|j| flemzy1
|l| flemzy1
|
|t:|1661161603
|switch|p2a: Keldeo|Keldeo-Resolute|36/100
|turn|28
|
|t:|1661161607
|switch|p1a: Slowking|Slowking-Galar, M|97/100
|-item|p1a: Slowking|Air Balloon
|move|p2a: Keldeo|Calm Mind|p2a: Keldeo
|-boost|p2a: Keldeo|spa|1
|-boost|p2a: Keldeo|spd|1
|
|-heal|p2a: Keldeo|42/100|[from] item: Leftovers
|upkeep
|turn|29
|
|t:|1661161612
|move|p2a: Keldeo|Scald|p1a: Slowking
|-damage|p1a: Slowking|44/100
|-enditem|p1a: Slowking|Air Balloon
|move|p1a: Slowking|Psyshock|p2a: Keldeo
|-supereffective|p2a: Keldeo
|-damage|p2a: Keldeo|0 fnt
|faint|p2a: Keldeo
|
|-fieldend|move: Electric Terrain
|upkeep
|j| anique
|-message|bramitoboy forfeited.
|
|win|LT94JEwhyaddicted
|raw|LT94JEwhyaddicted's rating: 1885 &rarr; <strong>1908</strong><br />(+23 for winning)
|raw|bramitoboy's rating: 1945 &rarr; <strong>1922</strong><br />(-23 for losing)
|l|☆bramitoboy
|l| anique
|l| A Lucky Guy
||Ladder isn't responding, score probably updated but might not have (Request timeout).
|j| anique
|l| anique
|l| Bug-T
|l| lt94je ACII
|j| Spitfire arcanine
|l| morpekod
