|j|☆Manjack
|j|☆TheonReekGreyjoy
|t:|1653823973
|gametype|singles
|player|p1|Manjack|102|1651
|player|p2|TheonReekGreyjoy|170|1954
|teamsize|p1|6
|teamsize|p2|6
|gen|8
|tier|[Gen 8] OU
|rated|
|rule|Sleep Clause Mod: Limit one foe put to sleep
|rule|Species Clause: Limit one of each Pokémon
|rule|OHKO Clause: OHKO moves are banned
|rule|Evasion Moves Clause: Evasion moves are banned
|rule|Endless Battle Clause: Forcing endless battles is banned
|rule|HP Percentage Mod: HP is shown in percentages
|rule|Dynamax Clause: You cannot dynamax
|clearpoke
|poke|p1|Malamar, F|
|poke|p1|Landorus-Therian, M|
|poke|p1|Heatran, M|
|poke|p1|Tapu Fini|
|poke|p1|Corviknight, F|
|poke|p1|Slowking-Galar, F|
|poke|p2|Arctozolt|
|poke|p2|Tornadus-Therian, M|
|poke|p2|Heatran, M|
|poke|p2|Landorus-Therian, M|
|poke|p2|Hatterene, F|
|poke|p2|Vanilluxe, F|
|teampreview
|c|☆Manjack|Glhf
|
|t:|1653823984
|start
|switch|p1a: Tapu Fini|Tapu Fini|100/100
|switch|p2a: Tornadus|Tornadus-Therian, M|100/100
|-fieldstart|move: Misty Terrain|[from] ability: Misty Surge|[of] p1a: Tapu Fini
|turn|1
|inactive|Battle timer is ON: inactive players will automatically lose when time's up. (requested by TheonReekGreyjoy)
|
|t:|1653823992
|switch|p1a: Corviknight|Corviknight, F|100/100
|-ability|p1a: Corviknight|Pressure
|move|p2a: Tornadus|Knock Off|p1a: Corviknight
|-damage|p1a: Corviknight|87/100
|-damage|p2a: Tornadus|84/100|[from] item: Rocky Helmet|[of] p1a: Corviknight
|-enditem|p1a: Corviknight|Rocky Helmet|[from] move: Knock Off|[of] p2a: Tornadus
|
|upkeep
|turn|2
|
|t:|1653823999
|move|p2a: Tornadus|Heat Wave|p1a: Corviknight
|-supereffective|p1a: Corviknight
|-damage|p1a: Corviknight|45/100
|move|p1a: Corviknight|U-turn|p2a: Tornadus
|-resisted|p2a: Tornadus
|-damage|p2a: Tornadus|77/100
|
|t:|1653824004
|switch|p1a: Slowking|Slowking-Galar, F|100/100|[from]move: U-turn
|
|upkeep
|turn|3
|
|t:|1653824009
|move|p2a: Tornadus|Knock Off|p1a: Slowking
|-supereffective|p1a: Slowking
|-damage|p1a: Slowking|60/100
|-enditem|p1a: Slowking|Assault Vest|[from] move: Knock Off|[of] p2a: Tornadus
|move|p1a: Slowking|Future Sight|p2a: Tornadus
|-start|p1a: Slowking|move: Future Sight
|
|upkeep
|turn|4
|j| Raining drawing
|l| Raining drawing
|
|t:|1653824023
|move|p2a: Tornadus|U-turn|p1a: Slowking
|-damage|p1a: Slowking|45/100
|
|t:|1653824027
|switch|p2a: Landorus|Landorus-Therian, M|100/100|[from]move: U-turn
|-ability|p2a: Landorus|Intimidate|boost
|-unboost|p1a: Slowking|atk|1
|move|p1a: Slowking|Scald|p2a: Landorus
|-supereffective|p2a: Landorus
|-damage|p2a: Landorus|60/100
|
|-heal|p2a: Landorus|66/100|[from] item: Leftovers
|upkeep
|turn|5
|
|t:|1653824033
|switch|p1a: Landorus|Landorus-Therian, M|100/100
|-ability|p1a: Landorus|Intimidate|boost
|-unboost|p2a: Landorus|atk|1
|move|p2a: Landorus|U-turn|p1a: Landorus
|-resisted|p1a: Landorus
|-damage|p1a: Landorus|92/100
|
|t:|1653824040
|switch|p2a: Tornadus|Tornadus-Therian, M|100/100|[from]move: U-turn
|
|-end|p2a: Tornadus|move: Future Sight
|-damage|p2a: Tornadus|56/100
|-heal|p1a: Landorus|98/100|[from] item: Leftovers
|-fieldend|Misty Terrain
|upkeep
|turn|6
|
|t:|1653824049
|move|p2a: Tornadus|U-turn|p1a: Landorus
|-resisted|p1a: Landorus
|-damage|p1a: Landorus|90/100
|
|t:|1653824052
|switch|p2a: Hatterene|Hatterene, F|100/100|[from]move: U-turn
|move|p1a: Landorus|U-turn|p2a: Hatterene
|-damage|p2a: Hatterene|78/100
|
|t:|1653824062
|switch|p1a: Slowking|Slowking-Galar, F|78/100|[from]move: U-turn
|
|-heal|p2a: Hatterene|84/100|[from] item: Leftovers
|upkeep
|turn|7
|
|t:|1653824067
|switch|p2a: Tornadus|Tornadus-Therian, M|89/100
|move|p1a: Slowking|Future Sight|p2a: Tornadus
|-start|p1a: Slowking|move: Future Sight
|
|upkeep
|turn|8
|j| BoosStom7
|
|t:|1653824073
|move|p2a: Tornadus|U-turn|p1a: Slowking
|-damage|p1a: Slowking|64/100
|
|t:|1653824075
|switch|p2a: Heatran|Heatran, M|100/100|[from]move: U-turn
|move|p1a: Slowking|Sludge Bomb|p2a: Heatran
|-immune|p2a: Heatran
|
|upkeep
|turn|9
|
|t:|1653824084
|switch|p1a: Tapu Fini|Tapu Fini|100/100
|-fieldstart|move: Misty Terrain|[from] ability: Misty Surge|[of] p1a: Tapu Fini
|move|p2a: Heatran|Stealth Rock|p1a: Tapu Fini
|-sidestart|p1: Manjack|move: Stealth Rock
|
|-end|p2a: Heatran|move: Future Sight
|-resisted|p2a: Heatran
|-damage|p2a: Heatran|78/100
|-heal|p2a: Heatran|84/100|[from] item: Leftovers
|upkeep
|turn|10
|
|t:|1653824090
|switch|p2a: Tornadus|Tornadus-Therian, M|100/100
|move|p1a: Tapu Fini|Scald|p2a: Tornadus
|-damage|p2a: Tornadus|76/100
|
|upkeep
|turn|11
|
|t:|1653824095
|move|p2a: Tornadus|Knock Off|p1a: Tapu Fini
|-resisted|p1a: Tapu Fini
|-damage|p1a: Tapu Fini|91/100
|-enditem|p1a: Tapu Fini|Leftovers|[from] move: Knock Off|[of] p2a: Tornadus
|move|p1a: Tapu Fini|Calm Mind|p1a: Tapu Fini
|-boost|p1a: Tapu Fini|spa|1
|-boost|p1a: Tapu Fini|spd|1
|
|upkeep
|turn|12
|
|t:|1653824103
|move|p2a: Tornadus|U-turn|p1a: Tapu Fini
|-resisted|p1a: Tapu Fini
|-damage|p1a: Tapu Fini|86/100
|
|t:|1653824105
|switch|p2a: Vanilluxe|Vanilluxe, F|100/100|[from]move: U-turn
|-weather|Hail|[from] ability: Snow Warning|[of] p2a: Vanilluxe
|move|p1a: Tapu Fini|Draining Kiss|p2a: Vanilluxe
|-damage|p2a: Vanilluxe|60/100
|-heal|p1a: Tapu Fini|100/100|[from] drain|[of] p2a: Vanilluxe
|
|-weather|Hail|[upkeep]
|-damage|p1a: Tapu Fini|94/100|[from] Hail
|upkeep
|turn|13
|
|t:|1653824115
|switch|p2a: Arctozolt|Arctozolt|100/100
|move|p1a: Tapu Fini|Calm Mind|p1a: Tapu Fini
|-boost|p1a: Tapu Fini|spa|1
|-boost|p1a: Tapu Fini|spd|1
|
|-weather|Hail|[upkeep]
|-damage|p1a: Tapu Fini|88/100|[from] Hail
|-fieldend|Misty Terrain
|upkeep
|turn|14
|
|t:|1653824123
|switch|p1a: Corviknight|Corviknight, F|45/100
|-damage|p1a: Corviknight|33/100|[from] Stealth Rock
|-ability|p1a: Corviknight|Pressure
|move|p2a: Arctozolt|Blizzard|p1a: Corviknight
|-damage|p1a: Corviknight|0 fnt
|faint|p1a: Corviknight
|
|-weather|Hail|[upkeep]
|upkeep
|
|t:|1653824125
|switch|p1a: Heatran|Heatran, M|100/100
|-damage|p1a: Heatran|88/100|[from] Stealth Rock
|turn|15
|
|t:|1653824131
|switch|p2a: Tornadus|Tornadus-Therian, M|100/100
|move|p1a: Heatran|Magma Storm|p2a: Tornadus
|-damage|p2a: Tornadus|71/100
|-activate|p2a: Tornadus|move: Magma Storm|[of] p1a: Heatran
|
|-weather|Hail|[upkeep]
|-damage|p2a: Tornadus|65/100|[from] Hail
|-damage|p1a: Heatran|82/100|[from] Hail
|-heal|p1a: Heatran|88/100|[from] item: Leftovers
|-damage|p2a: Tornadus|53/100|[from] move: Magma Storm|[partiallytrapped]
|upkeep
|turn|16
|
|t:|1653824136
|move|p2a: Tornadus|Knock Off|p1a: Heatran
|-damage|p1a: Heatran|70/100
|-enditem|p1a: Heatran|Leftovers|[from] move: Knock Off|[of] p2a: Tornadus
|move|p1a: Heatran|Earth Power|p2a: Tornadus
|-immune|p2a: Tornadus
|
|-weather|none
|-damage|p2a: Tornadus|40/100|[from] move: Magma Storm|[partiallytrapped]
|upkeep
|turn|17
|
|t:|1653824142
|move|p2a: Tornadus|U-turn|p1a: Heatran
|-resisted|p1a: Heatran
|-damage|p1a: Heatran|68/100
|
|t:|1653824145
|switch|p2a: Hatterene|Hatterene, F|84/100|[from]move: U-turn
|move|p1a: Heatran|Earth Power|p2a: Hatterene
|-damage|p2a: Hatterene|56/100
|
|-heal|p2a: Hatterene|62/100|[from] item: Leftovers
|upkeep
|turn|18
|
|t:|1653824153
|switch|p2a: Tornadus|Tornadus-Therian, M|74/100
|move|p1a: Heatran|Magma Storm|p2a: Tornadus
|-damage|p2a: Tornadus|42/100
|-activate|p2a: Tornadus|move: Magma Storm|[of] p1a: Heatran
|
|-damage|p2a: Tornadus|30/100|[from] move: Magma Storm|[partiallytrapped]
|upkeep
|turn|19
|
|t:|1653824160
|move|p2a: Tornadus|U-turn|p1a: Heatran
|-resisted|p1a: Heatran
|-damage|p1a: Heatran|65/100
|
|t:|1653824163
|switch|p2a: Landorus|Landorus-Therian, M|66/100|[from]move: U-turn
|-ability|p2a: Landorus|Intimidate|boost
|-unboost|p1a: Heatran|atk|1
|move|p1a: Heatran|Toxic|p2a: Landorus
|-status|p2a: Landorus|tox
|
|-heal|p2a: Landorus|72/100 tox|[from] item: Leftovers
|-damage|p2a: Landorus|66/100 tox|[from] psn
|upkeep
|turn|20
|
|t:|1653824173
|switch|p1a: Landorus|Landorus-Therian, M|90/100
|-damage|p1a: Landorus|78/100|[from] Stealth Rock
|-ability|p1a: Landorus|Intimidate|boost
|-unboost|p2a: Landorus|atk|1
|move|p2a: Landorus|Earthquake|p1a: Landorus
|-immune|p1a: Landorus
|
|-heal|p1a: Landorus|84/100|[from] item: Leftovers
|-heal|p2a: Landorus|72/100 tox|[from] item: Leftovers
|-damage|p2a: Landorus|60/100 tox|[from] psn
|upkeep
|turn|21
|
|t:|1653824177
|move|p1a: Landorus|U-turn|p2a: Landorus
|-resisted|p2a: Landorus
|-damage|p2a: Landorus|46/100 tox
|
|t:|1653824182
|switch|p1a: Slowking|Slowking-Galar, F|97/100|[from]move: U-turn
|-damage|p1a: Slowking|85/100|[from] Stealth Rock
|move|p2a: Landorus|U-turn|p1a: Slowking
|-damage|p1a: Slowking|69/100
|
|t:|1653824195
|switch|p2a: Vanilluxe|Vanilluxe, F|60/100|[from]move: U-turn
|-weather|Hail|[from] ability: Snow Warning|[of] p2a: Vanilluxe
|
|-weather|Hail|[upkeep]
|-damage|p1a: Slowking|63/100|[from] Hail
|upkeep
|turn|22
|
|t:|1653824214
|switch|p2a: Tornadus|Tornadus-Therian, M|63/100
|move|p1a: Slowking|Future Sight|p2a: Tornadus
|-start|p1a: Slowking|move: Future Sight
|
|-weather|Hail|[upkeep]
|-damage|p2a: Tornadus|57/100|[from] Hail
|-damage|p1a: Slowking|57/100|[from] Hail
|upkeep
|turn|23
|
|t:|1653824220
|move|p2a: Tornadus|U-turn|p1a: Slowking
|-damage|p1a: Slowking|42/100
|
|t:|1653824223
|switch|p2a: Heatran|Heatran, M|84/100|[from]move: U-turn
|move|p1a: Slowking|Scald|p2a: Heatran
|-supereffective|p2a: Heatran
|-damage|p2a: Heatran|45/100
|
|-weather|Hail|[upkeep]
|-damage|p2a: Heatran|38/100|[from] Hail
|-damage|p1a: Slowking|36/100|[from] Hail
|-heal|p2a: Heatran|45/100|[from] item: Leftovers
|upkeep
|turn|24
|
|t:|1653824237
|switch|p1a: Tapu Fini|Tapu Fini|88/100
|-damage|p1a: Tapu Fini|76/100|[from] Stealth Rock
|-fieldstart|move: Misty Terrain|[from] ability: Misty Surge|[of] p1a: Tapu Fini
|move|p2a: Heatran|Heavy Slam|p1a: Tapu Fini
|-damage|p1a: Tapu Fini|44/100
|
|-weather|Hail|[upkeep]
|-damage|p1a: Tapu Fini|38/100|[from] Hail
|-damage|p2a: Heatran|38/100|[from] Hail
|-end|p2a: Heatran|move: Future Sight
|-resisted|p2a: Heatran
|-damage|p2a: Heatran|16/100
|-heal|p2a: Heatran|22/100|[from] item: Leftovers
|upkeep
|turn|25
|
|t:|1653824254
|move|p2a: Heatran|Protect|p2a: Heatran
|-singleturn|p2a: Heatran|Protect
|move|p1a: Tapu Fini|Scald|p2a: Heatran
|-activate|p2a: Heatran|move: Protect
|
|-weather|none
|-heal|p2a: Heatran|29/100|[from] item: Leftovers
|upkeep
|turn|26
|l| BoosStom7
|
|t:|1653824264
|switch|p2a: Tornadus|Tornadus-Therian, M|90/100
|move|p1a: Tapu Fini|Scald|p2a: Tornadus
|-damage|p2a: Tornadus|63/100
|
|upkeep
|turn|27
|
|t:|1653824271
|move|p2a: Tornadus|Hurricane|p1a: Tapu Fini
|-damage|p1a: Tapu Fini|5/100
|move|p1a: Tapu Fini|Draining Kiss|p2a: Tornadus
|-damage|p2a: Tornadus|47/100
|-heal|p1a: Tapu Fini|18/100|[from] drain|[of] p2a: Tornadus
|
|upkeep
|turn|28
|
|t:|1653824278
|move|p2a: Tornadus|Hurricane|p1a: Tapu Fini
|-crit|p1a: Tapu Fini
|-damage|p1a: Tapu Fini|0 fnt
|faint|p1a: Tapu Fini
|
|-fieldend|Misty Terrain
|upkeep
|
|t:|1653824281
|switch|p1a: Slowking|Slowking-Galar, F|69/100
|-damage|p1a: Slowking|57/100|[from] Stealth Rock
|turn|29
|
|t:|1653824288
|move|p2a: Tornadus|U-turn|p1a: Slowking
|-damage|p1a: Slowking|41/100
|
|t:|1653824297
|switch|p2a: Heatran|Heatran, M|29/100|[from]move: U-turn
|move|p1a: Slowking|Future Sight|p2a: Heatran
|-start|p1a: Slowking|move: Future Sight
|
|-heal|p2a: Heatran|35/100|[from] item: Leftovers
|upkeep
|turn|30
|
|t:|1653824308
|switch|p2a: Tornadus|Tornadus-Therian, M|81/100
|move|p1a: Slowking|Scald|p2a: Tornadus
|-damage|p2a: Tornadus|60/100
|
|upkeep
|turn|31
|
|t:|1653824315
|move|p2a: Tornadus|Hurricane|p1a: Slowking|[miss]
|-miss|p2a: Tornadus|p1a: Slowking
|move|p1a: Slowking|Scald|p2a: Tornadus
|-damage|p2a: Tornadus|41/100
|
|-end|p2a: Tornadus|move: Future Sight
|-damage|p2a: Tornadus|0 fnt
|faint|p2a: Tornadus
|upkeep
|
|t:|1653824319
|switch|p2a: Vanilluxe|Vanilluxe, F|60/100
|-weather|Hail|[from] ability: Snow Warning|[of] p2a: Vanilluxe
|turn|32
|
|t:|1653824325
|switch|p1a: Heatran|Heatran, M|65/100
|-damage|p1a: Heatran|52/100|[from] Stealth Rock
|move|p2a: Vanilluxe|Blizzard|p1a: Heatran
|-resisted|p1a: Heatran
|-damage|p1a: Heatran|41/100
|
|-weather|Hail|[upkeep]
|-damage|p1a: Heatran|35/100|[from] Hail
|upkeep
|turn|33
|
|t:|1653824336
|switch|p2a: Hatterene|Hatterene, F|62/100
|move|p1a: Heatran|Earth Power|p2a: Hatterene
|-damage|p2a: Hatterene|34/100
|
|-weather|Hail|[upkeep]
|-damage|p1a: Heatran|29/100|[from] Hail
|-damage|p2a: Hatterene|28/100|[from] Hail
|-heal|p2a: Hatterene|34/100|[from] item: Leftovers
|upkeep
|turn|34
|
|t:|1653824348
|move|p1a: Heatran|Earth Power|p2a: Hatterene
|-damage|p2a: Hatterene|7/100
|move|p2a: Hatterene|Future Sight|p1a: Heatran
|-start|p2a: Hatterene|move: Future Sight
|
|-weather|Hail|[upkeep]
|-damage|p1a: Heatran|23/100|[from] Hail
|-damage|p2a: Hatterene|1/100|[from] Hail
|-heal|p2a: Hatterene|7/100|[from] item: Leftovers
|upkeep
|turn|35
|
|t:|1653824358
|move|p1a: Heatran|Toxic|p2a: Hatterene
|move|p2a: Hatterene|Toxic|p1a: Heatran|[from]ability: Magic Bounce
|-immune|p1a: Heatran
|move|p2a: Hatterene|Draining Kiss|p1a: Heatran
|-resisted|p1a: Heatran
|-damage|p1a: Heatran|19/100
|-heal|p2a: Hatterene|10/100|[from] drain|[of] p1a: Heatran
|
|-weather|Hail|[upkeep]
|-damage|p1a: Heatran|13/100|[from] Hail
|-damage|p2a: Hatterene|4/100|[from] Hail
|-heal|p2a: Hatterene|10/100|[from] item: Leftovers
|upkeep
|turn|36
|
|t:|1653824374
|move|p1a: Heatran|Toxic|p2a: Hatterene
|move|p2a: Hatterene|Toxic|p1a: Heatran|[from]ability: Magic Bounce
|-immune|p1a: Heatran
|move|p2a: Hatterene|Draining Kiss|p1a: Heatran
|-resisted|p1a: Heatran
|-damage|p1a: Heatran|10/100
|-heal|p2a: Hatterene|13/100|[from] drain|[of] p1a: Heatran
|
|-weather|none
|-end|p1a: Heatran|move: Future Sight
|-resisted|p1a: Heatran
|-damage|p1a: Heatran|0 fnt
|faint|p1a: Heatran
|-heal|p2a: Hatterene|19/100|[from] item: Leftovers
|upkeep
|
|t:|1653824377
|switch|p1a: IcounterTR|Malamar, F|100/100
|-damage|p1a: IcounterTR|88/100|[from] Stealth Rock
|turn|37
|
|t:|1653824387
|move|p1a: IcounterTR|Knock Off|p2a: Hatterene
|-crit|p2a: Hatterene
|-damage|p2a: Hatterene|0 fnt
|-enditem|p2a: Hatterene|Leftovers|[from] move: Knock Off|[of] p1a: IcounterTR
|faint|p2a: Hatterene
|
|upkeep
|
|t:|1653824394
|switch|p2a: Vanilluxe|Vanilluxe, F|60/100
|-weather|Hail|[from] ability: Snow Warning|[of] p2a: Vanilluxe
|turn|38
|
|t:|1653824399
|move|p2a: Vanilluxe|Blizzard|p1a: IcounterTR
|-damage|p1a: IcounterTR|7/100
|move|p1a: IcounterTR|Trick Room|p1a: IcounterTR
|-fieldstart|move: Trick Room|[of] p1a: IcounterTR
|
|-weather|Hail|[upkeep]
|-damage|p1a: IcounterTR|0 fnt|[from] Hail
|faint|p1a: IcounterTR
|upkeep
|
|t:|1653824408
|switch|p1a: Slowking|Slowking-Galar, F|74/100
|-damage|p1a: Slowking|62/100|[from] Stealth Rock
|turn|39
|
|t:|1653824426
|move|p1a: Slowking|Flamethrower|p2a: Vanilluxe
|-supereffective|p2a: Vanilluxe
|-damage|p2a: Vanilluxe|0 fnt
|faint|p2a: Vanilluxe
|
|-weather|Hail|[upkeep]
|-damage|p1a: Slowking|56/100|[from] Hail
|upkeep
|inactive|TheonReekGreyjoy has 120 seconds left.
|
|t:|1653824447
|switch|p2a: Arctozolt|Arctozolt|100/100
|turn|40
|inactive|TheonReekGreyjoy has 120 seconds left.
|
|t:|1653824458
|move|p1a: Slowking|Flamethrower|p2a: Arctozolt
|-supereffective|p2a: Arctozolt
|-damage|p2a: Arctozolt|11/100
|move|p2a: Arctozolt|Blizzard|p1a: Slowking
|-damage|p1a: Slowking|24/100
|
|-weather|Hail|[upkeep]
|-damage|p1a: Slowking|18/100|[from] Hail
|upkeep
|turn|41
|inactive|TheonReekGreyjoy has 120 seconds left.
|
|t:|1653824477
|move|p1a: Slowking|Scald|p2a: Arctozolt
|-damage|p2a: Arctozolt|0 fnt
|faint|p2a: Arctozolt
|
|-weather|Hail|[upkeep]
|-damage|p1a: Slowking|12/100|[from] Hail
|upkeep
|
|t:|1653824481
|switch|p2a: Heatran|Heatran, M|35/100
|turn|42
|
|t:|1653824487
|move|p2a: Heatran|Protect|p2a: Heatran
|-singleturn|p2a: Heatran|Protect
|move|p1a: Slowking|Scald|p2a: Heatran
|-activate|p2a: Heatran|move: Protect
|
|-weather|none
|-heal|p2a: Heatran|41/100|[from] item: Leftovers
|-fieldend|move: Trick Room
|upkeep
|turn|43
|
|t:|1653824492
|move|p2a: Heatran|Lava Plume|p1a: Slowking
|-damage|p1a: Slowking|0 fnt
|faint|p1a: Slowking
|
|-heal|p2a: Heatran|47/100|[from] item: Leftovers
|upkeep
|
|t:|1653824494
|switch|p1a: Landorus|Landorus-Therian, M|84/100
|-damage|p1a: Landorus|72/100|[from] Stealth Rock
|-ability|p1a: Landorus|Intimidate|boost
|-unboost|p2a: Heatran|atk|1
|turn|44
|
|t:|1653824501
|switch|p2a: Landorus|Landorus-Therian, M|46/100 tox
|-ability|p2a: Landorus|Intimidate|boost
|-unboost|p1a: Landorus|atk|1
|move|p1a: Landorus|Earthquake|p2a: Landorus
|-immune|p2a: Landorus
|
|-heal|p1a: Landorus|78/100|[from] item: Leftovers
|-heal|p2a: Landorus|52/100 tox|[from] item: Leftovers
|-damage|p2a: Landorus|46/100 tox|[from] psn
|upkeep
|turn|45
|
|t:|1653824506
|move|p1a: Landorus|U-turn|p2a: Landorus
|-resisted|p2a: Landorus
|-damage|p2a: Landorus|37/100 tox
|move|p2a: Landorus|Toxic|p1a: Landorus
|-status|p1a: Landorus|tox
|
|-heal|p1a: Landorus|84/100 tox|[from] item: Leftovers
|-heal|p2a: Landorus|43/100 tox|[from] item: Leftovers
|-damage|p1a: Landorus|78/100 tox|[from] psn
|-damage|p2a: Landorus|31/100 tox|[from] psn
|upkeep
|turn|46
|
|t:|1653824512
|move|p1a: Landorus|Earthquake|p2a: Landorus
|-immune|p2a: Landorus
|move|p2a: Landorus|U-turn|p1a: Landorus
|-resisted|p1a: Landorus
|-damage|p1a: Landorus|66/100 tox
|
|t:|1653824517
|switch|p2a: Heatran|Heatran, M|47/100|[from]move: U-turn
|
|-heal|p1a: Landorus|72/100 tox|[from] item: Leftovers
|-heal|p2a: Heatran|53/100|[from] item: Leftovers
|-damage|p1a: Landorus|60/100 tox|[from] psn
|upkeep
|turn|47
|c|☆Manjack|Gg
|
|t:|1653824526
|move|p2a: Heatran|Protect|p2a: Heatran
|-singleturn|p2a: Heatran|Protect
|move|p1a: Landorus|Earthquake|p2a: Heatran
|-activate|p2a: Heatran|move: Protect
|
|-heal|p1a: Landorus|66/100 tox|[from] item: Leftovers
|-heal|p2a: Heatran|60/100|[from] item: Leftovers
|-damage|p1a: Landorus|48/100 tox|[from] psn
|upkeep
|turn|48
|
|t:|1653824536
|switch|p2a: Landorus|Landorus-Therian, M|31/100 tox
|-ability|p2a: Landorus|Intimidate|boost
|-unboost|p1a: Landorus|atk|1
|move|p1a: Landorus|Stealth Rock|p2a: Landorus
|-sidestart|p2: TheonReekGreyjoy|move: Stealth Rock
|
|-heal|p1a: Landorus|54/100 tox|[from] item: Leftovers
|-heal|p2a: Landorus|37/100 tox|[from] item: Leftovers
|-damage|p1a: Landorus|30/100 tox|[from] psn
|-damage|p2a: Landorus|31/100 tox|[from] psn
|upkeep
|turn|49
|-message|Manjack forfeited.
|
|win|TheonReekGreyjoy
|raw|Manjack's rating: 1651 &rarr; <strong>1645</strong><br />(-6 for losing)
|raw|TheonReekGreyjoy's rating: 1954 &rarr; <strong>1960</strong><br />(+6 for winning)
|l|☆Manjack
|l|☆TheonReekGreyjoy
