|html|<div class="broadcast-blue"><strong>[Gen 8] OU is currently suspecting Melmetal! For information on how to participate check out the <a href="https://www.smogon.com/forums/threads/np-ss-ou-suspect-process-round-12-monster-mash.3709234/">suspect thread</a>.</strong></div>
|j|☆minimax_ai
|j|☆Saimasseuh v8
|t:|1666673808
|gametype|singles
|player|p1|minimax_ai|lusamine-nihilego|1723
|player|p2|Saimasseuh v8|1|1932
|teamsize|p1|6
|teamsize|p2|6
|gen|8
|tier|[Gen 8] OU
|rated|
|rule|Sleep Clause Mod: Limit one foe put to sleep
|rule|Species Clause: Limit one of each Pokémon
|rule|OHKO Clause: OHKO moves are banned
|rule|Evasion Items Clause: Evasion items are banned
|rule|Evasion Moves Clause: Evasion moves are banned
|rule|Endless Battle Clause: Forcing endless battles is banned
|rule|HP Percentage Mod: HP is shown in percentages
|rule|Dynamax Clause: You cannot dynamax
|clearpoke
|poke|p1|Rotom-Wash|
|poke|p1|Weavile, F|
|poke|p1|Landorus-Therian, M|
|poke|p1|Heatran, M|
|poke|p1|Tangrowth, M|
|poke|p1|Melmetal|
|poke|p2|Dragapult, M|
|poke|p2|Ferrothorn, F|
|poke|p2|Heatran, M|
|poke|p2|Nidoking, M|
|poke|p2|Tapu Lele|
|poke|p2|Landorus-Therian, M|
|teampreview
|c|☆minimax_ai|hf
|inactive|Battle timer is ON: inactive players will automatically lose when time's up. (requested by minimax_ai)
|j| blisc
|
|t:|1666673819
|start
|switch|p1a: Heatran|Heatran, M|100/100
|switch|p2a: Tapu Lele|Tapu Lele|100/100
|-fieldstart|move: Psychic Terrain|[from] ability: Psychic Surge|[of] p2a: Tapu Lele
|-item|p1a: Heatran|Air Balloon
|turn|1
|
|t:|1666673821
|switch|p1a: Melmetal|Melmetal|100/100
|move|p2a: Tapu Lele|Focus Blast|p1a: Melmetal
|-supereffective|p1a: Melmetal
|-damage|p1a: Melmetal|32/100
|
|upkeep
|turn|2
|
|t:|1666673824
|switch|p1a: landorustherian|Landorus-Therian, M|100/100
|-ability|p1a: landorustherian|Intimidate|boost
|-unboost|p2a: Tapu Lele|atk|1
|move|p2a: Tapu Lele|Focus Blast|p1a: landorustherian
|-resisted|p1a: landorustherian
|-damage|p1a: landorustherian|79/100
|
|-heal|p1a: landorustherian|85/100|[from] item: Leftovers
|upkeep
|turn|3
|
|t:|1666673827
|switch|p2a: Landorus|Landorus-Therian, M|100/100
|-ability|p2a: Landorus|Intimidate|boost
|-unboost|p1a: landorustherian|atk|1
|move|p1a: landorustherian|Earthquake|p2a: Landorus
|-immune|p2a: Landorus
|
|-heal|p1a: landorustherian|91/100|[from] item: Leftovers
|upkeep
|turn|4
|
|t:|1666673829
|move|p2a: Landorus|Toxic|p1a: landorustherian
|-status|p1a: landorustherian|tox
|move|p1a: landorustherian|Toxic|p2a: Landorus
|-status|p2a: Landorus|tox
|
|-heal|p1a: landorustherian|97/100 tox|[from] item: Leftovers
|-damage|p2a: Landorus|94/100 tox|[from] psn
|-damage|p1a: landorustherian|91/100 tox|[from] psn
|upkeep
|turn|5
|
|t:|1666673830
|move|p2a: Landorus|U-turn|p1a: landorustherian
|-resisted|p1a: landorustherian
|-damage|p1a: landorustherian|81/100 tox
|
|t:|1666673832
|switch|p2a: Ferrothorn|Ferrothorn, F|100/100|[from]move: U-turn
|move|p1a: landorustherian|Earthquake|p2a: Ferrothorn
|-damage|p2a: Ferrothorn|82/100
|
|-heal|p1a: landorustherian|87/100 tox|[from] item: Leftovers
|-heal|p2a: Ferrothorn|89/100|[from] item: Leftovers
|-damage|p1a: landorustherian|75/100 tox|[from] psn
|-fieldend|move: Psychic Terrain
|upkeep
|turn|6
|j| Memorigan
|j| BabyPigsAreLaughin
|
|t:|1666673835
|move|p1a: landorustherian|U-turn|p2a: Ferrothorn
|-damage|p2a: Ferrothorn|79/100
|-damage|p1a: landorustherian|62/100 tox|[from] ability: Iron Barbs|[of] p2a: Ferrothorn
|
|t:|1666673836
|switch|p1a: Tangrowth|Tangrowth, M|100/100|[from]move: U-turn
|move|p2a: Ferrothorn|Knock Off|p1a: Tangrowth
|-damage|p1a: Tangrowth|89/100
|-damage|p2a: Ferrothorn|63/100|[from] item: Rocky Helmet|[of] p1a: Tangrowth
|-enditem|p1a: Tangrowth|Rocky Helmet|[from] move: Knock Off|[of] p2a: Ferrothorn
|
|-heal|p2a: Ferrothorn|69/100|[from] item: Leftovers
|upkeep
|turn|7
|
|t:|1666673839
|move|p1a: Tangrowth|Knock Off|p2a: Ferrothorn
|-damage|p2a: Ferrothorn|55/100
|-damage|p1a: Tangrowth|76/100|[from] ability: Iron Barbs|[of] p2a: Ferrothorn
|-enditem|p2a: Ferrothorn|Leftovers|[from] move: Knock Off|[of] p1a: Tangrowth
|move|p2a: Ferrothorn|Spikes|p1a: Tangrowth
|-sidestart|p1: minimax_ai|Spikes
|
|upkeep
|turn|8
|
|t:|1666673841
|switch|p2a: Tapu Lele|Tapu Lele|100/100
|-fieldstart|move: Psychic Terrain|[from] ability: Psychic Surge|[of] p2a: Tapu Lele
|move|p1a: Tangrowth|Knock Off|p2a: Tapu Lele
|-damage|p2a: Tapu Lele|67/100
|-enditem|p2a: Tapu Lele|Choice Specs|[from] move: Knock Off|[of] p1a: Tangrowth
|
|upkeep
|turn|9
|
|t:|1666673848
|switch|p1a: Melmetal|Melmetal|32/100
|-damage|p1a: Melmetal|20/100|[from] Spikes
|move|p2a: Tapu Lele|Psychic|p1a: Melmetal
|-resisted|p1a: Melmetal
|-damage|p1a: Melmetal|3/100
|
|upkeep
|turn|10
|
|t:|1666673852
|move|p2a: Tapu Lele|Moonblast|p1a: Melmetal
|-resisted|p1a: Melmetal
|-damage|p1a: Melmetal|0 fnt
|faint|p1a: Melmetal
|
|upkeep
|
|t:|1666673852
|switch|p1a: Weavile|Weavile, F|100/100
|-damage|p1a: Weavile|88/100|[from] Spikes
|-ability|p1a: Weavile|Pressure
|turn|11
|
|t:|1666673856
|switch|p2a: Landorus|Landorus-Therian, M|94/100 tox
|-ability|p2a: Landorus|Intimidate|boost
|-unboost|p1a: Weavile|atk|1
|move|p1a: Weavile|Knock Off|p2a: Landorus
|-damage|p2a: Landorus|56/100 tox
|-damage|p1a: Weavile|72/100|[from] item: Rocky Helmet|[of] p2a: Landorus
|-enditem|p2a: Landorus|Rocky Helmet|[from] move: Knock Off|[of] p1a: Weavile
|
|-damage|p2a: Landorus|50/100 tox|[from] psn
|upkeep
|turn|12
|
|t:|1666673859
|switch|p1a: Heatran|Heatran, M|100/100
|-item|p1a: Heatran|Air Balloon
|move|p2a: Landorus|U-turn|p1a: Heatran
|-resisted|p1a: Heatran
|-damage|p1a: Heatran|95/100
|-enditem|p1a: Heatran|Air Balloon
|
|t:|1666673864
|switch|p2a: Nidoking|Nidoking, M|100/100|[from]move: U-turn
|
|-fieldend|move: Psychic Terrain
|upkeep
|turn|13
|
|t:|1666673865
|switch|p1a: landorustherian|Landorus-Therian, M|62/100 tox
|-ability|p1a: landorustherian|Intimidate|boost
|-unboost|p2a: Nidoking|atk|1
|move|p2a: Nidoking|Ice Beam|p1a: landorustherian
|-supereffective|p1a: landorustherian
|-damage|p1a: landorustherian|0 fnt
|faint|p1a: landorustherian
|
|upkeep
|
|t:|1666673865
|switch|p1a: Weavile|Weavile, F|72/100
|-damage|p1a: Weavile|59/100|[from] Spikes
|-ability|p1a: Weavile|Pressure
|turn|14
|
|t:|1666673868
|switch|p2a: Landorus|Landorus-Therian, M|50/100 tox
|-ability|p2a: Landorus|Intimidate|boost
|-unboost|p1a: Weavile|atk|1
|move|p1a: Weavile|Knock Off|p2a: Landorus
|-crit|p2a: Landorus
|-damage|p2a: Landorus|0 fnt
|faint|p2a: Landorus
|
|upkeep
|
|t:|1666673871
|switch|p2a: Nidoking|Nidoking, M|100/100
|turn|15
|l| Memorigan
|
|t:|1666673873
|move|p2a: Nidoking|Flamethrower|p1a: Weavile
|-supereffective|p1a: Weavile
|-damage|p1a: Weavile|0 fnt
|faint|p1a: Weavile
|
|upkeep
|
|t:|1666673873
|switch|p1a: rotomwash|Rotom-Wash|100/100
|turn|16
|
|t:|1666673875
|switch|p2a: Ferrothorn|Ferrothorn, F|55/100
|move|p1a: rotomwash|Hydro Pump|p2a: Ferrothorn
|-resisted|p2a: Ferrothorn
|-damage|p2a: Ferrothorn|38/100
|
|upkeep
|turn|17
|
|t:|1666673878
|switch|p1a: Tangrowth|Tangrowth, M|100/100
|-damage|p1a: Tangrowth|88/100|[from] Spikes
|move|p2a: Ferrothorn|Leech Seed|p1a: Tangrowth
|-immune|p1a: Tangrowth
|
|upkeep
|turn|18
|
|t:|1666673880
|move|p1a: Tangrowth|Sleep Powder|p2a: Ferrothorn
|-immune|p2a: Ferrothorn
|move|p2a: Ferrothorn|Spikes|p1a: Tangrowth
|-sidestart|p1: minimax_ai|Spikes
|
|upkeep
|turn|19
|j| Memorigan
|
|t:|1666673882
|move|p1a: Tangrowth|Sleep Powder|p2a: Ferrothorn
|-immune|p2a: Ferrothorn
|move|p2a: Ferrothorn|Spikes|p1a: Tangrowth
|-sidestart|p1: minimax_ai|Spikes
|
|upkeep
|turn|20
|
|t:|1666673885
|move|p1a: Tangrowth|Sleep Powder|p2a: Ferrothorn
|-immune|p2a: Ferrothorn
|move|p2a: Ferrothorn|Knock Off|p1a: Tangrowth
|-damage|p1a: Tangrowth|80/100
|
|upkeep
|turn|21
|
|t:|1666673886
|move|p1a: Tangrowth|Sleep Powder|p2a: Ferrothorn
|-immune|p2a: Ferrothorn
|move|p2a: Ferrothorn|Knock Off|p1a: Tangrowth
|-damage|p1a: Tangrowth|73/100
|
|upkeep
|turn|22
|
|t:|1666673888
|move|p1a: Tangrowth|Sleep Powder|p2a: Ferrothorn
|-immune|p2a: Ferrothorn
|move|p2a: Ferrothorn|Knock Off|p1a: Tangrowth
|-damage|p1a: Tangrowth|66/100
|
|upkeep
|turn|23
|
|t:|1666673889
|move|p1a: Tangrowth|Giga Drain|p2a: Ferrothorn
|-resisted|p2a: Ferrothorn
|-damage|p2a: Ferrothorn|32/100
|-heal|p1a: Tangrowth|69/100|[from] drain|[of] p2a: Ferrothorn
|move|p2a: Ferrothorn|Knock Off|p1a: Tangrowth
|-damage|p1a: Tangrowth|61/100
|
|upkeep
|turn|24
|
|t:|1666673890
|move|p1a: Tangrowth|Giga Drain|p2a: Ferrothorn
|-resisted|p2a: Ferrothorn
|-damage|p2a: Ferrothorn|25/100
|-heal|p1a: Tangrowth|64/100|[from] drain|[of] p2a: Ferrothorn
|move|p2a: Ferrothorn|Knock Off|p1a: Tangrowth
|-damage|p1a: Tangrowth|56/100
|
|upkeep
|turn|25
|
|t:|1666673892
|move|p1a: Tangrowth|Giga Drain|p2a: Ferrothorn
|-resisted|p2a: Ferrothorn
|-damage|p2a: Ferrothorn|20/100
|-heal|p1a: Tangrowth|59/100|[from] drain|[of] p2a: Ferrothorn
|move|p2a: Ferrothorn|Knock Off|p1a: Tangrowth
|-damage|p1a: Tangrowth|52/100
|
|upkeep
|turn|26
|
|t:|1666673893
|move|p1a: Tangrowth|Giga Drain|p2a: Ferrothorn
|-resisted|p2a: Ferrothorn
|-damage|p2a: Ferrothorn|14/100
|-heal|p1a: Tangrowth|54/100|[from] drain|[of] p2a: Ferrothorn
|move|p2a: Ferrothorn|Knock Off|p1a: Tangrowth
|-damage|p1a: Tangrowth|47/100
|
|upkeep
|turn|27
|
|t:|1666673894
|move|p1a: Tangrowth|Giga Drain|p2a: Ferrothorn
|-resisted|p2a: Ferrothorn
|-damage|p2a: Ferrothorn|8/100
|-heal|p1a: Tangrowth|49/100|[from] drain|[of] p2a: Ferrothorn
|move|p2a: Ferrothorn|Knock Off|p1a: Tangrowth
|-damage|p1a: Tangrowth|42/100
|
|upkeep
|turn|28
|
|t:|1666673895
|move|p1a: Tangrowth|Sleep Powder|p2a: Ferrothorn
|-immune|p2a: Ferrothorn
|move|p2a: Ferrothorn|Knock Off|p1a: Tangrowth
|-damage|p1a: Tangrowth|35/100
|
|upkeep
|turn|29
|
|t:|1666673897
|move|p1a: Tangrowth|Sleep Powder|p2a: Ferrothorn
|-immune|p2a: Ferrothorn
|move|p2a: Ferrothorn|Knock Off|p1a: Tangrowth
|-damage|p1a: Tangrowth|28/100
|
|upkeep
|turn|30
|
|t:|1666673898
|move|p1a: Tangrowth|Sleep Powder|p2a: Ferrothorn
|-immune|p2a: Ferrothorn
|move|p2a: Ferrothorn|Knock Off|p1a: Tangrowth
|-damage|p1a: Tangrowth|20/100
|
|upkeep
|turn|31
|c| BabyPigsAreLaughin|Nice.
|
|t:|1666673899
|move|p1a: Tangrowth|Giga Drain|p2a: Ferrothorn
|-resisted|p2a: Ferrothorn
|-damage|p2a: Ferrothorn|2/100
|-heal|p1a: Tangrowth|22/100|[from] drain|[of] p2a: Ferrothorn
|move|p2a: Ferrothorn|Knock Off|p1a: Tangrowth
|-damage|p1a: Tangrowth|15/100
|
|upkeep
|turn|32
|
|t:|1666673901
|move|p1a: Tangrowth|Giga Drain|p2a: Ferrothorn
|-resisted|p2a: Ferrothorn
|-damage|p2a: Ferrothorn|0 fnt
|-heal|p1a: Tangrowth|16/100|[from] drain|[of] p2a: Ferrothorn
|faint|p2a: Ferrothorn
|
|upkeep
|
|t:|1666673903
|switch|p2a: Tapu Lele|Tapu Lele|67/100
|-fieldstart|move: Psychic Terrain|[from] ability: Psychic Surge|[of] p2a: Tapu Lele
|turn|33
|
|t:|1666673905
|move|p2a: Tapu Lele|Psychic|p1a: Tangrowth
|-damage|p1a: Tangrowth|0 fnt
|faint|p1a: Tangrowth
|
|upkeep
|
|t:|1666673905
|switch|p1a: rotomwash|Rotom-Wash|100/100
|turn|34
|
|t:|1666673907
|move|p2a: Tapu Lele|Psychic|p1a: rotomwash
|-damage|p1a: rotomwash|40/100
|-unboost|p1a: rotomwash|spd|1
|move|p1a: rotomwash|Thunderbolt|p2a: Tapu Lele
|-damage|p2a: Tapu Lele|26/100
|
|-heal|p1a: rotomwash|47/100|[from] item: Leftovers
|upkeep
|turn|35
|
|t:|1666673909
|move|p2a: Tapu Lele|Psychic|p1a: rotomwash
|-damage|p1a: rotomwash|0 fnt
|faint|p1a: rotomwash
|
|upkeep
|
|t:|1666673909
|switch|p1a: Heatran|Heatran, M|95/100
|-damage|p1a: Heatran|70/100|[from] Spikes
|turn|36
|
|t:|1666673910
|move|p2a: Tapu Lele|Focus Blast|p1a: Heatran
|-supereffective|p1a: Heatran
|-damage|p1a: Heatran|0 fnt
|faint|p1a: Heatran
|
|win|Saimasseuh v8
|raw|minimax_ai's rating: 1723 &rarr; <strong>1714</strong><br />(-9 for losing)
|raw|Saimasseuh v8's rating: 1932 &rarr; <strong>1941</strong><br />(+9 for winning)
|c|☆minimax_ai|gg
