|j|☆legitteambuilder
|j|‽MegaStarUniverse
|t:|1615458130
|player|p1|legitteambuilder|lance|1658
|player|p2|MegaStarUniverse|pokemonbreederf-gen4|1619
|teamsize|p1|6
|teamsize|p2|6
|gametype|singles
|gen|8
|tier|[Gen 8] OU
|rated|
|clearpoke
|poke|p1|Heatran, M|
|poke|p1|Dragapult, M|
|poke|p1|Landorus-Therian, M|
|poke|p1|Corviknight, F|
|poke|p1|Obstagoon, M|
|poke|p1|Tapu Lele|
|poke|p2|Rillaboom, F|
|poke|p2|Heatran, F|
|poke|p2|Slowking, M|
|poke|p2|Dragapult, M|
|poke|p2|Landorus-Therian, M|
|poke|p2|Bisharp, F|
|rule|Sleep Clause Mod: Limit one foe put to sleep
|rule|Species Clause: Limit one of each Pokémon
|rule|OHKO Clause: OHKO moves are banned
|rule|Evasion Moves Clause: Evasion moves are banned
|rule|Endless Battle Clause: Forcing endless battles is banned
|rule|HP Percentage Mod: HP is shown in percentages
|rule|Dynamax Clause: You cannot dynamax
|teampreview
|inactive|Battle timer is ON: inactive players will automatically lose when time's up. (requested by MegaStarUniverse)
|
|t:|1615458155
|start
|switch|p1a: Tapu Lele|Tapu Lele|100/100
|switch|p2a: Heatran|Heatran, F|100/100
|-fieldstart|move: Psychic Terrain|[from] ability: Psychic Surge|[of] p1a: Tapu Lele
|turn|1
|
|t:|1615458159
|switch|p2a: Slowking|Slowking, M|100/100
|move|p1a: Tapu Lele|Focus Blast|p2a: Slowking|[miss]
|-miss|p1a: Tapu Lele|p2a: Slowking
|
|upkeep
|turn|2
|
|t:|1615458166
|switch|p1a: no zone pls :(|Corviknight, F, shiny|100/100
|-ability|p1a: no zone pls :(|Pressure
|move|p2a: Slowking|Scald|p1a: no zone pls :(
|-damage|p1a: no zone pls :(|77/100
|-status|p1a: no zone pls :(|brn
|
|-damage|p1a: no zone pls :(|71/100 brn|[from] brn
|upkeep
|turn|3
|
|t:|1615458176
|move|p1a: no zone pls :(|U-turn|p2a: Slowking
|-supereffective|p2a: Slowking
|-damage|p2a: Slowking|86/100
|
|t:|1615458179
|switch|p1a: KISS|Obstagoon, M|100/100|[from]move: U-turn
|move|p2a: Slowking|Teleport|p2a: Slowking
|j| Team rocket kayla
|
|t:|1615458186
|switch|p2a: Landorus|Landorus-Therian, M|100/100|[from]move: Teleport
|-ability|p2a: Landorus|Intimidate|boost
|-unboost|p1a: KISS|atk|1
|
|-status|p1a: KISS|brn|[from] item: Flame Orb
|upkeep
|turn|4
|
|t:|1615458189
|switch|p1a: no zone pls :(|Corviknight, F, shiny|71/100 brn
|-ability|p1a: no zone pls :(|Pressure
|move|p2a: Landorus|Stealth Rock|p1a: no zone pls :(
|-sidestart|p1: legitteambuilder|move: Stealth Rock
|
|-damage|p1a: no zone pls :(|64/100 brn|[from] brn
|upkeep
|turn|5
|
|t:|1615458194
|move|p2a: Landorus|U-turn|p1a: no zone pls :(
|-resisted|p1a: no zone pls :(
|-damage|p1a: no zone pls :(|61/100 brn
|-damage|p2a: Landorus|84/100|[from] item: Rocky Helmet|[of] p1a: no zone pls :(
|
|t:|1615458201
|switch|p2a: Heatran|Heatran, F|100/100|[from]move: U-turn
|move|p1a: no zone pls :(|Defog|p2a: Heatran
|-unboost|p2a: Heatran|evasion|1
|-sideend|p1: legitteambuilder|Stealth Rock|[from] move: Defog|[of] p1a: no zone pls :(
|-fieldend|move: Psychic Terrain
|
|-damage|p1a: no zone pls :(|55/100 brn|[from] brn
|upkeep
|turn|6
|
|t:|1615458211
|switch|p1a: cheeto|Landorus-Therian, M|100/100
|-ability|p1a: cheeto|Intimidate|boost
|-unboost|p2a: Heatran|atk|1
|move|p2a: Heatran|Magma Storm|p1a: cheeto
|-damage|p1a: cheeto|38/100
|-activate|p1a: cheeto|move: Magma Storm|[of] p2a: Heatran
|
|-heal|p1a: cheeto|44/100|[from] item: Leftovers
|-damage|p1a: cheeto|32/100|[from] move: Magma Storm|[partiallytrapped]
|upkeep
|turn|7
|
|t:|1615458218
|move|p2a: Heatran|Magma Storm|p1a: cheeto
|-damage|p1a: cheeto|0 fnt
|faint|p1a: cheeto
|
|upkeep
|
|t:|1615458227
|switch|p1a: phrog|Heatran, M|100/100
|turn|8
|
|t:|1615458231
|move|p2a: Heatran|Earth Power|p1a: phrog
|-supereffective|p1a: phrog
|-damage|p1a: phrog|0 fnt
|faint|p1a: phrog
|
|upkeep
|c| Team rocket kayla|More like no heatran please
|-message|legitteambuilder forfeited.
|
|win|MegaStarUniverse
|raw|legitteambuilder's rating: 1658 &rarr; <strong>1640</strong><br />(-18 for losing)
|raw|MegaStarUniverse's rating: 1621 &rarr; <strong>1639</strong><br />(+18 for winning)
|l|☆legitteambuilder
|raw|legitteambuilder's rating: 1658 &rarr; <strong>1636</strong><br />(-22 for losing)
|raw|MegaStarUniverse's rating: 1621 &rarr; <strong>1643</strong><br />(+22 for winning)
|l| Team rocket kayla
