|j|☆Pkmn Ranger Umbra
|j|☆ferromolybdenum
|player|p1|Pkmn Ranger Umbra|pokemonranger-gen4|1405
|player|p2|ferromolybdenum|167|1421
|teamsize|p1|6
|teamsize|p2|6
|gametype|singles
|gen|8
|tier|[Gen 8] OU
|rated|
|clearpoke
|poke|p1|Clefable, F|
|poke|p1|Toxapex, M|
|poke|p1|Silvally-*|
|poke|p1|Rotom-Heat|
|poke|p1|Ferrothorn, M|
|poke|p1|Dragapult, F|
|poke|p2|Conkeldurr, F|
|poke|p2|Clefable, M|
|poke|p2|Hippowdon, F|
|poke|p2|Corviknight, M|
|poke|p2|Hydreigon, M|
|poke|p2|Kyurem|
|rule|Sleep Clause Mod: Limit one foe put to sleep
|rule|Species Clause: Limit one of each Pokémon
|rule|OHKO Clause: OHKO moves are banned
|rule|Evasion Moves Clause: Evasion moves are banned
|rule|Endless Battle Clause: Forcing endless battles is banned
|rule|HP Percentage Mod: HP is shown in percentages
|rule|Dynamax Clause: You cannot dynamax
|teampreview
|
|start
|switch|p1a: Ferrothorn|Ferrothorn, M|100/100
|switch|p2a: Clefable|Clefable, M|100/100
|turn|1
|
|move|p1a: Ferrothorn|Knock Off|p2a: Clefable
|-resisted|p2a: Clefable
|-damage|p2a: Clefable|88/100
|-enditem|p2a: Clefable|Leftovers|[from] move: Knock Off|[of] p1a: Ferrothorn
|move|p2a: Clefable|Teleport|p2a: Clefable
|
|switch|p2a: Conkeldurr|Conkeldurr, F|100/100|[from]move: Teleport
|
|-status|p2a: Conkeldurr|brn|[from] item: Flame Orb
|upkeep
|turn|2
|
|switch|p1a: Rotom|Rotom-Heat|100/100
|move|p2a: Conkeldurr|Mach Punch|p1a: Rotom
|-damage|p1a: Rotom|65/100
|
|-damage|p2a: Conkeldurr|95/100 brn|[from] brn
|upkeep
|turn|3
|
|switch|p2a: Hydreigon|Hydreigon, M|100/100
|move|p1a: Rotom|Overheat|p2a: Hydreigon
|-resisted|p2a: Hydreigon
|-damage|p2a: Hydreigon|72/100
|-unboost|p1a: Rotom|spa|2
|
|upkeep
|turn|4
|
|switch|p1a: Clefable|Clefable, F|100/100
|move|p2a: Hydreigon|Dark Pulse|p1a: Clefable
|-resisted|p1a: Clefable
|-damage|p1a: Clefable|88/100
|
|-heal|p1a: Clefable|94/100|[from] item: Leftovers
|upkeep
|turn|5
|
|switch|p2a: Corviknight|Corviknight, M|100/100
|-ability|p2a: Corviknight|Pressure
|move|p1a: Clefable|Teleport|p1a: Clefable
|
|switch|p1a: Ferrothorn|Ferrothorn, M|100/100|[from]move: Teleport
|
|upkeep
|turn|6
|
|move|p2a: Corviknight|Body Press|p1a: Ferrothorn
|-supereffective|p1a: Ferrothorn
|-damage|p1a: Ferrothorn|66/100
|-damage|p2a: Corviknight|88/100|[from] ability: Iron Barbs|[of] p1a: Ferrothorn
|move|p1a: Ferrothorn|Stealth Rock|p2a: Corviknight
|-sidestart|p2: ferromolybdenum|move: Stealth Rock
|
|-heal|p2a: Corviknight|94/100|[from] item: Leftovers
|-heal|p1a: Ferrothorn|72/100|[from] item: Leftovers
|upkeep
|turn|7
|
|move|p2a: Corviknight|Body Press|p1a: Ferrothorn
|-supereffective|p1a: Ferrothorn
|-damage|p1a: Ferrothorn|33/100
|-damage|p2a: Corviknight|82/100|[from] ability: Iron Barbs|[of] p1a: Ferrothorn
|move|p1a: Ferrothorn|Leech Seed|p2a: Corviknight
|-start|p2a: Corviknight|move: Leech Seed
|
|-heal|p2a: Corviknight|88/100|[from] item: Leftovers
|-heal|p1a: Ferrothorn|40/100|[from] item: Leftovers
|-damage|p2a: Corviknight|75/100|[from] Leech Seed|[of] p1a: Ferrothorn
|-heal|p1a: Ferrothorn|54/100|[silent]
|upkeep
|turn|8
|
|switch|p1a: Clefable|Clefable, F|94/100
|move|p2a: Corviknight|Defog|p1a: Clefable
|-unboost|p1a: Clefable|evasion|1
|-sideend|p2: ferromolybdenum|Stealth Rock|[from] move: Defog|[of] p2a: Corviknight
|
|-heal|p2a: Corviknight|82/100|[from] item: Leftovers
|-heal|p1a: Clefable|99/100|[from] item: Leftovers
|-damage|p2a: Corviknight|69/100|[from] Leech Seed|[of] p1a: Clefable
|-heal|p1a: Clefable|100/100|[silent]
|upkeep
|turn|9
|
|move|p2a: Corviknight|Iron Head|p1a: Clefable
|-supereffective|p1a: Clefable
|-damage|p1a: Clefable|43/100
|cant|p1a: Clefable|flinch
|
|-heal|p2a: Corviknight|75/100|[from] item: Leftovers
|-heal|p1a: Clefable|49/100|[from] item: Leftovers
|-damage|p2a: Corviknight|63/100|[from] Leech Seed|[of] p1a: Clefable
|-heal|p1a: Clefable|61/100|[silent]
|upkeep
|turn|10
|
|move|p1a: Clefable|Protect|p1a: Clefable
|-singleturn|p1a: Clefable|Protect
|move|p2a: Corviknight|Roost|p2a: Corviknight
|-heal|p2a: Corviknight|100/100
|-singleturn|p2a: Corviknight|move: Roost
|
|-heal|p1a: Clefable|68/100|[from] item: Leftovers
|-damage|p2a: Corviknight|88/100|[from] Leech Seed|[of] p1a: Clefable
|-heal|p1a: Clefable|80/100|[silent]
|upkeep
|turn|11
|
|move|p2a: Corviknight|Iron Head|p1a: Clefable
|-supereffective|p1a: Clefable
|-damage|p1a: Clefable|29/100
|move|p1a: Clefable|Wish|p1a: Clefable
|
|-heal|p2a: Corviknight|94/100|[from] item: Leftovers
|-heal|p1a: Clefable|36/100|[from] item: Leftovers
|-damage|p2a: Corviknight|82/100|[from] Leech Seed|[of] p1a: Clefable
|-heal|p1a: Clefable|48/100|[silent]
|upkeep
|turn|12
|
|move|p1a: Clefable|Protect|p1a: Clefable
|-singleturn|p1a: Clefable|Protect
|move|p2a: Corviknight|Iron Head|p1a: Clefable
|-activate|p1a: Clefable|move: Protect
|
|-heal|p1a: Clefable|98/100|[from] move: Wish|[wisher] Clefable
|-heal|p2a: Corviknight|88/100|[from] item: Leftovers
|-heal|p1a: Clefable|100/100|[from] item: Leftovers
|-damage|p2a: Corviknight|75/100|[from] Leech Seed|[of] p1a: Clefable
|upkeep
|turn|13
|
|switch|p1a: Rotom|Rotom-Heat|65/100
|move|p2a: Corviknight|Iron Head|p1a: Rotom
|-resisted|p1a: Rotom
|-damage|p1a: Rotom|59/100
|
|-heal|p2a: Corviknight|82/100|[from] item: Leftovers
|-damage|p2a: Corviknight|69/100|[from] Leech Seed|[of] p1a: Rotom
|-heal|p1a: Rotom|75/100|[silent]
|upkeep
|turn|14
|
|switch|p2a: Hydreigon|Hydreigon, M|72/100
|move|p1a: Rotom|Nasty Plot|p1a: Rotom
|-boost|p1a: Rotom|spa|2
|
|upkeep
|turn|15
|
|switch|p1a: Clefable|Clefable, F|100/100
|move|p2a: Hydreigon|Draco Meteor|p1a: Clefable
|-immune|p1a: Clefable
|
|upkeep
|turn|16
|
|switch|p2a: Corviknight|Corviknight, M|69/100
|-ability|p2a: Corviknight|Pressure
|move|p1a: Clefable|Wish|p1a: Clefable
|
|-heal|p2a: Corviknight|75/100|[from] item: Leftovers
|upkeep
|turn|17
|
|move|p2a: Corviknight|Iron Head|p1a: Clefable
|-supereffective|p1a: Clefable
|-damage|p1a: Clefable|49/100
|move|p1a: Clefable|Teleport|p1a: Clefable
|
|switch|p1a: Ferrothorn|Ferrothorn, M|54/100|[from]move: Teleport
|
|-heal|p1a: Ferrothorn|100/100|[from] move: Wish|[wisher] Clefable
|-heal|p2a: Corviknight|82/100|[from] item: Leftovers
|upkeep
|turn|18
|
|move|p2a: Corviknight|Body Press|p1a: Ferrothorn
|-supereffective|p1a: Ferrothorn
|-damage|p1a: Ferrothorn|61/100
|-damage|p2a: Corviknight|69/100|[from] ability: Iron Barbs|[of] p1a: Ferrothorn
|move|p1a: Ferrothorn|Leech Seed|p2a: Corviknight
|-start|p2a: Corviknight|move: Leech Seed
|
|-heal|p2a: Corviknight|75/100|[from] item: Leftovers
|-heal|p1a: Ferrothorn|68/100|[from] item: Leftovers
|-damage|p2a: Corviknight|63/100|[from] Leech Seed|[of] p1a: Ferrothorn
|-heal|p1a: Ferrothorn|82/100|[silent]
|upkeep
|turn|19
|
|move|p2a: Corviknight|Roost|p2a: Corviknight
|-heal|p2a: Corviknight|100/100
|-singleturn|p2a: Corviknight|move: Roost
|move|p1a: Ferrothorn|Knock Off|p2a: Corviknight
|-damage|p2a: Corviknight|87/100
|-enditem|p2a: Corviknight|Leftovers|[from] move: Knock Off|[of] p1a: Ferrothorn
|
|-heal|p1a: Ferrothorn|88/100|[from] item: Leftovers
|-damage|p2a: Corviknight|75/100|[from] Leech Seed|[of] p1a: Ferrothorn
|-heal|p1a: Ferrothorn|100/100|[silent]
|upkeep
|turn|20
|inactive|Battle timer is ON: inactive players will automatically lose when time's up. (requested by Pkmn Ranger Umbra)
|
|switch|p2a: Hydreigon|Hydreigon, M|72/100
|move|p1a: Ferrothorn|Stealth Rock|p2a: Hydreigon
|-sidestart|p2: ferromolybdenum|move: Stealth Rock
|
|upkeep
|turn|21
|
|move|p2a: Hydreigon|Fire Blast|p1a: Ferrothorn|[miss]
|-miss|p2a: Hydreigon|p1a: Ferrothorn
|move|p1a: Ferrothorn|Stealth Rock||[still]
|-fail|p1a: Ferrothorn
|
|upkeep
|turn|22
|
|switch|p1a: Toxapex|Toxapex, M|100/100
|move|p2a: Hydreigon|Fire Blast|p1a: Toxapex
|-resisted|p1a: Toxapex
|-damage|p1a: Toxapex|87/100
|-status|p1a: Toxapex|brn
|
|-heal|p1a: Toxapex|93/100 brn|[from] item: Black Sludge
|-damage|p1a: Toxapex|87/100 brn|[from] brn
|upkeep
|turn|23
|
|switch|p2a: Kyurem|Kyurem|100/100
|-damage|p2a: Kyurem|76/100|[from] Stealth Rock
|-ability|p2a: Kyurem|Pressure
|move|p1a: Toxapex|Toxic Spikes|p2a: Kyurem
|-sidestart|p2: ferromolybdenum|move: Toxic Spikes
|
|-heal|p1a: Toxapex|93/100 brn|[from] item: Black Sludge
|-damage|p1a: Toxapex|87/100 brn|[from] brn
|upkeep
|turn|24
|
|switch|p1a: Rotom|Rotom-Heat|75/100
|move|p2a: Kyurem|Freeze-Dry|p1a: Rotom
|-resisted|p1a: Rotom
|-damage|p1a: Rotom|47/100
|
|upkeep
|turn|25
|
|switch|p2a: Clefable|Clefable, M|88/100
|-status|p2a: Clefable|psn
|move|p1a: Rotom|Discharge|p2a: Clefable
|-damage|p2a: Clefable|68/100 psn
|
|upkeep
|turn|26
|
|move|p1a: Rotom|Nasty Plot|p1a: Rotom
|-boost|p1a: Rotom|spa|2
|move|p2a: Clefable|Wish|p2a: Clefable
|
|upkeep
|turn|27
|
|move|p2a: Clefable|Protect|p2a: Clefable
|-singleturn|p2a: Clefable|Protect
|move|p1a: Rotom|Nasty Plot|p1a: Rotom
|-boost|p1a: Rotom|spa|2
|
|-heal|p2a: Clefable|100/100 psn|[from] move: Wish|[wisher] Clefable
|upkeep
|turn|28
|
|switch|p2a: Hydreigon|Hydreigon, M|72/100
|-damage|p2a: Hydreigon|60/100|[from] Stealth Rock
|move|p1a: Rotom|Discharge|p2a: Hydreigon
|-resisted|p2a: Hydreigon
|-damage|p2a: Hydreigon|7/100
|
|upkeep
|turn|29
|
|switch|p1a: Clefable|Clefable, F|49/100
|move|p2a: Hydreigon|Draco Meteor|p1a: Clefable
|-immune|p1a: Clefable
|
|-heal|p1a: Clefable|55/100|[from] item: Leftovers
|upkeep
|turn|30
|
|switch|p2a: Corviknight|Corviknight, M|75/100
|-damage|p2a: Corviknight|62/100|[from] Stealth Rock
|-ability|p2a: Corviknight|Pressure
|move|p1a: Clefable|Wish|p1a: Clefable
|
|-heal|p1a: Clefable|61/100|[from] item: Leftovers
|upkeep
|turn|31
|
|switch|p1a: Rotom|Rotom-Heat|47/100
|move|p2a: Corviknight|Defog|p1a: Rotom
|-unboost|p1a: Rotom|evasion|1
|-sideend|p2: ferromolybdenum|Toxic Spikes|[from] move: Defog|[of] p2a: Corviknight
|-sideend|p2: ferromolybdenum|Stealth Rock|[from] move: Defog|[of] p2a: Corviknight
|
|-heal|p1a: Rotom|100/100|[from] move: Wish|[wisher] Clefable
|upkeep
|turn|32
|
|switch|p2a: Hydreigon|Hydreigon, M|7/100
|move|p1a: Rotom|Nasty Plot|p1a: Rotom
|-boost|p1a: Rotom|spa|2
|
|upkeep
|turn|33
|
|move|p2a: Hydreigon|Draco Meteor|p1a: Rotom
|-damage|p1a: Rotom|26/100
|-unboost|p2a: Hydreigon|spa|2
|move|p1a: Rotom|Discharge|p2a: Hydreigon
|-resisted|p2a: Hydreigon
|-damage|p2a: Hydreigon|0 fnt
|faint|p2a: Hydreigon
|
|upkeep
|
|switch|p2a: Kyurem|Kyurem|76/100
|-ability|p2a: Kyurem|Pressure
|turn|34
|
|switch|p1a: Ferrothorn|Ferrothorn, M|100/100
|move|p2a: Kyurem|Freeze-Dry|p1a: Ferrothorn
|-damage|p1a: Ferrothorn|61/100
|
|-heal|p1a: Ferrothorn|68/100|[from] item: Leftovers
|upkeep
|turn|35
|
|switch|p2a: Corviknight|Corviknight, M|62/100
|-ability|p2a: Corviknight|Pressure
|move|p1a: Ferrothorn|Leech Seed|p2a: Corviknight
|-start|p2a: Corviknight|move: Leech Seed
|
|-heal|p1a: Ferrothorn|74/100|[from] item: Leftovers
|-damage|p2a: Corviknight|50/100|[from] Leech Seed|[of] p1a: Ferrothorn
|-heal|p1a: Ferrothorn|88/100|[silent]
|upkeep
|turn|36
|
|move|p2a: Corviknight|Roost|p2a: Corviknight
|-heal|p2a: Corviknight|99/100
|-singleturn|p2a: Corviknight|move: Roost
|move|p1a: Ferrothorn|Stealth Rock|p2a: Corviknight
|-sidestart|p2: ferromolybdenum|move: Stealth Rock
|
|-heal|p1a: Ferrothorn|94/100|[from] item: Leftovers
|-damage|p2a: Corviknight|87/100|[from] Leech Seed|[of] p1a: Ferrothorn
|-heal|p1a: Ferrothorn|100/100|[silent]
|upkeep
|turn|37
|
|switch|p1a: Clefable|Clefable, F|61/100
|move|p2a: Corviknight|Defog|p1a: Clefable
|-unboost|p1a: Clefable|evasion|1
|-sideend|p2: ferromolybdenum|Stealth Rock|[from] move: Defog|[of] p2a: Corviknight
|
|-heal|p1a: Clefable|67/100|[from] item: Leftovers
|-damage|p2a: Corviknight|75/100|[from] Leech Seed|[of] p1a: Clefable
|-heal|p1a: Clefable|80/100|[silent]
|upkeep
|turn|38
|
|move|p2a: Corviknight|Iron Head|p1a: Clefable
|-supereffective|p1a: Clefable
|-damage|p1a: Clefable|24/100
|move|p1a: Clefable|Wish|p1a: Clefable
|
|-heal|p1a: Clefable|30/100|[from] item: Leftovers
|-damage|p2a: Corviknight|62/100|[from] Leech Seed|[of] p1a: Clefable
|-heal|p1a: Clefable|43/100|[silent]
|upkeep
|turn|39
|
|switch|p2a: Kyurem|Kyurem|76/100
|-ability|p2a: Kyurem|Pressure
|move|p1a: Clefable|Protect||[still]
|-fail|p1a: Clefable
|
|-heal|p1a: Clefable|93/100|[from] move: Wish|[wisher] Clefable
|-heal|p1a: Clefable|99/100|[from] item: Leftovers
|upkeep
|turn|40
|
|switch|p2a: Corviknight|Corviknight, M|62/100
|-ability|p2a: Corviknight|Pressure
|move|p1a: Clefable|Moonblast|p2a: Corviknight
|-resisted|p2a: Corviknight
|-damage|p2a: Corviknight|48/100
|-unboost|p2a: Corviknight|spa|1
|
|-heal|p1a: Clefable|100/100|[from] item: Leftovers
|upkeep
|turn|41
|
|move|p2a: Corviknight|Roost|p2a: Corviknight
|-heal|p2a: Corviknight|98/100
|-singleturn|p2a: Corviknight|move: Roost
|move|p1a: Clefable|Wish|p1a: Clefable
|
|upkeep
|turn|42
|
|move|p2a: Corviknight|Body Press|p1a: Clefable
|-resisted|p1a: Clefable
|-damage|p1a: Clefable|86/100
|move|p1a: Clefable|Teleport|p1a: Clefable
|
|switch|p1a: Rotom|Rotom-Heat|26/100|[from]move: Teleport
|
|-heal|p1a: Rotom|91/100|[from] move: Wish|[wisher] Clefable
|upkeep
|turn|43
|
|switch|p2a: Clefable|Clefable, M|100/100 psn
|move|p1a: Rotom|Overheat|p2a: Clefable|[miss]
|-miss|p1a: Rotom|p2a: Clefable
|
|upkeep
|turn|44
|
|move|p1a: Rotom|Nasty Plot|p1a: Rotom
|-boost|p1a: Rotom|spa|2
|move|p2a: Clefable|Teleport|p2a: Clefable
|
|switch|p2a: Kyurem|Kyurem|76/100|[from]move: Teleport
|-ability|p2a: Kyurem|Pressure
|
|upkeep
|turn|45
|
|switch|p1a: Clefable|Clefable, F|86/100
|move|p2a: Kyurem|Draco Meteor|p1a: Clefable
|-immune|p1a: Clefable
|
|-heal|p1a: Clefable|92/100|[from] item: Leftovers
|upkeep
|turn|46
|
|switch|p2a: Clefable|Clefable, M|100/100 psn
|switch|p1a: Rotom|Rotom-Heat|91/100
|
|upkeep
|turn|47
|
|move|p1a: Rotom|Overheat|p2a: Clefable
|-damage|p2a: Clefable|69/100 psn
|-unboost|p1a: Rotom|spa|2
|move|p2a: Clefable|Wish|p2a: Clefable
|
|upkeep
|turn|48
|
|switch|p1a: Dragapult|Dragapult, F|100/100
|move|p2a: Clefable|Protect||[still]
|-fail|p2a: Clefable
|
|-heal|p2a: Clefable|100/100 psn|[from] move: Wish|[wisher] Clefable
|upkeep
|turn|49
|
|move|p1a: Dragapult|U-turn|p2a: Clefable
|-resisted|p2a: Clefable
|-crit|p2a: Clefable
|-damage|p2a: Clefable|86/100 psn
|
|switch|p1a: Toxapex|Toxapex, M|100/100 brn|[from]move: U-turn
|move|p2a: Clefable|Moonblast|p1a: Toxapex
|-resisted|p1a: Toxapex
|-damage|p1a: Toxapex|88/100 brn
|
|-heal|p1a: Toxapex|94/100 brn|[from] item: Black Sludge
|-damage|p1a: Toxapex|88/100 brn|[from] brn
|upkeep
|turn|50
|
|move|p1a: Toxapex|Toxic Spikes|p2a: Clefable
|-sidestart|p2: ferromolybdenum|move: Toxic Spikes
|move|p2a: Clefable|Teleport|p2a: Clefable
|
|switch|p2a: Corviknight|Corviknight, M|98/100|[from]move: Teleport
|-ability|p2a: Corviknight|Pressure
|
|-heal|p1a: Toxapex|94/100 brn|[from] item: Black Sludge
|-damage|p1a: Toxapex|88/100 brn|[from] brn
|upkeep
|turn|51
|
|move|p2a: Corviknight|Defog|p1a: Toxapex
|-unboost|p1a: Toxapex|evasion|1
|-sideend|p2: ferromolybdenum|Toxic Spikes|[from] move: Defog|[of] p2a: Corviknight
|move|p1a: Toxapex|Toxic Spikes|p2a: Corviknight
|-sidestart|p2: ferromolybdenum|move: Toxic Spikes
|
|-heal|p1a: Toxapex|94/100 brn|[from] item: Black Sludge
|-damage|p1a: Toxapex|88/100 brn|[from] brn
|upkeep
|turn|52
|
|move|p2a: Corviknight|Defog|p1a: Toxapex
|-unboost|p1a: Toxapex|evasion|1
|-sideend|p2: ferromolybdenum|Toxic Spikes|[from] move: Defog|[of] p2a: Corviknight
|move|p1a: Toxapex|Toxic Spikes|p2a: Corviknight
|-sidestart|p2: ferromolybdenum|move: Toxic Spikes
|
|-heal|p1a: Toxapex|94/100 brn|[from] item: Black Sludge
|-damage|p1a: Toxapex|88/100 brn|[from] brn
|upkeep
|turn|53
|
|move|p2a: Corviknight|Defog|p1a: Toxapex
|-unboost|p1a: Toxapex|evasion|1
|-sideend|p2: ferromolybdenum|Toxic Spikes|[from] move: Defog|[of] p2a: Corviknight
|move|p1a: Toxapex|Scald|p2a: Corviknight
|-damage|p2a: Corviknight|83/100
|
|-heal|p1a: Toxapex|94/100 brn|[from] item: Black Sludge
|-damage|p1a: Toxapex|88/100 brn|[from] brn
|upkeep
|turn|54
|
|switch|p2a: Kyurem|Kyurem|76/100
|-ability|p2a: Kyurem|Pressure
|move|p1a: Toxapex|Toxic Spikes|p2a: Kyurem
|-sidestart|p2: ferromolybdenum|move: Toxic Spikes
|
|-heal|p1a: Toxapex|94/100 brn|[from] item: Black Sludge
|-damage|p1a: Toxapex|88/100 brn|[from] brn
|upkeep
|turn|55
|
|switch|p1a: Clefable|Clefable, F|92/100
|move|p2a: Kyurem|Freeze-Dry|p1a: Clefable
|-damage|p1a: Clefable|54/100
|
|-heal|p1a: Clefable|60/100|[from] item: Leftovers
|upkeep
|turn|56
|
|switch|p2a: Corviknight|Corviknight, M|83/100
|-ability|p2a: Corviknight|Pressure
|move|p1a: Clefable|Protect||[still]
|-fail|p1a: Clefable
|
|-heal|p1a: Clefable|66/100|[from] item: Leftovers
|upkeep
|turn|57
|
|switch|p1a: Rotom|Rotom-Heat|91/100
|move|p2a: Corviknight|Iron Head|p1a: Rotom
|-resisted|p1a: Rotom
|-damage|p1a: Rotom|84/100
|
|upkeep
|turn|58
|
|switch|p2a: Clefable|Clefable, M|86/100 psn
|move|p1a: Rotom|Nasty Plot|p1a: Rotom
|-boost|p1a: Rotom|spa|2
|
|upkeep
|turn|59
|inactive|ferromolybdenum has 120 seconds left.
|
|move|p1a: Rotom|Discharge|p2a: Clefable
|-damage|p2a: Clefable|51/100 psn
|move|p2a: Clefable|Teleport|p2a: Clefable
|
|switch|p2a: Kyurem|Kyurem|76/100|[from]move: Teleport
|-status|p2a: Kyurem|psn
|-ability|p2a: Kyurem|Pressure
|
|-damage|p2a: Kyurem|63/100 psn|[from] psn
|upkeep
|turn|60
|
|switch|p1a: Clefable|Clefable, F|66/100
|move|p2a: Kyurem|Draco Meteor|p1a: Clefable
|-immune|p1a: Clefable
|
|-heal|p1a: Clefable|72/100|[from] item: Leftovers
|-damage|p2a: Kyurem|51/100 psn|[from] psn
|upkeep
|turn|61
|
|switch|p2a: Corviknight|Corviknight, M|83/100
|-ability|p2a: Corviknight|Pressure
|move|p1a: Clefable|Teleport|p1a: Clefable
|
|switch|p1a: Rotom|Rotom-Heat|84/100|[from]move: Teleport
|
|upkeep
|turn|62
|-message|ferromolybdenum forfeited.
|
|win|Pkmn Ranger Umbra
|l|☆ferromolybdenum
||Ladder (probably) updated, but score could not be retrieved (Request timeout).
