|j|☆jiggles jig
|j|☆JoeyOwesMeMoney
|player|p1|jiggles jig|266|1441
|player|p2|JoeyOwesMeMoney|1|1291
|teamsize|p1|6
|teamsize|p2|6
|gametype|singles
|gen|8
|tier|[Gen 8] OU
|rated|
|rule|Sleep Clause Mod: Limit one foe put to sleep
|rule|Species Clause: Limit one of each Pokémon
|rule|OHKO Clause: OHKO moves are banned
|rule|Moody Clause: Moody is banned
|rule|Evasion Moves Clause: Evasion moves are banned
|rule|Endless Battle Clause: Forcing endless battles is banned
|rule|HP Percentage Mod: HP is shown in percentages
|clearpoke
|poke|p1|Togekiss, M|item
|poke|p1|Darmanitan-Galar, F|item
|poke|p1|Aegislash, M|item
|poke|p1|Rotom-Wash|item
|poke|p1|Ditto|item
|poke|p1|Excadrill, F|item
|poke|p2|Aegislash, F|item
|poke|p2|Tyranitar, F|item
|poke|p2|Excadrill, M|item
|poke|p2|Dugtrio, F|item
|poke|p2|Rotom-Wash|item
|poke|p2|Chandelure, F|item
|teampreview
|j| scooter4000
|
|start
|switch|p1a: Excadrill|Excadrill, F|100/100
|switch|p2a: Rotom|Rotom-Wash|100/100
|-ability|p1a: Excadrill|Mold Breaker
|turn|1
|
|move|p1a: Excadrill|Earthquake|p2a: Rotom
|-supereffective|p2a: Rotom
|-damage|p2a: Rotom|11/100
|move|p2a: Rotom|Will-O-Wisp|p1a: Excadrill
|-status|p1a: Excadrill|brn
|
|-heal|p2a: Rotom|17/100|[from] item: Leftovers
|-damage|p1a: Excadrill|94/100 brn|[from] brn
|upkeep
|turn|2
|
|switch|p2a: Dugtrio|Dugtrio, F|100/100
|move|p1a: Excadrill|Stealth Rock|p2a: Dugtrio
|-sidestart|p2: JoeyOwesMeMoney|move: Stealth Rock
|
|-damage|p1a: Excadrill|88/100 brn|[from] brn
|upkeep
|turn|3
|
|move|p2a: Dugtrio|Earthquake|p1a: Excadrill
|-supereffective|p1a: Excadrill
|-damage|p1a: Excadrill|0 fnt
|faint|p1a: Excadrill
|
|upkeep
|
|switch|p1a: Rotom|Rotom-Wash|100/100
|turn|4
|
|move|p2a: Dugtrio|Stealth Rock|p1a: Rotom
|-sidestart|p1: jiggles jig|move: Stealth Rock
|move|p1a: Rotom|Hydro Pump|p2a: Dugtrio
|-supereffective|p2a: Dugtrio
|-enditem|p2a: Dugtrio|Focus Sash
|-damage|p2a: Dugtrio|1/100
|
|upkeep
|turn|5
|
|move|p2a: Dugtrio|Memento|p1a: Rotom
|-unboost|p1a: Rotom|atk|2
|-unboost|p1a: Rotom|spa|2
|faint|p2a: Dugtrio
|move|p1a: Rotom|Will-O-Wisp|p2: Dugtrio|[notarget]
|-fail|p1a: Rotom
|
|upkeep
|
|switch|p2a: Aegislash|Aegislash, F|100/100
|-damage|p2a: Aegislash|94/100|[from] Stealth Rock
|turn|6
|
|move|p1a: Rotom|Will-O-Wisp|p2a: Aegislash
|-status|p2a: Aegislash|brn
|-formechange|p2a: Aegislash|Aegislash-Blade||[from] ability: Stance Change
|move|p2a: Aegislash|Shadow Ball|p1a: Rotom
|-damage|p1a: Rotom|50/100
|
|-heal|p1a: Rotom|56/100|[from] item: Leftovers
|-damage|p2a: Aegislash|88/100 brn|[from] brn
|upkeep
|turn|7
|
|move|p1a: Rotom|Protect|p1a: Rotom
|-singleturn|p1a: Rotom|Protect
|-formechange|p2a: Aegislash|Aegislash||[from] ability: Stance Change
|move|p2a: Aegislash|King's Shield||[still]
|-fail|p2a: Aegislash
|
|-heal|p1a: Rotom|62/100|[from] item: Leftovers
|-damage|p2a: Aegislash|82/100 brn|[from] brn
|upkeep
|turn|8
|
|move|p1a: Rotom|Volt Switch|p2a: Aegislash
|-crit|p2a: Aegislash
|-damage|p2a: Aegislash|55/100 brn
|
|switch|p1a: Togekiss|Togekiss, M|100/100|[from]move: Volt Switch
|-damage|p1a: Togekiss|76/100|[from] Stealth Rock
|-formechange|p2a: Aegislash|Aegislash-Blade||[from] ability: Stance Change
|move|p2a: Aegislash|Shadow Ball|p1a: Togekiss
|-damage|p1a: Togekiss|31/100
|
|-heal|p1a: Togekiss|37/100|[from] item: Leftovers
|-damage|p2a: Aegislash|49/100 brn|[from] brn
|upkeep
|turn|9
|
|move|p1a: Togekiss|Air Slash|p2a: Aegislash
|-resisted|p2a: Aegislash
|-damage|p2a: Aegislash|13/100 brn
|cant|p2a: Aegislash|flinch
|
|-heal|p1a: Togekiss|44/100|[from] item: Leftovers
|-damage|p2a: Aegislash|7/100 brn|[from] brn
|upkeep
|turn|10
|
|move|p2a: Aegislash|Shadow Sneak|p1a: Togekiss
|-damage|p1a: Togekiss|33/100
|move|p1a: Togekiss|Air Slash|p2a: Aegislash
|-resisted|p2a: Aegislash
|-damage|p2a: Aegislash|0 fnt
|faint|p2a: Aegislash
|
|-heal|p1a: Togekiss|39/100|[from] item: Leftovers
|upkeep
|
|switch|p2a: Tyranitar|Tyranitar, F|100/100
|-damage|p2a: Tyranitar|88/100|[from] Stealth Rock
|-weather|Sandstorm|[from] ability: Sand Stream|[of] p2a: Tyranitar
|turn|11
|
|move|p2a: Tyranitar|Stone Edge|p1a: Togekiss
|-supereffective|p1a: Togekiss
|-crit|p1a: Togekiss
|-damage|p1a: Togekiss|0 fnt
|faint|p1a: Togekiss
|
|-weather|Sandstorm|[upkeep]
|upkeep
|
|switch|p1a: Aegislash|Aegislash, M|100/100
|-damage|p1a: Aegislash|95/100|[from] Stealth Rock
|-item|p1a: Aegislash|Air Balloon
|turn|12
|
|-start|p2a: Tyranitar|Dynamax
|-heal|p2a: Tyranitar|88/100|[from] Dynamax
|move|p2a: Tyranitar|Max Darkness|p1a: Aegislash
|-supereffective|p1a: Aegislash
|-damage|p1a: Aegislash|0 fnt
|-enditem|p1a: Aegislash|Air Balloon
|faint|p1a: Aegislash
|
|-weather|Sandstorm|[upkeep]
|upkeep
|
|switch|p1a: Darmanitan|Darmanitan-Galar, F|100/100
|-damage|p1a: Darmanitan|76/100|[from] Stealth Rock
|turn|13
|
|-hint|Dynamax ended.
|switch|p2a: Rotom|Rotom-Wash|17/100
|-damage|p2a: Rotom|4/100|[from] Stealth Rock
|move|p1a: Darmanitan|U-turn|p2a: Rotom
|-damage|p2a: Rotom|0 fnt
|faint|p2a: Rotom
|
|switch|p1a: Rotom|Rotom-Wash|62/100|[from]move: U-turn
|-damage|p1a: Rotom|50/100|[from] Stealth Rock
|
|-weather|Sandstorm|[upkeep]
|-damage|p1a: Rotom|44/100|[from] Sandstorm
|-heal|p1a: Rotom|50/100|[from] item: Leftovers
|upkeep
|inactive|Battle timer is ON: inactive players will automatically lose when time's up. (requested by jiggles jig)
|
|switch|p2a: Tyranitar|Tyranitar, F|88/100
|-damage|p2a: Tyranitar|76/100|[from] Stealth Rock
|turn|14
|
|move|p1a: Rotom|Protect|p1a: Rotom
|-singleturn|p1a: Rotom|Protect
|move|p2a: Tyranitar|Crunch|p1a: Rotom
|-activate|p1a: Rotom|move: Protect
|
|-weather|Sandstorm|[upkeep]
|-damage|p1a: Rotom|44/100|[from] Sandstorm
|-heal|p1a: Rotom|50/100|[from] item: Leftovers
|upkeep
|turn|15
|
|move|p2a: Tyranitar|Crunch|p1a: Rotom
|-damage|p1a: Rotom|14/100
|move|p1a: Rotom|Hydro Pump|p2a: Tyranitar
|-supereffective|p2a: Tyranitar
|-damage|p2a: Tyranitar|26/100
|
|-weather|none
|-heal|p1a: Rotom|20/100|[from] item: Leftovers
|upkeep
|turn|16
|
|move|p1a: Rotom|Protect|p1a: Rotom
|-singleturn|p1a: Rotom|Protect
|move|p2a: Tyranitar|Crunch|p1a: Rotom
|-activate|p1a: Rotom|move: Protect
|
|-heal|p1a: Rotom|26/100|[from] item: Leftovers
|upkeep
|turn|17
|
|move|p2a: Tyranitar|Crunch|p1a: Rotom
|-damage|p1a: Rotom|0 fnt
|faint|p1a: Rotom
|
|upkeep
|
|switch|p1a: Ditto|Ditto|100/100
|-damage|p1a: Ditto|88/100|[from] Stealth Rock
|-transform|p1a: Ditto|p2a: Tyranitar|[from] ability: Imposter
|-weather|Sandstorm|[from] ability: Sand Stream|[of] p1a: Ditto
|turn|18
|c|☆JoeyOwesMeMoney|gg 2 ez
|
|move|p2a: Tyranitar|Crunch|p1a: Ditto
|-resisted|p1a: Ditto
|-damage|p1a: Ditto|67/100
|move|p1a: Ditto|Crunch|p2a: Tyranitar
|-resisted|p2a: Tyranitar
|-damage|p2a: Tyranitar|8/100
|
|-weather|Sandstorm|[upkeep]
|upkeep
|turn|19
|
|move|p2a: Tyranitar|Crunch|p1a: Ditto
|-resisted|p1a: Ditto
|-damage|p1a: Ditto|43/100
|move|p1a: Ditto|Crunch|p2a: Tyranitar
|-resisted|p2a: Tyranitar
|-damage|p2a: Tyranitar|0 fnt
|faint|p2a: Tyranitar
|
|-weather|Sandstorm|[upkeep]
|upkeep
|
|switch|p2a: Excadrill|Excadrill, M|100/100
|-damage|p2a: Excadrill|97/100|[from] Stealth Rock
|turn|20
|
|switch|p1a: Darmanitan|Darmanitan-Galar, F|76/100
|-damage|p1a: Darmanitan|51/100|[from] Stealth Rock
|move|p2a: Excadrill|Earthquake|p1a: Darmanitan
|-damage|p1a: Darmanitan|0 fnt
|faint|p1a: Darmanitan
|
|-weather|Sandstorm|[upkeep]
|upkeep
|
|switch|p1a: Ditto|Ditto|43/100
|-damage|p1a: Ditto|31/100|[from] Stealth Rock
|-transform|p1a: Ditto|p2a: Excadrill|[from] ability: Imposter
|turn|21
|
|move|p1a: Ditto|Earthquake|p2a: Excadrill
|-supereffective|p2a: Excadrill
|-damage|p2a: Excadrill|0 fnt
|faint|p2a: Excadrill
|
|-weather|Sandstorm|[upkeep]
|upkeep
|-message|JoeyOwesMeMoney forfeited.
|
|win|jiggles jig
|l|☆JoeyOwesMeMoney
|raw|jiggles jig's rating: 1457 &rarr; <strong>1468</strong><br />(+11 for winning)
|raw|JoeyOwesMeMoney's rating: 1291 &rarr; <strong>1278</strong><br />(-13 for losing)
