|j|☆Lemon Ginger
|j|☆dddjfdw
|t:|1667319308
|gametype|singles
|player|p1|Lemon Ginger|169|1524
|player|p2|dddjfdw|1|1643
|teamsize|p1|6
|teamsize|p2|6
|gen|8
|tier|[Gen 8] OU
|rated|
|rule|Sleep Clause Mod: Limit one foe put to sleep
|rule|Species Clause: Limit one of each Pokémon
|rule|OHKO Clause: OHKO moves are banned
|rule|Evasion Items Clause: Evasion items are banned
|rule|Evasion Moves Clause: Evasion moves are banned
|rule|Endless Battle Clause: Forcing endless battles is banned
|rule|HP Percentage Mod: HP is shown in percentages
|rule|Dynamax Clause: You cannot dynamax
|clearpoke
|poke|p1|Entei|
|poke|p1|Weavile, F|
|poke|p1|Garchomp, F|
|poke|p1|Araquanid, F|
|poke|p1|Nihilego|
|poke|p1|Tornadus-Therian, M|
|poke|p2|Landorus-Therian, M|
|poke|p2|Tyranitar, F|
|poke|p2|Ferrothorn, M|
|poke|p2|Excadrill, F|
|poke|p2|Tangrowth, M|
|poke|p2|Volcanion|
|teampreview
|inactive|Battle timer is ON: inactive players will automatically lose when time's up. (requested by dddjfdw)
|
|t:|1667319326
|start
|switch|p1a: Araquanid|Araquanid, F|100/100
|switch|p2a: Ferrothorn|Ferrothorn, M|100/100
|turn|1
|
|t:|1667319339
|move|p1a: Araquanid|Magic Coat|p1a: Araquanid
|-singleturn|p1a: Araquanid|move: Magic Coat
|move|p2a: Ferrothorn|Spikes|p1a: Araquanid
|move|p1a: Araquanid|Spikes|p2a: Ferrothorn|[from]Magic Coat
|-sidestart|p2: dddjfdw|Spikes
|
|upkeep
|turn|2
|
|t:|1667319345
|move|p1a: Araquanid|Sticky Web|p2a: Ferrothorn
|-sidestart|p2: dddjfdw|move: Sticky Web
|move|p2a: Ferrothorn|Knock Off|p1a: Araquanid
|-damage|p1a: Araquanid|83/100
|-enditem|p1a: Araquanid|Heavy-Duty Boots|[from] move: Knock Off|[of] p2a: Ferrothorn
|
|upkeep
|turn|3
|
|t:|1667319348
|switch|p1a: Entei|Entei|100/100
|move|p2a: Ferrothorn|Leech Seed|p1a: Entei
|-start|p1a: Entei|move: Leech Seed
|
|-damage|p1a: Entei|88/100|[from] Leech Seed|[of] p2a: Ferrothorn
|upkeep
|turn|4
|
|t:|1667319359
|switch|p2a: Volcanion|Volcanion|100/100
|move|p1a: Entei|Sacred Fire|p2a: Volcanion
|-resisted|p2a: Volcanion
|-damage|p2a: Volcanion|85/100
|-damage|p1a: Entei|78/100|[from] item: Life Orb
|
|-damage|p1a: Entei|66/100|[from] Leech Seed|[of] p2a: Volcanion
|-heal|p2a: Volcanion|99/100|[silent]
|upkeep
|turn|5
|l|☆dddjfdw
|inactive|dddjfdw disconnected and has a minute to reconnect!
|player|p2|
|inactive|dddjfdw has 30 seconds to reconnect!
|inactive|dddjfdw has 20 seconds to reconnect!
|j| ultimate ou
|inactive|dddjfdw has 15 seconds to reconnect!
|inactive|dddjfdw has 10 seconds to reconnect!
|j|☆dddjfdw
|inactive|dddjfdw reconnected and has 80 seconds left.
|player|p2|dddjfdw|1
|
|t:|1667319436
|move|p1a: Entei|Stone Edge|p2a: Volcanion
|-supereffective|p2a: Volcanion
|-damage|p2a: Volcanion|13/100
|-damage|p1a: Entei|56/100|[from] item: Life Orb
|move|p2a: Volcanion|Earth Power|p1a: Entei
|-supereffective|p1a: Entei
|-damage|p1a: Entei|0 fnt
|faint|p1a: Entei
|
|upkeep
|c|☆dddjfdw|，1
|inactive|Lemon Ginger has 120 seconds left.
|
|t:|1667319493
|switch|p1a: Araquanid|Araquanid, F|83/100
|turn|6
|
|t:|1667319503
|switch|p2a: Ferrothorn|Ferrothorn, M|100/100
|-damage|p2a: Ferrothorn|88/100|[from] Spikes
|-activate|p2a: Ferrothorn|move: Sticky Web
|-unboost|p2a: Ferrothorn|spe|1
|move|p1a: Araquanid|Toxic|p2a: Ferrothorn
|-immune|p2a: Ferrothorn
|
|-heal|p2a: Ferrothorn|94/100|[from] item: Leftovers
|upkeep
|turn|7
|inactive|dddjfdw has 90 seconds left.
|
|t:|1667319510
|switch|p1a: Tornadus|Tornadus-Therian, M|100/100
|move|p2a: Ferrothorn|Leech Seed|p1a: Tornadus|[miss]
|-miss|p2a: Ferrothorn|p1a: Tornadus
|
|-heal|p2a: Ferrothorn|100/100|[from] item: Leftovers
|upkeep
|turn|8
|
|t:|1667319519
|switch|p2a: Tyranitar|Tyranitar, F|100/100
|-damage|p2a: Tyranitar|88/100|[from] Spikes
|-activate|p2a: Tyranitar|move: Sticky Web
|-unboost|p2a: Tyranitar|spe|1
|-weather|Sandstorm|[from] ability: Sand Stream|[of] p2a: Tyranitar
|move|p1a: Tornadus|Taunt|p2a: Tyranitar
|-start|p2a: Tyranitar|move: Taunt
|
|-weather|Sandstorm|[upkeep]
|-damage|p1a: Tornadus|94/100|[from] Sandstorm
|-heal|p2a: Tyranitar|94/100|[from] item: Leftovers
|upkeep
|turn|9
|inactive|Lemon Ginger has 120 seconds left.
|
|t:|1667319534
|move|p1a: Tornadus|Focus Blast|p2a: Tyranitar
|-supereffective|p2a: Tyranitar
|-damage|p2a: Tyranitar|40/100
|move|p2a: Tyranitar|Rock Blast|p1a: Tornadus
|-supereffective|p1a: Tornadus
|-damage|p1a: Tornadus|70/100
|-supereffective|p1a: Tornadus
|-crit|p1a: Tornadus
|-damage|p1a: Tornadus|31/100
|-hitcount|p1a: Tornadus|2
|
|-weather|Sandstorm|[upkeep]
|-damage|p1a: Tornadus|25/100|[from] Sandstorm
|-heal|p2a: Tyranitar|47/100|[from] item: Leftovers
|upkeep
|turn|10
|inactive|dddjfdw has 90 seconds left.
|
|t:|1667319551
|switch|p2a: Landorus|Landorus-Therian, M|100/100
|-ability|p2a: Landorus|Intimidate|boost
|-unboost|p1a: Tornadus|atk|1
|move|p1a: Tornadus|Focus Blast|p2a: Landorus
|-resisted|p2a: Landorus
|-damage|p2a: Landorus|85/100
|
|-weather|Sandstorm|[upkeep]
|-damage|p1a: Tornadus|19/100|[from] Sandstorm
|-heal|p2a: Landorus|91/100|[from] item: Leftovers
|upkeep
|turn|11
|inactive|dddjfdw has 90 seconds left.
|
|t:|1667319564
|switch|p1a: Weavile|Weavile, F|100/100
|move|p2a: Landorus|Toxic|p1a: Weavile
|-status|p1a: Weavile|tox
|
|-weather|Sandstorm|[upkeep]
|-damage|p1a: Weavile|94/100 tox|[from] Sandstorm
|-heal|p2a: Landorus|97/100|[from] item: Leftovers
|-damage|p1a: Weavile|88/100 tox|[from] psn
|upkeep
|turn|12
|inactive|dddjfdw has 90 seconds left.
|
|t:|1667319578
|move|p1a: Weavile|Swords Dance|p1a: Weavile
|-boost|p1a: Weavile|atk|2
|move|p2a: Landorus|U-turn|p1a: Weavile
|-supereffective|p1a: Weavile
|-damage|p1a: Weavile|12/100 tox
|inactive|dddjfdw has 90 seconds left.
|
|t:|1667319586
|switch|p2a: Tyranitar|Tyranitar, F|47/100|[from]move: U-turn
|-damage|p2a: Tyranitar|34/100|[from] Spikes
|-activate|p2a: Tyranitar|move: Sticky Web
|-unboost|p2a: Tyranitar|spe|1
|
|-weather|none
|-heal|p2a: Tyranitar|40/100|[from] item: Leftovers
|-damage|p1a: Weavile|0 fnt|[from] psn
|faint|p1a: Weavile
|upkeep
|inactive|Lemon Ginger has 120 seconds left.
|c|☆dddjfdw|1
|l| ultimate ou
|
|t:|1667319641
|switch|p1a: Garchomp|Garchomp, F|100/100
|turn|13
|
|t:|1667319644
|move|p1a: Garchomp|Swords Dance|p1a: Garchomp
|-boost|p1a: Garchomp|atk|2
|move|p2a: Tyranitar|Toxic|p1a: Garchomp
|-status|p1a: Garchomp|tox
|
|-heal|p2a: Tyranitar|47/100|[from] item: Leftovers
|-damage|p1a: Garchomp|94/100 tox|[from] psn
|upkeep
|turn|14
|
|t:|1667319653
|move|p2a: Tyranitar|Protect|p2a: Tyranitar
|-singleturn|p2a: Tyranitar|Protect
|move|p1a: Garchomp|Aqua Tail|p2a: Tyranitar
|-activate|p2a: Tyranitar|move: Protect
|
|-heal|p2a: Tyranitar|53/100|[from] item: Leftovers
|-damage|p1a: Garchomp|82/100 tox|[from] psn
|upkeep
|turn|15
|
|t:|1667319663
|switch|p2a: Landorus|Landorus-Therian, M|97/100
|-ability|p2a: Landorus|Intimidate|boost
|-unboost|p1a: Garchomp|atk|1
|move|p1a: Garchomp|Stone Edge|p2a: Landorus
|-damage|p2a: Landorus|29/100
|-damage|p1a: Garchomp|72/100 tox|[from] item: Life Orb
|
|-heal|p2a: Landorus|35/100|[from] item: Leftovers
|-damage|p1a: Garchomp|54/100 tox|[from] psn
|upkeep
|turn|16
|
|t:|1667319676
|switch|p2a: Volcanion|Volcanion|13/100
|move|p1a: Garchomp|Stone Edge|p2a: Volcanion
|-supereffective|p2a: Volcanion
|-damage|p2a: Volcanion|0 fnt
|faint|p2a: Volcanion
|-damage|p1a: Garchomp|44/100 tox|[from] item: Life Orb
|
|-damage|p1a: Garchomp|19/100 tox|[from] psn
|upkeep
|
|t:|1667319690
|switch|p2a: Tyranitar|Tyranitar, F|53/100
|-damage|p2a: Tyranitar|40/100|[from] Spikes
|-activate|p2a: Tyranitar|move: Sticky Web
|-unboost|p2a: Tyranitar|spe|1
|-weather|Sandstorm|[from] ability: Sand Stream|[of] p2a: Tyranitar
|turn|17
|
|t:|1667319698
|switch|p1a: Tornadus|Tornadus-Therian, M|52/100
|move|p2a: Tyranitar|Protect||[still]
|-fail|p2a: Tyranitar
|
|-weather|Sandstorm|[upkeep]
|-damage|p1a: Tornadus|46/100|[from] Sandstorm
|-heal|p2a: Tyranitar|47/100|[from] item: Leftovers
|upkeep
|turn|18
|inactive|dddjfdw has 120 seconds left.
|
|t:|1667319704
|move|p2a: Tyranitar|Protect|p2a: Tyranitar
|-singleturn|p2a: Tyranitar|Protect
|move|p1a: Tornadus|Focus Blast|p2a: Tyranitar
|-activate|p2a: Tyranitar|move: Protect
|
|-weather|Sandstorm|[upkeep]
|-damage|p1a: Tornadus|40/100|[from] Sandstorm
|-heal|p2a: Tyranitar|53/100|[from] item: Leftovers
|upkeep
|turn|19
|inactive|dddjfdw has 120 seconds left.
|
|t:|1667319726
|move|p1a: Tornadus|Nasty Plot|p1a: Tornadus
|-boost|p1a: Tornadus|spa|2
|move|p2a: Tyranitar|Rock Blast|p1a: Tornadus
|-supereffective|p1a: Tornadus
|-damage|p1a: Tornadus|17/100
|-supereffective|p1a: Tornadus
|-damage|p1a: Tornadus|0 fnt
|faint|p1a: Tornadus
|-hitcount|p1: Tornadus|2
|
|-weather|Sandstorm|[upkeep]
|-heal|p2a: Tyranitar|59/100|[from] item: Leftovers
|upkeep
|
|t:|1667319731
|switch|p1a: Araquanid|Araquanid, F|83/100
|turn|20
|
|t:|1667319736
|move|p2a: Tyranitar|Protect|p2a: Tyranitar
|-singleturn|p2a: Tyranitar|Protect
|move|p1a: Araquanid|Scald|p2a: Tyranitar
|-activate|p2a: Tyranitar|move: Protect
|
|-weather|Sandstorm|[upkeep]
|-damage|p1a: Araquanid|77/100|[from] Sandstorm
|-heal|p2a: Tyranitar|65/100|[from] item: Leftovers
|upkeep
|turn|21
|inactive|dddjfdw has 120 seconds left.
|
|t:|1667319752
|switch|p2a: Ferrothorn|Ferrothorn, M|100/100
|-damage|p2a: Ferrothorn|88/100|[from] Spikes
|-activate|p2a: Ferrothorn|move: Sticky Web
|-unboost|p2a: Ferrothorn|spe|1
|move|p1a: Araquanid|Scald|p2a: Ferrothorn
|-resisted|p2a: Ferrothorn
|-damage|p2a: Ferrothorn|81/100
|
|-weather|none
|-heal|p2a: Ferrothorn|87/100|[from] item: Leftovers
|upkeep
|turn|22
|inactive|dddjfdw has 120 seconds left.
|
|t:|1667319762
|move|p1a: Araquanid|Scald|p2a: Ferrothorn
|-resisted|p2a: Ferrothorn
|-crit|p2a: Ferrothorn
|-damage|p2a: Ferrothorn|77/100
|move|p2a: Ferrothorn|Leech Seed|p1a: Araquanid
|-start|p1a: Araquanid|move: Leech Seed
|
|-heal|p2a: Ferrothorn|83/100|[from] item: Leftovers
|-damage|p1a: Araquanid|65/100|[from] Leech Seed|[of] p2a: Ferrothorn
|-heal|p2a: Ferrothorn|95/100|[silent]
|upkeep
|turn|23
|-message|Lemon Ginger forfeited.
|
|win|dddjfdw
|raw|Lemon Ginger's rating: 1524 &rarr; <strong>1511</strong><br />(-13 for losing)
|raw|dddjfdw's rating: 1643 &rarr; <strong>1656</strong><br />(+13 for winning)
|l|☆Lemon Ginger
||Ladder isn't responding, score probably updated but might not have (Request timeout).
