|j|☆Hgfhhfghfff
|j|☆Sam360games
|t:|1615606706
|player|p1|Hgfhhfghfff|265|1356
|player|p2|Sam360games|bruno-gen3|1378
|teamsize|p1|6
|teamsize|p2|6
|gametype|singles
|gen|8
|tier|[Gen 8] OU
|rated|
|clearpoke
|poke|p1|Mandibuzz, F|
|poke|p1|Zeraora|
|poke|p1|Rillaboom, F|
|poke|p1|Jirachi|
|poke|p1|Keldeo-Resolute|
|poke|p1|Marowak-Alola, F|
|poke|p2|Tapu Lele|
|poke|p2|Pelipper, F|
|poke|p2|Barraskewda, M|
|poke|p2|Kingdra, M|
|poke|p2|Ferrothorn, M|
|poke|p2|Volcarona, M|
|rule|Sleep Clause Mod: Limit one foe put to sleep
|rule|Species Clause: Limit one of each Pokémon
|rule|OHKO Clause: OHKO moves are banned
|rule|Evasion Moves Clause: Evasion moves are banned
|rule|Endless Battle Clause: Forcing endless battles is banned
|rule|HP Percentage Mod: HP is shown in percentages
|rule|Dynamax Clause: You cannot dynamax
|teampreview
|
|t:|1615606725
|start
|switch|p1a: Zeraora|Zeraora, shiny|100/100
|switch|p2a: Kolluki|Tapu Lele, shiny|100/100
|-fieldstart|move: Psychic Terrain|[from] ability: Psychic Surge|[of] p2a: Kolluki
|turn|1
|
|t:|1615606730
|switch|p1a: Jirachi|Jirachi, shiny|100/100
|move|p2a: Kolluki|Moonblast|p1a: Jirachi
|-resisted|p1a: Jirachi
|-damage|p1a: Jirachi|62/100
|-unboost|p1a: Jirachi|spa|1
|
|-heal|p1a: Jirachi|68/100|[from] item: Leftovers
|upkeep
|turn|2
|
|t:|1615606743
|switch|p1a: Marowak|Marowak-Alola, F|100/100
|switch|p2a: Côtelette|Ferrothorn, M, shiny|100/100
|
|upkeep
|turn|3
|
|t:|1615606751
|move|p1a: Marowak|Poltergeist|p2a: Côtelette
|-activate|p2a: Côtelette|move: Poltergeist|Rocky Helmet
|-damage|p2a: Côtelette|49/100
|move|p2a: Côtelette|Knock Off|p1a: Marowak
|-supereffective|p1a: Marowak
|-damage|p1a: Marowak|57/100
|-enditem|p1a: Marowak|Thick Club|[from] move: Knock Off|[of] p2a: Côtelette
|
|upkeep
|turn|4
|
|t:|1615606758
|switch|p2a: Dover|Pelipper, F, shiny|100/100
|-weather|RainDance|[from] ability: Drizzle|[of] p2a: Dover
|move|p1a: Marowak|Flare Blitz|p2a: Dover
|-resisted|p2a: Dover
|-damage|p2a: Dover|91/100
|-status|p2a: Dover|brn
|
|-weather|RainDance|[upkeep]
|-damage|p2a: Dover|85/100 brn|[from] brn
|upkeep
|turn|5
|
|t:|1615606768
|switch|p1a: Jirachi|Jirachi, shiny|68/100
|move|p2a: Dover|Scald|p1a: Jirachi
|-damage|p1a: Jirachi|27/100
|
|-weather|RainDance|[upkeep]
|-heal|p1a: Jirachi|33/100|[from] item: Leftovers
|-damage|p2a: Dover|79/100 brn|[from] brn
|-fieldend|move: Psychic Terrain
|upkeep
|turn|6
|
|t:|1615606777
|move|p1a: Jirachi|Psychic|p2a: Dover
|-damage|p2a: Dover|28/100 brn
|move|p2a: Dover|Scald|p1a: Jirachi
|-damage|p1a: Jirachi|0 fnt
|faint|p1a: Jirachi
|
|-weather|RainDance|[upkeep]
|-damage|p2a: Dover|21/100 brn|[from] brn
|upkeep
|
|t:|1615606784
|switch|p1a: Zeraora|Zeraora, shiny|100/100
|turn|7
|
|t:|1615606788
|switch|p2a: Côtelette|Ferrothorn, M, shiny|49/100
|move|p1a: Zeraora|Knock Off|p2a: Côtelette
|-damage|p2a: Côtelette|32/100
|-damage|p1a: Zeraora|88/100|[from] ability: Iron Barbs|[of] p2a: Côtelette
|-damage|p1a: Zeraora|72/100|[from] item: Rocky Helmet|[of] p2a: Côtelette
|-enditem|p2a: Côtelette|Rocky Helmet|[from] move: Knock Off|[of] p1a: Zeraora
|
|-weather|RainDance|[upkeep]
|upkeep
|turn|8
|
|t:|1615606793
|move|p1a: Zeraora|Close Combat|p2a: Côtelette
|-supereffective|p2a: Côtelette
|-damage|p2a: Côtelette|0 fnt
|-unboost|p1a: Zeraora|def|1
|-unboost|p1a: Zeraora|spd|1
|-damage|p1a: Zeraora|59/100|[from] ability: Iron Barbs|[of] p2a: Côtelette
|faint|p2a: Côtelette
|
|-weather|RainDance|[upkeep]
|upkeep
|
|t:|1615606830
|switch|p2a: Ali|Barraskewda, M, shiny|100/100
|turn|9
|
|t:|1615606836
|switch|p1a: Mandibuzz|Mandibuzz, F, shiny|100/100
|move|p2a: Ali|Flip Turn|p1a: Mandibuzz
|-damage|p1a: Mandibuzz|56/100
|-damage|p2a: Ali|84/100|[from] item: Rocky Helmet|[of] p1a: Mandibuzz
|
|t:|1615606857
|switch|p2a: Rek|Kingdra, M, shiny|100/100|[from]move: Flip Turn
|
|-weather|RainDance|[upkeep]
|upkeep
|turn|10
|
|t:|1615606863
|move|p2a: Rek|Surf|p1a: Mandibuzz
|-crit|p1a: Mandibuzz
|-damage|p1a: Mandibuzz|0 fnt
|faint|p1a: Mandibuzz
|
|-weather|RainDance|[upkeep]
|upkeep
|
|t:|1615606867
|switch|p1a: Rillaboom|Rillaboom, F, shiny|100/100
|-fieldstart|move: Grassy Terrain|[from] ability: Grassy Surge|[of] p1a: Rillaboom
|turn|11
|
|t:|1615606870
|switch|p2a: Sabzi|Volcarona, M, shiny|100/100
|move|p1a: Rillaboom|Grassy Glide|p2a: Sabzi
|-resisted|p2a: Sabzi
|-damage|p2a: Sabzi|80/100
|
|-weather|none
|-heal|p2a: Sabzi|86/100|[from] Grassy Terrain
|upkeep
|turn|12
|
|t:|1615606876
|switch|p1a: Marowak|Marowak-Alola, F|57/100
|move|p2a: Sabzi|Quiver Dance|p2a: Sabzi
|-boost|p2a: Sabzi|spa|1
|-boost|p2a: Sabzi|spd|1
|-boost|p2a: Sabzi|spe|1
|
|-heal|p2a: Sabzi|92/100|[from] Grassy Terrain
|-heal|p1a: Marowak|63/100|[from] Grassy Terrain
|upkeep
|turn|13
|
|t:|1615606882
|move|p2a: Sabzi|Bug Buzz|p1a: Marowak
|-resisted|p1a: Marowak
|-damage|p1a: Marowak|45/100
|move|p1a: Marowak|Flare Blitz|p2a: Sabzi
|-damage|p2a: Sabzi|41/100
|
|-heal|p2a: Sabzi|47/100|[from] Grassy Terrain
|-heal|p1a: Marowak|51/100|[from] Grassy Terrain
|upkeep
|turn|14
|
|t:|1615606890
|move|p2a: Sabzi|Giga Drain|p1a: Marowak
|-resisted|p1a: Marowak
|-damage|p1a: Marowak|24/100
|-heal|p2a: Sabzi|61/100|[from] drain|[of] p1a: Marowak
|move|p1a: Marowak|Flare Blitz|p2a: Sabzi
|-damage|p2a: Sabzi|6/100
|
|-heal|p2a: Sabzi|12/100|[from] Grassy Terrain
|-heal|p1a: Marowak|30/100|[from] Grassy Terrain
|upkeep
|turn|15
|
|t:|1615606906
|move|p2a: Sabzi|Fiery Dance|p1a: Marowak
|-resisted|p1a: Marowak
|-damage|p1a: Marowak|0 fnt
|-boost|p2a: Sabzi|spa|1
|faint|p1a: Marowak
|
|-heal|p2a: Sabzi|19/100|[from] Grassy Terrain
|-fieldend|move: Grassy Terrain
|upkeep
|
|t:|1615606911
|switch|p1a: Rillaboom|Rillaboom, F, shiny|100/100
|-fieldstart|move: Grassy Terrain|[from] ability: Grassy Surge|[of] p1a: Rillaboom
|turn|16
|
|t:|1615606915
|move|p1a: Rillaboom|Grassy Glide|p2a: Sabzi
|-resisted|p2a: Sabzi
|-damage|p2a: Sabzi|0 fnt
|faint|p2a: Sabzi
|
|upkeep
|
|t:|1615606921
|switch|p2a: Kolluki|Tapu Lele, shiny|100/100
|-fieldstart|move: Psychic Terrain|[from] ability: Psychic Surge|[of] p2a: Kolluki
|turn|17
|
|t:|1615606930
|switch|p1a: Zeraora|Zeraora, shiny|59/100
|move|p2a: Kolluki|Psychic|p1a: Zeraora
|-damage|p1a: Zeraora|0 fnt
|faint|p1a: Zeraora
|
|upkeep
|
|t:|1615606936
|switch|p1a: Rillaboom|Rillaboom, F, shiny|100/100
|-fieldstart|move: Grassy Terrain|[from] ability: Grassy Surge|[of] p1a: Rillaboom
|turn|18
|
|t:|1615606942
|switch|p2a: Dover|Pelipper, F, shiny|21/100 brn
|-weather|RainDance|[from] ability: Drizzle|[of] p2a: Dover
|move|p1a: Rillaboom|Grassy Glide|p2a: Dover
|-damage|p2a: Dover|0 fnt
|faint|p2a: Dover
|
|-weather|RainDance|[upkeep]
|upkeep
|
|t:|1615606944
|switch|p2a: Kolluki|Tapu Lele, shiny|100/100
|-fieldstart|move: Psychic Terrain|[from] ability: Psychic Surge|[of] p2a: Kolluki
|turn|19
|inactive|Battle timer is ON: inactive players will automatically lose when time's up. (requested by Sam360games)
|
|t:|1615606973
|move|p2a: Kolluki|Psychic|p1a: Rillaboom
|-damage|p1a: Rillaboom|0 fnt
|faint|p1a: Rillaboom
|
|-weather|RainDance|[upkeep]
|upkeep
|c|☆Sam360games|issa wrap
|inactive|Hgfhhfghfff has 120 seconds left.
|inactive|Hgfhhfghfff has 90 seconds left.
|c|☆Sam360games|chopchop goofy
|c|☆Sam360games|only one thing to click
|c|☆Sam360games|u losin' fool
|c|☆Sam360games|trash ass
|inactive|Hgfhhfghfff has 60 seconds left.
|inactive|Hgfhhfghfff has 30 seconds left.
|inactive|Hgfhhfghfff has 20 seconds left.
|inactive|Hgfhhfghfff has 15 seconds left.
|c|☆Sam360games|ZZZZZZ
|inactive|Hgfhhfghfff has 10 seconds left.
|c|☆Sam360games|shleep. he shleep folks
|inactive|Hgfhhfghfff has 5 seconds left.
|c|☆Sam360games|all on cam
|c|☆Sam360games|4k
|-message|Hgfhhfghfff lost due to inactivity.
|
|win|Sam360games
|raw|Hgfhhfghfff's rating: 1337 &rarr; <strong>1323</strong><br />(-14 for losing)
|raw|Sam360games's rating: 1378 &rarr; <strong>1396</strong><br />(+18 for winning)
|raw|Hgfhhfghfff's rating: 1337 &rarr; <strong>1319</strong><br />(-18 for losing)
|raw|Sam360games's rating: 1378 &rarr; <strong>1396</strong><br />(+18 for winning)
