|j|☆gay bot cute
|j|☆Colonel Rivai
|t:|1650381035
|gametype|singles
|player|p1|gay bot cute|youngster|1678
|player|p2|Colonel Rivai|102|1658
|teamsize|p1|6
|teamsize|p2|6
|gen|8
|tier|[Gen 8] OU
|rated|
|rule|Sleep Clause Mod: Limit one foe put to sleep
|rule|Species Clause: Limit one of each Pokémon
|rule|OHKO Clause: OHKO moves are banned
|rule|Evasion Moves Clause: Evasion moves are banned
|rule|Endless Battle Clause: Forcing endless battles is banned
|rule|HP Percentage Mod: HP is shown in percentages
|rule|Dynamax Clause: You cannot dynamax
|clearpoke
|poke|p1|Zapdos|
|poke|p1|Corviknight, F|
|poke|p1|Reuniclus, F|
|poke|p1|Toxapex, M|
|poke|p1|Clefable, F|
|poke|p1|Weavile, F|
|poke|p2|Glastrier|
|poke|p2|Tapu Fini|
|poke|p2|Ferrothorn, F|
|poke|p2|Krookodile, M|
|poke|p2|Zapdos|
|poke|p2|Victini|
|teampreview
|j| malibou
|inactive|Battle timer is ON: inactive players will automatically lose when time's up. (requested by Colonel Rivai)
|
|t:|1650381057
|start
|switch|p1a: Zapdos|Zapdos|100/100
|switch|p2a: Panamera|Glastrier|100/100
|-ability|p1a: Zapdos|Pressure
|turn|1
|j| Litten2006
|
|t:|1650381066
|move|p1a: Zapdos|Heat Wave|p2a: Panamera
|-supereffective|p2a: Panamera
|-damage|p2a: Panamera|9/100
|move|p2a: Panamera|Icicle Crash|p1a: Zapdos
|-supereffective|p1a: Zapdos
|-damage|p1a: Zapdos|0 fnt
|faint|p1a: Zapdos
|-ability|p2a: Panamera|Chilling Neigh|boost
|-boost|p2a: Panamera|atk|1
|
|upkeep
|
|t:|1650381070
|switch|p1a: Weavile|Weavile, F|100/100
|-ability|p1a: Weavile|Pressure
|turn|2
|
|t:|1650381076
|move|p1a: Weavile|Knock Off|p2a: Panamera
|-damage|p2a: Panamera|0 fnt
|-enditem|p2a: Panamera|Choice Band|[from] move: Knock Off|[of] p1a: Weavile
|faint|p2a: Panamera
|
|upkeep
|
|t:|1650381080
|switch|p2a: F-150|Ferrothorn, F|100/100
|turn|3
|
|t:|1650381082
|move|p1a: Weavile|Knock Off|p2a: F-150
|-damage|p2a: F-150|53/100
|-damage|p1a: Weavile|88/100|[from] ability: Iron Barbs|[of] p2a: F-150
|-damage|p1a: Weavile|72/100|[from] item: Rocky Helmet|[of] p2a: F-150
|-enditem|p2a: F-150|Rocky Helmet|[from] move: Knock Off|[of] p1a: Weavile
|move|p2a: F-150|Knock Off|p1a: Weavile
|-resisted|p1a: Weavile
|-damage|p1a: Weavile|54/100
|-enditem|p1a: Weavile|Choice Band|[from] move: Knock Off|[of] p2a: F-150
|
|upkeep
|turn|4
|
|t:|1650381088
|move|p1a: Weavile|Low Kick|p2a: F-150
|-supereffective|p2a: F-150
|-damage|p2a: F-150|11/100
|-damage|p1a: Weavile|41/100|[from] ability: Iron Barbs|[of] p2a: F-150
|move|p2a: F-150|Body Press|p1a: Weavile
|-supereffective|p1a: Weavile
|-damage|p1a: Weavile|0 fnt
|faint|p1a: Weavile
|
|upkeep
|
|t:|1650381093
|switch|p1a: Clefable|Clefable, F|100/100
|turn|5
|
|t:|1650381098
|move|p1a: Clefable|Moonblast|p2a: F-150
|-resisted|p2a: F-150
|-damage|p2a: F-150|0 fnt
|faint|p2a: F-150
|
|upkeep
|
|t:|1650381101
|switch|p2a: Hellcat|Victini|100/100
|turn|6
|
|t:|1650381104
|switch|p1a: Toxapex|Toxapex, M|100/100
|move|p2a: Hellcat|Bolt Strike|p1a: Toxapex
|-supereffective|p1a: Toxapex
|-damage|p1a: Toxapex|57/100
|
|upkeep
|turn|7
|j| supahotnicememe
|
|t:|1650381107
|move|p2a: Hellcat|Bolt Strike|p1a: Toxapex
|-supereffective|p1a: Toxapex
|-damage|p1a: Toxapex|10/100
|move|p1a: Toxapex|Toxic Spikes|p2a: Hellcat
|-sidestart|p2: Colonel Rivai|move: Toxic Spikes
|
|upkeep
|turn|8
|
|t:|1650381112
|switch|p1a: Reuniclus|Reuniclus, F|100/100
|move|p2a: Hellcat|U-turn|p1a: Reuniclus
|-supereffective|p1a: Reuniclus
|-damage|p1a: Reuniclus|59/100
|
|t:|1650381116
|switch|p2a: Tesla|Zapdos|100/100|[from]move: U-turn
|
|upkeep
|turn|9
|
|t:|1650381122
|move|p2a: Tesla|Defog|p1a: Reuniclus
|-unboost|p1a: Reuniclus|evasion|1
|-sideend|p2: Colonel Rivai|Toxic Spikes|[from] move: Defog|[of] p2a: Tesla
|move|p1a: Reuniclus|Knock Off|p2a: Tesla
|-damage|p2a: Tesla|89/100
|-enditem|p2a: Tesla|Heavy-Duty Boots|[from] move: Knock Off|[of] p1a: Reuniclus
|
|upkeep
|turn|10
|
|t:|1650381130
|move|p2a: Tesla|Volt Switch|p1a: Reuniclus
|-damage|p1a: Reuniclus|47/100
|
|t:|1650381132
|switch|p2a: Charger|Krookodile, M|100/100|[from]move: Volt Switch
|move|p1a: Reuniclus|Infestation|p2a: Charger
|-supereffective|p2a: Charger
|-damage|p2a: Charger|84/100
|-activate|p2a: Charger|move: Infestation|[of] p1a: Reuniclus
|
|-damage|p2a: Charger|71/100|[from] move: Infestation|[partiallytrapped]
|upkeep
|turn|11
|
|t:|1650381135
|switch|p1a: Corviknight|Corviknight, F|100/100
|-ability|p1a: Corviknight|Pressure
|move|p2a: Charger|Knock Off|p1a: Corviknight
|-damage|p1a: Corviknight|72/100
|-enditem|p1a: Corviknight|Leftovers|[from] move: Knock Off|[of] p2a: Charger
|
|-end|p2a: Charger|Infestation|[partiallytrapped]|[silent]
|upkeep
|turn|12
|
|t:|1650381138
|switch|p2a: Tesla|Zapdos|89/100
|move|p1a: Corviknight|U-turn|p2a: Tesla
|-resisted|p2a: Tesla
|-damage|p2a: Tesla|85/100
|
|t:|1650381139
|switch|p1a: Toxapex|Toxapex, M|43/100|[from]move: U-turn
|
|upkeep
|turn|13
|
|t:|1650381142
|switch|p1a: Reuniclus|Reuniclus, F|80/100
|move|p2a: Tesla|Volt Switch|p1a: Reuniclus
|-damage|p1a: Reuniclus|67/100
|
|t:|1650381145
|switch|p2a: Charger|Krookodile, M|71/100|[from]move: Volt Switch
|
|upkeep
|turn|14
|
|t:|1650381149
|switch|p1a: Corviknight|Corviknight, F|72/100
|-ability|p1a: Corviknight|Pressure
|move|p2a: Charger|Stealth Rock|p1a: Corviknight
|-sidestart|p1: gay bot cute|move: Stealth Rock
|
|upkeep
|turn|15
|
|t:|1650381152
|switch|p2a: Hellcat|Victini|100/100
|move|p1a: Corviknight|Defog|p2a: Hellcat
|-unboost|p2a: Hellcat|evasion|1
|-sideend|p1: gay bot cute|Stealth Rock|[from] move: Defog|[of] p1a: Corviknight
|
|upkeep
|turn|16
|
|t:|1650381155
|switch|p1a: Toxapex|Toxapex, M|76/100
|move|p2a: Hellcat|Bolt Strike|p1a: Toxapex
|-supereffective|p1a: Toxapex
|-damage|p1a: Toxapex|29/100
|
|upkeep
|turn|17
|
|t:|1650381161
|switch|p1a: Reuniclus|Reuniclus, F|100/100
|move|p2a: Hellcat|Bolt Strike|p1a: Reuniclus
|-damage|p1a: Reuniclus|65/100
|
|upkeep
|turn|18
|
|t:|1650381165
|switch|p1a: Toxapex|Toxapex, M|62/100
|move|p2a: Hellcat|V-create|p1a: Toxapex
|-resisted|p1a: Toxapex
|-damage|p1a: Toxapex|38/100
|-unboost|p2a: Hellcat|spe|1
|-unboost|p2a: Hellcat|def|1
|-unboost|p2a: Hellcat|spd|1
|
|upkeep
|turn|19
|
|t:|1650381169
|switch|p1a: Reuniclus|Reuniclus, F|98/100
|move|p2a: Hellcat|Bolt Strike|p1a: Reuniclus
|-damage|p1a: Reuniclus|59/100
|-status|p1a: Reuniclus|par
|
|upkeep
|turn|20
|
|t:|1650381176
|move|p2a: Hellcat|U-turn|p1a: Reuniclus
|-supereffective|p1a: Reuniclus
|-damage|p1a: Reuniclus|14/100 par
|
|t:|1650381178
|switch|p2a: Charger|Krookodile, M|71/100|[from]move: U-turn
|move|p1a: Reuniclus|Knock Off|p2a: Charger
|-resisted|p2a: Charger
|-damage|p2a: Charger|61/100
|-enditem|p2a: Charger|Choice Scarf|[from] move: Knock Off|[of] p1a: Reuniclus
|
|upkeep
|turn|21
|
|t:|1650381183
|switch|p1a: Corviknight|Corviknight, F|72/100
|-ability|p1a: Corviknight|Pressure
|move|p2a: Charger|Stealth Rock|p1a: Corviknight
|-sidestart|p1: gay bot cute|move: Stealth Rock
|
|upkeep
|turn|22
|
|t:|1650381189
|switch|p2a: Hellcat|Victini|100/100
|move|p1a: Corviknight|Defog|p2a: Hellcat
|-unboost|p2a: Hellcat|evasion|1
|-sideend|p1: gay bot cute|Stealth Rock|[from] move: Defog|[of] p1a: Corviknight
|
|upkeep
|turn|23
|
|t:|1650381193
|switch|p1a: Reuniclus|Reuniclus, F|48/100 par
|move|p2a: Hellcat|Bolt Strike|p1a: Reuniclus
|-damage|p1a: Reuniclus|10/100 par
|
|upkeep
|turn|24
|
|t:|1650381195
|switch|p1a: Clefable|Clefable, F|100/100
|move|p2a: Hellcat|Bolt Strike|p1a: Clefable
|-damage|p1a: Clefable|72/100
|-status|p1a: Clefable|par
|
|-heal|p1a: Clefable|78/100 par|[from] item: Leftovers
|upkeep
|turn|25
|
|t:|1650381199
|switch|p1a: Toxapex|Toxapex, M|72/100
|move|p2a: Hellcat|U-turn|p1a: Toxapex
|-resisted|p1a: Toxapex
|-damage|p1a: Toxapex|66/100
|
|t:|1650381201
|switch|p2a: Shelby|Tapu Fini|100/100|[from]move: U-turn
|-fieldstart|move: Misty Terrain|[from] ability: Misty Surge|[of] p2a: Shelby
|
|upkeep
|turn|26
|
|t:|1650381206
|move|p2a: Shelby|Calm Mind|p2a: Shelby
|-boost|p2a: Shelby|spa|1
|-boost|p2a: Shelby|spd|1
|move|p1a: Toxapex|Knock Off|p2a: Shelby
|-resisted|p2a: Shelby
|-damage|p2a: Shelby|96/100
|-enditem|p2a: Shelby|Leftovers|[from] move: Knock Off|[of] p1a: Toxapex
|
|upkeep
|turn|27
|
|t:|1650381209
|switch|p1a: Clefable|Clefable, F|78/100 par
|move|p2a: Shelby|Taunt|p1a: Clefable
|-start|p1a: Clefable|move: Taunt
|
|-heal|p1a: Clefable|85/100 par|[from] item: Leftovers
|upkeep
|turn|28
|
|t:|1650381212
|move|p2a: Shelby|Calm Mind|p2a: Shelby
|-boost|p2a: Shelby|spa|1
|-boost|p2a: Shelby|spd|1
|move|p1a: Clefable|Moonblast|p2a: Shelby
|-damage|p2a: Shelby|70/100
|-unboost|p2a: Shelby|spa|1
|
|-heal|p1a: Clefable|91/100 par|[from] item: Leftovers
|upkeep
|turn|29
|
|t:|1650381215
|move|p2a: Shelby|Scald|p1a: Clefable
|-damage|p1a: Clefable|65/100 par
|cant|p1a: Clefable|par
|
|-heal|p1a: Clefable|72/100 par|[from] item: Leftovers
|-end|p1a: Clefable|move: Taunt
|-fieldend|Misty Terrain
|upkeep
|turn|30
|
|t:|1650381221
|move|p2a: Shelby|Draining Kiss|p1a: Clefable
|-damage|p1a: Clefable|55/100 par
|-heal|p2a: Shelby|85/100|[from] drain|[of] p1a: Clefable
|move|p1a: Clefable|Moonblast|p2a: Shelby
|-damage|p2a: Shelby|60/100
|
|-heal|p1a: Clefable|61/100 par|[from] item: Leftovers
|upkeep
|turn|31
|
|t:|1650381224
|move|p2a: Shelby|Scald|p1a: Clefable
|-damage|p1a: Clefable|36/100 par
|move|p1a: Clefable|Calm Mind|p1a: Clefable
|-boost|p1a: Clefable|spa|1
|-boost|p1a: Clefable|spd|1
|
|-heal|p1a: Clefable|42/100 par|[from] item: Leftovers
|upkeep
|turn|32
|
|t:|1650381226
|move|p2a: Shelby|Taunt|p1a: Clefable
|-start|p1a: Clefable|move: Taunt
|cant|p1a: Clefable|par
|
|-heal|p1a: Clefable|48/100 par|[from] item: Leftovers
|upkeep
|turn|33
|l| Litten2006
|
|t:|1650381229
|move|p2a: Shelby|Scald|p1a: Clefable
|-damage|p1a: Clefable|32/100 par
|move|p1a: Clefable|Moonblast|p2a: Shelby
|-damage|p2a: Shelby|20/100
|
|-heal|p1a: Clefable|38/100 par|[from] item: Leftovers
|upkeep
|turn|34
|
|t:|1650381233
|move|p2a: Shelby|Scald|p1a: Clefable
|-damage|p1a: Clefable|21/100 par
|move|p1a: Clefable|Moonblast|p2a: Shelby
|-damage|p2a: Shelby|0 fnt
|faint|p2a: Shelby
|
|-heal|p1a: Clefable|27/100 par|[from] item: Leftovers
|-end|p1a: Clefable|move: Taunt
|upkeep
|
|t:|1650381236
|switch|p2a: Hellcat|Victini|100/100
|turn|35
|
|t:|1650381239
|switch|p1a: Toxapex|Toxapex, M|99/100
|move|p2a: Hellcat|U-turn|p1a: Toxapex
|-resisted|p1a: Toxapex
|-damage|p1a: Toxapex|93/100
|
|t:|1650381240
|switch|p2a: Tesla|Zapdos|85/100|[from]move: U-turn
|
|upkeep
|turn|36
|
|t:|1650381244
|switch|p1a: Reuniclus|Reuniclus, F|43/100 par
|move|p2a: Tesla|Volt Switch|p1a: Reuniclus
|-damage|p1a: Reuniclus|30/100 par
|
|t:|1650381246
|switch|p2a: Charger|Krookodile, M|61/100|[from]move: Volt Switch
|
|upkeep
|turn|37
|
|t:|1650381250
|switch|p2a: Tesla|Zapdos|85/100
|switch|p1a: Corviknight|Corviknight, F|72/100
|-ability|p1a: Corviknight|Pressure
|
|upkeep
|turn|38
|
|t:|1650381252
|switch|p1a: Reuniclus|Reuniclus, F|63/100 par
|move|p2a: Tesla|Volt Switch|p1a: Reuniclus
|-damage|p1a: Reuniclus|50/100 par
|
|t:|1650381255
|switch|p2a: Charger|Krookodile, M|61/100|[from]move: Volt Switch
|
|upkeep
|turn|39
|
|t:|1650381258
|switch|p1a: Corviknight|Corviknight, F|72/100
|-ability|p1a: Corviknight|Pressure
|move|p2a: Charger|Stealth Rock|p1a: Corviknight
|-sidestart|p1: gay bot cute|move: Stealth Rock
|
|upkeep
|turn|40
|
|t:|1650381263
|switch|p2a: Tesla|Zapdos|85/100
|move|p1a: Corviknight|Defog|p2a: Tesla
|-unboost|p2a: Tesla|evasion|1
|-sideend|p1: gay bot cute|Stealth Rock|[from] move: Defog|[of] p1a: Corviknight
|
|upkeep
|turn|41
|
|t:|1650381266
|switch|p1a: Reuniclus|Reuniclus, F|84/100 par
|move|p2a: Tesla|Volt Switch|p1a: Reuniclus
|-damage|p1a: Reuniclus|70/100 par
|
|t:|1650381268
|switch|p2a: Charger|Krookodile, M|61/100|[from]move: Volt Switch
|
|upkeep
|turn|42
|
|t:|1650381270
|switch|p1a: Corviknight|Corviknight, F|72/100
|-ability|p1a: Corviknight|Pressure
|move|p2a: Charger|Knock Off|p1a: Corviknight
|-damage|p1a: Corviknight|53/100
|
|upkeep
|turn|43
|
|t:|1650381274
|move|p2a: Charger|Stealth Rock|p1a: Corviknight
|-sidestart|p1: gay bot cute|move: Stealth Rock
|move|p1a: Corviknight|Roost|p1a: Corviknight
|-heal|p1a: Corviknight|100/100
|-singleturn|p1a: Corviknight|move: Roost
|
|upkeep
|turn|44
|
|t:|1650381281
|switch|p2a: Tesla|Zapdos|85/100
|move|p1a: Corviknight|Defog|p2a: Tesla
|-unboost|p2a: Tesla|evasion|1
|-sideend|p1: gay bot cute|Stealth Rock|[from] move: Defog|[of] p1a: Corviknight
|
|upkeep
|turn|45
|
|t:|1650381284
|switch|p1a: Reuniclus|Reuniclus, F|100/100 par
|move|p2a: Tesla|Hurricane|p1a: Reuniclus
|-damage|p1a: Reuniclus|81/100 par
|
|upkeep
|turn|46
|
|t:|1650381289
|move|p2a: Tesla|Volt Switch|p1a: Reuniclus
|-damage|p1a: Reuniclus|67/100 par
|
|t:|1650381290
|switch|p2a: Charger|Krookodile, M|61/100|[from]move: Volt Switch
|move|p1a: Reuniclus|Night Shade|p2a: Charger
|-damage|p2a: Charger|31/100
|
|upkeep
|turn|47
|
|t:|1650381298
|switch|p2a: Hellcat|Victini|100/100
|switch|p1a: Corviknight|Corviknight, F|100/100
|-ability|p1a: Corviknight|Pressure
|
|upkeep
|turn|48
|
|t:|1650381299
|switch|p1a: Toxapex|Toxapex, M|100/100
|move|p2a: Hellcat|Bolt Strike|p1a: Toxapex
|-supereffective|p1a: Toxapex
|-damage|p1a: Toxapex|52/100
|
|upkeep
|turn|49
|
|t:|1650381303
|move|p2a: Hellcat|V-create|p1a: Toxapex
|-resisted|p1a: Toxapex
|-damage|p1a: Toxapex|30/100
|-unboost|p2a: Hellcat|spe|1
|-unboost|p2a: Hellcat|def|1
|-unboost|p2a: Hellcat|spd|1
|move|p1a: Toxapex|Toxic Spikes|p2a: Hellcat
|-sidestart|p2: Colonel Rivai|move: Toxic Spikes
|
|upkeep
|turn|50
|
|t:|1650381325
|switch|p1a: Clefable|Clefable, F|27/100 par
|move|p2a: Hellcat|U-turn|p1a: Clefable
|-resisted|p1a: Clefable
|-damage|p1a: Clefable|19/100 par
|
|t:|1650381336
|switch|p2a: Tesla|Zapdos|85/100|[from]move: U-turn
|
|-heal|p1a: Clefable|25/100 par|[from] item: Leftovers
|upkeep
|turn|51
|inactive|Colonel Rivai has 120 seconds left.
|
|t:|1650381365
|move|p2a: Tesla|Defog|p1a: Clefable
|-unboost|p1a: Clefable|evasion|1
|-sideend|p2: Colonel Rivai|Toxic Spikes|[from] move: Defog|[of] p2a: Tesla
|move|p1a: Clefable|Soft-Boiled|p1a: Clefable
|-heal|p1a: Clefable|75/100 par
|
|-heal|p1a: Clefable|81/100 par|[from] item: Leftovers
|upkeep
|turn|52
|
|t:|1650381375
|move|p2a: Tesla|Hurricane|p1a: Clefable
|-damage|p1a: Clefable|38/100 par
|move|p1a: Clefable|Heal Bell|p1a: Clefable
|-activate|p1a: Clefable|move: Heal Bell
|-curestatus|p1a: Clefable|par|[msg]
|-curestatus|p1: Reuniclus|par|[msg]
|
|-heal|p1a: Clefable|44/100|[from] item: Leftovers
|upkeep
|turn|53
|j| JkMash
|inactive|Colonel Rivai has 120 seconds left.
|
|t:|1650381382
|switch|p1a: Reuniclus|Reuniclus, F|99/100
|move|p2a: Tesla|Hurricane|p1a: Reuniclus
|-damage|p1a: Reuniclus|80/100
|
|upkeep
|turn|54
|
|t:|1650381391
|move|p2a: Tesla|Defog|p1a: Reuniclus
|-unboost|p1a: Reuniclus|evasion|1
|move|p1a: Reuniclus|Infestation|p2a: Tesla
|-resisted|p2a: Tesla
|-damage|p2a: Tesla|82/100
|-activate|p2a: Tesla|move: Infestation|[of] p1a: Reuniclus
|
|-damage|p2a: Tesla|69/100|[from] move: Infestation|[partiallytrapped]
|upkeep
|turn|55
|
|t:|1650381395
|move|p2a: Tesla|Hurricane|p1a: Reuniclus
|-damage|p1a: Reuniclus|60/100
|-start|p1a: Reuniclus|confusion
|-activate|p1a: Reuniclus|confusion
|move|p1a: Reuniclus|Night Shade|p2a: Tesla
|-damage|p2a: Tesla|43/100
|
|-damage|p2a: Tesla|31/100|[from] move: Infestation|[partiallytrapped]
|upkeep
|turn|56
|
|t:|1650381403
|move|p2a: Tesla|Volt Switch|p1a: Reuniclus
|-damage|p1a: Reuniclus|48/100
|
|t:|1650381406
|switch|p2a: Charger|Krookodile, M|31/100|[from]move: Volt Switch
|-activate|p1a: Reuniclus|confusion
|-damage|p1a: Reuniclus|41/100|[from] confusion
|
|upkeep
|turn|57
|
|t:|1650381417
|switch|p1a: Corviknight|Corviknight, F|100/100
|-ability|p1a: Corviknight|Pressure
|move|p2a: Charger|Stealth Rock|p1a: Corviknight
|-sidestart|p1: gay bot cute|move: Stealth Rock
|
|upkeep
|turn|58
|j| RainSpam101
|j| Litten2006
|
|t:|1650381423
|switch|p2a: Tesla|Zapdos|31/100
|move|p1a: Corviknight|Defog|p2a: Tesla
|-unboost|p2a: Tesla|evasion|1
|-sideend|p1: gay bot cute|Stealth Rock|[from] move: Defog|[of] p1a: Corviknight
|
|upkeep
|turn|59
|
|t:|1650381430
|switch|p1a: Reuniclus|Reuniclus, F|74/100
|move|p2a: Tesla|Volt Switch|p1a: Reuniclus
|-damage|p1a: Reuniclus|62/100
|-message|Colonel Rivai forfeited.
|
|win|gay bot cute
|raw|gay bot cute's rating: 1678 &rarr; <strong>1697</strong><br />(+19 for winning)
|raw|Colonel Rivai's rating: 1658 &rarr; <strong>1639</strong><br />(-19 for losing)
|l|☆Colonel Rivai
|l|☆gay bot cute
|l| JkMash
||Ladder isn't responding, score probably updated but might not have (Request timeout).
