|j|☆Mel2345
|j|☆laughokenisis
|t:|1634576329
|gametype|singles
|player|p1|Mel2345|cheren-gen5bw2|1514
|player|p2|laughokenisis|wallace|1507
|teamsize|p1|6
|teamsize|p2|6
|gen|8
|tier|[Gen 8] OU
|rated|
|rule|Sleep Clause Mod: Limit one foe put to sleep
|rule|Species Clause: Limit one of each Pokémon
|rule|OHKO Clause: OHKO moves are banned
|rule|Evasion Moves Clause: Evasion moves are banned
|rule|Endless Battle Clause: Forcing endless battles is banned
|rule|HP Percentage Mod: HP is shown in percentages
|rule|Dynamax Clause: You cannot dynamax
|clearpoke
|poke|p1|Tapu Lele|
|poke|p1|Magnezone|
|poke|p1|Urshifu-*, F|
|poke|p1|Landorus-Therian, M|
|poke|p1|Slowking, F|
|poke|p1|Corviknight, F|
|poke|p2|Diggersby, M|
|poke|p2|Tapu Bulu|
|poke|p2|Rotom-Wash|
|poke|p2|Gengar, F|
|poke|p2|Dragapult, F|
|poke|p2|Tornadus-Therian, M|
|teampreview
|inactive|Battle timer is ON: inactive players will automatically lose when time's up. (requested by Mel2345)
|c|☆laughokenisis|ay man
|j| Mimikyu Stardust
|c|☆laughokenisis|calm down
|inactive|laughokenisis has 120 seconds left.
|
|t:|1634576381
|start
|switch|p1a: Tapu les prios|Tapu Lele|100/100
|switch|p2a: Castle now it's|Tornadus-Therian, M|100/100
|-fieldstart|move: Psychic Terrain|[from] ability: Psychic Surge|[of] p1a: Tapu les prios
|turn|1
|
|t:|1634576388
|move|p2a: Castle now it's|Knock Off|p1a: Tapu les prios
|-damage|p1a: Tapu les prios|72/100
|-enditem|p1a: Tapu les prios|Choice Specs|[from] move: Knock Off|[of] p2a: Castle now it's
|move|p1a: Tapu les prios|Psychic|p2a: Castle now it's
|-damage|p2a: Castle now it's|55/100
|
|upkeep
|turn|2
|
|t:|1634576408
|switch|p1a: Je suis un taxi|Corviknight, F|100/100
|-ability|p1a: Je suis un taxi|Pressure
|move|p2a: Castle now it's|U-turn|p1a: Je suis un taxi
|-resisted|p1a: Je suis un taxi
|-damage|p1a: Je suis un taxi|98/100
|
|t:|1634576422
|switch|p2a: Rotom|Rotom-Wash|100/100|[from]move: U-turn
|
|-heal|p1a: Je suis un taxi|100/100|[from] item: Leftovers
|upkeep
|turn|3
|
|t:|1634576426
|move|p2a: Rotom|Will-O-Wisp|p1a: Je suis un taxi
|-status|p1a: Je suis un taxi|brn
|move|p1a: Je suis un taxi|U-turn|p2a: Rotom
|-damage|p2a: Rotom|95/100
|
|t:|1634576430
|switch|p1a: Dieuderiendutout|Slowking, F|100/100|[from]move: U-turn
|
|-heal|p2a: Rotom|100/100|[from] item: Leftovers
|upkeep
|turn|4
|
|t:|1634576433
|move|p2a: Rotom|Volt Switch|p1a: Dieuderiendutout
|-supereffective|p1a: Dieuderiendutout
|-damage|p1a: Dieuderiendutout|71/100
|
|t:|1634576447
|switch|p2a: Tapu Bulu|Tapu Bulu|100/100|[from]move: Volt Switch
|-fieldstart|move: Grassy Terrain|[from] ability: Grassy Surge|[of] p2a: Tapu Bulu
|move|p1a: Dieuderiendutout|Future Sight|p2a: Tapu Bulu
|-start|p1a: Dieuderiendutout|move: Future Sight
|
|-heal|p1a: Dieuderiendutout|77/100|[from] Grassy Terrain
|upkeep
|turn|5
|
|t:|1634576463
|switch|p2a: Castle now it's|Tornadus-Therian, M|88/100
|switch|p1a: Je suis un taxi|Corviknight, F|100/100 brn
|-ability|p1a: Je suis un taxi|Pressure
|
|-damage|p1a: Je suis un taxi|94/100 brn|[from] brn
|upkeep
|turn|6
|
|t:|1634576467
|move|p2a: Castle now it's|Knock Off|p1a: Je suis un taxi
|-damage|p1a: Je suis un taxi|82/100 brn
|-enditem|p1a: Je suis un taxi|Leftovers|[from] move: Knock Off|[of] p2a: Castle now it's
|move|p1a: Je suis un taxi|U-turn|p2a: Castle now it's
|-resisted|p2a: Castle now it's
|-damage|p2a: Castle now it's|85/100
|
|t:|1634576477
|switch|p1a: Magnet|Magnezone|100/100|[from]move: U-turn
|
|-end|p2a: Castle now it's|move: Future Sight
|-damage|p2a: Castle now it's|55/100
|upkeep
|turn|7
|j| Vampirism
|j| Pikachyyy
|l| Pikachyyy
|inactive|laughokenisis has 120 seconds left.
|j| iiZeropvp
|
|t:|1634576515
|switch|p2a: Dragapult|Dragapult, F|100/100
|move|p1a: Magnet|Thunderbolt|p2a: Dragapult
|-resisted|p2a: Dragapult
|-damage|p2a: Dragapult|73/100
|
|-heal|p2a: Dragapult|79/100|[from] Grassy Terrain
|upkeep
|turn|8
|inactive|laughokenisis has 120 seconds left.
|j| RipReckful
|
|t:|1634576530
|switch|p2a: Diggersby|Diggersby, M|100/100
|switch|p1a: Dieu des SR|Landorus-Therian, M|100/100
|-ability|p1a: Dieu des SR|Intimidate|boost
|-unboost|p2a: Diggersby|atk|1
|
|-fieldend|move: Grassy Terrain
|upkeep
|turn|9
|j| fruityiscool423
|inactive|laughokenisis has 120 seconds left.
|
|t:|1634576546
|move|p2a: Diggersby|Mega Kick|p1a: Dieu des SR
|-damage|p1a: Dieu des SR|42/100
|move|p1a: Dieu des SR|Stealth Rock|p2a: Diggersby
|-sidestart|p2: laughokenisis|move: Stealth Rock
|
|-heal|p1a: Dieu des SR|48/100|[from] item: Leftovers
|upkeep
|turn|10
|inactive|laughokenisis has 120 seconds left.
|
|t:|1634576552
|switch|p2a: Rotom|Rotom-Wash|100/100
|-damage|p2a: Rotom|88/100|[from] Stealth Rock
|switch|p1a: Je suis un taxi|Corviknight, F|82/100 brn
|-ability|p1a: Je suis un taxi|Pressure
|
|-heal|p2a: Rotom|94/100|[from] item: Leftovers
|-damage|p1a: Je suis un taxi|75/100 brn|[from] brn
|upkeep
|turn|11
|
|t:|1634576556
|move|p2a: Rotom|Defog|p1a: Je suis un taxi
|-unboost|p1a: Je suis un taxi|evasion|1
|-sideend|p2: laughokenisis|Stealth Rock|[from] move: Defog|[of] p2a: Rotom
|move|p1a: Je suis un taxi|Roost|p1a: Je suis un taxi
|-heal|p1a: Je suis un taxi|100/100 brn
|-singleturn|p1a: Je suis un taxi|move: Roost
|
|-heal|p2a: Rotom|100/100|[from] item: Leftovers
|-damage|p1a: Je suis un taxi|94/100 brn|[from] brn
|upkeep
|turn|12
|
|t:|1634576566
|move|p2a: Rotom|Volt Switch|p1a: Je suis un taxi
|-supereffective|p1a: Je suis un taxi
|-damage|p1a: Je suis un taxi|50/100 brn
|
|t:|1634576569
|switch|p2a: Castle now it's|Tornadus-Therian, M|88/100|[from]move: Volt Switch
|move|p1a: Je suis un taxi|U-turn|p2a: Castle now it's
|-resisted|p2a: Castle now it's
|-damage|p2a: Castle now it's|85/100
|
|t:|1634576575
|switch|p1a: Magnet|Magnezone|100/100|[from]move: U-turn
|
|upkeep
|turn|13
|
|t:|1634576582
|switch|p2a: Diggersby|Diggersby, M|100/100
|move|p1a: Magnet|Substitute|p1a: Magnet
|-start|p1a: Magnet|Substitute
|-damage|p1a: Magnet|76/100
|
|-heal|p1a: Magnet|82/100|[from] item: Leftovers
|upkeep
|turn|14
|
|t:|1634576589
|move|p2a: Diggersby|Fire Punch|p1a: Magnet
|-supereffective|p1a: Magnet
|-end|p1a: Magnet|Substitute
|move|p1a: Magnet|Body Press|p2a: Diggersby
|-supereffective|p2a: Diggersby
|-damage|p2a: Diggersby|28/100
|
|-heal|p1a: Magnet|88/100|[from] item: Leftovers
|upkeep
|turn|15
|j| Firer
|
|t:|1634576596
|switch|p1a: Dieu des SR|Landorus-Therian, M|48/100
|-ability|p1a: Dieu des SR|Intimidate|boost
|-unboost|p2a: Diggersby|atk|1
|move|p2a: Diggersby|Fire Punch|p1a: Dieu des SR
|-damage|p1a: Dieu des SR|22/100
|-status|p1a: Dieu des SR|brn
|
|-heal|p1a: Dieu des SR|28/100 brn|[from] item: Leftovers
|-damage|p1a: Dieu des SR|22/100 brn|[from] brn
|upkeep
|turn|16
|l| Firer
|
|t:|1634576604
|switch|p2a: Rotom|Rotom-Wash|100/100
|move|p1a: Dieu des SR|Earthquake|p2a: Rotom
|-immune|p2a: Rotom|[from] ability: Levitate
|
|-heal|p1a: Dieu des SR|28/100 brn|[from] item: Leftovers
|-damage|p1a: Dieu des SR|22/100 brn|[from] brn
|upkeep
|turn|17
|
|t:|1634576607
|move|p1a: Dieu des SR|Stealth Rock|p2a: Rotom
|-sidestart|p2: laughokenisis|move: Stealth Rock
|move|p2a: Rotom|Hydro Pump|p1a: Dieu des SR
|-supereffective|p1a: Dieu des SR
|-damage|p1a: Dieu des SR|0 fnt
|faint|p1a: Dieu des SR
|
|upkeep
|
|t:|1634576613
|switch|p1a: Dieuderiendutout|Slowking, F|100/100
|turn|18
|
|t:|1634576615
|move|p2a: Rotom|Defog|p1a: Dieuderiendutout
|-unboost|p1a: Dieuderiendutout|evasion|1
|-sideend|p2: laughokenisis|Stealth Rock|[from] move: Defog|[of] p2a: Rotom
|move|p1a: Dieuderiendutout|Future Sight|p2a: Rotom
|-start|p1a: Dieuderiendutout|move: Future Sight
|
|upkeep
|turn|19
|
|t:|1634576618
|move|p2a: Rotom|Volt Switch|p1a: Dieuderiendutout
|-supereffective|p1a: Dieuderiendutout
|-damage|p1a: Dieuderiendutout|70/100
|l| iiZeropvp
|
|t:|1634576622
|switch|p2a: Castle now it's|Tornadus-Therian, M|100/100|[from]move: Volt Switch
|move|p1a: Dieuderiendutout|Teleport|p1a: Dieuderiendutout
|
|t:|1634576627
|switch|p1a: Magnet|Magnezone|88/100|[from]move: Teleport
|
|-heal|p1a: Magnet|94/100|[from] item: Leftovers
|upkeep
|turn|20
|
|t:|1634576640
|move|p2a: Castle now it's|Knock Off|p1a: Magnet
|-damage|p1a: Magnet|76/100
|-enditem|p1a: Magnet|Leftovers|[from] move: Knock Off|[of] p2a: Castle now it's
|move|p1a: Magnet|Substitute|p1a: Magnet
|-start|p1a: Magnet|Substitute
|-damage|p1a: Magnet|52/100
|
|-end|p2a: Castle now it's|move: Future Sight
|-damage|p2a: Castle now it's|74/100
|upkeep
|turn|21
|
|t:|1634576652
|move|p2a: Castle now it's|U-turn|p1a: Magnet
|-resisted|p1a: Magnet
|-activate|p1a: Magnet|move: Substitute|[damage]
|
|t:|1634576654
|switch|p2a: Diggersby|Diggersby, M|28/100|[from]move: U-turn
|move|p1a: Magnet|Thunderbolt|p2a: Diggersby
|-immune|p2a: Diggersby
|
|upkeep
|turn|22
|
|t:|1634576658
|move|p2a: Diggersby|Earthquake|p1a: Magnet
|-supereffective|p1a: Magnet
|-end|p1a: Magnet|Substitute
|move|p1a: Magnet|Body Press|p2a: Diggersby
|-supereffective|p2a: Diggersby
|-damage|p2a: Diggersby|0 fnt
|faint|p2a: Diggersby
|
|upkeep
|j| htcl
|l| htcl
|
|t:|1634576668
|switch|p2a: Dragapult|Dragapult, F|79/100
|turn|23
|
|t:|1634576671
|move|p2a: Dragapult|Shadow Ball|p1a: Magnet
|-damage|p1a: Magnet|0 fnt
|faint|p1a: Magnet
|
|upkeep
|
|t:|1634576676
|switch|p1a: MOI TAPPER !|Urshifu-Rapid-Strike, F|100/100
|turn|24
|
|t:|1634576694
|switch|p2a: Rotom|Rotom-Wash|100/100
|move|p1a: MOI TAPPER !|Surging Strikes|p2a: Rotom
|-resisted|p2a: Rotom
|-crit|p2a: Rotom
|-damage|p2a: Rotom|89/100
|-resisted|p2a: Rotom
|-crit|p2a: Rotom
|-damage|p2a: Rotom|77/100
|-resisted|p2a: Rotom
|-crit|p2a: Rotom
|-damage|p2a: Rotom|65/100
|-hitcount|p2a: Rotom|3
|
|-heal|p2a: Rotom|72/100|[from] item: Leftovers
|upkeep
|turn|25
|
|t:|1634576698
|switch|p1a: Dieuderiendutout|Slowking, F|100/100
|move|p2a: Rotom|Volt Switch|p1a: Dieuderiendutout
|-supereffective|p1a: Dieuderiendutout
|-damage|p1a: Dieuderiendutout|70/100
|
|t:|1634576724
|switch|p2a: Tapu Bulu|Tapu Bulu|100/100|[from]move: Volt Switch
|-fieldstart|move: Grassy Terrain|[from] ability: Grassy Surge|[of] p2a: Tapu Bulu
|
|-heal|p1a: Dieuderiendutout|76/100|[from] Grassy Terrain
|upkeep
|turn|26
|
|t:|1634576729
|switch|p1a: Je suis un taxi|Corviknight, F|50/100 brn
|-ability|p1a: Je suis un taxi|Pressure
|move|p2a: Tapu Bulu|Swords Dance|p2a: Tapu Bulu
|-boost|p2a: Tapu Bulu|atk|2
|
|-damage|p1a: Je suis un taxi|44/100 brn|[from] brn
|upkeep
|turn|27
|
|t:|1634576751
|move|p2a: Tapu Bulu|Stone Edge|p1a: Je suis un taxi|[miss]
|-miss|p2a: Tapu Bulu|p1a: Je suis un taxi
|-enditem|p2a: Tapu Bulu|Blunder Policy
|-boost|p2a: Tapu Bulu|spe|2
|move|p1a: Je suis un taxi|Roost|p1a: Je suis un taxi
|-heal|p1a: Je suis un taxi|94/100 brn
|-singleturn|p1a: Je suis un taxi|move: Roost
|
|-heal|p1a: Je suis un taxi|99/100 brn|[from] Grassy Terrain
|-damage|p1a: Je suis un taxi|94/100 brn|[from] brn
|upkeep
|turn|28
|c| RipReckful|heat
|
|t:|1634576762
|move|p2a: Tapu Bulu|Swords Dance|p2a: Tapu Bulu
|-boost|p2a: Tapu Bulu|atk|2
|move|p1a: Je suis un taxi|Brave Bird|p2a: Tapu Bulu
|-supereffective|p2a: Tapu Bulu
|-damage|p2a: Tapu Bulu|59/100
|-damage|p1a: Je suis un taxi|84/100 brn|[from] Recoil
|
|-heal|p2a: Tapu Bulu|65/100|[from] Grassy Terrain
|-damage|p1a: Je suis un taxi|78/100 brn|[from] brn
|upkeep
|turn|29
|
|t:|1634576770
|move|p2a: Tapu Bulu|Close Combat|p1a: Je suis un taxi
|-damage|p1a: Je suis un taxi|0 fnt
|-unboost|p2a: Tapu Bulu|def|1
|-unboost|p2a: Tapu Bulu|spd|1
|faint|p1a: Je suis un taxi
|
|-heal|p2a: Tapu Bulu|71/100|[from] Grassy Terrain
|-fieldend|move: Grassy Terrain
|upkeep
|
|t:|1634576782
|switch|p1a: Tapu les prios|Tapu Lele|72/100
|-fieldstart|move: Psychic Terrain|[from] ability: Psychic Surge|[of] p1a: Tapu les prios
|turn|30
|
|t:|1634576797
|move|p2a: Tapu Bulu|Horn Leech|p1a: Tapu les prios
|-damage|p1a: Tapu les prios|0 fnt
|-heal|p2a: Tapu Bulu|100/100|[from] drain|[of] p1a: Tapu les prios
|faint|p1a: Tapu les prios
|
|upkeep
|
|t:|1634576800
|switch|p1a: MOI TAPPER !|Urshifu-Rapid-Strike, F|100/100
|turn|31
|j| eXgirlXjeze
|
|t:|1634576811
|move|p2a: Tapu Bulu|Horn Leech|p1a: MOI TAPPER !
|-supereffective|p1a: MOI TAPPER !
|-damage|p1a: MOI TAPPER !|0 fnt
|faint|p1a: MOI TAPPER !
|
|upkeep
|-message|Mel2345 forfeited.
|
|win|laughokenisis
|raw|Mel2345's rating: 1514 &rarr; <strong>1494</strong><br />(-20 for losing)
|raw|laughokenisis's rating: 1507 &rarr; <strong>1527</strong><br />(+20 for winning)
|l|☆Mel2345
|c|☆laughokenisis|gg
|l| RipReckful
|l| Vampirism
|l|☆laughokenisis
||Ladder isn't responding, score probably updated but might not have (Request timeout).
|j|☆laughokenisis
|player|p2|laughokenisis|wallace
|j| RipReckful
|l| RipReckful
|j| jayman71515
|l| jayman71515
|l|☆laughokenisis
|player|p2|
|l| fruityiscool423
|j|☆laughokenisis
|player|p2|laughokenisis|wallace
|l|☆laughokenisis
|player|p2|
