|j|☆Forwards
|j|☆tomatosoup110
|inactive|Battle timer is ON: inactive players will automatically lose when time's up.
|t:|1657795867
|gametype|singles
|player|p1|Forwards|2|
|player|p2|tomatosoup110|teamrocket|
|teamsize|p1|6
|teamsize|p2|6
|gen|8
|tier|[Gen 8] OU
|rated|Tournament battle
|rule|Sleep Clause Mod: Limit one foe put to sleep
|rule|Species Clause: Limit one of each Pokémon
|rule|OHKO Clause: OHKO moves are banned
|rule|Evasion Moves Clause: Evasion moves are banned
|rule|Endless Battle Clause: Forcing endless battles is banned
|rule|HP Percentage Mod: HP is shown in percentages
|rule|Dynamax Clause: You cannot dynamax
|clearpoke
|poke|p1|Tapu Koko|
|poke|p1|Tapu Lele|
|poke|p1|Crawdaunt, F|
|poke|p1|Ferrothorn, F|
|poke|p1|Blissey, F|
|poke|p1|Landorus-Therian, M|
|poke|p2|Tapu Koko|
|poke|p2|Dragonite, F|
|poke|p2|Victini|
|poke|p2|Ferrothorn, F|
|poke|p2|Landorus-Therian, M|
|poke|p2|Clefable, M|
|teampreview
|inactive|tomatosoup110 also wants the timer to be on.
|j| yeshahR
|j|%ian_yo
|c|☆tomatosoup110|glhf :))
|c|☆Forwards|gl
|c| yeshahR|LETS GO GIGACHAD
|c|☆tomatosoup110|yo second finals!
|j| Geb Gamer
|
|t:|1657795890
|start
|switch|p1a: Tapu Lele|Tapu Lele|100/100
|switch|p2a: Victini|Victini|100/100
|-fieldstart|move: Psychic Terrain|[from] ability: Psychic Surge|[of] p1a: Tapu Lele
|turn|1
|
|t:|1657795903
|switch|p2a: Ferrothorn|Ferrothorn, F|100/100
|switch|p1a: Landorus|Landorus-Therian, M|100/100
|-ability|p1a: Landorus|Intimidate|boost
|-unboost|p2a: Ferrothorn|atk|1
|
|upkeep
|turn|2
|c|☆tomatosoup110|o
|c|☆tomatosoup110|thought shadow ball or smth
|j| TheOnlyOneAlphonse
|
|t:|1657795919
|switch|p1a: Ferrothorn|Ferrothorn, F|100/100
|move|p2a: Ferrothorn|Knock Off|p1a: Ferrothorn
|-damage|p1a: Ferrothorn|92/100
|-damage|p2a: Ferrothorn|88/100|[from] ability: Iron Barbs|[of] p1a: Ferrothorn
|-enditem|p1a: Ferrothorn|Leftovers|[from] move: Knock Off|[of] p2a: Ferrothorn
|
|upkeep
|turn|3
|c|☆Forwards|srry
|j|@Mimikyu Stardust
|c|☆tomatosoup110|nnonononono
|c|☆tomatosoup110|dont be sorry man
|inactive|tomatosoup110 has 120 seconds left.
|c|☆tomatosoup110|you outskilled
|
|t:|1657795950
|switch|p2a: Landorus|Landorus-Therian, M|100/100
|-ability|p2a: Landorus|Intimidate|boost
|-unboost|p1a: Ferrothorn|atk|1
|move|p1a: Ferrothorn|Knock Off|p2a: Landorus
|-damage|p2a: Landorus|90/100
|-enditem|p2a: Landorus|Leftovers|[from] move: Knock Off|[of] p1a: Ferrothorn
|
|upkeep
|turn|4
|inactive|tomatosoup110 has 120 seconds left.
|
|t:|1657795963
|move|p2a: Landorus|Stealth Rock|p1a: Ferrothorn
|-sidestart|p1: Forwards|move: Stealth Rock
|move|p1a: Ferrothorn|Power Whip|p2a: Landorus
|-crit|p2a: Landorus
|-damage|p2a: Landorus|49/100
|
|upkeep
|turn|5
|c|☆tomatosoup110|ouchies
|inactive|tomatosoup110 has 120 seconds left.
|
|t:|1657795974
|switch|p2a: Ferrothorn|Ferrothorn, F|88/100
|move|p1a: Ferrothorn|Stealth Rock|p2a: Ferrothorn
|-sidestart|p2: tomatosoup110|move: Stealth Rock
|
|-fieldend|move: Psychic Terrain
|upkeep
|turn|6
|inactive|tomatosoup110 has 120 seconds left.
|j| Dieu 23e du nom
|
|t:|1657795990
|switch|p2a: Landorus|Landorus-Therian, M|49/100
|-damage|p2a: Landorus|36/100|[from] Stealth Rock
|-ability|p2a: Landorus|Intimidate|boost
|-unboost|p1a: Ferrothorn|atk|1
|move|p1a: Ferrothorn|Knock Off|p2a: Landorus
|-damage|p2a: Landorus|31/100
|
|upkeep
|turn|7
|inactive|tomatosoup110 has 120 seconds left.
|j| arabellaworld
|c|☆tomatosoup110|what am i doing kek
|
|t:|1657796003
|move|p2a: Landorus|Earth Power|p1a: Ferrothorn
|-damage|p1a: Ferrothorn|63/100
|move|p1a: Ferrothorn|Knock Off|p2a: Landorus
|-damage|p2a: Landorus|25/100
|
|upkeep
|turn|8
|l| Dieu 23e du nom
|inactive|tomatosoup110 has 120 seconds left.
|
|t:|1657796010
|move|p2a: Landorus|Earth Power|p1a: Ferrothorn
|-damage|p1a: Ferrothorn|34/100
|move|p1a: Ferrothorn|Power Whip|p2a: Landorus
|-damage|p2a: Landorus|10/100
|
|upkeep
|turn|9
|
|t:|1657796018
|move|p2a: Landorus|Toxic|p1a: Ferrothorn
|-immune|p1a: Ferrothorn
|move|p1a: Ferrothorn|Power Whip|p2a: Landorus
|-crit|p2a: Landorus
|-damage|p2a: Landorus|0 fnt
|faint|p2a: Landorus
|
|upkeep
|c| yeshahR|dont get swept by a ferro bro 😭S
|c|☆tomatosoup110|damn
|inactive|tomatosoup110 has 120 seconds left.
|
|t:|1657796029
|switch|p2a: Victini|Victini|100/100
|turn|10
|inactive|tomatosoup110 has 120 seconds left.
|
|t:|1657796040
|move|p2a: Victini|V-create|p1a: Ferrothorn
|-supereffective|p1a: Ferrothorn
|-damage|p1a: Ferrothorn|0 fnt
|-unboost|p2a: Victini|spe|1
|-unboost|p2a: Victini|def|1
|-unboost|p2a: Victini|spd|1
|-damage|p2a: Victini|88/100|[from] ability: Iron Barbs|[of] p1a: Ferrothorn
|faint|p1a: Ferrothorn
|
|upkeep
|
|t:|1657796042
|switch|p1a: Crawdaunt|Crawdaunt, F|100/100
|-damage|p1a: Crawdaunt|88/100|[from] Stealth Rock
|turn|11
|inactive|tomatosoup110 has 120 seconds left.
|c|☆tomatosoup110|quick question
|c|☆tomatosoup110|sd?
|c|☆Forwards|specs
|c|☆tomatosoup110|lmao
|c|☆tomatosoup110|really
|c|☆tomatosoup110|epic
|
|t:|1657796083
|switch|p2a: Ferrothorn|Ferrothorn, F|88/100
|-damage|p2a: Ferrothorn|82/100|[from] Stealth Rock
|move|p1a: Crawdaunt|Knock Off|p2a: Ferrothorn
|-damage|p2a: Ferrothorn|32/100
|-damage|p1a: Crawdaunt|76/100|[from] ability: Iron Barbs|[of] p2a: Ferrothorn
|-damage|p1a: Crawdaunt|59/100|[from] item: Rocky Helmet|[of] p2a: Ferrothorn
|-enditem|p2a: Ferrothorn|Rocky Helmet|[from] move: Knock Off|[of] p1a: Crawdaunt
|-damage|p1a: Crawdaunt|50/100|[from] item: Life Orb
|
|upkeep
|turn|12
|c|☆tomatosoup110|:P
|inactive|tomatosoup110 has 90 seconds left.
|
|t:|1657796112
|move|p1a: Crawdaunt|Swords Dance|p1a: Crawdaunt
|-boost|p1a: Crawdaunt|atk|2
|move|p2a: Ferrothorn|Leech Seed|p1a: Crawdaunt
|-start|p1a: Crawdaunt|move: Leech Seed
|
|-damage|p1a: Crawdaunt|37/100|[from] Leech Seed|[of] p2a: Ferrothorn
|-heal|p2a: Ferrothorn|41/100|[silent]
|upkeep
|turn|13
|inactive|tomatosoup110 has 90 seconds left.
|
|t:|1657796123
|move|p1a: Crawdaunt|Knock Off|p2a: Ferrothorn
|-damage|p2a: Ferrothorn|0 fnt
|-damage|p1a: Crawdaunt|25/100|[from] ability: Iron Barbs|[of] p2a: Ferrothorn
|faint|p2a: Ferrothorn
|-damage|p1a: Crawdaunt|15/100|[from] item: Life Orb
|
|upkeep
|inactive|tomatosoup110 has 90 seconds left.
|l| arabellaworld
|
|t:|1657796133
|switch|p2a: Dragonite|Dragonite, F|100/100
|turn|14
|inactive|tomatosoup110 has 90 seconds left.
|
|t:|1657796141
|switch|p1a: Landorus|Landorus-Therian, M|100/100
|-damage|p1a: Landorus|88/100|[from] Stealth Rock
|-ability|p1a: Landorus|Intimidate|boost
|-unboost|p2a: Dragonite|atk|1
|move|p2a: Dragonite|Dual Wingbeat|p1a: Landorus
|-damage|p1a: Landorus|74/100
|-damage|p1a: Landorus|59/100
|-hitcount|p1a: Landorus|2
|
|upkeep
|turn|15
|inactive|tomatosoup110 has 90 seconds left.
|
|t:|1657796152
|switch|p2a: Clefable|Clefable, M, shiny|100/100
|move|p1a: Landorus|U-turn|p2a: Clefable
|-resisted|p2a: Clefable
|-damage|p2a: Clefable|88/100
|
|t:|1657796164
|switch|p1a: Blissey|Blissey, F|100/100|[from]move: U-turn
|
|upkeep
|turn|16
|
|t:|1657796168
|move|p2a: Clefable|Trick|p1a: Blissey
|-activate|p2a: Clefable|move: Trick|[of] p1a: Blissey
|-item|p1a: Blissey|Sticky Barb|[from] move: Trick
|-item|p2a: Clefable|Heavy-Duty Boots|[from] move: Trick
|move|p1a: Blissey|Thunder Wave|p2a: Clefable
|-status|p2a: Clefable|par
|
|-damage|p1a: Blissey|88/100|[from] item: Sticky Barb
|upkeep
|turn|17
|
|t:|1657796176
|move|p2a: Clefable|Thunder Wave|p1a: Blissey
|-status|p1a: Blissey|par
|move|p1a: Blissey|Teleport|p1a: Blissey
|
|t:|1657796181
|-curestatus|p1a: Blissey|par|[from] ability: Natural Cure
|switch|p1a: Crawdaunt|Crawdaunt, F|15/100|[from]move: Teleport
|-damage|p1a: Crawdaunt|3/100|[from] Stealth Rock
|
|upkeep
|turn|18
|c|☆tomatosoup110|o ye
|inactive|tomatosoup110 has 120 seconds left.
|j| Zofer≠
|
|t:|1657796190
|move|p1a: Crawdaunt|Crabhammer|p2a: Clefable|[miss]
|-miss|p1a: Crawdaunt|p2a: Clefable
|move|p2a: Clefable|Moonblast|p1a: Crawdaunt
|-supereffective|p1a: Crawdaunt
|-damage|p1a: Crawdaunt|0 fnt
|faint|p1a: Crawdaunt
|
|upkeep
|
|t:|1657796193
|switch|p1a: Tapu Lele|Tapu Lele|100/100
|-damage|p1a: Tapu Lele|88/100|[from] Stealth Rock
|-fieldstart|move: Psychic Terrain|[from] ability: Psychic Surge|[of] p1a: Tapu Lele
|turn|19
|c|☆tomatosoup110|SORRY
|c|☆tomatosoup110|sorry
|
|t:|1657796202
|move|p1a: Tapu Lele|Psyshock|p2a: Clefable
|-damage|p2a: Clefable|9/100 par
|move|p2a: Clefable|Thunder Wave|p1a: Tapu Lele
|-status|p1a: Tapu Lele|par
|
|upkeep
|turn|20
|c|☆Forwards|hehe
|
|t:|1657796217
|switch|p2a: Victini|Victini|88/100
|move|p1a: Tapu Lele|Psyshock|p2a: Victini
|-resisted|p2a: Victini
|-damage|p2a: Victini|47/100
|
|upkeep
|turn|21
|c| Geb Gamer|Liquidation > Crabhammer
|c|@Mimikyu Stardust|not always
|c|☆tomatosoup110|nah
|c| yeshahR|surf > all of the above
|inactive|tomatosoup110 has 120 seconds left.
|c| Zofer≠|Dam my eyes need bleach
|
|t:|1657796240
|switch|p1a: Blissey|Blissey, F|88/100
|-damage|p1a: Blissey|76/100|[from] Stealth Rock
|move|p2a: Victini|V-create|p1a: Blissey
|-damage|p1a: Blissey|8/100
|-unboost|p2a: Victini|spe|1
|-unboost|p2a: Victini|def|1
|-unboost|p2a: Victini|spd|1
|
|-damage|p1a: Blissey|0 fnt|[from] item: Sticky Barb
|faint|p1a: Blissey
|upkeep
|
|t:|1657796247
|switch|p1a: Landorus|Landorus-Therian, M|59/100
|-damage|p1a: Landorus|47/100|[from] Stealth Rock
|-ability|p1a: Landorus|Intimidate|boost
|-unboost|p2a: Victini|atk|1
|turn|22
|c| Geb Gamer|I stand by it
|
|t:|1657796258
|switch|p2a: Clefable|Clefable, M, shiny|9/100 par
|move|p1a: Landorus|U-turn|p2a: Clefable
|-resisted|p2a: Clefable
|-damage|p2a: Clefable|0 fnt
|faint|p2a: Clefable
|
|t:|1657796260
|switch|p1a: Tapu Koko|Tapu Koko|100/100|[from]move: U-turn
|-fieldstart|move: Electric Terrain|[from] ability: Electric Surge|[of] p1a: Tapu Koko
|
|upkeep
|
|t:|1657796268
|switch|p2a: Tapu Koko|Tapu Koko|100/100
|turn|23
|c|☆tomatosoup110|oops
|c|☆tomatosoup110|meant to dnite
|
|t:|1657796290
|move|p2a: Tapu Koko|Calm Mind|p2a: Tapu Koko
|-boost|p2a: Tapu Koko|spa|1
|-boost|p2a: Tapu Koko|spd|1
|move|p1a: Tapu Koko|U-turn|p2a: Tapu Koko
|-resisted|p2a: Tapu Koko
|-damage|p2a: Tapu Koko|89/100
|
|t:|1657796292
|switch|p1a: Landorus|Landorus-Therian, M|47/100|[from]move: U-turn
|-damage|p1a: Landorus|35/100|[from] Stealth Rock
|-ability|p1a: Landorus|Intimidate|boost
|-unboost|p2a: Tapu Koko|atk|1
|
|upkeep
|turn|24
|
|t:|1657796301
|move|p1a: Landorus|Earthquake|p2a: Tapu Koko
|-supereffective|p2a: Tapu Koko
|-damage|p2a: Tapu Koko|0 fnt
|faint|p2a: Tapu Koko
|
|upkeep
|
|t:|1657796306
|switch|p2a: Dragonite|Dragonite, F|100/100
|turn|25
|
|t:|1657796313
|switch|p1a: Tapu Lele|Tapu Lele|88/100 par
|-damage|p1a: Tapu Lele|76/100 par|[from] Stealth Rock
|-fieldstart|move: Psychic Terrain|[from] ability: Psychic Surge|[of] p1a: Tapu Lele
|move|p2a: Dragonite|Dragon Dance|p2a: Dragonite
|-boost|p2a: Dragonite|atk|1
|-boost|p2a: Dragonite|spe|1
|
|upkeep
|turn|26
|c| Zofer≠|GG
|c|☆tomatosoup110|gg
|
|t:|1657796326
|move|p2a: Dragonite|Dual Wingbeat|p1a: Tapu Lele
|-damage|p1a: Tapu Lele|29/100 par
|-damage|p1a: Tapu Lele|0 fnt
|faint|p1a: Tapu Lele
|-hitcount|p1: Tapu Lele|2
|
|upkeep
|
|t:|1657796328
|switch|p1a: Landorus|Landorus-Therian, M|35/100
|-damage|p1a: Landorus|22/100|[from] Stealth Rock
|-ability|p1a: Landorus|Intimidate|boost
|-unboost|p2a: Dragonite|atk|1
|turn|27
|
|t:|1657796336
|move|p1a: Landorus|Stone Edge|p2a: Dragonite|[miss]
|-miss|p1a: Landorus|p2a: Dragonite
|move|p2a: Dragonite|Dragon Dance|p2a: Dragonite
|-boost|p2a: Dragonite|atk|1
|-boost|p2a: Dragonite|spe|1
|
|upkeep
|turn|28
|c|☆tomatosoup110|didnt matter
|c|☆tomatosoup110|but sorry
|
|t:|1657796345
|move|p2a: Dragonite|Dual Wingbeat|p1a: Landorus
|-damage|p1a: Landorus|0 fnt
|faint|p1a: Landorus
|-hitcount|p1: Landorus|1
|
|upkeep
|
|t:|1657796347
|switch|p1a: Tapu Koko|Tapu Koko|100/100
|-fieldstart|move: Electric Terrain|[from] ability: Electric Surge|[of] p1a: Tapu Koko
|turn|29
|c|☆Forwards|gg
|c|☆tomatosoup110|have an awesome day
|
|t:|1657796359
|move|p2a: Dragonite|Earthquake|p1a: Tapu Koko
|-supereffective|p1a: Tapu Koko
|-damage|p1a: Tapu Koko|0 fnt
|faint|p1a: Tapu Koko
|
|win|tomatosoup110
|n|☆Forwards|forwards
|n|☆tomatosoup110|tomatosoup110
|n| yeshahR|yeshahr
|n| ian_yo|ianyo
|n| Geb Gamer|gebgamer
|n| TheOnlyOneAlphonse|theonlyonealphonse
|n| Mimikyu Stardust|mimikyustardust
|n| Zofer≠|zofer
