|j|☆DarkChaotic
|j|☆HQSFun
|t:|1664667654
|gametype|singles
|player|p1|DarkChaotic|grimsley-masters|1492
|player|p2|HQSFun|veteranf|1571
|teamsize|p1|6
|teamsize|p2|6
|gen|8
|tier|[Gen 8] OU
|rated|
|rule|Sleep Clause Mod: Limit one foe put to sleep
|rule|Species Clause: Limit one of each Pokémon
|rule|OHKO Clause: OHKO moves are banned
|rule|Evasion Items Clause: Evasion items are banned
|rule|Evasion Moves Clause: Evasion moves are banned
|rule|Endless Battle Clause: Forcing endless battles is banned
|rule|HP Percentage Mod: HP is shown in percentages
|rule|Dynamax Clause: You cannot dynamax
|clearpoke
|poke|p1|Garchomp, M|
|poke|p1|Kartana|
|poke|p1|Primarina, M|
|poke|p1|Moltres-Galar|
|poke|p1|Volcarona, F|
|poke|p1|Regieleki|
|poke|p2|Heatran, M|
|poke|p2|Mew|
|poke|p2|Blaziken, M|
|poke|p2|Rillaboom, F|
|poke|p2|Weavile, M|
|poke|p2|Dragonite, F|
|teampreview
|
|t:|1664667669
|start
|switch|p1a: Regieleki|Regieleki|100/100
|switch|p2a: Heatran|Heatran, M|100/100
|turn|1
|inactive|Battle timer is ON: inactive players will automatically lose when time's up. (requested by HQSFun)
|
|t:|1664667678
|move|p1a: Regieleki|Light Screen|p1a: Regieleki
|-sidestart|p1: DarkChaotic|move: Light Screen
|move|p2a: Heatran|Steel Beam|p1a: Regieleki
|-resisted|p1a: Regieleki
|-damage|p1a: Regieleki|69/100
|-damage|p2a: Heatran|50/100|[from] mindblown
|
|upkeep
|turn|2
|
|t:|1664667683
|move|p1a: Regieleki|Reflect|p1a: Regieleki
|-sidestart|p1: DarkChaotic|Reflect
|move|p2a: Heatran|Magma Storm|p1a: Regieleki
|-damage|p1a: Regieleki|26/100
|-activate|p1a: Regieleki|move: Magma Storm|[of] p2a: Heatran
|
|-damage|p1a: Regieleki|14/100|[from] move: Magma Storm|[partiallytrapped]
|upkeep
|turn|3
|
|t:|1664667689
|move|p1a: Regieleki|Explosion|p2a: Heatran
|-resisted|p2a: Heatran
|-damage|p2a: Heatran|22/100
|faint|p1a: Regieleki
|move|p2a: Heatran|Stealth Rock|p1: Regieleki
|-sidestart|p1: DarkChaotic|move: Stealth Rock
|
|upkeep
|
|t:|1664667700
|switch|p1a: Kartana|Kartana|100/100
|-damage|p1a: Kartana|94/100|[from] Stealth Rock
|turn|4
|
|t:|1664667707
|move|p1a: Kartana|Knock Off|p2a: Heatran
|-damage|p2a: Heatran|0 fnt
|-enditem|p2a: Heatran|Focus Sash|[from] move: Knock Off|[of] p1a: Kartana
|faint|p2a: Heatran
|-ability|p1a: Kartana|Beast Boost|boost
|-boost|p1a: Kartana|atk|1
|
|upkeep
|
|t:|1664667723
|switch|p2a: Blaziken|Blaziken, M|100/100
|turn|5
|
|t:|1664667730
|move|p1a: Kartana|Sacred Sword|p2a: Blaziken
|-damage|p2a: Blaziken|13/100
|move|p2a: Blaziken|Flare Blitz|p1a: Kartana
|-supereffective|p1a: Kartana
|-damage|p1a: Kartana|0 fnt
|faint|p1a: Kartana
|-damage|p2a: Blaziken|0 fnt|[from] Recoil
|faint|p2a: Blaziken
|
|upkeep
|
|t:|1664667747
|switch|p1a: Volcarona|Volcarona, F|100/100
|switch|p2a: Dragonite|Dragonite, F|100/100
|turn|6
|
|t:|1664667752
|move|p1a: Volcarona|Psychic|p2a: Dragonite
|-damage|p2a: Dragonite|84/100
|move|p2a: Dragonite|Dragon Dance|p2a: Dragonite
|-boost|p2a: Dragonite|atk|1
|-boost|p2a: Dragonite|spe|1
|
|upkeep
|turn|7
|
|t:|1664667758
|move|p2a: Dragonite|Dragon Dance|p2a: Dragonite
|-boost|p2a: Dragonite|atk|1
|-boost|p2a: Dragonite|spe|1
|move|p1a: Volcarona|Quiver Dance|p1a: Volcarona
|-boost|p1a: Volcarona|spa|1
|-boost|p1a: Volcarona|spd|1
|-boost|p1a: Volcarona|spe|1
|
|upkeep
|turn|8
|
|t:|1664667768
|move|p2a: Dragonite|Earthquake|p1a: Volcarona
|-damage|p1a: Volcarona|38/100
|move|p1a: Volcarona|Quiver Dance|p1a: Volcarona
|-boost|p1a: Volcarona|spa|1
|-boost|p1a: Volcarona|spd|1
|-boost|p1a: Volcarona|spe|1
|
|-sideend|p1: DarkChaotic|move: Light Screen
|upkeep
|turn|9
|
|t:|1664667776
|move|p2a: Dragonite|Extreme Speed|p1a: Volcarona
|-damage|p1a: Volcarona|0 fnt
|faint|p1a: Volcarona
|
|-sideend|p1: DarkChaotic|Reflect
|upkeep
|
|t:|1664667782
|switch|p1a: Primarina|Primarina, M|100/100
|-damage|p1a: Primarina|88/100|[from] Stealth Rock
|turn|10
|
|t:|1664667785
|move|p2a: Dragonite|Earthquake|p1a: Primarina
|-damage|p1a: Primarina|0 fnt
|faint|p1a: Primarina
|
|upkeep
|
|t:|1664667790
|switch|p1a: Moltres|Moltres-Galar|100/100
|-damage|p1a: Moltres|76/100|[from] Stealth Rock
|turn|11
|
|t:|1664667792
|move|p2a: Dragonite|Ice Punch|p1a: Moltres
|-supereffective|p1a: Moltres
|-damage|p1a: Moltres|0 fnt
|faint|p1a: Moltres
|
|upkeep
|-message|DarkChaotic forfeited.
|
|win|HQSFun
|raw|DarkChaotic's rating: 1492 &rarr; <strong>1476</strong><br />(-16 for losing)
|raw|HQSFun's rating: 1571 &rarr; <strong>1587</strong><br />(+16 for winning)
|l|☆DarkChaotic
