|j|☆Shootingwolf
|j|☆LostLighter
|t:|1631868579
|gametype|singles
|player|p1|Shootingwolf|lass|1590
|player|p2|LostLighter|wattson|1532
|teamsize|p1|6
|teamsize|p2|6
|gen|8
|tier|[Gen 8] OU
|rated|
|rule|Sleep Clause Mod: Limit one foe put to sleep
|rule|Species Clause: Limit one of each Pokémon
|rule|OHKO Clause: OHKO moves are banned
|rule|Evasion Moves Clause: Evasion moves are banned
|rule|Endless Battle Clause: Forcing endless battles is banned
|rule|HP Percentage Mod: HP is shown in percentages
|rule|Dynamax Clause: You cannot dynamax
|clearpoke
|poke|p1|Heatran, F|
|poke|p1|Bisharp, F|
|poke|p1|Garchomp, M|
|poke|p1|Slowbro, M|
|poke|p1|Urshifu-*, M|
|poke|p1|Corviknight, F|
|poke|p2|Tapu Fini|
|poke|p2|Mamoswine, F|
|poke|p2|Magnezone|
|poke|p2|Dragonite, M|
|poke|p2|Heatran, M|
|poke|p2|Kartana|
|teampreview
|inactive|Battle timer is ON: inactive players will automatically lose when time's up. (requested by LostLighter)
|inactive|Shootingwolf has 120 seconds left.
|
|t:|1631868632
|start
|switch|p1a: Urshifu|Urshifu-Rapid-Strike, M|100/100
|switch|p2a: graduation|Mamoswine, F|100/100
|turn|1
|
|t:|1631868636
|move|p2a: graduation|Ice Shard|p1a: Urshifu
|-resisted|p1a: Urshifu
|-damage|p1a: Urshifu|89/100
|move|p1a: Urshifu|U-turn|p2a: graduation
|-damage|p2a: graduation|57/100
|
|t:|1631868643
|switch|p1a: Corviknight|Corviknight, F|100/100|[from]move: U-turn
|-ability|p1a: Corviknight|Pressure
|
|-heal|p2a: graduation|63/100|[from] item: Leftovers
|upkeep
|turn|2
|
|t:|1631868648
|switch|p2a: yeezus|Magnezone, shiny|100/100
|-item|p2a: yeezus|Air Balloon
|move|p1a: Corviknight|U-turn|p2a: yeezus
|-resisted|p2a: yeezus
|-damage|p2a: yeezus|94/100
|-enditem|p2a: yeezus|Air Balloon
|
|t:|1631868650
|switch|p1a: Garchomp|Garchomp, M|100/100|[from]move: U-turn
|
|upkeep
|turn|3
|
|t:|1631868670
|move|p1a: Garchomp|Swords Dance|p1a: Garchomp
|-boost|p1a: Garchomp|atk|2
|move|p2a: yeezus|Iron Defense|p2a: yeezus
|-boost|p2a: yeezus|def|2
|
|upkeep
|turn|4
|
|t:|1631868679
|move|p1a: Garchomp|Earthquake|p2a: yeezus
|-supereffective|p2a: yeezus
|-damage|p2a: yeezus|0 fnt
|faint|p2a: yeezus
|-damage|p1a: Garchomp|91/100|[from] item: Life Orb
|
|upkeep
|
|t:|1631868682
|switch|p2a: graduation|Mamoswine, F|63/100
|turn|5
|
|t:|1631868685
|switch|p1a: Urshifu|Urshifu-Rapid-Strike, M|89/100
|move|p2a: graduation|Ice Shard|p1a: Urshifu
|-resisted|p1a: Urshifu
|-damage|p1a: Urshifu|77/100
|
|-heal|p2a: graduation|69/100|[from] item: Leftovers
|upkeep
|turn|6
|
|t:|1631868696
|switch|p2a: college dropout|Dragonite, M|100/100
|move|p1a: Urshifu|U-turn|p2a: college dropout
|-resisted|p2a: college dropout
|-damage|p2a: college dropout|93/100
|
|t:|1631868700
|switch|p1a: Garchomp|Garchomp, M|91/100|[from]move: U-turn
|
|upkeep
|turn|7
|
|t:|1631868714
|move|p1a: Garchomp|Earthquake|p2a: college dropout
|-immune|p2a: college dropout
|move|p2a: college dropout|Ice Punch|p1a: Garchomp
|-supereffective|p1a: Garchomp
|-damage|p1a: Garchomp|0 fnt
|-damage|p2a: college dropout|81/100|[from] ability: Rough Skin|[of] p1a: Garchomp
|faint|p1a: Garchomp
|
|upkeep
|
|t:|1631868718
|switch|p1a: Slowbro|Slowbro, M|100/100
|turn|8
|
|t:|1631868725
|move|p2a: college dropout|Roost|p2a: college dropout
|-heal|p2a: college dropout|100/100
|-singleturn|p2a: college dropout|move: Roost
|move|p1a: Slowbro|Teleport|p1a: Slowbro
|
|t:|1631868730
|switch|p1a: Corviknight|Corviknight, F|100/100|[from]move: Teleport
|-ability|p1a: Corviknight|Pressure
|
|upkeep
|turn|9
|
|t:|1631868735
|move|p2a: college dropout|Dragon Dance|p2a: college dropout
|-boost|p2a: college dropout|atk|1
|-boost|p2a: college dropout|spe|1
|move|p1a: Corviknight|U-turn|p2a: college dropout
|-resisted|p2a: college dropout
|-damage|p2a: college dropout|97/100
|
|t:|1631868739
|switch|p1a: Slowbro|Slowbro, M|100/100|[from]move: U-turn
|
|upkeep
|turn|10
|
|t:|1631868744
|move|p2a: college dropout|Roost|p2a: college dropout
|-heal|p2a: college dropout|100/100
|-singleturn|p2a: college dropout|move: Roost
|move|p1a: Slowbro|Future Sight|p2a: college dropout
|-start|p1a: Slowbro|move: Future Sight
|
|upkeep
|turn|11
|
|t:|1631868752
|move|p2a: college dropout|Dragon Dance|p2a: college dropout
|-boost|p2a: college dropout|atk|1
|-boost|p2a: college dropout|spe|1
|move|p1a: Slowbro|Ice Beam|p2a: college dropout
|-supereffective|p2a: college dropout
|-damage|p2a: college dropout|58/100
|
|upkeep
|turn|12
|
|t:|1631868755
|move|p2a: college dropout|Roost|p2a: college dropout
|-heal|p2a: college dropout|100/100
|-singleturn|p2a: college dropout|move: Roost
|move|p1a: Slowbro|Ice Beam|p2a: college dropout
|-supereffective|p2a: college dropout
|-crit|p2a: college dropout
|-damage|p2a: college dropout|73/100
|
|-end|p2a: college dropout|move: Future Sight
|-damage|p2a: college dropout|30/100
|upkeep
|turn|13
|
|t:|1631868765
|switch|p2a: pablo|Kartana|100/100
|move|p1a: Slowbro|Ice Beam|p2a: pablo
|-damage|p2a: pablo|26/100
|
|upkeep
|turn|14
|
|t:|1631868770
|switch|p1a: Corviknight|Corviknight, F|100/100
|-ability|p1a: Corviknight|Pressure
|move|p2a: pablo|Knock Off|p1a: Corviknight
|-damage|p1a: Corviknight|72/100
|-enditem|p1a: Corviknight|Leftovers|[from] move: Knock Off|[of] p2a: pablo
|
|upkeep
|turn|15
|
|t:|1631868778
|switch|p2a: 808s|Heatran, M|100/100
|move|p1a: Corviknight|U-turn|p2a: 808s
|-resisted|p2a: 808s
|-damage|p2a: 808s|98/100
|
|t:|1631868783
|switch|p1a: Urshifu|Urshifu-Rapid-Strike, M|77/100|[from]move: U-turn
|
|-heal|p2a: 808s|100/100|[from] item: Leftovers
|upkeep
|turn|16
|
|t:|1631868786
|move|p1a: Urshifu|Surging Strikes|p2a: 808s
|-supereffective|p2a: 808s
|-crit|p2a: 808s
|-damage|p2a: 808s|54/100
|-supereffective|p2a: 808s
|-crit|p2a: 808s
|-damage|p2a: 808s|2/100
|-supereffective|p2a: 808s
|-crit|p2a: 808s
|-damage|p2a: 808s|0 fnt
|faint|p2a: 808s
|-hitcount|p2: 808s|3
|
|upkeep
|
|t:|1631868789
|switch|p2a: donda|Tapu Fini|100/100
|-fieldstart|move: Misty Terrain|[from] ability: Misty Surge|[of] p2a: donda
|turn|17
|
|t:|1631868792
|switch|p1a: Corviknight|Corviknight, F|72/100
|-ability|p1a: Corviknight|Pressure
|move|p2a: donda|Moonblast|p1a: Corviknight
|-resisted|p1a: Corviknight
|-damage|p1a: Corviknight|51/100
|
|upkeep
|turn|18
|
|t:|1631868797
|move|p2a: donda|Hydro Pump|p1a: Corviknight
|-damage|p1a: Corviknight|2/100
|move|p1a: Corviknight|U-turn|p2a: donda
|-resisted|p2a: donda
|-damage|p2a: donda|93/100
|
|t:|1631868804
|switch|p1a: Slowbro|Slowbro, M|100/100|[from]move: U-turn
|
|upkeep
|turn|19
|
|t:|1631868807
|move|p2a: donda|Knock Off|p1a: Slowbro
|-supereffective|p1a: Slowbro
|-damage|p1a: Slowbro|79/100
|-damage|p2a: donda|77/100|[from] item: Rocky Helmet|[of] p1a: Slowbro
|-enditem|p1a: Slowbro|Rocky Helmet|[from] move: Knock Off|[of] p2a: donda
|move|p1a: Slowbro|Future Sight|p2a: donda
|-start|p1a: Slowbro|move: Future Sight
|
|upkeep
|turn|20
|
|t:|1631868814
|move|p2a: donda|Moonblast|p1a: Slowbro
|-damage|p1a: Slowbro|34/100
|move|p1a: Slowbro|Teleport|p1a: Slowbro
|
|t:|1631868826
|switch|p1a: Bisharp|Bisharp, F|100/100|[from]move: Teleport
|
|upkeep
|turn|21
|
|t:|1631868832
|move|p2a: donda|Moonblast|p1a: Bisharp
|-damage|p1a: Bisharp|31/100
|-unboost|p1a: Bisharp|spa|1
|-ability|p1a: Bisharp|Defiant
|-boost|p1a: Bisharp|atk|2
|move|p1a: Bisharp|Iron Head|p2a: donda
|-damage|p2a: donda|0 fnt
|faint|p2a: donda
|
|-hint|Future Sight did not hit because the target is fainted.
|-fieldend|Misty Terrain
|upkeep
|
|t:|1631868838
|switch|p2a: graduation|Mamoswine, F|69/100
|turn|22
|
|t:|1631868842
|move|p1a: Bisharp|Sucker Punch||[still]
|-fail|p1a: Bisharp
|move|p2a: graduation|Substitute|p2a: graduation
|-start|p2a: graduation|Substitute
|-damage|p2a: graduation|44/100
|
|-heal|p2a: graduation|50/100|[from] item: Leftovers
|upkeep
|turn|23
|
|t:|1631868848
|move|p1a: Bisharp|Sucker Punch|p2a: graduation
|-end|p2a: graduation|Substitute
|move|p2a: graduation|Earthquake|p1a: Bisharp
|-supereffective|p1a: Bisharp
|-damage|p1a: Bisharp|0 fnt
|faint|p1a: Bisharp
|
|-heal|p2a: graduation|56/100|[from] item: Leftovers
|upkeep
|
|t:|1631868853
|switch|p1a: Urshifu|Urshifu-Rapid-Strike, M|77/100
|turn|24
|
|t:|1631868858
|move|p2a: graduation|Ice Shard|p1a: Urshifu
|-resisted|p1a: Urshifu
|-damage|p1a: Urshifu|67/100
|move|p1a: Urshifu|Surging Strikes|p2a: graduation
|-supereffective|p2a: graduation
|-crit|p2a: graduation
|-damage|p2a: graduation|0 fnt
|faint|p2a: graduation
|-hitcount|p2: graduation|1
|
|upkeep
|
|t:|1631868861
|switch|p2a: college dropout|Dragonite, M|30/100
|turn|25
|
|t:|1631868864
|move|p1a: Urshifu|Surging Strikes|p2a: college dropout
|-resisted|p2a: college dropout
|-crit|p2a: college dropout
|-damage|p2a: college dropout|17/100
|-resisted|p2a: college dropout
|-crit|p2a: college dropout
|-damage|p2a: college dropout|4/100
|-resisted|p2a: college dropout
|-crit|p2a: college dropout
|-damage|p2a: college dropout|0 fnt
|faint|p2a: college dropout
|-hitcount|p2: college dropout|3
|
|upkeep
|
|t:|1631868866
|switch|p2a: pablo|Kartana|26/100
|turn|26
|
|t:|1631868869
|switch|p1a: Slowbro|Slowbro, M|68/100
|move|p2a: pablo|Leaf Blade|p1a: Slowbro
|-supereffective|p1a: Slowbro
|-damage|p1a: Slowbro|0 fnt
|faint|p1a: Slowbro
|-ability|p2a: pablo|Beast Boost|boost
|-boost|p2a: pablo|atk|1
|
|upkeep
|
|t:|1631868877
|switch|p1a: Heatran|Heatran, F|100/100
|turn|27
|
|t:|1631868880
|move|p2a: pablo|Leaf Blade|p1a: Heatran
|-resisted|p1a: Heatran
|-crit|p1a: Heatran
|-damage|p1a: Heatran|70/100
|move|p1a: Heatran|Earth Power|p2a: pablo
|-damage|p2a: pablo|0 fnt
|faint|p2a: pablo
|
|win|Shootingwolf
|raw|Shootingwolf's rating: 1590 &rarr; <strong>1607</strong><br />(+17 for winning)
|raw|LostLighter's rating: 1532 &rarr; <strong>1515</strong><br />(-17 for losing)
|l|☆LostLighter
