|j|☆noudle soop
|j|☆Steez Ibanez
|t:|1634693862
|gametype|singles
|player|p1|noudle soop|sailor|1793
|player|p2|Steez Ibanez|pokemonranger-gen4|1888
|teamsize|p1|6
|teamsize|p2|6
|gen|8
|tier|[Gen 8] OU
|rated|
|rule|Sleep Clause Mod: Limit one foe put to sleep
|rule|Species Clause: Limit one of each Pokémon
|rule|OHKO Clause: OHKO moves are banned
|rule|Evasion Moves Clause: Evasion moves are banned
|rule|Endless Battle Clause: Forcing endless battles is banned
|rule|HP Percentage Mod: HP is shown in percentages
|rule|Dynamax Clause: You cannot dynamax
|clearpoke
|poke|p1|Rhyperior, M|
|poke|p1|Heatran, M|
|poke|p1|Rillaboom, M|
|poke|p1|Tapu Fini|
|poke|p1|Melmetal|
|poke|p1|Landorus-Therian, M|
|poke|p2|Tapu Fini|
|poke|p2|Heatran, M|
|poke|p2|Landorus-Therian, M|
|poke|p2|Ferrothorn, M|
|poke|p2|Hydreigon, M|
|poke|p2|Regieleki|
|teampreview
|inactive|Battle timer is ON: inactive players will automatically lose when time's up. (requested by noudle soop)
|inactive|noudle soop has 120 seconds left.
|
|t:|1634693902
|start
|switch|p1a: Heatran|Heatran, M, shiny|100/100
|switch|p2a: Simba|Landorus-Therian, M|100/100
|-ability|p2a: Simba|Intimidate|boost
|-unboost|p1a: Heatran|atk|1
|turn|1
|inactive|Steez Ibanez has 120 seconds left.
|inactive|Steez Ibanez has 90 seconds left.
|
|t:|1634693970
|move|p2a: Simba|U-turn|p1a: Heatran
|-resisted|p1a: Heatran
|-damage|p1a: Heatran|94/100
|
|t:|1634693971
|switch|p2a: Hephaestus|Heatran, M|100/100|[from]move: U-turn
|move|p1a: Heatran|Magma Storm|p2a: Hephaestus
|-start|p2a: Hephaestus|ability: Flash Fire
|
|upkeep
|turn|2
|
|t:|1634693979
|switch|p1a: Landorus|Landorus-Therian, M|100/100
|-ability|p1a: Landorus|Intimidate|boost
|-unboost|p2a: Hephaestus|atk|1
|move|p2a: Hephaestus|Stealth Rock|p1a: Landorus
|-sidestart|p1: noudle soop|move: Stealth Rock
|
|upkeep
|turn|3
|j| BlackBlurSpidey
|
|t:|1634693982
|move|p1a: Landorus|U-turn|p2a: Hephaestus
|-resisted|p2a: Hephaestus
|-damage|p2a: Hephaestus|95/100
|
|t:|1634693986
|switch|p1a: Heatran|Heatran, M, shiny|94/100|[from]move: U-turn
|-damage|p1a: Heatran|82/100|[from] Stealth Rock
|move|p2a: Hephaestus|Magma Storm|p1a: Heatran
|-start|p1a: Heatran|ability: Flash Fire
|
|-heal|p2a: Hephaestus|100/100|[from] item: Leftovers
|upkeep
|turn|4
|j| KMNg99
|
|t:|1634693990
|move|p1a: Heatran|Earth Power|p2a: Hephaestus
|-supereffective|p2a: Hephaestus
|-crit|p2a: Hephaestus
|-damage|p2a: Hephaestus|0 fnt
|faint|p2a: Hephaestus
|
|upkeep
|
|t:|1634693994
|switch|p2a: Simba|Landorus-Therian, M|100/100
|-ability|p2a: Simba|Intimidate|boost
|-unboost|p1a: Heatran|atk|1
|turn|5
|j| SakuraSumi
|
|t:|1634693998
|-end|p1a: Heatran|ability: Flash Fire|[silent]
|switch|p1a: Landorus|Landorus-Therian, M|100/100
|-damage|p1a: Landorus|88/100|[from] Stealth Rock
|-ability|p1a: Landorus|Intimidate|boost
|-unboost|p2a: Simba|atk|1
|move|p2a: Simba|Knock Off|p1a: Landorus
|-damage|p1a: Landorus|61/100
|-enditem|p1a: Landorus|Choice Scarf|[from] move: Knock Off|[of] p2a: Simba
|
|upkeep
|turn|6
|l| SakuraSumi
|
|t:|1634694001
|switch|p2a: Abomination|Ferrothorn, M|100/100
|move|p1a: Landorus|U-turn|p2a: Abomination
|-damage|p2a: Abomination|85/100
|-damage|p1a: Landorus|49/100|[from] ability: Iron Barbs|[of] p2a: Abomination
|-damage|p1a: Landorus|32/100|[from] item: Rocky Helmet|[of] p2a: Abomination
|
|t:|1634694004
|switch|p1a: Heatran|Heatran, M, shiny|82/100|[from]move: U-turn
|-damage|p1a: Heatran|70/100|[from] Stealth Rock
|
|upkeep
|turn|7
|
|t:|1634694006
|switch|p2a: Watcher|Tapu Fini|100/100
|-fieldstart|move: Misty Terrain|[from] ability: Misty Surge|[of] p2a: Watcher
|move|p1a: Heatran|Magma Storm|p2a: Watcher
|-resisted|p2a: Watcher
|-damage|p2a: Watcher|80/100
|-activate|p2a: Watcher|move: Magma Storm|[of] p1a: Heatran
|
|-heal|p2a: Watcher|86/100|[from] item: Leftovers
|-damage|p2a: Watcher|73/100|[from] move: Magma Storm|[partiallytrapped]
|upkeep
|turn|8
|
|t:|1634694008
|move|p1a: Heatran|Solar Beam||[still]
|-prepare|p1a: Heatran|Solar Beam
|-enditem|p1a: Heatran|Power Herb
|-anim|p1a: Heatran|Solar Beam|p2a: Watcher
|-supereffective|p2a: Watcher
|-damage|p2a: Watcher|8/100
|move|p2a: Watcher|Calm Mind|p2a: Watcher
|-boost|p2a: Watcher|spa|1
|-boost|p2a: Watcher|spd|1
|
|-heal|p2a: Watcher|14/100|[from] item: Leftovers
|-damage|p2a: Watcher|2/100|[from] move: Magma Storm|[partiallytrapped]
|upkeep
|turn|9
|
|t:|1634694010
|move|p1a: Heatran|Earth Power|p2a: Watcher
|-damage|p2a: Watcher|0 fnt
|faint|p2a: Watcher
|
|upkeep
|
|t:|1634694012
|switch|p2a: Hades|Hydreigon, M|100/100
|turn|10
|
|t:|1634694014
|switch|p1a: Tapu Fini|Tapu Fini|100/100
|-damage|p1a: Tapu Fini|88/100|[from] Stealth Rock
|move|p2a: Hades|Earth Power|p1a: Tapu Fini
|-damage|p1a: Tapu Fini|62/100
|
|upkeep
|turn|11
|
|t:|1634694018
|switch|p2a: Abomination|Ferrothorn, M|85/100
|move|p1a: Tapu Fini|Defog|p2a: Abomination
|-unboost|p2a: Abomination|evasion|1
|-sideend|p1: noudle soop|Stealth Rock|[from] move: Defog|[of] p1a: Tapu Fini
|-fieldend|Misty Terrain
|
|upkeep
|turn|12
|
|t:|1634694022
|switch|p1a: Heatran|Heatran, M, shiny|70/100
|move|p2a: Abomination|Spikes|p1a: Heatran
|-sidestart|p1: noudle soop|Spikes
|
|upkeep
|turn|13
|j| MiniLarry
|
|t:|1634694039
|switch|p1a: Melmetal|Melmetal|100/100
|-damage|p1a: Melmetal|88/100|[from] Spikes
|switch|p2a: Hades|Hydreigon, M|100/100
|
|upkeep
|turn|14
|j| y0Asenz
|j| Volc is for pssys
|l| y0Asenz
|
|t:|1634694056
|switch|p2a: Abomination|Ferrothorn, M|85/100
|move|p1a: Melmetal|Double Iron Bash|p2a: Abomination
|-resisted|p2a: Abomination
|-damage|p2a: Abomination|72/100
|-damage|p1a: Melmetal|76/100|[from] ability: Iron Barbs|[of] p2a: Abomination
|-damage|p1a: Melmetal|59/100|[from] item: Rocky Helmet|[of] p2a: Abomination
|-resisted|p2a: Abomination
|-damage|p2a: Abomination|60/100
|-damage|p1a: Melmetal|47/100|[from] ability: Iron Barbs|[of] p2a: Abomination
|-damage|p1a: Melmetal|30/100|[from] item: Rocky Helmet|[of] p2a: Abomination
|-hitcount|p2a: Abomination|2
|
|upkeep
|turn|15
|j| SACHAAAA
|
|t:|1634694064
|move|p1a: Melmetal|Superpower|p2a: Abomination
|-supereffective|p2a: Abomination
|-damage|p2a: Abomination|0 fnt
|-unboost|p1a: Melmetal|atk|1
|-unboost|p1a: Melmetal|def|1
|-damage|p1a: Melmetal|17/100|[from] ability: Iron Barbs|[of] p2a: Abomination
|-damage|p1a: Melmetal|1/100|[from] item: Rocky Helmet|[of] p2a: Abomination
|faint|p2a: Abomination
|
|upkeep
|
|t:|1634694069
|switch|p2a: Simba|Landorus-Therian, M|100/100
|-ability|p2a: Simba|Intimidate|boost
|-unboost|p1a: Melmetal|atk|1
|turn|16
|
|t:|1634694070
|move|p2a: Simba|U-turn|p1a: Melmetal
|-resisted|p1a: Melmetal
|-damage|p1a: Melmetal|0 fnt
|faint|p1a: Melmetal
|
|t:|1634694084
|switch|p2a: Ethernet|Regieleki|100/100|[from]move: U-turn
|
|upkeep
|
|t:|1634694087
|switch|p1a: Rhyperior|Rhyperior, M|100/100
|-damage|p1a: Rhyperior|88/100|[from] Spikes
|turn|17
|
|t:|1634694090
|switch|p2a: Simba|Landorus-Therian, M|100/100
|-ability|p2a: Simba|Intimidate|boost
|-unboost|p1a: Rhyperior|atk|1
|move|p1a: Rhyperior|Stone Edge|p2a: Simba
|-damage|p2a: Simba|55/100
|
|-heal|p1a: Rhyperior|94/100|[from] item: Leftovers
|upkeep
|turn|18
|
|t:|1634694099
|switch|p1a: Landorus|Landorus-Therian, M|32/100
|-ability|p1a: Landorus|Intimidate|boost
|-unboost|p2a: Simba|atk|1
|move|p2a: Simba|Knock Off|p1a: Landorus
|-damage|p1a: Landorus|13/100
|
|upkeep
|turn|19
|
|t:|1634694109
|switch|p2a: Ethernet|Regieleki|100/100
|switch|p1a: Heatran|Heatran, M, shiny|70/100
|-damage|p1a: Heatran|57/100|[from] Spikes
|
|upkeep
|turn|20
|
|t:|1634694126
|move|p2a: Ethernet|Volt Switch|p1a: Heatran
|-damage|p1a: Heatran|10/100
|
|t:|1634694129
|switch|p2a: Hades|Hydreigon, M|100/100|[from]move: Volt Switch
|move|p1a: Heatran|Magma Storm|p2a: Hades
|-resisted|p2a: Hades
|-crit|p2a: Hades
|-damage|p2a: Hades|59/100
|-activate|p2a: Hades|move: Magma Storm|[of] p1a: Heatran
|
|-heal|p2a: Hades|65/100|[from] item: Leftovers
|-damage|p2a: Hades|53/100|[from] move: Magma Storm|[partiallytrapped]
|upkeep
|turn|21
|
|t:|1634694135
|move|p2a: Hades|Substitute|p2a: Hades
|-start|p2a: Hades|Substitute
|-end|p2a: Hades|Magma Storm|[partiallytrapped]|[silent]
|-damage|p2a: Hades|28/100
|move|p1a: Heatran|Magma Storm|p2a: Hades
|-resisted|p2a: Hades
|-end|p2a: Hades|Substitute
|
|-heal|p2a: Hades|34/100|[from] item: Leftovers
|upkeep
|turn|22
|
|t:|1634694141
|move|p2a: Hades|Earth Power|p1a: Heatran
|-supereffective|p1a: Heatran
|-damage|p1a: Heatran|0 fnt
|faint|p1a: Heatran
|
|-heal|p2a: Hades|40/100|[from] item: Leftovers
|upkeep
|
|t:|1634694150
|switch|p1a: Tapu Fini|Tapu Fini|62/100
|-damage|p1a: Tapu Fini|50/100|[from] Spikes
|-fieldstart|move: Misty Terrain|[from] ability: Misty Surge|[of] p1a: Tapu Fini
|turn|23
|
|t:|1634694154
|move|p1a: Tapu Fini|Moonblast|p2a: Hades
|-supereffective|p2a: Hades
|-damage|p2a: Hades|0 fnt
|faint|p2a: Hades
|
|upkeep
|-message|Steez Ibanez forfeited.
|
|win|noudle soop
|raw|noudle soop's rating: 1769 &rarr; <strong>1796</strong><br />(+27 for winning)
|raw|Steez Ibanez's rating: 1903 &rarr; <strong>1876</strong><br />(-27 for losing)
|l|☆Steez Ibanez
|l| BlackBlurSpidey
