|html|<div class="broadcast-blue"><strong>[Gen 8] OU is currently suspecting Melmetal! For information on how to participate check out the <a href="https://www.smogon.com/forums/threads/np-ss-ou-suspect-process-round-12-monster-mash.3709234/">suspect thread</a>.</strong></div>
|j|☆Trogba Trogba
|j|☆SDK04
|inactive|Battle timer is ON: inactive players will automatically lose when time's up.
|t:|1666561974
|gametype|singles
|player|p1|Trogba Trogba|lance|
|player|p2|SDK04|nate|
|teamsize|p1|6
|teamsize|p2|6
|gen|8
|tier|[Gen 8] OU
|rated|Tournament battle
|rule|Sleep Clause Mod: Limit one foe put to sleep
|rule|Species Clause: Limit one of each Pokémon
|rule|OHKO Clause: OHKO moves are banned
|rule|Evasion Items Clause: Evasion items are banned
|rule|Evasion Moves Clause: Evasion moves are banned
|rule|Endless Battle Clause: Forcing endless battles is banned
|rule|HP Percentage Mod: HP is shown in percentages
|rule|Dynamax Clause: You cannot dynamax
|clearpoke
|poke|p1|Aron, L1, F|
|poke|p1|Tyranitar, M|
|poke|p1|Excadrill, M|
|poke|p1|Dracozolt|
|poke|p1|Tapu Fini|
|poke|p1|Tangrowth, F|
|poke|p2|Volcanion|
|poke|p2|Landorus-Therian, M|
|poke|p2|Zapdos|
|poke|p2|Melmetal|
|poke|p2|Tapu Lele|
|poke|p2|Dragapult, M|
|teampreview
|j| natdexfunnn
|l| natdexfunnn
|
|t:|1666561995
|start
|switch|p1a: Aron|Aron, L1, F|100/100
|switch|p2a: Dragapult|Dragapult, M|100/100
|turn|1
|
|t:|1666561999
|move|p1a: Aron|Protect|p1a: Aron
|-singleturn|p1a: Aron|Protect
|move|p2a: Dragapult|Dragon Darts|p1a: Aron
|-activate|p1a: Aron|move: Protect
|
|upkeep
|turn|2
|
|t:|1666562007
|switch|p2a: Landorus|Landorus-Therian, M|100/100
|-ability|p2a: Landorus|Intimidate|boost
|-unboost|p1a: Aron|atk|1
|switch|p1a: Tapu Fini|Tapu Fini|100/100
|-fieldstart|move: Misty Terrain|[from] ability: Misty Surge|[of] p1a: Tapu Fini
|
|upkeep
|turn|3
|
|t:|1666562018
|switch|p1a: Tyranitar|Tyranitar, M|100/100
|-weather|Sandstorm|[from] ability: Sand Stream|[of] p1a: Tyranitar
|move|p2a: Landorus|Stealth Rock|p1a: Tyranitar
|-sidestart|p1: Trogba Trogba|move: Stealth Rock
|
|-weather|Sandstorm|[upkeep]
|upkeep
|turn|4
|
|t:|1666562021
|move|p2a: Landorus|Earthquake|p1a: Tyranitar
|-supereffective|p1a: Tyranitar
|-damage|p1a: Tyranitar|24/100
|move|p1a: Tyranitar|Ice Beam|p2a: Landorus
|-supereffective|p2a: Landorus
|-damage|p2a: Landorus|38/100
|
|-weather|Sandstorm|[upkeep]
|-heal|p2a: Landorus|44/100|[from] item: Leftovers
|upkeep
|turn|5
|
|t:|1666562030
|switch|p1a: Tangrowth|Tangrowth, F|100/100
|-damage|p1a: Tangrowth|88/100|[from] Stealth Rock
|move|p2a: Landorus|U-turn|p1a: Tangrowth
|-supereffective|p1a: Tangrowth
|-crit|p1a: Tangrowth
|-damage|p1a: Tangrowth|55/100
|-damage|p2a: Landorus|27/100|[from] item: Rocky Helmet|[of] p1a: Tangrowth
|
|t:|1666562033
|switch|p2a: Volcanion|Volcanion|100/100|[from]move: U-turn
|
|-weather|Sandstorm|[upkeep]
|-damage|p2a: Volcanion|95/100|[from] Sandstorm
|-damage|p1a: Tangrowth|49/100|[from] Sandstorm
|upkeep
|turn|6
|
|t:|1666562044
|switch|p1a: Tapu Fini|Tapu Fini|100/100
|-damage|p1a: Tapu Fini|88/100|[from] Stealth Rock
|move|p2a: Volcanion|Flamethrower|p1a: Tapu Fini
|-resisted|p1a: Tapu Fini
|-damage|p1a: Tapu Fini|71/100
|
|-weather|Sandstorm|[upkeep]
|-damage|p2a: Volcanion|89/100|[from] Sandstorm
|-damage|p1a: Tapu Fini|65/100|[from] Sandstorm
|-heal|p1a: Tapu Fini|71/100|[from] item: Leftovers
|-fieldend|Misty Terrain
|upkeep
|turn|7
|
|t:|1666562047
|switch|p1a: Dracozolt|Dracozolt|100/100
|-damage|p1a: Dracozolt|88/100|[from] Stealth Rock
|move|p2a: Volcanion|Sludge Bomb|p1a: Dracozolt
|-damage|p1a: Dracozolt|36/100
|
|-weather|Sandstorm|[upkeep]
|-damage|p2a: Volcanion|83/100|[from] Sandstorm
|upkeep
|turn|8
|
|t:|1666562052
|switch|p2a: Landorus|Landorus-Therian, M|27/100
|-ability|p2a: Landorus|Intimidate|boost
|-unboost|p1a: Dracozolt|atk|1
|move|p1a: Dracozolt|Bolt Beak|p2a: Landorus
|-immune|p2a: Landorus
|
|-weather|Sandstorm|[upkeep]
|-heal|p2a: Landorus|33/100|[from] item: Leftovers
|upkeep
|turn|9
|
|t:|1666562056
|move|p1a: Dracozolt|Outrage|p2a: Landorus
|-damage|p2a: Landorus|0 fnt
|faint|p2a: Landorus
|-damage|p1a: Dracozolt|26/100|[from] item: Life Orb
|
|-weather|Sandstorm|[upkeep]
|upkeep
|
|t:|1666562059
|switch|p2a: Dragapult|Dragapult, M|100/100
|turn|10
|
|t:|1666562060
|move|p2a: Dragapult|Sucker Punch|p1a: Dracozolt
|-damage|p1a: Dracozolt|0 fnt
|faint|p1a: Dracozolt
|
|-weather|none
|upkeep
|
|t:|1666562080
|switch|p1a: Excadrill|Excadrill, M|100/100
|-damage|p1a: Excadrill|97/100|[from] Stealth Rock
|-item|p1a: Excadrill|Air Balloon
|turn|11
|
|t:|1666562084
|move|p2a: Dragapult|Sucker Punch||[still]
|-fail|p2a: Dragapult
|move|p1a: Excadrill|Swords Dance|p1a: Excadrill
|-boost|p1a: Excadrill|atk|2
|
|upkeep
|turn|12
|
|t:|1666562096
|switch|p2a: Zapdos|Zapdos|100/100
|move|p1a: Excadrill|Iron Head|p2a: Zapdos
|-resisted|p2a: Zapdos
|-damage|p2a: Zapdos|64/100
|
|upkeep
|turn|13
|
|t:|1666562098
|move|p1a: Excadrill|Rapid Spin|p2a: Zapdos
|-damage|p2a: Zapdos|36/100
|-boost|p1a: Excadrill|spe|1
|-sideend|p1: Trogba Trogba|Stealth Rock|[from] move: Rapid Spin|[of] p1a: Excadrill
|move|p2a: Zapdos|Hurricane|p1a: Excadrill
|-resisted|p1a: Excadrill
|-damage|p1a: Excadrill|69/100
|-enditem|p1a: Excadrill|Air Balloon
|
|upkeep
|turn|14
|
|t:|1666562103
|move|p1a: Excadrill|Iron Head|p2a: Zapdos
|-resisted|p2a: Zapdos
|-damage|p2a: Zapdos|0 fnt
|faint|p2a: Zapdos
|
|upkeep
|
|t:|1666562111
|switch|p2a: Tapu Lele|Tapu Lele|100/100
|-fieldstart|move: Psychic Terrain|[from] ability: Psychic Surge|[of] p2a: Tapu Lele
|turn|15
|
|t:|1666562120
|switch|p1a: Tyranitar|Tyranitar, M|24/100
|-weather|Sandstorm|[from] ability: Sand Stream|[of] p1a: Tyranitar
|move|p2a: Tapu Lele|Focus Blast|p1a: Tyranitar|[miss]
|-miss|p2a: Tapu Lele|p1a: Tyranitar
|
|-weather|Sandstorm|[upkeep]
|-damage|p2a: Tapu Lele|94/100|[from] Sandstorm
|upkeep
|turn|16
|
|t:|1666562130
|switch|p1a: Aron|Aron, L1, F|100/100
|move|p2a: Tapu Lele|Focus Blast|p1a: Aron|[miss]
|-miss|p2a: Tapu Lele|p1a: Aron
|
|-weather|Sandstorm|[upkeep]
|-damage|p2a: Tapu Lele|88/100|[from] Sandstorm
|upkeep
|turn|17
|
|t:|1666562132
|switch|p2a: Melmetal|Melmetal|100/100
|move|p1a: Aron|Endeavor|p2a: Melmetal
|-damage|p2a: Melmetal|3/100
|
|-weather|Sandstorm|[upkeep]
|upkeep
|turn|18
|
|t:|1666562135
|switch|p1a: Tangrowth|Tangrowth, F|82/100
|move|p2a: Melmetal|Double Iron Bash|p1a: Tangrowth
|-damage|p1a: Tangrowth|60/100
|-damage|p2a: Melmetal|0 fnt|[from] item: Rocky Helmet|[of] p1a: Tangrowth
|faint|p2a: Melmetal
|-hitcount|p1a: Tangrowth|1
|
|-weather|Sandstorm|[upkeep]
|-damage|p1a: Tangrowth|54/100|[from] Sandstorm
|upkeep
|
|t:|1666562138
|switch|p2a: Volcanion|Volcanion|83/100
|turn|19
|
|t:|1666562151
|move|p2a: Volcanion|Flamethrower|p1a: Tangrowth
|-supereffective|p1a: Tangrowth
|-damage|p1a: Tangrowth|0 fnt
|faint|p1a: Tangrowth
|
|-weather|Sandstorm|[upkeep]
|-damage|p2a: Volcanion|77/100|[from] Sandstorm
|-fieldend|move: Psychic Terrain
|upkeep
|
|t:|1666562153
|switch|p1a: Excadrill|Excadrill, M|69/100
|turn|20
|
|t:|1666562162
|switch|p2a: Tapu Lele|Tapu Lele|88/100
|-fieldstart|move: Psychic Terrain|[from] ability: Psychic Surge|[of] p2a: Tapu Lele
|move|p1a: Excadrill|Earthquake|p2a: Tapu Lele
|-damage|p2a: Tapu Lele|7/100
|
|-weather|Sandstorm|[upkeep]
|-damage|p2a: Tapu Lele|1/100|[from] Sandstorm
|upkeep
|turn|21
|
|t:|1666562168
|move|p1a: Excadrill|Rapid Spin|p2a: Tapu Lele
|-damage|p2a: Tapu Lele|0 fnt
|-boost|p1a: Excadrill|spe|1
|faint|p2a: Tapu Lele
|
|-weather|Sandstorm|[upkeep]
|upkeep
|
|t:|1666562190
|switch|p2a: Dragapult|Dragapult, M|100/100
|turn|22
|
|t:|1666562197
|switch|p1a: Tyranitar|Tyranitar, M|24/100
|move|p2a: Dragapult|Phantom Force||[still]
|-prepare|p2a: Dragapult|Phantom Force
|
|-weather|none
|upkeep
|turn|23
|
|t:|1666562208
|switch|p1a: Aron|Aron, L1, F|100/100
|move|p2a: Dragapult|Phantom Force|p1a: Aron|[from]lockedmove
|-ability|p1a: Aron|Sturdy
|-damage|p1a: Aron|9/100
|
|upkeep
|turn|24
|
|t:|1666562222
|move|p2a: Dragapult|Phantom Force||[still]
|-prepare|p2a: Dragapult|Phantom Force
|move|p1a: Aron|Sandstorm|p1a: Aron
|-weather|Sandstorm
|
|-weather|Sandstorm|[upkeep]
|-damage|p2a: Dragapult|95/100|[from] Sandstorm
|-fieldend|move: Psychic Terrain
|upkeep
|turn|25
|
|t:|1666562225
|move|p2a: Dragapult|Phantom Force|p1a: Aron|[from]lockedmove
|-damage|p1a: Aron|0 fnt
|faint|p1a: Aron
|
|-weather|Sandstorm|[upkeep]
|-damage|p2a: Dragapult|89/100|[from] Sandstorm
|upkeep
|
|t:|1666562230
|switch|p1a: Tapu Fini|Tapu Fini|71/100
|-fieldstart|move: Misty Terrain|[from] ability: Misty Surge|[of] p1a: Tapu Fini
|turn|26
|
|t:|1666562235
|switch|p2a: Volcanion|Volcanion|77/100
|move|p1a: Tapu Fini|Draining Kiss|p2a: Volcanion
|-resisted|p2a: Volcanion
|-crit|p2a: Volcanion
|-damage|p2a: Volcanion|61/100
|-heal|p1a: Tapu Fini|82/100|[from] drain|[of] p2a: Volcanion
|
|-weather|Sandstorm|[upkeep]
|-damage|p2a: Volcanion|55/100|[from] Sandstorm
|-damage|p1a: Tapu Fini|75/100|[from] Sandstorm
|-heal|p1a: Tapu Fini|82/100|[from] item: Leftovers
|upkeep
|turn|27
|
|t:|1666562240
|move|p2a: Volcanion|Steam Eruption|p1a: Tapu Fini
|-resisted|p1a: Tapu Fini
|-damage|p1a: Tapu Fini|62/100
|move|p1a: Tapu Fini|Draining Kiss|p2a: Volcanion
|-resisted|p2a: Volcanion
|-damage|p2a: Volcanion|44/100
|-heal|p1a: Tapu Fini|69/100|[from] drain|[of] p2a: Volcanion
|
|-weather|Sandstorm|[upkeep]
|-damage|p2a: Volcanion|38/100|[from] Sandstorm
|-damage|p1a: Tapu Fini|63/100|[from] Sandstorm
|-heal|p1a: Tapu Fini|69/100|[from] item: Leftovers
|upkeep
|turn|28
|
|t:|1666562246
|move|p2a: Volcanion|Sludge Bomb|p1a: Tapu Fini
|-supereffective|p1a: Tapu Fini
|-damage|p1a: Tapu Fini|24/100
|move|p1a: Tapu Fini|Draining Kiss|p2a: Volcanion
|-resisted|p2a: Volcanion
|-damage|p2a: Volcanion|27/100
|-heal|p1a: Tapu Fini|31/100|[from] drain|[of] p2a: Volcanion
|
|-weather|none
|-heal|p1a: Tapu Fini|37/100|[from] item: Leftovers
|upkeep
|turn|29
|
|t:|1666562249
|switch|p1a: Tyranitar|Tyranitar, M|24/100
|-weather|Sandstorm|[from] ability: Sand Stream|[of] p1a: Tyranitar
|move|p2a: Volcanion|Steam Eruption|p1a: Tyranitar
|-supereffective|p1a: Tyranitar
|-damage|p1a: Tyranitar|0 fnt
|faint|p1a: Tyranitar
|
|-weather|Sandstorm|[upkeep]
|-damage|p2a: Volcanion|21/100|[from] Sandstorm
|upkeep
|
|t:|1666562251
|switch|p1a: Excadrill|Excadrill, M|69/100
|turn|30
|
|t:|1666562254
|move|p1a: Excadrill|Earthquake|p2a: Volcanion
|-supereffective|p2a: Volcanion
|-damage|p2a: Volcanion|0 fnt
|faint|p2a: Volcanion
|
|-weather|Sandstorm|[upkeep]
|-fieldend|Misty Terrain
|upkeep
|
|t:|1666562255
|switch|p2a: Dragapult|Dragapult, M|89/100
|turn|31
|
|t:|1666562260
|move|p1a: Excadrill|Earthquake|p2a: Dragapult
|-damage|p2a: Dragapult|16/100
|move|p2a: Dragapult|Phantom Force||[still]
|-prepare|p2a: Dragapult|Phantom Force
|
|-weather|Sandstorm|[upkeep]
|-damage|p2a: Dragapult|10/100|[from] Sandstorm
|upkeep
|turn|32
|
|t:|1666562262
|switch|p1a: Tapu Fini|Tapu Fini|37/100
|-fieldstart|move: Misty Terrain|[from] ability: Misty Surge|[of] p1a: Tapu Fini
|move|p2a: Dragapult|Phantom Force|p1a: Tapu Fini|[from]lockedmove
|-damage|p1a: Tapu Fini|0 fnt
|faint|p1a: Tapu Fini
|
|-weather|Sandstorm|[upkeep]
|-damage|p2a: Dragapult|4/100|[from] Sandstorm
|upkeep
|
|t:|1666562263
|switch|p1a: Excadrill|Excadrill, M|69/100
|turn|33
|
|t:|1666562266
|move|p1a: Excadrill|Earthquake|p2a: Dragapult
|-damage|p2a: Dragapult|0 fnt
|faint|p2a: Dragapult
|
|win|Trogba Trogba
|n|☆Trogba Trogba|trogbatrogba
|n|☆SDK04|sdk04
|c|☆SDK04|gg
|c|☆SDK04|wp
|c|☆Trogba Trogba|gg
