|j|☆Rheinmetal
|j|☆Zicofool
|player|p1|Rheinmetal|cynthia|1368
|player|p2|Zicofool|maid|1355
|teamsize|p1|6
|teamsize|p2|6
|gametype|singles
|gen|8
|tier|[Gen 8] OU
|rated|
|clearpoke
|poke|p1|Indeedee, M|
|poke|p1|Alakazam, M|
|poke|p1|Chansey, F|
|poke|p1|Hippowdon, F|
|poke|p1|Tangrowth, M|
|poke|p1|Shuckle, M|
|poke|p2|Raichu-Alola, M|
|poke|p2|Pincurchin, F|
|poke|p2|Rillaboom, F|
|poke|p2|Urshifu-Rapid-Strike, M|
|poke|p2|Azumarill, F|
|poke|p2|Charizard, M|
|rule|Sleep Clause Mod: Limit one foe put to sleep
|rule|Species Clause: Limit one of each Pokémon
|rule|OHKO Clause: OHKO moves are banned
|rule|Evasion Moves Clause: Evasion moves are banned
|rule|Endless Battle Clause: Forcing endless battles is banned
|rule|HP Percentage Mod: HP is shown in percentages
|rule|Dynamax Clause: You cannot dynamax
|teampreview
|inactive|Battle timer is ON: inactive players will automatically lose when time's up. (requested by Rheinmetal)
|
|start
|switch|p1a: Indeedee|Indeedee, M|100/100
|switch|p2a: Urshifu|Urshifu-Rapid-Strike, M|100/100
|-fieldstart|move: Psychic Terrain|[from] ability: Psychic Surge|[of] p1a: Indeedee
|turn|1
|
|switch|p1a: Tangrowth|Tangrowth, M|100/100
|move|p2a: Urshifu|Close Combat|p1a: Tangrowth
|-damage|p1a: Tangrowth|65/100
|-unboost|p2a: Urshifu|def|1
|-unboost|p2a: Urshifu|spd|1
|-damage|p2a: Urshifu|84/100|[from] item: Rocky Helmet|[of] p1a: Tangrowth
|
|-heal|p2a: Urshifu|90/100|[from] item: Leftovers
|upkeep
|turn|2
|
|switch|p2a: Charizard|Charizard, M|100/100
|move|p1a: Tangrowth|Toxic|p2a: Charizard
|-status|p2a: Charizard|tox
|
|-damage|p2a: Charizard|94/100 tox|[from] psn
|upkeep
|turn|3
|
|switch|p2a: Azumarill|Azumarill, F|100/100
|switch|p1a: Chansey|Chansey, F|100/100
|
|upkeep
|turn|4
|
|switch|p1a: Tangrowth|Tangrowth, M|99/100
|move|p2a: Azumarill|Play Rough|p1a: Tangrowth
|-damage|p1a: Tangrowth|55/100
|-damage|p2a: Azumarill|84/100|[from] item: Rocky Helmet|[of] p1a: Tangrowth
|
|upkeep
|turn|5
|
|switch|p2a: Charizard|Charizard, M|94/100 tox
|move|p1a: Tangrowth|Toxic|p2a: Charizard
|-fail|p2a: Charizard|tox
|
|-damage|p2a: Charizard|88/100 tox|[from] psn
|upkeep
|turn|6
|
|switch|p1a: Chansey|Chansey, F|100/100
|move|p2a: Charizard|Flamethrower|p1a: Chansey
|-damage|p1a: Chansey|88/100
|
|-damage|p2a: Charizard|76/100 tox|[from] psn
|upkeep
|turn|7
|
|switch|p2a: Azumarill|Azumarill, F|84/100
|move|p1a: Chansey|Teleport|p1a: Chansey
|
|switch|p1a: Shuckle|Shuckle, M|100/100|[from]move: Teleport
|
|upkeep
|turn|8
|
|move|p2a: Azumarill|Liquidation|p1a: Shuckle
|-supereffective|p1a: Shuckle
|-ability|p1a: Shuckle|Sturdy
|-damage|p1a: Shuckle|1/100
|-unboost|p1a: Shuckle|def|1
|move|p1a: Shuckle|Sticky Web|p2a: Azumarill
|-sidestart|p2: Zicofool|move: Sticky Web
|
|-fieldend|move: Psychic Terrain
|upkeep
|turn|9
|
|switch|p2a: Charizard|Charizard, M|76/100 tox
|move|p1a: Shuckle|Final Gambit|p2a: Charizard
|-damage|p2a: Charizard|76/100 tox
|faint|p1a: Shuckle
|
|-damage|p2a: Charizard|70/100 tox|[from] psn
|upkeep
|
|switch|p1a: Indeedee|Indeedee, M|100/100
|-fieldstart|move: Psychic Terrain|[from] ability: Psychic Surge|[of] p1a: Indeedee
|turn|10
|
|switch|p1a: Chansey|Chansey, F|88/100
|move|p2a: Charizard|Defog|p1a: Chansey
|-unboost|p1a: Chansey|evasion|1
|-sideend|p2: Zicofool|Sticky Web|[from] move: Defog|[of] p2a: Charizard
|-fieldend|move: Psychic Terrain
|
|-damage|p2a: Charizard|58/100 tox|[from] psn
|upkeep
|turn|11
|
|switch|p2a: Azumarill|Azumarill, F|84/100
|move|p1a: Chansey|Teleport|p1a: Chansey
|
|switch|p1a: Tangrowth|Tangrowth, M|89/100|[from]move: Teleport
|
|upkeep
|turn|12
|
|switch|p2a: Charizard|Charizard, M|58/100 tox
|move|p1a: Tangrowth|Knock Off|p2a: Charizard
|-damage|p2a: Charizard|27/100 tox
|-enditem|p2a: Charizard|Heavy-Duty Boots|[from] move: Knock Off|[of] p1a: Tangrowth
|
|-damage|p2a: Charizard|21/100 tox|[from] psn
|upkeep
|turn|13
|
|switch|p2a: Urshifu|Urshifu-Rapid-Strike, M|90/100
|switch|p1a: Chansey|Chansey, F|88/100
|
|-heal|p2a: Urshifu|96/100|[from] item: Leftovers
|upkeep
|turn|14
|
|switch|p2a: Rillaboom|Rillaboom, F|100/100
|-fieldstart|move: Grassy Terrain|[from] ability: Grassy Surge|[of] p2a: Rillaboom
|switch|p1a: Tangrowth|Tangrowth, M|100/100
|
|upkeep
|turn|15
|
|move|p2a: Rillaboom|Knock Off|p1a: Tangrowth
|-damage|p1a: Tangrowth|77/100
|-damage|p2a: Rillaboom|84/100|[from] item: Rocky Helmet|[of] p1a: Tangrowth
|-enditem|p1a: Tangrowth|Rocky Helmet|[from] move: Knock Off|[of] p2a: Rillaboom
|-damage|p2a: Rillaboom|74/100|[from] item: Life Orb
|move|p1a: Tangrowth|Toxic|p2a: Rillaboom|[miss]
|-miss|p1a: Tangrowth|p2a: Rillaboom
|
|-heal|p2a: Rillaboom|80/100|[from] Grassy Terrain
|-heal|p1a: Tangrowth|83/100|[from] Grassy Terrain
|upkeep
|turn|16
|
|move|p2a: Rillaboom|U-turn|p1a: Tangrowth
|-supereffective|p1a: Tangrowth
|-damage|p1a: Tangrowth|54/100
|-damage|p2a: Rillaboom|70/100|[from] item: Life Orb
|
|switch|p2a: Charizard|Charizard, M|21/100 tox|[from]move: U-turn
|move|p1a: Tangrowth|Toxic|p2a: Charizard|[miss]
|-miss|p1a: Tangrowth|p2a: Charizard
|
|-heal|p1a: Tangrowth|60/100|[from] Grassy Terrain
|-damage|p2a: Charizard|15/100 tox|[from] psn
|upkeep
|turn|17
|
|switch|p2a: Pincurchin|Pincurchin, F|100/100
|-fieldstart|move: Electric Terrain|[from] ability: Electric Surge|[of] p2a: Pincurchin
|switch|p1a: Chansey|Chansey, F|88/100
|
|upkeep
|turn|18
|
|move|p2a: Pincurchin|Spikes|p1a: Chansey
|-sidestart|p1: Rheinmetal|Spikes
|move|p1a: Chansey|Teleport|p1a: Chansey
|
|switch|p1a: Indeedee|Indeedee, M|100/100|[from]move: Teleport
|-damage|p1a: Indeedee|88/100|[from] Spikes
|-fieldstart|move: Psychic Terrain|[from] ability: Psychic Surge|[of] p1a: Indeedee
|
|upkeep
|turn|19
|
|move|p1a: Indeedee|Expanding Force|p2a: Pincurchin
|-damage|p2a: Pincurchin|11/100
|move|p2a: Pincurchin|Thunder Wave|p1a: Indeedee
|-status|p1a: Indeedee|par
|
|upkeep
|turn|20
|
|switch|p2a: Rillaboom|Rillaboom, F|70/100
|-fieldstart|move: Grassy Terrain|[from] ability: Grassy Surge|[of] p2a: Rillaboom
|move|p1a: Indeedee|Expanding Force|p2a: Rillaboom
|-damage|p2a: Rillaboom|25/100
|
|-heal|p2a: Rillaboom|31/100|[from] Grassy Terrain
|-heal|p1a: Indeedee|94/100 par|[from] Grassy Terrain
|upkeep
|turn|21
|
|switch|p2a: Raichu|Raichu-Alola, M|100/100
|switch|p1a: Tangrowth|Tangrowth, M|93/100
|-damage|p1a: Tangrowth|81/100|[from] Spikes
|
|-heal|p1a: Tangrowth|87/100|[from] Grassy Terrain
|upkeep
|turn|22
|
|switch|p1a: Indeedee|Indeedee, M|94/100 par
|-damage|p1a: Indeedee|82/100 par|[from] Spikes
|-fieldstart|move: Psychic Terrain|[from] ability: Psychic Surge|[of] p1a: Indeedee
|move|p2a: Raichu|Psychic|p1a: Indeedee
|-resisted|p1a: Indeedee
|-damage|p1a: Indeedee|44/100 par
|
|upkeep
|turn|23
|
|move|p2a: Raichu|Rising Voltage|p1a: Indeedee
|-damage|p1a: Indeedee|0 fnt
|faint|p1a: Indeedee
|
|upkeep
|
|switch|p1a: Alakazam|Alakazam, M|100/100
|turn|24
|
|switch|p2a: Charizard|Charizard, M|15/100 tox
|move|p1a: Alakazam|Expanding Force|p2a: Charizard
|-damage|p2a: Charizard|0 fnt
|faint|p2a: Charizard
|
|upkeep
|
|switch|p2a: Rillaboom|Rillaboom, F|31/100
|-fieldstart|move: Grassy Terrain|[from] ability: Grassy Surge|[of] p2a: Rillaboom
|turn|25
|
|switch|p1a: Tangrowth|Tangrowth, M|100/100
|-damage|p1a: Tangrowth|88/100|[from] Spikes
|move|p2a: Rillaboom|Grassy Glide|p1a: Tangrowth
|-resisted|p1a: Tangrowth
|-damage|p1a: Tangrowth|73/100
|-damage|p2a: Rillaboom|21/100|[from] item: Life Orb
|
|-heal|p2a: Rillaboom|27/100|[from] Grassy Terrain
|-heal|p1a: Tangrowth|79/100|[from] Grassy Terrain
|upkeep
|turn|26
|
|move|p2a: Rillaboom|U-turn|p1a: Tangrowth
|-supereffective|p1a: Tangrowth
|-damage|p1a: Tangrowth|47/100
|-damage|p2a: Rillaboom|18/100|[from] item: Life Orb
|
|switch|p2a: Pincurchin|Pincurchin, F|11/100|[from]move: U-turn
|-fieldstart|move: Electric Terrain|[from] ability: Electric Surge|[of] p2a: Pincurchin
|move|p1a: Tangrowth|Toxic|p2a: Pincurchin
|-status|p2a: Pincurchin|tox
|
|-damage|p2a: Pincurchin|5/100 tox|[from] psn
|upkeep
|turn|27
|
|move|p1a: Tangrowth|Knock Off|p2a: Pincurchin
|-damage|p2a: Pincurchin|0 fnt
|-enditem|p2a: Pincurchin|Terrain Extender|[from] move: Knock Off|[of] p1a: Tangrowth
|faint|p2a: Pincurchin
|
|upkeep
|
|switch|p2a: Raichu|Raichu-Alola, M|100/100
|turn|28
|
|switch|p1a: Chansey|Chansey, F|88/100
|-damage|p1a: Chansey|76/100|[from] Spikes
|move|p2a: Raichu|Surf|p1a: Chansey
|-damage|p1a: Chansey|67/100
|
|upkeep
|turn|29
|
|move|p2a: Raichu|Rising Voltage|p1a: Chansey
|-damage|p1a: Chansey|34/100
|move|p1a: Chansey|Toxic|p2a: Raichu
|-status|p2a: Raichu|tox
|
|-damage|p2a: Raichu|94/100 tox|[from] psn
|upkeep
|turn|30
|
|move|p2a: Raichu|Focus Blast|p1a: Chansey
|-supereffective|p1a: Chansey
|-damage|p1a: Chansey|11/100
|-unboost|p1a: Chansey|spd|1
|move|p1a: Chansey|Soft-Boiled|p1a: Chansey
|-heal|p1a: Chansey|61/100
|
|-damage|p2a: Raichu|82/100 tox|[from] psn
|upkeep
|turn|31
|
|move|p2a: Raichu|Rising Voltage|p1a: Chansey
|-damage|p1a: Chansey|17/100
|move|p1a: Chansey|Soft-Boiled|p1a: Chansey
|-heal|p1a: Chansey|67/100
|
|-damage|p2a: Raichu|64/100 tox|[from] psn
|upkeep
|turn|32
|
|switch|p2a: Urshifu|Urshifu-Rapid-Strike, M|96/100
|switch|p1a: Hippowdon|Hippowdon, F|100/100
|-damage|p1a: Hippowdon|88/100|[from] Spikes
|-weather|Sandstorm|[from] ability: Sand Stream|[of] p1a: Hippowdon
|
|-weather|Sandstorm|[upkeep]
|-damage|p2a: Urshifu|90/100|[from] Sandstorm
|-heal|p2a: Urshifu|96/100|[from] item: Leftovers
|-heal|p1a: Hippowdon|94/100|[from] item: Leftovers
|upkeep
|turn|33
|
|switch|p1a: Tangrowth|Tangrowth, M|80/100
|-damage|p1a: Tangrowth|67/100|[from] Spikes
|move|p2a: Urshifu|Surging Strikes|p1a: Tangrowth
|-resisted|p1a: Tangrowth
|-crit|p1a: Tangrowth
|-damage|p1a: Tangrowth|62/100
|-resisted|p1a: Tangrowth
|-crit|p1a: Tangrowth
|-damage|p1a: Tangrowth|57/100
|-resisted|p1a: Tangrowth
|-crit|p1a: Tangrowth
|-damage|p1a: Tangrowth|53/100
|-hitcount|p1a: Tangrowth|3
|
|-weather|Sandstorm|[upkeep]
|-damage|p2a: Urshifu|90/100|[from] Sandstorm
|-damage|p1a: Tangrowth|46/100|[from] Sandstorm
|-heal|p2a: Urshifu|96/100|[from] item: Leftovers
|-fieldend|move: Electric Terrain
|upkeep
|turn|34
|
|move|p2a: Urshifu|Close Combat|p1a: Tangrowth
|-damage|p1a: Tangrowth|12/100
|-unboost|p2a: Urshifu|def|1
|-unboost|p2a: Urshifu|spd|1
|move|p1a: Tangrowth|Knock Off|p2a: Urshifu
|-resisted|p2a: Urshifu
|-damage|p2a: Urshifu|80/100
|-enditem|p2a: Urshifu|Leftovers|[from] move: Knock Off|[of] p1a: Tangrowth
|
|-weather|Sandstorm|[upkeep]
|-damage|p2a: Urshifu|74/100|[from] Sandstorm
|-damage|p1a: Tangrowth|6/100|[from] Sandstorm
|upkeep
|turn|35
|
|switch|p1a: Alakazam|Alakazam, M|100/100
|move|p2a: Urshifu|Surging Strikes|p1a: Alakazam
|-crit|p1a: Alakazam
|-damage|p1a: Alakazam|50/100
|-crit|p1a: Alakazam
|-damage|p1a: Alakazam|0 fnt
|-hitcount|p1a: Alakazam|2
|faint|p1a: Alakazam
|
|-weather|Sandstorm|[upkeep]
|-damage|p2a: Urshifu|68/100|[from] Sandstorm
|upkeep
|
|switch|p1a: Tangrowth|Tangrowth, M|39/100
|-damage|p1a: Tangrowth|27/100|[from] Spikes
|turn|36
|
|switch|p1a: Hippowdon|Hippowdon, F|94/100
|-damage|p1a: Hippowdon|82/100|[from] Spikes
|move|p2a: Urshifu|Close Combat|p1a: Hippowdon
|-damage|p1a: Hippowdon|50/100
|-unboost|p2a: Urshifu|def|1
|-unboost|p2a: Urshifu|spd|1
|
|-weather|none
|-heal|p1a: Hippowdon|57/100|[from] item: Leftovers
|upkeep
|turn|37
|
|switch|p1a: Tangrowth|Tangrowth, M|60/100
|-damage|p1a: Tangrowth|48/100|[from] Spikes
|move|p2a: Urshifu|Surging Strikes|p1a: Tangrowth
|-resisted|p1a: Tangrowth
|-crit|p1a: Tangrowth
|-damage|p1a: Tangrowth|42/100
|-resisted|p1a: Tangrowth
|-crit|p1a: Tangrowth
|-damage|p1a: Tangrowth|37/100
|-resisted|p1a: Tangrowth
|-crit|p1a: Tangrowth
|-damage|p1a: Tangrowth|32/100
|-hitcount|p1a: Tangrowth|3
|
|upkeep
|turn|38
|
|move|p2a: Urshifu|Close Combat|p1a: Tangrowth
|-damage|p1a: Tangrowth|2/100
|-unboost|p2a: Urshifu|def|1
|-unboost|p2a: Urshifu|spd|1
|move|p1a: Tangrowth|Synthesis|p1a: Tangrowth
|-heal|p1a: Tangrowth|52/100
|
|upkeep
|turn|39
|
|switch|p2a: Raichu|Raichu-Alola, M|64/100 tox
|move|p1a: Tangrowth|Synthesis|p1a: Tangrowth
|-heal|p1a: Tangrowth|100/100
|
|-damage|p2a: Raichu|58/100 tox|[from] psn
|upkeep
|turn|40
|
|switch|p1a: Chansey|Chansey, F|67/100
|-damage|p1a: Chansey|55/100|[from] Spikes
|move|p2a: Raichu|Psychic|p1a: Chansey
|-damage|p1a: Chansey|43/100
|-unboost|p1a: Chansey|spd|1
|
|-damage|p2a: Raichu|45/100 tox|[from] psn
|upkeep
|turn|41
|
|move|p2a: Raichu|Psychic|p1a: Chansey
|-damage|p1a: Chansey|22/100
|move|p1a: Chansey|Soft-Boiled|p1a: Chansey
|-heal|p1a: Chansey|72/100
|
|-damage|p2a: Raichu|27/100 tox|[from] psn
|upkeep
|turn|42
|
|move|p2a: Raichu|Psychic|p1a: Chansey
|-damage|p1a: Chansey|53/100
|move|p1a: Chansey|Teleport|p1a: Chansey
|
|switch|p1a: Hippowdon|Hippowdon, F|57/100|[from]move: Teleport
|-damage|p1a: Hippowdon|44/100|[from] Spikes
|-weather|Sandstorm|[from] ability: Sand Stream|[of] p1a: Hippowdon
|
|-weather|Sandstorm|[upkeep]
|-damage|p2a: Raichu|21/100 tox|[from] Sandstorm
|-heal|p1a: Hippowdon|50/100|[from] item: Leftovers
|-damage|p2a: Raichu|0 fnt|[from] psn
|faint|p2a: Raichu
|upkeep
|
|switch|p2a: Urshifu|Urshifu-Rapid-Strike, M|68/100
|turn|43
|
|move|p2a: Urshifu|Close Combat|p1a: Hippowdon
|-damage|p1a: Hippowdon|16/100
|-unboost|p2a: Urshifu|def|1
|-unboost|p2a: Urshifu|spd|1
|move|p1a: Hippowdon|Slack Off|p1a: Hippowdon
|-heal|p1a: Hippowdon|66/100
|
|-weather|Sandstorm|[upkeep]
|-damage|p2a: Urshifu|61/100|[from] Sandstorm
|-heal|p1a: Hippowdon|72/100|[from] item: Leftovers
|upkeep
|turn|44
|
|switch|p1a: Tangrowth|Tangrowth, M|100/100
|-damage|p1a: Tangrowth|88/100|[from] Spikes
|move|p2a: Urshifu|Surging Strikes|p1a: Tangrowth
|-resisted|p1a: Tangrowth
|-crit|p1a: Tangrowth
|-damage|p1a: Tangrowth|83/100
|-resisted|p1a: Tangrowth
|-crit|p1a: Tangrowth
|-damage|p1a: Tangrowth|78/100
|-resisted|p1a: Tangrowth
|-crit|p1a: Tangrowth
|-damage|p1a: Tangrowth|73/100
|-hitcount|p1a: Tangrowth|3
|
|-weather|Sandstorm|[upkeep]
|-damage|p2a: Urshifu|55/100|[from] Sandstorm
|-damage|p1a: Tangrowth|67/100|[from] Sandstorm
|upkeep
|turn|45
|
|switch|p2a: Rillaboom|Rillaboom, F|18/100
|-fieldstart|move: Grassy Terrain|[from] ability: Grassy Surge|[of] p2a: Rillaboom
|move|p1a: Tangrowth|Toxic|p2a: Rillaboom
|-status|p2a: Rillaboom|tox
|
|-weather|Sandstorm|[upkeep]
|-damage|p2a: Rillaboom|11/100 tox|[from] Sandstorm
|-damage|p1a: Tangrowth|61/100|[from] Sandstorm
|-heal|p2a: Rillaboom|18/100 tox|[from] Grassy Terrain
|-heal|p1a: Tangrowth|67/100|[from] Grassy Terrain
|-damage|p2a: Rillaboom|11/100 tox|[from] psn
|upkeep
|turn|46
|
|move|p2a: Rillaboom|Grassy Glide|p1a: Tangrowth
|-resisted|p1a: Tangrowth
|-damage|p1a: Tangrowth|50/100
|-damage|p2a: Rillaboom|1/100 tox|[from] item: Life Orb
|move|p1a: Tangrowth|Leech Seed|p2a: Rillaboom
|-immune|p2a: Rillaboom
|
|-weather|none
|-heal|p2a: Rillaboom|8/100 tox|[from] Grassy Terrain
|-heal|p1a: Tangrowth|57/100|[from] Grassy Terrain
|-damage|p2a: Rillaboom|0 fnt|[from] psn
|faint|p2a: Rillaboom
|upkeep
|
|switch|p2a: Azumarill|Azumarill, F|84/100
|turn|47
|
|move|p2a: Azumarill|Play Rough|p1a: Tangrowth
|-damage|p1a: Tangrowth|15/100
|move|p1a: Tangrowth|Toxic|p2a: Azumarill
|-status|p2a: Azumarill|tox
|
|-heal|p1a: Tangrowth|21/100|[from] Grassy Terrain
|-heal|p2a: Azumarill|90/100 tox|[from] Grassy Terrain
|-damage|p2a: Azumarill|84/100 tox|[from] psn
|upkeep
|turn|48
|
|switch|p1a: Hippowdon|Hippowdon, F|72/100
|-damage|p1a: Hippowdon|60/100|[from] Spikes
|-weather|Sandstorm|[from] ability: Sand Stream|[of] p1a: Hippowdon
|move|p2a: Azumarill|Play Rough|p1a: Hippowdon
|-damage|p1a: Hippowdon|13/100
|
|-weather|Sandstorm|[upkeep]
|-damage|p2a: Azumarill|78/100 tox|[from] Sandstorm
|-heal|p2a: Azumarill|84/100 tox|[from] Grassy Terrain
|-heal|p1a: Hippowdon|19/100|[from] item: Leftovers
|-heal|p1a: Hippowdon|26/100|[from] Grassy Terrain
|-damage|p2a: Azumarill|72/100 tox|[from] psn
|upkeep
|turn|49
|
|switch|p1a: Tangrowth|Tangrowth, M|54/100
|-damage|p1a: Tangrowth|42/100|[from] Spikes
|move|p2a: Azumarill|Play Rough|p1a: Tangrowth
|-damage|p1a: Tangrowth|0 fnt
|faint|p1a: Tangrowth
|
|-weather|Sandstorm|[upkeep]
|-damage|p2a: Azumarill|65/100 tox|[from] Sandstorm
|-heal|p2a: Azumarill|72/100 tox|[from] Grassy Terrain
|-fieldend|move: Grassy Terrain
|-damage|p2a: Azumarill|53/100 tox|[from] psn
|upkeep
|
|switch|p1a: Chansey|Chansey, F|53/100
|-damage|p1a: Chansey|41/100|[from] Spikes
|turn|50
|
|move|p2a: Azumarill|Play Rough|p1a: Chansey
|-damage|p1a: Chansey|0 fnt
|faint|p1a: Chansey
|
|-weather|Sandstorm|[upkeep]
|-damage|p2a: Azumarill|47/100 tox|[from] Sandstorm
|-damage|p2a: Azumarill|22/100 tox|[from] psn
|upkeep
|-message|Rheinmetal forfeited.
|
|win|Zicofool
|l|☆Rheinmetal
||Ladder (probably) updated, but score could not be retrieved (Request timeout).
