|html|<div class="broadcast-blue"><strong>[Gen 8] OU is currently suspecting Melmetal! For information on how to participate check out the <a href="https://www.smogon.com/forums/threads/np-ss-ou-suspect-process-round-12-monster-mash.3709234/">suspect thread</a>.</strong></div>
|j|☆AlIoutdragadarts
|j|☆Lucians Call
|t:|1665933543
|gametype|singles
|player|p1|AlIoutdragadarts|picnicker|
|player|p2|Lucians Call|furisodegirl-blue|
|teamsize|p1|6
|teamsize|p2|6
|gen|8
|tier|[Gen 8] OU
|rule|Sleep Clause Mod: Limit one foe put to sleep
|rule|Species Clause: Limit one of each Pokémon
|rule|OHKO Clause: OHKO moves are banned
|rule|Evasion Items Clause: Evasion items are banned
|rule|Evasion Moves Clause: Evasion moves are banned
|rule|Endless Battle Clause: Forcing endless battles is banned
|rule|HP Percentage Mod: HP is shown in percentages
|rule|Dynamax Clause: You cannot dynamax
|clearpoke
|poke|p1|Tyranitar, M|
|poke|p1|Excadrill, M|
|poke|p1|Buzzwole|
|poke|p1|Ferrothorn, M|
|poke|p1|Tornadus-Therian, M|
|poke|p1|Slowbro, M|
|poke|p2|Slowking-Galar, M|
|poke|p2|Volcarona, F|
|poke|p2|Tornadus-Therian, M|
|poke|p2|Ferrothorn, F|
|poke|p2|Garchomp, M|
|poke|p2|Zeraora|
|teampreview
|j| Sww-Suwa
|c|☆Lucians Call|hf
|c|☆AlIoutdragadarts|hf
|j| amstan (-_-)
|j| SaltyPineapple27
|j| blooclipse
|l| amstan (-_-)
|j| SpookElekiElectric
|l| blooclipse
|
|t:|1665933574
|start
|switch|p1a: Tornadus|Tornadus-Therian, M, shiny|100/100
|switch|p2a: Garchomp|Garchomp, M|100/100
|turn|1
|j| KTBeatles
|c| SpookElekiElectric|Wtf are both those teams fr
|c| SpookElekiElectric|Gl to both
|
|t:|1665933590
|move|p1a: Tornadus|Toxic|p2a: Garchomp
|-status|p2a: Garchomp|tox
|move|p2a: Garchomp|Stealth Rock|p1a: Tornadus
|-sidestart|p1: AlIoutdragadarts|move: Stealth Rock
|
|-damage|p2a: Garchomp|94/100 tox|[from] psn
|upkeep
|turn|2
|
|t:|1665933594
|move|p1a: Tornadus|U-turn|p2a: Garchomp
|-damage|p2a: Garchomp|81/100 tox
|-damage|p1a: Tornadus|88/100|[from] ability: Rough Skin|[of] p2a: Garchomp
|
|t:|1665933597
|switch|p1a: Ferrothorn|Ferrothorn, M, shiny|100/100|[from]move: U-turn
|-damage|p1a: Ferrothorn|94/100|[from] Stealth Rock
|move|p2a: Garchomp|Toxic|p1a: Ferrothorn|[miss]
|-miss|p2a: Garchomp|p1a: Ferrothorn
|
|-heal|p2a: Garchomp|88/100 tox|[from] item: Leftovers
|-heal|p1a: Ferrothorn|100/100|[from] item: Leftovers
|-damage|p2a: Garchomp|75/100 tox|[from] psn
|upkeep
|turn|3
|
|t:|1665933600
|switch|p2a: Volcarona|Volcarona, F|100/100
|move|p1a: Ferrothorn|Stealth Rock|p2a: Volcarona
|-sidestart|p2: Lucians Call|move: Stealth Rock
|
|upkeep
|turn|4
|
|t:|1665933605
|switch|p1a: Tornadus|Tornadus-Therian, M, shiny|100/100
|move|p2a: Volcarona|Bug Buzz|p1a: Tornadus
|-resisted|p1a: Tornadus
|-damage|p1a: Tornadus|65/100
|
|upkeep
|turn|5
|j| Leavers
|
|t:|1665933611
|switch|p2a: Slowking|Slowking-Galar, M|100/100
|-damage|p2a: Slowking|88/100|[from] Stealth Rock
|move|p1a: Tornadus|Knock Off|p2a: Slowking
|-supereffective|p2a: Slowking
|-damage|p2a: Slowking|52/100
|-enditem|p2a: Slowking|Assault Vest|[from] move: Knock Off|[of] p1a: Tornadus
|
|upkeep
|turn|6
|
|t:|1665933615
|move|p1a: Tornadus|U-turn|p2a: Slowking
|-damage|p2a: Slowking|39/100
|
|t:|1665933617
|switch|p1a: Slowbro|Slowbro, M, shiny|100/100|[from]move: U-turn
|move|p2a: Slowking|Focus Blast|p1a: Slowbro
|-resisted|p1a: Slowbro
|-damage|p1a: Slowbro|87/100
|-unboost|p1a: Slowbro|spd|1
|
|upkeep
|turn|7
|j| SkyrimSHFFL
|
|t:|1665933623
|move|p2a: Slowking|Sludge Bomb|p1a: Slowbro
|-damage|p1a: Slowbro|39/100
|move|p1a: Slowbro|Teleport|p1a: Slowbro
|
|t:|1665933632
|switch|p1a: Excadrill|Excadrill, M, shiny|100/100|[from]move: Teleport
|-damage|p1a: Excadrill|97/100|[from] Stealth Rock
|
|-heal|p1a: Excadrill|100/100|[from] item: Leftovers
|upkeep
|turn|8
|
|t:|1665933638
|switch|p2a: Ferrothorn|Ferrothorn, F|100/100
|-damage|p2a: Ferrothorn|95/100|[from] Stealth Rock
|move|p1a: Excadrill|Earthquake|p2a: Ferrothorn
|-damage|p2a: Ferrothorn|62/100
|
|upkeep
|turn|9
|
|t:|1665933645
|move|p1a: Excadrill|Swords Dance|p1a: Excadrill
|-boost|p1a: Excadrill|atk|2
|move|p2a: Ferrothorn|Knock Off|p1a: Excadrill
|-damage|p1a: Excadrill|69/100
|-enditem|p1a: Excadrill|Leftovers|[from] move: Knock Off|[of] p2a: Ferrothorn
|
|upkeep
|turn|10
|
|t:|1665933650
|switch|p2a: Tornadus|Tornadus-Therian, M|100/100
|move|p1a: Excadrill|Earthquake|p2a: Tornadus
|-immune|p2a: Tornadus
|
|upkeep
|turn|11
|
|t:|1665933653
|move|p2a: Tornadus|U-turn|p1a: Excadrill
|-resisted|p1a: Excadrill
|-damage|p1a: Excadrill|60/100
|
|t:|1665933656
|switch|p2a: Ferrothorn|Ferrothorn, F|62/100|[from]move: U-turn
|-damage|p2a: Ferrothorn|56/100|[from] Stealth Rock
|move|p1a: Excadrill|Rapid Spin|p2a: Ferrothorn
|-resisted|p2a: Ferrothorn
|-damage|p2a: Ferrothorn|45/100
|-boost|p1a: Excadrill|spe|1
|-damage|p1a: Excadrill|47/100|[from] ability: Iron Barbs|[of] p2a: Ferrothorn
|-damage|p1a: Excadrill|30/100|[from] item: Rocky Helmet|[of] p2a: Ferrothorn
|-sideend|p1: AlIoutdragadarts|Stealth Rock|[from] move: Rapid Spin|[of] p1a: Excadrill
|
|upkeep
|turn|12
|j| Weaselfie
|
|t:|1665933659
|switch|p2a: Tornadus|Tornadus-Therian, M|100/100
|move|p1a: Excadrill|Earthquake|p2a: Tornadus
|-immune|p2a: Tornadus
|
|upkeep
|turn|13
|
|t:|1665933667
|move|p1a: Excadrill|Iron Head|p2a: Tornadus
|-damage|p2a: Tornadus|12/100
|move|p2a: Tornadus|Icy Wind|p1a: Excadrill
|-damage|p1a: Excadrill|11/100
|-unboost|p1a: Excadrill|spe|1
|
|upkeep
|turn|14
|c| SkyrimSHFFL|Ooh he looking to end shit early
|
|t:|1665933673
|switch|p2a: Ferrothorn|Ferrothorn, F|45/100
|-damage|p2a: Ferrothorn|39/100|[from] Stealth Rock
|switch|p1a: Ferrothorn|Ferrothorn, M, shiny|100/100
|
|upkeep
|turn|15
|c| SpookElekiElectric|THE MIND GAMES BEGIN
|
|t:|1665933679
|switch|p1a: Tornadus|Tornadus-Therian, M, shiny|98/100
|move|p2a: Ferrothorn|Spikes|p1a: Tornadus
|-sidestart|p1: AlIoutdragadarts|Spikes
|
|upkeep
|turn|16
|c| SpookElekiElectric|nevermind
|
|t:|1665933684
|switch|p2a: Slowking|Slowking-Galar, M|72/100
|-damage|p2a: Slowking|59/100|[from] Stealth Rock
|move|p1a: Tornadus|Hurricane|p2a: Slowking
|-damage|p2a: Slowking|25/100
|
|upkeep
|turn|17
|
|t:|1665933695
|switch|p2a: Garchomp|Garchomp, M|75/100 tox
|-damage|p2a: Garchomp|69/100 tox|[from] Stealth Rock
|move|p1a: Tornadus|Hurricane|p2a: Garchomp
|-damage|p2a: Garchomp|45/100 tox
|
|-heal|p2a: Garchomp|51/100 tox|[from] item: Leftovers
|-damage|p2a: Garchomp|45/100 tox|[from] psn
|upkeep
|turn|18
|
|t:|1665933702
|move|p1a: Tornadus|U-turn|p2a: Garchomp
|-damage|p2a: Garchomp|31/100 tox
|-damage|p1a: Tornadus|86/100|[from] ability: Rough Skin|[of] p2a: Garchomp
|
|t:|1665933708
|switch|p1a: Slowbro|Slowbro, M, shiny|73/100|[from]move: U-turn
|move|p2a: Garchomp|Stealth Rock|p1a: Slowbro
|-sidestart|p1: AlIoutdragadarts|move: Stealth Rock
|
|-heal|p2a: Garchomp|37/100 tox|[from] item: Leftovers
|-damage|p2a: Garchomp|25/100 tox|[from] psn
|upkeep
|turn|19
|
|t:|1665933719
|switch|p2a: Slowking|Slowking-Galar, M|58/100
|-damage|p2a: Slowking|46/100|[from] Stealth Rock
|move|p1a: Slowbro|Future Sight|p2a: Slowking
|-start|p1a: Slowbro|move: Future Sight
|
|upkeep
|turn|20
|
|t:|1665933727
|move|p2a: Slowking|Sludge Bomb|p1a: Slowbro
|-damage|p1a: Slowbro|45/100
|move|p1a: Slowbro|Teleport|p1a: Slowbro
|
|t:|1665933732
|switch|p1a: Tornadus|Tornadus-Therian, M, shiny|100/100|[from]move: Teleport
|
|upkeep
|turn|21
|
|t:|1665933759
|switch|p2a: Garchomp|Garchomp, M|25/100 tox
|-damage|p2a: Garchomp|19/100 tox|[from] Stealth Rock
|move|p1a: Tornadus|U-turn|p2a: Garchomp
|-damage|p2a: Garchomp|7/100 tox
|-damage|p1a: Tornadus|88/100|[from] ability: Rough Skin|[of] p2a: Garchomp
|
|t:|1665933775
|switch|p1a: Slowbro|Slowbro, M, shiny|78/100|[from]move: U-turn
|
|-end|p2a: Garchomp|move: Future Sight
|-damage|p2a: Garchomp|0 fnt
|faint|p2a: Garchomp
|upkeep
|c| SkyrimSHFFL|That's a dead chomp sadge
|
|t:|1665933790
|switch|p2a: Slowking|Slowking-Galar, M|79/100
|-damage|p2a: Slowking|66/100|[from] Stealth Rock
|turn|22
|
|t:|1665933800
|move|p2a: Slowking|Sludge Bomb|p1a: Slowbro
|-damage|p1a: Slowbro|46/100
|-status|p1a: Slowbro|psn
|move|p1a: Slowbro|Teleport|p1a: Slowbro
|
|t:|1665933802
|switch|p1a: Tyranitar|Tyranitar, M, shiny|100/100|[from]move: Teleport
|-damage|p1a: Tyranitar|88/100|[from] Spikes
|-damage|p1a: Tyranitar|76/100|[from] Stealth Rock
|-weather|Sandstorm|[from] ability: Sand Stream|[of] p1a: Tyranitar
|
|-weather|Sandstorm|[upkeep]
|-damage|p2a: Slowking|60/100|[from] Sandstorm
|upkeep
|turn|23
|
|t:|1665933811
|switch|p2a: Ferrothorn|Ferrothorn, F|39/100
|-damage|p2a: Ferrothorn|33/100|[from] Stealth Rock
|move|p1a: Tyranitar|Crunch|p2a: Ferrothorn
|-crit|p2a: Ferrothorn
|-damage|p2a: Ferrothorn|0 fnt
|-damage|p1a: Tyranitar|64/100|[from] ability: Iron Barbs|[of] p2a: Ferrothorn
|-damage|p1a: Tyranitar|47/100|[from] item: Rocky Helmet|[of] p2a: Ferrothorn
|faint|p2a: Ferrothorn
|
|-weather|Sandstorm|[upkeep]
|upkeep
|
|t:|1665933823
|switch|p2a: Zeraora|Zeraora|100/100
|-damage|p2a: Zeraora|88/100|[from] Stealth Rock
|turn|24
|
|t:|1665933834
|switch|p1a: Buzzwole|Buzzwole, shiny|100/100
|-damage|p1a: Buzzwole|88/100|[from] Spikes
|-damage|p1a: Buzzwole|76/100|[from] Stealth Rock
|move|p2a: Zeraora|Knock Off|p1a: Buzzwole
|-resisted|p1a: Buzzwole
|-damage|p1a: Buzzwole|67/100
|-damage|p2a: Zeraora|72/100|[from] item: Rocky Helmet|[of] p1a: Buzzwole
|-enditem|p1a: Buzzwole|Rocky Helmet|[from] move: Knock Off|[of] p2a: Zeraora
|
|-weather|Sandstorm|[upkeep]
|-damage|p2a: Zeraora|66/100|[from] Sandstorm
|-damage|p1a: Buzzwole|61/100|[from] Sandstorm
|-heal|p2a: Zeraora|72/100|[from] item: Leftovers
|upkeep
|turn|25
|j| ddddddabai
|
|t:|1665933842
|switch|p2a: Volcarona|Volcarona, F|100/100
|-damage|p2a: Volcarona|51/100|[from] Stealth Rock
|move|p1a: Buzzwole|Roost|p1a: Buzzwole
|-heal|p1a: Buzzwole|100/100
|-singleturn|p1a: Buzzwole|move: Roost
|
|-weather|Sandstorm|[upkeep]
|-damage|p2a: Volcarona|45/100|[from] Sandstorm
|-damage|p1a: Buzzwole|94/100|[from] Sandstorm
|upkeep
|turn|26
|
|t:|1665933855
|switch|p1a: Excadrill|Excadrill, M, shiny|11/100
|-damage|p1a: Excadrill|0 fnt|[from] Spikes
|faint|p1a: Excadrill
|move|p2a: Volcarona|Fire Blast|p1: Excadrill|[notarget]
|-fail|p2a: Volcarona
|
|-weather|none
|upkeep
|
|t:|1665933857
|switch|p1a: Tornadus|Tornadus-Therian, M, shiny|100/100
|turn|27
|c| SkyrimSHFFL|Specs???
|
|t:|1665933860
|move|p1a: Tornadus|Hurricane|p2a: Volcarona
|-supereffective|p2a: Volcarona
|-damage|p2a: Volcarona|0 fnt
|faint|p2a: Volcarona
|
|upkeep
|
|t:|1665933863
|switch|p2a: Zeraora|Zeraora|72/100
|-damage|p2a: Zeraora|59/100|[from] Stealth Rock
|turn|28
|
|t:|1665933873
|switch|p1a: Ferrothorn|Ferrothorn, M, shiny|100/100
|-damage|p1a: Ferrothorn|88/100|[from] Spikes
|-damage|p1a: Ferrothorn|82/100|[from] Stealth Rock
|move|p2a: Zeraora|Plasma Fists|p1a: Ferrothorn
|-resisted|p1a: Ferrothorn
|-damage|p1a: Ferrothorn|67/100
|-fieldactivate|move: Ion Deluge
|-hint|Normal-type moves become Electric-type after using Plasma Fists.
|-damage|p2a: Zeraora|47/100|[from] ability: Iron Barbs|[of] p1a: Ferrothorn
|
|-heal|p2a: Zeraora|53/100|[from] item: Leftovers
|-heal|p1a: Ferrothorn|73/100|[from] item: Leftovers
|upkeep
|turn|29
|c| SpookElekiElectric|Wait drill is dead? oof
|c| SpookElekiElectric|i liked him
|c| SkyrimSHFFL|Had to be specs ain't no way
|
|t:|1665933880
|move|p2a: Zeraora|Bulk Up|p2a: Zeraora
|-boost|p2a: Zeraora|atk|1
|-boost|p2a: Zeraora|def|1
|move|p1a: Ferrothorn|Leech Seed|p2a: Zeraora
|-start|p2a: Zeraora|move: Leech Seed
|
|-heal|p2a: Zeraora|59/100|[from] item: Leftovers
|-heal|p1a: Ferrothorn|79/100|[from] item: Leftovers
|-damage|p2a: Zeraora|47/100|[from] Leech Seed|[of] p1a: Ferrothorn
|-heal|p1a: Ferrothorn|91/100|[silent]
|upkeep
|turn|30
|
|t:|1665933883
|move|p2a: Zeraora|Bulk Up|p2a: Zeraora
|-boost|p2a: Zeraora|atk|1
|-boost|p2a: Zeraora|def|1
|move|p1a: Ferrothorn|Knock Off|p2a: Zeraora
|-damage|p2a: Zeraora|32/100
|-enditem|p2a: Zeraora|Leftovers|[from] move: Knock Off|[of] p1a: Ferrothorn
|
|-heal|p1a: Ferrothorn|97/100|[from] item: Leftovers
|-damage|p2a: Zeraora|19/100|[from] Leech Seed|[of] p1a: Ferrothorn
|-heal|p1a: Ferrothorn|100/100|[silent]
|upkeep
|turn|31
|c| SpookElekiElectric|Specs what?
|
|t:|1665933886
|move|p2a: Zeraora|Drain Punch|p1a: Ferrothorn
|-supereffective|p1a: Ferrothorn
|-damage|p1a: Ferrothorn|40/100
|-heal|p2a: Zeraora|53/100|[from] drain|[of] p1a: Ferrothorn
|-damage|p2a: Zeraora|41/100|[from] ability: Iron Barbs|[of] p1a: Ferrothorn
|move|p1a: Ferrothorn|Gyro Ball|p2a: Zeraora
|-resisted|p2a: Zeraora
|-damage|p2a: Zeraora|23/100
|
|-heal|p1a: Ferrothorn|47/100|[from] item: Leftovers
|-damage|p2a: Zeraora|10/100|[from] Leech Seed|[of] p1a: Ferrothorn
|-heal|p1a: Ferrothorn|58/100|[silent]
|upkeep
|turn|32
|c| SpookElekiElectric|Volc?
|c| SkyrimSHFFL|Specs volc
|
|t:|1665933898
|switch|p1a: Slowbro|Slowbro, M, shiny|79/100 psn
|move|p2a: Zeraora|Plasma Fists|p1a: Slowbro
|-supereffective|p1a: Slowbro
|-damage|p1a: Slowbro|0 fnt
|-fieldactivate|move: Ion Deluge
|-hint|Normal-type moves become Electric-type after using Plasma Fists.
|faint|p1a: Slowbro
|
|upkeep
|
|t:|1665933903
|switch|p1a: Buzzwole|Buzzwole, shiny|94/100
|-damage|p1a: Buzzwole|82/100|[from] Spikes
|-damage|p1a: Buzzwole|70/100|[from] Stealth Rock
|turn|33
|c| SpookElekiElectric|You dont bring specs volc to an olt game
|
|t:|1665933907
|move|p2a: Zeraora|Plasma Fists|p1a: Buzzwole
|-damage|p1a: Buzzwole|12/100
|-fieldactivate|move: Ion Deluge
|-hint|Normal-type moves become Electric-type after using Plasma Fists.
|move|p1a: Buzzwole|Roost|p1a: Buzzwole
|-heal|p1a: Buzzwole|62/100
|-singleturn|p1a: Buzzwole|move: Roost
|
|-damage|p2a: Zeraora|0 fnt|[from] Leech Seed|[of] p1a: Buzzwole
|-heal|p1a: Buzzwole|69/100|[silent]
|faint|p2a: Zeraora
|upkeep
|c| SpookElekiElectric|Every team is 6-0d by qd volcarona
|
|t:|1665933911
|switch|p2a: Slowking|Slowking-Galar, M|94/100
|-damage|p2a: Slowking|81/100|[from] Stealth Rock
|turn|34
|c| SpookElekiElectric|OH SHIT
|c| SpookElekiElectric|THE READS
|
|t:|1665933919
|move|p1a: Buzzwole|Ice Punch|p2a: Slowking
|-damage|p2a: Slowking|55/100
|move|p2a: Slowking|Sludge Bomb|p1a: Buzzwole
|-damage|p1a: Buzzwole|20/100
|
|upkeep
|turn|35
|
|t:|1665933926
|move|p1a: Buzzwole|Ice Punch|p2a: Slowking
|-damage|p2a: Slowking|28/100
|move|p2a: Slowking|Sludge Bomb|p1a: Buzzwole
|-damage|p1a: Buzzwole|0 fnt
|faint|p1a: Buzzwole
|
|upkeep
|c| SpookElekiElectric|IS THIS CALLED A HIGH LADDER GAM
|c| SkyrimSHFFL|AYO
|
|t:|1665933933
|switch|p1a: Tyranitar|Tyranitar, M, shiny|47/100
|-damage|p1a: Tyranitar|35/100|[from] Spikes
|-damage|p1a: Tyranitar|22/100|[from] Stealth Rock
|-weather|Sandstorm|[from] ability: Sand Stream|[of] p1a: Tyranitar
|turn|36
|c| SpookElekiElectric|Wait
|c| SpookElekiElectric|i was
|c| SpookElekiElectric|so behind
|
|t:|1665933941
|move|p1a: Tyranitar|Crunch|p2a: Slowking
|-supereffective|p2a: Slowking
|-damage|p2a: Slowking|0 fnt
|faint|p2a: Slowking
|
|-weather|Sandstorm|[upkeep]
|upkeep
|
|t:|1665933942
|switch|p2a: Tornadus|Tornadus-Therian, M|45/100
|turn|37
|
|t:|1665933944
|move|p2a: Tornadus|U-turn|p1a: Tyranitar
|-supereffective|p1a: Tyranitar
|-damage|p1a: Tyranitar|0 fnt
|faint|p1a: Tyranitar
|
|-weather|Sandstorm|[upkeep]
|-damage|p2a: Tornadus|39/100|[from] Sandstorm
|upkeep
|c| SpookElekiElectric|i was at the fist the bro
|
|t:|1665933950
|switch|p1a: Tornadus|Tornadus-Therian, M, shiny|100/100
|turn|38
|
|t:|1665933954
|move|p1a: Tornadus|Toxic|p2a: Tornadus
|-status|p2a: Tornadus|tox
|move|p2a: Tornadus|Icy Wind|p1a: Tornadus
|-supereffective|p1a: Tornadus
|-damage|p1a: Tornadus|74/100
|-unboost|p1a: Tornadus|spe|1
|
|-weather|Sandstorm|[upkeep]
|-damage|p2a: Tornadus|33/100 tox|[from] Sandstorm
|-damage|p1a: Tornadus|68/100|[from] Sandstorm
|-damage|p2a: Tornadus|26/100 tox|[from] psn
|upkeep
|turn|39
|
|t:|1665933957
|switch|p1a: Ferrothorn|Ferrothorn, M, shiny|58/100
|-damage|p1a: Ferrothorn|45/100|[from] Spikes
|-damage|p1a: Ferrothorn|39/100|[from] Stealth Rock
|move|p2a: Tornadus|Hurricane|p1a: Ferrothorn|[miss]
|-miss|p2a: Tornadus|p1a: Ferrothorn
|
|-weather|Sandstorm|[upkeep]
|-damage|p2a: Tornadus|20/100 tox|[from] Sandstorm
|-heal|p1a: Ferrothorn|45/100|[from] item: Leftovers
|-damage|p2a: Tornadus|8/100 tox|[from] psn
|upkeep
|turn|40
|c|☆Lucians Call|gg
|c|☆AlIoutdragadarts|gg
|
|t:|1665933962
|move|p2a: Tornadus|Hurricane|p1a: Ferrothorn
|-damage|p1a: Ferrothorn|15/100
|-start|p1a: Ferrothorn|confusion
|-activate|p1a: Ferrothorn|confusion
|move|p1a: Ferrothorn|Knock Off|p2a: Tornadus
|-damage|p2a: Tornadus|0 fnt
|-enditem|p2a: Tornadus|Heavy-Duty Boots|[from] move: Knock Off|[of] p1a: Ferrothorn
|faint|p2a: Tornadus
|
|win|AlIoutdragadarts
|l| Sww-Suwa
|c| SkyrimSHFFL|Well played
|l| Leavers
|c| SpookElekiElectric|ye wp to both
|j| Sww-Suwa
|c| SpookElekiElectric|fun game
|l| SkyrimSHFFL
|l| SpookElekiElectric
|l| SaltyPineapple27
|player|p1|AlIoutdragadarts|picnicker
|j| SpookElekiElectric
|l| Weaselfie
|l| SpookElekiElectric
|l|☆Lucians Call
|l| Sww-Suwa
|l| ddddddabai
