|html|<div class="broadcast-blue"><strong>[Gen 8] OU is currently suspecting Melmetal! For information on how to participate check out the <a href="https://www.smogon.com/forums/threads/np-ss-ou-suspect-process-round-12-monster-mash.3709234/">suspect thread</a>.</strong></div>
|j|☆Fryderyk Nietzky
|j|☆Spectre Ace
|t:|1666229222
|gametype|singles
|player|p1|Fryderyk Nietzky|265|1573
|player|p2|Spectre Ace|juggler|1597
|teamsize|p1|6
|teamsize|p2|6
|gen|8
|tier|[Gen 8] OU
|rated|
|rule|Sleep Clause Mod: Limit one foe put to sleep
|rule|Species Clause: Limit one of each Pokémon
|rule|OHKO Clause: OHKO moves are banned
|rule|Evasion Items Clause: Evasion items are banned
|rule|Evasion Moves Clause: Evasion moves are banned
|rule|Endless Battle Clause: Forcing endless battles is banned
|rule|HP Percentage Mod: HP is shown in percentages
|rule|Dynamax Clause: You cannot dynamax
|clearpoke
|poke|p1|Toxapex, F|
|poke|p1|Clefable, M|
|poke|p1|Blissey, F|
|poke|p1|Corviknight, M|
|poke|p1|Gastrodon-East, M|
|poke|p1|Tangrowth, M|
|poke|p2|Garchomp, M|
|poke|p2|Ferrothorn, M|
|poke|p2|Raichu-Alola, F|
|poke|p2|Tapu Koko|
|poke|p2|Clefable, F|
|poke|p2|Tornadus-Therian, M|
|teampreview
|j| nian9
|
|t:|1666229240
|start
|switch|p1a: Gastrodon|Gastrodon-East, M|100/100
|switch|p2a: Tornadus|Tornadus-Therian, M|100/100
|turn|1
|
|t:|1666229246
|move|p2a: Tornadus|Taunt|p1a: Gastrodon
|-start|p1a: Gastrodon|move: Taunt
|move|p1a: Gastrodon|Scald|p2a: Tornadus
|-damage|p2a: Tornadus|67/100
|
|upkeep
|turn|2
|
|t:|1666229258
|move|p2a: Tornadus|Nasty Plot|p2a: Tornadus
|-boost|p2a: Tornadus|spa|2
|move|p1a: Gastrodon|Scald|p2a: Tornadus
|-damage|p2a: Tornadus|35/100
|
|upkeep
|turn|3
|
|t:|1666229292
|switch|p1a: Clefable|Clefable, M|100/100
|move|p2a: Tornadus|Hurricane|p1a: Clefable
|-damage|p1a: Clefable|57/100
|
|-heal|p1a: Clefable|63/100|[from] item: Leftovers
|upkeep
|turn|4
|
|t:|1666229303
|switch|p2a: Sundowner|Ferrothorn, M, shiny|100/100
|move|p1a: Clefable|Soft-Boiled|p1a: Clefable
|-heal|p1a: Clefable|100/100
|
|upkeep
|turn|5
|l| nian9
|
|t:|1666229334
|move|p1a: Clefable|Flamethrower|p2a: Sundowner
|-supereffective|p2a: Sundowner
|-damage|p2a: Sundowner|44/100
|move|p2a: Sundowner|Knock Off|p1a: Clefable
|-resisted|p1a: Clefable
|-damage|p1a: Clefable|92/100
|-enditem|p1a: Clefable|Leftovers|[from] move: Knock Off|[of] p2a: Sundowner
|
|-heal|p2a: Sundowner|50/100|[from] item: Leftovers
|upkeep
|turn|6
|
|t:|1666229350
|switch|p2a: Booker|Tapu Koko|100/100
|-fieldstart|move: Electric Terrain|[from] ability: Electric Surge|[of] p2a: Booker
|move|p1a: Clefable|Calm Mind|p1a: Clefable
|-boost|p1a: Clefable|spa|1
|-boost|p1a: Clefable|spd|1
|
|upkeep
|turn|7
|
|t:|1666229369
|switch|p2a: Clefable|Clefable, F|100/100
|move|p1a: Clefable|Moonblast|p2a: Clefable
|-damage|p2a: Clefable|73/100
|
|upkeep
|turn|8
|
|t:|1666229398
|switch|p1a: Toxapex|Toxapex, F|100/100
|move|p2a: Clefable|Moonblast|p1a: Toxapex
|-resisted|p1a: Toxapex
|-damage|p1a: Toxapex|90/100
|
|-heal|p1a: Toxapex|96/100|[from] item: Black Sludge
|upkeep
|turn|9
|
|t:|1666229406
|move|p2a: Clefable|Stealth Rock|p1a: Toxapex
|-sidestart|p1: Fryderyk Nietzky|move: Stealth Rock
|move|p1a: Toxapex|Infestation|p2a: Clefable
|-resisted|p2a: Clefable
|-damage|p2a: Clefable|72/100
|-activate|p2a: Clefable|move: Infestation|[of] p1a: Toxapex
|
|-heal|p1a: Toxapex|100/100|[from] item: Black Sludge
|-damage|p2a: Clefable|59/100|[from] move: Infestation|[partiallytrapped]
|upkeep
|turn|10
|
|t:|1666229415
|move|p2a: Clefable|Knock Off|p1a: Toxapex
|-damage|p1a: Toxapex|90/100
|-enditem|p1a: Toxapex|Black Sludge|[from] move: Knock Off|[of] p2a: Clefable
|move|p1a: Toxapex|Toxic|p2a: Clefable
|-status|p2a: Clefable|tox
|
|-damage|p2a: Clefable|53/100 tox|[from] psn
|-damage|p2a: Clefable|41/100 tox|[from] move: Infestation|[partiallytrapped]
|upkeep
|turn|11
|
|t:|1666229432
|move|p2a: Clefable|Soft-Boiled|p2a: Clefable
|-heal|p2a: Clefable|91/100 tox
|move|p1a: Toxapex|Infestation|p2a: Clefable
|-resisted|p2a: Clefable
|-damage|p2a: Clefable|90/100 tox
|
|-damage|p2a: Clefable|77/100 tox|[from] psn
|-damage|p2a: Clefable|65/100 tox|[from] move: Infestation|[partiallytrapped]
|upkeep
|turn|12
|
|t:|1666229451
|move|p2a: Clefable|Moonblast|p1a: Toxapex
|-resisted|p1a: Toxapex
|-damage|p1a: Toxapex|80/100
|move|p1a: Toxapex|Infestation|p2a: Clefable
|-resisted|p2a: Clefable
|-damage|p2a: Clefable|64/100 tox
|
|-damage|p2a: Clefable|46/100 tox|[from] psn
|-damage|p2a: Clefable|33/100 tox|[from] move: Infestation|[partiallytrapped]
|upkeep
|turn|13
|
|t:|1666229469
|move|p2a: Clefable|Moonblast|p1a: Toxapex
|-resisted|p1a: Toxapex
|-damage|p1a: Toxapex|70/100
|-unboost|p1a: Toxapex|spa|1
|move|p1a: Toxapex|Infestation|p2a: Clefable
|-resisted|p2a: Clefable
|-damage|p2a: Clefable|32/100 tox
|
|-damage|p2a: Clefable|8/100 tox|[from] psn
|-end|p2a: Clefable|Infestation|[partiallytrapped]
|-fieldend|move: Electric Terrain
|upkeep
|turn|14
|
|t:|1666229486
|switch|p1a: Tangrowth|Tangrowth, M|100/100
|-damage|p1a: Tangrowth|88/100|[from] Stealth Rock
|move|p2a: Clefable|Knock Off|p1a: Tangrowth
|-damage|p1a: Tangrowth|78/100
|-enditem|p1a: Tangrowth|Binding Band|[from] move: Knock Off|[of] p2a: Clefable
|
|-damage|p2a: Clefable|0 fnt|[from] psn
|faint|p2a: Clefable
|upkeep
|
|t:|1666229503
|switch|p2a: Tornadus|Tornadus-Therian, M|68/100
|turn|15
|
|t:|1666229534
|switch|p2a: Booker|Tapu Koko|100/100
|-fieldstart|move: Electric Terrain|[from] ability: Electric Surge|[of] p2a: Booker
|switch|p1a: Clefable|Clefable, M|92/100
|-damage|p1a: Clefable|80/100|[from] Stealth Rock
|
|upkeep
|turn|16
|
|t:|1666229552
|move|p2a: Booker|Thunderbolt|p1a: Clefable
|-damage|p1a: Clefable|36/100
|move|p1a: Clefable|Flamethrower|p2a: Booker
|-damage|p2a: Booker|71/100
|
|upkeep
|turn|17
|
|t:|1666229564
|switch|p1a: Blissey|Blissey, F|100/100
|move|p2a: Booker|Thunderbolt|p1a: Blissey
|-damage|p1a: Blissey|83/100
|
|upkeep
|turn|18
|
|t:|1666229618
|move|p2a: Booker|U-turn|p1a: Blissey
|-damage|p1a: Blissey|68/100
|
|t:|1666229621
|switch|p2a: Tornadus|Tornadus-Therian, M|100/100|[from]move: U-turn
|move|p1a: Blissey|Seismic Toss|p2a: Tornadus
|-damage|p2a: Tornadus|67/100
|
|upkeep
|turn|19
|
|t:|1666229630
|move|p2a: Tornadus|Taunt|p1a: Blissey
|-start|p1a: Blissey|move: Taunt
|move|p1a: Blissey|Seismic Toss|p2a: Tornadus
|-damage|p2a: Tornadus|34/100
|
|upkeep
|turn|20
|
|t:|1666229636
|switch|p2a: Garchomp|Garchomp, M|100/100
|move|p1a: Blissey|Seismic Toss|p2a: Garchomp
|-damage|p2a: Garchomp|72/100
|-damage|p1a: Blissey|56/100|[from] ability: Rough Skin|[of] p2a: Garchomp
|
|-heal|p2a: Garchomp|79/100|[from] item: Leftovers
|upkeep
|turn|21
|
|t:|1666229654
|switch|p1a: Tangrowth|Tangrowth, M|100/100
|-damage|p1a: Tangrowth|88/100|[from] Stealth Rock
|move|p2a: Garchomp|Swords Dance|p2a: Garchomp
|-boost|p2a: Garchomp|atk|2
|
|-heal|p2a: Garchomp|85/100|[from] item: Leftovers
|upkeep
|turn|22
|
|t:|1666229662
|move|p2a: Garchomp|Stone Edge|p1a: Tangrowth
|-damage|p1a: Tangrowth|43/100
|move|p1a: Tangrowth|Leech Seed|p2a: Garchomp
|-start|p2a: Garchomp|move: Leech Seed
|
|-heal|p2a: Garchomp|91/100|[from] item: Leftovers
|-damage|p2a: Garchomp|79/100|[from] Leech Seed|[of] p1a: Tangrowth
|-heal|p1a: Tangrowth|54/100|[silent]
|-fieldend|move: Electric Terrain
|upkeep
|turn|23
|
|t:|1666229685
|move|p2a: Garchomp|Swords Dance|p2a: Garchomp
|-boost|p2a: Garchomp|atk|2
|move|p1a: Tangrowth|Infestation|p2a: Garchomp
|-damage|p2a: Garchomp|74/100
|-activate|p2a: Garchomp|move: Infestation|[of] p1a: Tangrowth
|-damage|p1a: Tangrowth|42/100|[from] ability: Rough Skin|[of] p2a: Garchomp
|
|-heal|p2a: Garchomp|80/100|[from] item: Leftovers
|-damage|p2a: Garchomp|67/100|[from] Leech Seed|[of] p1a: Tangrowth
|-heal|p1a: Tangrowth|53/100|[silent]
|-damage|p2a: Garchomp|55/100|[from] move: Infestation|[partiallytrapped]
|upkeep
|turn|24
|
|t:|1666229702
|move|p1a: Tangrowth|Protect|p1a: Tangrowth
|-singleturn|p1a: Tangrowth|Protect
|move|p2a: Garchomp|Stone Edge|p1a: Tangrowth
|-activate|p1a: Tangrowth|move: Protect
|
|-heal|p2a: Garchomp|61/100|[from] item: Leftovers
|-damage|p2a: Garchomp|49/100|[from] Leech Seed|[of] p1a: Tangrowth
|-heal|p1a: Tangrowth|64/100|[silent]
|-damage|p2a: Garchomp|37/100|[from] move: Infestation|[partiallytrapped]
|upkeep
|turn|25
|inactive|Battle timer is ON: inactive players will automatically lose when time's up. (requested by Spectre Ace)
|inactive|Fryderyk Nietzky has 120 seconds left.
|
|t:|1666229760
|switch|p1a: Corviknight|Corviknight, M|100/100
|-damage|p1a: Corviknight|88/100|[from] Stealth Rock
|-ability|p1a: Corviknight|Pressure
|move|p2a: Garchomp|Stone Edge|p1a: Corviknight
|-damage|p1a: Corviknight|20/100
|
|-heal|p2a: Garchomp|43/100|[from] item: Leftovers
|-damage|p2a: Garchomp|30/100|[from] Leech Seed|[of] p1a: Corviknight
|-heal|p1a: Corviknight|31/100|[silent]
|-end|p2a: Garchomp|Infestation|[partiallytrapped]|[silent]
|upkeep
|turn|26
|
|t:|1666229773
|move|p2a: Garchomp|Aqua Tail|p1a: Corviknight
|-damage|p1a: Corviknight|0 fnt
|-damage|p2a: Garchomp|14/100|[from] item: Rocky Helmet|[of] p1a: Corviknight
|faint|p1a: Corviknight
|
|-heal|p2a: Garchomp|20/100|[from] item: Leftovers
|upkeep
|
|t:|1666229786
|switch|p1a: Tangrowth|Tangrowth, M|97/100
|-damage|p1a: Tangrowth|85/100|[from] Stealth Rock
|turn|27
|
|t:|1666229800
|switch|p2a: Tornadus|Tornadus-Therian, M|67/100
|move|p1a: Tangrowth|Infestation|p2a: Tornadus
|-resisted|p2a: Tornadus
|-damage|p2a: Tornadus|64/100
|-activate|p2a: Tornadus|move: Infestation|[of] p1a: Tangrowth
|
|-damage|p2a: Tornadus|51/100|[from] move: Infestation|[partiallytrapped]
|upkeep
|turn|28
|
|t:|1666229818
|switch|p1a: Blissey|Blissey, F|56/100
|move|p2a: Tornadus|Nasty Plot|p2a: Tornadus
|-boost|p2a: Tornadus|spa|2
|
|-end|p2a: Tornadus|Infestation|[partiallytrapped]|[silent]
|upkeep
|turn|29
|
|t:|1666229825
|move|p2a: Tornadus|Taunt|p1a: Blissey
|-start|p1a: Blissey|move: Taunt
|cant|p1a: Blissey|move: Taunt|Soft-Boiled
|
|upkeep
|turn|30
|
|t:|1666229840
|switch|p1a: Toxapex|Toxapex, F|100/100
|-damage|p1a: Toxapex|88/100|[from] Stealth Rock
|move|p2a: Tornadus|Focus Blast|p1a: Toxapex
|-resisted|p1a: Toxapex
|-damage|p1a: Toxapex|63/100
|
|upkeep
|turn|31
|inactive|Fryderyk Nietzky has 120 seconds left.
|
|t:|1666229894
|switch|p1a: Blissey|Blissey, F|56/100
|move|p2a: Tornadus|Hurricane|p1a: Blissey
|-damage|p1a: Blissey|22/100
|
|upkeep
|turn|32
|
|t:|1666229902
|move|p2a: Tornadus|Taunt|p1a: Blissey
|-start|p1a: Blissey|move: Taunt
|move|p1a: Blissey|Seismic Toss|p2a: Tornadus
|-damage|p2a: Tornadus|18/100
|
|upkeep
|turn|33
|
|t:|1666229910
|switch|p2a: Sundowner|Ferrothorn, M, shiny|50/100
|move|p1a: Blissey|Seismic Toss|p2a: Sundowner
|-damage|p2a: Sundowner|22/100
|-damage|p1a: Blissey|10/100|[from] ability: Iron Barbs|[of] p2a: Sundowner
|
|-heal|p2a: Sundowner|28/100|[from] item: Leftovers
|upkeep
|turn|34
|
|t:|1666229923
|move|p1a: Blissey|Seismic Toss|p2a: Sundowner
|-damage|p2a: Sundowner|0 fnt
|-damage|p1a: Blissey|0 fnt|[from] ability: Iron Barbs|[of] p2a: Sundowner
|faint|p2a: Sundowner
|faint|p1a: Blissey
|
|upkeep
|
|t:|1666229948
|switch|p1a: Tangrowth|Tangrowth, M|100/100
|switch|p2a: Booker|Tapu Koko|71/100
|-fieldstart|move: Electric Terrain|[from] ability: Electric Surge|[of] p2a: Booker
|-damage|p1a: Tangrowth|88/100|[from] Stealth Rock
|turn|35
|
|t:|1666229958
|move|p2a: Booker|Dazzling Gleam|p1a: Tangrowth
|-damage|p1a: Tangrowth|52/100
|move|p1a: Tangrowth|Leech Seed|p2a: Booker
|-start|p2a: Booker|move: Leech Seed
|
|-damage|p2a: Booker|59/100|[from] Leech Seed|[of] p1a: Tangrowth
|-heal|p1a: Tangrowth|61/100|[silent]
|upkeep
|turn|36
|
|t:|1666229973
|switch|p2a: Tornadus|Tornadus-Therian, M|51/100
|move|p1a: Tangrowth|Leech Seed|p2a: Tornadus
|-start|p2a: Tornadus|move: Leech Seed
|
|-damage|p2a: Tornadus|39/100|[from] Leech Seed|[of] p1a: Tangrowth
|-heal|p1a: Tangrowth|71/100|[silent]
|upkeep
|turn|37
|j| higgsfuckingboson
|inactive|Fryderyk Nietzky has 90 seconds left.
|
|t:|1666229995
|switch|p2a: Booker|Tapu Koko|59/100
|switch|p1a: Toxapex|Toxapex, F|96/100
|-damage|p1a: Toxapex|84/100|[from] Stealth Rock
|
|upkeep
|turn|38
|
|t:|1666230008
|move|p1a: Toxapex|Baneful Bunker|p1a: Toxapex
|-singleturn|p1a: Toxapex|move: Protect
|move|p2a: Booker|Thunderbolt|p1a: Toxapex
|-activate|p1a: Toxapex|move: Protect
|
|upkeep
|turn|39
|inactive|Fryderyk Nietzky has 90 seconds left.
|
|t:|1666230025
|switch|p1a: Gastrodon|Gastrodon-East, M|100/100
|-damage|p1a: Gastrodon|94/100|[from] Stealth Rock
|move|p2a: Booker|U-turn|p1a: Gastrodon
|-damage|p1a: Gastrodon|78/100
|
|t:|1666230029
|switch|p2a: Tornadus|Tornadus-Therian, M|72/100|[from]move: U-turn
|
|-heal|p1a: Gastrodon|85/100|[from] item: Leftovers
|upkeep
|turn|40
|
|t:|1666230035
|move|p2a: Tornadus|Nasty Plot|p2a: Tornadus
|-boost|p2a: Tornadus|spa|2
|move|p1a: Gastrodon|Scald|p2a: Tornadus
|-damage|p2a: Tornadus|39/100
|
|-heal|p1a: Gastrodon|91/100|[from] item: Leftovers
|upkeep
|turn|41
|
|t:|1666230054
|move|p2a: Tornadus|Hurricane|p1a: Gastrodon|[miss]
|-miss|p2a: Tornadus|p1a: Gastrodon
|move|p1a: Gastrodon|Toxic|p2a: Tornadus
|-status|p2a: Tornadus|tox
|
|-heal|p1a: Gastrodon|97/100|[from] item: Leftovers
|-damage|p2a: Tornadus|33/100 tox|[from] psn
|upkeep
|turn|42
|
|t:|1666230063
|move|p2a: Tornadus|Nasty Plot|p2a: Tornadus
|-boost|p2a: Tornadus|spa|2
|move|p1a: Gastrodon|Scald|p2a: Tornadus
|-damage|p2a: Tornadus|3/100 tox
|
|-heal|p1a: Gastrodon|100/100|[from] item: Leftovers
|-damage|p2a: Tornadus|0 fnt|[from] psn
|faint|p2a: Tornadus
|-fieldend|move: Electric Terrain
|upkeep
|
|t:|1666230067
|switch|p2a: Garchomp|Garchomp, M|20/100
|turn|43
|j| call the crew
|
|t:|1666230083
|move|p2a: Garchomp|Swords Dance|p2a: Garchomp
|-boost|p2a: Garchomp|atk|2
|move|p1a: Gastrodon|Earth Power|p2a: Garchomp
|-damage|p2a: Garchomp|0 fnt
|faint|p2a: Garchomp
|
|upkeep
|
|t:|1666230088
|switch|p2a: Booker|Tapu Koko|59/100
|-fieldstart|move: Electric Terrain|[from] ability: Electric Surge|[of] p2a: Booker
|turn|44
|
|t:|1666230111
|move|p2a: Booker|Dazzling Gleam|p1a: Gastrodon
|-damage|p1a: Gastrodon|79/100
|move|p1a: Gastrodon|Toxic|p2a: Booker
|-status|p2a: Booker|tox
|
|-heal|p1a: Gastrodon|85/100|[from] item: Leftovers
|-damage|p2a: Booker|53/100 tox|[from] psn
|upkeep
|turn|45
|
|t:|1666230119
|move|p2a: Booker|U-turn|p1a: Gastrodon
|-damage|p1a: Gastrodon|69/100
|
|t:|1666230120
|switch|p2a: Valentine|Raichu-Alola, F, shiny|100/100|[from]move: U-turn
|move|p1a: Gastrodon|Recover|p1a: Gastrodon
|-heal|p1a: Gastrodon|100/100
|
|upkeep
|turn|46
|inactive|Fryderyk Nietzky has 90 seconds left.
|
|t:|1666230149
|move|p2a: Valentine|Nasty Plot|p2a: Valentine
|-boost|p2a: Valentine|spa|2
|move|p1a: Gastrodon|Toxic|p2a: Valentine
|-status|p2a: Valentine|tox
|
|-damage|p2a: Valentine|94/100 tox|[from] psn
|upkeep
|turn|47
|inactive|Fryderyk Nietzky has 90 seconds left.
|
|t:|1666230168
|move|p2a: Valentine|Psyshock|p1a: Gastrodon
|-damage|p1a: Gastrodon|0 fnt
|faint|p1a: Gastrodon
|-damage|p2a: Valentine|84/100 tox|[from] item: Life Orb
|
|-damage|p2a: Valentine|72/100 tox|[from] psn
|upkeep
|
|t:|1666230175
|switch|p1a: Tangrowth|Tangrowth, M|100/100
|-damage|p1a: Tangrowth|88/100|[from] Stealth Rock
|turn|48
|c|☆Spectre Ace|Gg
|inactive|Fryderyk Nietzky has 90 seconds left.
|
|t:|1666230192
|switch|p1a: Clefable|Clefable, M|36/100
|-damage|p1a: Clefable|23/100|[from] Stealth Rock
|move|p2a: Valentine|Rising Voltage|p1a: Clefable
|-hint|Rising Voltage's BP doubled on grounded target.
|-damage|p1a: Clefable|0 fnt
|faint|p1a: Clefable
|-damage|p2a: Valentine|62/100 tox|[from] item: Life Orb
|
|-damage|p2a: Valentine|44/100 tox|[from] psn
|upkeep
|
|t:|1666230209
|switch|p1a: Toxapex|Toxapex, F|100/100
|-damage|p1a: Toxapex|88/100|[from] Stealth Rock
|turn|49
|
|t:|1666230218
|switch|p2a: Booker|Tapu Koko|53/100 tox
|move|p1a: Toxapex|Baneful Bunker||[still]
|-fail|p1a: Toxapex
|
|-damage|p2a: Booker|47/100 tox|[from] psn
|upkeep
|turn|50
|
|t:|1666230235
|move|p2a: Booker|Roost|p2a: Booker
|-heal|p2a: Booker|97/100 tox
|-singleturn|p2a: Booker|move: Roost
|move|p1a: Toxapex|Recover|p1a: Toxapex
|-heal|p1a: Toxapex|100/100
|
|-damage|p2a: Booker|85/100 tox|[from] psn
|upkeep
|turn|51
|
|t:|1666230248
|switch|p2a: Valentine|Raichu-Alola, F, shiny|44/100 tox
|move|p1a: Toxapex|Infestation|p2a: Valentine
|-supereffective|p2a: Valentine
|-damage|p2a: Valentine|35/100 tox
|-activate|p2a: Valentine|move: Infestation|[of] p1a: Toxapex
|
|-damage|p2a: Valentine|28/100 tox|[from] psn
|-damage|p2a: Valentine|16/100 tox|[from] move: Infestation|[partiallytrapped]
|-fieldend|move: Electric Terrain
|upkeep
|turn|52
|
|t:|1666230262
|move|p1a: Toxapex|Baneful Bunker|p1a: Toxapex
|-singleturn|p1a: Toxapex|move: Protect
|move|p2a: Valentine|Rising Voltage|p1a: Toxapex
|-activate|p1a: Toxapex|move: Protect
|
|-damage|p2a: Valentine|4/100 tox|[from] psn
|-damage|p2a: Valentine|0 fnt|[from] move: Infestation|[partiallytrapped]
|faint|p2a: Valentine
|upkeep
|
|t:|1666230263
|switch|p2a: Booker|Tapu Koko|85/100 tox
|-fieldstart|move: Electric Terrain|[from] ability: Electric Surge|[of] p2a: Booker
|turn|53
|
|t:|1666230276
|move|p2a: Booker|Thunderbolt|p1a: Toxapex
|-supereffective|p1a: Toxapex
|-damage|p1a: Toxapex|35/100
|move|p1a: Toxapex|Infestation|p2a: Booker
|-resisted|p2a: Booker
|-damage|p2a: Booker|83/100 tox
|-activate|p2a: Booker|move: Infestation|[of] p1a: Toxapex
|
|-damage|p2a: Booker|77/100 tox|[from] psn
|-damage|p2a: Booker|65/100 tox|[from] move: Infestation|[partiallytrapped]
|upkeep
|turn|54
|
|t:|1666230286
|move|p1a: Toxapex|Baneful Bunker|p1a: Toxapex
|-singleturn|p1a: Toxapex|move: Protect
|move|p2a: Booker|Thunderbolt|p1a: Toxapex
|-activate|p1a: Toxapex|move: Protect
|
|-damage|p2a: Booker|52/100 tox|[from] psn
|-damage|p2a: Booker|40/100 tox|[from] move: Infestation|[partiallytrapped]
|upkeep
|turn|55
|inactive|Fryderyk Nietzky has 90 seconds left.
|c|☆Spectre Ace|Yeah
|c|☆Spectre Ace|gg
|
|t:|1666230295
|move|p1a: Toxapex|Baneful Bunker||[still]
|-fail|p1a: Toxapex
|move|p2a: Booker|Thunderbolt|p1a: Toxapex
|-supereffective|p1a: Toxapex
|-damage|p1a: Toxapex|0 fnt
|faint|p1a: Toxapex
|
|-damage|p2a: Booker|22/100 tox|[from] psn
|-end|p2a: Booker|Infestation|[partiallytrapped]|[silent]
|upkeep
|inactive|Fryderyk Nietzky has 90 seconds left.
|
|t:|1666230305
|switch|p1a: Tangrowth|Tangrowth, M|100/100
|-damage|p1a: Tangrowth|88/100|[from] Stealth Rock
|turn|56
|inactive|Fryderyk Nietzky has 90 seconds left.
|
|t:|1666230310
|move|p2a: Booker|Roost|p2a: Booker
|-heal|p2a: Booker|72/100 tox
|-singleturn|p2a: Booker|move: Roost
|move|p1a: Tangrowth|Earthquake|p2a: Booker
|-supereffective|p2a: Booker
|-damage|p2a: Booker|10/100 tox
|
|-damage|p2a: Booker|0 fnt|[from] psn
|faint|p2a: Booker
|
|win|Fryderyk Nietzky
|upkeep
|raw|Fryderyk Nietzky's rating: 1573 &rarr; <strong>1596</strong><br />(+23 for winning)
|raw|Spectre Ace's rating: 1620 &rarr; <strong>1597</strong><br />(-23 for losing)
|l|☆Spectre Ace
||Ladder isn't responding, score probably updated but might not have (Request timeout).
|l|☆Fryderyk Nietzky
|j|☆Fryderyk Nietzky
|player|p1|Fryderyk Nietzky|265
