|j|☆cactinie
|j|☆CLOYSTERDEEZNUTS
|inactive|Battle timer is ON: inactive players will automatically lose when time's up.
|t:|1664596679
|gametype|singles
|player|p1|cactinie|idol|
|player|p2|CLOYSTERDEEZNUTS|cynthia|
|teamsize|p1|6
|teamsize|p2|6
|gen|8
|tier|[Gen 8] OU
|rated|Tournament battle
|rule|Sleep Clause Mod: Limit one foe put to sleep
|rule|Species Clause: Limit one of each Pokémon
|rule|OHKO Clause: OHKO moves are banned
|rule|Evasion Items Clause: Evasion items are banned
|rule|Evasion Moves Clause: Evasion moves are banned
|rule|Endless Battle Clause: Forcing endless battles is banned
|rule|HP Percentage Mod: HP is shown in percentages
|rule|Dynamax Clause: You cannot dynamax
|clearpoke
|poke|p1|Ninetales-Alola, F|
|poke|p1|Volcarona, F|
|poke|p1|Landorus-Therian, M|
|poke|p1|Tapu Fini|
|poke|p1|Bisharp, M|
|poke|p1|Blacephalon|
|poke|p2|Mew|
|poke|p2|Zeraora|
|poke|p2|Celesteela|
|poke|p2|Dragapult, M|
|poke|p2|Weavile, M|
|poke|p2|Nihilego|
|teampreview
|inactive|CLOYSTERDEEZNUTS also wants the timer to be on.
|j| AlIoutdragadarts
|l| AlIoutdragadarts
|inactive|CLOYSTERDEEZNUTS has 120 seconds left.
|
|t:|1664596711
|start
|switch|p1a: Ninetales|Ninetales-Alola, F|100/100
|switch|p2a: Mew|Mew|100/100
|-weather|Hail|[from] ability: Snow Warning|[of] p1a: Ninetales
|turn|1
|
|t:|1664596720
|move|p1a: Ninetales|Aurora Veil|p1a: Ninetales
|-sidestart|p1: cactinie|move: Aurora Veil
|move|p2a: Mew|Stealth Rock|p1a: Ninetales
|-sidestart|p1: cactinie|move: Stealth Rock
|
|-weather|Hail|[upkeep]
|-damage|p2a: Mew|94/100|[from] Hail
|upkeep
|turn|2
|
|t:|1664596732
|switch|p2a: Zeraora|Zeraora|100/100
|move|p1a: Ninetales|Encore||[still]
|-fail|p1a: Ninetales
|
|-weather|Hail|[upkeep]
|-damage|p2a: Zeraora|95/100|[from] Hail
|upkeep
|turn|3
|
|t:|1664596735
|switch|p2a: Mew|Mew|94/100
|switch|p1a: Landorus|Landorus-Therian, M|100/100
|-damage|p1a: Landorus|88/100|[from] Stealth Rock
|-ability|p1a: Landorus|Intimidate|boost
|-unboost|p2a: Mew|atk|1
|
|-weather|Hail|[upkeep]
|-damage|p2a: Mew|88/100|[from] Hail
|-damage|p1a: Landorus|82/100|[from] Hail
|upkeep
|turn|4
|
|t:|1664596740
|move|p2a: Mew|Taunt|p1a: Landorus
|-start|p1a: Landorus|move: Taunt
|move|p1a: Landorus|U-turn|p2a: Mew
|-supereffective|p2a: Mew
|-damage|p2a: Mew|50/100
|
|t:|1664596750
|switch|p1a: Bisharp|Bisharp, M|100/100|[from]move: U-turn
|-damage|p1a: Bisharp|95/100|[from] Stealth Rock
|
|-weather|Hail|[upkeep]
|-damage|p2a: Mew|44/100|[from] Hail
|-damage|p1a: Bisharp|89/100|[from] Hail
|upkeep
|turn|5
|
|t:|1664596759
|move|p2a: Mew|Will-O-Wisp|p1a: Bisharp
|-status|p1a: Bisharp|brn
|move|p1a: Bisharp|Rock Polish|p1a: Bisharp
|-boost|p1a: Bisharp|spe|2
|
|-weather|none
|-damage|p1a: Bisharp|83/100 brn|[from] brn
|upkeep
|turn|6
|
|t:|1664596762
|move|p1a: Bisharp|Swords Dance|p1a: Bisharp
|-boost|p1a: Bisharp|atk|2
|move|p2a: Mew|Taunt|p1a: Bisharp
|-start|p1a: Bisharp|move: Taunt
|
|-damage|p1a: Bisharp|77/100 brn|[from] brn
|upkeep
|turn|7
|
|t:|1664596767
|move|p1a: Bisharp|Knock Off|p2a: Mew
|-supereffective|p2a: Mew
|-enditem|p2a: Mew|Colbur Berry|[eat]
|-enditem|p2a: Mew|Colbur Berry|[weaken]
|-damage|p2a: Mew|0 fnt
|faint|p2a: Mew
|
|-damage|p1a: Bisharp|71/100 brn|[from] brn
|upkeep
|
|t:|1664596770
|switch|p2a: Zeraora|Zeraora|95/100
|turn|8
|
|t:|1664596773
|move|p1a: Bisharp|Knock Off|p2a: Zeraora
|-damage|p2a: Zeraora|26/100
|-enditem|p2a: Zeraora|Heavy-Duty Boots|[from] move: Knock Off|[of] p1a: Bisharp
|move|p2a: Zeraora|Close Combat|p1a: Bisharp
|-supereffective|p1a: Bisharp
|-enditem|p1a: Bisharp|Chople Berry|[eat]
|-enditem|p1a: Bisharp|Chople Berry|[weaken]
|-damage|p1a: Bisharp|20/100 brn
|-unboost|p2a: Zeraora|def|1
|-unboost|p2a: Zeraora|spd|1
|
|-damage|p1a: Bisharp|15/100 brn|[from] brn
|-sideend|p1: cactinie|move: Aurora Veil
|upkeep
|turn|9
|j|@Mimikyu Stardust
|
|t:|1664596781
|switch|p2a: Weavile|Weavile, M|100/100
|-ability|p2a: Weavile|Pressure
|move|p1a: Bisharp|Knock Off|p2a: Weavile
|-resisted|p2a: Weavile
|-damage|p2a: Weavile|55/100
|-enditem|p2a: Weavile|Life Orb|[from] move: Knock Off|[of] p1a: Bisharp
|
|-damage|p1a: Bisharp|9/100 brn|[from] brn
|-end|p1a: Bisharp|move: Taunt
|upkeep
|turn|10
|
|t:|1664596785
|move|p2a: Weavile|Ice Shard|p1a: Bisharp
|-resisted|p1a: Bisharp
|-damage|p1a: Bisharp|0 fnt
|faint|p1a: Bisharp
|
|upkeep
|
|t:|1664596790
|switch|p1a: Ninetales|Ninetales-Alola, F|100/100
|-damage|p1a: Ninetales|76/100|[from] Stealth Rock
|-weather|Hail|[from] ability: Snow Warning|[of] p1a: Ninetales
|turn|11
|
|t:|1664596807
|move|p2a: Weavile|Knock Off|p1a: Ninetales
|-resisted|p1a: Ninetales
|-damage|p1a: Ninetales|44/100
|-enditem|p1a: Ninetales|Light Clay|[from] move: Knock Off|[of] p2a: Weavile
|move|p1a: Ninetales|Aurora Veil|p1a: Ninetales
|-sidestart|p1: cactinie|move: Aurora Veil
|
|-weather|Hail|[upkeep]
|upkeep
|turn|12
|
|t:|1664596818
|switch|p1a: Landorus|Landorus-Therian, M|82/100
|-damage|p1a: Landorus|70/100|[from] Stealth Rock
|-ability|p1a: Landorus|Intimidate|boost
|-unboost|p2a: Weavile|atk|1
|move|p2a: Weavile|Knock Off|p1a: Landorus
|-damage|p1a: Landorus|53/100
|-damage|p2a: Weavile|38/100|[from] item: Rocky Helmet|[of] p1a: Landorus
|-enditem|p1a: Landorus|Rocky Helmet|[from] move: Knock Off|[of] p2a: Weavile
|
|-weather|Hail|[upkeep]
|-damage|p1a: Landorus|47/100|[from] Hail
|upkeep
|turn|13
|
|t:|1664596822
|move|p2a: Weavile|Triple Axel|p1a: Landorus
|-supereffective|p1a: Landorus
|-damage|p1a: Landorus|35/100
|-hitcount|p1a: Landorus|1
|move|p1a: Landorus|Defog|p2a: Weavile
|-unboost|p2a: Weavile|evasion|1
|-sideend|p1: cactinie|Stealth Rock|[from] move: Defog|[of] p1a: Landorus
|
|-weather|Hail|[upkeep]
|-damage|p1a: Landorus|29/100|[from] Hail
|upkeep
|turn|14
|
|t:|1664596831
|switch|p1a: Volcarona|Volcarona, F|100/100
|move|p2a: Weavile|Triple Axel|p1a: Volcarona
|-resisted|p1a: Volcarona
|-damage|p1a: Volcarona|99/100
|-resisted|p1a: Volcarona
|-damage|p1a: Volcarona|94/100
|-status|p2a: Weavile|brn|[from] ability: Flame Body|[of] p1a: Volcarona
|-resisted|p1a: Volcarona
|-damage|p1a: Volcarona|91/100
|-hitcount|p1a: Volcarona|3
|
|-weather|Hail|[upkeep]
|-damage|p1a: Volcarona|84/100|[from] Hail
|-heal|p1a: Volcarona|91/100|[from] item: Leftovers
|-damage|p2a: Weavile|32/100 brn|[from] brn
|upkeep
|turn|15
|l|@Mimikyu Stardust
|
|t:|1664596840
|switch|p2a: Nihilego|Nihilego|100/100
|move|p1a: Volcarona|Substitute|p1a: Volcarona
|-start|p1a: Volcarona|Substitute
|-damage|p1a: Volcarona|66/100
|
|-weather|none
|-heal|p1a: Volcarona|72/100|[from] item: Leftovers
|-sideend|p1: cactinie|move: Aurora Veil
|upkeep
|turn|16
|
|t:|1664596844
|move|p2a: Nihilego|Power Gem|p1a: Volcarona
|-supereffective|p1a: Volcarona
|-end|p1a: Volcarona|Substitute
|move|p1a: Volcarona|Psychic|p2a: Nihilego
|-supereffective|p2a: Nihilego
|-damage|p2a: Nihilego|60/100
|
|-heal|p1a: Volcarona|78/100|[from] item: Leftovers
|upkeep
|turn|17
|
|t:|1664596851
|switch|p1a: Tapu Fini|Tapu Fini|100/100
|-fieldstart|move: Misty Terrain|[from] ability: Misty Surge|[of] p1a: Tapu Fini
|move|p2a: Nihilego|Toxic Spikes|p1a: Tapu Fini
|-sidestart|p1: cactinie|move: Toxic Spikes
|
|upkeep
|turn|18
|
|t:|1664596858
|move|p2a: Nihilego|Meteor Beam||[still]
|-prepare|p2a: Nihilego|Meteor Beam
|-boost|p2a: Nihilego|spa|1
|-enditem|p2a: Nihilego|Power Herb
|-anim|p2a: Nihilego|Meteor Beam|p1a: Tapu Fini|[miss]
|-miss|p2a: Nihilego|p1a: Tapu Fini
|move|p1a: Tapu Fini|Substitute|p1a: Tapu Fini
|-start|p1a: Tapu Fini|Substitute
|-damage|p1a: Tapu Fini|75/100
|
|-heal|p1a: Tapu Fini|82/100|[from] item: Leftovers
|upkeep
|turn|19
|
|t:|1664596865
|move|p2a: Nihilego|Power Gem|p1a: Tapu Fini
|-crit|p1a: Tapu Fini
|-end|p1a: Tapu Fini|Substitute
|move|p1a: Tapu Fini|Calm Mind|p1a: Tapu Fini
|-boost|p1a: Tapu Fini|spa|1
|-boost|p1a: Tapu Fini|spd|1
|
|-heal|p1a: Tapu Fini|88/100|[from] item: Leftovers
|upkeep
|turn|20
|
|t:|1664596873
|switch|p2a: Weavile|Weavile, M|32/100 brn
|-ability|p2a: Weavile|Pressure
|move|p1a: Tapu Fini|Surf|p2a: Weavile
|-damage|p2a: Weavile|0 fnt
|faint|p2a: Weavile
|
|-heal|p1a: Tapu Fini|94/100|[from] item: Leftovers
|upkeep
|
|t:|1664596876
|switch|p2a: Zeraora|Zeraora|26/100
|turn|21
|
|t:|1664596881
|switch|p1a: Landorus|Landorus-Therian, M|29/100
|-ability|p1a: Landorus|Intimidate|boost
|-unboost|p2a: Zeraora|atk|1
|move|p2a: Zeraora|Plasma Fists|p1a: Landorus
|-immune|p1a: Landorus
|
|-fieldend|Misty Terrain
|upkeep
|turn|22
|
|t:|1664596888
|move|p2a: Zeraora|Taunt|p1a: Landorus
|-start|p1a: Landorus|move: Taunt
|cant|p1a: Landorus|move: Taunt|Defog
|
|upkeep
|turn|23
|
|t:|1664596890
|switch|p2a: Dragapult|Dragapult, M|100/100
|move|p1a: Landorus|Earthquake|p2a: Dragapult
|-damage|p2a: Dragapult|42/100
|
|upkeep
|turn|24
|
|t:|1664596893
|move|p2a: Dragapult|Shadow Ball|p1a: Landorus
|-damage|p1a: Landorus|0 fnt
|faint|p1a: Landorus
|
|upkeep
|
|t:|1664596896
|switch|p1a: Blacephalon|Blacephalon|100/100
|-status|p1a: Blacephalon|psn
|turn|25
|
|t:|1664596900
|move|p1a: Blacephalon|Shadow Ball|p2a: Dragapult
|-supereffective|p2a: Dragapult
|-damage|p2a: Dragapult|0 fnt
|faint|p2a: Dragapult
|-ability|p1a: Blacephalon|Beast Boost|boost
|-boost|p1a: Blacephalon|spa|1
|
|-damage|p1a: Blacephalon|88/100 psn|[from] psn
|upkeep
|
|t:|1664596902
|switch|p2a: Celesteela|Celesteela|100/100
|turn|26
|
|t:|1664596904
|move|p1a: Blacephalon|Shadow Ball|p2a: Celesteela
|-damage|p2a: Celesteela|20/100
|move|p2a: Celesteela|Meteor Beam||[still]
|-prepare|p2a: Celesteela|Meteor Beam
|-boost|p2a: Celesteela|spa|1
|-enditem|p2a: Celesteela|Power Herb
|-anim|p2a: Celesteela|Meteor Beam|p1a: Blacephalon
|-supereffective|p1a: Blacephalon
|-damage|p1a: Blacephalon|0 fnt
|faint|p1a: Blacephalon
|-ability|p2a: Celesteela|Beast Boost|boost
|-boost|p2a: Celesteela|spa|1
|
|upkeep
|
|t:|1664596913
|switch|p1a: Volcarona|Volcarona, F|78/100
|-status|p1a: Volcarona|psn
|turn|27
|
|t:|1664596918
|move|p1a: Volcarona|Psychic|p2a: Celesteela
|-resisted|p2a: Celesteela
|-crit|p2a: Celesteela
|-damage|p2a: Celesteela|0 fnt
|faint|p2a: Celesteela
|
|-heal|p1a: Volcarona|84/100 psn|[from] item: Leftovers
|-damage|p1a: Volcarona|71/100 psn|[from] psn
|upkeep
|
|t:|1664596920
|switch|p2a: Nihilego|Nihilego|60/100
|turn|28
|
|t:|1664596930
|switch|p1a: Tapu Fini|Tapu Fini|94/100
|-status|p1a: Tapu Fini|psn
|-fieldstart|move: Misty Terrain|[from] ability: Misty Surge|[of] p1a: Tapu Fini
|move|p2a: Nihilego|Power Gem|p1a: Tapu Fini
|-damage|p1a: Tapu Fini|66/100 psn
|
|-heal|p1a: Tapu Fini|72/100 psn|[from] item: Leftovers
|-damage|p1a: Tapu Fini|60/100 psn|[from] psn
|upkeep
|turn|29
|
|t:|1664596943
|switch|p2a: Zeraora|Zeraora|26/100
|move|p1a: Tapu Fini|Surf|p2a: Zeraora
|-damage|p2a: Zeraora|0 fnt
|faint|p2a: Zeraora
|
|-heal|p1a: Tapu Fini|66/100 psn|[from] item: Leftovers
|-damage|p1a: Tapu Fini|53/100 psn|[from] psn
|upkeep
|
|t:|1664596944
|switch|p2a: Nihilego|Nihilego|60/100
|turn|30
|
|t:|1664596948
|move|p2a: Nihilego|Power Gem|p1a: Tapu Fini
|-damage|p1a: Tapu Fini|24/100 psn
|move|p1a: Tapu Fini|Surf|p2a: Nihilego
|-supereffective|p2a: Nihilego
|-damage|p2a: Nihilego|13/100
|
|-heal|p1a: Tapu Fini|30/100 psn|[from] item: Leftovers
|-damage|p1a: Tapu Fini|18/100 psn|[from] psn
|upkeep
|turn|31
|
|t:|1664596957
|move|p2a: Nihilego|Power Gem|p1a: Tapu Fini
|-damage|p1a: Tapu Fini|0 fnt
|faint|p1a: Tapu Fini
|-ability|p2a: Nihilego|Beast Boost|boost
|-boost|p2a: Nihilego|spe|1
|
|upkeep
|
|t:|1664596959
|switch|p1a: Ninetales|Ninetales-Alola, F|44/100
|-weather|Hail|[from] ability: Snow Warning|[of] p1a: Ninetales
|turn|32
|
|t:|1664596961
|move|p2a: Nihilego|Power Gem|p1a: Ninetales
|-supereffective|p1a: Ninetales
|-damage|p1a: Ninetales|0 fnt
|faint|p1a: Ninetales
|-ability|p2a: Nihilego|Beast Boost|boost
|-boost|p2a: Nihilego|spe|1
|
|-weather|Hail|[upkeep]
|-damage|p2a: Nihilego|7/100|[from] Hail
|-fieldend|Misty Terrain
|upkeep
|
|t:|1664596963
|switch|p1a: Volcarona|Volcarona, F|71/100 psn
|turn|33
|
|t:|1664596965
|move|p2a: Nihilego|Power Gem|p1a: Volcarona
|-supereffective|p1a: Volcarona
|-damage|p1a: Volcarona|0 fnt
|faint|p1a: Volcarona
|
|win|CLOYSTERDEEZNUTS
|n|☆cactinie|cactinie
|n|☆CLOYSTERDEEZNUTS|cloysterdeeznuts
