|j|☆antarctozolt
|j|☆S B Like a Diamond
|inactive|Battle timer is ON: inactive players will automatically lose when time's up.
|t:|1663986365
|gametype|singles
|player|p1|antarctozolt|skier|
|player|p2|S B Like a Diamond|unknown|
|teamsize|p1|6
|teamsize|p2|6
|gen|8
|tier|[Gen 8] OU
|rated|Tournament battle
|rule|Sleep Clause Mod: Limit one foe put to sleep
|rule|Species Clause: Limit one of each Pokémon
|rule|OHKO Clause: OHKO moves are banned
|rule|Evasion Items Clause: Evasion items are banned
|rule|Evasion Moves Clause: Evasion moves are banned
|rule|Endless Battle Clause: Forcing endless battles is banned
|rule|HP Percentage Mod: HP is shown in percentages
|rule|Dynamax Clause: You cannot dynamax
|clearpoke
|poke|p1|Mew|
|poke|p1|Dragapult, F|
|poke|p1|Blaziken, M|
|poke|p1|Weavile, F|
|poke|p1|Kartana|
|poke|p1|Landorus-Therian, M|
|poke|p2|Rillaboom, M|
|poke|p2|Slowking-Galar, F|
|poke|p2|Heatran, M|
|poke|p2|Mandibuzz, F|
|poke|p2|Dragonite, F|
|poke|p2|Swampert, F|
|teampreview
|inactive|antarctozolt also wants the timer to be on.
|inactive|S B Like a Diamond also wants the timer to be on.
|j| cHiCo
|j| ShellBellShedinja
|
|t:|1663986395
|start
|switch|p1a: Mew|Mew|100/100
|switch|p2a: Slowking|Slowking-Galar, F|100/100
|turn|1
|j| white ceiling
|
|t:|1663986400
|move|p1a: Mew|Thunder Wave|p2a: Slowking
|-status|p2a: Slowking|par
|move|p2a: Slowking|Sludge Bomb|p1a: Mew
|-damage|p1a: Mew|61/100
|
|upkeep
|turn|2
|
|t:|1663986405
|move|p1a: Mew|Stealth Rock|p2a: Slowking
|-sidestart|p2: S B Like a Diamond|move: Stealth Rock
|move|p2a: Slowking|Sludge Bomb||[still]
|-damage|p1a: Mew|26/100
|-status|p1a: Mew|psn
|-activate|p1a: Mew|ability: Synchronize
|-fail|p1a: Mew
|
|-damage|p1a: Mew|14/100 psn|[from] psn
|upkeep
|turn|3
|
|t:|1663986406
|move|p1a: Mew|Spikes|p2a: Slowking
|-sidestart|p2: S B Like a Diamond|Spikes
|move|p2a: Slowking|Sludge Bomb|p1a: Mew
|-damage|p1a: Mew|0 fnt
|faint|p1a: Mew
|
|upkeep
|
|t:|1663986408
|switch|p1a: Weavile|Weavile, F|100/100
|-ability|p1a: Weavile|Pressure
|turn|4
|
|t:|1663986411
|move|p1a: Weavile|Swords Dance|p1a: Weavile
|-boost|p1a: Weavile|atk|2
|cant|p2a: Slowking|par
|
|upkeep
|turn|5
|
|t:|1663986413
|move|p1a: Weavile|Knock Off|p2a: Slowking
|-supereffective|p2a: Slowking
|-crit|p2a: Slowking
|-enditem|p2a: Slowking|Colbur Berry|[eat]
|-enditem|p2a: Slowking|Colbur Berry|[weaken]
|-damage|p2a: Slowking|0 fnt
|faint|p2a: Slowking
|-damage|p1a: Weavile|91/100|[from] item: Life Orb
|
|upkeep
|
|t:|1663986420
|switch|p2a: Heatran|Heatran, M|100/100
|-damage|p2a: Heatran|88/100|[from] Stealth Rock
|-damage|p2a: Heatran|76/100|[from] Spikes
|turn|6
|
|t:|1663986422
|move|p1a: Weavile|Knock Off|p2a: Heatran
|-damage|p2a: Heatran|0 fnt
|-enditem|p2a: Heatran|Leftovers|[from] move: Knock Off|[of] p1a: Weavile
|faint|p2a: Heatran
|-damage|p1a: Weavile|81/100|[from] item: Life Orb
|
|upkeep
|
|t:|1663986426
|switch|p2a: Rillaboom|Rillaboom, M|100/100
|-damage|p2a: Rillaboom|88/100|[from] Stealth Rock
|-damage|p2a: Rillaboom|76/100|[from] Spikes
|-fieldstart|move: Grassy Terrain|[from] ability: Grassy Surge|[of] p2a: Rillaboom
|turn|7
|
|t:|1663986428
|move|p1a: Weavile|Ice Shard|p2a: Rillaboom
|-supereffective|p2a: Rillaboom
|-damage|p2a: Rillaboom|0 fnt
|faint|p2a: Rillaboom
|-damage|p1a: Weavile|71/100|[from] item: Life Orb
|
|-heal|p1a: Weavile|77/100|[from] Grassy Terrain
|upkeep
|-message|S B Like a Diamond forfeited.
|
|win|antarctozolt
|n|☆antarctozolt|antarctozolt
|n|☆S B Like a Diamond|sblikeadiamond
|n| cHiCo|chico
|n| ShellBellShedinja|shellbellshedinja
|n| white ceiling|whiteceiling
|l|☆S B Like a Diamond
|c|☆antarctozolt|imagine c-teaming me
|c|☆antarctozolt|then losing this fast LOL
|c|☆antarctozolt|gg.
