|html|<div class="broadcast-blue"><strong>[Gen 8] OU is currently suspecting Melmetal! For information on how to participate check out the <a href="https://www.smogon.com/forums/threads/np-ss-ou-suspect-process-round-12-monster-mash.3709234/">suspect thread</a>.</strong></div>
|j|☆IIIodyne
|j|☆BigWes95
|inactive|Battle timer is ON: inactive players will automatically lose when time's up.
|t:|1666637776
|gametype|singles
|player|p1|IIIodyne|2|
|player|p2|BigWes95|lusamine-nihilego|
|teamsize|p1|6
|teamsize|p2|6
|gen|8
|tier|[Gen 8] OU
|rated|Tournament battle
|rule|Sleep Clause Mod: Limit one foe put to sleep
|rule|Species Clause: Limit one of each Pokémon
|rule|OHKO Clause: OHKO moves are banned
|rule|Evasion Items Clause: Evasion items are banned
|rule|Evasion Moves Clause: Evasion moves are banned
|rule|Endless Battle Clause: Forcing endless battles is banned
|rule|HP Percentage Mod: HP is shown in percentages
|rule|Dynamax Clause: You cannot dynamax
|clearpoke
|poke|p1|Snorlax, M|
|poke|p1|Suicune|
|poke|p1|Melmetal|
|poke|p1|Victini|
|poke|p1|Landorus-Therian, M|
|poke|p1|Zapdos|
|poke|p2|Tapu Lele|
|poke|p2|Dragapult, M|
|poke|p2|Zapdos|
|poke|p2|Kartana|
|poke|p2|Melmetal|
|poke|p2|Landorus-Therian, M|
|teampreview
|inactive|BigWes95 also wants the timer to be on.
|c|☆IIIodyne|hf
|
|t:|1666637784
|start
|switch|p1a: Suicune|Suicune|100/100
|switch|p2a: Johnny Bananas|Dragapult, M, shiny|100/100
|-ability|p1a: Suicune|Pressure
|turn|1
|
|t:|1666637790
|switch|p1a: Snorlax|Snorlax, M|100/100
|move|p2a: Johnny Bananas|Draco Meteor|p1a: Snorlax
|-damage|p1a: Snorlax|59/100
|-unboost|p2a: Johnny Bananas|spa|2
|
|-heal|p1a: Snorlax|65/100|[from] item: Leftovers
|upkeep
|turn|2
|
|t:|1666637798
|switch|p2a: Lando Calrissian|Landorus-Therian, M|100/100
|-ability|p2a: Lando Calrissian|Intimidate|boost
|-unboost|p1a: Snorlax|atk|1
|switch|p1a: Victini|Victini|100/100
|
|upkeep
|turn|3
|
|t:|1666637803
|move|p1a: Victini|V-create|p2a: Lando Calrissian
|-damage|p2a: Lando Calrissian|0 fnt
|-unboost|p1a: Victini|spe|1
|-unboost|p1a: Victini|def|1
|-unboost|p1a: Victini|spd|1
|faint|p2a: Lando Calrissian
|
|upkeep
|
|t:|1666637814
|switch|p2a: Johnny Bananas|Dragapult, M, shiny|100/100
|turn|4
|j| Y0nkerz
|
|t:|1666637826
|switch|p1a: Melmetal|Melmetal|100/100
|move|p2a: Johnny Bananas|Draco Meteor|p1a: Melmetal
|-resisted|p1a: Melmetal
|-damage|p1a: Melmetal|69/100
|-unboost|p2a: Johnny Bananas|spa|2
|
|upkeep
|turn|5
|l| Y0nkerz
|
|t:|1666637841
|switch|p2a: Tony Hawk|Zapdos, shiny|100/100
|switch|p1a: Victini|Victini|100/100
|
|upkeep
|turn|6
|
|t:|1666637846
|move|p1a: Victini|V-create|p2a: Tony Hawk
|-damage|p2a: Tony Hawk|0 fnt
|-unboost|p1a: Victini|spe|1
|-unboost|p1a: Victini|def|1
|-unboost|p1a: Victini|spd|1
|faint|p2a: Tony Hawk
|
|upkeep
|
|t:|1666637851
|switch|p2a: Johnny Bananas|Dragapult, M, shiny|100/100
|turn|7
|
|t:|1666637854
|switch|p1a: Snorlax|Snorlax, M|65/100
|move|p2a: Johnny Bananas|Draco Meteor|p1a: Snorlax|[miss]
|-miss|p2a: Johnny Bananas|p1a: Snorlax
|
|-heal|p1a: Snorlax|71/100|[from] item: Leftovers
|upkeep
|turn|8
|
|t:|1666637867
|switch|p2a: John Cena|Melmetal|100/100
|move|p1a: Snorlax|Curse|p1a: Snorlax
|-unboost|p1a: Snorlax|spe|1
|-boost|p1a: Snorlax|atk|1
|-boost|p1a: Snorlax|def|1
|
|-heal|p1a: Snorlax|78/100|[from] item: Leftovers
|upkeep
|turn|9
|
|t:|1666637869
|switch|p1a: Suicune|Suicune|100/100
|-ability|p1a: Suicune|Pressure
|move|p2a: John Cena|Double Iron Bash|p1a: Suicune
|-resisted|p1a: Suicune
|-damage|p1a: Suicune|89/100
|-resisted|p1a: Suicune
|-damage|p1a: Suicune|76/100
|-hitcount|p1a: Suicune|2
|
|-heal|p1a: Suicune|83/100|[from] item: Leftovers
|upkeep
|turn|10
|
|t:|1666637876
|move|p1a: Suicune|Scald|p2a: John Cena
|-damage|p2a: John Cena|78/100
|move|p2a: John Cena|Thunder Punch|p1a: Suicune
|-supereffective|p1a: Suicune
|-damage|p1a: Suicune|41/100
|
|-heal|p1a: Suicune|47/100|[from] item: Leftovers
|upkeep
|turn|11
|
|t:|1666637881
|switch|p2a: Johnny Bananas|Dragapult, M, shiny|100/100
|move|p1a: Suicune|Scald|p2a: Johnny Bananas
|-resisted|p2a: Johnny Bananas
|-damage|p2a: Johnny Bananas|82/100
|
|-heal|p1a: Suicune|54/100|[from] item: Leftovers
|upkeep
|turn|12
|
|t:|1666637887
|switch|p1a: Snorlax|Snorlax, M|78/100
|move|p2a: Johnny Bananas|Draco Meteor|p1a: Snorlax
|-damage|p1a: Snorlax|37/100
|-unboost|p2a: Johnny Bananas|spa|2
|
|-heal|p1a: Snorlax|43/100|[from] item: Leftovers
|upkeep
|turn|13
|
|t:|1666637897
|move|p2a: Johnny Bananas|Draco Meteor|p1a: Snorlax
|-damage|p1a: Snorlax|24/100
|-unboost|p2a: Johnny Bananas|spa|2
|move|p1a: Snorlax|Rest|p1a: Snorlax
|-status|p1a: Snorlax|slp|[from] move: Rest
|-heal|p1a: Snorlax|100/100 slp|[silent]
|
|upkeep
|turn|14
|
|t:|1666637900
|switch|p2a: Mia Khalifa|Tapu Lele, shiny|100/100
|-fieldstart|move: Psychic Terrain|[from] ability: Psychic Surge|[of] p2a: Mia Khalifa
|switch|p1a: Victini|Victini|100/100
|
|upkeep
|turn|15
|
|t:|1666637905
|move|p1a: Victini|V-create|p2a: Mia Khalifa
|-damage|p2a: Mia Khalifa|0 fnt
|-unboost|p1a: Victini|spe|1
|-unboost|p1a: Victini|def|1
|-unboost|p1a: Victini|spd|1
|faint|p2a: Mia Khalifa
|
|upkeep
|
|t:|1666637907
|switch|p2a: Johnny Bananas|Dragapult, M, shiny|82/100
|turn|16
|c|☆BigWes95|Damn this vic is packing me up
|c|☆IIIodyne|yeee
|
|t:|1666637928
|switch|p2a: John Cena|Melmetal|78/100
|switch|p1a: Melmetal|Melmetal|69/100
|
|upkeep
|turn|17
|
|t:|1666637932
|move|p1a: Melmetal|Earthquake|p2a: John Cena
|-supereffective|p2a: John Cena
|-damage|p2a: John Cena|28/100
|move|p2a: John Cena|Double Iron Bash|p1a: Melmetal
|-resisted|p1a: Melmetal
|-damage|p1a: Melmetal|55/100
|-resisted|p1a: Melmetal
|-damage|p1a: Melmetal|41/100
|-hitcount|p1a: Melmetal|2
|
|upkeep
|turn|18
|
|t:|1666637937
|move|p1a: Melmetal|Double Iron Bash|p2a: John Cena
|-resisted|p2a: John Cena
|-damage|p2a: John Cena|16/100
|-resisted|p2a: John Cena
|-damage|p2a: John Cena|2/100
|-hitcount|p2a: John Cena|2
|cant|p2a: John Cena|flinch
|
|-fieldend|move: Psychic Terrain
|upkeep
|turn|19
|
|t:|1666637944
|move|p1a: Melmetal|Ice Punch|p2a: John Cena
|-resisted|p2a: John Cena
|-damage|p2a: John Cena|0 fnt
|faint|p2a: John Cena
|
|upkeep
|
|t:|1666637947
|switch|p2a: Johnny Bananas|Dragapult, M, shiny|82/100
|turn|20
|
|t:|1666637952
|move|p2a: Johnny Bananas|Draco Meteor|p1a: Melmetal|[miss]
|-miss|p2a: Johnny Bananas|p1a: Melmetal
|move|p1a: Melmetal|Double Iron Bash|p2a: Johnny Bananas
|-damage|p2a: Johnny Bananas|20/100
|-damage|p2a: Johnny Bananas|0 fnt
|faint|p2a: Johnny Bananas
|-hitcount|p2: Johnny Bananas|2
|
|upkeep
|-message|BigWes95 forfeited.
|
|win|IIIodyne
|n|☆IIIodyne|iiiodyne
|n|☆BigWes95|bigwes95
|l|☆BigWes95
|c|☆IIIodyne|AV anyway
|c|☆IIIodyne|gg
