|j|☆GGeorgie
|j|☆Chikami
|t:|1633732415
|gametype|singles
|player|p1|GGeorgie|hiker-gen2|1756
|player|p2|Chikami|ethan|1711
|teamsize|p1|6
|teamsize|p2|6
|gen|8
|tier|[Gen 8] OU
|rated|
|rule|Sleep Clause Mod: Limit one foe put to sleep
|rule|Species Clause: Limit one of each Pokémon
|rule|OHKO Clause: OHKO moves are banned
|rule|Evasion Moves Clause: Evasion moves are banned
|rule|Endless Battle Clause: Forcing endless battles is banned
|rule|HP Percentage Mod: HP is shown in percentages
|rule|Dynamax Clause: You cannot dynamax
|clearpoke
|poke|p1|Tyranitar, F|
|poke|p1|Rillaboom, M|
|poke|p1|Heatran, F|
|poke|p1|Zapdos|
|poke|p1|Excadrill, F|
|poke|p1|Tapu Fini|
|poke|p2|Scolipede, M|
|poke|p2|Magnezone|
|poke|p2|Heatran, F|
|poke|p2|Weavile, F|
|poke|p2|Landorus-Therian, M|
|poke|p2|Rillaboom, M|
|teampreview
|inactive|Battle timer is ON: inactive players will automatically lose when time's up. (requested by GGeorgie)
|j| zCompuLsive
|inactive|Chikami has 120 seconds left.
|
|t:|1633732457
|start
|switch|p1a: Tapu Fini|Tapu Fini|100/100
|switch|p2a: Landorus|Landorus-Therian, M|100/100
|-ability|p2a: Landorus|Intimidate|boost
|-unboost|p1a: Tapu Fini|atk|1
|-fieldstart|move: Misty Terrain|[from] ability: Misty Surge|[of] p1a: Tapu Fini
|turn|1
|
|t:|1633732476
|move|p2a: Landorus|U-turn|p1a: Tapu Fini
|-resisted|p1a: Tapu Fini
|-damage|p1a: Tapu Fini|91/100
|
|t:|1633732479
|switch|p2a: Rillaboom|Rillaboom, M|100/100|[from]move: U-turn
|-fieldstart|move: Grassy Terrain|[from] ability: Grassy Surge|[of] p2a: Rillaboom
|move|p1a: Tapu Fini|Surf|p2a: Rillaboom
|-resisted|p2a: Rillaboom
|-damage|p2a: Rillaboom|80/100
|
|-heal|p1a: Tapu Fini|97/100|[from] Grassy Terrain
|-heal|p2a: Rillaboom|86/100|[from] Grassy Terrain
|upkeep
|turn|2
|
|t:|1633732488
|switch|p1a: Zapdos|Zapdos|100/100
|move|p2a: Rillaboom|Knock Off|p1a: Zapdos
|-damage|p1a: Zapdos|61/100
|-status|p2a: Rillaboom|par|[from] ability: Static|[of] p1a: Zapdos
|-enditem|p1a: Zapdos|Heavy-Duty Boots|[from] move: Knock Off|[of] p2a: Rillaboom
|
|-heal|p2a: Rillaboom|92/100 par|[from] Grassy Terrain
|upkeep
|turn|3
|
|t:|1633732503
|switch|p2a: Heatran|Heatran, F|100/100
|move|p1a: Zapdos|Toxic|p2a: Heatran|[miss]
|-miss|p1a: Zapdos|p2a: Heatran
|
|upkeep
|turn|4
|
|t:|1633732520
|move|p1a: Zapdos|Roost|p1a: Zapdos
|-heal|p1a: Zapdos|100/100
|-singleturn|p1a: Zapdos|move: Roost
|move|p2a: Heatran|Magma Storm|p1a: Zapdos
|-damage|p1a: Zapdos|59/100
|-activate|p1a: Zapdos|move: Magma Storm|[of] p2a: Heatran
|
|-heal|p1a: Zapdos|65/100|[from] Grassy Terrain
|-damage|p1a: Zapdos|52/100|[from] move: Magma Storm|[partiallytrapped]
|upkeep
|turn|5
|
|t:|1633732533
|move|p1a: Zapdos|Volt Switch|p2a: Heatran
|-damage|p2a: Heatran|83/100
|
|t:|1633732535
|switch|p1a: Excadrill|Excadrill, F|100/100|[from]move: Volt Switch
|move|p2a: Heatran|Taunt|p1a: Excadrill
|-start|p1a: Excadrill|move: Taunt
|
|-heal|p2a: Heatran|89/100|[from] Grassy Terrain
|-heal|p2a: Heatran|95/100|[from] item: Leftovers
|-fieldend|move: Grassy Terrain
|upkeep
|turn|6
|
|t:|1633732546
|switch|p2a: Landorus|Landorus-Therian, M|100/100
|-ability|p2a: Landorus|Intimidate|boost
|-unboost|p1a: Excadrill|atk|1
|move|p1a: Excadrill|Iron Head|p2a: Landorus
|-damage|p2a: Landorus|62/100
|
|upkeep
|turn|7
|inactive|Chikami has 120 seconds left.
|
|t:|1633732578
|switch|p1a: Tapu Fini|Tapu Fini|97/100
|-fieldstart|move: Misty Terrain|[from] ability: Misty Surge|[of] p1a: Tapu Fini
|move|p2a: Landorus|U-turn|p1a: Tapu Fini
|-resisted|p1a: Tapu Fini
|-damage|p1a: Tapu Fini|86/100
|inactive|Chikami has 120 seconds left.
|
|t:|1633732590
|switch|p2a: Rillaboom|Rillaboom, M|92/100 par|[from]move: U-turn
|-fieldstart|move: Grassy Terrain|[from] ability: Grassy Surge|[of] p2a: Rillaboom
|
|-heal|p1a: Tapu Fini|92/100|[from] Grassy Terrain
|-heal|p2a: Rillaboom|98/100 par|[from] Grassy Terrain
|upkeep
|turn|8
|inactive|Chikami has 120 seconds left.
|
|t:|1633732597
|switch|p1a: Heatran|Heatran, F|100/100
|move|p2a: Rillaboom|U-turn|p1a: Heatran
|-resisted|p1a: Heatran
|-damage|p1a: Heatran|93/100
|inactive|Chikami has 120 seconds left.
|
|t:|1633732610
|switch|p2a: Heatran|Heatran, F|95/100|[from]move: U-turn
|
|-heal|p1a: Heatran|99/100|[from] Grassy Terrain
|-heal|p1a: Heatran|100/100|[from] item: Leftovers
|-heal|p2a: Heatran|100/100|[from] Grassy Terrain
|upkeep
|turn|9
|inactive|Chikami has 120 seconds left.
|
|t:|1633732615
|move|p1a: Heatran|Earth Power|p2a: Heatran
|-supereffective|p2a: Heatran
|-damage|p2a: Heatran|39/100
|move|p2a: Heatran|Earth Power|p1a: Heatran
|-supereffective|p1a: Heatran
|-damage|p1a: Heatran|24/100
|
|-heal|p1a: Heatran|30/100|[from] Grassy Terrain
|-heal|p1a: Heatran|36/100|[from] item: Leftovers
|-heal|p2a: Heatran|46/100|[from] Grassy Terrain
|-heal|p2a: Heatran|52/100|[from] item: Leftovers
|upkeep
|turn|10
|
|t:|1633732625
|move|p2a: Heatran|Protect|p2a: Heatran
|-singleturn|p2a: Heatran|Protect
|move|p1a: Heatran|Earth Power|p2a: Heatran
|-activate|p2a: Heatran|move: Protect
|
|-heal|p1a: Heatran|42/100|[from] Grassy Terrain
|-heal|p1a: Heatran|49/100|[from] item: Leftovers
|-heal|p2a: Heatran|58/100|[from] Grassy Terrain
|-heal|p2a: Heatran|64/100|[from] item: Leftovers
|upkeep
|turn|11
|
|t:|1633732629
|move|p1a: Heatran|Protect|p1a: Heatran
|-singleturn|p1a: Heatran|Protect
|move|p2a: Heatran|Earth Power|p1a: Heatran
|-activate|p1a: Heatran|move: Protect
|
|-heal|p1a: Heatran|55/100|[from] Grassy Terrain
|-heal|p1a: Heatran|61/100|[from] item: Leftovers
|-heal|p2a: Heatran|70/100|[from] Grassy Terrain
|-heal|p2a: Heatran|77/100|[from] item: Leftovers
|-fieldend|move: Grassy Terrain
|upkeep
|turn|12
|
|t:|1633732634
|switch|p1a: Tyranitar|Tyranitar, F|100/100
|-weather|Sandstorm|[from] ability: Sand Stream|[of] p1a: Tyranitar
|move|p2a: Heatran|Earth Power|p1a: Tyranitar
|-supereffective|p1a: Tyranitar
|-damage|p1a: Tyranitar|66/100
|
|-weather|Sandstorm|[upkeep]
|-heal|p2a: Heatran|83/100|[from] item: Leftovers
|upkeep
|turn|13
|
|t:|1633732643
|switch|p2a: Landorus|Landorus-Therian, M|62/100
|-ability|p2a: Landorus|Intimidate|boost
|-unboost|p1a: Tyranitar|atk|1
|move|p1a: Tyranitar|Stone Edge|p2a: Landorus
|-damage|p2a: Landorus|0 fnt
|faint|p2a: Landorus
|
|-weather|Sandstorm|[upkeep]
|upkeep
|inactive|Chikami has 120 seconds left.
|
|t:|1633732675
|switch|p2a: Rillaboom|Rillaboom, M|98/100 par
|-fieldstart|move: Grassy Terrain|[from] ability: Grassy Surge|[of] p2a: Rillaboom
|turn|14
|inactive|Chikami has 120 seconds left.
|
|t:|1633732688
|switch|p1a: Heatran|Heatran, F|61/100
|move|p2a: Rillaboom|U-turn|p1a: Heatran
|-resisted|p1a: Heatran
|-damage|p1a: Heatran|52/100
|
|t:|1633732693
|switch|p2a: Heatran|Heatran, F|83/100|[from]move: U-turn
|
|-weather|Sandstorm|[upkeep]
|-heal|p1a: Heatran|59/100|[from] Grassy Terrain
|-heal|p1a: Heatran|65/100|[from] item: Leftovers
|-heal|p2a: Heatran|89/100|[from] Grassy Terrain
|-heal|p2a: Heatran|95/100|[from] item: Leftovers
|upkeep
|turn|15
|
|t:|1633732695
|move|p1a: Heatran|Protect|p1a: Heatran
|-singleturn|p1a: Heatran|Protect
|move|p2a: Heatran|Earth Power|p1a: Heatran
|-activate|p1a: Heatran|move: Protect
|
|-weather|Sandstorm|[upkeep]
|-heal|p1a: Heatran|71/100|[from] Grassy Terrain
|-heal|p1a: Heatran|77/100|[from] item: Leftovers
|-heal|p2a: Heatran|100/100|[from] Grassy Terrain
|upkeep
|turn|16
|j| zazac
|
|t:|1633732702
|move|p1a: Heatran|Earth Power|p2a: Heatran
|-supereffective|p2a: Heatran
|-damage|p2a: Heatran|36/100
|move|p2a: Heatran|Earth Power|p1a: Heatran
|-supereffective|p1a: Heatran
|-damage|p1a: Heatran|7/100
|
|-weather|none
|-heal|p1a: Heatran|13/100|[from] Grassy Terrain
|-heal|p1a: Heatran|19/100|[from] item: Leftovers
|-heal|p2a: Heatran|42/100|[from] Grassy Terrain
|-heal|p2a: Heatran|49/100|[from] item: Leftovers
|upkeep
|turn|17
|
|t:|1633732709
|move|p2a: Heatran|Protect|p2a: Heatran
|-singleturn|p2a: Heatran|Protect
|move|p1a: Heatran|Stealth Rock|p2a: Heatran
|-sidestart|p2: Chikami|move: Stealth Rock
|
|-heal|p1a: Heatran|25/100|[from] Grassy Terrain
|-heal|p1a: Heatran|32/100|[from] item: Leftovers
|-heal|p2a: Heatran|55/100|[from] Grassy Terrain
|-heal|p2a: Heatran|61/100|[from] item: Leftovers
|upkeep
|turn|18
|
|t:|1633732722
|switch|p2a: Rillaboom|Rillaboom, M|98/100 par
|-damage|p2a: Rillaboom|86/100 par|[from] Stealth Rock
|move|p1a: Heatran|Earth Power|p2a: Rillaboom
|-resisted|p2a: Rillaboom
|-damage|p2a: Rillaboom|68/100 par
|
|-heal|p1a: Heatran|38/100|[from] Grassy Terrain
|-heal|p1a: Heatran|44/100|[from] item: Leftovers
|-heal|p2a: Rillaboom|74/100 par|[from] Grassy Terrain
|-fieldend|move: Grassy Terrain
|upkeep
|turn|19
|l| zazac
|
|t:|1633732750
|switch|p2a: Magnezone|Magnezone|100/100
|-damage|p2a: Magnezone|94/100|[from] Stealth Rock
|move|p1a: Heatran|Magma Storm|p2a: Magnezone|[miss]
|-miss|p1a: Heatran|p2a: Magnezone
|
|-heal|p1a: Heatran|50/100|[from] item: Leftovers
|-heal|p2a: Magnezone|100/100|[from] item: Leftovers
|upkeep
|turn|20
|
|t:|1633732760
|move|p1a: Heatran|Earth Power|p2a: Magnezone
|-supereffective|p2a: Magnezone
|-damage|p2a: Magnezone|0 fnt
|faint|p2a: Magnezone
|
|-heal|p1a: Heatran|57/100|[from] item: Leftovers
|upkeep
|inactive|Chikami has 120 seconds left.
|
|t:|1633732777
|switch|p2a: Scolipede|Scolipede, M|100/100
|turn|21
|
|t:|1633732780
|move|p2a: Scolipede|Earthquake|p1a: Heatran
|-supereffective|p1a: Heatran
|-damage|p1a: Heatran|0 fnt
|faint|p1a: Heatran
|
|-ability|p2a: Scolipede|Speed Boost|boost
|-boost|p2a: Scolipede|spe|1
|upkeep
|
|t:|1633732786
|switch|p1a: Zapdos|Zapdos|52/100
|turn|22
|inactive|Chikami has 120 seconds left.
|
|t:|1633732813
|move|p2a: Scolipede|Swords Dance|p2a: Scolipede
|-boost|p2a: Scolipede|atk|2
|move|p1a: Zapdos|Hurricane|p2a: Scolipede
|-supereffective|p2a: Scolipede
|-damage|p2a: Scolipede|0 fnt
|faint|p2a: Scolipede
|
|upkeep
|inactive|Chikami has 120 seconds left.
|
|t:|1633732822
|switch|p2a: Weavile|Weavile, F|100/100
|-ability|p2a: Weavile|Pressure
|turn|23
|inactive|Chikami has 120 seconds left.
|
|t:|1633732834
|switch|p1a: Tapu Fini|Tapu Fini|92/100
|-fieldstart|move: Misty Terrain|[from] ability: Misty Surge|[of] p1a: Tapu Fini
|move|p2a: Weavile|Triple Axel|p1a: Tapu Fini|[miss]
|-miss|p2a: Weavile|p1a: Tapu Fini
|
|upkeep
|turn|24
|
|t:|1633732844
|switch|p2a: Rillaboom|Rillaboom, M|74/100 par
|-damage|p2a: Rillaboom|61/100 par|[from] Stealth Rock
|-fieldstart|move: Grassy Terrain|[from] ability: Grassy Surge|[of] p2a: Rillaboom
|move|p1a: Tapu Fini|Moonblast|p2a: Rillaboom
|-damage|p2a: Rillaboom|15/100 par
|-unboost|p2a: Rillaboom|spa|1
|
|-heal|p1a: Tapu Fini|98/100|[from] Grassy Terrain
|-heal|p2a: Rillaboom|21/100 par|[from] Grassy Terrain
|upkeep
|turn|25
|
|t:|1633732852
|switch|p1a: Zapdos|Zapdos|52/100
|move|p2a: Rillaboom|Grassy Glide|p1a: Zapdos
|-resisted|p1a: Zapdos
|-damage|p1a: Zapdos|26/100
|
|-heal|p2a: Rillaboom|27/100 par|[from] Grassy Terrain
|upkeep
|turn|26
|
|t:|1633732857
|cant|p2a: Rillaboom|par
|move|p1a: Zapdos|Volt Switch|p2a: Rillaboom
|-resisted|p2a: Rillaboom
|-damage|p2a: Rillaboom|9/100 par
|
|t:|1633732860
|switch|p1a: Rillaboom|Rillaboom, M|100/100|[from]move: Volt Switch
|
|-heal|p2a: Rillaboom|15/100 par|[from] Grassy Terrain
|upkeep
|turn|27
|
|t:|1633732865
|move|p2a: Rillaboom|Grassy Glide|p1a: Rillaboom
|-resisted|p1a: Rillaboom
|-damage|p1a: Rillaboom|61/100
|move|p1a: Rillaboom|Knock Off|p2a: Rillaboom
|-damage|p2a: Rillaboom|0 fnt
|-enditem|p2a: Rillaboom|Choice Band|[from] move: Knock Off|[of] p1a: Rillaboom
|faint|p2a: Rillaboom
|-damage|p1a: Rillaboom|51/100|[from] item: Life Orb
|
|-heal|p1a: Rillaboom|57/100|[from] Grassy Terrain
|upkeep
|
|t:|1633732874
|switch|p2a: Weavile|Weavile, F|100/100
|-ability|p2a: Weavile|Pressure
|turn|28
|
|t:|1633732879
|move|p2a: Weavile|Ice Shard|p1a: Rillaboom
|-supereffective|p1a: Rillaboom
|-damage|p1a: Rillaboom|11/100
|move|p1a: Rillaboom|Grassy Glide|p2a: Weavile
|-damage|p2a: Weavile|0 fnt
|faint|p2a: Weavile
|-damage|p1a: Rillaboom|1/100|[from] item: Life Orb
|
|-heal|p1a: Rillaboom|7/100|[from] Grassy Terrain
|-fieldend|move: Grassy Terrain
|upkeep
|
|t:|1633732881
|switch|p2a: Heatran|Heatran, F|61/100
|-damage|p2a: Heatran|49/100|[from] Stealth Rock
|turn|29
|
|t:|1633732890
|move|p2a: Heatran|Protect|p2a: Heatran
|-singleturn|p2a: Heatran|Protect
|move|p1a: Rillaboom|Superpower|p2a: Heatran
|-activate|p2a: Heatran|move: Protect
|
|-heal|p2a: Heatran|55/100|[from] item: Leftovers
|upkeep
|turn|30
|
|t:|1633732894
|move|p1a: Rillaboom|Superpower|p2a: Heatran
|-supereffective|p2a: Heatran
|-damage|p2a: Heatran|0 fnt
|-unboost|p1a: Rillaboom|atk|1
|-unboost|p1a: Rillaboom|def|1
|faint|p2a: Heatran
|-damage|p1a: Rillaboom|0 fnt|[from] item: Life Orb
|faint|p1a: Rillaboom
|
|win|GGeorgie
|raw|GGeorgie's rating: 1756 &rarr; <strong>1773</strong><br />(+17 for winning)
|raw|Chikami's rating: 1711 &rarr; <strong>1694</strong><br />(-17 for losing)
|l|☆Chikami
|c|☆GGeorgie|gg
