|j|☆you have homework
|j|☆noudle soop
|t:|1656225154
|gametype|singles
|player|p1|you have homework|170|1726
|player|p2|noudle soop|roxie|1720
|teamsize|p1|6
|teamsize|p2|6
|gen|8
|tier|[Gen 8] OU
|rated|
|rule|Sleep Clause Mod: Limit one foe put to sleep
|rule|Species Clause: Limit one of each Pokémon
|rule|OHKO Clause: OHKO moves are banned
|rule|Evasion Moves Clause: Evasion moves are banned
|rule|Endless Battle Clause: Forcing endless battles is banned
|rule|HP Percentage Mod: HP is shown in percentages
|rule|Dynamax Clause: You cannot dynamax
|clearpoke
|poke|p1|Skarmory, F|
|poke|p1|Amoonguss, M|
|poke|p1|Blissey, F|
|poke|p1|Keldeo-Resolute|
|poke|p1|Mamoswine, F|
|poke|p1|Heatran, F|
|poke|p2|Regieleki|
|poke|p2|Volcanion|
|poke|p2|Kartana|
|poke|p2|Mew|
|poke|p2|Bisharp, F|
|poke|p2|Dragonite, F|
|teampreview
|inactive|Battle timer is ON: inactive players will automatically lose when time's up. (requested by noudle soop)
|j| gayskeletor
|inactive|noudle soop has 120 seconds left.
|
|t:|1656225207
|start
|switch|p1a: Mamoswine|Mamoswine, F|100/100
|switch|p2a: Bisharp|Bisharp, F|100/100
|turn|1
|j| Trexton
|
|t:|1656225215
|move|p1a: Mamoswine|Earthquake|p2a: Bisharp
|-supereffective|p2a: Bisharp
|-enditem|p2a: Bisharp|Focus Sash
|-damage|p2a: Bisharp|1/100
|move|p2a: Bisharp|Iron Head|p1a: Mamoswine
|-supereffective|p1a: Mamoswine
|-damage|p1a: Mamoswine|0 fnt
|faint|p1a: Mamoswine
|
|upkeep
|
|t:|1656225223
|switch|p1a: Keldeo|Keldeo-Resolute|100/100
|turn|2
|j| 50 at max
|
|t:|1656225229
|switch|p2a: Dragonite|Dragonite, F|100/100
|move|p1a: Keldeo|Aura Sphere|p2a: Dragonite
|-resisted|p2a: Dragonite
|-damage|p2a: Dragonite|87/100
|
|upkeep
|turn|3
|
|t:|1656225238
|switch|p1a: Amoonguss|Amoonguss, M|100/100
|switch|p2a: Bisharp|Bisharp, F|1/100
|
|upkeep
|turn|4
|
|t:|1656225244
|move|p2a: Bisharp|Stealth Rock|p1a: Amoonguss
|-sidestart|p1: you have homework|move: Stealth Rock
|move|p1a: Amoonguss|Giga Drain|p2a: Bisharp
|-resisted|p2a: Bisharp
|-damage|p2a: Bisharp|0 fnt
|faint|p2a: Bisharp
|
|upkeep
|
|t:|1656225252
|switch|p2a: Volcanion|Volcanion|100/100
|turn|5
|
|t:|1656225261
|switch|p2a: Mew|Mew|100/100
|switch|p1a: Blissey|Blissey, F|100/100
|-damage|p1a: Blissey|88/100|[from] Stealth Rock
|
|-heal|p1a: Blissey|94/100|[from] item: Leftovers
|upkeep
|turn|6
|
|t:|1656225268
|switch|p1a: Heatran|Heatran, F|100/100
|-damage|p1a: Heatran|88/100|[from] Stealth Rock
|move|p2a: Mew|Close Combat|p1a: Heatran
|-supereffective|p1a: Heatran
|-damage|p1a: Heatran|20/100
|-unboost|p2a: Mew|def|1
|-unboost|p2a: Mew|spd|1
|
|-heal|p1a: Heatran|26/100|[from] item: Leftovers
|upkeep
|turn|7
|
|t:|1656225278
|switch|p1a: Skarmory|Skarmory, F|100/100
|-damage|p1a: Skarmory|88/100|[from] Stealth Rock
|move|p2a: Mew|Close Combat|p1a: Skarmory
|-damage|p1a: Skarmory|68/100
|-unboost|p2a: Mew|def|1
|-unboost|p2a: Mew|spd|1
|
|-heal|p1a: Skarmory|74/100|[from] item: Leftovers
|upkeep
|turn|8
|
|t:|1656225288
|switch|p2a: Regieleki|Regieleki|100/100
|move|p1a: Skarmory|Defog|p2a: Regieleki
|-unboost|p2a: Regieleki|evasion|1
|-sideend|p1: you have homework|Stealth Rock|[from] move: Defog|[of] p1a: Skarmory
|
|-heal|p1a: Skarmory|80/100|[from] item: Leftovers
|upkeep
|turn|9
|
|t:|1656225297
|switch|p1a: Amoonguss|Amoonguss, M|100/100
|move|p2a: Regieleki|Volt Switch|p1a: Amoonguss
|-resisted|p1a: Amoonguss
|-damage|p1a: Amoonguss|80/100
|
|t:|1656225299
|switch|p2a: Mew|Mew|100/100|[from]move: Volt Switch
|
|upkeep
|turn|10
|l| gayskeletor
|
|t:|1656225305
|move|p2a: Mew|Psychic Fangs|p1a: Amoonguss
|-supereffective|p1a: Amoonguss
|-damage|p1a: Amoonguss|13/100
|-damage|p2a: Mew|84/100|[from] item: Rocky Helmet|[of] p1a: Amoonguss
|move|p1a: Amoonguss|Spore|p2a: Mew
|-status|p2a: Mew|slp|[from] move: Spore
|
|upkeep
|turn|11
|
|t:|1656225314
|switch|p2a: Volcanion|Volcanion|100/100
|switch|p1a: Skarmory|Skarmory, F|80/100
|
|-heal|p1a: Skarmory|86/100|[from] item: Leftovers
|upkeep
|turn|12
|
|t:|1656225328
|switch|p2a: Kartana|Kartana|100/100
|switch|p1a: Blissey|Blissey, F|94/100
|
|-heal|p1a: Blissey|99/100|[from] item: Leftovers
|upkeep
|turn|13
|
|t:|1656225334
|switch|p1a: Skarmory|Skarmory, F|86/100
|move|p2a: Kartana|Swords Dance|p2a: Kartana
|-boost|p2a: Kartana|atk|2
|
|-heal|p1a: Skarmory|92/100|[from] item: Leftovers
|upkeep
|turn|14
|
|t:|1656225340
|move|p2a: Kartana|Knock Off|p1a: Skarmory
|-damage|p1a: Skarmory|52/100
|-enditem|p1a: Skarmory|Leftovers|[from] move: Knock Off|[of] p2a: Kartana
|move|p1a: Skarmory|Body Press|p2a: Kartana
|-supereffective|p2a: Kartana
|-damage|p2a: Kartana|43/100
|
|upkeep
|turn|15
|
|t:|1656225351
|switch|p2a: Regieleki|Regieleki|100/100
|move|p1a: Skarmory|Body Press|p2a: Regieleki
|-damage|p2a: Regieleki|40/100
|
|upkeep
|turn|16
|j| T0d
|
|t:|1656225359
|switch|p1a: Blissey|Blissey, F|99/100
|move|p2a: Regieleki|Volt Switch|p1a: Blissey
|-damage|p1a: Blissey|84/100
|
|t:|1656225365
|switch|p2a: Kartana|Kartana|43/100|[from]move: Volt Switch
|
|-heal|p1a: Blissey|90/100|[from] item: Leftovers
|upkeep
|turn|17
|
|t:|1656225373
|move|p2a: Kartana|Swords Dance|p2a: Kartana
|-boost|p2a: Kartana|atk|2
|move|p1a: Blissey|Wish|p1a: Blissey
|
|-heal|p1a: Blissey|96/100|[from] item: Leftovers
|upkeep
|turn|18
|
|t:|1656225379
|switch|p1a: Skarmory|Skarmory, F|52/100
|move|p2a: Kartana|Sacred Sword|p1a: Skarmory
|-damage|p1a: Skarmory|11/100
|
|-heal|p1a: Skarmory|100/100|[from] move: Wish|[wisher] Blissey
|upkeep
|turn|19
|
|t:|1656225390
|switch|p2a: Volcanion|Volcanion|100/100
|move|p1a: Skarmory|Body Press|p2a: Volcanion
|-damage|p2a: Volcanion|71/100
|
|upkeep
|turn|20
|
|t:|1656225396
|switch|p1a: Blissey|Blissey, F|96/100
|move|p2a: Volcanion|Toxic|p1a: Blissey
|-status|p1a: Blissey|tox
|
|-heal|p1a: Blissey|100/100 tox|[from] item: Leftovers
|-damage|p1a: Blissey|94/100 tox|[from] psn
|upkeep
|turn|21
|
|t:|1656225405
|move|p2a: Volcanion|Steam Eruption|p1a: Blissey
|-damage|p1a: Blissey|72/100 tox
|move|p1a: Blissey|Seismic Toss|p2a: Volcanion
|-damage|p2a: Volcanion|38/100
|
|-heal|p1a: Blissey|78/100 tox|[from] item: Leftovers
|-damage|p1a: Blissey|66/100 tox|[from] psn
|upkeep
|turn|22
|
|t:|1656225414
|move|p2a: Volcanion|Steam Eruption|p1a: Blissey
|-damage|p1a: Blissey|43/100 tox
|move|p1a: Blissey|Heal Bell|p1a: Blissey
|-activate|p1a: Blissey|move: Heal Bell
|-curestatus|p1a: Blissey|tox|[msg]
|
|-heal|p1a: Blissey|49/100|[from] item: Leftovers
|upkeep
|turn|23
|
|t:|1656225423
|switch|p2a: Dragonite|Dragonite, F|87/100
|move|p1a: Blissey|Wish|p1a: Blissey
|
|-heal|p1a: Blissey|55/100|[from] item: Leftovers
|upkeep
|turn|24
|
|t:|1656225442
|switch|p1a: Heatran|Heatran, F|26/100
|move|p2a: Dragonite|Dragon Dance|p2a: Dragonite
|-boost|p2a: Dragonite|atk|1
|-boost|p2a: Dragonite|spe|1
|
|-heal|p1a: Heatran|100/100|[from] move: Wish|[wisher] Blissey
|upkeep
|turn|25
|
|t:|1656225449
|move|p2a: Dragonite|Dragon Dance|p2a: Dragonite
|-boost|p2a: Dragonite|atk|1
|-boost|p2a: Dragonite|spe|1
|move|p1a: Heatran|Toxic|p2a: Dragonite
|-status|p2a: Dragonite|tox
|
|-damage|p2a: Dragonite|81/100 tox|[from] psn
|upkeep
|turn|26
|
|t:|1656225457
|switch|p1a: Skarmory|Skarmory, F|100/100
|move|p2a: Dragonite|Earthquake|p1a: Skarmory
|-immune|p1a: Skarmory
|
|-damage|p2a: Dragonite|69/100 tox|[from] psn
|upkeep
|turn|27
|c|☆noudle soop|jesus lol
|
|t:|1656225465
|move|p2a: Dragonite|Ice Punch|p1a: Skarmory
|-damage|p1a: Skarmory|72/100
|-status|p1a: Skarmory|frz
|cant|p1a: Skarmory|frz
|
|-damage|p2a: Dragonite|50/100 tox|[from] psn
|upkeep
|turn|28
|
|t:|1656225473
|move|p2a: Dragonite|Ice Punch|p1a: Skarmory
|-damage|p1a: Skarmory|43/100 frz
|-curestatus|p1a: Skarmory|frz|[msg]
|move|p1a: Skarmory|Roost|p1a: Skarmory
|-heal|p1a: Skarmory|93/100
|-singleturn|p1a: Skarmory|move: Roost
|
|-damage|p2a: Dragonite|25/100 tox|[from] psn
|upkeep
|turn|29
|j| Otoutoun
|-message|noudle soop forfeited.
|
|win|you have homework
|raw|you have homework's rating: 1726 &rarr; <strong>1746</strong><br />(+20 for winning)
|raw|noudle soop's rating: 1720 &rarr; <strong>1700</strong><br />(-20 for losing)
|l|☆noudle soop
|l|☆you have homework
|l| Otoutoun
|l| Trexton
