|j|☆NPC666
|j|☆Contorted Lies
|t:|1606940593
|player|p1|NPC666|furisodegirl-pink|1774
|player|p2|Contorted Lies|169|1911
|teamsize|p1|6
|teamsize|p2|6
|gametype|singles
|gen|8
|tier|[Gen 8] OU
|rated|
|clearpoke
|poke|p1|Slowking-Galar, F|
|poke|p1|Toxapex, F|
|poke|p1|Tyranitar, F|
|poke|p1|Blissey, F|
|poke|p1|Mandibuzz, F|
|poke|p1|Buzzwole|
|poke|p2|Weavile, M|
|poke|p2|Urshifu-*, F|
|poke|p2|Magearna|
|poke|p2|Moltres|
|poke|p2|Hippowdon, M|
|poke|p2|Toxapex, F|
|rule|Sleep Clause Mod: Limit one foe put to sleep
|rule|Species Clause: Limit one of each Pokémon
|rule|OHKO Clause: OHKO moves are banned
|rule|Evasion Moves Clause: Evasion moves are banned
|rule|Endless Battle Clause: Forcing endless battles is banned
|rule|HP Percentage Mod: HP is shown in percentages
|rule|Dynamax Clause: You cannot dynamax
|teampreview
|inactive|Battle timer is ON: inactive players will automatically lose when time's up. (requested by NPC666)
|j| BadBirb
|j| vepp
|j| Zombini62
|j| 64Alfred64
|j| dumbsun
|
|t:|1606940620
|start
|switch|p1a: Mandibuzz|Mandibuzz, F|100/100
|switch|p2a: Magearna|Magearna|100/100
|turn|1
|
|t:|1606940641
|switch|p1a: Tyranitar|Tyranitar, F|100/100
|-weather|Sandstorm|[from] ability: Sand Stream|[of] p1a: Tyranitar
|move|p2a: Magearna|Volt Switch|p1a: Tyranitar
|-damage|p1a: Tyranitar|84/100
|j| Free Sm0ke
|
|t:|1606940647
|switch|p2a: Urshifu|Urshifu, F|100/100|[from]move: Volt Switch
|
|-weather|Sandstorm|[upkeep]
|-damage|p2a: Urshifu|94/100|[from] Sandstorm
|-heal|p1a: Tyranitar|90/100|[from] item: Leftovers
|upkeep
|turn|2
|
|t:|1606940654
|switch|p2a: Magearna|Magearna|100/100
|switch|p1a: Toxapex|Toxapex, F|100/100
|
|-weather|Sandstorm|[upkeep]
|-damage|p1a: Toxapex|95/100|[from] Sandstorm
|upkeep
|turn|3
|
|t:|1606940660
|switch|p1a: Slowking|Slowking-Galar, F|100/100
|move|p2a: Magearna|Volt Switch|p1a: Slowking
|-damage|p1a: Slowking|80/100
|j| Shan Kai
|
|t:|1606940672
|switch|p2a: Hippowdon|Hippowdon, M|100/100|[from]move: Volt Switch
|
|-weather|Sandstorm|[upkeep]
|-damage|p1a: Slowking|74/100|[from] Sandstorm
|upkeep
|turn|4
|
|t:|1606940685
|switch|p1a: Buzzwole|Buzzwole|100/100
|move|p2a: Hippowdon|Stealth Rock|p1a: Buzzwole
|-sidestart|p1: NPC666|move: Stealth Rock
|
|-weather|Sandstorm|[upkeep]
|-damage|p1a: Buzzwole|94/100|[from] Sandstorm
|upkeep
|turn|5
|
|t:|1606940693
|move|p1a: Buzzwole|Toxic|p2a: Hippowdon
|-status|p2a: Hippowdon|tox
|move|p2a: Hippowdon|Toxic|p1a: Buzzwole
|-status|p1a: Buzzwole|tox
|
|-weather|none
|-damage|p1a: Buzzwole|88/100 tox|[from] psn
|-damage|p2a: Hippowdon|94/100 tox|[from] psn
|upkeep
|turn|6
|inactive|NPC666 has 120 seconds left.
|j| zeneto
|inactive|NPC666 has 90 seconds left.
|
|t:|1606940753
|switch|p1a: Mandibuzz|Mandibuzz, F|100/100
|switch|p2a: Magearna|Magearna|100/100
|
|upkeep
|turn|7
|
|t:|1606940759
|switch|p1a: Slowking|Slowking-Galar, F|100/100
|-damage|p1a: Slowking|88/100|[from] Stealth Rock
|move|p2a: Magearna|Volt Switch|p1a: Slowking
|-damage|p1a: Slowking|67/100
|
|t:|1606940763
|switch|p2a: Urshifu|Urshifu, F|94/100|[from]move: Volt Switch
|
|upkeep
|turn|8
|
|t:|1606940766
|switch|p1a: Toxapex|Toxapex, F|100/100
|-damage|p1a: Toxapex|88/100|[from] Stealth Rock
|move|p2a: Urshifu|Wicked Blow|p1a: Toxapex
|-crit|p1a: Toxapex
|-damage|p1a: Toxapex|28/100
|-damage|p2a: Urshifu|78/100|[from] item: Rocky Helmet|[of] p1a: Toxapex
|
|upkeep
|turn|9
|
|t:|1606940773
|switch|p2a: Magearna|Magearna|100/100
|switch|p1a: Buzzwole|Buzzwole|88/100 tox
|-damage|p1a: Buzzwole|76/100 tox|[from] Stealth Rock
|
|-damage|p1a: Buzzwole|69/100 tox|[from] psn
|upkeep
|turn|10
|inactive|NPC666 has 120 seconds left.
|
|t:|1606940782
|switch|p1a: Slowking|Slowking-Galar, F|99/100
|-damage|p1a: Slowking|88/100|[from] Stealth Rock
|move|p2a: Magearna|Volt Switch|p1a: Slowking
|-damage|p1a: Slowking|66/100
|
|t:|1606940784
|switch|p2a: Urshifu|Urshifu, F|78/100|[from]move: Volt Switch
|
|upkeep
|turn|11
|
|t:|1606940792
|switch|p1a: Buzzwole|Buzzwole|69/100 tox
|-damage|p1a: Buzzwole|57/100 tox|[from] Stealth Rock
|move|p2a: Urshifu|Wicked Blow|p1a: Buzzwole
|-resisted|p1a: Buzzwole
|-crit|p1a: Buzzwole
|-damage|p1a: Buzzwole|34/100 tox
|-damage|p2a: Urshifu|61/100|[from] item: Rocky Helmet|[of] p1a: Buzzwole
|
|-damage|p1a: Buzzwole|28/100 tox|[from] psn
|upkeep
|turn|12
|
|t:|1606940800
|switch|p2a: Magearna|Magearna|100/100
|move|p1a: Buzzwole|Roost|p1a: Buzzwole
|-heal|p1a: Buzzwole|78/100 tox
|-singleturn|p1a: Buzzwole|move: Roost
|
|-damage|p1a: Buzzwole|65/100 tox|[from] psn
|upkeep
|turn|13
|
|t:|1606940806
|switch|p1a: Slowking|Slowking-Galar, F|99/100
|-damage|p1a: Slowking|87/100|[from] Stealth Rock
|move|p2a: Magearna|Volt Switch|p1a: Slowking
|-damage|p1a: Slowking|63/100
|
|t:|1606940810
|switch|p2a: Weavile|Weavile, M|100/100|[from]move: Volt Switch
|-ability|p2a: Weavile|Pressure
|
|upkeep
|turn|14
|
|t:|1606940817
|switch|p1a: Tyranitar|Tyranitar, F|90/100
|-damage|p1a: Tyranitar|78/100|[from] Stealth Rock
|-weather|Sandstorm|[from] ability: Sand Stream|[of] p1a: Tyranitar
|move|p2a: Weavile|Swords Dance|p2a: Weavile
|-boost|p2a: Weavile|atk|2
|
|-weather|Sandstorm|[upkeep]
|-damage|p2a: Weavile|94/100|[from] Sandstorm
|-heal|p1a: Tyranitar|84/100|[from] item: Leftovers
|upkeep
|turn|15
|l|zeneto
|
|t:|1606940825
|move|p2a: Weavile|Triple Axel|p1a: Tyranitar
|-damage|p1a: Tyranitar|65/100
|-damage|p1a: Tyranitar|29/100
|-damage|p1a: Tyranitar|0 fnt
|-hitcount|p1a: Tyranitar|3
|-damage|p2a: Weavile|84/100|[from] item: Life Orb
|faint|p1a: Tyranitar
|
|-weather|Sandstorm|[upkeep]
|-damage|p2a: Weavile|78/100|[from] Sandstorm
|upkeep
|
|t:|1606940839
|switch|p1a: Toxapex|Toxapex, F|61/100
|-damage|p1a: Toxapex|49/100|[from] Stealth Rock
|turn|16
|
|t:|1606940842
|switch|p1a: Buzzwole|Buzzwole|65/100 tox
|-damage|p1a: Buzzwole|53/100 tox|[from] Stealth Rock
|move|p2a: Weavile|Knock Off|p1a: Buzzwole
|-resisted|p1a: Buzzwole
|-damage|p1a: Buzzwole|25/100 tox
|-damage|p2a: Weavile|62/100|[from] item: Rocky Helmet|[of] p1a: Buzzwole
|-enditem|p1a: Buzzwole|Rocky Helmet|[from] move: Knock Off|[of] p2a: Weavile
|-damage|p2a: Weavile|52/100|[from] item: Life Orb
|
|-weather|Sandstorm|[upkeep]
|-damage|p2a: Weavile|46/100|[from] Sandstorm
|-damage|p1a: Buzzwole|19/100 tox|[from] Sandstorm
|-damage|p1a: Buzzwole|12/100 tox|[from] psn
|upkeep
|turn|17
|
|t:|1606940850
|move|p2a: Weavile|Knock Off|p1a: Buzzwole
|-resisted|p1a: Buzzwole
|-damage|p1a: Buzzwole|0 fnt
|-damage|p2a: Weavile|36/100|[from] item: Life Orb
|faint|p1a: Buzzwole
|
|-weather|Sandstorm|[upkeep]
|-damage|p2a: Weavile|30/100|[from] Sandstorm
|upkeep
|
|t:|1606940860
|switch|p1a: Mandibuzz|Mandibuzz, F|100/100
|turn|18
|l| Shan Kai
|
|t:|1606940862
|switch|p1a: Toxapex|Toxapex, F|82/100
|-damage|p1a: Toxapex|70/100|[from] Stealth Rock
|move|p2a: Weavile|Triple Axel|p1a: Toxapex
|-resisted|p1a: Toxapex
|-damage|p1a: Toxapex|63/100
|-damage|p2a: Weavile|14/100|[from] item: Rocky Helmet|[of] p1a: Toxapex
|-resisted|p1a: Toxapex
|-damage|p1a: Toxapex|48/100
|-damage|p2a: Weavile|0 fnt|[from] item: Rocky Helmet|[of] p1a: Toxapex
|-hitcount|p1a: Toxapex|2
|faint|p2a: Weavile
|
|-weather|none
|upkeep
|
|t:|1606940865
|switch|p2a: Magearna|Magearna|100/100
|turn|19
|
|t:|1606940869
|switch|p1a: Slowking|Slowking-Galar, F|97/100
|-damage|p1a: Slowking|84/100|[from] Stealth Rock
|move|p2a: Magearna|Volt Switch|p1a: Slowking
|-damage|p1a: Slowking|62/100
|
|t:|1606940873
|switch|p2a: Urshifu|Urshifu, F|61/100|[from]move: Volt Switch
|
|upkeep
|turn|20
|l| 64Alfred64
|
|t:|1606940895
|switch|p1a: Toxapex|Toxapex, F|81/100
|-damage|p1a: Toxapex|69/100|[from] Stealth Rock
|move|p2a: Urshifu|Wicked Blow|p1a: Toxapex
|-crit|p1a: Toxapex
|-damage|p1a: Toxapex|10/100
|-damage|p2a: Urshifu|45/100|[from] item: Rocky Helmet|[of] p1a: Toxapex
|
|upkeep
|turn|21
|
|t:|1606940904
|switch|p2a: Magearna|Magearna|100/100
|switch|p1a: Mandibuzz|Mandibuzz, F|100/100
|
|upkeep
|turn|22
|
|t:|1606940908
|switch|p1a: Slowking|Slowking-Galar, F|96/100
|-damage|p1a: Slowking|83/100|[from] Stealth Rock
|move|p2a: Magearna|Volt Switch|p1a: Slowking
|-damage|p1a: Slowking|63/100
|
|t:|1606940911
|switch|p2a: Urshifu|Urshifu, F|45/100|[from]move: Volt Switch
|
|upkeep
|turn|23
|
|t:|1606940921
|switch|p1a: Mandibuzz|Mandibuzz, F|100/100
|move|p2a: Urshifu|Close Combat|p1a: Mandibuzz
|-damage|p1a: Mandibuzz|51/100
|-unboost|p2a: Urshifu|def|1
|-unboost|p2a: Urshifu|spd|1
|
|upkeep
|turn|24
|
|t:|1606940928
|move|p2a: Urshifu|Close Combat|p1a: Mandibuzz
|-damage|p1a: Mandibuzz|0 fnt
|-unboost|p2a: Urshifu|def|1
|-unboost|p2a: Urshifu|spd|1
|faint|p1a: Mandibuzz
|
|upkeep
|
|t:|1606940932
|switch|p1a: Toxapex|Toxapex, F|43/100
|-damage|p1a: Toxapex|31/100|[from] Stealth Rock
|turn|25
|
|t:|1606940938
|switch|p2a: Toxapex|Toxapex, F|100/100
|move|p1a: Toxapex|Recover|p1a: Toxapex
|-heal|p1a: Toxapex|81/100
|
|upkeep
|turn|26
|
|t:|1606940941
|switch|p1a: Slowking|Slowking-Galar, F|97/100
|-damage|p1a: Slowking|84/100|[from] Stealth Rock
|move|p2a: Toxapex|Knock Off|p1a: Slowking
|-supereffective|p1a: Slowking
|-crit|p1a: Slowking
|-damage|p1a: Slowking|33/100
|-enditem|p1a: Slowking|Assault Vest|[from] move: Knock Off|[of] p2a: Toxapex
|
|upkeep
|turn|27
|l| vepp
|
|t:|1606940949
|move|p2a: Toxapex|Knock Off|p1a: Slowking
|-supereffective|p1a: Slowking
|-damage|p1a: Slowking|12/100
|move|p1a: Slowking|Future Sight|p2a: Toxapex
|-start|p1a: Slowking|move: Future Sight
|
|upkeep
|turn|28
|
|t:|1606940953
|switch|p1a: Toxapex|Toxapex, F|100/100
|-damage|p1a: Toxapex|88/100|[from] Stealth Rock
|move|p2a: Toxapex|Knock Off|p1a: Toxapex
|-damage|p1a: Toxapex|78/100
|-damage|p2a: Toxapex|84/100|[from] item: Rocky Helmet|[of] p1a: Toxapex
|-enditem|p1a: Toxapex|Rocky Helmet|[from] move: Knock Off|[of] p2a: Toxapex
|
|-heal|p2a: Toxapex|90/100|[from] item: Black Sludge
|upkeep
|turn|29
|
|t:|1606940961
|switch|p2a: Magearna|Magearna|100/100
|move|p1a: Toxapex|Scald|p2a: Magearna
|-damage|p2a: Magearna|84/100
|
|-end|p2a: Magearna|move: Future Sight
|-resisted|p2a: Magearna
|-damage|p2a: Magearna|54/100
|upkeep
|turn|30
|
|t:|1606940965
|switch|p1a: Blissey|Blissey, F|100/100
|move|p2a: Magearna|Volt Switch|p1a: Blissey
|-damage|p1a: Blissey|86/100
|
|t:|1606940971
|switch|p2a: Urshifu|Urshifu, F|45/100|[from]move: Volt Switch
|
|upkeep
|turn|31
|
|t:|1606940975
|switch|p1a: Toxapex|Toxapex, F|100/100
|-damage|p1a: Toxapex|88/100|[from] Stealth Rock
|move|p2a: Urshifu|Close Combat|p1a: Toxapex
|-resisted|p1a: Toxapex
|-damage|p1a: Toxapex|60/100
|-unboost|p2a: Urshifu|def|1
|-unboost|p2a: Urshifu|spd|1
|
|upkeep
|turn|32
|j| Whammy696969
|
|t:|1606940982
|switch|p2a: Magearna|Magearna|54/100
|move|p1a: Toxapex|Scald|p2a: Magearna
|-damage|p2a: Magearna|39/100
|-status|p2a: Magearna|brn
|
|-damage|p2a: Magearna|33/100 brn|[from] brn
|upkeep
|turn|33
|
|t:|1606940986
|switch|p1a: Slowking|Slowking-Galar, F|45/100
|-damage|p1a: Slowking|32/100|[from] Stealth Rock
|move|p2a: Magearna|Volt Switch|p1a: Slowking
|-damage|p1a: Slowking|2/100
|
|t:|1606940989
|switch|p2a: Hippowdon|Hippowdon, M|94/100 tox|[from]move: Volt Switch
|-weather|Sandstorm|[from] ability: Sand Stream|[of] p2a: Hippowdon
|
|-weather|Sandstorm|[upkeep]
|-damage|p1a: Slowking|0 fnt|[from] Sandstorm
|faint|p1a: Slowking
|-heal|p2a: Hippowdon|100/100 tox|[from] item: Leftovers
|-damage|p2a: Hippowdon|94/100 tox|[from] psn
|upkeep
|c|☆NPC666|gg
|-message|NPC666 forfeited.
|
|win|Contorted Lies
|l| Zombini62
|l|☆Contorted Lies
