|j|☆THC_Wenger
|j|☆Antidojo
|t:|1617223769
|player|p1|THC_Wenger|2|1385
|player|p2|Antidojo|169|1380
|teamsize|p1|6
|teamsize|p2|6
|gametype|singles
|gen|8
|tier|[Gen 8] OU
|rated|
|clearpoke
|poke|p1|Toxapex, F|
|poke|p1|Excadrill, M|
|poke|p1|Ferrothorn, M|
|poke|p1|Zapdos|
|poke|p1|Tyranitar, F|
|poke|p1|Suicune|
|poke|p2|Moltres|
|poke|p2|Slowking, M|
|poke|p2|Tyranitar, M|
|poke|p2|Excadrill, F|
|poke|p2|Buzzwole|
|poke|p2|Dracozolt|
|rule|Sleep Clause Mod: Limit one foe put to sleep
|rule|Species Clause: Limit one of each Pokémon
|rule|OHKO Clause: OHKO moves are banned
|rule|Evasion Moves Clause: Evasion moves are banned
|rule|Endless Battle Clause: Forcing endless battles is banned
|rule|HP Percentage Mod: HP is shown in percentages
|rule|Dynamax Clause: You cannot dynamax
|teampreview
|inactive|Battle timer is ON: inactive players will automatically lose when time's up. (requested by THC_Wenger)
|
|t:|1617223798
|start
|switch|p1a: El perro|Suicune|100/100
|switch|p2a: Tyranitar|Tyranitar, M|100/100
|-ability|p1a: El perro|Pressure
|-weather|Sandstorm|[from] ability: Sand Stream|[of] p2a: Tyranitar
|turn|1
|inactive|THC_Wenger has 120 seconds left.
|
|t:|1617223849
|move|p1a: El perro|Scald|p2a: Tyranitar
|-supereffective|p2a: Tyranitar
|-damage|p2a: Tyranitar|81/100
|-status|p2a: Tyranitar|brn
|move|p2a: Tyranitar|Thunder Wave|p1a: El perro
|-status|p1a: El perro|par
|
|-weather|Sandstorm|[upkeep]
|-damage|p1a: El perro|94/100 par|[from] Sandstorm
|-heal|p2a: Tyranitar|87/100 brn|[from] item: Leftovers
|-heal|p1a: El perro|100/100 par|[from] item: Leftovers
|-damage|p2a: Tyranitar|81/100 brn|[from] brn
|upkeep
|turn|2
|
|t:|1617223863
|move|p2a: Tyranitar|Stealth Rock|p1a: El perro
|-sidestart|p1: THC_Wenger|move: Stealth Rock
|move|p1a: El perro|Calm Mind|p1a: El perro
|-boost|p1a: El perro|spa|1
|-boost|p1a: El perro|spd|1
|
|-weather|Sandstorm|[upkeep]
|-damage|p1a: El perro|94/100 par|[from] Sandstorm
|-heal|p2a: Tyranitar|87/100 brn|[from] item: Leftovers
|-heal|p1a: El perro|100/100 par|[from] item: Leftovers
|-damage|p2a: Tyranitar|81/100 brn|[from] brn
|upkeep
|turn|3
|
|t:|1617223873
|switch|p2a: Dracozolt|Dracozolt|100/100
|move|p1a: El perro|Scald|p2a: Dracozolt
|-resisted|p2a: Dracozolt
|-damage|p2a: Dracozolt|74/100
|
|-weather|Sandstorm|[upkeep]
|-damage|p1a: El perro|94/100 par|[from] Sandstorm
|-heal|p1a: El perro|100/100 par|[from] item: Leftovers
|upkeep
|turn|4
|
|t:|1617223883
|switch|p1a: Topor|Excadrill, M, shiny|100/100
|-damage|p1a: Topor|97/100|[from] Stealth Rock
|move|p2a: Dracozolt|Earthquake|p1a: Topor
|-supereffective|p1a: Topor
|-damage|p1a: Topor|0 fnt
|-damage|p2a: Dracozolt|64/100|[from] item: Life Orb
|faint|p1a: Topor
|
|-weather|Sandstorm|[upkeep]
|upkeep
|
|t:|1617223897
|switch|p1a: Espinete|Ferrothorn, M|100/100
|-damage|p1a: Espinete|94/100|[from] Stealth Rock
|turn|5
|
|t:|1617223901
|move|p2a: Dracozolt|Fire Blast|p1a: Espinete
|-supereffective|p1a: Espinete
|-damage|p1a: Espinete|0 fnt
|-damage|p2a: Dracozolt|54/100|[from] item: Life Orb
|faint|p1a: Espinete
|
|-weather|none
|upkeep
|-message|THC_Wenger forfeited.
|
|win|Antidojo
|l|☆THC_Wenger
|raw|THC_Wenger's rating: 1385 &rarr; <strong>1365</strong><br />(-20 for losing)
|raw|Antidojo's rating: 1381 &rarr; <strong>1401</strong><br />(+20 for winning)
||Ladder isn't responding, score probably updated but might not have (Request timeout).
