|j|☆Q114
|j|☆Meroz
|player|p1|Q114|101|1851
|player|p2|Meroz|101|1902
|teamsize|p1|6
|teamsize|p2|6
|gametype|singles
|gen|8
|tier|[Gen 8] OU
|rated|
|clearpoke
|poke|p1|Chansey, F|
|poke|p1|Toxapex, F|
|poke|p1|Clefable, M|
|poke|p1|Corviknight, M|
|poke|p1|Mew|
|poke|p1|Mandibuzz, F|
|poke|p2|Gengar, F|
|poke|p2|Magearna|
|poke|p2|Kommo-o, F|
|poke|p2|Terrakion|
|poke|p2|Comfey, F|
|poke|p2|Cinderace, F|
|rule|Sleep Clause Mod: Limit one foe put to sleep
|rule|Species Clause: Limit one of each Pokémon
|rule|OHKO Clause: OHKO moves are banned
|rule|Evasion Moves Clause: Evasion moves are banned
|rule|Endless Battle Clause: Forcing endless battles is banned
|rule|HP Percentage Mod: HP is shown in percentages
|rule|Dynamax Clause: You cannot dynamax
|teampreview
|
|start
|switch|p1a: Toxapex|Toxapex, F, shiny|100/100
|switch|p2a: Kommo-o|Kommo-o, F|100/100
|turn|1
|
|move|p2a: Kommo-o|Earthquake|p1a: Toxapex
|-supereffective|p1a: Toxapex
|-crit|p1a: Toxapex
|-damage|p1a: Toxapex|54/100
|move|p1a: Toxapex|Knock Off|p2a: Kommo-o
|-resisted|p2a: Kommo-o
|-crit|p2a: Kommo-o
|-damage|p2a: Kommo-o|93/100
|-enditem|p2a: Kommo-o|Leftovers|[from] move: Knock Off|[of] p1a: Toxapex
|
|-heal|p1a: Toxapex|60/100|[from] item: Black Sludge
|upkeep
|turn|2
|j| OUTZ Hechi
|
|switch|p1a: Corviknight|Corviknight, M|100/100
|-ability|p1a: Corviknight|Pressure
|move|p2a: Kommo-o|Stealth Rock|p1a: Corviknight
|-sidestart|p1: Q114|move: Stealth Rock
|
|upkeep
|turn|3
|l| OUTZ Hechi
|j| OUTZ Hechi
|
|switch|p2a: Gengar|Gengar, F|100/100
|move|p1a: Corviknight|Defog|p2a: Gengar
|-unboost|p2a: Gengar|evasion|1
|-sideend|p1: Q114|Stealth Rock|[from] move: Defog|[of] p1a: Corviknight
|
|upkeep
|turn|4
|
|switch|p1a: Toxapex|Toxapex, F, shiny|94/100
|move|p2a: Gengar|Shadow Ball|p1a: Toxapex
|-damage|p1a: Toxapex|59/100
|
|-heal|p1a: Toxapex|65/100|[from] item: Black Sludge
|upkeep
|turn|5
|
|move|p2a: Gengar|Nasty Plot|p2a: Gengar
|-boost|p2a: Gengar|spa|2
|move|p1a: Toxapex|Knock Off|p2a: Gengar
|-supereffective|p2a: Gengar
|-damage|p2a: Gengar|37/100
|-enditem|p2a: Gengar|Black Sludge|[from] move: Knock Off|[of] p1a: Toxapex
|
|-heal|p1a: Toxapex|70/100|[from] item: Black Sludge
|upkeep
|turn|6
|l| OUTZ Hechi
|j| Unlucky account
|
|switch|p1a: Corviknight|Corviknight, M|100/100
|-ability|p1a: Corviknight|Pressure
|move|p2a: Gengar|Shadow Ball|p1a: Corviknight
|-damage|p1a: Corviknight|18/100
|
|upkeep
|turn|7
|
|move|p2a: Gengar|Shadow Ball|p1a: Corviknight
|-damage|p1a: Corviknight|0 fnt
|faint|p1a: Corviknight
|
|upkeep
|j| youssef4871
|
|switch|p1a: Toxapex|Toxapex, F, shiny|100/100
|turn|8
|j| OUTZ Hechi
|j| Arnaud senju vgc
|j| PKS R3al Khaos
|j| Galbart Glover
|
|switch|p2a: Kommo-o|Kommo-o, F|93/100
|move|p1a: Toxapex|Knock Off|p2a: Kommo-o
|-resisted|p2a: Kommo-o
|-damage|p2a: Kommo-o|90/100
|
|upkeep
|turn|9
|
|move|p2a: Kommo-o|Stealth Rock|p1a: Toxapex
|-sidestart|p1: Q114|move: Stealth Rock
|move|p1a: Toxapex|Scald|p2a: Kommo-o
|-resisted|p2a: Kommo-o
|-crit|p2a: Kommo-o
|-damage|p2a: Kommo-o|79/100
|
|upkeep
|turn|10
|
|move|p2a: Kommo-o|Earthquake|p1a: Toxapex
|-supereffective|p1a: Toxapex
|-damage|p1a: Toxapex|72/100
|move|p1a: Toxapex|Scald|p2a: Kommo-o
|-resisted|p2a: Kommo-o
|-damage|p2a: Kommo-o|71/100
|-status|p2a: Kommo-o|brn
|
|-heal|p1a: Toxapex|78/100|[from] item: Black Sludge
|-damage|p2a: Kommo-o|65/100 brn|[from] brn
|upkeep
|turn|11
|j| Jey2
|
|switch|p2a: Magearna|Magearna|100/100
|move|p1a: Toxapex|Scald|p2a: Magearna
|-damage|p2a: Magearna|89/100
|
|-heal|p1a: Toxapex|84/100|[from] item: Black Sludge
|upkeep
|turn|12
|
|move|p2a: Magearna|Thunderbolt|p1a: Toxapex
|-supereffective|p1a: Toxapex
|-damage|p1a: Toxapex|42/100
|move|p1a: Toxapex|Scald|p2a: Magearna
|-damage|p2a: Magearna|78/100
|
|-heal|p1a: Toxapex|48/100|[from] item: Black Sludge
|upkeep
|turn|13
|
|switch|p1a: Chansey|Chansey, F|100/100
|-damage|p1a: Chansey|88/100|[from] Stealth Rock
|move|p2a: Magearna|Thunderbolt|p1a: Chansey
|-damage|p1a: Chansey|80/100
|
|upkeep
|turn|14
|
|switch|p1a: Toxapex|Toxapex, F, shiny|82/100
|-damage|p1a: Toxapex|69/100|[from] Stealth Rock
|move|p2a: Magearna|Volt Switch|p1a: Toxapex
|-supereffective|p1a: Toxapex
|-damage|p1a: Toxapex|34/100
|
|switch|p2a: Terrakion|Terrakion|100/100|[from]move: Volt Switch
|
|-heal|p1a: Toxapex|40/100|[from] item: Black Sludge
|upkeep
|turn|15
|
|switch|p1a: Clefable|Clefable, M|100/100
|-damage|p1a: Clefable|88/100|[from] Stealth Rock
|move|p2a: Terrakion|Earthquake|p1a: Clefable
|-damage|p1a: Clefable|62/100
|
|-heal|p1a: Clefable|68/100|[from] item: Leftovers
|upkeep
|turn|16
|
|switch|p2a: Magearna|Magearna|78/100
|move|p1a: Clefable|Wish|p1a: Clefable
|
|-heal|p1a: Clefable|74/100|[from] item: Leftovers
|upkeep
|turn|17
|
|switch|p1a: Toxapex|Toxapex, F, shiny|73/100
|-damage|p1a: Toxapex|61/100|[from] Stealth Rock
|move|p2a: Magearna|Draining Kiss|p1a: Toxapex
|-resisted|p1a: Toxapex
|-damage|p1a: Toxapex|52/100
|-heal|p2a: Magearna|84/100|[from] drain|[of] p1a: Toxapex
|
|-heal|p1a: Toxapex|100/100|[from] move: Wish|[wisher] Clefable
|upkeep
|turn|18
|
|move|p2a: Magearna|Thunderbolt|p1a: Toxapex
|-supereffective|p1a: Toxapex
|-damage|p1a: Toxapex|56/100
|move|p1a: Toxapex|Scald|p2a: Magearna
|-damage|p2a: Magearna|72/100
|
|-heal|p1a: Toxapex|62/100|[from] item: Black Sludge
|upkeep
|turn|19
|l| OUTZ Hechi
|
|switch|p1a: Mew|Mew|100/100
|-damage|p1a: Mew|88/100|[from] Stealth Rock
|move|p2a: Magearna|Thunderbolt|p1a: Mew
|-damage|p1a: Mew|73/100
|
|upkeep
|turn|20
|
|switch|p2a: Kommo-o|Kommo-o, F|65/100 brn
|move|p1a: Mew|Spikes|p2a: Kommo-o
|-sidestart|p2: Meroz|Spikes
|
|-damage|p2a: Kommo-o|59/100 brn|[from] brn
|upkeep
|turn|21
|j| supahotmeme
|l| supahotmeme
|
|switch|p1a: Mandibuzz|Mandibuzz, F, shiny|100/100
|switch|p2a: Magearna|Magearna|72/100
|-damage|p2a: Magearna|60/100|[from] Spikes
|
|upkeep
|turn|22
|j| yolovid19
|j| supahotmeme
|l| supahotmeme
|
|switch|p1a: Mew|Mew|73/100
|-damage|p1a: Mew|61/100|[from] Stealth Rock
|move|p2a: Magearna|Draining Kiss|p1a: Mew
|-damage|p1a: Mew|48/100
|-heal|p2a: Magearna|70/100|[from] drain|[of] p1a: Mew
|
|upkeep
|turn|23
|j| LorageHp
|
|switch|p2a: Kommo-o|Kommo-o, F|59/100 brn
|-damage|p2a: Kommo-o|47/100 brn|[from] Spikes
|move|p1a: Mew|Roost|p1a: Mew
|-heal|p1a: Mew|99/100
|-singleturn|p1a: Mew|move: Roost
|
|-damage|p2a: Kommo-o|40/100 brn|[from] brn
|upkeep
|turn|24
|l| LorageHp
|
|switch|p1a: Toxapex|Toxapex, F, shiny|95/100
|-damage|p1a: Toxapex|83/100|[from] Stealth Rock
|switch|p2a: Magearna|Magearna|70/100
|-damage|p2a: Magearna|57/100|[from] Spikes
|
|-heal|p1a: Toxapex|89/100|[from] item: Black Sludge
|upkeep
|turn|25
|
|move|p2a: Magearna|Thunderbolt|p1a: Toxapex
|-supereffective|p1a: Toxapex
|-damage|p1a: Toxapex|47/100
|move|p1a: Toxapex|Scald|p2a: Magearna
|-damage|p2a: Magearna|45/100
|-status|p2a: Magearna|brn
|-enditem|p2a: Magearna|Sitrus Berry|[eat]
|-heal|p2a: Magearna|70/100 brn|[from] item: Sitrus Berry
|
|-heal|p1a: Toxapex|53/100|[from] item: Black Sludge
|-damage|p2a: Magearna|64/100 brn|[from] brn
|upkeep
|turn|26
|
|switch|p1a: Mew|Mew|99/100
|-damage|p1a: Mew|86/100|[from] Stealth Rock
|move|p2a: Magearna|Thunderbolt|p1a: Mew
|-damage|p1a: Mew|70/100
|
|-damage|p2a: Magearna|58/100 brn|[from] brn
|upkeep
|turn|27
|
|switch|p2a: Kommo-o|Kommo-o, F|40/100 brn
|-damage|p2a: Kommo-o|28/100 brn|[from] Spikes
|move|p1a: Mew|Psychic|p2a: Kommo-o
|-supereffective|p2a: Kommo-o
|-damage|p2a: Kommo-o|0 fnt
|faint|p2a: Kommo-o
|
|upkeep
|j| Gronkledurr
|
|switch|p2a: Cinderace|Cinderace, F|100/100
|turn|28
|j| supahotmeme
|
|switch|p1a: Mandibuzz|Mandibuzz, F, shiny|100/100
|move|p2a: Cinderace|U-turn|p1a: Mandibuzz
|-start|p2a: Cinderace|typechange|Bug|[from] ability: Libero
|-damage|p1a: Mandibuzz|82/100
|
|switch|p2a: Comfey|Comfey, F|100/100|[from]move: U-turn
|-damage|p2a: Comfey|88/100|[from] Spikes
|
|upkeep
|turn|29
|
|switch|p1a: Chansey|Chansey, F|80/100
|-damage|p1a: Chansey|67/100|[from] Stealth Rock
|move|p2a: Comfey|Calm Mind|p2a: Comfey
|-boost|p2a: Comfey|spa|1
|-boost|p2a: Comfey|spd|1
|
|upkeep
|turn|30
|
|switch|p2a: Gengar|Gengar, F|37/100
|-damage|p2a: Gengar|25/100|[from] Spikes
|move|p1a: Chansey|Toxic|p2a: Gengar
|-immune|p2a: Gengar
|
|upkeep
|turn|31
|
|switch|p1a: Toxapex|Toxapex, F, shiny|86/100
|-damage|p1a: Toxapex|74/100|[from] Stealth Rock
|move|p2a: Gengar|Sludge Wave|p1a: Toxapex
|-resisted|p1a: Toxapex
|-damage|p1a: Toxapex|52/100
|
|-heal|p1a: Toxapex|58/100|[from] item: Black Sludge
|upkeep
|turn|32
|
|switch|p2a: Magearna|Magearna|58/100 brn
|-damage|p2a: Magearna|45/100 brn|[from] Spikes
|move|p1a: Toxapex|Knock Off|p2a: Magearna
|-resisted|p2a: Magearna
|-damage|p2a: Magearna|42/100 brn
|
|-heal|p1a: Toxapex|64/100|[from] item: Black Sludge
|-damage|p2a: Magearna|36/100 brn|[from] brn
|upkeep
|turn|33
|
|switch|p1a: Mew|Mew|70/100
|-damage|p1a: Mew|58/100|[from] Stealth Rock
|move|p2a: Magearna|Thunderbolt|p1a: Mew
|-damage|p1a: Mew|40/100
|
|-damage|p2a: Magearna|30/100 brn|[from] brn
|upkeep
|turn|34
|j| Halfking
|inactive|Battle timer is ON: inactive players will automatically lose when time's up. (requested by Meroz)
|
|move|p1a: Mew|Psychic|p2a: Magearna
|-resisted|p2a: Magearna
|-damage|p2a: Magearna|18/100 brn
|move|p2a: Magearna|Draining Kiss|p1a: Mew
|-damage|p1a: Mew|27/100
|-heal|p2a: Magearna|29/100 brn|[from] drain|[of] p1a: Mew
|
|-damage|p2a: Magearna|23/100 brn|[from] brn
|upkeep
|turn|35
|j| lol nice dc pc
|
|switch|p1a: Chansey|Chansey, F|67/100
|-damage|p1a: Chansey|55/100|[from] Stealth Rock
|move|p2a: Magearna|Draining Kiss|p1a: Chansey
|-damage|p1a: Chansey|49/100
|-heal|p2a: Magearna|33/100 brn|[from] drain|[of] p1a: Chansey
|
|-damage|p2a: Magearna|27/100 brn|[from] brn
|upkeep
|turn|36
|
|move|p2a: Magearna|Draining Kiss|p1a: Chansey
|-damage|p1a: Chansey|42/100
|-heal|p2a: Magearna|36/100 brn|[from] drain|[of] p1a: Chansey
|move|p1a: Chansey|Soft-Boiled|p1a: Chansey
|-heal|p1a: Chansey|92/100
|
|-damage|p2a: Magearna|30/100 brn|[from] brn
|upkeep
|turn|37
|
|move|p2a: Magearna|Volt Switch|p1a: Chansey
|-damage|p1a: Chansey|86/100
|
|switch|p2a: Gengar|Gengar, F|25/100|[from]move: Volt Switch
|-damage|p2a: Gengar|12/100|[from] Spikes
|move|p1a: Chansey|Stealth Rock|p2a: Gengar
|-sidestart|p2: Meroz|move: Stealth Rock
|
|upkeep
|turn|38
|
|switch|p1a: Toxapex|Toxapex, F, shiny|98/100
|-damage|p1a: Toxapex|85/100|[from] Stealth Rock
|move|p2a: Gengar|Nasty Plot|p2a: Gengar
|-boost|p2a: Gengar|spa|2
|
|-heal|p1a: Toxapex|91/100|[from] item: Black Sludge
|upkeep
|turn|39
|
|move|p2a: Gengar|Shadow Ball|p1a: Toxapex
|-damage|p1a: Toxapex|27/100
|move|p1a: Toxapex|Knock Off|p2a: Gengar
|-supereffective|p2a: Gengar
|-damage|p2a: Gengar|0 fnt
|faint|p2a: Gengar
|
|-heal|p1a: Toxapex|33/100|[from] item: Black Sludge
|upkeep
|l| Gronkledurr
|
|switch|p2a: Comfey|Comfey, F|88/100
|-damage|p2a: Comfey|76/100|[from] Spikes
|-damage|p2a: Comfey|63/100|[from] Stealth Rock
|turn|40
|
|switch|p2a: Cinderace|Cinderace, F|100/100
|switch|p1a: Chansey|Chansey, F|86/100
|-damage|p1a: Chansey|73/100|[from] Stealth Rock
|
|upkeep
|turn|41
|
|switch|p1a: Mandibuzz|Mandibuzz, F, shiny|82/100
|move|p2a: Cinderace|Court Change|p2a: Cinderace
|-start|p2a: Cinderace|typechange|Normal|[from] ability: Libero
|-sideend|p2: Meroz|Spikes|[silent]
|-sidestart|p1: Q114|Spikes|[silent]
|-sideend|p2: Meroz|Stealth Rock|[silent]
|-sideend|p1: Q114|Stealth Rock|[silent]
|-sidestart|p2: Meroz|Stealth Rock|[silent]
|-sidestart|p1: Q114|Stealth Rock|[silent]
|-activate|p2a: Cinderace|move: Court Change
|
|upkeep
|turn|42
|j| dwawdwf
|
|move|p2a: Cinderace|U-turn|p1a: Mandibuzz
|-start|p2a: Cinderace|typechange|Bug|[from] ability: Libero
|-damage|p1a: Mandibuzz|61/100
|
|switch|p2a: Terrakion|Terrakion|100/100|[from]move: U-turn
|-damage|p2a: Terrakion|94/100|[from] Stealth Rock
|move|p1a: Mandibuzz|Defog|p2a: Terrakion
|-unboost|p2a: Terrakion|evasion|1
|-sideend|p2: Meroz|Stealth Rock|[from] move: Defog|[of] p1a: Mandibuzz
|-sideend|p1: Q114|Spikes|[from] move: Defog|[of] p1a: Mandibuzz
|-sideend|p1: Q114|Stealth Rock|[from] move: Defog|[of] p1a: Mandibuzz
|
|upkeep
|turn|43
|
|switch|p1a: Toxapex|Toxapex, F, shiny|66/100
|move|p2a: Terrakion|Rock Slide|p1a: Toxapex
|-damage|p1a: Toxapex|41/100
|
|-heal|p1a: Toxapex|47/100|[from] item: Black Sludge
|upkeep
|turn|44
|j| 47dhd
|
|move|p2a: Terrakion|Rock Slide|p1a: Toxapex
|-damage|p1a: Toxapex|24/100
|cant|p1a: Toxapex|flinch
|
|-heal|p1a: Toxapex|30/100|[from] item: Black Sludge
|upkeep
|turn|45
|
|switch|p2a: Comfey|Comfey, F|63/100
|move|p1a: Toxapex|Scald|p2a: Comfey
|-damage|p2a: Comfey|44/100
|
|-heal|p1a: Toxapex|36/100|[from] item: Black Sludge
|upkeep
|turn|46
|
|switch|p1a: Chansey|Chansey, F|73/100
|move|p2a: Comfey|Draining Kiss|p1a: Chansey
|-damage|p1a: Chansey|64/100
|-heal|p2a: Comfey|61/100|[from] drain|[of] p1a: Chansey
|-damage|p2a: Comfey|51/100|[from] item: Life Orb
|
|upkeep
|turn|47
|j| dra15
|
|switch|p2a: Terrakion|Terrakion|94/100
|move|p1a: Chansey|Toxic|p2a: Terrakion
|-status|p2a: Terrakion|tox
|
|-damage|p2a: Terrakion|88/100 tox|[from] psn
|upkeep
|turn|48
|-message|Meroz forfeited.
|
|win|Q114
|l|☆Meroz
|l| dra15
||Ladder (probably) updated, but score could not be retrieved (Request timeout).
|l| Jey2
