|j|☆ultimategoogolplex
|j|☆playeraccount
|t:|1665467259
|gametype|singles
|player|p1|ultimategoogolplex|265|1585
|player|p2|playeraccount|2|1545
|teamsize|p1|6
|teamsize|p2|6
|gen|8
|tier|[Gen 8] OU
|rated|
|rule|Sleep Clause Mod: Limit one foe put to sleep
|rule|Species Clause: Limit one of each Pokémon
|rule|OHKO Clause: OHKO moves are banned
|rule|Evasion Items Clause: Evasion items are banned
|rule|Evasion Moves Clause: Evasion moves are banned
|rule|Endless Battle Clause: Forcing endless battles is banned
|rule|HP Percentage Mod: HP is shown in percentages
|rule|Dynamax Clause: You cannot dynamax
|clearpoke
|poke|p1|Urshifu-*, F|
|poke|p1|Dragapult, M|
|poke|p1|Slowking-Galar, M|
|poke|p1|Landorus-Therian, M|
|poke|p1|Corviknight, F|
|poke|p1|Zeraora|
|poke|p2|Kartana|
|poke|p2|Nidoqueen, F|
|poke|p2|Slowbro, M|
|poke|p2|Druddigon, F|
|poke|p2|Zapdos|
|poke|p2|Tapu Fini|
|teampreview
|inactive|Battle timer is ON: inactive players will automatically lose when time's up. (requested by ultimategoogolplex)
|
|t:|1665467265
|start
|switch|p1a: Dragapult|Dragapult, M|100/100
|switch|p2a: Druddigon|Druddigon, F|100/100
|turn|1
|
|t:|1665467273
|move|p2a: Druddigon|Sucker Punch|p1a: Dragapult
|-supereffective|p1a: Dragapult
|-damage|p1a: Dragapult|47/100
|move|p1a: Dragapult|Draco Meteor|p2a: Druddigon
|-supereffective|p2a: Druddigon
|-damage|p2a: Druddigon|0 fnt
|-unboost|p1a: Dragapult|spa|2
|faint|p2a: Druddigon
|
|upkeep
|
|t:|1665467287
|switch|p2a: Zapdos|Zapdos|100/100
|turn|2
|
|t:|1665467293
|switch|p1a: Slowking|Slowking-Galar, M|100/100
|move|p2a: Zapdos|Heat Wave|p1a: Slowking
|-damage|p1a: Slowking|87/100
|
|upkeep
|turn|3
|
|t:|1665467300
|move|p2a: Zapdos|Volt Switch|p1a: Slowking
|-damage|p1a: Slowking|72/100
|
|t:|1665467306
|switch|p2a: Slowbro|Slowbro, M|100/100|[from]move: Volt Switch
|move|p1a: Slowking|Future Sight|p2a: Slowbro
|-start|p1a: Slowking|move: Future Sight
|
|upkeep
|turn|4
|
|t:|1665467310
|move|p1a: Slowking|Sludge Bomb|p2a: Slowbro
|-crit|p2a: Slowbro
|-damage|p2a: Slowbro|39/100
|move|p2a: Slowbro|Future Sight|p1a: Slowking
|-start|p2a: Slowbro|move: Future Sight
|
|upkeep
|turn|5
|
|t:|1665467320
|switch|p1a: Landorus|Landorus-Therian, M|100/100
|-ability|p1a: Landorus|Intimidate|boost
|-unboost|p2a: Slowbro|atk|1
|switch|p2a: Zapdos|Zapdos|100/100
|
|-end|p2a: Zapdos|move: Future Sight
|-damage|p2a: Zapdos|45/100
|upkeep
|turn|6
|
|t:|1665467331
|move|p2a: Zapdos|Roost|p2a: Zapdos
|-heal|p2a: Zapdos|95/100
|-singleturn|p2a: Zapdos|move: Roost
|move|p1a: Landorus|U-turn|p2a: Zapdos
|-damage|p2a: Zapdos|76/100
|
|t:|1665467337
|switch|p1a: Slowking|Slowking-Galar, M|100/100|[from]move: U-turn
|
|-end|p1a: Slowking|move: Future Sight
|-damage|p1a: Slowking|82/100
|upkeep
|turn|7
|
|t:|1665467343
|move|p2a: Zapdos|Volt Switch|p1a: Slowking
|-damage|p1a: Slowking|68/100
|
|t:|1665467347
|switch|p2a: Kartana|Kartana|100/100|[from]move: Volt Switch
|move|p1a: Slowking|Future Sight|p2a: Kartana
|-start|p1a: Slowking|move: Future Sight
|
|upkeep
|turn|8
|
|t:|1665467351
|switch|p1a: Corviknight|Corviknight, F|100/100
|-ability|p1a: Corviknight|Pressure
|move|p2a: Kartana|Knock Off|p1a: Corviknight
|-damage|p1a: Corviknight|59/100
|-damage|p2a: Kartana|84/100|[from] item: Rocky Helmet|[of] p1a: Corviknight
|-enditem|p1a: Corviknight|Rocky Helmet|[from] move: Knock Off|[of] p2a: Kartana
|
|upkeep
|turn|9
|
|t:|1665467360
|switch|p2a: Zapdos|Zapdos|76/100
|move|p1a: Corviknight|Roost|p1a: Corviknight
|-heal|p1a: Corviknight|100/100
|-singleturn|p1a: Corviknight|move: Roost
|
|-end|p2a: Zapdos|move: Future Sight
|-damage|p2a: Zapdos|24/100
|upkeep
|turn|10
|
|t:|1665467369
|move|p2a: Zapdos|Roost|p2a: Zapdos
|-heal|p2a: Zapdos|74/100
|-singleturn|p2a: Zapdos|move: Roost
|move|p1a: Corviknight|U-turn|p2a: Zapdos
|-damage|p2a: Zapdos|61/100
|
|t:|1665467379
|switch|p1a: Zeraora|Zeraora|100/100|[from]move: U-turn
|
|upkeep
|turn|11
|
|t:|1665467384
|switch|p2a: Nidoqueen|Nidoqueen, F, shiny|100/100
|move|p1a: Zeraora|Bulk Up|p1a: Zeraora
|-boost|p1a: Zeraora|atk|1
|-boost|p1a: Zeraora|def|1
|
|upkeep
|turn|12
|
|t:|1665467396
|switch|p1a: Corviknight|Corviknight, F|100/100
|-ability|p1a: Corviknight|Pressure
|move|p2a: Nidoqueen|Sludge Wave|p1a: Corviknight
|-immune|p1a: Corviknight
|
|upkeep
|turn|13
|
|t:|1665467404
|move|p2a: Nidoqueen|Flamethrower|p1a: Corviknight
|-supereffective|p1a: Corviknight
|-damage|p1a: Corviknight|37/100
|move|p1a: Corviknight|U-turn|p2a: Nidoqueen
|-resisted|p2a: Nidoqueen
|-damage|p2a: Nidoqueen|93/100
|
|t:|1665467412
|switch|p1a: Urshifu|Urshifu-Rapid-Strike, F|100/100|[from]move: U-turn
|
|upkeep
|turn|14
|
|t:|1665467416
|switch|p2a: Slowbro|Slowbro, M|72/100
|move|p1a: Urshifu|Surging Strikes|p2a: Slowbro
|-resisted|p2a: Slowbro
|-crit|p2a: Slowbro
|-damage|p2a: Slowbro|63/100
|-damage|p1a: Urshifu|84/100|[from] item: Rocky Helmet|[of] p2a: Slowbro
|-resisted|p2a: Slowbro
|-crit|p2a: Slowbro
|-damage|p2a: Slowbro|55/100
|-damage|p1a: Urshifu|68/100|[from] item: Rocky Helmet|[of] p2a: Slowbro
|-resisted|p2a: Slowbro
|-crit|p2a: Slowbro
|-damage|p2a: Slowbro|45/100
|-damage|p1a: Urshifu|51/100|[from] item: Rocky Helmet|[of] p2a: Slowbro
|-hitcount|p2a: Slowbro|3
|
|upkeep
|turn|15
|
|t:|1665467434
|switch|p1a: Slowking|Slowking-Galar, M|100/100
|move|p2a: Slowbro|Teleport|p2a: Slowbro
|
|t:|1665467446
|switch|p2a: Kartana|Kartana|84/100|[from]move: Teleport
|
|upkeep
|turn|16
|
|t:|1665467450
|switch|p1a: Landorus|Landorus-Therian, M|100/100
|-ability|p1a: Landorus|Intimidate|boost
|-unboost|p2a: Kartana|atk|1
|move|p2a: Kartana|Knock Off|p1a: Landorus
|-damage|p1a: Landorus|70/100
|-enditem|p1a: Landorus|Leftovers|[from] move: Knock Off|[of] p2a: Kartana
|
|upkeep
|turn|17
|
|t:|1665467459
|switch|p2a: Tapu Fini|Tapu Fini|100/100
|-fieldstart|move: Misty Terrain|[from] ability: Misty Surge|[of] p2a: Tapu Fini
|move|p1a: Landorus|U-turn|p2a: Tapu Fini
|-resisted|p2a: Tapu Fini
|-damage|p2a: Tapu Fini|88/100
|
|t:|1665467465
|switch|p1a: Zeraora|Zeraora|100/100|[from]move: U-turn
|
|upkeep
|turn|18
|
|t:|1665467469
|switch|p2a: Nidoqueen|Nidoqueen, F, shiny|93/100
|move|p1a: Zeraora|Knock Off|p2a: Nidoqueen
|-damage|p2a: Nidoqueen|58/100
|-enditem|p2a: Nidoqueen|Life Orb|[from] move: Knock Off|[of] p1a: Zeraora
|
|upkeep
|turn|19
|
|t:|1665467481
|switch|p1a: Slowking|Slowking-Galar, M|100/100
|move|p2a: Nidoqueen|Ice Beam|p1a: Slowking
|-damage|p1a: Slowking|89/100
|
|upkeep
|turn|20
|
|t:|1665467490
|move|p2a: Nidoqueen|Earth Power|p1a: Slowking
|-supereffective|p1a: Slowking
|-damage|p1a: Slowking|54/100
|move|p1a: Slowking|Ice Beam|p2a: Nidoqueen
|-supereffective|p2a: Nidoqueen
|-damage|p2a: Nidoqueen|5/100
|
|upkeep
|turn|21
|
|t:|1665467497
|switch|p2a: Slowbro|Slowbro, M|79/100
|move|p1a: Slowking|Ice Beam|p2a: Slowbro
|-resisted|p2a: Slowbro
|-damage|p2a: Slowbro|65/100
|
|-fieldend|Misty Terrain
|upkeep
|turn|22
|
|t:|1665467504
|move|p1a: Slowking|Sludge Bomb|p2a: Slowbro
|-damage|p2a: Slowbro|28/100
|-status|p2a: Slowbro|psn
|move|p2a: Slowbro|Teleport|p2a: Slowbro
|
|t:|1665467509
|switch|p2a: Kartana|Kartana|84/100|[from]move: Teleport
|
|upkeep
|turn|23
|
|t:|1665467521
|move|p2a: Kartana|Leaf Blade|p1a: Slowking
|-resisted|p1a: Slowking
|-damage|p1a: Slowking|4/100
|move|p1a: Slowking|Ice Beam|p2a: Kartana
|-damage|p2a: Kartana|0 fnt
|faint|p2a: Kartana
|
|upkeep
|
|t:|1665467527
|switch|p2a: Zapdos|Zapdos|61/100
|turn|24
|
|t:|1665467533
|switch|p1a: Corviknight|Corviknight, F|37/100
|-ability|p1a: Corviknight|Pressure
|move|p2a: Zapdos|Volt Switch|p1a: Corviknight
|-supereffective|p1a: Corviknight
|-damage|p1a: Corviknight|0 fnt
|faint|p1a: Corviknight
|
|t:|1665467543
|switch|p2a: Tapu Fini|Tapu Fini|88/100|[from]move: Volt Switch
|-fieldstart|move: Misty Terrain|[from] ability: Misty Surge|[of] p2a: Tapu Fini
|
|upkeep
|
|t:|1665467548
|switch|p1a: Zeraora|Zeraora|100/100
|turn|25
|c|☆playeraccount|!weak Zeraora
|c| playeraccount|/raw <div class="infobox">Zeraora (ignoring abilities):<br /><span class="message-effect-weak">Weaknesses</span>: Ground<br /><span class="message-effect-resist">Resistances</span>: Electric, Flying, Steel<br /><span class="message-effect-immune">Immunities</span>: Paralysis</div>
|
|t:|1665467567
|move|p2a: Tapu Fini|Hydro Pump|p1a: Zeraora
|-damage|p1a: Zeraora|42/100
|move|p1a: Zeraora|Plasma Fists|p2a: Tapu Fini
|-supereffective|p2a: Tapu Fini
|-damage|p2a: Tapu Fini|0 fnt
|-fieldactivate|move: Ion Deluge
|-hint|Normal-type moves become Electric-type after using Plasma Fists.
|faint|p2a: Tapu Fini
|
|upkeep
|
|t:|1665467573
|switch|p2a: Zapdos|Zapdos|61/100
|turn|26
|
|t:|1665467582
|move|p1a: Zeraora|Bulk Up|p1a: Zeraora
|-boost|p1a: Zeraora|atk|1
|-boost|p1a: Zeraora|def|1
|move|p2a: Zapdos|Heat Wave|p1a: Zeraora
|-damage|p1a: Zeraora|3/100
|
|upkeep
|turn|27
|
|t:|1665467589
|move|p1a: Zeraora|Plasma Fists|p2a: Zapdos
|-damage|p2a: Zapdos|2/100
|-fieldactivate|move: Ion Deluge
|-hint|Normal-type moves become Electric-type after using Plasma Fists.
|move|p2a: Zapdos|Heat Wave|p1a: Zeraora|[miss]
|-miss|p2a: Zapdos|p1a: Zeraora
|
|upkeep
|turn|28
|
|t:|1665467596
|move|p1a: Zeraora|Knock Off|p2a: Zapdos
|-damage|p2a: Zapdos|0 fnt
|-enditem|p2a: Zapdos|Heavy-Duty Boots|[from] move: Knock Off|[of] p1a: Zeraora
|faint|p2a: Zapdos
|
|-fieldend|Misty Terrain
|upkeep
|
|t:|1665467600
|switch|p2a: Nidoqueen|Nidoqueen, F, shiny|5/100
|turn|29
|-message|playeraccount forfeited.
|
|win|ultimategoogolplex
|raw|ultimategoogolplex's rating: 1585 &rarr; <strong>1603</strong><br />(+18 for winning)
|raw|playeraccount's rating: 1545 &rarr; <strong>1527</strong><br />(-18 for losing)
|l|☆playeraccount
