|j|☆d18l
|j|‽z1x2c3
|t:|1659925461
|gametype|singles
|player|p1|d18l|backpacker|1623
|player|p2|z1x2c3|2|1599
|teamsize|p1|6
|teamsize|p2|6
|gen|8
|tier|[Gen 8] OU
|rated|
|rule|Sleep Clause Mod: Limit one foe put to sleep
|rule|Species Clause: Limit one of each Pokémon
|rule|OHKO Clause: OHKO moves are banned
|rule|Evasion Items Clause: Evasion items are banned
|rule|Evasion Moves Clause: Evasion moves are banned
|rule|Endless Battle Clause: Forcing endless battles is banned
|rule|HP Percentage Mod: HP is shown in percentages
|rule|Dynamax Clause: You cannot dynamax
|clearpoke
|poke|p1|Tapu Koko|
|poke|p1|Victini|
|poke|p1|Landorus-Therian, M|
|poke|p1|Tornadus-Therian, M|
|poke|p1|Rotom-Wash|
|poke|p1|Ferrothorn, M|
|poke|p2|Tapu Fini|
|poke|p2|Magnezone|
|poke|p2|Tapu Lele|
|poke|p2|Kartana|
|poke|p2|Hawlucha, F|
|poke|p2|Landorus-Therian, M|
|teampreview
|j| GGeorgie◕‿◕
|inactive|Battle timer is ON: inactive players will automatically lose when time's up. (requested by z1x2c3)
|
|t:|1659925490
|start
|switch|p1a: Rotom|Rotom-Wash|100/100
|switch|p2a: Landorus|Landorus-Therian, M|100/100
|-ability|p2a: Landorus|Intimidate|boost
|-unboost|p1a: Rotom|atk|1
|turn|1
|inactive|z1x2c3 has 120 seconds left.
|
|t:|1659925527
|move|p1a: Rotom|Hydro Pump|p2a: Landorus|[miss]
|-miss|p1a: Rotom|p2a: Landorus
|move|p2a: Landorus|Stealth Rock|p1a: Rotom
|-sidestart|p1: d18l|move: Stealth Rock
|
|upkeep
|turn|2
|inactive|z1x2c3 has 120 seconds left.
|inactive|z1x2c3 has 90 seconds left.
|
|t:|1659925566
|switch|p2a: Tapu Lele|Tapu Lele|100/100
|-fieldstart|move: Psychic Terrain|[from] ability: Psychic Surge|[of] p2a: Tapu Lele
|move|p1a: Rotom|Hydro Pump|p2a: Tapu Lele
|-damage|p2a: Tapu Lele|59/100
|
|upkeep
|turn|3
|inactive|z1x2c3 has 90 seconds left.
|inactive|d18l has 120 seconds left.
|
|t:|1659925607
|switch|p1a: Victini|Victini|100/100
|move|p2a: Tapu Lele|Psychic|p1a: Victini
|-resisted|p1a: Victini
|-damage|p1a: Victini|49/100
|
|upkeep
|turn|4
|
|t:|1659925613
|switch|p2a: Landorus|Landorus-Therian, M|100/100
|-ability|p2a: Landorus|Intimidate|boost
|-unboost|p1a: Victini|atk|1
|move|p1a: Victini|V-create|p2a: Landorus
|-damage|p2a: Landorus|50/100
|-unboost|p1a: Victini|spe|1
|-unboost|p1a: Victini|def|1
|-unboost|p1a: Victini|spd|1
|
|-heal|p2a: Landorus|56/100|[from] item: Leftovers
|upkeep
|turn|5
|inactive|d18l has 120 seconds left.
|inactive|z1x2c3 has 90 seconds left.
|
|t:|1659925638
|switch|p1a: Landorus|Landorus-Therian, M|100/100
|-damage|p1a: Landorus|88/100|[from] Stealth Rock
|-ability|p1a: Landorus|Intimidate|boost
|-unboost|p2a: Landorus|atk|1
|move|p2a: Landorus|Earthquake|p1a: Landorus
|-immune|p1a: Landorus
|
|-heal|p1a: Landorus|94/100|[from] item: Leftovers
|-heal|p2a: Landorus|62/100|[from] item: Leftovers
|upkeep
|turn|6
|
|t:|1659925644
|move|p1a: Landorus|Defog|p2a: Landorus
|-unboost|p2a: Landorus|evasion|1
|-sideend|p1: d18l|Stealth Rock|[from] move: Defog|[of] p1a: Landorus
|-fieldend|move: Psychic Terrain
|move|p2a: Landorus|Toxic|p1a: Landorus
|-status|p1a: Landorus|tox
|
|-heal|p1a: Landorus|99/100 tox|[from] item: Leftovers
|-heal|p2a: Landorus|68/100|[from] item: Leftovers
|-damage|p1a: Landorus|94/100 tox|[from] psn
|upkeep
|turn|7
|inactive|z1x2c3 has 90 seconds left.
|
|t:|1659925671
|move|p1a: Landorus|Toxic|p2a: Landorus
|-status|p2a: Landorus|tox
|move|p2a: Landorus|Stealth Rock|p1a: Landorus
|-sidestart|p1: d18l|move: Stealth Rock
|
|-heal|p1a: Landorus|99/100 tox|[from] item: Leftovers
|-heal|p2a: Landorus|74/100 tox|[from] item: Leftovers
|-damage|p1a: Landorus|88/100 tox|[from] psn
|-damage|p2a: Landorus|68/100 tox|[from] psn
|upkeep
|turn|8
|inactive|z1x2c3 has 60 seconds left.
|
|t:|1659925696
|move|p1a: Landorus|Defog|p2a: Landorus
|-unboost|p2a: Landorus|evasion|1
|-sideend|p1: d18l|Stealth Rock|[from] move: Defog|[of] p1a: Landorus
|move|p2a: Landorus|Earthquake|p1a: Landorus
|-immune|p1a: Landorus
|
|-heal|p1a: Landorus|94/100 tox|[from] item: Leftovers
|-heal|p2a: Landorus|74/100 tox|[from] item: Leftovers
|-damage|p1a: Landorus|76/100 tox|[from] psn
|-damage|p2a: Landorus|62/100 tox|[from] psn
|upkeep
|turn|9
|inactive|z1x2c3 has 60 seconds left.
|inactive|d18l has 120 seconds left.
|
|t:|1659925737
|move|p1a: Landorus|U-turn|p2a: Landorus
|-resisted|p2a: Landorus
|-damage|p2a: Landorus|51/100 tox
|
|t:|1659925746
|switch|p1a: Rotom|Rotom-Wash|100/100|[from]move: U-turn
|move|p2a: Landorus|Stealth Rock|p1a: Rotom
|-sidestart|p1: d18l|move: Stealth Rock
|
|-heal|p2a: Landorus|57/100 tox|[from] item: Leftovers
|-damage|p2a: Landorus|39/100 tox|[from] psn
|upkeep
|turn|10
|
|t:|1659925768
|move|p1a: Rotom|Hydro Pump|p2a: Landorus
|-supereffective|p2a: Landorus
|-crit|p2a: Landorus
|-damage|p2a: Landorus|0 fnt
|faint|p2a: Landorus
|
|upkeep
|
|t:|1659925770
|switch|p2a: Tapu Lele|Tapu Lele|59/100
|-fieldstart|move: Psychic Terrain|[from] ability: Psychic Surge|[of] p2a: Tapu Lele
|turn|11
|inactive|d18l has 120 seconds left.
|
|t:|1659925791
|switch|p1a: Ferrothorn|Ferrothorn, M|100/100
|-damage|p1a: Ferrothorn|95/100|[from] Stealth Rock
|move|p2a: Tapu Lele|Psychic|p1a: Ferrothorn
|-resisted|p1a: Ferrothorn
|-damage|p1a: Ferrothorn|55/100
|
|upkeep
|turn|12
|inactive|d18l has 120 seconds left.
|
|t:|1659925798
|switch|p2a: Magnezone|Magnezone|100/100
|switch|p1a: Victini|Victini|49/100
|
|upkeep
|turn|13
|inactive|d18l has 120 seconds left.
|inactive|d18l has 90 seconds left.
|
|t:|1659925842
|switch|p2a: Tapu Fini|Tapu Fini|100/100
|-fieldstart|move: Misty Terrain|[from] ability: Misty Surge|[of] p2a: Tapu Fini
|move|p1a: Victini|V-create|p2a: Tapu Fini
|-resisted|p2a: Tapu Fini
|-crit|p2a: Tapu Fini
|-damage|p2a: Tapu Fini|43/100
|-unboost|p1a: Victini|spe|1
|-unboost|p1a: Victini|def|1
|-unboost|p1a: Victini|spd|1
|
|upkeep
|turn|14
|inactive|d18l has 90 seconds left.
|
|t:|1659925857
|switch|p1a: Rotom|Rotom-Wash|100/100
|-damage|p1a: Rotom|88/100|[from] Stealth Rock
|move|p2a: Tapu Fini|Moonblast|p1a: Rotom
|-damage|p1a: Rotom|47/100
|-unboost|p1a: Rotom|spa|1
|
|upkeep
|turn|15
|
|t:|1659925865
|move|p2a: Tapu Fini|Moonblast|p1a: Rotom
|-damage|p1a: Rotom|8/100
|-unboost|p1a: Rotom|spa|1
|move|p1a: Rotom|Volt Switch|p2a: Tapu Fini
|-supereffective|p2a: Tapu Fini
|-damage|p2a: Tapu Fini|20/100
|inactive|d18l has 90 seconds left.
|inactive|d18l has 60 seconds left.
|inactive|d18l has 30 seconds left.
|
|t:|1659925941
|switch|p1a: Victini|Victini|49/100|[from]move: Volt Switch
|
|upkeep
|turn|16
|inactive|d18l has 30 seconds left.
|
|t:|1659925953
|move|p2a: Tapu Fini|Moonblast|p1a: Victini
|-resisted|p1a: Victini
|-damage|p1a: Victini|29/100
|-unboost|p1a: Victini|spa|1
|move|p1a: Victini|Bolt Strike|p2a: Tapu Fini
|-supereffective|p2a: Tapu Fini
|-damage|p2a: Tapu Fini|0 fnt
|faint|p2a: Tapu Fini
|
|upkeep
|inactive|d18l has 30 seconds left this turn.
|
|t:|1659925954
|switch|p2a: Hawlucha|Hawlucha, F|100/100
|-enditem|p2a: Hawlucha|Misty Seed
|-boost|p2a: Hawlucha|spd|1|[from] item: Misty Seed
|turn|17
|inactive|d18l has 30 seconds left.
|
|t:|1659925969
|move|p2a: Hawlucha|Acrobatics|p1a: Victini
|-damage|p1a: Victini|0 fnt
|faint|p1a: Victini
|
|-fieldend|Misty Terrain
|upkeep
|
|t:|1659925971
|switch|p1a: Tapu Koko|Tapu Koko|100/100
|-damage|p1a: Tapu Koko|88/100|[from] Stealth Rock
|-fieldstart|move: Electric Terrain|[from] ability: Electric Surge|[of] p1a: Tapu Koko
|turn|18
|
|t:|1659925972
|switch|p2a: Magnezone|Magnezone|100/100
|move|p1a: Tapu Koko|Thunderbolt|p2a: Magnezone
|-resisted|p2a: Magnezone
|-damage|p2a: Magnezone|60/100
|
|upkeep
|turn|19
|
|t:|1659925977
|switch|p1a: Landorus|Landorus-Therian, M|76/100 tox
|-damage|p1a: Landorus|64/100 tox|[from] Stealth Rock
|-ability|p1a: Landorus|Intimidate|boost
|-unboost|p2a: Magnezone|atk|1
|move|p2a: Magnezone|Toxic|p1a: Landorus
|-fail|p1a: Landorus|tox
|
|-heal|p1a: Landorus|70/100 tox|[from] item: Leftovers
|-damage|p1a: Landorus|64/100 tox|[from] psn
|upkeep
|turn|20
|
|t:|1659925988
|switch|p2a: Hawlucha|Hawlucha, F|100/100
|move|p1a: Landorus|Defog|p2a: Hawlucha
|-unboost|p2a: Hawlucha|evasion|1
|-sideend|p1: d18l|Stealth Rock|[from] move: Defog|[of] p1a: Landorus
|-fieldend|move: Electric Terrain
|
|-heal|p1a: Landorus|70/100 tox|[from] item: Leftovers
|-damage|p1a: Landorus|58/100 tox|[from] psn
|upkeep
|turn|21
|
|t:|1659925994
|move|p2a: Hawlucha|Substitute|p2a: Hawlucha
|-start|p2a: Hawlucha|Substitute
|-damage|p2a: Hawlucha|76/100
|move|p1a: Landorus|U-turn|p2a: Hawlucha
|-resisted|p2a: Hawlucha
|-activate|p2a: Hawlucha|move: Substitute|[damage]
|
|t:|1659925996
|switch|p1a: Tapu Koko|Tapu Koko|88/100|[from]move: U-turn
|-fieldstart|move: Electric Terrain|[from] ability: Electric Surge|[of] p1a: Tapu Koko
|
|upkeep
|turn|22
|
|t:|1659926000
|move|p1a: Tapu Koko|Thunderbolt|p2a: Hawlucha
|-supereffective|p2a: Hawlucha
|-end|p2a: Hawlucha|Substitute
|move|p2a: Hawlucha|Close Combat|p1a: Tapu Koko
|-resisted|p1a: Tapu Koko
|-damage|p1a: Tapu Koko|54/100
|-unboost|p2a: Hawlucha|def|1
|-unboost|p2a: Hawlucha|spd|1
|
|upkeep
|turn|23
|
|t:|1659926005
|switch|p2a: Magnezone|Magnezone|60/100
|move|p1a: Tapu Koko|Thunderbolt|p2a: Magnezone
|-resisted|p2a: Magnezone
|-damage|p2a: Magnezone|20/100
|
|upkeep
|turn|24
|
|t:|1659926010
|move|p1a: Tapu Koko|Thunderbolt|p2a: Magnezone
|-resisted|p2a: Magnezone
|-damage|p2a: Magnezone|0 fnt
|faint|p2a: Magnezone
|
|upkeep
|
|t:|1659926011
|switch|p2a: Tapu Lele|Tapu Lele|59/100
|-fieldstart|move: Psychic Terrain|[from] ability: Psychic Surge|[of] p2a: Tapu Lele
|turn|25
|
|t:|1659926014
|switch|p1a: Rotom|Rotom-Wash|8/100
|move|p2a: Tapu Lele|Moonblast|p1a: Rotom
|-damage|p1a: Rotom|0 fnt
|faint|p1a: Rotom
|
|upkeep
|l| GGeorgie◕‿◕
|inactive|d18l has 120 seconds left.
|
|t:|1659926035
|switch|p1a: Tapu Koko|Tapu Koko|54/100
|-fieldstart|move: Electric Terrain|[from] ability: Electric Surge|[of] p1a: Tapu Koko
|turn|26
|
|t:|1659926037
|move|p1a: Tapu Koko|Thunderbolt|p2a: Tapu Lele
|-damage|p2a: Tapu Lele|0 fnt
|faint|p2a: Tapu Lele
|
|upkeep
|
|t:|1659926038
|switch|p2a: Kartana|Kartana|100/100
|turn|27
|
|t:|1659926042
|switch|p1a: Ferrothorn|Ferrothorn, M|55/100
|move|p2a: Kartana|Smart Strike|p1a: Ferrothorn
|-resisted|p1a: Ferrothorn
|-damage|p1a: Ferrothorn|41/100
|-damage|p2a: Kartana|88/100|[from] ability: Iron Barbs|[of] p1a: Ferrothorn
|-damage|p2a: Kartana|72/100|[from] item: Rocky Helmet|[of] p1a: Ferrothorn
|
|upkeep
|turn|28
|
|t:|1659926048
|move|p2a: Kartana|Smart Strike|p1a: Ferrothorn
|-resisted|p1a: Ferrothorn
|-damage|p1a: Ferrothorn|28/100
|-damage|p2a: Kartana|59/100|[from] ability: Iron Barbs|[of] p1a: Ferrothorn
|-damage|p2a: Kartana|43/100|[from] item: Rocky Helmet|[of] p1a: Ferrothorn
|move|p1a: Ferrothorn|Gyro Ball|p2a: Kartana
|-resisted|p2a: Kartana
|-damage|p2a: Kartana|16/100
|
|upkeep
|turn|29
|
|t:|1659926052
|move|p2a: Kartana|Smart Strike|p1a: Ferrothorn
|-resisted|p1a: Ferrothorn
|-damage|p1a: Ferrothorn|13/100
|-damage|p2a: Kartana|3/100|[from] ability: Iron Barbs|[of] p1a: Ferrothorn
|-damage|p2a: Kartana|0 fnt|[from] item: Rocky Helmet|[of] p1a: Ferrothorn
|faint|p2a: Kartana
|move|p1a: Ferrothorn|Gyro Ball|p2: Kartana|[notarget]
|-fail|p1a: Ferrothorn
|
|upkeep
|
|t:|1659926052
|switch|p2a: Hawlucha|Hawlucha, F|76/100
|turn|30
|
|t:|1659926056
|move|p2a: Hawlucha|Substitute|p2a: Hawlucha
|-start|p2a: Hawlucha|Substitute
|-damage|p2a: Hawlucha|51/100
|move|p1a: Ferrothorn|Gyro Ball|p2a: Hawlucha
|-end|p2a: Hawlucha|Substitute
|
|-fieldend|move: Electric Terrain
|upkeep
|turn|31
|
|t:|1659926058
|move|p2a: Hawlucha|Substitute|p2a: Hawlucha
|-start|p2a: Hawlucha|Substitute
|-damage|p2a: Hawlucha|26/100
|move|p1a: Ferrothorn|Gyro Ball|p2a: Hawlucha
|-end|p2a: Hawlucha|Substitute
|
|upkeep
|turn|32
|
|t:|1659926060
|move|p2a: Hawlucha|Substitute|p2a: Hawlucha
|-start|p2a: Hawlucha|Substitute
|-damage|p2a: Hawlucha|1/100
|move|p1a: Ferrothorn|Gyro Ball|p2a: Hawlucha
|-end|p2a: Hawlucha|Substitute
|
|upkeep
|turn|33
|
|t:|1659926061
|move|p2a: Hawlucha|Acrobatics|p1a: Ferrothorn
|-damage|p1a: Ferrothorn|0 fnt
|-damage|p2a: Hawlucha|0 fnt|[from] ability: Iron Barbs|[of] p1a: Ferrothorn
|faint|p1a: Ferrothorn
|faint|p2a: Hawlucha
|
|win|d18l
|raw|d18l's rating: 1623 &rarr; <strong>1642</strong><br />(+19 for winning)
|raw|z1x2c3's rating: 1599 &rarr; <strong>1580</strong><br />(-19 for losing)
|l|‽z1x2c3
