|html|<div class="broadcast-blue"><strong>[Gen 8] OU is currently suspecting Melmetal! For information on how to participate check out the <a href="https://www.smogon.com/forums/threads/np-ss-ou-suspect-process-round-12-monster-mash.3709234/">suspect thread</a>.</strong></div>
|j|☆TRAP BANDO
|j|☆HQSFun
|t:|1666261494
|gametype|singles
|player|p1|TRAP BANDO|ltsurge-gen2|1636
|player|p2|HQSFun|veteranf|1741
|teamsize|p1|6
|teamsize|p2|6
|gen|8
|tier|[Gen 8] OU
|rated|
|rule|Sleep Clause Mod: Limit one foe put to sleep
|rule|Species Clause: Limit one of each Pokémon
|rule|OHKO Clause: OHKO moves are banned
|rule|Evasion Items Clause: Evasion items are banned
|rule|Evasion Moves Clause: Evasion moves are banned
|rule|Endless Battle Clause: Forcing endless battles is banned
|rule|HP Percentage Mod: HP is shown in percentages
|rule|Dynamax Clause: You cannot dynamax
|clearpoke
|poke|p1|Crawdaunt, M|
|poke|p1|Shuckle, F|
|poke|p1|Landorus-Therian, M|
|poke|p1|Rillaboom, F|
|poke|p1|Buzzwole|
|poke|p1|Blacephalon|
|poke|p2|Dragapult, F|
|poke|p2|Weavile, F|
|poke|p2|Rillaboom, M|
|poke|p2|Nihilego|
|poke|p2|Garchomp, F|
|poke|p2|Celesteela|
|teampreview
|j| Lev22
|
|t:|1666261505
|start
|switch|p1a: TAKEMICHOU|Buzzwole|100/100
|switch|p2a: Garchomp|Garchomp, F|100/100
|turn|1
|inactive|Battle timer is ON: inactive players will automatically lose when time's up. (requested by HQSFun)
|
|t:|1666261512
|move|p2a: Garchomp|Stealth Rock|p1a: TAKEMICHOU
|-sidestart|p1: TRAP BANDO|move: Stealth Rock
|move|p1a: TAKEMICHOU|Ice Punch|p2a: Garchomp
|-supereffective|p2a: Garchomp
|-damage|p2a: Garchomp|0 fnt
|-damage|p1a: TAKEMICHOU|88/100|[from] ability: Rough Skin|[of] p2a: Garchomp
|faint|p2a: Garchomp
|-ability|p1a: TAKEMICHOU|Beast Boost|boost
|-boost|p1a: TAKEMICHOU|atk|1
|
|upkeep
|
|t:|1666261517
|switch|p2a: Celesteela|Celesteela|100/100
|turn|2
|
|t:|1666261522
|move|p2a: Celesteela|Air Slash|p1a: TAKEMICHOU
|-supereffective|p1a: TAKEMICHOU
|-damage|p1a: TAKEMICHOU|0 fnt
|faint|p1a: TAKEMICHOU
|-ability|p2a: Celesteela|Beast Boost|boost
|-boost|p2a: Celesteela|spa|1
|
|upkeep
|
|t:|1666261528
|switch|p1a: Huckleberry|Blacephalon|100/100
|-damage|p1a: Huckleberry|76/100|[from] Stealth Rock
|turn|3
|
|t:|1666261532
|switch|p2a: Nihilego|Nihilego|100/100
|move|p1a: Huckleberry|Fire Blast|p2a: Nihilego
|-resisted|p2a: Nihilego
|-damage|p2a: Nihilego|78/100
|
|upkeep
|turn|4
|
|t:|1666261541
|switch|p1a: 667|Landorus-Therian, M, shiny|100/100
|-damage|p1a: 667|88/100|[from] Stealth Rock
|-ability|p1a: 667|Intimidate|boost
|-unboost|p2a: Nihilego|atk|1
|move|p2a: Nihilego|Meteor Beam||[still]
|-prepare|p2a: Nihilego|Meteor Beam
|-boost|p2a: Nihilego|spa|1
|-enditem|p2a: Nihilego|Power Herb
|-anim|p2a: Nihilego|Meteor Beam|p1a: 667
|-damage|p1a: 667|0 fnt
|faint|p1a: 667
|-ability|p2a: Nihilego|Beast Boost|boost
|-boost|p2a: Nihilego|spe|1
|
|upkeep
|
|t:|1666261553
|switch|p1a: SMASH OR PASS|Crawdaunt, M, shiny|100/100
|-damage|p1a: SMASH OR PASS|88/100|[from] Stealth Rock
|turn|5
|
|t:|1666261558
|move|p2a: Nihilego|Grass Knot|p1a: SMASH OR PASS
|-supereffective|p1a: SMASH OR PASS
|-damage|p1a: SMASH OR PASS|0 fnt
|faint|p1a: SMASH OR PASS
|-ability|p2a: Nihilego|Beast Boost|boost
|-boost|p2a: Nihilego|spe|1
|
|upkeep
|
|t:|1666261564
|switch|p1a: JOZII TARPEZ|Rillaboom, F, shiny|100/100
|-damage|p1a: JOZII TARPEZ|88/100|[from] Stealth Rock
|-fieldstart|move: Grassy Terrain|[from] ability: Grassy Surge|[of] p1a: JOZII TARPEZ
|turn|6
|
|t:|1666261569
|move|p1a: JOZII TARPEZ|Grassy Glide|p2a: Nihilego
|-damage|p2a: Nihilego|0 fnt
|faint|p2a: Nihilego
|-damage|p1a: JOZII TARPEZ|78/100|[from] item: Life Orb
|
|-heal|p1a: JOZII TARPEZ|84/100|[from] Grassy Terrain
|upkeep
|
|t:|1666261576
|switch|p2a: Celesteela|Celesteela|100/100
|turn|7
|
|t:|1666261579
|move|p1a: JOZII TARPEZ|Superpower|p2a: Celesteela
|-damage|p2a: Celesteela|52/100
|-unboost|p1a: JOZII TARPEZ|atk|1
|-unboost|p1a: JOZII TARPEZ|def|1
|-damage|p1a: JOZII TARPEZ|74/100|[from] item: Life Orb
|move|p2a: Celesteela|Autotomize|p2a: Celesteela
|-boost|p2a: Celesteela|spe|2
|-start|p2a: Celesteela|Autotomize
|
|-heal|p1a: JOZII TARPEZ|81/100|[from] Grassy Terrain
|upkeep
|turn|8
|
|t:|1666261590
|switch|p1a: Collector|Shuckle, F|100/100
|-damage|p1a: Collector|76/100|[from] Stealth Rock
|move|p2a: Celesteela|Autotomize|p2a: Celesteela
|-boost|p2a: Celesteela|spe|2
|-start|p2a: Celesteela|Autotomize
|
|-heal|p1a: Collector|82/100|[from] Grassy Terrain
|upkeep
|turn|9
|
|t:|1666261599
|move|p2a: Celesteela|Meteor Beam||[still]
|-prepare|p2a: Celesteela|Meteor Beam
|-boost|p2a: Celesteela|spa|1
|-enditem|p2a: Celesteela|Power Herb
|-anim|p2a: Celesteela|Meteor Beam|p1a: Collector
|-supereffective|p1a: Collector
|-damage|p1a: Collector|22/100
|move|p1a: Collector|Encore|p2a: Celesteela
|-start|p2a: Celesteela|Encore
|
|-heal|p1a: Collector|28/100|[from] Grassy Terrain
|upkeep
|turn|10
|
|t:|1666261610
|move|p2a: Celesteela|Meteor Beam||[still]
|-prepare|p2a: Celesteela|Meteor Beam
|-boost|p2a: Celesteela|spa|1
|move|p1a: Collector|Sticky Web|p2a: Celesteela
|-sidestart|p2: HQSFun|move: Sticky Web
|
|-heal|p1a: Collector|34/100|[from] Grassy Terrain
|-fieldend|move: Grassy Terrain
|upkeep
|turn|11
|
|t:|1666261616
|move|p2a: Celesteela|Meteor Beam|p1a: Collector|[from]lockedmove
|-supereffective|p1a: Collector
|-damage|p1a: Collector|0 fnt
|faint|p1a: Collector
|-ability|p2a: Celesteela|Beast Boost|boost
|-boost|p2a: Celesteela|spa|1
|
|upkeep
|
|t:|1666261622
|switch|p1a: Huckleberry|Blacephalon|76/100
|-damage|p1a: Huckleberry|51/100|[from] Stealth Rock
|turn|12
|
|t:|1666261626
|move|p2a: Celesteela|Meteor Beam||[still]
|-prepare|p2a: Celesteela|Meteor Beam
|-boost|p2a: Celesteela|spa|1
|move|p1a: Huckleberry|Flamethrower|p2a: Celesteela
|-supereffective|p2a: Celesteela
|-crit|p2a: Celesteela
|-damage|p2a: Celesteela|0 fnt
|faint|p2a: Celesteela
|-ability|p1a: Huckleberry|Beast Boost|boost
|-boost|p1a: Huckleberry|spa|1
|
|upkeep
|
|t:|1666261629
|switch|p2a: Dragapult|Dragapult, F|100/100
|-activate|p2a: Dragapult|move: Sticky Web
|-fail|p2a: Dragapult|unboost|[from] ability: Clear Body|[of] p2a: Dragapult
|turn|13
|
|t:|1666261637
|move|p1a: Huckleberry|Flamethrower|p2a: Dragapult
|-resisted|p2a: Dragapult
|-damage|p2a: Dragapult|52/100
|move|p2a: Dragapult|Dragon Dance|p2a: Dragapult
|-boost|p2a: Dragapult|atk|1
|-boost|p2a: Dragapult|spe|1
|
|-heal|p2a: Dragapult|59/100|[from] item: Leftovers
|upkeep
|turn|14
|
|t:|1666261645
|move|p2a: Dragapult|Phantom Force||[still]
|-prepare|p2a: Dragapult|Phantom Force
|move|p1a: Huckleberry|Flamethrower|p2a: Dragapult|[miss]
|-miss|p1a: Huckleberry|p2a: Dragapult
|
|-heal|p2a: Dragapult|65/100|[from] item: Leftovers
|upkeep
|turn|15
|
|t:|1666261651
|move|p2a: Dragapult|Phantom Force|p1a: Huckleberry|[from]lockedmove
|-supereffective|p1a: Huckleberry
|-damage|p1a: Huckleberry|0 fnt
|faint|p1a: Huckleberry
|
|-heal|p2a: Dragapult|71/100|[from] item: Leftovers
|upkeep
|
|t:|1666261657
|switch|p1a: JOZII TARPEZ|Rillaboom, F, shiny|81/100
|-damage|p1a: JOZII TARPEZ|68/100|[from] Stealth Rock
|-fieldstart|move: Grassy Terrain|[from] ability: Grassy Surge|[of] p1a: JOZII TARPEZ
|turn|16
|
|t:|1666261662
|move|p2a: Dragapult|Dragon Darts|p1a: JOZII TARPEZ
|-damage|p1a: JOZII TARPEZ|27/100
|-anim|p2a: Dragapult|Dragon Darts|p1a: JOZII TARPEZ
|-damage|p1a: JOZII TARPEZ|0 fnt
|faint|p1a: JOZII TARPEZ
|
|win|HQSFun
|raw|TRAP BANDO's rating: 1636 &rarr; <strong>1622</strong><br />(-14 for losing)
|raw|HQSFun's rating: 1741 &rarr; <strong>1755</strong><br />(+14 for winning)
|l|☆TRAP BANDO
