|j|☆tanishq1
|j|☆JudicaelmangaVIDEO
|t:|1658049746
|gametype|singles
|player|p1|tanishq1|169|1914
|player|p2|JudicaelmangaVIDEO|steven|1907
|teamsize|p1|6
|teamsize|p2|6
|gen|8
|tier|[Gen 8] OU
|rated|
|rule|Sleep Clause Mod: Limit one foe put to sleep
|rule|Species Clause: Limit one of each Pokémon
|rule|OHKO Clause: OHKO moves are banned
|rule|Evasion Moves Clause: Evasion moves are banned
|rule|Endless Battle Clause: Forcing endless battles is banned
|rule|HP Percentage Mod: HP is shown in percentages
|rule|Dynamax Clause: You cannot dynamax
|clearpoke
|poke|p1|Urshifu-*, F|
|poke|p1|Heatran, F|
|poke|p1|Rotom-Wash|
|poke|p1|Landorus-Therian, M|
|poke|p1|Tapu Lele|
|poke|p1|Weavile, F|
|poke|p2|Dragapult, F|
|poke|p2|Kartana|
|poke|p2|Blissey, F|
|poke|p2|Tapu Fini|
|poke|p2|Landorus-Therian, M|
|poke|p2|Melmetal|
|teampreview
|inactive|Battle timer is ON: inactive players will automatically lose when time's up. (requested by JudicaelmangaVIDEO)
|inactive|tanishq1 has 120 seconds left.
|inactive|JudicaelmangaVIDEO has 120 seconds left.
|j| jeanmilapipe
|j| ilc37222
|j| Ran Kob
|j| simplegent
|
|t:|1658049792
|start
|switch|p1a: Tapu Lele|Tapu Lele|100/100
|switch|p2a: Kartana|Kartana|100/100
|-fieldstart|move: Psychic Terrain|[from] ability: Psychic Surge|[of] p1a: Tapu Lele
|turn|1
|
|t:|1658049798
|switch|p2a: Blissey|Blissey, F|100/100
|move|p1a: Tapu Lele|Moonblast|p2a: Blissey
|-damage|p2a: Blissey|82/100
|
|-heal|p2a: Blissey|88/100|[from] item: Leftovers
|upkeep
|turn|2
|
|t:|1658049801
|switch|p1a: Urshifu|Urshifu-Rapid-Strike, F|100/100
|move|p2a: Blissey|Stealth Rock|p1a: Urshifu
|-sidestart|p1: tanishq1|move: Stealth Rock
|
|-heal|p2a: Blissey|95/100|[from] item: Leftovers
|upkeep
|turn|3
|
|t:|1658049807
|switch|p2a: Tapu Fini|Tapu Fini|100/100
|-fieldstart|move: Misty Terrain|[from] ability: Misty Surge|[of] p2a: Tapu Fini
|move|p1a: Urshifu|U-turn|p2a: Tapu Fini
|-resisted|p2a: Tapu Fini
|-damage|p2a: Tapu Fini|89/100
|
|t:|1658049811
|switch|p1a: Rotom|Rotom-Wash|100/100|[from]move: U-turn
|-damage|p1a: Rotom|88/100|[from] Stealth Rock
|
|-heal|p1a: Rotom|94/100|[from] item: Leftovers
|-heal|p2a: Tapu Fini|95/100|[from] item: Leftovers
|upkeep
|turn|4
|
|t:|1658049814
|switch|p2a: Blissey|Blissey, F|95/100
|move|p1a: Rotom|Volt Switch|p2a: Blissey
|-damage|p2a: Blissey|85/100
|
|t:|1658049820
|switch|p1a: Heatran|Heatran, F|100/100|[from]move: Volt Switch
|-damage|p1a: Heatran|88/100|[from] Stealth Rock
|
|-heal|p1a: Heatran|94/100|[from] item: Leftovers
|-heal|p2a: Blissey|91/100|[from] item: Leftovers
|upkeep
|turn|5
|
|t:|1658049822
|move|p1a: Heatran|Stealth Rock|p2a: Blissey
|-sidestart|p2: JudicaelmangaVIDEO|move: Stealth Rock
|move|p2a: Blissey|Seismic Toss|p1a: Heatran
|-damage|p1a: Heatran|63/100
|
|-heal|p1a: Heatran|70/100|[from] item: Leftovers
|-heal|p2a: Blissey|98/100|[from] item: Leftovers
|upkeep
|turn|6
|j| tapu moxo
|
|t:|1658049827
|switch|p1a: Urshifu|Urshifu-Rapid-Strike, F|100/100
|-damage|p1a: Urshifu|94/100|[from] Stealth Rock
|move|p2a: Blissey|Seismic Toss|p1a: Urshifu
|-damage|p1a: Urshifu|65/100
|
|-heal|p2a: Blissey|100/100|[from] item: Leftovers
|upkeep
|turn|7
|
|t:|1658049830
|switch|p2a: Tapu Fini|Tapu Fini|95/100
|-damage|p2a: Tapu Fini|82/100|[from] Stealth Rock
|move|p1a: Urshifu|U-turn|p2a: Tapu Fini
|-resisted|p2a: Tapu Fini
|-damage|p2a: Tapu Fini|73/100
|
|t:|1658049835
|switch|p1a: Rotom|Rotom-Wash|94/100|[from]move: U-turn
|-damage|p1a: Rotom|82/100|[from] Stealth Rock
|
|-heal|p1a: Rotom|88/100|[from] item: Leftovers
|-heal|p2a: Tapu Fini|79/100|[from] item: Leftovers
|-fieldend|Misty Terrain
|upkeep
|turn|8
|
|t:|1658049839
|switch|p2a: Landorus|Landorus-Therian, M|100/100
|-damage|p2a: Landorus|88/100|[from] Stealth Rock
|-ability|p2a: Landorus|Intimidate|boost
|-unboost|p1a: Rotom|atk|1
|move|p1a: Rotom|Volt Switch|p2a: Landorus
|-immune|p2a: Landorus
|
|-heal|p2a: Landorus|94/100|[from] item: Leftovers
|-heal|p1a: Rotom|94/100|[from] item: Leftovers
|upkeep
|turn|9
|
|t:|1658049844
|switch|p2a: Dragapult|Dragapult, F|100/100
|-damage|p2a: Dragapult|88/100|[from] Stealth Rock
|move|p1a: Rotom|Toxic|p2a: Dragapult
|-status|p2a: Dragapult|tox
|
|-heal|p1a: Rotom|100/100|[from] item: Leftovers
|-damage|p2a: Dragapult|82/100 tox|[from] psn
|upkeep
|turn|10
|
|t:|1658049847
|move|p2a: Dragapult|Shadow Ball|p1a: Rotom
|-damage|p1a: Rotom|61/100
|-unboost|p1a: Rotom|spd|1
|move|p1a: Rotom|Pain Split|p2a: Dragapult
|-sethp|p2a: Dragapult|70/100 tox|[from] move: Pain Split|[silent]
|-sethp|p1a: Rotom|74/100|[from] move: Pain Split
|
|-heal|p1a: Rotom|80/100|[from] item: Leftovers
|-damage|p2a: Dragapult|58/100 tox|[from] psn
|upkeep
|turn|11
|
|t:|1658049852
|switch|p1a: Landorus|Landorus-Therian, M|100/100
|-damage|p1a: Landorus|88/100|[from] Stealth Rock
|-ability|p1a: Landorus|Intimidate|boost
|-unboost|p2a: Dragapult|atk|1
|move|p2a: Dragapult|Shadow Ball|p1a: Landorus
|-damage|p1a: Landorus|46/100
|
|-heal|p1a: Landorus|52/100|[from] item: Leftovers
|-damage|p2a: Dragapult|40/100 tox|[from] psn
|upkeep
|turn|12
|
|t:|1658049856
|move|p2a: Dragapult|Shadow Ball|p1a: Landorus
|-damage|p1a: Landorus|11/100
|move|p1a: Landorus|Toxic|p2a: Dragapult
|-fail|p2a: Dragapult|tox
|
|-heal|p1a: Landorus|18/100|[from] item: Leftovers
|-damage|p2a: Dragapult|17/100 tox|[from] psn
|upkeep
|turn|13
|
|t:|1658049860
|switch|p2a: Landorus|Landorus-Therian, M|94/100
|-damage|p2a: Landorus|82/100|[from] Stealth Rock
|-ability|p2a: Landorus|Intimidate|boost
|-unboost|p1a: Landorus|atk|1
|move|p1a: Landorus|Earthquake|p2a: Landorus
|-immune|p2a: Landorus
|
|-heal|p1a: Landorus|24/100|[from] item: Leftovers
|-heal|p2a: Landorus|88/100|[from] item: Leftovers
|upkeep
|turn|14
|
|t:|1658049864
|move|p1a: Landorus|Toxic|p2a: Landorus
|-status|p2a: Landorus|tox
|move|p2a: Landorus|Stone Edge|p1a: Landorus
|-damage|p1a: Landorus|0 fnt
|faint|p1a: Landorus
|
|-heal|p2a: Landorus|94/100 tox|[from] item: Leftovers
|-damage|p2a: Landorus|88/100 tox|[from] psn
|upkeep
|
|t:|1658049866
|switch|p1a: Urshifu|Urshifu-Rapid-Strike, F|65/100
|-damage|p1a: Urshifu|59/100|[from] Stealth Rock
|turn|15
|j| ppaulo
|inactive|JudicaelmangaVIDEO has 120 seconds left.
|
|t:|1658049900
|move|p1a: Urshifu|Surging Strikes|p2a: Landorus
|-supereffective|p2a: Landorus
|-crit|p2a: Landorus
|-damage|p2a: Landorus|50/100 tox
|-supereffective|p2a: Landorus
|-crit|p2a: Landorus
|-damage|p2a: Landorus|10/100 tox
|-supereffective|p2a: Landorus
|-crit|p2a: Landorus
|-damage|p2a: Landorus|0 fnt
|faint|p2a: Landorus
|-hitcount|p2: Landorus|3
|
|upkeep
|
|t:|1658049902
|switch|p2a: Kartana|Kartana|100/100
|-damage|p2a: Kartana|94/100|[from] Stealth Rock
|turn|16
|
|t:|1658049905
|move|p2a: Kartana|Sacred Sword|p1a: Urshifu
|-damage|p1a: Urshifu|4/100
|move|p1a: Urshifu|Close Combat|p2a: Kartana
|-supereffective|p2a: Kartana
|-damage|p2a: Kartana|0 fnt
|-unboost|p1a: Urshifu|def|1
|-unboost|p1a: Urshifu|spd|1
|faint|p2a: Kartana
|
|upkeep
|inactive|JudicaelmangaVIDEO has 120 seconds left.
|
|t:|1658049925
|switch|p2a: Tapu Fini|Tapu Fini|79/100
|-damage|p2a: Tapu Fini|66/100|[from] Stealth Rock
|-fieldstart|move: Misty Terrain|[from] ability: Misty Surge|[of] p2a: Tapu Fini
|turn|17
|
|t:|1658049929
|move|p1a: Urshifu|Taunt|p2a: Tapu Fini
|-start|p2a: Tapu Fini|move: Taunt
|move|p2a: Tapu Fini|Draining Kiss|p1a: Urshifu
|-supereffective|p1a: Urshifu
|-damage|p1a: Urshifu|0 fnt
|-heal|p2a: Tapu Fini|69/100|[from] drain|[of] p1a: Urshifu
|faint|p1a: Urshifu
|
|-heal|p2a: Tapu Fini|75/100|[from] item: Leftovers
|upkeep
|
|t:|1658049933
|switch|p1a: Rotom|Rotom-Wash|80/100
|-damage|p1a: Rotom|67/100|[from] Stealth Rock
|turn|18
|j| Goop N Poop
|inactive|JudicaelmangaVIDEO has 120 seconds left.
|
|t:|1658049968
|switch|p2a: Blissey|Blissey, F|100/100
|-damage|p2a: Blissey|88/100|[from] Stealth Rock
|move|p1a: Rotom|Volt Switch|p2a: Blissey
|-damage|p2a: Blissey|79/100
|
|t:|1658049971
|switch|p1a: Weavile|Weavile, F|100/100|[from]move: Volt Switch
|-damage|p1a: Weavile|76/100|[from] Stealth Rock
|-ability|p1a: Weavile|Pressure
|
|-heal|p2a: Blissey|85/100|[from] item: Leftovers
|upkeep
|turn|19
|
|t:|1658049974
|move|p1a: Weavile|Knock Off|p2a: Blissey
|-damage|p2a: Blissey|22/100
|-enditem|p2a: Blissey|Leftovers|[from] move: Knock Off|[of] p1a: Weavile
|move|p2a: Blissey|Soft-Boiled|p2a: Blissey
|-heal|p2a: Blissey|72/100
|
|upkeep
|turn|20
|
|t:|1658049978
|move|p1a: Weavile|Knock Off|p2a: Blissey
|-damage|p2a: Blissey|30/100
|move|p2a: Blissey|Seismic Toss|p1a: Weavile
|-damage|p1a: Weavile|40/100
|
|upkeep
|turn|21
|
|t:|1658049980
|move|p1a: Weavile|Knock Off|p2a: Blissey
|-damage|p2a: Blissey|0 fnt
|faint|p2a: Blissey
|
|-fieldend|Misty Terrain
|upkeep
|
|t:|1658049982
|switch|p2a: Tapu Fini|Tapu Fini|75/100
|-damage|p2a: Tapu Fini|62/100|[from] Stealth Rock
|-fieldstart|move: Misty Terrain|[from] ability: Misty Surge|[of] p2a: Tapu Fini
|turn|22
|
|t:|1658049987
|switch|p1a: Tapu Lele|Tapu Lele|100/100
|-damage|p1a: Tapu Lele|88/100|[from] Stealth Rock
|-fieldstart|move: Psychic Terrain|[from] ability: Psychic Surge|[of] p1a: Tapu Lele
|move|p2a: Tapu Fini|Calm Mind|p2a: Tapu Fini
|-boost|p2a: Tapu Fini|spa|1
|-boost|p2a: Tapu Fini|spd|1
|
|-heal|p2a: Tapu Fini|68/100|[from] item: Leftovers
|upkeep
|turn|23
|
|t:|1658049991
|move|p1a: Tapu Lele|Psyshock|p2a: Tapu Fini
|-damage|p2a: Tapu Fini|20/100
|move|p2a: Tapu Fini|Draining Kiss|p1a: Tapu Lele
|-crit|p1a: Tapu Lele
|-damage|p1a: Tapu Lele|31/100
|-heal|p2a: Tapu Fini|55/100|[from] drain|[of] p1a: Tapu Lele
|
|-heal|p2a: Tapu Fini|61/100|[from] item: Leftovers
|upkeep
|turn|24
|
|t:|1658049994
|move|p1a: Tapu Lele|Psyshock|p2a: Tapu Fini
|-damage|p2a: Tapu Fini|17/100
|move|p2a: Tapu Fini|Draining Kiss|p1a: Tapu Lele
|-damage|p1a: Tapu Lele|0 fnt
|-heal|p2a: Tapu Fini|36/100|[from] drain|[of] p1a: Tapu Lele
|faint|p1a: Tapu Lele
|
|-heal|p2a: Tapu Fini|42/100|[from] item: Leftovers
|upkeep
|
|t:|1658050000
|switch|p1a: Rotom|Rotom-Wash|67/100
|-damage|p1a: Rotom|55/100|[from] Stealth Rock
|turn|25
|
|t:|1658050002
|move|p1a: Rotom|Toxic|p2a: Tapu Fini
|-status|p2a: Tapu Fini|tox
|move|p2a: Tapu Fini|Draining Kiss|p1a: Rotom
|-damage|p1a: Rotom|27/100
|-heal|p2a: Tapu Fini|60/100 tox|[from] drain|[of] p1a: Rotom
|
|-heal|p1a: Rotom|33/100|[from] item: Leftovers
|-heal|p2a: Tapu Fini|66/100 tox|[from] item: Leftovers
|-damage|p2a: Tapu Fini|60/100 tox|[from] psn
|upkeep
|turn|26
|
|t:|1658050004
|switch|p2a: Dragapult|Dragapult, F|17/100 tox
|-damage|p2a: Dragapult|4/100 tox|[from] Stealth Rock
|move|p1a: Rotom|Pain Split|p2a: Dragapult
|-sethp|p2a: Dragapult|18/100 tox|[from] move: Pain Split|[silent]
|-sethp|p1a: Rotom|19/100|[from] move: Pain Split
|
|-heal|p1a: Rotom|25/100|[from] item: Leftovers
|-damage|p2a: Dragapult|12/100 tox|[from] psn
|-fieldend|move: Psychic Terrain
|upkeep
|turn|27
|
|t:|1658050014
|switch|p1a: Heatran|Heatran, F|70/100
|-damage|p1a: Heatran|57/100|[from] Stealth Rock
|move|p2a: Dragapult|Shadow Ball|p1a: Heatran
|-damage|p1a: Heatran|9/100
|
|-heal|p1a: Heatran|16/100|[from] item: Leftovers
|-damage|p2a: Dragapult|0 fnt|[from] psn
|faint|p2a: Dragapult
|upkeep
|
|t:|1658050026
|switch|p2a: Tapu Fini|Tapu Fini|60/100 tox
|-damage|p2a: Tapu Fini|48/100 tox|[from] Stealth Rock
|-fieldstart|move: Misty Terrain|[from] ability: Misty Surge|[of] p2a: Tapu Fini
|turn|28
|
|t:|1658050030
|move|p1a: Heatran|Earth Power|p2a: Tapu Fini
|-damage|p2a: Tapu Fini|25/100 tox
|move|p2a: Tapu Fini|Scald|p1a: Heatran
|-supereffective|p1a: Heatran
|-damage|p1a: Heatran|0 fnt
|faint|p1a: Heatran
|
|-heal|p2a: Tapu Fini|31/100 tox|[from] item: Leftovers
|-damage|p2a: Tapu Fini|25/100 tox|[from] psn
|upkeep
|
|t:|1658050033
|switch|p1a: Rotom|Rotom-Wash|25/100
|-damage|p1a: Rotom|12/100|[from] Stealth Rock
|turn|29
|
|t:|1658050037
|move|p1a: Rotom|Pain Split|p2a: Tapu Fini
|-sethp|p2a: Tapu Fini|18/100 tox|[from] move: Pain Split|[silent]
|-sethp|p1a: Rotom|20/100|[from] move: Pain Split
|move|p2a: Tapu Fini|Draining Kiss|p1a: Rotom
|-damage|p1a: Rotom|1/100
|-heal|p2a: Tapu Fini|31/100 tox|[from] drain|[of] p1a: Rotom
|
|-heal|p1a: Rotom|7/100|[from] item: Leftovers
|-heal|p2a: Tapu Fini|37/100 tox|[from] item: Leftovers
|-damage|p2a: Tapu Fini|25/100 tox|[from] psn
|upkeep
|turn|30
|
|t:|1658050044
|move|p1a: Rotom|Volt Switch|p2a: Tapu Fini
|-supereffective|p2a: Tapu Fini
|-damage|p2a: Tapu Fini|0 fnt
|faint|p2a: Tapu Fini
|
|t:|1658050046
|switch|p1a: Weavile|Weavile, F|40/100|[from]move: Volt Switch
|-damage|p1a: Weavile|15/100|[from] Stealth Rock
|-ability|p1a: Weavile|Pressure
|
|upkeep
|
|t:|1658050048
|switch|p2a: Melmetal|Melmetal|100/100
|-damage|p2a: Melmetal|94/100|[from] Stealth Rock
|turn|31
|
|t:|1658050050
|move|p1a: Weavile|Low Kick|p2a: Melmetal
|-supereffective|p2a: Melmetal
|-damage|p2a: Melmetal|37/100
|move|p2a: Melmetal|Double Iron Bash|p1a: Weavile
|-supereffective|p1a: Weavile
|-damage|p1a: Weavile|0 fnt
|faint|p1a: Weavile
|-hitcount|p1: Weavile|1
|
|upkeep
|
|t:|1658050053
|switch|p1a: Rotom|Rotom-Wash|7/100
|-damage|p1a: Rotom|0 fnt|[from] Stealth Rock
|faint|p1a: Rotom
|
|win|JudicaelmangaVIDEO
|raw|tanishq1's rating: 1880 &rarr; <strong>1862</strong><br />(-18 for losing)
|raw|JudicaelmangaVIDEO's rating: 1907 &rarr; <strong>1925</strong><br />(+18 for winning)
|l|☆tanishq1
|l|☆JudicaelmangaVIDEO
|l| Goop N Poop
|l| Ran Kob
|l| simplegent
|l| ppaulo
|j|☆JudicaelmangaVIDEO
|player|p2|JudicaelmangaVIDEO|steven
