|j|☆LordQuasimotox
|j|☆tanishq1
|t:|1657701968
|gametype|singles
|player|p1|LordQuasimotox|clown|1752
|player|p2|tanishq1|266|1796
|teamsize|p1|6
|teamsize|p2|6
|gen|8
|tier|[Gen 8] OU
|rated|
|rule|Sleep Clause Mod: Limit one foe put to sleep
|rule|Species Clause: Limit one of each Pokémon
|rule|OHKO Clause: OHKO moves are banned
|rule|Evasion Moves Clause: Evasion moves are banned
|rule|Endless Battle Clause: Forcing endless battles is banned
|rule|HP Percentage Mod: HP is shown in percentages
|rule|Dynamax Clause: You cannot dynamax
|clearpoke
|poke|p1|Chansey, F|
|poke|p1|Toxapex, F|
|poke|p1|Corviknight, M|
|poke|p1|Gastrodon, M|
|poke|p1|Mew|
|poke|p1|Clefable, F|
|poke|p2|Tornadus-Therian, M|
|poke|p2|Ferrothorn, F|
|poke|p2|Zapdos|
|poke|p2|Pelipper, M|
|poke|p2|Seismitoad, F|
|poke|p2|Barraskewda, F|
|teampreview
|inactive|Battle timer is ON: inactive players will automatically lose when time's up. (requested by tanishq1)
|inactive|LordQuasimotox also wants the timer to be on.
|c|☆LordQuasimotox|lovely elo
|c|☆LordQuasimotox|gimm
|c|☆LordQuasimotox|e
|
|t:|1657701981
|start
|switch|p1a: Stall Machine|Toxapex, F, shiny|100/100
|switch|p2a: Pelipper|Pelipper, M|100/100
|-weather|RainDance|[from] ability: Drizzle|[of] p2a: Pelipper
|turn|1
|c|☆LordQuasimotox|hand it over
|
|t:|1657701984
|move|p2a: Pelipper|U-turn|p1a: Stall Machine
|-resisted|p1a: Stall Machine
|-damage|p1a: Stall Machine|97/100
|-damage|p2a: Pelipper|84/100|[from] item: Rocky Helmet|[of] p1a: Stall Machine
|
|t:|1657701986
|switch|p2a: Zapdos|Zapdos|100/100|[from]move: U-turn
|move|p1a: Stall Machine|Knock Off|p2a: Zapdos
|-damage|p2a: Zapdos|83/100
|-enditem|p2a: Zapdos|Life Orb|[from] move: Knock Off|[of] p1a: Stall Machine
|
|-weather|RainDance|[upkeep]
|upkeep
|turn|2
|
|t:|1657701990
|switch|p2a: Barraskewda|Barraskewda, F|100/100
|switch|p1a: Satan|Chansey, F, shiny|100/100
|
|-weather|RainDance|[upkeep]
|upkeep
|turn|3
|
|t:|1657701994
|switch|p1a: Stall Machine|Toxapex, F, shiny|100/100
|move|p2a: Barraskewda|Flip Turn|p1a: Stall Machine
|-resisted|p1a: Stall Machine
|-damage|p1a: Stall Machine|70/100
|-damage|p2a: Barraskewda|84/100|[from] item: Rocky Helmet|[of] p1a: Stall Machine
|
|t:|1657702000
|switch|p2a: Seismitoad|Seismitoad, F|100/100|[from]move: Flip Turn
|
|-weather|RainDance|[upkeep]
|upkeep
|turn|4
|
|t:|1657702002
|switch|p1a: Satan|Chansey, F, shiny|100/100
|move|p2a: Seismitoad|Earth Power|p1a: Satan
|-damage|p1a: Satan|85/100
|-damage|p2a: Seismitoad|91/100|[from] item: Life Orb
|
|-weather|RainDance|[upkeep]
|upkeep
|turn|5
|
|t:|1657702004
|switch|p2a: Ferrothorn|Ferrothorn, F|100/100
|move|p1a: Satan|Stealth Rock|p2a: Ferrothorn
|-sidestart|p2: tanishq1|move: Stealth Rock
|
|-weather|RainDance|[upkeep]
|upkeep
|turn|6
|
|t:|1657702006
|switch|p1a: Judgement|Corviknight, M, shiny|100/100
|-ability|p1a: Judgement|Pressure
|move|p2a: Ferrothorn|Stealth Rock|p1a: Judgement
|-sidestart|p1: LordQuasimotox|move: Stealth Rock
|
|-weather|RainDance|[upkeep]
|upkeep
|turn|7
|
|t:|1657702008
|move|p1a: Judgement|Defog|p2a: Ferrothorn
|-unboost|p2a: Ferrothorn|evasion|1
|-sideend|p2: tanishq1|Stealth Rock|[from] move: Defog|[of] p1a: Judgement
|-sideend|p1: LordQuasimotox|Stealth Rock|[from] move: Defog|[of] p1a: Judgement
|move|p2a: Ferrothorn|Leech Seed|p1a: Judgement
|-start|p1a: Judgement|move: Leech Seed
|
|-weather|RainDance|[upkeep]
|-damage|p1a: Judgement|88/100|[from] Leech Seed|[of] p2a: Ferrothorn
|upkeep
|turn|8
|
|t:|1657702010
|switch|p1a: Stall Machine|Toxapex, F, shiny|100/100
|move|p2a: Ferrothorn|Stealth Rock|p1a: Stall Machine
|-sidestart|p1: LordQuasimotox|move: Stealth Rock
|
|-weather|none
|upkeep
|turn|9
|
|t:|1657702013
|switch|p2a: Zapdos|Zapdos|83/100
|move|p1a: Stall Machine|Knock Off|p2a: Zapdos
|-damage|p2a: Zapdos|70/100
|
|upkeep
|turn|10
|
|t:|1657702018
|switch|p2a: Barraskewda|Barraskewda, F|84/100
|switch|p1a: Satan|Chansey, F, shiny|85/100
|-damage|p1a: Satan|73/100|[from] Stealth Rock
|
|upkeep
|turn|11
|
|t:|1657702020
|switch|p2a: Zapdos|Zapdos|70/100
|switch|p1a: Stall Machine|Toxapex, F, shiny|100/100
|-damage|p1a: Stall Machine|88/100|[from] Stealth Rock
|
|upkeep
|turn|12
|
|t:|1657702022
|switch|p1a: Satan|Chansey, F, shiny|73/100
|-damage|p1a: Satan|60/100|[from] Stealth Rock
|move|p2a: Zapdos|Thunder|p1a: Satan|[miss]
|-miss|p2a: Zapdos|p1a: Satan
|
|upkeep
|turn|13
|
|t:|1657702026
|switch|p2a: Ferrothorn|Ferrothorn, F|100/100
|move|p1a: Satan|Soft-Boiled|p1a: Satan
|-heal|p1a: Satan|100/100
|
|upkeep
|turn|14
|
|t:|1657702030
|switch|p1a: Stall Machine|Toxapex, F, shiny|100/100
|-damage|p1a: Stall Machine|88/100|[from] Stealth Rock
|move|p2a: Ferrothorn|Leech Seed|p1a: Stall Machine
|-start|p1a: Stall Machine|move: Leech Seed
|
|-damage|p1a: Stall Machine|76/100|[from] Leech Seed|[of] p2a: Ferrothorn
|upkeep
|turn|15
|
|t:|1657702032
|switch|p2a: Zapdos|Zapdos|70/100
|move|p1a: Stall Machine|Toxic Spikes|p2a: Zapdos
|-sidestart|p2: tanishq1|move: Toxic Spikes
|
|-damage|p1a: Stall Machine|64/100|[from] Leech Seed|[of] p2a: Zapdos
|-heal|p2a: Zapdos|82/100|[silent]
|upkeep
|turn|16
|
|t:|1657702037
|switch|p2a: Pelipper|Pelipper, M|84/100
|-weather|RainDance|[from] ability: Drizzle|[of] p2a: Pelipper
|switch|p1a: Satan|Chansey, F, shiny|100/100
|-damage|p1a: Satan|88/100|[from] Stealth Rock
|
|-weather|RainDance|[upkeep]
|upkeep
|turn|17
|
|t:|1657702039
|move|p2a: Pelipper|U-turn|p1a: Satan
|-damage|p1a: Satan|82/100
|
|t:|1657702043
|switch|p2a: Tornadus|Tornadus-Therian, M|100/100|[from]move: U-turn
|move|p1a: Satan|Stealth Rock|p2a: Tornadus
|-sidestart|p2: tanishq1|move: Stealth Rock
|
|-weather|RainDance|[upkeep]
|upkeep
|turn|18
|
|t:|1657702046
|switch|p1a: Stall Machine|Toxapex, F, shiny|97/100
|-damage|p1a: Stall Machine|85/100|[from] Stealth Rock
|move|p2a: Tornadus|Nasty Plot|p2a: Tornadus
|-boost|p2a: Tornadus|spa|2
|
|-weather|RainDance|[upkeep]
|upkeep
|turn|19
|
|t:|1657702051
|switch|p1a: elon musk|Clefable, F, shiny|100/100
|-damage|p1a: elon musk|88/100|[from] Stealth Rock
|move|p2a: Tornadus|Hurricane|p1a: elon musk
|-damage|p1a: elon musk|29/100
|-damage|p2a: Tornadus|90/100|[from] item: Life Orb
|
|-weather|RainDance|[upkeep]
|-heal|p1a: elon musk|35/100|[from] item: Leftovers
|upkeep
|turn|20
|j| ljalq
|
|t:|1657702053
|move|p1a: elon musk|Protect|p1a: elon musk
|-singleturn|p1a: elon musk|Protect
|move|p2a: Tornadus|Hurricane|p1a: elon musk
|-activate|p1a: elon musk|move: Protect
|
|-weather|RainDance|[upkeep]
|-heal|p1a: elon musk|41/100|[from] item: Leftovers
|upkeep
|turn|21
|
|t:|1657702057
|switch|p1a: snail|Gastrodon, M, shiny|100/100
|-damage|p1a: snail|94/100|[from] Stealth Rock
|move|p2a: Tornadus|Hurricane|p1a: snail
|-damage|p1a: snail|15/100
|-damage|p2a: Tornadus|80/100|[from] item: Life Orb
|
|-weather|RainDance|[upkeep]
|-heal|p1a: snail|21/100|[from] item: Leftovers
|upkeep
|turn|22
|
|t:|1657702059
|move|p2a: Tornadus|Hurricane|p1a: snail
|-damage|p1a: snail|0 fnt
|faint|p1a: snail
|-damage|p2a: Tornadus|70/100|[from] item: Life Orb
|
|-weather|RainDance|[upkeep]
|upkeep
|
|t:|1657702071
|switch|p1a: Stall Machine|Toxapex, F, shiny|100/100
|-damage|p1a: Stall Machine|88/100|[from] Stealth Rock
|turn|23
|
|t:|1657702076
|move|p2a: Tornadus|Hurricane|p1a: Stall Machine
|-damage|p1a: Stall Machine|1/100
|-damage|p2a: Tornadus|60/100|[from] item: Life Orb
|move|p1a: Stall Machine|Knock Off|p2a: Tornadus
|-damage|p2a: Tornadus|40/100
|-enditem|p2a: Tornadus|Life Orb|[from] move: Knock Off|[of] p1a: Stall Machine
|
|-weather|none
|upkeep
|turn|24
|
|t:|1657702082
|switch|p1a: Judgement|Corviknight, M, shiny|88/100
|-damage|p1a: Judgement|75/100|[from] Stealth Rock
|-ability|p1a: Judgement|Pressure
|move|p2a: Tornadus|Hurricane|p1a: Judgement|[miss]
|-miss|p2a: Tornadus|p1a: Judgement
|
|upkeep
|turn|25
|
|t:|1657702084
|move|p2a: Tornadus|Focus Blast|p1a: Judgement|[miss]
|-miss|p2a: Tornadus|p1a: Judgement
|move|p1a: Judgement|Roost|p1a: Judgement
|-heal|p1a: Judgement|100/100
|-singleturn|p1a: Judgement|move: Roost
|
|upkeep
|turn|26
|
|t:|1657702089
|move|p2a: Tornadus|Focus Blast|p1a: Judgement
|-damage|p1a: Judgement|29/100
|move|p1a: Judgement|U-turn|p2a: Tornadus
|-resisted|p2a: Tornadus
|-damage|p2a: Tornadus|29/100
|
|t:|1657702096
|switch|p1a: Satan|Chansey, F, shiny|82/100|[from]move: U-turn
|-damage|p1a: Satan|70/100|[from] Stealth Rock
|
|upkeep
|turn|27
|
|t:|1657702099
|move|p2a: Tornadus|Focus Blast|p1a: Satan
|-supereffective|p1a: Satan
|-damage|p1a: Satan|25/100
|move|p1a: Satan|Soft-Boiled|p1a: Satan
|-heal|p1a: Satan|75/100
|
|upkeep
|turn|28
|
|t:|1657702102
|switch|p2a: Ferrothorn|Ferrothorn, F|100/100
|-damage|p2a: Ferrothorn|94/100|[from] Stealth Rock
|move|p1a: Satan|Seismic Toss|p2a: Ferrothorn
|-damage|p2a: Ferrothorn|66/100
|-damage|p1a: Satan|62/100|[from] ability: Iron Barbs|[of] p2a: Ferrothorn
|
|-heal|p2a: Ferrothorn|72/100|[from] item: Leftovers
|upkeep
|turn|29
|
|t:|1657702104
|switch|p1a: Judgement|Corviknight, M, shiny|29/100
|-damage|p1a: Judgement|16/100|[from] Stealth Rock
|-ability|p1a: Judgement|Pressure
|move|p2a: Ferrothorn|Leech Seed|p1a: Judgement
|-start|p1a: Judgement|move: Leech Seed
|
|-heal|p2a: Ferrothorn|78/100|[from] item: Leftovers
|-damage|p1a: Judgement|4/100|[from] Leech Seed|[of] p2a: Ferrothorn
|-heal|p2a: Ferrothorn|92/100|[silent]
|upkeep
|turn|30
|
|t:|1657702108
|switch|p2a: Tornadus|Tornadus-Therian, M|63/100
|-damage|p2a: Tornadus|38/100|[from] Stealth Rock
|move|p1a: Judgement|Roost|p1a: Judgement
|-heal|p1a: Judgement|54/100
|-singleturn|p1a: Judgement|move: Roost
|
|-damage|p1a: Judgement|41/100|[from] Leech Seed|[of] p2a: Tornadus
|-heal|p2a: Tornadus|54/100|[silent]
|upkeep
|turn|31
|
|t:|1657702113
|move|p2a: Tornadus|Nasty Plot|p2a: Tornadus
|-boost|p2a: Tornadus|spa|2
|move|p1a: Judgement|Roost|p1a: Judgement
|-heal|p1a: Judgement|91/100
|-singleturn|p1a: Judgement|move: Roost
|
|-damage|p1a: Judgement|79/100|[from] Leech Seed|[of] p2a: Tornadus
|-heal|p2a: Tornadus|71/100|[silent]
|upkeep
|turn|32
|
|t:|1657702116
|move|p2a: Tornadus|Nasty Plot|p2a: Tornadus
|-boost|p2a: Tornadus|spa|2
|move|p1a: Judgement|Roost|p1a: Judgement
|-heal|p1a: Judgement|100/100
|-singleturn|p1a: Judgement|move: Roost
|
|-damage|p1a: Judgement|88/100|[from] Leech Seed|[of] p2a: Tornadus
|-heal|p2a: Tornadus|88/100|[silent]
|upkeep
|turn|33
|
|t:|1657702121
|move|p2a: Tornadus|Hurricane|p1a: Judgement
|-resisted|p1a: Judgement
|-damage|p1a: Judgement|9/100
|move|p1a: Judgement|Defog|p2a: Tornadus
|-unboost|p2a: Tornadus|evasion|1
|-sideend|p2: tanishq1|Toxic Spikes|[from] move: Defog|[of] p1a: Judgement
|-sideend|p2: tanishq1|Stealth Rock|[from] move: Defog|[of] p1a: Judgement
|-sideend|p1: LordQuasimotox|Stealth Rock|[from] move: Defog|[of] p1a: Judgement
|
|-damage|p1a: Judgement|0 fnt|[from] Leech Seed|[of] p2a: Tornadus
|-heal|p2a: Tornadus|99/100|[silent]
|faint|p1a: Judgement
|upkeep
|
|t:|1657702124
|switch|p1a: elon musk|Clefable, F, shiny|41/100
|turn|34
|
|t:|1657702126
|move|p1a: elon musk|Protect|p1a: elon musk
|-singleturn|p1a: elon musk|Protect
|move|p2a: Tornadus|Hurricane|p1a: elon musk
|-activate|p1a: elon musk|move: Protect
|
|-heal|p1a: elon musk|47/100|[from] item: Leftovers
|upkeep
|turn|35
|
|t:|1657702129
|move|p2a: Tornadus|Hurricane|p1a: elon musk
|-damage|p1a: elon musk|0 fnt
|faint|p1a: elon musk
|
|upkeep
|-message|LordQuasimotox forfeited.
|
|win|tanishq1
|raw|LordQuasimotox's rating: 1752 &rarr; <strong>1735</strong><br />(-17 for losing)
|raw|tanishq1's rating: 1796 &rarr; <strong>1813</strong><br />(+17 for winning)
|l|☆LordQuasimotox
