|j|☆Meroz
|j|☆HLT1B FerZs
|player|p1|Meroz|101|1948
|player|p2|HLT1B FerZs|furisodegirl-black|1856
|teamsize|p1|6
|teamsize|p2|6
|gametype|singles
|gen|8
|tier|[Gen 8] OU
|rated|
|clearpoke
|poke|p1|Urshifu-*, F|
|poke|p1|Amoonguss, M|
|poke|p1|Mandibuzz, F|
|poke|p1|Excadrill, M|
|poke|p1|Clefable, M|
|poke|p1|Dragapult, F|
|poke|p2|Cinderace, F|
|poke|p2|Urshifu-*, F|
|poke|p2|Excadrill, F|
|poke|p2|Rillaboom, M|
|poke|p2|Magearna|
|poke|p2|Hawlucha, M|
|rule|Sleep Clause Mod: Limit one foe put to sleep
|rule|Species Clause: Limit one of each Pokémon
|rule|OHKO Clause: OHKO moves are banned
|rule|Evasion Moves Clause: Evasion moves are banned
|rule|Endless Battle Clause: Forcing endless battles is banned
|rule|HP Percentage Mod: HP is shown in percentages
|rule|Dynamax Clause: You cannot dynamax
|teampreview
|j| aelfbsdf
|j| JigglyThot
|
|start
|switch|p1a: Mandibuzz|Mandibuzz, F|100/100
|switch|p2a: Excadrill|Excadrill, F|100/100
|-ability|p2a: Excadrill|Mold Breaker
|turn|1
|
|move|p2a: Excadrill|Stealth Rock|p1a: Mandibuzz
|-sidestart|p1: Meroz|move: Stealth Rock
|move|p1a: Mandibuzz|Foul Play|p2a: Excadrill
|-damage|p2a: Excadrill|27/100
|
|upkeep
|turn|2
|
|move|p2a: Excadrill|Iron Head|p1a: Mandibuzz
|-damage|p1a: Mandibuzz|76/100
|move|p1a: Mandibuzz|Roost|p1a: Mandibuzz
|-heal|p1a: Mandibuzz|100/100
|-singleturn|p1a: Mandibuzz|move: Roost
|
|upkeep
|turn|3
|
|move|p2a: Excadrill|Iron Head|p1a: Mandibuzz
|-damage|p1a: Mandibuzz|73/100
|move|p1a: Mandibuzz|Foul Play|p2a: Excadrill
|-damage|p2a: Excadrill|0 fnt
|faint|p2a: Excadrill
|
|upkeep
|l| aelfbsdf
|
|switch|p2a: Cinderace|Cinderace, F|100/100
|turn|4
|
|move|p2a: Cinderace|Pyro Ball|p1a: Mandibuzz
|-damage|p1a: Mandibuzz|18/100
|move|p1a: Mandibuzz|U-turn|p2a: Cinderace
|-resisted|p2a: Cinderace
|-damage|p2a: Cinderace|92/100
|
|switch|p1a: Dragapult|Dragapult, F|100/100|[from]move: U-turn
|-damage|p1a: Dragapult|88/100|[from] Stealth Rock
|
|upkeep
|turn|5
|
|switch|p2a: Bakugan|Magearna|100/100
|move|p1a: Dragapult|Shadow Ball|p2a: Bakugan
|-damage|p2a: Bakugan|46/100
|-unboost|p2a: Bakugan|spd|1
|
|-heal|p2a: Bakugan|52/100|[from] item: Leftovers
|upkeep
|turn|6
|
|switch|p2a: Urshifu|Urshifu, F|100/100
|move|p1a: Dragapult|Shadow Ball|p2a: Urshifu
|-resisted|p2a: Urshifu
|-damage|p2a: Urshifu|55/100
|
|upkeep
|turn|7
|
|switch|p1a: Amoonguss|Amoonguss, M|100/100
|-damage|p1a: Amoonguss|88/100|[from] Stealth Rock
|switch|p2a: Cinderace|Cinderace, F|92/100
|
|upkeep
|turn|8
|
|switch|p1a: Mandibuzz|Mandibuzz, F|18/100
|move|p2a: Cinderace|Pyro Ball|p1a: Mandibuzz
|-damage|p1a: Mandibuzz|0 fnt
|faint|p1a: Mandibuzz
|
|upkeep
|
|switch|p1a: Dragapult|Dragapult, F|88/100
|-damage|p1a: Dragapult|76/100|[from] Stealth Rock
|turn|9
|
|switch|p2a: Urshifu|Urshifu, F|55/100
|move|p1a: Dragapult|Shadow Ball|p2a: Urshifu
|-resisted|p2a: Urshifu
|-damage|p2a: Urshifu|14/100
|-unboost|p2a: Urshifu|spd|1
|
|upkeep
|turn|10
|j| cypherstest
|
|switch|p1a: Clefable|Clefable, M|100/100
|move|p2a: Urshifu|Wicked Blow|p1a: Clefable
|-resisted|p1a: Clefable
|-crit|p1a: Clefable
|-damage|p1a: Clefable|63/100
|-damage|p2a: Urshifu|4/100|[from] item: Life Orb
|
|-heal|p1a: Clefable|69/100|[from] item: Leftovers
|upkeep
|turn|11
|j| lol nice dc pc
|
|move|p2a: Urshifu|Bulk Up|p2a: Urshifu
|-boost|p2a: Urshifu|atk|1
|-boost|p2a: Urshifu|def|1
|move|p1a: Clefable|Soft-Boiled|p1a: Clefable
|-heal|p1a: Clefable|100/100
|
|upkeep
|turn|12
|
|move|p2a: Urshifu|Wicked Blow|p1a: Clefable
|-resisted|p1a: Clefable
|-crit|p1a: Clefable
|-damage|p1a: Clefable|40/100
|-damage|p2a: Urshifu|0 fnt|[from] item: Life Orb
|faint|p2a: Urshifu
|move|p1a: Clefable|Moonblast|p2: Urshifu|[notarget]
|-fail|p1a: Clefable
|
|-heal|p1a: Clefable|46/100|[from] item: Leftovers
|upkeep
|
|switch|p2a: Bakugan|Magearna|52/100
|turn|13
|j| MatisXYZ
|
|switch|p2a: Cinderace|Cinderace, F|92/100
|move|p1a: Clefable|Thunder Wave|p2a: Cinderace
|-status|p2a: Cinderace|par
|
|-heal|p1a: Clefable|52/100|[from] item: Leftovers
|upkeep
|turn|14
|
|switch|p1a: Excadrill|Excadrill, M|100/100
|-damage|p1a: Excadrill|97/100|[from] Stealth Rock
|-ability|p1a: Excadrill|Mold Breaker
|move|p2a: Cinderace|Pyro Ball|p1a: Excadrill
|-supereffective|p1a: Excadrill
|-damage|p1a: Excadrill|0 fnt
|faint|p1a: Excadrill
|
|upkeep
|
|switch|p1a: Dragapult|Dragapult, F|76/100
|-damage|p1a: Dragapult|64/100|[from] Stealth Rock
|turn|15
|
|move|p1a: Dragapult|Shadow Ball|p2a: Cinderace
|-damage|p2a: Cinderace|12/100 par
|cant|p2a: Cinderace|par
|
|upkeep
|turn|16
|
|move|p1a: Dragapult|Shadow Ball|p2a: Cinderace
|-damage|p2a: Cinderace|0 fnt
|faint|p2a: Cinderace
|
|upkeep
|
|switch|p2a: Rillaboom|Rillaboom, M|100/100
|-fieldstart|move: Grassy Terrain|[from] ability: Grassy Surge|[of] p2a: Rillaboom
|turn|17
|j| Arnaud senju vgc
|
|switch|p1a: Amoonguss|Amoonguss, M|100/100
|-damage|p1a: Amoonguss|88/100|[from] Stealth Rock
|move|p2a: Rillaboom|Swords Dance|p2a: Rillaboom
|-boost|p2a: Rillaboom|atk|2
|
|-heal|p1a: Amoonguss|94/100|[from] Grassy Terrain
|upkeep
|turn|18
|
|move|p2a: Rillaboom|High Horsepower|p1a: Amoonguss
|-damage|p1a: Amoonguss|39/100
|-damage|p2a: Rillaboom|84/100|[from] item: Rocky Helmet|[of] p1a: Amoonguss
|-damage|p2a: Rillaboom|74/100|[from] item: Life Orb
|move|p1a: Amoonguss|Sludge Bomb|p2a: Rillaboom
|-supereffective|p2a: Rillaboom
|-damage|p2a: Rillaboom|3/100
|
|-heal|p2a: Rillaboom|9/100|[from] Grassy Terrain
|-heal|p1a: Amoonguss|45/100|[from] Grassy Terrain
|upkeep
|turn|19
|
|switch|p1a: Clefable|Clefable, M|52/100
|move|p2a: Rillaboom|High Horsepower|p1a: Clefable
|-damage|p1a: Clefable|0 fnt
|-damage|p2a: Rillaboom|0 fnt|[from] item: Life Orb
|faint|p1a: Clefable
|faint|p2a: Rillaboom
|
|upkeep
|
|switch|p2a: Hawlucha|Hawlucha, M|100/100
|switch|p1a: Amoonguss|Amoonguss, M|78/100
|-enditem|p2a: Hawlucha|Grassy Seed
|-boost|p2a: Hawlucha|def|1|[from] item: Grassy Seed
|-damage|p1a: Amoonguss|65/100|[from] Stealth Rock
|turn|20
|l| MatisXYZ
|j| MatisXYZ
|j| TuanNguyen
|inactive|Battle timer is ON: inactive players will automatically lose when time's up. (requested by Meroz)
|l| Arnaud senju vgc
|j| Arnaud senju vgc
|
|switch|p1a: Urshifu|Urshifu, F|100/100
|-damage|p1a: Urshifu|94/100|[from] Stealth Rock
|move|p2a: Hawlucha|Acrobatics|p1a: Urshifu
|-supereffective|p1a: Urshifu
|-damage|p1a: Urshifu|0 fnt
|faint|p1a: Urshifu
|
|upkeep
|
|switch|p1a: Amoonguss|Amoonguss, M|99/100
|-damage|p1a: Amoonguss|86/100|[from] Stealth Rock
|turn|21
|
|move|p2a: Hawlucha|Acrobatics|p1a: Amoonguss
|-supereffective|p1a: Amoonguss
|-damage|p1a: Amoonguss|13/100
|-damage|p2a: Hawlucha|84/100|[from] item: Rocky Helmet|[of] p1a: Amoonguss
|move|p1a: Amoonguss|Stun Spore|p2a: Hawlucha
|-status|p2a: Hawlucha|par
|
|-heal|p1a: Amoonguss|19/100|[from] Grassy Terrain
|-fieldend|move: Grassy Terrain
|upkeep
|turn|22
|
|move|p2a: Hawlucha|Acrobatics|p1a: Amoonguss
|-supereffective|p1a: Amoonguss
|-damage|p1a: Amoonguss|0 fnt
|-damage|p2a: Hawlucha|68/100 par|[from] item: Rocky Helmet|[of] p1a: Amoonguss
|faint|p1a: Amoonguss
|
|upkeep
|j| user1_ou
|
|switch|p1a: Dragapult|Dragapult, F|64/100
|-damage|p1a: Dragapult|51/100|[from] Stealth Rock
|turn|23
|
|move|p1a: Dragapult|Shadow Ball|p2a: Hawlucha
|-damage|p2a: Hawlucha|0 fnt
|faint|p2a: Hawlucha
|
|upkeep
|
|switch|p2a: Bakugan|Magearna|52/100
|turn|24
|
|move|p1a: Dragapult|Shadow Ball|p2a: Bakugan
|-damage|p2a: Bakugan|0 fnt
|faint|p2a: Bakugan
|
|win|Meroz
|c|☆HLT1B FerZs|gg
|l|☆HLT1B FerZs
|c|☆Meroz|gg
|l| TuanNguyen
|l| JigglyThot
|l| MatisXYZ
|l| lol nice dc pc
||Ladder (probably) updated, but score could not be retrieved (Request timeout).
