|j|☆A
|j|☆MienshaoDaGoat
|inactive|Battle timer is ON: inactive players will automatically lose when time's up.
|player|p1|A|clemont|
|player|p2|MienshaoDaGoat|alder|
|teamsize|p1|6
|teamsize|p2|6
|gametype|singles
|gen|8
|tier|[Gen 8] OU
|rated|Tournament battle
|clearpoke
|poke|p1|Clefable, F|
|poke|p1|Rotom-Mow|
|poke|p1|Kommo-o, M|
|poke|p1|Toxapex, M|
|poke|p1|Mandibuzz, F|
|poke|p1|Jirachi|
|poke|p2|Escavalier, F|
|poke|p2|Chandelure, F|
|poke|p2|Kommo-o, M|
|poke|p2|Vaporeon, M|
|poke|p2|Zeraora|
|poke|p2|Hydreigon, M|
|rule|Sleep Clause Mod: Limit one foe put to sleep
|rule|Species Clause: Limit one of each Pokémon
|rule|OHKO Clause: OHKO moves are banned
|rule|Evasion Moves Clause: Evasion moves are banned
|rule|Endless Battle Clause: Forcing endless battles is banned
|rule|HP Percentage Mod: HP is shown in percentages
|rule|Dynamax Clause: You cannot dynamax
|teampreview
|j| sinnoh myths
|c|☆A|hf
|c|☆MienshaoDaGoat|u2
|
|start
|switch|p1a: cool laddy|Jirachi, shiny|100/100
|switch|p2a: Hydreigon|Hydreigon, M|100/100
|turn|1
|
|move|p1a: cool laddy|Trick|p2a: Hydreigon
|-activate|p1a: cool laddy|move: Trick|[of] p2a: Hydreigon
|-item|p2a: Hydreigon|Choice Scarf|[from] move: Trick
|-item|p1a: cool laddy|Life Orb|[from] move: Trick
|move|p2a: Hydreigon|Nasty Plot|p2a: Hydreigon
|-boost|p2a: Hydreigon|spa|2
|
|upkeep
|turn|2
|inactive|MienshaoDaGoat has 120 seconds left.
|
|switch|p2a: Kommo-o|Kommo-o, M|100/100
|move|p1a: cool laddy|Thunder Wave|p2a: Kommo-o
|-status|p2a: Kommo-o|par
|
|upkeep
|turn|3
|j| Shaka14
|
|move|p1a: cool laddy|Iron Head|p2a: Kommo-o
|-damage|p2a: Kommo-o|76/100 par
|-damage|p1a: cool laddy|91/100|[from] item: Life Orb
|cant|p2a: Kommo-o|flinch
|
|-heal|p2a: Kommo-o|82/100 par|[from] item: Leftovers
|upkeep
|turn|4
|
|move|p1a: cool laddy|Trick|p2a: Kommo-o
|-activate|p1a: cool laddy|move: Trick|[of] p2a: Kommo-o
|-item|p2a: Kommo-o|Life Orb|[from] move: Trick
|-item|p1a: cool laddy|Leftovers|[from] move: Trick
|move|p2a: Kommo-o|Stealth Rock|p1a: cool laddy
|-sidestart|p1: A|move: Stealth Rock
|
|-heal|p1a: cool laddy|97/100|[from] item: Leftovers
|upkeep
|turn|5
|
|move|p1a: cool laddy|Thunder Wave|p2a: Kommo-o
|-fail|p2a: Kommo-o|par
|move|p2a: Kommo-o|Iron Defense|p2a: Kommo-o
|-boost|p2a: Kommo-o|def|2
|
|-heal|p1a: cool laddy|100/100|[from] item: Leftovers
|upkeep
|turn|6
|
|switch|p2a: Chandelure|Chandelure, F|100/100
|move|p1a: cool laddy|U-turn|p2a: Chandelure
|-resisted|p2a: Chandelure
|-damage|p2a: Chandelure|94/100
|
|switch|p1a: yeah boii|Rotom-Mow, shiny|100/100|[from]move: U-turn
|-damage|p1a: yeah boii|88/100|[from] Stealth Rock
|
|upkeep
|turn|7
|
|move|p1a: yeah boii|Volt Switch|p2a: Chandelure
|-damage|p2a: Chandelure|58/100
|j| marshadow best boi
|
|switch|p1a: irrationallty m8|Mandibuzz, F|100/100|[from]move: Volt Switch
|move|p2a: Chandelure|Shadow Ball|p1a: irrationallty m8
|-resisted|p1a: irrationallty m8
|-damage|p1a: irrationallty m8|77/100
|
|upkeep
|turn|8
|
|switch|p2a: Zeraora|Zeraora|100/100
|move|p1a: irrationallty m8|Toxic|p2a: Zeraora
|-status|p2a: Zeraora|tox
|
|-damage|p2a: Zeraora|95/100 tox|[from] psn
|upkeep
|turn|9
|
|switch|p2a: Escavalier|Escavalier, F|100/100
|move|p1a: irrationallty m8|Defog|p2a: Escavalier
|-unboost|p2a: Escavalier|evasion|1
|-sideend|p1: A|Stealth Rock|[from] move: Defog|[of] p1a: irrationallty m8
|
|upkeep
|turn|10
|
|switch|p1a: epic games|Kommo-o, M|100/100
|move|p2a: Escavalier|Swords Dance|p2a: Escavalier
|-boost|p2a: Escavalier|atk|2
|
|upkeep
|turn|11
|j| Tutttavbs
|
|switch|p2a: Kommo-o|Kommo-o, M|82/100 par
|move|p1a: epic games|Flamethrower|p2a: Kommo-o
|-resisted|p2a: Kommo-o
|-damage|p2a: Kommo-o|74/100 par
|
|upkeep
|turn|12
|j|‽stop luking idiots
|
|move|p1a: epic games|Stealth Rock|p2a: Kommo-o
|-sidestart|p2: MienshaoDaGoat|move: Stealth Rock
|move|p2a: Kommo-o|Stealth Rock|p1a: epic games
|-sidestart|p1: A|move: Stealth Rock
|
|upkeep
|turn|13
|
|move|p1a: epic games|Body Press|p2a: Kommo-o
|-damage|p2a: Kommo-o|48/100 par
|move|p2a: Kommo-o|Iron Defense|p2a: Kommo-o
|-boost|p2a: Kommo-o|def|2
|
|upkeep
|turn|14
|
|switch|p1a: the chungus|Toxapex, M, shiny|100/100
|-damage|p1a: the chungus|88/100|[from] Stealth Rock
|cant|p2a: Kommo-o|par
|
|-heal|p1a: the chungus|94/100|[from] item: Black Sludge
|upkeep
|turn|15
|l| Tutttavbs
|j| Forresterr
|inactive|MienshaoDaGoat has 120 seconds left.
|
|switch|p2a: Hydreigon|Hydreigon, M|100/100
|-damage|p2a: Hydreigon|88/100|[from] Stealth Rock
|move|p1a: the chungus|Haze|p1a: the chungus
|-clearallboost
|
|-heal|p1a: the chungus|99/100|[from] item: Black Sludge
|upkeep
|turn|16
|
|move|p2a: Hydreigon|Flash Cannon|p1a: the chungus
|-resisted|p1a: the chungus
|-damage|p1a: the chungus|88/100
|move|p1a: the chungus|Toxic|p2a: Hydreigon
|-status|p2a: Hydreigon|tox
|
|-heal|p1a: the chungus|94/100|[from] item: Black Sludge
|-damage|p2a: Hydreigon|82/100 tox|[from] psn
|upkeep
|turn|17
|j| smearedcheese
|inactive|MienshaoDaGoat has 120 seconds left.
|
|switch|p2a: Vaporeon|Vaporeon, M|100/100
|-damage|p2a: Vaporeon|88/100|[from] Stealth Rock
|move|p1a: the chungus|Scald|p2a: Vaporeon
|-heal|p2a: Vaporeon|100/100|[from] ability: Water Absorb|[of] p1a: the chungus
|
|-heal|p1a: the chungus|99/100|[from] item: Black Sludge
|upkeep
|turn|18
|
|switch|p2a: Zeraora|Zeraora|95/100 tox
|-damage|p2a: Zeraora|82/100 tox|[from] Stealth Rock
|move|p1a: the chungus|Toxic|p2a: Zeraora
|-fail|p2a: Zeraora|tox
|
|-heal|p2a: Zeraora|88/100 tox|[from] item: Leftovers
|-heal|p1a: the chungus|100/100|[from] item: Black Sludge
|-damage|p2a: Zeraora|82/100 tox|[from] psn
|upkeep
|turn|19
|
|switch|p1a: hypocrite|Clefable, F, shiny|100/100
|move|p2a: Zeraora|Bulk Up|p2a: Zeraora
|-boost|p2a: Zeraora|atk|1
|-boost|p2a: Zeraora|def|1
|
|-heal|p2a: Zeraora|88/100 tox|[from] item: Leftovers
|-damage|p2a: Zeraora|76/100 tox|[from] psn
|upkeep
|turn|20
|
|move|p2a: Zeraora|Bulk Up|p2a: Zeraora
|-boost|p2a: Zeraora|atk|1
|-boost|p2a: Zeraora|def|1
|move|p1a: hypocrite|Moonblast|p2a: Zeraora
|-damage|p2a: Zeraora|29/100 tox
|-unboost|p2a: Zeraora|spa|1
|
|-heal|p2a: Zeraora|35/100 tox|[from] item: Leftovers
|-damage|p2a: Zeraora|17/100 tox|[from] psn
|upkeep
|turn|21
|
|switch|p2a: Escavalier|Escavalier, F|100/100
|-damage|p2a: Escavalier|88/100|[from] Stealth Rock
|switch|p1a: cool laddy|Jirachi, shiny|100/100
|-damage|p1a: cool laddy|94/100|[from] Stealth Rock
|
|-heal|p1a: cool laddy|100/100|[from] item: Leftovers
|-heal|p2a: Escavalier|94/100|[from] item: Leftovers
|upkeep
|turn|22
|
|move|p1a: cool laddy|U-turn|p2a: Escavalier
|-resisted|p2a: Escavalier
|-damage|p2a: Escavalier|86/100
|
|switch|p1a: epic games|Kommo-o, M|100/100|[from]move: U-turn
|-damage|p1a: epic games|94/100|[from] Stealth Rock
|move|p2a: Escavalier|Iron Head|p1a: epic games
|-damage|p1a: epic games|65/100
|
|-heal|p1a: epic games|72/100|[from] item: Leftovers
|-heal|p2a: Escavalier|92/100|[from] item: Leftovers
|upkeep
|turn|23
|
|switch|p2a: Vaporeon|Vaporeon, M|100/100
|-damage|p2a: Vaporeon|88/100|[from] Stealth Rock
|move|p1a: epic games|Flamethrower|p2a: Vaporeon
|-resisted|p2a: Vaporeon
|-damage|p2a: Vaporeon|80/100
|
|-heal|p1a: epic games|78/100|[from] item: Leftovers
|-heal|p2a: Vaporeon|86/100|[from] item: Leftovers
|upkeep
|turn|24
|
|move|p1a: epic games|Body Press|p2a: Vaporeon
|-damage|p2a: Vaporeon|56/100
|move|p2a: Vaporeon|Wish|p2a: Vaporeon
|
|-heal|p1a: epic games|84/100|[from] item: Leftovers
|-heal|p2a: Vaporeon|62/100|[from] item: Leftovers
|upkeep
|turn|25
|
|move|p1a: epic games|Body Press|p2a: Vaporeon
|-damage|p2a: Vaporeon|33/100
|move|p2a: Vaporeon|Ice Beam|p1a: epic games
|-supereffective|p1a: epic games
|-crit|p1a: epic games
|-damage|p1a: epic games|20/100
|
|-heal|p2a: Vaporeon|83/100|[from] move: Wish|[wisher] Vaporeon
|-heal|p1a: epic games|27/100|[from] item: Leftovers
|-heal|p2a: Vaporeon|89/100|[from] item: Leftovers
|upkeep
|turn|26
|
|move|p1a: epic games|Protect|p1a: epic games
|-singleturn|p1a: epic games|Protect
|move|p2a: Vaporeon|Wish|p2a: Vaporeon
|
|-heal|p1a: epic games|33/100|[from] item: Leftovers
|-heal|p2a: Vaporeon|95/100|[from] item: Leftovers
|upkeep
|turn|27
|
|switch|p1a: hypocrite|Clefable, F, shiny|100/100
|move|p2a: Vaporeon|Ice Beam|p1a: hypocrite
|-damage|p1a: hypocrite|78/100
|
|-heal|p2a: Vaporeon|100/100|[from] move: Wish|[wisher] Vaporeon
|-heal|p1a: hypocrite|84/100|[from] item: Leftovers
|upkeep
|turn|28
|
|move|p2a: Vaporeon|Wish|p2a: Vaporeon
|move|p1a: hypocrite|Thunderbolt|p2a: Vaporeon
|-supereffective|p2a: Vaporeon
|-damage|p2a: Vaporeon|65/100
|
|-heal|p2a: Vaporeon|71/100|[from] item: Leftovers
|-heal|p1a: hypocrite|90/100|[from] item: Leftovers
|upkeep
|turn|29
|j| Atrocious-D
|l| Forresterr
|
|switch|p2a: Escavalier|Escavalier, F|92/100
|-damage|p2a: Escavalier|80/100|[from] Stealth Rock
|move|p1a: hypocrite|Calm Mind|p1a: hypocrite
|-boost|p1a: hypocrite|spa|1
|-boost|p1a: hypocrite|spd|1
|
|-heal|p2a: Escavalier|100/100|[from] move: Wish|[wisher] Vaporeon
|-heal|p1a: hypocrite|97/100|[from] item: Leftovers
|upkeep
|turn|30
|
|switch|p1a: cool laddy|Jirachi, shiny|100/100
|-damage|p1a: cool laddy|94/100|[from] Stealth Rock
|move|p2a: Escavalier|Knock Off|p1a: cool laddy
|-supereffective|p1a: cool laddy
|-damage|p1a: cool laddy|32/100
|-enditem|p1a: cool laddy|Leftovers|[from] move: Knock Off|[of] p2a: Escavalier
|
|upkeep
|turn|31
|
|move|p1a: cool laddy|Iron Head|p2a: Escavalier
|-resisted|p2a: Escavalier
|-damage|p2a: Escavalier|85/100
|move|p2a: Escavalier|Knock Off|p1a: cool laddy
|-supereffective|p1a: cool laddy
|-damage|p1a: cool laddy|0 fnt
|faint|p1a: cool laddy
|
|-heal|p2a: Escavalier|91/100|[from] item: Leftovers
|upkeep
|
|switch|p1a: yeah boii|Rotom-Mow, shiny|88/100
|-damage|p1a: yeah boii|76/100|[from] Stealth Rock
|turn|32
|
|switch|p2a: Kommo-o|Kommo-o, M|48/100 par
|-damage|p2a: Kommo-o|42/100 par|[from] Stealth Rock
|move|p1a: yeah boii|Will-O-Wisp||[still]
|-fail|p1a: yeah boii
|
|upkeep
|turn|33
|
|switch|p1a: hypocrite|Clefable, F, shiny|97/100
|move|p2a: Kommo-o|Body Press|p1a: hypocrite
|-resisted|p1a: hypocrite
|-damage|p1a: hypocrite|70/100
|-damage|p2a: Kommo-o|32/100 par|[from] item: Life Orb
|
|-heal|p1a: hypocrite|76/100|[from] item: Leftovers
|upkeep
|turn|34
|
|switch|p2a: Vaporeon|Vaporeon, M|71/100
|-damage|p2a: Vaporeon|58/100|[from] Stealth Rock
|move|p1a: hypocrite|Moonblast|p2a: Vaporeon
|-damage|p2a: Vaporeon|32/100
|
|-heal|p2a: Vaporeon|38/100|[from] item: Leftovers
|-heal|p1a: hypocrite|82/100|[from] item: Leftovers
|upkeep
|turn|35
|
|move|p2a: Vaporeon|Wish|p2a: Vaporeon
|move|p1a: hypocrite|Calm Mind|p1a: hypocrite
|-boost|p1a: hypocrite|spa|1
|-boost|p1a: hypocrite|spd|1
|
|-heal|p2a: Vaporeon|44/100|[from] item: Leftovers
|-heal|p1a: hypocrite|88/100|[from] item: Leftovers
|upkeep
|turn|36
|
|switch|p2a: Escavalier|Escavalier, F|91/100
|-damage|p2a: Escavalier|79/100|[from] Stealth Rock
|switch|p1a: epic games|Kommo-o, M|33/100
|-damage|p1a: epic games|27/100|[from] Stealth Rock
|
|-heal|p2a: Escavalier|100/100|[from] move: Wish|[wisher] Vaporeon
|-heal|p1a: epic games|33/100|[from] item: Leftovers
|upkeep
|turn|37
|j| wwdwwa
|l| wwdwwa
|
|switch|p2a: Vaporeon|Vaporeon, M|44/100
|-damage|p2a: Vaporeon|31/100|[from] Stealth Rock
|move|p1a: epic games|Flamethrower|p2a: Vaporeon
|-resisted|p2a: Vaporeon
|-damage|p2a: Vaporeon|24/100
|
|-heal|p1a: epic games|39/100|[from] item: Leftovers
|-heal|p2a: Vaporeon|30/100|[from] item: Leftovers
|upkeep
|turn|38
|
|move|p1a: epic games|Body Press|p2a: Vaporeon
|-damage|p2a: Vaporeon|0 fnt
|faint|p2a: Vaporeon
|
|-heal|p1a: epic games|45/100|[from] item: Leftovers
|upkeep
|
|switch|p2a: Chandelure|Chandelure, F|58/100
|-damage|p2a: Chandelure|33/100|[from] Stealth Rock
|turn|39
|
|move|p1a: epic games|Protect|p1a: epic games
|-singleturn|p1a: epic games|Protect
|move|p2a: Chandelure|Trick|p1a: epic games
|-activate|p1a: epic games|move: Protect
|
|-heal|p1a: epic games|51/100|[from] item: Leftovers
|upkeep
|turn|40
|j| imchokingrn
|
|switch|p1a: yeah boii|Rotom-Mow, shiny|76/100
|-damage|p1a: yeah boii|63/100|[from] Stealth Rock
|move|p2a: Chandelure|Trick|p1a: yeah boii
|-activate|p2a: Chandelure|move: Trick|[of] p1a: yeah boii
|-item|p1a: yeah boii|Choice Specs|[from] move: Trick
|-item|p2a: Chandelure|Choice Scarf|[from] move: Trick
|
|upkeep
|turn|41
|
|move|p2a: Chandelure|Flamethrower|p1a: yeah boii
|-supereffective|p1a: yeah boii
|-damage|p1a: yeah boii|0 fnt
|faint|p1a: yeah boii
|
|upkeep
|
|switch|p1a: irrationallty m8|Mandibuzz, F|77/100
|turn|42
|
|switch|p2a: Kommo-o|Kommo-o, M|32/100 par
|-damage|p2a: Kommo-o|26/100 par|[from] Stealth Rock
|move|p1a: irrationallty m8|Foul Play|p2a: Kommo-o
|-resisted|p2a: Kommo-o
|-damage|p2a: Kommo-o|14/100 par
|
|upkeep
|turn|43
|
|move|p1a: irrationallty m8|Foul Play|p2a: Kommo-o
|-resisted|p2a: Kommo-o
|-damage|p2a: Kommo-o|3/100 par
|move|p2a: Kommo-o|Iron Defense|p2a: Kommo-o
|-boost|p2a: Kommo-o|def|2
|
|upkeep
|turn|44
|
|move|p1a: irrationallty m8|Foul Play|p2a: Kommo-o
|-resisted|p2a: Kommo-o
|-damage|p2a: Kommo-o|0 fnt
|faint|p2a: Kommo-o
|
|upkeep
|
|switch|p2a: Chandelure|Chandelure, F|33/100
|-damage|p2a: Chandelure|9/100|[from] Stealth Rock
|turn|45
|
|move|p2a: Chandelure|Trick|p1a: irrationallty m8
|-activate|p2a: Chandelure|move: Trick|[of] p1a: irrationallty m8
|-item|p1a: irrationallty m8|Choice Scarf|[from] move: Trick
|-item|p2a: Chandelure|Heavy-Duty Boots|[from] move: Trick
|move|p1a: irrationallty m8|Foul Play|p2a: Chandelure
|-supereffective|p2a: Chandelure
|-damage|p2a: Chandelure|0 fnt
|faint|p2a: Chandelure
|
|upkeep
|
|switch|p2a: Zeraora|Zeraora|17/100 tox
|-damage|p2a: Zeraora|4/100 tox|[from] Stealth Rock
|turn|46
|
|switch|p1a: hypocrite|Clefable, F, shiny|88/100
|move|p2a: Zeraora|Play Rough|p1a: hypocrite
|-damage|p1a: hypocrite|62/100
|
|-heal|p2a: Zeraora|10/100 tox|[from] item: Leftovers
|-heal|p1a: hypocrite|68/100|[from] item: Leftovers
|-damage|p2a: Zeraora|4/100 tox|[from] psn
|upkeep
|turn|47
|
|move|p2a: Zeraora|Plasma Fists|p1a: hypocrite
|-damage|p1a: hypocrite|24/100
|-fieldactivate|move: Ion Deluge
|move|p1a: hypocrite|Soft-Boiled|p1a: hypocrite
|-heal|p1a: hypocrite|74/100
|
|-heal|p2a: Zeraora|10/100 tox|[from] item: Leftovers
|-heal|p1a: hypocrite|80/100|[from] item: Leftovers
|-damage|p2a: Zeraora|0 fnt|[from] psn
|faint|p2a: Zeraora
|upkeep
|
|switch|p2a: Escavalier|Escavalier, F|100/100
|-damage|p2a: Escavalier|88/100|[from] Stealth Rock
|turn|48
|l| marshadow best boi
|
|switch|p2a: Hydreigon|Hydreigon, M|82/100 tox
|-damage|p2a: Hydreigon|70/100 tox|[from] Stealth Rock
|move|p1a: hypocrite|Calm Mind|p1a: hypocrite
|-boost|p1a: hypocrite|spa|1
|-boost|p1a: hypocrite|spd|1
|
|-heal|p1a: hypocrite|86/100|[from] item: Leftovers
|-damage|p2a: Hydreigon|64/100 tox|[from] psn
|upkeep
|turn|49
|c|☆MienshaoDaGoat|welp gg
|c|☆A|gg
|c|☆MienshaoDaGoat|getting this hydreigon scarfed early in was a massive blow lmao
|inactive|MienshaoDaGoat has 120 seconds left.
|-message|MienshaoDaGoat forfeited.
|
|win|A
|l| imchokingrn
