|raw|<div class="broadcast-blue"><strong>This battle is required to be public due to a player having a name prefixed by 'LT71LX'.</div>
|j|☆lt71lx bfl
|j|☆LT71LX John W
|t:|1597357978
|player|p1|lt71lx bfl|266|2139
|player|p2|LT71LX John W|cyclistf-gen4|2132
|teamsize|p1|6
|teamsize|p2|6
|gametype|singles
|gen|8
|tier|[Gen 8] OU
|rated|
|clearpoke
|poke|p1|Excadrill, M|
|poke|p1|Rillaboom, M|
|poke|p1|Volcarona, M|
|poke|p1|Urshifu-*, M|
|poke|p1|Toxtricity, F|
|poke|p1|Primarina, F|
|poke|p2|Jirachi|
|poke|p2|Ditto|
|poke|p2|Blissey, F|
|poke|p2|Toxapex, M|
|poke|p2|Corviknight, M|
|poke|p2|Clefable, F|
|rule|Sleep Clause Mod: Limit one foe put to sleep
|rule|Species Clause: Limit one of each Pokémon
|rule|OHKO Clause: OHKO moves are banned
|rule|Evasion Moves Clause: Evasion moves are banned
|rule|Endless Battle Clause: Forcing endless battles is banned
|rule|HP Percentage Mod: HP is shown in percentages
|rule|Dynamax Clause: You cannot dynamax
|teampreview
|j| cursedstar
|j| storm zone
|j| LT71LX Kappucci
|j|+Cdumas
|j| Ox the Fox
|j| Leo
|j| Forresterr♣
|j| RNN YasuKe
|j| LT71LX Sam
|j| Enzonana
|j| ratman1
|j| Javoon
|j| jalapenochips
|j| GOATDON
|j| Yuic
|j| TuanNguyen
|j| jerderh
|j| hipster garbage
|j| flagenbobotiflenge
|j| Vertex
|j| 64 squares
|j| large owl
|j| LT71LX REDDIT
|c|☆LT71LX John W|can u give me 1 min
|j| drftgyhujutfuh
|j| Mara Sattei
|j| ShadowPork
|j| Jey2
|c|☆LT71LX John W|finishing another game
|j| LT71LX XVR
|j| prosecut0r
|j| Ikame2lose
|j| childintheirpoor
|j| LT71LX Chati
|j| outu23
|j| outu so done
|j| r/chonkers
|j| LowGxeDoritos
|j| asdcxzvcxzbv
|j| Shades Penguin
|j|+ShinyAzelf
|j| CDNThe3rd
|j| Mighty Dagon (<.<)
|j| Iarimm
|j| macho asdfqwert
|j| Hayburner
|j| Livio ElTito
|c| ratman1|I'm gonna shit my pants if you don't start right now
|j| LT71LX Ash
|c| ratman1|hnnnnnggg
|l| Shades Penguin
|j| o v e r g o d
|j| Saltompero
|j| Theleedler17
|j| LT71LX WD
|l| Theleedler17
|j| Theleedler17
|j| rhaegal77
|j| studying in tab
|j| Theo Mani Fan Club
|j| 20XX Iron Head
|l| childintheirpoor
|j| Glizzy Goat Ves
|l| Theleedler17
|c| Theo Mani Fan Club|in summary
|l| studying in tab
|j| Sley044
|l| prosecut0r
|c| Theo Mani Fan Club|did stall have a higher wr in olt
|j| BoomBoomBoo
|j| Lanceybear
|c|☆LT71LX John W|k
|j| best interest
|j|+McMeghan
|l| hipster garbage
|j| jej idiota
|c| Jey2|Bbeeaa con esta que ganes gg
|l|+McMeghan
|
|t:|1597358101
|start
|switch|p1a: Impaler|Excadrill, M, shiny|100/100
|switch|p2a: Clefable|Clefable, F|100/100
|-ability|p1a: Impaler|Mold Breaker
|turn|1
|
|t:|1597358107
|move|p1a: Impaler|Earthquake|p2a: Clefable
|-damage|p2a: Clefable|66/100
|move|p2a: Clefable|Knock Off|p1a: Impaler
|-damage|p1a: Impaler|82/100
|-enditem|p1a: Impaler|Leftovers|[from] move: Knock Off|[of] p2a: Clefable
|
|-heal|p2a: Clefable|72/100|[from] item: Leftovers
|upkeep
|turn|2
|
|t:|1597358117
|move|p1a: Impaler|Stealth Rock|p2a: Clefable
|-sidestart|p2: LT71LX John W|move: Stealth Rock
|move|p2a: Clefable|Soft-Boiled|p2a: Clefable
|-heal|p2a: Clefable|100/100
|
|upkeep
|turn|3
|j| Wertsd26
|j| sergefgwefsefs<ef
|j| infe
|l| Yuic
|
|t:|1597358127
|move|p1a: Impaler|Earthquake|p2a: Clefable
|-damage|p2a: Clefable|67/100
|move|p2a: Clefable|Knock Off|p1a: Impaler
|-damage|p1a: Impaler|70/100
|
|-heal|p2a: Clefable|73/100|[from] item: Leftovers
|upkeep
|turn|4
|j| Yuic
|
|t:|1597358133
|switch|p1a: Tama Tonga|Rillaboom, M|100/100
|-fieldstart|move: Grassy Terrain|[from] ability: Grassy Surge|[of] p1a: Tama Tonga
|move|p2a: Clefable|Soft-Boiled|p2a: Clefable
|-heal|p2a: Clefable|100/100
|
|upkeep
|turn|5
|j| NuePika
|j| LT71LX INSULT
|j| lt71lx tace
|
|t:|1597358136
|move|p1a: Tama Tonga|Grassy Glide|p2a: Clefable
|-crit|p2a: Clefable
|-damage|p2a: Clefable|20/100
|-damage|p1a: Tama Tonga|91/100|[from] item: Life Orb
|move|p2a: Clefable|Stealth Rock|p1a: Tama Tonga
|-sidestart|p1: lt71lx bfl|move: Stealth Rock
|
|-heal|p1a: Tama Tonga|97/100|[from] Grassy Terrain
|-heal|p2a: Clefable|26/100|[from] item: Leftovers
|-heal|p2a: Clefable|32/100|[from] Grassy Terrain
|upkeep
|turn|6
|
|t:|1597358141
|switch|p1a: Toxtricity|Toxtricity, F|100/100
|-damage|p1a: Toxtricity|88/100|[from] Stealth Rock
|switch|p2a: Corviknight|Corviknight, M|100/100
|-damage|p2a: Corviknight|88/100|[from] Stealth Rock
|-ability|p2a: Corviknight|Pressure
|
|-heal|p1a: Toxtricity|94/100|[from] Grassy Terrain
|upkeep
|turn|7
|j| mofuke
|j| Chapoa
|c| jalapenochips|he really kept the names too lmao
|
|t:|1597358151
|switch|p2a: Jirachi|Jirachi|100/100
|-damage|p2a: Jirachi|94/100|[from] Stealth Rock
|move|p1a: Toxtricity|Shift Gear|p1a: Toxtricity
|-boost|p1a: Toxtricity|spe|2
|-boost|p1a: Toxtricity|atk|1
|
|-heal|p1a: Toxtricity|100/100|[from] Grassy Terrain
|-heal|p2a: Jirachi|100/100|[from] item: Leftovers
|upkeep
|turn|8
|j| QuilavaBest
|j| Gulf of Georgia
|
|t:|1597358165
|move|p1a: Toxtricity|Boomburst|p2a: Jirachi
|-resisted|p2a: Jirachi
|-damage|p2a: Jirachi|65/100
|-damage|p1a: Toxtricity|91/100|[from] item: Life Orb
|move|p2a: Jirachi|Iron Head|p1a: Toxtricity
|-resisted|p1a: Toxtricity
|-damage|p1a: Toxtricity|64/100
|
|-heal|p1a: Toxtricity|70/100|[from] Grassy Terrain
|-heal|p2a: Jirachi|72/100|[from] item: Leftovers
|-heal|p2a: Jirachi|78/100|[from] Grassy Terrain
|-fieldend|move: Grassy Terrain
|upkeep
|turn|9
|j| Gondra
|
|t:|1597358171
|move|p1a: Toxtricity|Overdrive|p2a: Jirachi
|-damage|p2a: Jirachi|18/100
|-damage|p1a: Toxtricity|60/100|[from] item: Life Orb
|move|p2a: Jirachi|Iron Head|p1a: Toxtricity
|-resisted|p1a: Toxtricity
|-damage|p1a: Toxtricity|34/100
|
|-heal|p2a: Jirachi|24/100|[from] item: Leftovers
|upkeep
|turn|10
|
|t:|1597358174
|move|p1a: Toxtricity|Overdrive|p2a: Jirachi
|-damage|p2a: Jirachi|0 fnt
|-damage|p1a: Toxtricity|24/100|[from] item: Life Orb
|faint|p2a: Jirachi
|
|upkeep
|
|t:|1597358176
|switch|p2a: Ditto|Ditto, shiny|100/100
|-damage|p2a: Ditto|88/100|[from] Stealth Rock
|-transform|p2a: Ditto|p1a: Toxtricity|[from] ability: Imposter
|turn|11
|j| Bdlc
|l| infe
|
|t:|1597358183
|switch|p1a: Primarina|Primarina, F|100/100
|-damage|p1a: Primarina|88/100|[from] Stealth Rock
|move|p2a: Ditto|Boomburst|p1a: Primarina
|-crit|p1a: Primarina
|-damage|p1a: Primarina|9/100
|
|-heal|p1a: Primarina|15/100|[from] item: Leftovers
|upkeep
|turn|12
|l| LT71LX INSULT
|c|☆lt71lx bfl|oh
|
|t:|1597358192
|move|p2a: Ditto|Boomburst|p1a: Primarina
|-damage|p1a: Primarina|0 fnt
|faint|p1a: Primarina
|
|upkeep
|
|t:|1597358194
|switch|p1a: Impaler|Excadrill, M, shiny|70/100
|-damage|p1a: Impaler|67/100|[from] Stealth Rock
|-ability|p1a: Impaler|Mold Breaker
|turn|13
|j| horadobos
|c| storm zone|,
|
|t:|1597358202
|switch|p2a: Corviknight|Corviknight, M|88/100
|-damage|p2a: Corviknight|76/100|[from] Stealth Rock
|-ability|p2a: Corviknight|Pressure
|move|p1a: Impaler|Rapid Spin|p2a: Corviknight
|-resisted|p2a: Corviknight
|-damage|p2a: Corviknight|72/100
|-boost|p1a: Impaler|spe|1
|-sideend|p1: lt71lx bfl|Stealth Rock|[from] move: Rapid Spin|[of] p1a: Impaler
|
|upkeep
|turn|14
|j| LT71LX VTFroakies
|
|t:|1597358209
|switch|p1a: Silhouette|Urshifu, M|100/100
|move|p2a: Corviknight|U-turn|p1a: Silhouette
|-damage|p1a: Silhouette|85/100
|j| Ad&50
|
|t:|1597358213
|switch|p2a: Toxapex|Toxapex, M|100/100|[from]move: U-turn
|-damage|p2a: Toxapex|88/100|[from] Stealth Rock
|
|upkeep
|turn|15
|c| jalapenochips|storm zone how do you feel about this
|
|t:|1597358215
|switch|p1a: Tama Tonga|Rillaboom, M|97/100
|-fieldstart|move: Grassy Terrain|[from] ability: Grassy Surge|[of] p1a: Tama Tonga
|move|p2a: Toxapex|Scald|p1a: Tama Tonga
|-resisted|p1a: Tama Tonga
|-damage|p1a: Tama Tonga|88/100
|
|-heal|p1a: Tama Tonga|94/100|[from] Grassy Terrain
|-heal|p2a: Toxapex|94/100|[from] Grassy Terrain
|upkeep
|turn|16
|j|@Finchinator
|c| Chapoa|Storm zone teams are the coolest
|
|t:|1597358220
|move|p1a: Tama Tonga|Swords Dance|p1a: Tama Tonga
|-boost|p1a: Tama Tonga|atk|2
|move|p2a: Toxapex|Scald|p1a: Tama Tonga
|-resisted|p1a: Tama Tonga
|-damage|p1a: Tama Tonga|84/100
|
|-heal|p1a: Tama Tonga|90/100|[from] Grassy Terrain
|-heal|p2a: Toxapex|100/100|[from] Grassy Terrain
|upkeep
|turn|17
|
|t:|1597358223
|switch|p2a: Corviknight|Corviknight, M|72/100
|-damage|p2a: Corviknight|59/100|[from] Stealth Rock
|-ability|p2a: Corviknight|Pressure
|move|p1a: Tama Tonga|High Horsepower|p2a: Corviknight
|-immune|p2a: Corviknight
|
|-heal|p1a: Tama Tonga|96/100|[from] Grassy Terrain
|upkeep
|turn|18
|j| strealet❄
|
|t:|1597358228
|move|p1a: Tama Tonga|Superpower|p2a: Corviknight
|-damage|p2a: Corviknight|0 fnt
|-unboost|p1a: Tama Tonga|atk|1
|-unboost|p1a: Tama Tonga|def|1
|-damage|p1a: Tama Tonga|86/100|[from] item: Life Orb
|faint|p2a: Corviknight
|
|-heal|p1a: Tama Tonga|92/100|[from] Grassy Terrain
|upkeep
|
|t:|1597358232
|switch|p2a: Ditto|Ditto, shiny|88/100
|-damage|p2a: Ditto|76/100|[from] Stealth Rock
|-transform|p2a: Ditto|p1a: Tama Tonga|[from] ability: Imposter
|turn|19
|c| storm zone|itd be p nice if they can beat john with this
|n| Livio ElTito|livioeltito
|c| LT71LX WD|they can
|n| Livio ElTito|livioeltito
|n| Livio ElTito|livioeltito
|c| LT71LX WD|and will
|
|t:|1597358254
|move|p1a: Tama Tonga|Grassy Glide|p2a: Ditto
|-resisted|p2a: Ditto
|-damage|p2a: Ditto|0 fnt
|-damage|p1a: Tama Tonga|82/100|[from] item: Life Orb
|faint|p2a: Ditto
|
|-heal|p1a: Tama Tonga|89/100|[from] Grassy Terrain
|-fieldend|move: Grassy Terrain
|upkeep
|j| LT71LX PK
|c| jalapenochips|gg
|j| zAquaCat
|c| Jey2|Goaaaaaat
|j| AltCauseImInsecure
|
|t:|1597358263
|switch|p2a: Toxapex|Toxapex, M|100/100
|-damage|p2a: Toxapex|88/100|[from] Stealth Rock
|turn|20
|l| AltCauseImInsecure
|
|t:|1597358267
|move|p1a: Tama Tonga|High Horsepower|p2a: Toxapex
|-supereffective|p2a: Toxapex
|-damage|p2a: Toxapex|1/100
|-damage|p1a: Tama Tonga|72/100|[from] item: Rocky Helmet|[of] p2a: Toxapex
|-damage|p1a: Tama Tonga|62/100|[from] item: Life Orb
|move|p2a: Toxapex|Haze|p2a: Toxapex
|-clearallboost
|
|upkeep
|turn|21
|c| LT71LX XVR|cabra
|-message|LT71LX John W forfeited.
|
|win|lt71lx bfl
|l|☆LT71LX John W
|j| Lunarr
|l| best interest
|l| drftgyhujutfuh
|l| LT71LX VTFroakies
|c| Jey2|Uufff
|l| Ikame2lose
|c| Chapoa|Beautiful
|l| Mighty Dagon (<.<)
|c| Theo Mani Fan Club|yeah
|l| 64 squares
|c| Jey2|king
|l| outu so done
|l| LT71LX Sam
|l| LT71LX PK
|c| Theo Mani Fan Club|i dont think stall is that good
|l| Hayburner
|l| Lanceybear
|l| Saltompero
|l| zAquaCat
|raw|lt71lx bfl's rating: 2139 &rarr; <strong>2159</strong><br />(+20 for winning)
|raw|LT71LX John W's rating: 2145 &rarr; <strong>2124</strong><br />(-21 for losing)
|l| LT71LX Kappucci
|c| Theo Mani Fan Club|despite it being a bitch to play
|l|☆lt71lx bfl
|c| Vertex|its good
|l| NuePika
|l| flagenbobotiflenge
|l| LT71LX Chati
|l| lt71lx tace
|l| QuilavaBest
|c| Chapoa|Its good
|c| Vertex|he just had a bad mu
|l| BoomBoomBoo
|l| macho asdfqwert
|l| Iarimm
|c| Vertex|toxtricity
|l| Glizzy Goat Ves
|l| LT71LX WD
|l| Sley044
|l| 20XX Iron Head
|l| Vertex
|l| Jey2
|l| Gulf of Georgia
|c| Theo Mani Fan Club|shows that people are building around it
|c| Theo Mani Fan Club|and getting consistent wins
|c| jalapenochips|stall is bad cuz people know how to beat it now
|c| Chapoa|Rillaboom wrecks him too
|l| storm zone
|j| Xurkitree Autista
|l| Yuic
|l| Xurkitree Autista
|c| Theo Mani Fan Club|look at OLT top 10 or so
|c| Theo Mani Fan Club|most are offense
|c| jalapenochips|stall is just a match up roll
|l| Gondra
|l| LT71LX XVR
|j| Xurkitree Autista
|l| ratman1
|l| Wertsd26
|l| Xurkitree Autista
|l| cursedstar
|l| Mara Sattei
|c| Chapoa|John w only plays those kinds of build tho
|l| RNN YasuKe
|l| rhaegal77
|l| r/chonkers
|c| Chapoa|The man would die if he plays offense
|c| Theo Mani Fan Club|he can play others, u can see on his YT
|l| CDNThe3rd
