|j|☆IceGuysFinishLast
|j|☆Colonel Rivai
|t:|1653605312
|gametype|singles
|player|p1|IceGuysFinishLast|pryce|1857
|player|p2|Colonel Rivai|266|1830
|teamsize|p1|6
|teamsize|p2|6
|gen|8
|tier|[Gen 8] OU
|rated|
|rule|Sleep Clause Mod: Limit one foe put to sleep
|rule|Species Clause: Limit one of each Pokémon
|rule|OHKO Clause: OHKO moves are banned
|rule|Evasion Moves Clause: Evasion moves are banned
|rule|Endless Battle Clause: Forcing endless battles is banned
|rule|HP Percentage Mod: HP is shown in percentages
|rule|Dynamax Clause: You cannot dynamax
|clearpoke
|poke|p1|Tyranitar, F|
|poke|p1|Excadrill, M|
|poke|p1|Gastrodon, F|
|poke|p1|Swampert, F|
|poke|p1|Moltres|
|poke|p1|Landorus-Therian, M|
|poke|p2|Hydreigon, F|
|poke|p2|Kartana|
|poke|p2|Blacephalon|
|poke|p2|Landorus-Therian, M|
|poke|p2|Melmetal|
|poke|p2|Toxapex, M|
|teampreview
|inactive|Battle timer is ON: inactive players will automatically lose when time's up. (requested by IceGuysFinishLast)
|
|t:|1653605316
|start
|switch|p1a: Swampert|Swampert, F|100/100
|switch|p2a: Hydreigon|Hydreigon, F|100/100
|turn|1
|
|t:|1653605319
|move|p2a: Hydreigon|Beat Up|p1a: Swampert
|-damage|p1a: Swampert|89/100
|-damage|p1a: Swampert|73/100
|-damage|p1a: Swampert|59/100
|-crit|p1a: Swampert
|-damage|p1a: Swampert|38/100
|-damage|p1a: Swampert|24/100
|-damage|p1a: Swampert|16/100
|-hitcount|p1a: Swampert|6
|move|p1a: Swampert|Superpower|p2a: Hydreigon
|-supereffective|p2a: Hydreigon
|-damage|p2a: Hydreigon|0 fnt
|-unboost|p1a: Swampert|atk|1
|-unboost|p1a: Swampert|def|1
|faint|p2a: Hydreigon
|
|upkeep
|
|t:|1653605323
|switch|p2a: Kartana|Kartana|100/100
|turn|2
|
|t:|1653605334
|switch|p1a: Moltres|Moltres|100/100
|move|p2a: Kartana|Knock Off|p1a: Moltres
|-damage|p1a: Moltres|55/100
|-status|p2a: Kartana|brn|[from] ability: Flame Body|[of] p1a: Moltres
|-enditem|p1a: Moltres|Heavy-Duty Boots|[from] move: Knock Off|[of] p2a: Kartana
|
|-damage|p2a: Kartana|94/100 brn|[from] brn
|upkeep
|turn|3
|
|t:|1653605341
|switch|p2a: Toxapex|Toxapex, M|100/100
|move|p1a: Moltres|Roost|p1a: Moltres
|-heal|p1a: Moltres|100/100
|-singleturn|p1a: Moltres|move: Roost
|
|upkeep
|turn|4
|
|t:|1653605345
|move|p1a: Moltres|U-turn|p2a: Toxapex
|-resisted|p2a: Toxapex
|-damage|p2a: Toxapex|96/100
|-damage|p1a: Moltres|84/100|[from] item: Rocky Helmet|[of] p2a: Toxapex
|
|t:|1653605349
|switch|p1a: Tyranitar|Tyranitar, F|100/100|[from]move: U-turn
|-weather|Sandstorm|[from] ability: Sand Stream|[of] p1a: Tyranitar
|move|p2a: Toxapex|Toxic|p1a: Tyranitar
|-status|p1a: Tyranitar|tox
|
|-weather|Sandstorm|[upkeep]
|-damage|p2a: Toxapex|90/100|[from] Sandstorm
|-damage|p1a: Tyranitar|94/100 tox|[from] psn
|upkeep
|turn|5
|
|t:|1653605355
|move|p1a: Tyranitar|Stealth Rock|p2a: Toxapex
|-sidestart|p2: Colonel Rivai|move: Stealth Rock
|move|p2a: Toxapex|Knock Off|p1a: Tyranitar
|-resisted|p1a: Tyranitar
|-damage|p1a: Tyranitar|88/100 tox
|-enditem|p1a: Tyranitar|Smooth Rock|[from] move: Knock Off|[of] p2a: Toxapex
|
|-weather|Sandstorm|[upkeep]
|-damage|p2a: Toxapex|84/100|[from] Sandstorm
|-damage|p1a: Tyranitar|75/100 tox|[from] psn
|upkeep
|turn|6
|
|t:|1653605359
|switch|p2a: Landorus|Landorus-Therian, M|100/100
|-damage|p2a: Landorus|88/100|[from] Stealth Rock
|-ability|p2a: Landorus|Intimidate|boost
|-unboost|p1a: Tyranitar|atk|1
|move|p1a: Tyranitar|Thunderbolt|p2a: Landorus
|-immune|p2a: Landorus
|
|-weather|Sandstorm|[upkeep]
|-heal|p2a: Landorus|94/100|[from] item: Leftovers
|-damage|p1a: Tyranitar|57/100 tox|[from] psn
|upkeep
|turn|7
|
|t:|1653605361
|switch|p1a: Landorus|Landorus-Therian, M|100/100
|-ability|p1a: Landorus|Intimidate|boost
|-unboost|p2a: Landorus|atk|1
|move|p2a: Landorus|Defog|p1a: Landorus
|-unboost|p1a: Landorus|evasion|1
|-sideend|p2: Colonel Rivai|Stealth Rock|[from] move: Defog|[of] p2a: Landorus
|
|-weather|Sandstorm|[upkeep]
|-heal|p2a: Landorus|99/100|[from] item: Leftovers
|upkeep
|turn|8
|
|t:|1653605367
|move|p1a: Landorus|Knock Off|p2a: Landorus
|-damage|p2a: Landorus|68/100
|-enditem|p2a: Landorus|Leftovers|[from] move: Knock Off|[of] p1a: Landorus
|move|p2a: Landorus|U-turn|p1a: Landorus
|-resisted|p1a: Landorus
|-damage|p1a: Landorus|92/100
|
|t:|1653605369
|switch|p2a: Kartana|Kartana|94/100 brn|[from]move: U-turn
|
|-weather|Sandstorm|[upkeep]
|-damage|p2a: Kartana|88/100 brn|[from] brn
|upkeep
|turn|9
|
|t:|1653605376
|switch|p1a: Moltres|Moltres|84/100
|switch|p2a: Toxapex|Toxapex, M|100/100
|
|-weather|Sandstorm|[upkeep]
|-damage|p1a: Moltres|78/100|[from] Sandstorm
|-damage|p2a: Toxapex|95/100|[from] Sandstorm
|upkeep
|turn|10
|
|t:|1653605388
|switch|p1a: Swampert|Swampert, F|16/100
|switch|p2a: Landorus|Landorus-Therian, M|68/100
|-ability|p2a: Landorus|Intimidate|boost
|-unboost|p1a: Swampert|atk|1
|
|-weather|Sandstorm|[upkeep]
|upkeep
|turn|11
|
|t:|1653605395
|switch|p2a: Toxapex|Toxapex, M|100/100
|switch|p1a: Landorus|Landorus-Therian, M|92/100
|-ability|p1a: Landorus|Intimidate|boost
|-unboost|p2a: Toxapex|atk|1
|
|-weather|none
|upkeep
|turn|12
|
|t:|1653605402
|switch|p2a: Landorus|Landorus-Therian, M|68/100
|-ability|p2a: Landorus|Intimidate|boost
|-unboost|p1a: Landorus|atk|1
|move|p1a: Landorus|Earthquake|p2a: Landorus
|-immune|p2a: Landorus
|
|upkeep
|turn|13
|
|t:|1653605417
|switch|p1a: Moltres|Moltres|78/100
|move|p2a: Landorus|Stealth Rock|p1a: Moltres
|-sidestart|p1: IceGuysFinishLast|move: Stealth Rock
|
|upkeep
|turn|14
|
|t:|1653605423
|switch|p2a: Toxapex|Toxapex, M|100/100
|move|p1a: Moltres|U-turn|p2a: Toxapex
|-resisted|p2a: Toxapex
|-damage|p2a: Toxapex|96/100
|-damage|p1a: Moltres|61/100|[from] item: Rocky Helmet|[of] p2a: Toxapex
|
|t:|1653605425
|switch|p1a: Tyranitar|Tyranitar, F|57/100 tox|[from]move: U-turn
|-damage|p1a: Tyranitar|44/100 tox|[from] Stealth Rock
|-weather|Sandstorm|[from] ability: Sand Stream|[of] p1a: Tyranitar
|
|-weather|Sandstorm|[upkeep]
|-damage|p2a: Toxapex|90/100|[from] Sandstorm
|-damage|p1a: Tyranitar|38/100 tox|[from] psn
|upkeep
|turn|15
|
|t:|1653605430
|switch|p2a: Kartana|Kartana|88/100 brn
|move|p1a: Tyranitar|Stealth Rock|p2a: Kartana
|-sidestart|p2: Colonel Rivai|move: Stealth Rock
|
|-weather|Sandstorm|[upkeep]
|-damage|p1a: Tyranitar|25/100 tox|[from] psn
|-damage|p2a: Kartana|82/100 brn|[from] brn
|upkeep
|turn|16
|
|t:|1653605444
|switch|p1a: Swampert|Swampert, F|16/100
|-damage|p1a: Swampert|10/100|[from] Stealth Rock
|move|p2a: Kartana|Leaf Blade|p1a: Swampert
|-supereffective|p1a: Swampert
|-damage|p1a: Swampert|0 fnt
|faint|p1a: Swampert
|-ability|p2a: Kartana|Beast Boost|boost
|-boost|p2a: Kartana|atk|1
|
|-weather|Sandstorm|[upkeep]
|-damage|p2a: Kartana|76/100 brn|[from] brn
|upkeep
|j| IvoryAlps
|l| IvoryAlps
|
|t:|1653605455
|switch|p1a: Landorus|Landorus-Therian, M|92/100
|-damage|p1a: Landorus|79/100|[from] Stealth Rock
|-ability|p1a: Landorus|Intimidate|boost
|-unboost|p2a: Kartana|atk|1
|turn|17
|
|t:|1653605468
|switch|p2a: Toxapex|Toxapex, M|100/100
|-damage|p2a: Toxapex|88/100|[from] Stealth Rock
|move|p1a: Landorus|Earthquake|p2a: Toxapex
|-supereffective|p2a: Toxapex
|-damage|p2a: Toxapex|18/100
|
|-weather|Sandstorm|[upkeep]
|-damage|p2a: Toxapex|12/100|[from] Sandstorm
|upkeep
|turn|18
|
|t:|1653605477
|switch|p1a: Gastrodon|Gastrodon, F|100/100
|-damage|p1a: Gastrodon|94/100|[from] Stealth Rock
|switch|p2a: Landorus|Landorus-Therian, M|68/100
|-damage|p2a: Landorus|55/100|[from] Stealth Rock
|-ability|p2a: Landorus|Intimidate|boost
|-unboost|p1a: Gastrodon|atk|1
|
|-weather|none
|upkeep
|turn|19
|
|t:|1653605486
|move|p2a: Landorus|U-turn|p1a: Gastrodon
|-damage|p1a: Gastrodon|66/100
|
|t:|1653605488
|switch|p2a: Toxapex|Toxapex, M|46/100|[from]move: U-turn
|-damage|p2a: Toxapex|34/100|[from] Stealth Rock
|move|p1a: Gastrodon|Scald|p2a: Toxapex
|-resisted|p2a: Toxapex
|-damage|p2a: Toxapex|16/100
|-damage|p1a: Gastrodon|57/100|[from] item: Life Orb
|
|upkeep
|turn|20
|
|t:|1653605496
|switch|p2a: Melmetal|Melmetal|100/100
|-damage|p2a: Melmetal|94/100|[from] Stealth Rock
|move|p1a: Gastrodon|Scald|p2a: Melmetal
|-damage|p2a: Melmetal|67/100
|-status|p2a: Melmetal|brn
|-damage|p1a: Gastrodon|47/100|[from] item: Life Orb
|
|-damage|p2a: Melmetal|61/100 brn|[from] brn
|upkeep
|turn|21
|
|t:|1653605500
|switch|p2a: Kartana|Kartana|76/100 brn
|-damage|p2a: Kartana|70/100 brn|[from] Stealth Rock
|move|p1a: Gastrodon|Earth Power|p2a: Kartana
|-damage|p2a: Kartana|0 fnt
|faint|p2a: Kartana
|-damage|p1a: Gastrodon|37/100|[from] item: Life Orb
|
|upkeep
|
|t:|1653605503
|switch|p2a: Blacephalon|Blacephalon|100/100
|-damage|p2a: Blacephalon|76/100|[from] Stealth Rock
|turn|22
|
|t:|1653605518
|switch|p1a: Tyranitar|Tyranitar, F|25/100 tox
|-damage|p1a: Tyranitar|13/100 tox|[from] Stealth Rock
|-weather|Sandstorm|[from] ability: Sand Stream|[of] p1a: Tyranitar
|move|p2a: Blacephalon|Shadow Ball|p1a: Tyranitar
|-resisted|p1a: Tyranitar
|-damage|p1a: Tyranitar|0 fnt
|faint|p1a: Tyranitar
|-ability|p2a: Blacephalon|Beast Boost|boost
|-boost|p2a: Blacephalon|spa|1
|
|-weather|Sandstorm|[upkeep]
|-damage|p2a: Blacephalon|70/100|[from] Sandstorm
|upkeep
|
|t:|1653605530
|switch|p1a: Excadrill|Excadrill, M|100/100
|-damage|p1a: Excadrill|97/100|[from] Stealth Rock
|turn|23
|
|t:|1653605533
|switch|p2a: Landorus|Landorus-Therian, M|55/100
|-damage|p2a: Landorus|43/100|[from] Stealth Rock
|-ability|p2a: Landorus|Intimidate|boost
|-unboost|p1a: Excadrill|atk|1
|move|p1a: Excadrill|Earthquake|p2a: Landorus
|-immune|p2a: Landorus
|
|-weather|Sandstorm|[upkeep]
|-heal|p1a: Excadrill|100/100|[from] item: Leftovers
|upkeep
|turn|24
|
|t:|1653605540
|switch|p1a: Landorus|Landorus-Therian, M|79/100
|-damage|p1a: Landorus|67/100|[from] Stealth Rock
|-ability|p1a: Landorus|Intimidate|boost
|-unboost|p2a: Landorus|atk|1
|move|p2a: Landorus|Earthquake|p1a: Landorus
|-immune|p1a: Landorus
|
|-weather|Sandstorm|[upkeep]
|upkeep
|turn|25
|
|t:|1653605548
|switch|p2a: Melmetal|Melmetal|61/100 brn
|-damage|p2a: Melmetal|55/100 brn|[from] Stealth Rock
|move|p1a: Landorus|U-turn|p2a: Melmetal
|-resisted|p2a: Melmetal
|-damage|p2a: Melmetal|46/100 brn
|
|t:|1653605556
|switch|p1a: Excadrill|Excadrill, M|100/100|[from]move: U-turn
|-damage|p1a: Excadrill|97/100|[from] Stealth Rock
|
|-weather|Sandstorm|[upkeep]
|-heal|p1a: Excadrill|100/100|[from] item: Leftovers
|-damage|p2a: Melmetal|40/100 brn|[from] brn
|upkeep
|turn|26
|
|t:|1653605559
|move|p1a: Excadrill|Earthquake|p2a: Melmetal
|-supereffective|p2a: Melmetal
|-damage|p2a: Melmetal|0 fnt
|faint|p2a: Melmetal
|
|-weather|none
|upkeep
|
|t:|1653605561
|switch|p2a: Blacephalon|Blacephalon|70/100
|-damage|p2a: Blacephalon|45/100|[from] Stealth Rock
|turn|27
|
|t:|1653605567
|move|p2a: Blacephalon|Flamethrower|p1a: Excadrill
|-supereffective|p1a: Excadrill
|-damage|p1a: Excadrill|0 fnt
|faint|p1a: Excadrill
|-ability|p2a: Blacephalon|Beast Boost|boost
|-boost|p2a: Blacephalon|spa|1
|
|upkeep
|
|t:|1653605570
|switch|p1a: Landorus|Landorus-Therian, M|67/100
|-damage|p1a: Landorus|54/100|[from] Stealth Rock
|-ability|p1a: Landorus|Intimidate|boost
|-unboost|p2a: Blacephalon|atk|1
|turn|28
|
|t:|1653605580
|move|p2a: Blacephalon|Flamethrower|p1a: Landorus
|-damage|p1a: Landorus|0 fnt
|faint|p1a: Landorus
|-ability|p2a: Blacephalon|Beast Boost|boost
|-boost|p2a: Blacephalon|spa|1
|
|upkeep
|
|t:|1653605584
|switch|p1a: Gastrodon|Gastrodon, F|37/100
|-damage|p1a: Gastrodon|31/100|[from] Stealth Rock
|turn|29
|
|t:|1653605586
|move|p2a: Blacephalon|Flamethrower|p1a: Gastrodon
|-resisted|p1a: Gastrodon
|-damage|p1a: Gastrodon|0 fnt
|faint|p1a: Gastrodon
|-ability|p2a: Blacephalon|Beast Boost|boost
|-boost|p2a: Blacephalon|spa|1
|
|upkeep
|c|☆Colonel Rivai|gg
|-message|IceGuysFinishLast forfeited.
|
|win|Colonel Rivai
|raw|IceGuysFinishLast's rating: 1857 &rarr; <strong>1835</strong><br />(-22 for losing)
|raw|Colonel Rivai's rating: 1830 &rarr; <strong>1852</strong><br />(+22 for winning)
|l|☆IceGuysFinishLast
