|j|☆galarian dragapult
|j|☆dodevagoce
|t:|1634327433
|gametype|singles
|player|p1|galarian dragapult|265|1796
|player|p2|dodevagoce|lady-gen4|1779
|teamsize|p1|6
|teamsize|p2|6
|gen|8
|tier|[Gen 8] OU
|rated|
|rule|Sleep Clause Mod: Limit one foe put to sleep
|rule|Species Clause: Limit one of each Pokémon
|rule|OHKO Clause: OHKO moves are banned
|rule|Evasion Moves Clause: Evasion moves are banned
|rule|Endless Battle Clause: Forcing endless battles is banned
|rule|HP Percentage Mod: HP is shown in percentages
|rule|Dynamax Clause: You cannot dynamax
|clearpoke
|poke|p1|Corviknight, F|
|poke|p1|Dragapult, F|
|poke|p1|Blissey, F|
|poke|p1|Victini|
|poke|p1|Tapu Fini|
|poke|p1|Nidoking, M|
|poke|p2|Heatran, F|
|poke|p2|Corviknight, M|
|poke|p2|Garchomp, M|
|poke|p2|Toxapex, M|
|poke|p2|Weavile, M|
|poke|p2|Tapu Lele|
|teampreview
|j|+Rosa ☽
|j| westcottike
|inactive|Battle timer is ON: inactive players will automatically lose when time's up. (requested by dodevagoce)
|j| Longus Mongus
|
|t:|1634327486
|start
|switch|p1a: Dragapult|Dragapult, F|100/100
|switch|p2a: Toxapex|Toxapex, M|100/100
|turn|1
|j| jhhkkkkkkk
|
|t:|1634327502
|switch|p1a: Blissey|Blissey, F|100/100
|move|p2a: Toxapex|Knock Off|p1a: Blissey
|-damage|p1a: Blissey|87/100
|-enditem|p1a: Blissey|Heavy-Duty Boots|[from] move: Knock Off|[of] p2a: Toxapex
|
|upkeep
|turn|2
|j| jkljkljklbnm
|
|t:|1634327522
|move|p2a: Toxapex|Toxic Spikes|p1a: Blissey
|-sidestart|p1: galarian dragapult|move: Toxic Spikes
|move|p1a: Blissey|Teleport|p1a: Blissey
|
|t:|1634327526
|switch|p1a: Nidoking|Nidoking, M|100/100|[from]move: Teleport
|-sideend|p1: galarian dragapult|move: Toxic Spikes|[of] p1a: Nidoking
|
|upkeep
|turn|3
|
|t:|1634327530
|move|p1a: Nidoking|Earth Power|p2a: Toxapex
|-supereffective|p2a: Toxapex
|-damage|p2a: Toxapex|17/100
|move|p2a: Toxapex|Knock Off|p1a: Nidoking
|-crit|p1a: Nidoking
|-damage|p1a: Nidoking|67/100
|-enditem|p1a: Nidoking|Life Orb|[from] move: Knock Off|[of] p2a: Toxapex
|
|upkeep
|turn|4
|
|t:|1634327536
|switch|p2a: Garchomp|Garchomp, M|100/100
|move|p1a: Nidoking|Flamethrower|p2a: Garchomp
|-resisted|p2a: Garchomp
|-damage|p2a: Garchomp|85/100
|
|-heal|p2a: Garchomp|91/100|[from] item: Leftovers
|upkeep
|turn|5
|
|t:|1634327542
|switch|p2a: Heatran|Heatran, F|100/100
|move|p1a: Nidoking|Earth Power|p2a: Heatran
|-supereffective|p2a: Heatran
|-damage|p2a: Heatran|0 fnt
|faint|p2a: Heatran
|
|upkeep
|
|t:|1634327547
|switch|p2a: Weavile|Weavile, M|100/100
|-ability|p2a: Weavile|Pressure
|turn|6
|
|t:|1634327550
|switch|p1a: Corviknight|Corviknight, F|100/100
|-ability|p1a: Corviknight|Pressure
|move|p2a: Weavile|Triple Axel|p1a: Corviknight
|-damage|p1a: Corviknight|95/100
|-damage|p2a: Weavile|84/100|[from] item: Rocky Helmet|[of] p1a: Corviknight
|-damage|p1a: Corviknight|84/100
|-damage|p2a: Weavile|68/100|[from] item: Rocky Helmet|[of] p1a: Corviknight
|-hitcount|p1a: Corviknight|2
|
|upkeep
|turn|7
|
|t:|1634327560
|switch|p2a: Corviknight|Corviknight, M|100/100
|-ability|p2a: Corviknight|Pressure
|move|p1a: Corviknight|U-turn|p2a: Corviknight
|-resisted|p2a: Corviknight
|-damage|p2a: Corviknight|98/100
|-damage|p1a: Corviknight|67/100|[from] item: Rocky Helmet|[of] p2a: Corviknight
|
|t:|1634327564
|switch|p1a: Victini|Victini|100/100|[from]move: U-turn
|
|upkeep
|turn|8
|
|t:|1634327571
|move|p1a: Victini|Blue Flare|p2a: Corviknight
|-supereffective|p2a: Corviknight
|-damage|p2a: Corviknight|0 fnt
|faint|p2a: Corviknight
|
|upkeep
|
|t:|1634327577
|switch|p2a: Weavile|Weavile, M|68/100
|-ability|p2a: Weavile|Pressure
|turn|9
|
|t:|1634327580
|switch|p1a: Corviknight|Corviknight, F|67/100
|-ability|p1a: Corviknight|Pressure
|move|p2a: Weavile|Knock Off|p1a: Corviknight
|-damage|p1a: Corviknight|39/100
|-damage|p2a: Weavile|51/100|[from] item: Rocky Helmet|[of] p1a: Corviknight
|-enditem|p1a: Corviknight|Rocky Helmet|[from] move: Knock Off|[of] p2a: Weavile
|
|upkeep
|turn|10
|
|t:|1634327583
|move|p2a: Weavile|Triple Axel|p1a: Corviknight
|-damage|p1a: Corviknight|33/100
|-damage|p1a: Corviknight|20/100
|-damage|p1a: Corviknight|2/100
|-hitcount|p1a: Corviknight|3
|move|p1a: Corviknight|Roost|p1a: Corviknight
|-heal|p1a: Corviknight|52/100
|-singleturn|p1a: Corviknight|move: Roost
|
|upkeep
|turn|11
|
|t:|1634327597
|switch|p2a: Garchomp|Garchomp, M|91/100
|move|p1a: Corviknight|Roost|p1a: Corviknight
|-heal|p1a: Corviknight|100/100
|-singleturn|p1a: Corviknight|move: Roost
|
|-heal|p2a: Garchomp|97/100|[from] item: Leftovers
|upkeep
|turn|12
|j| Adicire
|
|t:|1634327603
|move|p2a: Garchomp|Swords Dance|p2a: Garchomp
|-boost|p2a: Garchomp|atk|2
|move|p1a: Corviknight|U-turn|p2a: Garchomp
|-damage|p2a: Garchomp|81/100
|-damage|p1a: Corviknight|88/100|[from] ability: Rough Skin|[of] p2a: Garchomp
|
|t:|1634327605
|switch|p1a: Dragapult|Dragapult, F|100/100|[from]move: U-turn
|
|-heal|p2a: Garchomp|87/100|[from] item: Leftovers
|upkeep
|turn|13
|
|t:|1634327609
|move|p1a: Dragapult|Dragon Darts|p2a: Garchomp
|-supereffective|p2a: Garchomp
|-damage|p2a: Garchomp|2/100
|-anim|p1a: Dragapult|Dragon Darts|p2a: Garchomp
|-supereffective|p2a: Garchomp
|-damage|p2a: Garchomp|0 fnt
|faint|p2a: Garchomp
|
|upkeep
|
|t:|1634327611
|switch|p2a: Tapu Lele|Tapu Lele|100/100
|-fieldstart|move: Psychic Terrain|[from] ability: Psychic Surge|[of] p2a: Tapu Lele
|turn|14
|
|t:|1634327618
|switch|p1a: Blissey|Blissey, F|87/100
|move|p2a: Tapu Lele|Psyshock|p1a: Blissey
|-damage|p1a: Blissey|22/100
|
|upkeep
|turn|15
|
|t:|1634327626
|switch|p2a: Toxapex|Toxapex, M|51/100
|move|p1a: Blissey|Seismic Toss|p2a: Toxapex
|-damage|p2a: Toxapex|18/100
|
|upkeep
|turn|16
|
|t:|1634327630
|move|p1a: Blissey|Seismic Toss|p2a: Toxapex
|-damage|p2a: Toxapex|0 fnt
|faint|p2a: Toxapex
|
|upkeep
|
|t:|1634327631
|switch|p2a: Tapu Lele|Tapu Lele|100/100
|turn|17
|
|t:|1634327635
|move|p2a: Tapu Lele|Thunderbolt|p1a: Blissey
|-damage|p1a: Blissey|4/100
|move|p1a: Blissey|Seismic Toss|p2a: Tapu Lele
|-damage|p2a: Tapu Lele|65/100
|
|upkeep
|turn|18
|
|t:|1634327639
|move|p2a: Tapu Lele|Thunderbolt|p1a: Blissey
|-damage|p1a: Blissey|0 fnt
|faint|p1a: Blissey
|
|-fieldend|move: Psychic Terrain
|upkeep
|
|t:|1634327642
|switch|p1a: Nidoking|Nidoking, M|67/100
|turn|19
|j| ImagineDragonsFlow
|
|t:|1634327653
|move|p2a: Tapu Lele|Thunderbolt|p1a: Nidoking
|-immune|p1a: Nidoking
|move|p1a: Nidoking|Flamethrower|p2a: Tapu Lele
|-damage|p2a: Tapu Lele|31/100
|
|upkeep
|turn|20
|
|t:|1634327656
|move|p2a: Tapu Lele|Thunderbolt|p1a: Nidoking
|-immune|p1a: Nidoking
|move|p1a: Nidoking|Flamethrower|p2a: Tapu Lele
|-damage|p2a: Tapu Lele|0 fnt
|faint|p2a: Tapu Lele
|
|upkeep
|
|t:|1634327658
|switch|p2a: Weavile|Weavile, M|51/100
|-ability|p2a: Weavile|Pressure
|turn|21
|
|t:|1634327661
|move|p2a: Weavile|Triple Axel|p1a: Nidoking
|-supereffective|p1a: Nidoking
|-damage|p1a: Nidoking|39/100
|-supereffective|p1a: Nidoking
|-damage|p1a: Nidoking|0 fnt
|faint|p1a: Nidoking
|-hitcount|p1: Nidoking|2
|
|upkeep
|
|t:|1634327664
|switch|p1a: Dragapult|Dragapult, F|100/100
|turn|22
|
|t:|1634327666
|move|p2a: Weavile|Ice Shard|p1a: Dragapult
|-supereffective|p1a: Dragapult
|-damage|p1a: Dragapult|43/100
|move|p1a: Dragapult|Dragon Darts|p2a: Weavile
|-damage|p2a: Weavile|0 fnt
|faint|p2a: Weavile
|
|win|galarian dragapult
|raw|galarian dragapult's rating: 1796 &rarr; <strong>1815</strong><br />(+19 for winning)
|raw|dodevagoce's rating: 1779 &rarr; <strong>1760</strong><br />(-19 for losing)
|l|☆galarian dragapult
|l| ImagineDragonsFlow
|l| Longus Mongus
|l| Adicire
|j| Longus Mongus
|l| Longus Mongus
||Ladder isn't responding, score probably updated but might not have (Request timeout).
|l| jhhkkkkkkk
|j| Longus Mongus
|l| Longus Mongus
|j| Longus Mongus
|l| Longus Mongus
|l|+Rosa ☽
|l| westcottike
|player|p2|dodevagoce|lady-gen4
