|html|<div class="broadcast-blue"><strong>[Gen 8] OU is currently suspecting Melmetal! For information on how to participate check out the <a href="https://www.smogon.com/forums/threads/np-ss-ou-suspect-process-round-12-monster-mash.3709234/">suspect thread</a>.</strong></div>
|j|☆minimax_ai
|j|☆ghecisbestvillain
|t:|1666602286
|gametype|singles
|player|p1|minimax_ai|lusamine-nihilego|1677
|player|p2|ghecisbestvillain|scientist-gen4|1777
|teamsize|p1|6
|teamsize|p2|6
|gen|8
|tier|[Gen 8] OU
|rated|
|rule|Sleep Clause Mod: Limit one foe put to sleep
|rule|Species Clause: Limit one of each Pokémon
|rule|OHKO Clause: OHKO moves are banned
|rule|Evasion Items Clause: Evasion items are banned
|rule|Evasion Moves Clause: Evasion moves are banned
|rule|Endless Battle Clause: Forcing endless battles is banned
|rule|HP Percentage Mod: HP is shown in percentages
|rule|Dynamax Clause: You cannot dynamax
|clearpoke
|poke|p1|Rotom-Wash|
|poke|p1|Weavile, M|
|poke|p1|Landorus-Therian, M|
|poke|p1|Heatran, M|
|poke|p1|Tangrowth, F|
|poke|p1|Melmetal|
|poke|p2|Chansey, F|
|poke|p2|Toxapex, M|
|poke|p2|Buzzwole|
|poke|p2|Landorus-Therian, M|
|poke|p2|Slowking, M|
|poke|p2|Moltres-Galar|
|teampreview
|c|☆minimax_ai|hf
|inactive|Battle timer is ON: inactive players will automatically lose when time's up. (requested by minimax_ai)
|
|t:|1666602310
|start
|switch|p1a: Heatran|Heatran, M|100/100
|switch|p2a: Evangelion boring|Landorus-Therian, M|100/100
|-item|p1a: Heatran|Air Balloon
|-ability|p2a: Evangelion boring|Intimidate|boost
|-unboost|p1a: Heatran|atk|1
|turn|1
|j| lesamangud
|
|t:|1666602328
|switch|p2a: One Piece shitty|Slowking, M|100/100
|move|p1a: Heatran|Eruption|p2a: One Piece shitty
|-resisted|p2a: One Piece shitty
|-damage|p2a: One Piece shitty|83/100
|
|upkeep
|turn|2
|
|t:|1666602334
|move|p1a: Heatran|Stealth Rock|p2a: One Piece shitty
|-sidestart|p2: ghecisbestvillain|move: Stealth Rock
|move|p2a: One Piece shitty|Future Sight|p1a: Heatran
|-start|p2a: One Piece shitty|move: Future Sight
|
|upkeep
|turn|3
|
|t:|1666602337
|switch|p1a: Melmetal|Melmetal|100/100
|move|p2a: One Piece shitty|Surf|p1a: Melmetal
|-damage|p1a: Melmetal|83/100
|
|upkeep
|turn|4
|
|t:|1666602343
|switch|p2a: Evangelion trashy|Toxapex, M|100/100
|-damage|p2a: Evangelion trashy|88/100|[from] Stealth Rock
|move|p1a: Melmetal|Double Iron Bash|p2a: Evangelion trashy
|-resisted|p2a: Evangelion trashy
|-damage|p2a: Evangelion trashy|75/100
|-damage|p1a: Melmetal|67/100|[from] item: Rocky Helmet|[of] p2a: Evangelion trashy
|-resisted|p2a: Evangelion trashy
|-damage|p2a: Evangelion trashy|63/100
|-damage|p1a: Melmetal|50/100|[from] item: Rocky Helmet|[of] p2a: Evangelion trashy
|-hitcount|p2a: Evangelion trashy|2
|
|-end|p1a: Melmetal|move: Future Sight
|-resisted|p1a: Melmetal
|-damage|p1a: Melmetal|40/100
|upkeep
|turn|5
|
|t:|1666602358
|move|p1a: Melmetal|Double Iron Bash|p2a: Evangelion trashy
|-resisted|p2a: Evangelion trashy
|-damage|p2a: Evangelion trashy|50/100
|-damage|p1a: Melmetal|23/100|[from] item: Rocky Helmet|[of] p2a: Evangelion trashy
|-resisted|p2a: Evangelion trashy
|-damage|p2a: Evangelion trashy|37/100
|-damage|p1a: Melmetal|7/100|[from] item: Rocky Helmet|[of] p2a: Evangelion trashy
|-hitcount|p2a: Evangelion trashy|2
|move|p2a: Evangelion trashy|Knock Off|p1a: Melmetal
|-damage|p1a: Melmetal|0 fnt
|-enditem|p1a: Melmetal|Assault Vest|[from] move: Knock Off|[of] p2a: Evangelion trashy
|faint|p1a: Melmetal
|
|upkeep
|
|t:|1666602358
|switch|p1a: Tangrowth|Tangrowth, F|100/100
|turn|6
|j| Dionysos
|l| Dionysos
|
|t:|1666602377
|switch|p2a: One Piece shitty|Slowking, M|100/100
|-damage|p2a: One Piece shitty|88/100|[from] Stealth Rock
|move|p1a: Tangrowth|Sleep Powder|p2a: One Piece shitty
|-status|p2a: One Piece shitty|slp|[from] move: Sleep Powder
|
|upkeep
|turn|7
|
|t:|1666602384
|switch|p2a: Evangelion boring|Landorus-Therian, M|100/100
|-damage|p2a: Evangelion boring|88/100|[from] Stealth Rock
|-ability|p2a: Evangelion boring|Intimidate|boost
|-unboost|p1a: Tangrowth|atk|1
|move|p1a: Tangrowth|Focus Blast|p2a: Evangelion boring
|-resisted|p2a: Evangelion boring
|-damage|p2a: Evangelion boring|72/100
|
|-heal|p2a: Evangelion boring|78/100|[from] item: Leftovers
|upkeep
|turn|8
|j| Dionysos
|
|t:|1666602393
|move|p2a: Evangelion boring|Defog|p1a: Tangrowth
|-unboost|p1a: Tangrowth|evasion|1
|-sideend|p2: ghecisbestvillain|Stealth Rock|[from] move: Defog|[of] p2a: Evangelion boring
|move|p1a: Tangrowth|Knock Off|p2a: Evangelion boring
|-damage|p2a: Evangelion boring|67/100
|-enditem|p2a: Evangelion boring|Leftovers|[from] move: Knock Off|[of] p1a: Tangrowth
|
|upkeep
|turn|9
|
|t:|1666602399
|switch|p1a: Heatran|Heatran, M|100/100
|-item|p1a: Heatran|Air Balloon
|move|p2a: Evangelion boring|Knock Off|p1a: Heatran
|-damage|p1a: Heatran|70/100
|-enditem|p1a: Heatran|Air Balloon
|
|upkeep
|turn|10
|
|t:|1666602407
|switch|p1a: rotomwash|Rotom-Wash|100/100
|switch|p2a: HXH is overrated|Chansey, F|100/100
|
|upkeep
|turn|11
|
|t:|1666602412
|switch|p1a: Heatran|Heatran, M|70/100
|move|p2a: HXH is overrated|Stealth Rock|p1a: Heatran
|-sidestart|p1: minimax_ai|move: Stealth Rock
|
|upkeep
|turn|12
|
|t:|1666602416
|move|p1a: Heatran|Magma Storm|p2a: HXH is overrated|[miss]
|-miss|p1a: Heatran|p2a: HXH is overrated
|move|p2a: HXH is overrated|Seismic Toss|p1a: Heatran
|-damage|p1a: Heatran|40/100
|
|upkeep
|turn|13
|
|t:|1666602422
|move|p1a: Heatran|Stealth Rock|p2a: HXH is overrated
|-sidestart|p2: ghecisbestvillain|move: Stealth Rock
|move|p2a: HXH is overrated|Seismic Toss|p1a: Heatran
|-damage|p1a: Heatran|9/100
|
|upkeep
|turn|14
|
|t:|1666602428
|move|p1a: Heatran|Magma Storm|p2a: HXH is overrated
|-damage|p2a: HXH is overrated|87/100
|-activate|p2a: HXH is overrated|move: Magma Storm|[of] p1a: Heatran
|move|p2a: HXH is overrated|Seismic Toss|p1a: Heatran
|-damage|p1a: Heatran|0 fnt
|faint|p1a: Heatran
|
|-end|p2a: HXH is overrated|Magma Storm|[partiallytrapped]|[silent]
|upkeep
|
|t:|1666602428
|switch|p1a: landorustherian|Landorus-Therian, M|100/100
|-damage|p1a: landorustherian|88/100|[from] Stealth Rock
|-ability|p1a: landorustherian|Intimidate|boost
|-unboost|p2a: HXH is overrated|atk|1
|turn|15
|j| Kyurem
|
|t:|1666602453
|switch|p2a: Evangelion boring|Landorus-Therian, M|67/100
|-damage|p2a: Evangelion boring|54/100|[from] Stealth Rock
|-ability|p2a: Evangelion boring|Intimidate|boost
|-unboost|p1a: landorustherian|atk|1
|move|p1a: landorustherian|Toxic|p2a: Evangelion boring
|-status|p2a: Evangelion boring|tox
|
|-heal|p1a: landorustherian|94/100|[from] item: Leftovers
|-damage|p2a: Evangelion boring|48/100 tox|[from] psn
|upkeep
|turn|16
|
|t:|1666602465
|move|p1a: landorustherian|U-turn|p2a: Evangelion boring
|-resisted|p2a: Evangelion boring
|-damage|p2a: Evangelion boring|43/100 tox
|
|t:|1666602465
|switch|p1a: Tangrowth|Tangrowth, F|100/100|[from]move: U-turn
|-damage|p1a: Tangrowth|88/100|[from] Stealth Rock
|move|p2a: Evangelion boring|Toxic|p1a: Tangrowth|[miss]
|-miss|p2a: Evangelion boring|p1a: Tangrowth
|
|-damage|p2a: Evangelion boring|31/100 tox|[from] psn
|upkeep
|turn|17
|
|t:|1666602478
|switch|p1a: rotomwash|Rotom-Wash|100/100
|-damage|p1a: rotomwash|88/100|[from] Stealth Rock
|move|p2a: Evangelion boring|Rest|p2a: Evangelion boring
|-status|p2a: Evangelion boring|slp|[from] move: Rest
|-heal|p2a: Evangelion boring|100/100 slp|[silent]
|
|-heal|p1a: rotomwash|94/100|[from] item: Leftovers
|upkeep
|turn|18
|inactive|ghecisbestvillain has 120 seconds left.
|
|t:|1666602506
|switch|p2a: One Piece shitty|Slowking, M|100/100 slp
|-damage|p2a: One Piece shitty|88/100 slp|[from] Stealth Rock
|move|p1a: rotomwash|Nasty Plot|p1a: rotomwash
|-boost|p1a: rotomwash|spa|2
|
|-heal|p1a: rotomwash|100/100|[from] item: Leftovers
|upkeep
|turn|19
|inactive|ghecisbestvillain has 120 seconds left.
|
|t:|1666602529
|switch|p2a: HXH is overrated|Chansey, F|87/100
|-damage|p2a: HXH is overrated|74/100|[from] Stealth Rock
|move|p1a: rotomwash|Nasty Plot|p1a: rotomwash
|-boost|p1a: rotomwash|spa|2
|
|upkeep
|turn|20
|
|t:|1666602536
|move|p1a: rotomwash|Thunderbolt|p2a: HXH is overrated
|-damage|p2a: HXH is overrated|46/100
|move|p2a: HXH is overrated|Aromatherapy|p2a: HXH is overrated
|-activate|p2a: HXH is overrated|move: Aromatherapy
|-curestatus|p2: One Piece shitty|slp|[msg]
|-curestatus|p2: Evangelion boring|slp|[msg]
|
|upkeep
|turn|21
|
|t:|1666602543
|move|p1a: rotomwash|Thunderbolt|p2a: HXH is overrated
|-damage|p2a: HXH is overrated|16/100
|move|p2a: HXH is overrated|Soft-Boiled|p2a: HXH is overrated
|-heal|p2a: HXH is overrated|66/100
|
|upkeep
|turn|22
|
|t:|1666602548
|move|p1a: rotomwash|Thunderbolt|p2a: HXH is overrated
|-damage|p2a: HXH is overrated|36/100
|move|p2a: HXH is overrated|Soft-Boiled|p2a: HXH is overrated
|-heal|p2a: HXH is overrated|86/100
|
|upkeep
|turn|23
|
|t:|1666602553
|move|p1a: rotomwash|Thunderbolt|p2a: HXH is overrated
|-damage|p2a: HXH is overrated|56/100
|move|p2a: HXH is overrated|Soft-Boiled|p2a: HXH is overrated
|-heal|p2a: HXH is overrated|100/100
|
|upkeep
|turn|24
|
|t:|1666602563
|move|p1a: rotomwash|Thunderbolt|p2a: HXH is overrated
|-damage|p2a: HXH is overrated|73/100
|move|p2a: HXH is overrated|Seismic Toss|p1a: rotomwash
|-damage|p1a: rotomwash|68/100
|
|-heal|p1a: rotomwash|74/100|[from] item: Leftovers
|upkeep
|turn|25
|
|t:|1666602570
|move|p1a: rotomwash|Thunderbolt|p2a: HXH is overrated
|-damage|p2a: HXH is overrated|43/100
|-status|p2a: HXH is overrated|par
|move|p2a: HXH is overrated|Seismic Toss|p1a: rotomwash
|-damage|p1a: rotomwash|41/100
|
|-heal|p1a: rotomwash|47/100|[from] item: Leftovers
|upkeep
|turn|26
|
|t:|1666602577
|move|p1a: rotomwash|Thunderbolt|p2a: HXH is overrated
|-damage|p2a: HXH is overrated|15/100 par
|cant|p2a: HXH is overrated|par
|
|-heal|p1a: rotomwash|53/100|[from] item: Leftovers
|upkeep
|turn|27
|
|t:|1666602583
|move|p1a: rotomwash|Hydro Pump|p2a: HXH is overrated
|-damage|p2a: HXH is overrated|0 fnt
|faint|p2a: HXH is overrated
|
|-heal|p1a: rotomwash|60/100|[from] item: Leftovers
|upkeep
|
|t:|1666602594
|switch|p2a: Evangelion boring|Landorus-Therian, M|100/100
|-damage|p2a: Evangelion boring|88/100|[from] Stealth Rock
|-ability|p2a: Evangelion boring|Intimidate|boost
|-unboost|p1a: rotomwash|atk|1
|turn|28
|j| westcottike
|
|t:|1666602598
|move|p1a: rotomwash|Hydro Pump|p2a: Evangelion boring
|-supereffective|p2a: Evangelion boring
|-damage|p2a: Evangelion boring|0 fnt
|faint|p2a: Evangelion boring
|
|-heal|p1a: rotomwash|66/100|[from] item: Leftovers
|upkeep
|j| Noob 0_o
|
|t:|1666602604
|switch|p2a: Naruto garbage|Moltres-Galar|100/100
|turn|29
|-message|ghecisbestvillain forfeited.
|
|win|minimax_ai
|raw|minimax_ai's rating: 1677 &rarr; <strong>1703</strong><br />(+26 for winning)
|raw|ghecisbestvillain's rating: 1777 &rarr; <strong>1751</strong><br />(-26 for losing)
|c|☆minimax_ai|gg
