|j|☆vkhss
|j|☆ripreckful
|inactive|Battle timer is ON: inactive players will automatically lose when time's up.
|t:|1652172127
|gametype|singles
|player|p1|vkhss|265|
|player|p2|ripreckful|hilbert|
|teamsize|p1|6
|teamsize|p2|6
|gen|8
|tier|[Gen 8] OU
|rated|Tournament battle
|rule|Sleep Clause Mod: Limit one foe put to sleep
|rule|Species Clause: Limit one of each Pokémon
|rule|OHKO Clause: OHKO moves are banned
|rule|Evasion Moves Clause: Evasion moves are banned
|rule|Endless Battle Clause: Forcing endless battles is banned
|rule|HP Percentage Mod: HP is shown in percentages
|rule|Dynamax Clause: You cannot dynamax
|clearpoke
|poke|p1|Tapu Koko|
|poke|p1|Volcarona, F|
|poke|p1|Landorus-Therian, M|
|poke|p1|Dragonite, F|
|poke|p1|Ferrothorn, F|
|poke|p1|Clefable, F|
|poke|p2|Weavile, F|
|poke|p2|Blacephalon|
|poke|p2|Melmetal|
|poke|p2|Landorus-Therian, M|
|poke|p2|Tapu Fini|
|poke|p2|Hawlucha, F|
|teampreview
|inactive|ripreckful also wants the timer to be on.
|c|☆ripreckful|hf
|c|☆vkhss|hf
|
|t:|1652172143
|start
|switch|p1a: Landorus|Landorus-Therian, M|100/100
|switch|p2a: Blacephalon|Blacephalon|100/100
|-ability|p1a: Landorus|Intimidate|boost
|-unboost|p2a: Blacephalon|atk|1
|turn|1
|
|t:|1652172149
|move|p2a: Blacephalon|Overheat|p1a: Landorus
|-damage|p1a: Landorus|0 fnt
|-unboost|p2a: Blacephalon|spa|2
|faint|p1a: Landorus
|-ability|p2a: Blacephalon|Beast Boost|boost
|-boost|p2a: Blacephalon|spa|1
|
|upkeep
|
|t:|1652172158
|switch|p1a: Dragonite|Dragonite, F|100/100
|turn|2
|
|t:|1652172162
|switch|p2a: Tapu Fini|Tapu Fini|100/100
|-fieldstart|move: Misty Terrain|[from] ability: Misty Surge|[of] p2a: Tapu Fini
|switch|p1a: Clefable|Clefable, F, shiny|100/100
|
|upkeep
|turn|3
|
|t:|1652172168
|switch|p2a: Blacephalon|Blacephalon|100/100
|move|p1a: Clefable|Trick|p2a: Blacephalon
|-activate|p1a: Clefable|move: Trick|[of] p2a: Blacephalon
|-item|p2a: Blacephalon|Sticky Barb|[from] move: Trick
|-item|p1a: Clefable|Choice Specs|[from] move: Trick
|
|-damage|p2a: Blacephalon|88/100|[from] item: Sticky Barb
|upkeep
|turn|4
|
|t:|1652172172
|switch|p1a: Dragonite|Dragonite, F|100/100
|move|p2a: Blacephalon|Shadow Ball|p1a: Dragonite
|-damage|p1a: Dragonite|81/100
|
|-damage|p2a: Blacephalon|76/100|[from] item: Sticky Barb
|upkeep
|turn|5
|
|t:|1652172175
|move|p2a: Blacephalon|Trick|p1a: Dragonite
|-activate|p2a: Blacephalon|move: Trick|[of] p1a: Dragonite
|-item|p1a: Dragonite|Sticky Barb|[from] move: Trick
|-item|p2a: Blacephalon|Heavy-Duty Boots|[from] move: Trick
|move|p1a: Dragonite|Roost|p1a: Dragonite
|-heal|p1a: Dragonite|100/100
|-singleturn|p1a: Dragonite|move: Roost
|
|-damage|p1a: Dragonite|88/100|[from] item: Sticky Barb
|upkeep
|turn|6
|
|t:|1652172184
|switch|p2a: Tapu Fini|Tapu Fini|100/100
|switch|p1a: Tapu Koko|Tapu Koko|100/100
|-fieldstart|move: Electric Terrain|[from] ability: Electric Surge|[of] p1a: Tapu Koko
|
|upkeep
|turn|7
|
|t:|1652172190
|switch|p2a: Landorus|Landorus-Therian, M|100/100
|-ability|p2a: Landorus|Intimidate|boost
|-unboost|p1a: Tapu Koko|atk|1
|switch|p1a: Clefable|Clefable, F, shiny|100/100
|
|upkeep
|turn|8
|
|t:|1652172194
|switch|p2a: Blacephalon|Blacephalon|76/100
|move|p1a: Clefable|Thunder Wave|p2a: Blacephalon
|-status|p2a: Blacephalon|par
|
|upkeep
|turn|9
|
|t:|1652172199
|switch|p1a: Dragonite|Dragonite, F|88/100
|move|p2a: Blacephalon|Shadow Ball|p1a: Dragonite
|-damage|p1a: Dragonite|52/100
|
|-damage|p1a: Dragonite|40/100|[from] item: Sticky Barb
|upkeep
|turn|10
|
|t:|1652172201
|move|p1a: Dragonite|Roost|p1a: Dragonite
|-heal|p1a: Dragonite|90/100
|-singleturn|p1a: Dragonite|move: Roost
|cant|p2a: Blacephalon|par
|
|-fieldend|move: Electric Terrain
|-damage|p1a: Dragonite|77/100|[from] item: Sticky Barb
|upkeep
|turn|11
|
|t:|1652172205
|switch|p2a: Landorus|Landorus-Therian, M|100/100
|-ability|p2a: Landorus|Intimidate|boost
|-unboost|p1a: Dragonite|atk|1
|move|p1a: Dragonite|Roost|p1a: Dragonite
|-heal|p1a: Dragonite|100/100
|-singleturn|p1a: Dragonite|move: Roost
|
|-damage|p1a: Dragonite|88/100|[from] item: Sticky Barb
|upkeep
|turn|12
|
|t:|1652172211
|switch|p2a: Tapu Fini|Tapu Fini|100/100
|-fieldstart|move: Misty Terrain|[from] ability: Misty Surge|[of] p2a: Tapu Fini
|switch|p1a: Clefable|Clefable, F, shiny|100/100
|
|upkeep
|turn|13
|
|t:|1652172214
|switch|p2a: Blacephalon|Blacephalon|76/100 par
|move|p1a: Clefable|Trick|p2a: Blacephalon
|-activate|p1a: Clefable|move: Trick|[of] p2a: Blacephalon
|-item|p2a: Blacephalon|Choice Specs|[from] move: Trick
|-item|p1a: Clefable|Heavy-Duty Boots|[from] move: Trick
|
|upkeep
|turn|14
|
|t:|1652172217
|move|p2a: Blacephalon|Shadow Ball|p1a: Clefable
|-damage|p1a: Clefable|52/100
|move|p1a: Clefable|Soft-Boiled|p1a: Clefable
|-heal|p1a: Clefable|100/100
|
|upkeep
|turn|15
|
|t:|1652172226
|switch|p1a: Dragonite|Dragonite, F|88/100
|cant|p2a: Blacephalon|par
|
|-damage|p1a: Dragonite|76/100|[from] item: Sticky Barb
|upkeep
|turn|16
|
|t:|1652172230
|move|p1a: Dragonite|Roost|p1a: Dragonite
|-heal|p1a: Dragonite|100/100
|-singleturn|p1a: Dragonite|move: Roost
|cant|p2a: Blacephalon|par
|
|-fieldend|Misty Terrain
|-damage|p1a: Dragonite|88/100|[from] item: Sticky Barb
|upkeep
|turn|17
|
|t:|1652172237
|switch|p2a: Weavile|Weavile, F|100/100
|-ability|p2a: Weavile|Pressure
|move|p1a: Dragonite|Earthquake|p2a: Weavile
|-damage|p2a: Weavile|39/100
|
|-damage|p1a: Dragonite|76/100|[from] item: Sticky Barb
|upkeep
|turn|18
|
|t:|1652172243
|switch|p1a: Ferrothorn|Ferrothorn, F|100/100
|move|p2a: Weavile|Beat Up|p1a: Ferrothorn
|-damage|p1a: Ferrothorn|92/100
|-damage|p1a: Ferrothorn|82/100
|-damage|p1a: Ferrothorn|72/100
|-crit|p1a: Ferrothorn
|-damage|p1a: Ferrothorn|63/100
|-damage|p1a: Ferrothorn|56/100
|-hitcount|p1a: Ferrothorn|5
|
|-heal|p1a: Ferrothorn|62/100|[from] item: Leftovers
|upkeep
|turn|19
|
|t:|1652172252
|switch|p2a: Blacephalon|Blacephalon|76/100 par
|move|p1a: Ferrothorn|Spikes|p2a: Blacephalon
|-sidestart|p2: ripreckful|Spikes
|
|-heal|p1a: Ferrothorn|68/100|[from] item: Leftovers
|upkeep
|turn|20
|
|t:|1652172258
|switch|p1a: Dragonite|Dragonite, F|76/100
|move|p2a: Blacephalon|Shadow Ball|p1a: Dragonite
|-damage|p1a: Dragonite|19/100
|
|-damage|p1a: Dragonite|6/100|[from] item: Sticky Barb
|upkeep
|turn|21
|
|t:|1652172263
|switch|p2a: Landorus|Landorus-Therian, M|100/100
|-ability|p2a: Landorus|Intimidate|boost
|-unboost|p1a: Dragonite|atk|1
|move|p1a: Dragonite|Roost|p1a: Dragonite
|-heal|p1a: Dragonite|56/100
|-singleturn|p1a: Dragonite|move: Roost
|
|-damage|p1a: Dragonite|44/100|[from] item: Sticky Barb
|upkeep
|turn|22
|
|t:|1652172269
|move|p2a: Landorus|Stealth Rock|p1a: Dragonite
|-sidestart|p1: vkhss|move: Stealth Rock
|move|p1a: Dragonite|Ice Punch|p2a: Landorus
|-supereffective|p2a: Landorus
|-damage|p2a: Landorus|40/100
|
|-heal|p2a: Landorus|46/100|[from] item: Leftovers
|-damage|p1a: Dragonite|31/100|[from] item: Sticky Barb
|upkeep
|turn|23
|
|t:|1652172275
|move|p2a: Landorus|Knock Off|p1a: Dragonite
|-damage|p1a: Dragonite|7/100
|-enditem|p1a: Dragonite|Sticky Barb|[from] move: Knock Off|[of] p2a: Landorus
|move|p1a: Dragonite|Roost|p1a: Dragonite
|-heal|p1a: Dragonite|57/100
|-singleturn|p1a: Dragonite|move: Roost
|
|-heal|p2a: Landorus|52/100|[from] item: Leftovers
|upkeep
|turn|24
|
|t:|1652172278
|move|p2a: Landorus|U-turn|p1a: Dragonite
|-resisted|p1a: Dragonite
|-damage|p1a: Dragonite|47/100
|
|t:|1652172282
|switch|p2a: Weavile|Weavile, F|39/100|[from]move: U-turn
|-damage|p2a: Weavile|27/100|[from] Spikes
|-ability|p2a: Weavile|Pressure
|move|p1a: Dragonite|Roost|p1a: Dragonite
|-heal|p1a: Dragonite|97/100
|-singleturn|p1a: Dragonite|move: Roost
|
|upkeep
|turn|25
|
|t:|1652172289
|switch|p1a: Clefable|Clefable, F, shiny|100/100
|move|p2a: Weavile|Ice Shard|p1a: Clefable
|-damage|p1a: Clefable|63/100
|
|upkeep
|turn|26
|
|t:|1652172299
|switch|p2a: Blacephalon|Blacephalon|76/100 par
|-damage|p2a: Blacephalon|64/100 par|[from] Spikes
|move|p1a: Clefable|Soft-Boiled|p1a: Clefable
|-heal|p1a: Clefable|100/100
|
|upkeep
|turn|27
|
|t:|1652172302
|move|p2a: Blacephalon|Shadow Ball|p1a: Clefable
|-damage|p1a: Clefable|55/100
|move|p1a: Clefable|Moonblast|p2a: Blacephalon
|-resisted|p2a: Blacephalon
|-damage|p2a: Blacephalon|40/100 par
|
|upkeep
|turn|28
|
|t:|1652172309
|switch|p1a: Dragonite|Dragonite, F|97/100
|-damage|p1a: Dragonite|72/100|[from] Stealth Rock
|move|p2a: Blacephalon|Shadow Ball|p1a: Dragonite
|-damage|p1a: Dragonite|19/100
|
|upkeep
|turn|29
|
|t:|1652172311
|move|p1a: Dragonite|Roost|p1a: Dragonite
|-heal|p1a: Dragonite|69/100
|-singleturn|p1a: Dragonite|move: Roost
|cant|p2a: Blacephalon|par
|
|upkeep
|turn|30
|
|t:|1652172315
|move|p1a: Dragonite|Roost|p1a: Dragonite
|-heal|p1a: Dragonite|100/100
|-singleturn|p1a: Dragonite|move: Roost
|move|p2a: Blacephalon|Shadow Ball|p1a: Dragonite
|-damage|p1a: Dragonite|70/100
|
|upkeep
|turn|31
|
|t:|1652172343
|move|p1a: Dragonite|Roost|p1a: Dragonite
|-heal|p1a: Dragonite|100/100
|-singleturn|p1a: Dragonite|move: Roost
|move|p2a: Blacephalon|Shadow Ball|p1a: Dragonite
|-damage|p1a: Dragonite|72/100
|
|upkeep
|turn|32
|c|☆vkhss|ur very unlicky
|c|☆vkhss|unlucky*
|
|t:|1652172358
|switch|p2a: Tapu Fini|Tapu Fini|100/100
|-damage|p2a: Tapu Fini|88/100|[from] Spikes
|-fieldstart|move: Misty Terrain|[from] ability: Misty Surge|[of] p2a: Tapu Fini
|move|p1a: Dragonite|Earthquake|p2a: Tapu Fini
|-damage|p2a: Tapu Fini|58/100
|
|upkeep
|turn|33
|inactive|ripreckful has 120 seconds left.
|c|☆ripreckful|lol its fine just a room tourney
|
|t:|1652172398
|switch|p2a: Blacephalon|Blacephalon|40/100 par
|-damage|p2a: Blacephalon|28/100 par|[from] Spikes
|switch|p1a: Ferrothorn|Ferrothorn, F|68/100
|-damage|p1a: Ferrothorn|62/100|[from] Stealth Rock
|
|-heal|p1a: Ferrothorn|68/100|[from] item: Leftovers
|upkeep
|turn|34
|
|t:|1652172408
|move|p2a: Blacephalon|Shadow Ball|p1a: Ferrothorn
|-damage|p1a: Ferrothorn|5/100
|move|p1a: Ferrothorn|Knock Off|p2a: Blacephalon
|-supereffective|p2a: Blacephalon
|-damage|p2a: Blacephalon|0 fnt
|-enditem|p2a: Blacephalon|Choice Specs|[from] move: Knock Off|[of] p1a: Ferrothorn
|faint|p2a: Blacephalon
|
|-heal|p1a: Ferrothorn|11/100|[from] item: Leftovers
|upkeep
|
|t:|1652172418
|switch|p2a: Landorus|Landorus-Therian, M|52/100
|-ability|p2a: Landorus|Intimidate|boost
|-unboost|p1a: Ferrothorn|atk|1
|turn|35
|
|t:|1652172421
|move|p2a: Landorus|Earthquake|p1a: Ferrothorn
|-damage|p1a: Ferrothorn|0 fnt
|faint|p1a: Ferrothorn
|
|-heal|p2a: Landorus|58/100|[from] item: Leftovers
|upkeep
|
|t:|1652172438
|switch|p1a: Dragonite|Dragonite, F|72/100
|-damage|p1a: Dragonite|47/100|[from] Stealth Rock
|turn|36
|
|t:|1652172441
|move|p2a: Landorus|U-turn|p1a: Dragonite
|-resisted|p1a: Dragonite
|-damage|p1a: Dragonite|37/100
|
|t:|1652172443
|switch|p2a: Weavile|Weavile, F|27/100|[from]move: U-turn
|-damage|p2a: Weavile|14/100|[from] Spikes
|-ability|p2a: Weavile|Pressure
|move|p1a: Dragonite|Roost|p1a: Dragonite
|-heal|p1a: Dragonite|87/100
|-singleturn|p1a: Dragonite|move: Roost
|
|-fieldend|Misty Terrain
|upkeep
|turn|37
|
|t:|1652172448
|switch|p1a: Clefable|Clefable, F, shiny|55/100
|move|p2a: Weavile|Beat Up|p1a: Clefable
|-resisted|p1a: Clefable
|-damage|p1a: Clefable|48/100
|-resisted|p1a: Clefable
|-damage|p1a: Clefable|40/100
|-resisted|p1a: Clefable
|-damage|p1a: Clefable|32/100
|-resisted|p1a: Clefable
|-damage|p1a: Clefable|26/100
|-resisted|p1a: Clefable
|-damage|p1a: Clefable|20/100
|-hitcount|p1a: Clefable|5
|
|upkeep
|turn|38
|
|t:|1652172453
|move|p2a: Weavile|Beat Up|p1a: Clefable
|-resisted|p1a: Clefable
|-damage|p1a: Clefable|13/100
|-resisted|p1a: Clefable
|-damage|p1a: Clefable|5/100
|-resisted|p1a: Clefable
|-damage|p1a: Clefable|0 fnt
|faint|p1a: Clefable
|-hitcount|p1: Clefable|3
|
|upkeep
|
|t:|1652172456
|switch|p1a: Tapu Koko|Tapu Koko|100/100
|-fieldstart|move: Electric Terrain|[from] ability: Electric Surge|[of] p1a: Tapu Koko
|turn|39
|
|t:|1652172461
|switch|p2a: Landorus|Landorus-Therian, M|58/100
|-ability|p2a: Landorus|Intimidate|boost
|-unboost|p1a: Tapu Koko|atk|1
|move|p1a: Tapu Koko|Thunderbolt|p2a: Landorus
|-immune|p2a: Landorus
|
|-heal|p2a: Landorus|64/100|[from] item: Leftovers
|upkeep
|turn|40
|
|t:|1652172464
|switch|p1a: Dragonite|Dragonite, F|87/100
|-damage|p1a: Dragonite|62/100|[from] Stealth Rock
|move|p2a: Landorus|U-turn|p1a: Dragonite
|-resisted|p1a: Dragonite
|-damage|p1a: Dragonite|52/100
|
|t:|1652172474
|switch|p2a: Tapu Fini|Tapu Fini|58/100|[from]move: U-turn
|-damage|p2a: Tapu Fini|46/100|[from] Spikes
|-fieldstart|move: Misty Terrain|[from] ability: Misty Surge|[of] p2a: Tapu Fini
|
|upkeep
|turn|41
|
|t:|1652172479
|move|p2a: Tapu Fini|Moonblast|p1a: Dragonite
|-supereffective|p1a: Dragonite
|-damage|p1a: Dragonite|2/100
|-unboost|p1a: Dragonite|spa|1
|move|p1a: Dragonite|Roost|p1a: Dragonite
|-heal|p1a: Dragonite|52/100
|-singleturn|p1a: Dragonite|move: Roost
|
|upkeep
|turn|42
|
|t:|1652172484
|move|p2a: Tapu Fini|Moonblast|p1a: Dragonite
|-supereffective|p1a: Dragonite
|-damage|p1a: Dragonite|0 fnt
|faint|p1a: Dragonite
|
|upkeep
|
|t:|1652172486
|switch|p1a: Volcarona|Volcarona, F|100/100
|turn|43
|
|t:|1652172490
|switch|p2a: Hawlucha|Hawlucha, F|100/100
|-enditem|p2a: Hawlucha|Misty Seed
|-boost|p2a: Hawlucha|spd|1|[from] item: Misty Seed
|move|p1a: Volcarona|Psychic|p2a: Hawlucha
|-supereffective|p2a: Hawlucha
|-crit|p2a: Hawlucha
|-damage|p2a: Hawlucha|0 fnt
|faint|p2a: Hawlucha
|
|upkeep
|
|t:|1652172496
|switch|p2a: Weavile|Weavile, F|14/100
|-damage|p2a: Weavile|2/100|[from] Spikes
|-ability|p2a: Weavile|Pressure
|turn|44
|c|☆vkhss|mb
|c|☆ripreckful|nw
|
|t:|1652172506
|switch|p1a: Tapu Koko|Tapu Koko|100/100
|-fieldstart|move: Electric Terrain|[from] ability: Electric Surge|[of] p1a: Tapu Koko
|move|p2a: Weavile|Knock Off|p1a: Tapu Koko
|-resisted|p1a: Tapu Koko
|-damage|p1a: Tapu Koko|49/100
|-enditem|p1a: Tapu Koko|Heavy-Duty Boots|[from] move: Knock Off|[of] p2a: Weavile
|
|upkeep
|turn|45
|
|t:|1652172511
|move|p1a: Tapu Koko|Roost|p1a: Tapu Koko
|-heal|p1a: Tapu Koko|99/100
|-singleturn|p1a: Tapu Koko|move: Roost
|move|p2a: Weavile|Knock Off|p1a: Tapu Koko
|-resisted|p1a: Tapu Koko
|-damage|p1a: Tapu Koko|61/100
|
|upkeep
|turn|46
|
|t:|1652172514
|move|p1a: Tapu Koko|Calm Mind|p1a: Tapu Koko
|-boost|p1a: Tapu Koko|spa|1
|-boost|p1a: Tapu Koko|spd|1
|move|p2a: Weavile|Knock Off|p1a: Tapu Koko
|-resisted|p1a: Tapu Koko
|-damage|p1a: Tapu Koko|27/100
|
|upkeep
|turn|47
|
|t:|1652172521
|switch|p2a: Tapu Fini|Tapu Fini|46/100
|-damage|p2a: Tapu Fini|33/100|[from] Spikes
|-fieldstart|move: Misty Terrain|[from] ability: Misty Surge|[of] p2a: Tapu Fini
|move|p1a: Tapu Koko|Dazzling Gleam|p2a: Tapu Fini
|-damage|p2a: Tapu Fini|0 fnt
|faint|p2a: Tapu Fini
|
|upkeep
|
|t:|1652172526
|switch|p2a: Landorus|Landorus-Therian, M|64/100
|-ability|p2a: Landorus|Intimidate|boost
|-unboost|p1a: Tapu Koko|atk|1
|turn|48
|j| Vertex
|
|t:|1652172531
|move|p1a: Tapu Koko|Dazzling Gleam|p2a: Landorus
|-damage|p2a: Landorus|26/100
|move|p2a: Landorus|Earthquake|p1a: Tapu Koko
|-supereffective|p1a: Tapu Koko
|-damage|p1a: Tapu Koko|0 fnt
|faint|p1a: Tapu Koko
|
|-heal|p2a: Landorus|33/100|[from] item: Leftovers
|upkeep
|
|t:|1652172535
|switch|p1a: Volcarona|Volcarona, F|100/100
|turn|49
|
|t:|1652172538
|move|p1a: Volcarona|Flamethrower|p2a: Landorus
|-damage|p2a: Landorus|3/100
|move|p2a: Landorus|Earthquake|p1a: Volcarona
|-damage|p1a: Volcarona|47/100
|
|-heal|p2a: Landorus|9/100|[from] item: Leftovers
|upkeep
|turn|50
|
|t:|1652172543
|move|p1a: Volcarona|Flamethrower|p2a: Landorus
|-damage|p2a: Landorus|0 fnt
|faint|p2a: Landorus
|
|upkeep
|
|t:|1652172545
|switch|p2a: Melmetal|Melmetal|100/100
|-damage|p2a: Melmetal|88/100|[from] Spikes
|turn|51
|
|t:|1652172547
|move|p1a: Volcarona|Roost|p1a: Volcarona
|-heal|p1a: Volcarona|97/100
|-singleturn|p1a: Volcarona|move: Roost
|move|p2a: Melmetal|Earthquake|p1a: Volcarona
|-damage|p1a: Volcarona|63/100
|
|-fieldend|Misty Terrain
|upkeep
|turn|52
|
|t:|1652172551
|move|p1a: Volcarona|Roost|p1a: Volcarona
|-heal|p1a: Volcarona|100/100
|-singleturn|p1a: Volcarona|move: Roost
|move|p2a: Melmetal|Earthquake|p1a: Volcarona
|-damage|p1a: Volcarona|66/100
|
|upkeep
|turn|53
|
|t:|1652172555
|move|p1a: Volcarona|Flamethrower|p2a: Melmetal
|-supereffective|p2a: Melmetal
|-crit|p2a: Melmetal
|-damage|p2a: Melmetal|24/100
|move|p2a: Melmetal|Earthquake|p1a: Volcarona
|-damage|p1a: Volcarona|28/100
|
|upkeep
|turn|54
|
|t:|1652172558
|move|p1a: Volcarona|Flamethrower|p2a: Melmetal
|-supereffective|p2a: Melmetal
|-damage|p2a: Melmetal|0 fnt
|faint|p2a: Melmetal
|
|upkeep
|c|☆vkhss|Gg
|c|☆ripreckful|gg
|
|t:|1652172562
|switch|p2a: Weavile|Weavile, F|2/100
|-damage|p2a: Weavile|0 fnt|[from] Spikes
|faint|p2a: Weavile
|
|win|vkhss
|n|☆vkhss|vkhss
|n|☆ripreckful|ripreckful
|n| Vertex|vertex
|l|☆ripreckful
