|raw|<div class="broadcast-blue"><strong>This battle is required to be public due to a player having a name starting with 'lt81yl'.</div>
|j|☆BestixL
|j|☆LT81YL crying
|t:|1625522804
|gametype|singles
|player|p1|BestixL|262|1976
|player|p2|LT81YL crying|ethan|1955
|teamsize|p1|6
|teamsize|p2|6
|gen|8
|tier|[Gen 8] OU
|rated|
|rule|Sleep Clause Mod: Limit one foe put to sleep
|rule|Species Clause: Limit one of each Pokémon
|rule|OHKO Clause: OHKO moves are banned
|rule|Evasion Moves Clause: Evasion moves are banned
|rule|Endless Battle Clause: Forcing endless battles is banned
|rule|HP Percentage Mod: HP is shown in percentages
|rule|Dynamax Clause: You cannot dynamax
|clearpoke
|poke|p1|Clefable, F|
|poke|p1|Slowking, M|
|poke|p1|Heatran, M|
|poke|p1|Zeraora|
|poke|p1|Rillaboom, M|
|poke|p1|Corviknight, M|
|poke|p2|Slowking, F|
|poke|p2|Skarmory, M|
|poke|p2|Regieleki|
|poke|p2|Landorus-Therian, M|
|poke|p2|Clefable, F|
|poke|p2|Ditto|
|teampreview
|inactive|Battle timer is ON: inactive players will automatically lose when time's up. (requested by LT81YL crying)
|j| regnite ◕‿◕
|j| MangoStyle
|l| MangoStyle
|j| MangoStyle
|j|+zeefable
|j| b1arhghlfargh1
|inactive|LT81YL crying has 120 seconds left.
|j| LT81YL Storm
|j| Seucra
|l| Seucra
|j| LT81YL far
|
|t:|1625522847
|start
|switch|p1a: just friends|Slowking, M|100/100
|switch|p2a: Landorus|Landorus-Therian, M|100/100
|-ability|p2a: Landorus|Intimidate|boost
|-unboost|p1a: just friends|atk|1
|turn|1
|inactive|LT81YL crying has 120 seconds left.
|
|t:|1625522878
|move|p2a: Landorus|Knock Off|p1a: just friends
|-supereffective|p1a: just friends
|-damage|p1a: just friends|0 fnt
|-enditem|p1a: just friends|Heavy-Duty Boots|[from] move: Knock Off|[of] p2a: Landorus
|faint|p1a: just friends
|
|upkeep
|c|☆BestixL|ay mami
|
|t:|1625522888
|switch|p1a: Itsuki|Clefable, F|100/100
|turn|2
|
|t:|1625522899
|move|p2a: Landorus|Knock Off|p1a: Itsuki
|-resisted|p1a: Itsuki
|-damage|p1a: Itsuki|78/100
|-enditem|p1a: Itsuki|Leftovers|[from] move: Knock Off|[of] p2a: Landorus
|move|p1a: Itsuki|Moonblast|p2a: Landorus
|-damage|p2a: Landorus|66/100
|
|upkeep
|turn|3
|j| gentlelittledancer
|
|t:|1625522923
|switch|p2a: Slowking|Slowking, F|100/100
|move|p1a: Itsuki|Stealth Rock|p2a: Slowking
|-sidestart|p2: LT81YL crying|move: Stealth Rock
|
|upkeep
|turn|4
|
|t:|1625522930
|switch|p1a: no space|Rillaboom, M|100/100
|-fieldstart|move: Grassy Terrain|[from] ability: Grassy Surge|[of] p1a: no space
|move|p2a: Slowking|Future Sight|p1a: no space
|-start|p2a: Slowking|move: Future Sight
|
|upkeep
|turn|5
|
|t:|1625522935
|switch|p2a: Skarmory|Skarmory, M|100/100
|-damage|p2a: Skarmory|88/100|[from] Stealth Rock
|move|p1a: no space|U-turn|p2a: Skarmory
|-resisted|p2a: Skarmory
|-damage|p2a: Skarmory|83/100
|-damage|p1a: no space|84/100|[from] item: Rocky Helmet|[of] p2a: Skarmory
|
|t:|1625522938
|switch|p1a: the reaper|Heatran, M|100/100|[from]move: U-turn
|
|upkeep
|turn|6
|
|t:|1625522943
|switch|p2a: Ditto|Ditto|100/100
|-damage|p2a: Ditto|88/100|[from] Stealth Rock
|-transform|p2a: Ditto|p1a: the reaper|[from] ability: Imposter
|-item|p2a: Ditto|Air Balloon
|move|p1a: the reaper|Magma Storm|p2a: Ditto
|-start|p2a: Ditto|ability: Flash Fire
|
|-end|p1a: the reaper|move: Future Sight
|-resisted|p1a: the reaper
|-damage|p1a: the reaper|87/100
|-heal|p1a: the reaper|93/100|[from] Grassy Terrain
|-heal|p1a: the reaper|99/100|[from] item: Leftovers
|upkeep
|turn|7
|
|t:|1625522956
|switch|p1a: no space|Rillaboom, M|84/100
|move|p2a: Ditto|Magma Storm|p1a: no space|[miss]
|-miss|p2a: Ditto|p1a: no space
|
|-heal|p1a: no space|90/100|[from] Grassy Terrain
|upkeep
|turn|8
|
|t:|1625522959
|move|p2a: Ditto|Protect|p2a: Ditto
|-singleturn|p2a: Ditto|Protect
|move|p1a: no space|Superpower|p2a: Ditto
|-activate|p2a: Ditto|move: Protect
|
|-heal|p1a: no space|96/100|[from] Grassy Terrain
|-fieldend|move: Grassy Terrain
|upkeep
|turn|9
|
|t:|1625522965
|-end|p2a: Ditto|ability: Flash Fire|[silent]
|switch|p2a: Slowking|Slowking, F|100/100
|move|p1a: no space|Superpower|p2a: Slowking
|-resisted|p2a: Slowking
|-damage|p2a: Slowking|75/100
|-unboost|p1a: no space|atk|1
|-unboost|p1a: no space|def|1
|
|upkeep
|turn|10
|
|t:|1625522972
|switch|p1a: Itsuki|Clefable, F|78/100
|move|p2a: Slowking|Future Sight|p1a: Itsuki
|-start|p2a: Slowking|move: Future Sight
|
|upkeep
|turn|11
|
|t:|1625522974
|move|p1a: Itsuki|Knock Off|p2a: Slowking
|-supereffective|p2a: Slowking
|-damage|p2a: Slowking|52/100
|-enditem|p2a: Slowking|Heavy-Duty Boots|[from] move: Knock Off|[of] p1a: Itsuki
|move|p2a: Slowking|Teleport|p2a: Slowking
|
|t:|1625522993
|switch|p2a: Regieleki|Regieleki|100/100|[from]move: Teleport
|
|upkeep
|turn|12
|j| gpz123
|
|t:|1625523007
|switch|p1a: the reaper|Heatran, M|99/100
|move|p2a: Regieleki|Electro Ball|p1a: the reaper
|-damage|p1a: the reaper|64/100
|
|-end|p1a: the reaper|move: Future Sight
|-resisted|p1a: the reaper
|-damage|p1a: the reaper|50/100
|-heal|p1a: the reaper|57/100|[from] item: Leftovers
|upkeep
|turn|13
|
|t:|1625523017
|move|p1a: the reaper|Protect|p1a: the reaper
|-singleturn|p1a: the reaper|Protect
|move|p2a: Regieleki|Volt Switch|p1a: the reaper
|-activate|p1a: the reaper|move: Protect
|
|-heal|p1a: the reaper|63/100|[from] item: Leftovers
|upkeep
|turn|14
|l| LT81YL far
|
|t:|1625523045
|switch|p1a: Yotsuba no chikara|Zeraora|100/100
|move|p2a: Regieleki|Volt Switch|p1a: Yotsuba no chikara
|-immune|p1a: Yotsuba no chikara|[from] ability: Volt Absorb
|
|upkeep
|turn|15
|j| AloneVR
|j| GigaShiba
|inactive|LT81YL crying has 120 seconds left.
|
|t:|1625523068
|move|p2a: Regieleki|Rapid Spin|p1a: Yotsuba no chikara
|-damage|p1a: Yotsuba no chikara|86/100
|-boost|p2a: Regieleki|spe|1
|-sideend|p2: LT81YL crying|Stealth Rock|[from] move: Rapid Spin|[of] p2a: Regieleki
|move|p1a: Yotsuba no chikara|Knock Off|p2a: Regieleki
|-damage|p2a: Regieleki|46/100
|-enditem|p2a: Regieleki|Heavy-Duty Boots|[from] move: Knock Off|[of] p1a: Yotsuba no chikara
|
|-heal|p1a: Yotsuba no chikara|92/100|[from] item: Leftovers
|upkeep
|turn|16
|inactive|LT81YL crying has 120 seconds left.
|
|t:|1625523076
|switch|p2a: Landorus|Landorus-Therian, M|66/100
|-ability|p2a: Landorus|Intimidate|boost
|-unboost|p1a: Yotsuba no chikara|atk|1
|move|p1a: Yotsuba no chikara|Knock Off|p2a: Landorus
|-damage|p2a: Landorus|45/100
|-enditem|p2a: Landorus|Choice Band|[from] move: Knock Off|[of] p1a: Yotsuba no chikara
|
|-heal|p1a: Yotsuba no chikara|98/100|[from] item: Leftovers
|upkeep
|turn|17
|
|t:|1625523081
|switch|p1a: 2 soon|Corviknight, M|100/100
|-ability|p1a: 2 soon|Pressure
|move|p2a: Landorus|U-turn|p1a: 2 soon
|-resisted|p1a: 2 soon
|-damage|p1a: 2 soon|96/100
|
|t:|1625523088
|switch|p2a: Slowking|Slowking, F|85/100|[from]move: U-turn
|
|-heal|p1a: 2 soon|100/100|[from] item: Leftovers
|upkeep
|turn|18
|
|t:|1625523090
|move|p1a: 2 soon|U-turn|p2a: Slowking
|-supereffective|p2a: Slowking
|-damage|p2a: Slowking|62/100
|
|t:|1625523092
|switch|p1a: Itsuki|Clefable, F|78/100|[from]move: U-turn
|move|p2a: Slowking|Future Sight|p1a: Itsuki
|-start|p2a: Slowking|move: Future Sight
|
|upkeep
|turn|19
|l| gpz123
|
|t:|1625523100
|move|p1a: Itsuki|Stealth Rock|p2a: Slowking
|-sidestart|p2: LT81YL crying|move: Stealth Rock
|move|p2a: Slowking|Teleport|p2a: Slowking
|
|t:|1625523114
|switch|p2a: Skarmory|Skarmory, M|83/100|[from]move: Teleport
|-damage|p2a: Skarmory|70/100|[from] Stealth Rock
|
|upkeep
|turn|20
|inactive|BestixL has 120 seconds left.
|l| GigaShiba
|
|t:|1625523149
|move|p2a: Skarmory|Stealth Rock|p1a: Itsuki
|-sidestart|p1: BestixL|move: Stealth Rock
|move|p1a: Itsuki|Knock Off|p2a: Skarmory
|-damage|p2a: Skarmory|62/100
|-enditem|p2a: Skarmory|Rocky Helmet|[from] move: Knock Off|[of] p1a: Itsuki
|
|-end|p1a: Itsuki|move: Future Sight
|-damage|p1a: Itsuki|38/100
|upkeep
|turn|21
|j| juicelol
|
|t:|1625523156
|move|p2a: Skarmory|Roost|p2a: Skarmory
|-heal|p2a: Skarmory|100/100
|-singleturn|p2a: Skarmory|move: Roost
|move|p1a: Itsuki|Soft-Boiled|p1a: Itsuki
|-heal|p1a: Itsuki|88/100
|
|upkeep
|turn|22
|
|t:|1625523170
|switch|p2a: Slowking|Slowking, F|95/100
|-damage|p2a: Slowking|83/100|[from] Stealth Rock
|move|p1a: Itsuki|Moonblast|p2a: Slowking
|-damage|p2a: Slowking|59/100
|
|upkeep
|turn|23
|
|t:|1625523177
|switch|p1a: no space|Rillaboom, M|96/100
|-damage|p1a: no space|84/100|[from] Stealth Rock
|-fieldstart|move: Grassy Terrain|[from] ability: Grassy Surge|[of] p1a: no space
|move|p2a: Slowking|Scald|p1a: no space
|-resisted|p1a: no space
|-damage|p1a: no space|64/100
|
|-heal|p1a: no space|70/100|[from] Grassy Terrain
|-heal|p2a: Slowking|65/100|[from] Grassy Terrain
|upkeep
|turn|24
|
|t:|1625523181
|switch|p2a: Skarmory|Skarmory, M|100/100
|-damage|p2a: Skarmory|88/100|[from] Stealth Rock
|move|p1a: no space|U-turn|p2a: Skarmory
|-resisted|p2a: Skarmory
|-damage|p2a: Skarmory|83/100
|
|t:|1625523186
|switch|p1a: the reaper|Heatran, M|63/100|[from]move: U-turn
|-damage|p1a: the reaper|50/100|[from] Stealth Rock
|
|-heal|p1a: the reaper|57/100|[from] Grassy Terrain
|-heal|p1a: the reaper|63/100|[from] item: Leftovers
|upkeep
|turn|25
|
|t:|1625523188
|switch|p2a: Ditto|Ditto|88/100
|-damage|p2a: Ditto|76/100|[from] Stealth Rock
|-transform|p2a: Ditto|p1a: the reaper|[from] ability: Imposter
|-item|p2a: Ditto|Air Balloon
|move|p1a: the reaper|Magma Storm|p2a: Ditto
|-start|p2a: Ditto|ability: Flash Fire
|
|-heal|p1a: the reaper|69/100|[from] Grassy Terrain
|-heal|p1a: the reaper|75/100|[from] item: Leftovers
|upkeep
|turn|26
|
|t:|1625523193
|move|p1a: the reaper|Protect|p1a: the reaper
|-singleturn|p1a: the reaper|Protect
|move|p2a: Ditto|Magma Storm|p1a: the reaper
|-activate|p1a: the reaper|move: Protect
|
|-heal|p1a: the reaper|82/100|[from] Grassy Terrain
|-heal|p1a: the reaper|88/100|[from] item: Leftovers
|upkeep
|turn|27
|
|t:|1625523200
|move|p1a: the reaper|Toxic|p2a: Ditto
|-immune|p2a: Ditto
|move|p2a: Ditto|Magma Storm|p1a: the reaper
|-start|p1a: the reaper|ability: Flash Fire
|
|-heal|p1a: the reaper|94/100|[from] Grassy Terrain
|-heal|p1a: the reaper|99/100|[from] item: Leftovers
|-fieldend|move: Grassy Terrain
|upkeep
|turn|28
|
|t:|1625523204
|move|p1a: the reaper|Protect|p1a: the reaper
|-singleturn|p1a: the reaper|Protect
|move|p2a: Ditto|Earth Power|p1a: the reaper
|-activate|p1a: the reaper|move: Protect
|
|-heal|p1a: the reaper|100/100|[from] item: Leftovers
|upkeep
|turn|29
|j| LT81YL DrgnHntr994
|
|t:|1625523210
|-end|p1a: the reaper|ability: Flash Fire|[silent]
|switch|p1a: no space|Rillaboom, M|70/100
|-damage|p1a: no space|58/100|[from] Stealth Rock
|-fieldstart|move: Grassy Terrain|[from] ability: Grassy Surge|[of] p1a: no space
|move|p2a: Ditto|Magma Storm|p1a: no space|[miss]
|-miss|p2a: Ditto|p1a: no space
|
|-heal|p1a: no space|64/100|[from] Grassy Terrain
|upkeep
|turn|30
|j| Fanchinator
|
|t:|1625523216
|move|p2a: Ditto|Protect|p2a: Ditto
|-singleturn|p2a: Ditto|Protect
|move|p1a: no space|Superpower|p2a: Ditto
|-activate|p2a: Ditto|move: Protect
|
|-heal|p1a: no space|70/100|[from] Grassy Terrain
|upkeep
|turn|31
|inactive|LT81YL crying has 120 seconds left.
|j| GNLPokemonAcc
|
|t:|1625523254
|switch|p1a: Yotsuba no chikara|Zeraora|98/100
|-damage|p1a: Yotsuba no chikara|86/100|[from] Stealth Rock
|-end|p2a: Ditto|ability: Flash Fire|[silent]
|switch|p2a: Skarmory|Skarmory, M|83/100
|-damage|p2a: Skarmory|70/100|[from] Stealth Rock
|
|-heal|p1a: Yotsuba no chikara|92/100|[from] Grassy Terrain
|-heal|p1a: Yotsuba no chikara|98/100|[from] item: Leftovers
|upkeep
|turn|32
|inactive|LT81YL crying has 120 seconds left.
|
|t:|1625523261
|move|p1a: Yotsuba no chikara|Bulk Up|p1a: Yotsuba no chikara
|-boost|p1a: Yotsuba no chikara|atk|1
|-boost|p1a: Yotsuba no chikara|def|1
|move|p2a: Skarmory|Toxic|p1a: Yotsuba no chikara
|-status|p1a: Yotsuba no chikara|tox
|
|-heal|p1a: Yotsuba no chikara|100/100 tox|[from] Grassy Terrain
|-damage|p1a: Yotsuba no chikara|95/100 tox|[from] psn
|upkeep
|turn|33
|c|☆BestixL|ggggggg
|-message|BestixL forfeited.
|
|win|LT81YL crying
|raw|BestixL's rating: 1976 &rarr; <strong>1955</strong><br />(-21 for losing)
|raw|LT81YL crying's rating: 1955 &rarr; <strong>1976</strong><br />(+21 for winning)
|l| LT81YL DrgnHntr994
|c|☆LT81YL crying|gg
|l|☆BestixL
|l|☆LT81YL crying
|l| b1arhghlfargh1
|l| GNLPokemonAcc
