|j|☆LudwigFrog
|j|☆VirginJimmy99
|t:|1636147332
|gametype|singles
|player|p1|LudwigFrog|hilbert-wonderlauncher|1675
|player|p2|VirginJimmy99|rocketgrunt|1750
|teamsize|p1|6
|teamsize|p2|6
|gen|8
|tier|[Gen 8] OU
|rated|
|rule|Sleep Clause Mod: Limit one foe put to sleep
|rule|Species Clause: Limit one of each Pokémon
|rule|OHKO Clause: OHKO moves are banned
|rule|Evasion Moves Clause: Evasion moves are banned
|rule|Endless Battle Clause: Forcing endless battles is banned
|rule|HP Percentage Mod: HP is shown in percentages
|rule|Dynamax Clause: You cannot dynamax
|clearpoke
|poke|p1|Mew|
|poke|p1|Blacephalon|
|poke|p1|Kyurem|
|poke|p1|Tapu Koko|
|poke|p1|Hawlucha, M|
|poke|p1|Garchomp, M|
|poke|p2|Zapdos-Galar|
|poke|p2|Slowking, M|
|poke|p2|Ferrothorn, F|
|poke|p2|Weavile, F|
|poke|p2|Landorus-Therian, M|
|poke|p2|Regieleki|
|teampreview
|inactive|Battle timer is ON: inactive players will automatically lose when time's up. (requested by LudwigFrog)
|
|t:|1636147342
|start
|switch|p1a: Mew|Mew|100/100
|switch|p2a: Regieleki|Regieleki|100/100
|turn|1
|
|t:|1636147345
|move|p2a: Regieleki|Electro Ball|p1a: Mew
|-damage|p1a: Mew|70/100
|move|p1a: Mew|Stealth Rock|p2a: Regieleki
|-sidestart|p2: VirginJimmy99|move: Stealth Rock
|
|upkeep
|turn|2
|
|t:|1636147349
|move|p2a: Regieleki|Rapid Spin|p1a: Mew
|-damage|p1a: Mew|61/100
|-boost|p2a: Regieleki|spe|1
|-sideend|p2: VirginJimmy99|Stealth Rock|[from] move: Rapid Spin|[of] p2a: Regieleki
|move|p1a: Mew|Spikes|p2a: Regieleki
|-sidestart|p2: VirginJimmy99|Spikes
|
|upkeep
|turn|3
|
|t:|1636147352
|move|p2a: Regieleki|Rapid Spin|p1a: Mew
|-crit|p1a: Mew
|-damage|p1a: Mew|49/100
|-boost|p2a: Regieleki|spe|1
|-sideend|p2: VirginJimmy99|Spikes|[from] move: Rapid Spin|[of] p2a: Regieleki
|move|p1a: Mew|Psychic|p2a: Regieleki
|-damage|p2a: Regieleki|47/100
|
|upkeep
|turn|4
|
|t:|1636147356
|move|p2a: Regieleki|Electro Ball|p1a: Mew
|-damage|p1a: Mew|0 fnt
|faint|p1a: Mew
|
|upkeep
|
|t:|1636147362
|switch|p1a: Garchomp|Garchomp, M|100/100
|turn|5
|
|t:|1636147364
|switch|p2a: Landorus|Landorus-Therian, M|100/100
|-ability|p2a: Landorus|Intimidate|boost
|-unboost|p1a: Garchomp|atk|1
|move|p1a: Garchomp|Swords Dance|p1a: Garchomp
|-boost|p1a: Garchomp|atk|2
|
|upkeep
|turn|6
|
|t:|1636147372
|move|p1a: Garchomp|Swords Dance|p1a: Garchomp
|-boost|p1a: Garchomp|atk|2
|move|p2a: Landorus|U-turn|p1a: Garchomp
|-damage|p1a: Garchomp|80/100
|-damage|p2a: Landorus|88/100|[from] ability: Rough Skin|[of] p1a: Garchomp
|
|t:|1636147374
|switch|p2a: Weavile|Weavile, F|100/100|[from]move: U-turn
|-ability|p2a: Weavile|Pressure
|
|-heal|p1a: Garchomp|86/100|[from] item: Leftovers
|upkeep
|turn|7
|
|t:|1636147377
|move|p2a: Weavile|Ice Shard|p1a: Garchomp
|-supereffective|p1a: Garchomp
|-damage|p1a: Garchomp|11/100
|move|p1a: Garchomp|Scale Shot|p2a: Weavile
|-damage|p2a: Weavile|47/100
|-damage|p2a: Weavile|0 fnt
|faint|p2a: Weavile
|-hitcount|p2: Weavile|2
|-unboost|p1a: Garchomp|def|1
|-boost|p1a: Garchomp|spe|1
|
|-heal|p1a: Garchomp|17/100|[from] item: Leftovers
|upkeep
|
|t:|1636147385
|switch|p2a: Landorus|Landorus-Therian, M|88/100
|-ability|p2a: Landorus|Intimidate|boost
|-unboost|p1a: Garchomp|atk|1
|turn|8
|
|t:|1636147388
|move|p1a: Garchomp|Scale Shot|p2a: Landorus
|-damage|p2a: Landorus|65/100
|-damage|p2a: Landorus|41/100
|-damage|p2a: Landorus|17/100
|-hitcount|p2a: Landorus|3
|-unboost|p1a: Garchomp|def|1
|-boost|p1a: Garchomp|spe|1
|move|p2a: Landorus|Earthquake|p1a: Garchomp
|-damage|p1a: Garchomp|0 fnt
|faint|p1a: Garchomp
|
|-heal|p2a: Landorus|23/100|[from] item: Leftovers
|upkeep
|
|t:|1636147394
|switch|p1a: Kyurem|Kyurem|100/100
|-ability|p1a: Kyurem|Pressure
|turn|9
|
|t:|1636147403
|switch|p2a: Ferrothorn|Ferrothorn, F|100/100
|move|p1a: Kyurem|Substitute|p1a: Kyurem
|-start|p1a: Kyurem|Substitute
|-damage|p1a: Kyurem|76/100
|
|-heal|p1a: Kyurem|82/100|[from] item: Leftovers
|upkeep
|turn|10
|
|t:|1636147406
|move|p1a: Kyurem|Dragon Dance|p1a: Kyurem
|-boost|p1a: Kyurem|atk|1
|-boost|p1a: Kyurem|spe|1
|move|p2a: Ferrothorn|Spikes|p1a: Kyurem
|-sidestart|p1: LudwigFrog|Spikes
|
|-heal|p1a: Kyurem|88/100|[from] item: Leftovers
|upkeep
|turn|11
|
|t:|1636147412
|move|p1a: Kyurem|Dragon Dance|p1a: Kyurem
|-boost|p1a: Kyurem|atk|1
|-boost|p1a: Kyurem|spe|1
|move|p2a: Ferrothorn|Body Press|p1a: Kyurem
|-supereffective|p1a: Kyurem
|-crit|p1a: Kyurem
|-end|p1a: Kyurem|Substitute
|
|-heal|p1a: Kyurem|94/100|[from] item: Leftovers
|upkeep
|turn|12
|
|t:|1636147416
|move|p1a: Kyurem|Dragon Dance|p1a: Kyurem
|-boost|p1a: Kyurem|atk|1
|-boost|p1a: Kyurem|spe|1
|move|p2a: Ferrothorn|Knock Off|p1a: Kyurem
|-damage|p1a: Kyurem|77/100
|-enditem|p1a: Kyurem|Leftovers|[from] move: Knock Off|[of] p2a: Ferrothorn
|
|upkeep
|turn|13
|
|t:|1636147419
|move|p1a: Kyurem|Substitute|p1a: Kyurem
|-start|p1a: Kyurem|Substitute
|-damage|p1a: Kyurem|52/100
|move|p2a: Ferrothorn|Body Press|p1a: Kyurem
|-supereffective|p1a: Kyurem
|-end|p1a: Kyurem|Substitute
|
|upkeep
|turn|14
|
|t:|1636147423
|move|p1a: Kyurem|Roost|p1a: Kyurem
|-heal|p1a: Kyurem|100/100
|-singleturn|p1a: Kyurem|move: Roost
|move|p2a: Ferrothorn|Spikes|p1a: Kyurem
|-sidestart|p1: LudwigFrog|Spikes
|
|upkeep
|turn|15
|
|t:|1636147429
|switch|p2a: Slowking|Slowking, M|100/100
|move|p1a: Kyurem|Dragon Dance|p1a: Kyurem
|-boost|p1a: Kyurem|atk|1
|-boost|p1a: Kyurem|spe|1
|
|upkeep
|turn|16
|
|t:|1636147432
|move|p1a: Kyurem|Substitute|p1a: Kyurem
|-start|p1a: Kyurem|Substitute
|-damage|p1a: Kyurem|76/100
|move|p2a: Slowking|Future Sight|p1a: Kyurem
|-start|p2a: Slowking|move: Future Sight
|
|upkeep
|turn|17
|
|t:|1636147435
|move|p1a: Kyurem|Dragon Dance|p1a: Kyurem
|-boost|p1a: Kyurem|atk|1
|-boost|p1a: Kyurem|spe|1
|move|p2a: Slowking|Teleport|p2a: Slowking
|
|t:|1636147436
|switch|p2a: Ferrothorn|Ferrothorn, F|100/100|[from]move: Teleport
|
|upkeep
|turn|18
|
|t:|1636147440
|move|p1a: Kyurem|Icicle Spear|p2a: Ferrothorn
|-damage|p2a: Ferrothorn|73/100
|-damage|p2a: Ferrothorn|44/100
|-hitcount|p2a: Ferrothorn|2
|move|p2a: Ferrothorn|Body Press|p1a: Kyurem
|-supereffective|p1a: Kyurem
|-end|p1a: Kyurem|Substitute
|
|-end|p1a: Kyurem|move: Future Sight
|-damage|p1a: Kyurem|41/100
|-heal|p2a: Ferrothorn|50/100|[from] item: Leftovers
|upkeep
|turn|19
|
|t:|1636147446
|move|p1a: Kyurem|Icicle Spear|p2a: Ferrothorn
|-damage|p2a: Ferrothorn|24/100
|-damage|p2a: Ferrothorn|0 fnt
|faint|p2a: Ferrothorn
|-hitcount|p2: Ferrothorn|2
|
|upkeep
|c|☆VirginJimmy99|gg
|-message|VirginJimmy99 forfeited.
|
|win|LudwigFrog
|raw|LudwigFrog's rating: 1675 &rarr; <strong>1699</strong><br />(+24 for winning)
|raw|VirginJimmy99's rating: 1750 &rarr; <strong>1726</strong><br />(-24 for losing)
|c|☆LudwigFrog|gg
|l|☆VirginJimmy99
||Ladder isn't responding, score probably updated but might not have (Request timeout).
