|j|☆Gerard Satanique
|j|☆Sleepdrawing
|t:|1658751913
|gametype|singles
|player|p1|Gerard Satanique|hiker-gen4|1515
|player|p2|Sleepdrawing|lillie|1484
|teamsize|p1|6
|teamsize|p2|6
|gen|8
|tier|[Gen 8] OU
|rated|
|rule|Sleep Clause Mod: Limit one foe put to sleep
|rule|Species Clause: Limit one of each Pokémon
|rule|OHKO Clause: OHKO moves are banned
|rule|Evasion Moves Clause: Evasion moves are banned
|rule|Endless Battle Clause: Forcing endless battles is banned
|rule|HP Percentage Mod: HP is shown in percentages
|rule|Dynamax Clause: You cannot dynamax
|clearpoke
|poke|p1|Zapdos|
|poke|p1|Heatran, M|
|poke|p1|Ferrothorn, F|
|poke|p1|Dragapult, M|
|poke|p1|Buzzwole|
|poke|p1|Blissey, F|
|poke|p2|Tapu Fini|
|poke|p2|Aegislash, F|
|poke|p2|Scizor, F|
|poke|p2|Mudsdale, F|
|poke|p2|Hawlucha, M|
|poke|p2|Heracross, F|
|teampreview
|inactive|Battle timer is ON: inactive players will automatically lose when time's up. (requested by Sleepdrawing)
|
|t:|1658751931
|start
|switch|p1a: Zapdos|Zapdos|100/100
|switch|p2a: Mudsdale|Mudsdale, F, shiny|100/100
|turn|1
|
|t:|1658751940
|move|p1a: Zapdos|Toxic|p2a: Mudsdale
|-status|p2a: Mudsdale|tox
|move|p2a: Mudsdale|Stealth Rock|p1a: Zapdos
|-sidestart|p1: Gerard Satanique|move: Stealth Rock
|
|-damage|p2a: Mudsdale|94/100 tox|[from] psn
|upkeep
|turn|2
|
|t:|1658751957
|switch|p1a: Ferrothorn|Ferrothorn, F|100/100
|-damage|p1a: Ferrothorn|94/100|[from] Stealth Rock
|switch|p2a: Aegislash|Aegislash, F, shiny|100/100
|
|-heal|p1a: Ferrothorn|100/100|[from] item: Leftovers
|upkeep
|turn|3
|
|t:|1658751966
|-formechange|p2a: Aegislash|Aegislash-Blade||[from] ability: Stance Change
|move|p2a: Aegislash|Shadow Ball|p1a: Ferrothorn
|-damage|p1a: Ferrothorn|35/100
|move|p1a: Ferrothorn|Knock Off|p2a: Aegislash
|-supereffective|p2a: Aegislash
|-damage|p2a: Aegislash|0 fnt
|-enditem|p2a: Aegislash|Choice Specs|[from] move: Knock Off|[of] p1a: Ferrothorn
|faint|p2a: Aegislash
|
|-heal|p1a: Ferrothorn|41/100|[from] item: Leftovers
|upkeep
|
|t:|1658751982
|switch|p2a: Heracross|Heracross, F|100/100
|turn|4
|
|t:|1658751985
|move|p2a: Heracross|Knock Off|p1a: Ferrothorn
|-damage|p1a: Ferrothorn|20/100
|-damage|p2a: Heracross|88/100|[from] ability: Iron Barbs|[of] p1a: Ferrothorn
|-enditem|p1a: Ferrothorn|Leftovers|[from] move: Knock Off|[of] p2a: Heracross
|move|p1a: Ferrothorn|Leech Seed|p2a: Heracross
|-start|p2a: Heracross|move: Leech Seed
|
|-damage|p2a: Heracross|76/100|[from] Leech Seed|[of] p1a: Ferrothorn
|-heal|p1a: Ferrothorn|31/100|[silent]
|-status|p2a: Heracross|brn|[from] item: Flame Orb
|upkeep
|turn|5
|j| 11111111111111h
|
|t:|1658751996
|move|p2a: Heracross|Close Combat|p1a: Ferrothorn
|-supereffective|p1a: Ferrothorn
|-damage|p1a: Ferrothorn|0 fnt
|-unboost|p2a: Heracross|def|1
|-unboost|p2a: Heracross|spd|1
|-damage|p2a: Heracross|64/100 brn|[from] ability: Iron Barbs|[of] p1a: Ferrothorn
|faint|p1a: Ferrothorn
|
|-damage|p2a: Heracross|58/100 brn|[from] brn
|upkeep
|
|t:|1658752009
|switch|p1a: Zapdos|Zapdos|100/100
|turn|6
|
|t:|1658752033
|switch|p2a: Tapu Fini|Tapu Fini, shiny|100/100
|-fieldstart|move: Misty Terrain|[from] ability: Misty Surge|[of] p2a: Tapu Fini
|move|p1a: Zapdos|Heat Wave|p2a: Tapu Fini
|-resisted|p2a: Tapu Fini
|-damage|p2a: Tapu Fini|91/100
|
|-heal|p2a: Tapu Fini|97/100|[from] item: Leftovers
|upkeep
|turn|7
|j| AuthO_777
|
|t:|1658752047
|move|p1a: Zapdos|Volt Switch|p2a: Tapu Fini
|-supereffective|p2a: Tapu Fini
|-damage|p2a: Tapu Fini|55/100
|
|t:|1658752069
|switch|p1a: Blissey|Blissey, F|100/100|[from]move: Volt Switch
|move|p2a: Tapu Fini|Nature's Madness|p1a: Blissey
|-damage|p1a: Blissey|50/100
|
|-heal|p2a: Tapu Fini|61/100|[from] item: Leftovers
|upkeep
|turn|8
|
|t:|1658752078
|switch|p2a: Scizor|Scizor, F|100/100
|move|p1a: Blissey|Seismic Toss|p2a: Scizor
|-damage|p2a: Scizor|65/100
|
|upkeep
|turn|9
|j| exdedie
|j| NineColored Deer
|c| exdedie|老吧加油
|inactive|Sleepdrawing has 120 seconds left.
|
|t:|1658752115
|move|p2a: Scizor|Sand Tomb|p1a: Blissey
|-damage|p1a: Blissey|29/100
|-activate|p1a: Blissey|move: Sand Tomb|[of] p2a: Scizor
|-damage|p2a: Scizor|55/100|[from] item: Life Orb
|move|p1a: Blissey|Soft-Boiled|p1a: Blissey
|-heal|p1a: Blissey|79/100
|
|-damage|p1a: Blissey|66/100|[from] move: Sand Tomb|[partiallytrapped]
|upkeep
|turn|10
|inactive|Sleepdrawing has 120 seconds left.
|
|t:|1658752145
|move|p2a: Scizor|Swords Dance|p2a: Scizor
|-boost|p2a: Scizor|atk|2
|move|p1a: Blissey|Soft-Boiled|p1a: Blissey
|-heal|p1a: Blissey|100/100
|
|-damage|p1a: Blissey|88/100|[from] move: Sand Tomb|[partiallytrapped]
|-fieldend|Misty Terrain
|upkeep
|turn|11
|
|t:|1658752153
|move|p2a: Scizor|Knock Off|p1a: Blissey
|-damage|p1a: Blissey|0 fnt
|-enditem|p1a: Blissey|Heavy-Duty Boots|[from] move: Knock Off|[of] p2a: Scizor
|faint|p1a: Blissey
|-damage|p2a: Scizor|45/100|[from] item: Life Orb
|
|upkeep
|
|t:|1658752159
|switch|p1a: Heatran|Heatran, M|100/100
|-damage|p1a: Heatran|88/100|[from] Stealth Rock
|-item|p1a: Heatran|Air Balloon
|turn|12
|
|t:|1658752169
|switch|p2a: Tapu Fini|Tapu Fini, shiny|61/100
|-fieldstart|move: Misty Terrain|[from] ability: Misty Surge|[of] p2a: Tapu Fini
|move|p1a: Heatran|Eruption|p2a: Tapu Fini
|-resisted|p2a: Tapu Fini
|-damage|p2a: Tapu Fini|37/100
|
|-heal|p2a: Tapu Fini|43/100|[from] item: Leftovers
|upkeep
|turn|13
|l| exdedie
|
|t:|1658752179
|move|p1a: Heatran|Magma Storm|p2a: Tapu Fini
|-resisted|p2a: Tapu Fini
|-damage|p2a: Tapu Fini|26/100
|-activate|p2a: Tapu Fini|move: Magma Storm|[of] p1a: Heatran
|move|p2a: Tapu Fini|Nature's Madness|p1a: Heatran
|-damage|p1a: Heatran|44/100
|-enditem|p1a: Heatran|Air Balloon
|
|-heal|p2a: Tapu Fini|32/100|[from] item: Leftovers
|-damage|p2a: Tapu Fini|20/100|[from] move: Magma Storm|[partiallytrapped]
|upkeep
|turn|14
|
|t:|1658752189
|move|p1a: Heatran|Earth Power|p2a: Tapu Fini
|-damage|p2a: Tapu Fini|0 fnt
|faint|p2a: Tapu Fini
|
|upkeep
|n| SiriCelebi|ninecoloreddeer
|
|t:|1658752207
|switch|p2a: Hawlucha|Hawlucha, M, shiny|100/100
|-enditem|p2a: Hawlucha|Misty Seed
|-boost|p2a: Hawlucha|spd|1|[from] item: Misty Seed
|turn|15
|
|t:|1658752211
|move|p2a: Hawlucha|Close Combat|p1a: Heatran
|-supereffective|p1a: Heatran
|-damage|p1a: Heatran|0 fnt
|-unboost|p2a: Hawlucha|def|1
|-unboost|p2a: Hawlucha|spd|1
|faint|p1a: Heatran
|
|upkeep
|
|t:|1658752217
|switch|p1a: Zapdos|Zapdos|100/100
|turn|16
|inactive|Sleepdrawing has 120 seconds left.
|
|t:|1658752229
|move|p2a: Hawlucha|Swords Dance|p2a: Hawlucha
|-boost|p2a: Hawlucha|atk|2
|move|p1a: Zapdos|Volt Switch|p2a: Hawlucha
|-supereffective|p2a: Hawlucha
|-damage|p2a: Hawlucha|22/100
|
|t:|1658752236
|switch|p1a: Dragapult|Dragapult, M|100/100|[from]move: Volt Switch
|-damage|p1a: Dragapult|88/100|[from] Stealth Rock
|
|-fieldend|Misty Terrain
|upkeep
|turn|17
|
|t:|1658752242
|switch|p1a: Zapdos|Zapdos|100/100
|move|p2a: Hawlucha|Acrobatics|p1a: Zapdos
|-resisted|p1a: Zapdos
|-damage|p1a: Zapdos|54/100
|
|upkeep
|turn|18
|
|t:|1658752249
|move|p2a: Hawlucha|Close Combat|p1a: Zapdos
|-resisted|p1a: Zapdos
|-damage|p1a: Zapdos|2/100
|-unboost|p2a: Hawlucha|def|1
|-unboost|p2a: Hawlucha|spd|1
|-status|p2a: Hawlucha|par|[from] ability: Static|[of] p1a: Zapdos
|move|p1a: Zapdos|Volt Switch|p2a: Hawlucha
|-supereffective|p2a: Hawlucha
|-damage|p2a: Hawlucha|0 fnt
|faint|p2a: Hawlucha
|n| 11111111111111h|11111111111111h
|
|t:|1658752259
|switch|p1a: Buzzwole|Buzzwole|100/100|[from]move: Volt Switch
|-damage|p1a: Buzzwole|88/100|[from] Stealth Rock
|
|upkeep
|inactive|Sleepdrawing has 120 seconds left.
|
|t:|1658752287
|switch|p2a: Heracross|Heracross, F|58/100 brn
|turn|19
|c| 11111111111111h|吧老师加油
|inactive|Sleepdrawing has 120 seconds left.
|
|t:|1658752299
|move|p2a: Heracross|Facade|p1a: Buzzwole
|-damage|p1a: Buzzwole|34/100
|move|p1a: Buzzwole|Ice Punch|p2a: Heracross
|-damage|p2a: Heracross|0 fnt
|faint|p2a: Heracross
|-ability|p1a: Buzzwole|Beast Boost|boost
|-boost|p1a: Buzzwole|atk|1
|
|upkeep
|inactive|Sleepdrawing has 120 seconds left.
|j| gengarchi
|
|t:|1658752311
|switch|p2a: Scizor|Scizor, F|45/100
|turn|20
|
|t:|1658752316
|move|p2a: Scizor|Bullet Punch|p1a: Buzzwole
|-damage|p1a: Buzzwole|0 fnt
|faint|p1a: Buzzwole
|-damage|p2a: Scizor|35/100|[from] item: Life Orb
|
|upkeep
|
|t:|1658752322
|switch|p1a: Dragapult|Dragapult, M|88/100
|-damage|p1a: Dragapult|76/100|[from] Stealth Rock
|turn|21
|j| exdedie
|inactive|Sleepdrawing has 120 seconds left.
|
|t:|1658752342
|move|p2a: Scizor|Bullet Punch|p1a: Dragapult
|-damage|p1a: Dragapult|20/100
|-damage|p2a: Scizor|25/100|[from] item: Life Orb
|move|p1a: Dragapult|Shadow Ball|p2a: Scizor
|-damage|p2a: Scizor|0 fnt
|faint|p2a: Scizor
|
|upkeep
|j| ARKnow
|inactive|Sleepdrawing has 120 seconds left.
|
|t:|1658752347
|switch|p2a: Mudsdale|Mudsdale, F, shiny|94/100 tox
|turn|22
|
|t:|1658752357
|move|p1a: Dragapult|Shadow Ball|p2a: Mudsdale
|-damage|p2a: Mudsdale|47/100 tox
|-ability|p2a: Mudsdale|Stamina|boost
|-boost|p2a: Mudsdale|def|1
|move|p2a: Mudsdale|Heavy Slam|p1a: Dragapult
|-damage|p1a: Dragapult|0 fnt
|faint|p1a: Dragapult
|
|-heal|p2a: Mudsdale|53/100 tox|[from] item: Leftovers
|-damage|p2a: Mudsdale|47/100 tox|[from] psn
|upkeep
|j| woshixinshou123
|inactive|Gerard Satanique has 120 seconds left.
|
|t:|1658752387
|switch|p1a: Zapdos|Zapdos|2/100
|turn|23
|inactive|Sleepdrawing has 120 seconds left.
|
|t:|1658752436
|move|p1a: Zapdos|Roost|p1a: Zapdos
|-heal|p1a: Zapdos|52/100
|-singleturn|p1a: Zapdos|move: Roost
|move|p2a: Mudsdale|Earthquake|p1a: Zapdos
|-supereffective|p1a: Zapdos
|-damage|p1a: Zapdos|0 fnt
|faint|p1a: Zapdos
|
|win|Sleepdrawing
|raw|Gerard Satanique's rating: 1515 &rarr; <strong>1493</strong><br />(-22 for losing)
|raw|Sleepdrawing's rating: 1484 &rarr; <strong>1506</strong><br />(+22 for winning)
|l|☆Gerard Satanique
|l| woshixinshou123
|c|☆Sleepdrawing|gg
|c| ARKnow|6
