|j|☆Kevinskie
|j|☆Down$hift
|t:|1668091752
|gametype|singles
|player|p1|Kevinskie|265|1708
|player|p2|Down$hift|jessiejames-gen1|1806
|teamsize|p1|6
|teamsize|p2|6
|gen|8
|tier|[Gen 8] OU
|rated|
|rule|Sleep Clause Mod: Limit one foe put to sleep
|rule|Species Clause: Limit one of each Pokémon
|rule|OHKO Clause: OHKO moves are banned
|rule|Evasion Items Clause: Evasion items are banned
|rule|Evasion Moves Clause: Evasion moves are banned
|rule|Endless Battle Clause: Forcing endless battles is banned
|rule|HP Percentage Mod: HP is shown in percentages
|rule|Dynamax Clause: You cannot dynamax
|clearpoke
|poke|p1|Slowbro, F|
|poke|p1|Weavile, M|
|poke|p1|Melmetal|
|poke|p1|Kartana|
|poke|p1|Blacephalon|
|poke|p1|Landorus-Therian, M|
|poke|p2|Pincurchin, F|
|poke|p2|Slowbro, M|
|poke|p2|Excadrill, M|
|poke|p2|Tyranitar, F|
|poke|p2|Amoonguss, F|
|poke|p2|Clefable, F|
|teampreview
|c|☆Down$hift|Hf
|
|t:|1668091767
|start
|switch|p1a: Landorus|Landorus-Therian, M|100/100
|switch|p2a: (GONE WRONG)|Clefable, F|100/100
|-ability|p1a: Landorus|Intimidate|boost
|-unboost|p2a: (GONE WRONG)|atk|1
|turn|1
|
|t:|1668091771
|move|p1a: Landorus|Earthquake|p2a: (GONE WRONG)
|-damage|p2a: (GONE WRONG)|65/100
|move|p2a: (GONE WRONG)|Stealth Rock|p1a: Landorus
|-sidestart|p1: Kevinskie|move: Stealth Rock
|
|upkeep
|turn|2
|
|t:|1668091785
|move|p1a: Landorus|Defog|p2a: (GONE WRONG)
|-unboost|p2a: (GONE WRONG)|evasion|1
|-sideend|p1: Kevinskie|Stealth Rock|[from] move: Defog|[of] p1a: Landorus
|move|p2a: (GONE WRONG)|Soft-Boiled|p2a: (GONE WRONG)
|-heal|p2a: (GONE WRONG)|100/100
|
|upkeep
|turn|3
|inactive|Battle timer is ON: inactive players will automatically lose when time's up. (requested by Down$hift)
|
|t:|1668091817
|move|p1a: Landorus|Earthquake|p2a: (GONE WRONG)
|-damage|p2a: (GONE WRONG)|67/100
|move|p2a: (GONE WRONG)|Stealth Rock|p1a: Landorus
|-sidestart|p1: Kevinskie|move: Stealth Rock
|
|upkeep
|turn|4
|c|☆Down$hift|Test
|
|t:|1668091828
|move|p1a: Landorus|Earthquake|p2a: (GONE WRONG)
|-damage|p2a: (GONE WRONG)|29/100
|move|p2a: (GONE WRONG)|Soft-Boiled|p2a: (GONE WRONG)
|-heal|p2a: (GONE WRONG)|79/100
|
|upkeep
|turn|5
|
|t:|1668091833
|move|p1a: Landorus|Stealth Rock|p2a: (GONE WRONG)
|-sidestart|p2: Down$hift|move: Stealth Rock
|move|p2a: (GONE WRONG)|Moonblast|p1a: Landorus
|-damage|p1a: Landorus|69/100
|
|-heal|p1a: Landorus|75/100|[from] item: Leftovers
|upkeep
|turn|6
|
|t:|1668091838
|move|p1a: Landorus|Earthquake|p2a: (GONE WRONG)
|-damage|p2a: (GONE WRONG)|43/100
|move|p2a: (GONE WRONG)|Moonblast|p1a: Landorus
|-damage|p1a: Landorus|43/100
|
|-heal|p1a: Landorus|49/100|[from] item: Leftovers
|upkeep
|turn|7
|
|t:|1668091843
|move|p1a: Landorus|Earthquake|p2a: (GONE WRONG)
|-damage|p2a: (GONE WRONG)|5/100
|move|p2a: (GONE WRONG)|Soft-Boiled|p2a: (GONE WRONG)
|-heal|p2a: (GONE WRONG)|55/100
|
|-heal|p1a: Landorus|55/100|[from] item: Leftovers
|upkeep
|turn|8
|
|t:|1668091847
|move|p1a: Landorus|Earthquake|p2a: (GONE WRONG)
|-damage|p2a: (GONE WRONG)|20/100
|move|p2a: (GONE WRONG)|Soft-Boiled|p2a: (GONE WRONG)
|-heal|p2a: (GONE WRONG)|70/100
|
|-heal|p1a: Landorus|61/100|[from] item: Leftovers
|upkeep
|turn|9
|
|t:|1668091851
|move|p1a: Landorus|Earthquake|p2a: (GONE WRONG)
|-damage|p2a: (GONE WRONG)|34/100
|move|p2a: (GONE WRONG)|Soft-Boiled|p2a: (GONE WRONG)
|-heal|p2a: (GONE WRONG)|84/100
|
|-heal|p1a: Landorus|67/100|[from] item: Leftovers
|upkeep
|turn|10
|
|t:|1668091854
|move|p1a: Landorus|Earthquake|p2a: (GONE WRONG)
|-damage|p2a: (GONE WRONG)|50/100
|move|p2a: (GONE WRONG)|Moonblast|p1a: Landorus
|-damage|p1a: Landorus|32/100
|
|-heal|p1a: Landorus|38/100|[from] item: Leftovers
|upkeep
|turn|11
|
|t:|1668091859
|move|p1a: Landorus|Earthquake|p2a: (GONE WRONG)
|-damage|p2a: (GONE WRONG)|14/100
|move|p2a: (GONE WRONG)|Soft-Boiled|p2a: (GONE WRONG)
|-heal|p2a: (GONE WRONG)|64/100
|
|-heal|p1a: Landorus|44/100|[from] item: Leftovers
|upkeep
|turn|12
|
|t:|1668091861
|move|p1a: Landorus|Earthquake|p2a: (GONE WRONG)
|-damage|p2a: (GONE WRONG)|26/100
|move|p2a: (GONE WRONG)|Soft-Boiled|p2a: (GONE WRONG)
|-heal|p2a: (GONE WRONG)|76/100
|
|-heal|p1a: Landorus|50/100|[from] item: Leftovers
|upkeep
|turn|13
|
|t:|1668091865
|move|p1a: Landorus|Earthquake|p2a: (GONE WRONG)
|-damage|p2a: (GONE WRONG)|40/100
|move|p2a: (GONE WRONG)|Soft-Boiled|p2a: (GONE WRONG)
|-heal|p2a: (GONE WRONG)|90/100
|
|-heal|p1a: Landorus|56/100|[from] item: Leftovers
|upkeep
|turn|14
|
|t:|1668091868
|move|p1a: Landorus|Earthquake|p2a: (GONE WRONG)
|-damage|p2a: (GONE WRONG)|57/100
|move|p2a: (GONE WRONG)|Moonblast|p1a: Landorus
|-damage|p1a: Landorus|20/100
|
|-heal|p1a: Landorus|26/100|[from] item: Leftovers
|upkeep
|turn|15
|j| Jongruenwald
|
|t:|1668091873
|move|p1a: Landorus|Earthquake|p2a: (GONE WRONG)
|-damage|p2a: (GONE WRONG)|20/100
|move|p2a: (GONE WRONG)|Soft-Boiled|p2a: (GONE WRONG)
|-heal|p2a: (GONE WRONG)|70/100
|
|-heal|p1a: Landorus|32/100|[from] item: Leftovers
|upkeep
|turn|16
|
|t:|1668091879
|move|p1a: Landorus|U-turn|p2a: (GONE WRONG)
|-resisted|p2a: (GONE WRONG)
|-damage|p2a: (GONE WRONG)|62/100
|
|t:|1668091886
|switch|p1a: Slowbro|Slowbro, F|100/100|[from]move: U-turn
|move|p2a: (GONE WRONG)|Soft-Boiled|p2a: (GONE WRONG)
|-heal|p2a: (GONE WRONG)|100/100
|
|upkeep
|turn|17
|inactive|Down$hift has 120 seconds left.
|
|t:|1668091920
|switch|p2a: 3 AM|Slowbro, M|100/100
|move|p1a: Slowbro|Scald|p2a: 3 AM
|-resisted|p2a: 3 AM
|-damage|p2a: 3 AM|90/100
|
|upkeep
|turn|18
|
|t:|1668091928
|move|p2a: 3 AM|Teleport|p2a: 3 AM
|
|t:|1668091935
|switch|p2a: (GONE WRONG)|Clefable, F|100/100|[from]move: Teleport
|move|p1a: Slowbro|Teleport|p1a: Slowbro
|
|t:|1668091946
|switch|p1a: Melmetal|Melmetal|100/100|[from]move: Teleport
|-damage|p1a: Melmetal|94/100|[from] Stealth Rock
|
|upkeep
|turn|19
|
|t:|1668091948
|move|p2a: (GONE WRONG)|Trick|p1a: Melmetal
|-activate|p2a: (GONE WRONG)|move: Trick|[of] p1a: Melmetal
|-item|p1a: Melmetal|Sticky Barb|[from] move: Trick
|-item|p2a: (GONE WRONG)|Assault Vest|[from] move: Trick
|move|p1a: Melmetal|Double Iron Bash|p2a: (GONE WRONG)
|-supereffective|p2a: (GONE WRONG)
|-damage|p2a: (GONE WRONG)|39/100
|-supereffective|p2a: (GONE WRONG)
|-damage|p2a: (GONE WRONG)|0 fnt
|faint|p2a: (GONE WRONG)
|-hitcount|p2: (GONE WRONG)|2
|
|-damage|p1a: Melmetal|82/100|[from] item: Sticky Barb
|upkeep
|
|t:|1668091956
|switch|p2a: 3 AM|Slowbro, M|100/100
|turn|20
|
|t:|1668091975
|switch|p1a: Slowbro|Slowbro, F|100/100
|move|p2a: 3 AM|Trick Room|p2a: 3 AM
|-fieldstart|move: Trick Room|[of] p2a: 3 AM
|
|upkeep
|turn|21
|
|t:|1668091981
|move|p1a: Slowbro|Future Sight|p2a: 3 AM
|-start|p1a: Slowbro|move: Future Sight
|move|p2a: 3 AM|Teleport|p2a: 3 AM
|
|t:|1668091983
|switch|p2a: (NOT CLICKBAIT)|Pincurchin, F, shiny|100/100|[from]move: Teleport
|-damage|p2a: (NOT CLICKBAIT)|88/100|[from] Stealth Rock
|-fieldstart|move: Electric Terrain|[from] ability: Electric Surge|[of] p2a: (NOT CLICKBAIT)
|
|upkeep
|turn|22
|
|t:|1668091990
|switch|p1a: Landorus|Landorus-Therian, M|32/100
|-damage|p1a: Landorus|20/100|[from] Stealth Rock
|-ability|p1a: Landorus|Intimidate|boost
|-unboost|p2a: (NOT CLICKBAIT)|atk|1
|move|p2a: (NOT CLICKBAIT)|Rising Voltage|p1a: Landorus
|-immune|p1a: Landorus
|
|-heal|p1a: Landorus|26/100|[from] item: Leftovers
|upkeep
|turn|23
|
|t:|1668092001
|switch|p2a: 3 AM|Slowbro, M|100/100
|switch|p1a: Slowbro|Slowbro, F|100/100
|
|-end|p2a: 3 AM|move: Future Sight
|-resisted|p2a: 3 AM
|-damage|p2a: 3 AM|86/100
|upkeep
|turn|24
|
|t:|1668092007
|move|p2a: 3 AM|Scald|p1a: Slowbro
|-resisted|p1a: Slowbro
|-damage|p1a: Slowbro|86/100
|move|p1a: Slowbro|Teleport|p1a: Slowbro
|
|t:|1668092011
|switch|p1a: Weavile|Weavile, M|100/100|[from]move: Teleport
|-damage|p1a: Weavile|76/100|[from] Stealth Rock
|-ability|p1a: Weavile|Pressure
|
|-fieldend|move: Trick Room
|upkeep
|turn|25
|
|t:|1668092017
|switch|p2a: AMONG US|Amoonguss, F, shiny|100/100
|-damage|p2a: AMONG US|88/100|[from] Stealth Rock
|move|p1a: Weavile|Beat Up|p2a: AMONG US
|-damage|p2a: AMONG US|76/100
|-damage|p2a: AMONG US|68/100
|-damage|p2a: AMONG US|55/100
|-damage|p2a: AMONG US|41/100
|-damage|p2a: AMONG US|30/100
|-damage|p2a: AMONG US|19/100
|-hitcount|p2a: AMONG US|6
|
|-fieldend|move: Electric Terrain
|upkeep
|turn|26
|
|t:|1668092024
|move|p1a: Weavile|Beat Up|p2a: AMONG US
|-damage|p2a: AMONG US|8/100
|-damage|p2a: AMONG US|0 fnt
|faint|p2a: AMONG US
|-hitcount|p2: AMONG US|2
|
|upkeep
|
|t:|1668092027
|switch|p2a: CHALLENGE|Tyranitar, F|100/100
|-damage|p2a: CHALLENGE|88/100|[from] Stealth Rock
|-weather|Sandstorm|[from] ability: Sand Stream|[of] p2a: CHALLENGE
|turn|27
|
|t:|1668092037
|switch|p1a: Slowbro|Slowbro, F|100/100
|move|p2a: CHALLENGE|Crunch|p1a: Slowbro
|-supereffective|p1a: Slowbro
|-damage|p1a: Slowbro|18/100
|
|-weather|Sandstorm|[upkeep]
|-damage|p1a: Slowbro|11/100|[from] Sandstorm
|upkeep
|turn|28
|
|t:|1668092050
|move|p2a: CHALLENGE|Crunch|p1a: Slowbro
|-supereffective|p1a: Slowbro
|-crit|p1a: Slowbro
|-damage|p1a: Slowbro|0 fnt
|faint|p1a: Slowbro
|
|-weather|Sandstorm|[upkeep]
|upkeep
|
|t:|1668092051
|switch|p1a: Landorus|Landorus-Therian, M|26/100
|-damage|p1a: Landorus|14/100|[from] Stealth Rock
|-ability|p1a: Landorus|Intimidate|boost
|-unboost|p2a: CHALLENGE|atk|1
|turn|29
|
|t:|1668092055
|switch|p2a: (IMPOSSIBLE)|Excadrill, M|100/100
|-damage|p2a: (IMPOSSIBLE)|97/100|[from] Stealth Rock
|-item|p2a: (IMPOSSIBLE)|Air Balloon
|move|p1a: Landorus|Earthquake|p2a: (IMPOSSIBLE)
|-immune|p2a: (IMPOSSIBLE)
|
|-weather|Sandstorm|[upkeep]
|-heal|p1a: Landorus|20/100|[from] item: Leftovers
|upkeep
|turn|30
|
|t:|1668092066
|switch|p1a: Kartana|Kartana|100/100
|-damage|p1a: Kartana|94/100|[from] Stealth Rock
|move|p2a: (IMPOSSIBLE)|Iron Head|p1a: Kartana
|-resisted|p1a: Kartana
|-damage|p1a: Kartana|75/100
|
|-weather|Sandstorm|[upkeep]
|upkeep
|turn|31
|
|t:|1668092073
|move|p2a: (IMPOSSIBLE)|Earthquake|p1a: Kartana
|-damage|p1a: Kartana|28/100
|move|p1a: Kartana|Leaf Blade|p2a: (IMPOSSIBLE)
|-damage|p2a: (IMPOSSIBLE)|13/100
|-enditem|p2a: (IMPOSSIBLE)|Air Balloon
|-damage|p1a: Kartana|18/100|[from] item: Life Orb
|
|-weather|none
|upkeep
|turn|32
|
|t:|1668092081
|switch|p2a: CHALLENGE|Tyranitar, F|88/100
|-damage|p2a: CHALLENGE|76/100|[from] Stealth Rock
|-weather|Sandstorm|[from] ability: Sand Stream|[of] p2a: CHALLENGE
|move|p1a: Kartana|Leaf Blade|p2a: CHALLENGE
|-supereffective|p2a: CHALLENGE
|-damage|p2a: CHALLENGE|0 fnt
|faint|p2a: CHALLENGE
|-ability|p1a: Kartana|Beast Boost|boost
|-boost|p1a: Kartana|spe|1
|-damage|p1a: Kartana|8/100|[from] item: Life Orb
|
|-weather|Sandstorm|[upkeep]
|upkeep
|
|t:|1668092084
|switch|p2a: (IMPOSSIBLE)|Excadrill, M|13/100
|-damage|p2a: (IMPOSSIBLE)|10/100|[from] Stealth Rock
|turn|33
|
|t:|1668092100
|switch|p1a: Melmetal|Melmetal|82/100
|-damage|p1a: Melmetal|76/100|[from] Stealth Rock
|move|p2a: (IMPOSSIBLE)|Rapid Spin|p1a: Melmetal
|-resisted|p1a: Melmetal
|-damage|p1a: Melmetal|70/100
|-boost|p2a: (IMPOSSIBLE)|spe|1
|-sideend|p2: Down$hift|Stealth Rock|[from] move: Rapid Spin|[of] p2a: (IMPOSSIBLE)
|
|-weather|Sandstorm|[upkeep]
|-damage|p2a: (IMPOSSIBLE)|0 fnt|[from] item: Sticky Barb
|faint|p2a: (IMPOSSIBLE)
|upkeep
|
|t:|1668092102
|switch|p2a: 3 AM|Slowbro, M|100/100
|turn|34
|
|t:|1668092106
|move|p1a: Melmetal|Double Iron Bash|p2a: 3 AM
|-resisted|p2a: 3 AM
|-damage|p2a: 3 AM|83/100
|-resisted|p2a: 3 AM
|-damage|p2a: 3 AM|67/100
|-hitcount|p2a: 3 AM|2
|cant|p2a: 3 AM|flinch
|
|-weather|Sandstorm|[upkeep]
|-damage|p2a: 3 AM|61/100|[from] Sandstorm
|upkeep
|turn|35
|
|t:|1668092115
|move|p1a: Melmetal|Double Iron Bash|p2a: 3 AM
|-resisted|p2a: 3 AM
|-damage|p2a: 3 AM|45/100
|-resisted|p2a: 3 AM
|-damage|p2a: 3 AM|29/100
|-hitcount|p2a: 3 AM|2
|move|p2a: 3 AM|Trick Room|p2a: 3 AM
|-fieldstart|move: Trick Room|[of] p2a: 3 AM
|
|-weather|Sandstorm|[upkeep]
|-damage|p2a: 3 AM|23/100|[from] Sandstorm
|upkeep
|turn|36
|
|t:|1668092120
|move|p2a: 3 AM|Slack Off|p2a: 3 AM
|-heal|p2a: 3 AM|73/100
|move|p1a: Melmetal|Double Iron Bash|p2a: 3 AM
|-resisted|p2a: 3 AM
|-damage|p2a: 3 AM|56/100
|-resisted|p2a: 3 AM
|-damage|p2a: 3 AM|40/100
|-hitcount|p2a: 3 AM|2
|
|-weather|none
|upkeep
|turn|37
|
|t:|1668092130
|move|p2a: 3 AM|Slack Off|p2a: 3 AM
|-heal|p2a: 3 AM|90/100
|move|p1a: Melmetal|Double Iron Bash|p2a: 3 AM
|-resisted|p2a: 3 AM
|-damage|p2a: 3 AM|75/100
|-resisted|p2a: 3 AM
|-crit|p2a: 3 AM
|-damage|p2a: 3 AM|51/100
|-hitcount|p2a: 3 AM|2
|
|upkeep
|turn|38
|-message|Down$hift forfeited.
|
|win|Kevinskie
|raw|Kevinskie's rating: 1708 &rarr; <strong>1733</strong><br />(+25 for winning)
|raw|Down$hift's rating: 1806 &rarr; <strong>1781</strong><br />(-25 for losing)
|l|☆Down$hift
||Ladder isn't responding, score probably updated but might not have (Request timeout).
