|j|☆yhuij
|j|☆mimilimi
|inactive|Battle timer is ON: inactive players will automatically lose when time's up.
|t:|1668166259
|gametype|singles
|player|p1|yhuij|101|
|player|p2|mimilimi|juggler|
|teamsize|p1|6
|teamsize|p2|6
|gen|8
|tier|[Gen 8] OU
|rated|Tournament battle
|rule|Sleep Clause Mod: Limit one foe put to sleep
|rule|Species Clause: Limit one of each Pokémon
|rule|OHKO Clause: OHKO moves are banned
|rule|Evasion Items Clause: Evasion items are banned
|rule|Evasion Moves Clause: Evasion moves are banned
|rule|Endless Battle Clause: Forcing endless battles is banned
|rule|HP Percentage Mod: HP is shown in percentages
|rule|Dynamax Clause: You cannot dynamax
|clearpoke
|poke|p1|Slowbro, F|
|poke|p1|Hatterene, F|
|poke|p1|Porygon2|
|poke|p1|Crawdaunt, M|
|poke|p1|Marowak-Alola, M|
|poke|p1|Melmetal|
|poke|p2|Blastoise, F|
|poke|p2|Corviknight, M|
|poke|p2|Landorus-Therian, M|
|poke|p2|Toxapex, M|
|poke|p2|Tapu Koko|
|poke|p2|Dragapult, M|
|teampreview
|c|☆mimilimi|gl
|j| Lougarick22
|
|t:|1668166268
|start
|switch|p1a: Hatterene|Hatterene, F|100/100
|switch|p2a: Landorus|Landorus-Therian, M|100/100
|-ability|p2a: Landorus|Intimidate|boost
|-unboost|p1a: Hatterene|atk|1
|turn|1
|
|t:|1668166272
|switch|p1a: Porygon2|Porygon2|100/100
|-ability|p1a: Porygon2|Intimidate|[from] ability: Trace|[of] p2a: Landorus
|-ability|p1a: Porygon2|Intimidate|boost
|-unboost|p2a: Landorus|atk|1
|move|p2a: Landorus|Earthquake|p1a: Porygon2
|-damage|p1a: Porygon2|78/100
|
|upkeep
|turn|2
|
|t:|1668166279
|switch|p1a: Hatterene|Hatterene, F|100/100
|move|p2a: Landorus|U-turn|p1a: Hatterene
|-damage|p1a: Hatterene|89/100
|
|t:|1668166282
|switch|p2a: Dragapult|Dragapult, M|100/100|[from]move: U-turn
|
|upkeep
|turn|3
|
|t:|1668166286
|switch|p1a: Porygon2|Porygon2|78/100
|-ability|p1a: Porygon2|Clear Body|[from] ability: Trace|[of] p2a: Dragapult
|move|p2a: Dragapult|U-turn|p1a: Porygon2
|-damage|p1a: Porygon2|57/100
|
|t:|1668166290
|switch|p2a: Blastoise|Blastoise, F|100/100|[from]move: U-turn
|
|upkeep
|turn|4
|
|t:|1668166294
|detailschange|p2a: Blastoise|Blastoise-Mega, F
|-mega|p2a: Blastoise|Blastoise|Blastoisinite
|move|p2a: Blastoise|Aura Sphere|p1a: Porygon2
|-supereffective|p1a: Porygon2
|-damage|p1a: Porygon2|14/100
|move|p1a: Porygon2|Recover|p1a: Porygon2
|-heal|p1a: Porygon2|64/100
|
|upkeep
|turn|5
|
|t:|1668166300
|move|p2a: Blastoise|Aura Sphere|p1a: Porygon2
|-supereffective|p1a: Porygon2
|-damage|p1a: Porygon2|23/100
|move|p1a: Porygon2|Trick Room|p1a: Porygon2
|-fieldstart|move: Trick Room|[of] p1a: Porygon2
|
|upkeep
|turn|6
|
|t:|1668166307
|switch|p2a: Toxapex|Toxapex, M|100/100
|move|p1a: Porygon2|Recover|p1a: Porygon2
|-heal|p1a: Porygon2|73/100
|
|upkeep
|turn|7
|
|t:|1668166311
|switch|p1a: Hatterene|Hatterene, F|89/100
|move|p2a: Toxapex|Knock Off|p1a: Hatterene
|-damage|p1a: Hatterene|77/100
|-enditem|p1a: Hatterene|Kasib Berry|[from] move: Knock Off|[of] p2a: Toxapex
|
|upkeep
|turn|8
|j| Highv0ltag3
|
|t:|1668166318
|switch|p1a: Crawdaunt|Crawdaunt, M|100/100
|switch|p2a: Corviknight|Corviknight, M|100/100
|-ability|p2a: Corviknight|Pressure
|
|upkeep
|turn|9
|j| HhbhUhhh
|
|t:|1668166325
|move|p1a: Crawdaunt|Swords Dance|p1a: Crawdaunt
|-boost|p1a: Crawdaunt|atk|2
|move|p2a: Corviknight|Body Press|p1a: Crawdaunt
|-supereffective|p1a: Crawdaunt
|-crit|p1a: Crawdaunt
|-damage|p1a: Crawdaunt|17/100
|
|-fieldend|move: Trick Room
|upkeep
|turn|10
|
|t:|1668166341
|switch|p1a: Marowak|Marowak-Alola, M|100/100
|move|p2a: Corviknight|U-turn|p1a: Marowak
|-resisted|p1a: Marowak
|-damage|p1a: Marowak|97/100
|
|t:|1668166344
|switch|p2a: Blastoise|Blastoise-Mega, F|100/100|[from]move: U-turn
|
|upkeep
|turn|11
|
|t:|1668166357
|move|p2a: Blastoise|Shell Smash|p2a: Blastoise
|-unboost|p2a: Blastoise|def|1
|-unboost|p2a: Blastoise|spd|1
|-boost|p2a: Blastoise|atk|2
|-boost|p2a: Blastoise|spa|2
|-boost|p2a: Blastoise|spe|2
|move|p1a: Marowak|Shadow Bone|p2a: Blastoise
|-damage|p2a: Blastoise|0 fnt
|faint|p2a: Blastoise
|
|upkeep
|
|t:|1668166361
|switch|p2a: Landorus|Landorus-Therian, M|100/100
|-ability|p2a: Landorus|Intimidate|boost
|-unboost|p1a: Marowak|atk|1
|turn|12
|c|☆mimilimi|:(
|
|t:|1668166370
|switch|p1a: Slowbro|Slowbro, F|100/100
|move|p2a: Landorus|Earthquake|p1a: Slowbro
|-damage|p1a: Slowbro|72/100
|
|upkeep
|turn|13
|
|t:|1668166375
|move|p2a: Landorus|Stealth Rock|p1a: Slowbro
|-sidestart|p1: yhuij|move: Stealth Rock
|move|p1a: Slowbro|Scald|p2a: Landorus
|-supereffective|p2a: Landorus
|-damage|p2a: Landorus|56/100
|
|-heal|p2a: Landorus|62/100|[from] item: Leftovers
|upkeep
|turn|14
|
|t:|1668166382
|move|p2a: Landorus|U-turn|p1a: Slowbro
|-supereffective|p1a: Slowbro
|-damage|p1a: Slowbro|45/100
|
|t:|1668166385
|switch|p2a: Tapu Koko|Tapu Koko|100/100|[from]move: U-turn
|-fieldstart|move: Electric Terrain|[from] ability: Electric Surge|[of] p2a: Tapu Koko
|move|p1a: Slowbro|Scald|p2a: Tapu Koko
|-damage|p2a: Tapu Koko|57/100
|
|upkeep
|turn|15
|
|t:|1668166400
|move|p2a: Tapu Koko|Thunderbolt|p1a: Slowbro
|-supereffective|p1a: Slowbro
|-damage|p1a: Slowbro|0 fnt
|faint|p1a: Slowbro
|
|upkeep
|
|t:|1668166411
|switch|p1a: Melmetal|Melmetal|100/100
|-damage|p1a: Melmetal|94/100|[from] Stealth Rock
|turn|16
|
|t:|1668166413
|move|p2a: Tapu Koko|U-turn|p1a: Melmetal
|-resisted|p1a: Melmetal
|-damage|p1a: Melmetal|90/100
|
|t:|1668166415
|switch|p2a: Corviknight|Corviknight, M|100/100|[from]move: U-turn
|-ability|p2a: Corviknight|Pressure
|move|p1a: Melmetal|Double Iron Bash|p2a: Corviknight
|-resisted|p2a: Corviknight
|-damage|p2a: Corviknight|86/100
|-resisted|p2a: Corviknight
|-damage|p2a: Corviknight|73/100
|-hitcount|p2a: Corviknight|2
|
|-heal|p2a: Corviknight|79/100|[from] item: Leftovers
|upkeep
|turn|17
|
|t:|1668166425
|move|p2a: Corviknight|U-turn|p1a: Melmetal
|-resisted|p1a: Melmetal
|-damage|p1a: Melmetal|86/100
|
|t:|1668166427
|switch|p2a: Toxapex|Toxapex, M|100/100|[from]move: U-turn
|move|p1a: Melmetal|Ice Punch|p2a: Toxapex
|-resisted|p2a: Toxapex
|-damage|p2a: Toxapex|89/100
|
|upkeep
|turn|18
|
|t:|1668166433
|switch|p2a: Landorus|Landorus-Therian, M|62/100
|-ability|p2a: Landorus|Intimidate|boost
|-unboost|p1a: Melmetal|atk|1
|move|p1a: Melmetal|Thunder Punch|p2a: Landorus
|-immune|p2a: Landorus
|
|-heal|p2a: Landorus|68/100|[from] item: Leftovers
|-fieldend|move: Electric Terrain
|upkeep
|turn|19
|
|t:|1668166436
|move|p2a: Landorus|U-turn|p1a: Melmetal
|-resisted|p1a: Melmetal
|-damage|p1a: Melmetal|80/100
|
|t:|1668166438
|switch|p2a: Toxapex|Toxapex, M|100/100|[from]move: U-turn
|move|p1a: Melmetal|Ice Punch|p2a: Toxapex
|-resisted|p2a: Toxapex
|-damage|p2a: Toxapex|94/100
|-status|p2a: Toxapex|frz
|
|upkeep
|turn|20
|
|t:|1668166449
|switch|p1a: Porygon2|Porygon2|73/100
|-damage|p1a: Porygon2|60/100|[from] Stealth Rock
|-ability|p1a: Porygon2|Regenerator|[from] ability: Trace|[of] p2a: Toxapex
|cant|p2a: Toxapex|frz
|
|upkeep
|turn|21
|
|t:|1668166458
|move|p1a: Porygon2|Recover|p1a: Porygon2
|-heal|p1a: Porygon2|100/100
|-curestatus|p2a: Toxapex|frz|[msg]
|move|p2a: Toxapex|Knock Off|p1a: Porygon2
|-damage|p1a: Porygon2|91/100
|-enditem|p1a: Porygon2|Eviolite|[from] move: Knock Off|[of] p2a: Toxapex
|
|upkeep
|turn|22
|
|t:|1668166470
|move|p2a: Toxapex|Toxic Spikes|p1a: Porygon2
|-sidestart|p1: yhuij|move: Toxic Spikes
|move|p1a: Porygon2|Teleport|p1a: Porygon2
|
|t:|1668166473
|switch|p1a: Hatterene|Hatterene, F|77/100|[from]move: Teleport
|-damage|p1a: Hatterene|65/100|[from] Stealth Rock
|-status|p1a: Hatterene|psn
|
|-damage|p1a: Hatterene|53/100 psn|[from] psn
|upkeep
|turn|23
|
|t:|1668166480
|switch|p2a: Corviknight|Corviknight, M|79/100
|-ability|p2a: Corviknight|Pressure
|move|p1a: Hatterene|Psychic|p2a: Corviknight
|-resisted|p2a: Corviknight
|-damage|p2a: Corviknight|62/100
|
|-heal|p2a: Corviknight|68/100|[from] item: Leftovers
|-damage|p1a: Hatterene|40/100 psn|[from] psn
|upkeep
|turn|24
|
|t:|1668166483
|move|p2a: Corviknight|U-turn|p1a: Hatterene
|-damage|p1a: Hatterene|28/100 psn
|
|t:|1668166490
|switch|p2a: Toxapex|Toxapex, M|100/100|[from]move: U-turn
|move|p1a: Hatterene|Trick Room|p1a: Hatterene
|-fieldstart|move: Trick Room|[of] p1a: Hatterene
|
|-damage|p1a: Hatterene|16/100 psn|[from] psn
|upkeep
|turn|25
|
|t:|1668166495
|move|p1a: Hatterene|Healing Wish|p1a: Hatterene
|faint|p1a: Hatterene
|move|p2a: Toxapex|Recover||[still]
|-fail|p2a: Toxapex|heal
|
|upkeep
|
|t:|1668166499
|switch|p1a: Crawdaunt|Crawdaunt, M|17/100
|-heal|p1a: Crawdaunt|100/100|[from] move: Healing Wish
|-damage|p1a: Crawdaunt|88/100|[from] Stealth Rock
|-status|p1a: Crawdaunt|psn
|turn|26
|
|t:|1668166505
|move|p1a: Crawdaunt|Swords Dance|p1a: Crawdaunt
|-boost|p1a: Crawdaunt|atk|2
|move|p2a: Toxapex|Haze|p2a: Toxapex
|-clearallboost
|
|-damage|p1a: Crawdaunt|76/100 psn|[from] psn
|upkeep
|turn|27
|
|t:|1668166510
|move|p1a: Crawdaunt|Knock Off|p2a: Toxapex
|-damage|p2a: Toxapex|45/100
|-damage|p1a: Crawdaunt|59/100 psn|[from] item: Rocky Helmet|[of] p2a: Toxapex
|-enditem|p2a: Toxapex|Rocky Helmet|[from] move: Knock Off|[of] p1a: Crawdaunt
|-damage|p1a: Crawdaunt|49/100 psn|[from] item: Life Orb
|move|p2a: Toxapex|Knock Off|p1a: Crawdaunt
|-resisted|p1a: Crawdaunt
|-damage|p1a: Crawdaunt|40/100 psn
|-enditem|p1a: Crawdaunt|Life Orb|[from] move: Knock Off|[of] p2a: Toxapex
|
|-damage|p1a: Crawdaunt|28/100 psn|[from] psn
|upkeep
|turn|28
|
|t:|1668166517
|move|p1a: Crawdaunt|Knock Off|p2a: Toxapex
|-damage|p2a: Toxapex|15/100
|move|p2a: Toxapex|Recover|p2a: Toxapex
|-heal|p2a: Toxapex|65/100
|
|-damage|p1a: Crawdaunt|16/100 psn|[from] psn
|-fieldend|move: Trick Room
|upkeep
|turn|29
|
|t:|1668166524
|move|p2a: Toxapex|Recover|p2a: Toxapex
|-heal|p2a: Toxapex|100/100
|move|p1a: Crawdaunt|Knock Off|p2a: Toxapex
|-damage|p2a: Toxapex|70/100
|
|-damage|p1a: Crawdaunt|3/100 psn|[from] psn
|upkeep
|turn|30
|
|t:|1668166532
|move|p2a: Toxapex|Knock Off|p1a: Crawdaunt
|-resisted|p1a: Crawdaunt
|-crit|p1a: Crawdaunt
|-damage|p1a: Crawdaunt|0 fnt
|faint|p1a: Crawdaunt
|
|upkeep
|
|t:|1668166536
|switch|p1a: Melmetal|Melmetal|80/100
|-damage|p1a: Melmetal|74/100|[from] Stealth Rock
|turn|31
|
|t:|1668166541
|switch|p2a: Landorus|Landorus-Therian, M|68/100
|-ability|p2a: Landorus|Intimidate|boost
|-unboost|p1a: Melmetal|atk|1
|move|p1a: Melmetal|Ice Punch|p2a: Landorus
|-supereffective|p2a: Landorus
|-damage|p2a: Landorus|0 fnt
|faint|p2a: Landorus
|
|upkeep
|
|t:|1668166545
|switch|p2a: Corviknight|Corviknight, M|68/100
|-ability|p2a: Corviknight|Pressure
|turn|32
|
|t:|1668166550
|switch|p1a: Marowak|Marowak-Alola, M|97/100
|-damage|p1a: Marowak|72/100|[from] Stealth Rock
|-status|p1a: Marowak|psn
|move|p2a: Corviknight|Body Press|p1a: Marowak
|-immune|p1a: Marowak
|
|-heal|p2a: Corviknight|74/100|[from] item: Leftovers
|-damage|p1a: Marowak|59/100 psn|[from] psn
|upkeep
|turn|33
|
|t:|1668166557
|move|p2a: Corviknight|U-turn|p1a: Marowak
|-resisted|p1a: Marowak
|-damage|p1a: Marowak|56/100 psn
|
|t:|1668166560
|switch|p2a: Toxapex|Toxapex, M|100/100|[from]move: U-turn
|move|p1a: Marowak|Shadow Bone|p2a: Toxapex
|-damage|p2a: Toxapex|55/100
|
|-damage|p1a: Marowak|44/100 psn|[from] psn
|upkeep
|turn|34
|
|t:|1668166569
|move|p2a: Toxapex|Knock Off|p1a: Marowak
|-supereffective|p1a: Marowak
|-damage|p1a: Marowak|15/100 psn
|-enditem|p1a: Marowak|Thick Club|[from] move: Knock Off|[of] p2a: Toxapex
|move|p1a: Marowak|Bonemerang|p2a: Toxapex
|-supereffective|p2a: Toxapex
|-damage|p2a: Toxapex|36/100
|-supereffective|p2a: Toxapex
|-damage|p2a: Toxapex|21/100
|-hitcount|p2a: Toxapex|2
|
|-damage|p1a: Marowak|3/100 psn|[from] psn
|upkeep
|turn|35
|j| ono oh no
|
|t:|1668166578
|move|p2a: Toxapex|Recover|p2a: Toxapex
|-heal|p2a: Toxapex|71/100
|move|p1a: Marowak|Shadow Bone|p2a: Toxapex
|-damage|p2a: Toxapex|50/100
|-unboost|p2a: Toxapex|def|1
|
|-damage|p1a: Marowak|0 fnt|[from] psn
|faint|p1a: Marowak
|upkeep
|
|t:|1668166585
|switch|p1a: Melmetal|Melmetal|74/100
|-damage|p1a: Melmetal|68/100|[from] Stealth Rock
|turn|36
|
|t:|1668166588
|switch|p2a: Corviknight|Corviknight, M|74/100
|-ability|p2a: Corviknight|Pressure
|move|p1a: Melmetal|Thunder Punch|p2a: Corviknight
|-supereffective|p2a: Corviknight
|-damage|p2a: Corviknight|25/100
|
|-heal|p2a: Corviknight|31/100|[from] item: Leftovers
|upkeep
|turn|37
|
|t:|1668166592
|move|p2a: Corviknight|Roost|p2a: Corviknight
|-heal|p2a: Corviknight|81/100
|-singleturn|p2a: Corviknight|move: Roost
|move|p1a: Melmetal|Earthquake|p2a: Corviknight
|-supereffective|p2a: Corviknight
|-damage|p2a: Corviknight|27/100
|
|-heal|p2a: Corviknight|34/100|[from] item: Leftovers
|upkeep
|turn|38
|
|t:|1668166599
|move|p2a: Corviknight|Roost|p2a: Corviknight
|-heal|p2a: Corviknight|84/100
|-singleturn|p2a: Corviknight|move: Roost
|move|p1a: Melmetal|Thunder Punch|p2a: Corviknight
|-damage|p2a: Corviknight|62/100
|
|-heal|p2a: Corviknight|68/100|[from] item: Leftovers
|upkeep
|turn|39
|
|t:|1668166608
|move|p2a: Corviknight|Body Press|p1a: Melmetal
|-supereffective|p1a: Melmetal
|-damage|p1a: Melmetal|40/100
|move|p1a: Melmetal|Thunder Punch|p2a: Corviknight
|-supereffective|p2a: Corviknight
|-damage|p2a: Corviknight|21/100
|
|-heal|p2a: Corviknight|27/100|[from] item: Leftovers
|upkeep
|turn|40
|
|t:|1668166618
|move|p2a: Corviknight|Roost|p2a: Corviknight
|-heal|p2a: Corviknight|77/100
|-singleturn|p2a: Corviknight|move: Roost
|move|p1a: Melmetal|Earthquake|p2a: Corviknight
|-supereffective|p2a: Corviknight
|-damage|p2a: Corviknight|25/100
|
|-heal|p2a: Corviknight|31/100|[from] item: Leftovers
|upkeep
|turn|41
|
|t:|1668166624
|move|p2a: Corviknight|Roost|p2a: Corviknight
|-heal|p2a: Corviknight|81/100
|-singleturn|p2a: Corviknight|move: Roost
|move|p1a: Melmetal|Thunder Punch|p2a: Corviknight
|-damage|p2a: Corviknight|57/100
|
|-heal|p2a: Corviknight|63/100|[from] item: Leftovers
|upkeep
|turn|42
|-message|yhuij forfeited.
|
|win|mimilimi
|n|☆yhuij|yhuij
|n|☆mimilimi|mimilimi
|n| Lougarick22|lougarick22
|n| Highv0ltag3|highv0ltag3
|n| HhbhUhhh|hhbhuhhh
|n| ono oh no|onoohno
