|j|☆Noice T-Pose
|j|☆Rheinmetal
|player|p1|Noice T-Pose|aaron|1202
|player|p2|Rheinmetal|cynthia|1234
|teamsize|p1|6
|teamsize|p2|6
|gametype|singles
|gen|8
|tier|[Gen 8] OU
|rated|
|clearpoke
|poke|p1|Sudowoodo, M|
|poke|p1|Dragapult, F|
|poke|p1|Arctovish|
|poke|p1|Tyranitar, M|
|poke|p1|Claydol|
|poke|p1|Rapidash-Galar, M|
|poke|p2|Cinderace, M|
|poke|p2|Dugtrio, M|
|poke|p2|Ferrothorn, M|
|poke|p2|Toxtricity, M|
|poke|p2|Sylveon, F|
|poke|p2|Togekiss, F|
|rule|Sleep Clause Mod: Limit one foe put to sleep
|rule|Species Clause: Limit one of each Pokémon
|rule|OHKO Clause: OHKO moves are banned
|rule|Evasion Moves Clause: Evasion moves are banned
|rule|Endless Battle Clause: Forcing endless battles is banned
|rule|HP Percentage Mod: HP is shown in percentages
|rule|Dynamax Clause: You cannot dynamax
|teampreview
|inactive|Battle timer is ON: inactive players will automatically lose when time's up. (requested by Rheinmetal)
|
|start
|switch|p1a: Tyranitar|Tyranitar, M|100/100
|switch|p2a: WALL|Ferrothorn, M|100/100
|-weather|Sandstorm|[from] ability: Sand Stream|[of] p1a: Tyranitar
|turn|1
|
|move|p1a: Tyranitar|Fire Blast|p2a: WALL
|-supereffective|p2a: WALL
|-damage|p2a: WALL|0 fnt
|faint|p2a: WALL
|
|-weather|Sandstorm|[upkeep]
|upkeep
|c|☆Noice T-Pose|>wall
|
|switch|p2a: The Cucker|Dugtrio, M|100/100
|turn|2
|
|move|p2a: The Cucker|Stealth Rock|p1a: Tyranitar
|-sidestart|p1: Noice T-Pose|move: Stealth Rock
|move|p1a: Tyranitar|Fire Blast|p2a: The Cucker
|-enditem|p2a: The Cucker|Focus Sash
|-damage|p2a: The Cucker|1/100
|
|-weather|Sandstorm|[upkeep]
|upkeep
|turn|3
|
|move|p2a: The Cucker|Reversal|p1a: Tyranitar
|-supereffective|p1a: Tyranitar
|-damage|p1a: Tyranitar|0 fnt
|faint|p1a: Tyranitar
|
|-weather|Sandstorm|[upkeep]
|upkeep
|
|switch|p1a: Claydol|Claydol|100/100
|-damage|p1a: Claydol|94/100|[from] Stealth Rock
|turn|4
|
|move|p2a: The Cucker|Sucker Punch|p1a: Claydol
|-supereffective|p1a: Claydol
|-damage|p1a: Claydol|65/100
|move|p1a: Claydol|Rapid Spin|p2a: The Cucker
|-damage|p2a: The Cucker|0 fnt
|-sideend|p1: Noice T-Pose|Stealth Rock|[from] move: Rapid Spin|[of] p1a: Claydol
|-boost|p1a: Claydol|spe|1
|faint|p2a: The Cucker
|
|-weather|Sandstorm|[upkeep]
|-heal|p1a: Claydol|71/100|[from] item: Leftovers
|upkeep
|
|switch|p2a: Face with Wings|Togekiss, F|100/100
|turn|5
|
|switch|p1a: Rapidash|Rapidash-Galar, M|100/100
|move|p2a: Face with Wings|Grass Knot|p1a: Rapidash
|-damage|p1a: Rapidash|61/100
|
|-weather|none
|upkeep
|turn|6
|
|move|p1a: Rapidash|Zen Headbutt|p2a: Face with Wings
|-damage|p2a: Face with Wings|52/100
|-damage|p1a: Rapidash|51/100|[from] item: Life Orb
|cant|p2a: Face with Wings|flinch
|
|upkeep
|turn|7
|
|switch|p2a: GearShifter|Toxtricity, M|100/100
|move|p1a: Rapidash|Wild Charge|p2a: GearShifter
|-resisted|p2a: GearShifter
|-damage|p2a: GearShifter|74/100
|-damage|p1a: Rapidash|44/100|[from] Recoil
|-damage|p1a: Rapidash|34/100|[from] item: Life Orb
|
|upkeep
|turn|8
|
|switch|p2a: Face with Wings|Togekiss, F|52/100
|move|p1a: Rapidash|Zen Headbutt|p2a: Face with Wings
|-damage|p2a: Face with Wings|0 fnt
|-damage|p1a: Rapidash|24/100|[from] item: Life Orb
|faint|p2a: Face with Wings
|
|upkeep
|-message|Rheinmetal forfeited.
|
|win|Noice T-Pose
|l|☆Rheinmetal
||Ladder (probably) updated, but score could not be retrieved (Response not received).
