|j|☆thementalgame
|j|☆Lou dort
|inactive|Battle timer is ON: inactive players will automatically lose when time's up.
|t:|1662176704
|gametype|singles
|player|p1|thementalgame|102|
|player|p2|Lou dort|acetrainersnow|
|teamsize|p1|6
|teamsize|p2|6
|gen|8
|tier|[Gen 8] OU
|rated|Tournament battle
|rule|Sleep Clause Mod: Limit one foe put to sleep
|rule|Species Clause: Limit one of each Pokémon
|rule|OHKO Clause: OHKO moves are banned
|rule|Evasion Items Clause: Evasion items are banned
|rule|Evasion Moves Clause: Evasion moves are banned
|rule|Endless Battle Clause: Forcing endless battles is banned
|rule|HP Percentage Mod: HP is shown in percentages
|rule|Dynamax Clause: You cannot dynamax
|clearpoke
|poke|p1|Blissey, F|
|poke|p1|Toxapex, M|
|poke|p1|Shedinja|
|poke|p1|Corviknight, M|
|poke|p1|Zamazenta-*|
|poke|p1|Ditto|
|poke|p2|Garchomp, F|
|poke|p2|Rotom-Wash|
|poke|p2|Clefable, M|
|poke|p2|Heatran, M|
|poke|p2|Buzzwole|
|poke|p2|Yveltal|
|teampreview
|inactive|Lou dort also wants the timer to be on.
|
|t:|1662176715
|start
|switch|p1a: Toxapex|Toxapex, M|100/100
|switch|p2a: Heatran|Heatran, M|100/100
|turn|1
|
|t:|1662176719
|move|p2a: Heatran|Earth Power|p1a: Toxapex
|-supereffective|p1a: Toxapex
|-damage|p1a: Toxapex|58/100
|move|p1a: Toxapex|Knock Off|p2a: Heatran
|-damage|p2a: Heatran|87/100
|-enditem|p2a: Heatran|Leftovers|[from] move: Knock Off|[of] p1a: Toxapex
|
|upkeep
|turn|2
|
|t:|1662176738
|move|p2a: Heatran|Magma Storm|p1a: Toxapex
|-resisted|p1a: Toxapex
|-damage|p1a: Toxapex|42/100
|-activate|p1a: Toxapex|move: Magma Storm|[of] p2a: Heatran
|move|p1a: Toxapex|Spite|p2a: Heatran
|-activate|p2a: Heatran|move: Spite|Magma Storm|4
|
|-damage|p1a: Toxapex|30/100|[from] move: Magma Storm|[partiallytrapped]
|upkeep
|turn|3
|
|t:|1662176745
|switch|p1a: Ditto|Ditto, shiny|100/100
|-transform|p1a: Ditto|p2a: Heatran|[from] ability: Imposter
|-item|p1a: Ditto|Air Balloon
|move|p2a: Heatran|Earth Power|p1a: Ditto
|-immune|p1a: Ditto
|
|upkeep
|turn|4
|
|t:|1662176755
|switch|p2a: Rotom|Rotom-Wash|100/100
|move|p1a: Ditto|Toxic|p2a: Rotom
|-status|p2a: Rotom|tox
|
|-damage|p2a: Rotom|94/100 tox|[from] psn
|upkeep
|turn|5
|
|t:|1662176764
|switch|p1a: Blissey|Blissey, F|100/100
|move|p2a: Rotom|Hydro Pump|p1a: Blissey
|-damage|p1a: Blissey|85/100
|
|-damage|p2a: Rotom|82/100 tox|[from] psn
|upkeep
|turn|6
|
|t:|1662176775
|switch|p2a: Buzzwole|Buzzwole|100/100
|move|p1a: Blissey|Stealth Rock|p2a: Buzzwole
|-sidestart|p2: Lou dort|move: Stealth Rock
|
|upkeep
|turn|7
|j| Okitsegg
|c| Okitsegg|Rip lou dort
|
|t:|1662176788
|switch|p2a: Yveltal|Yveltal|100/100
|-ability|p2a: Yveltal|Dark Aura
|switch|p1a: Corviknight|Corviknight, M|100/100
|-ability|p1a: Corviknight|Pressure
|
|upkeep
|turn|8
|inactive|thementalgame has 120 seconds left.
|
|t:|1662176832
|switch|p1a: Toxapex|Toxapex, M|64/100
|move|p2a: Yveltal|Heat Wave|p1a: Toxapex
|-resisted|p1a: Toxapex
|-damage|p1a: Toxapex|55/100
|
|upkeep
|turn|9
|
|t:|1662176856
|move|p2a: Yveltal|Knock Off|p1a: Toxapex
|-damage|p1a: Toxapex|17/100
|-enditem|p1a: Toxapex|Shed Shell|[from] move: Knock Off|[of] p2a: Yveltal
|move|p1a: Toxapex|Knock Off|p2a: Yveltal
|-resisted|p2a: Yveltal
|-damage|p2a: Yveltal|92/100
|-enditem|p2a: Yveltal|Heavy-Duty Boots|[from] move: Knock Off|[of] p1a: Toxapex
|
|upkeep
|turn|10
|
|t:|1662176868
|switch|p1a: Blissey|Blissey, F|85/100
|move|p2a: Yveltal|Heat Wave|p1a: Blissey|[miss]
|-miss|p2a: Yveltal|p1a: Blissey
|
|upkeep
|turn|11
|
|t:|1662176884
|move|p2a: Yveltal|Defog|p1a: Blissey
|-unboost|p1a: Blissey|evasion|1
|-sideend|p2: Lou dort|Stealth Rock|[from] move: Defog|[of] p2a: Yveltal
|move|p1a: Blissey|Seismic Toss|p2a: Yveltal
|-damage|p2a: Yveltal|67/100
|
|upkeep
|turn|12
|
|t:|1662176891
|switch|p2a: Buzzwole|Buzzwole|100/100
|switch|p1a: Toxapex|Toxapex, M|50/100
|
|upkeep
|turn|13
|
|t:|1662176903
|move|p2a: Buzzwole|Earthquake|p1a: Toxapex
|-supereffective|p1a: Toxapex
|-damage|p1a: Toxapex|0 fnt
|faint|p1a: Toxapex
|-ability|p2a: Buzzwole|Beast Boost|boost
|-boost|p2a: Buzzwole|atk|1
|
|upkeep
|
|t:|1662176908
|switch|p1a: Ditto|Ditto, shiny|100/100
|-transform|p1a: Ditto|p2a: Buzzwole|[from] ability: Imposter
|-item|p1a: Ditto|Air Balloon
|turn|14
|
|t:|1662176913
|switch|p1a: Shedinja|Shedinja|100/100
|move|p2a: Buzzwole|Ice Punch|p1a: Shedinja
|-immune|p1a: Shedinja|[from] ability: Wonder Guard
|
|upkeep
|turn|15
|inactive|thementalgame has 120 seconds left.
|
|t:|1662176920
|switch|p2a: Rotom|Rotom-Wash|82/100 tox
|move|p1a: Shedinja|Toxic|p2a: Rotom
|-fail|p2a: Rotom|tox
|
|-damage|p2a: Rotom|75/100 tox|[from] psn
|upkeep
|turn|16
|
|t:|1662176925
|move|p1a: Shedinja|Protect|p1a: Shedinja
|-singleturn|p1a: Shedinja|Protect
|move|p2a: Rotom|Trick|p1a: Shedinja
|-activate|p1a: Shedinja|move: Protect
|
|-damage|p2a: Rotom|63/100 tox|[from] psn
|upkeep
|turn|17
|inactive|thementalgame has 120 seconds left.
|
|t:|1662176945
|switch|p2a: Heatran|Heatran, M|87/100
|switch|p1a: Ditto|Ditto, shiny|100/100
|-transform|p1a: Ditto|p2a: Heatran|[from] ability: Imposter
|-item|p1a: Ditto|Air Balloon
|
|upkeep
|turn|18
|inactive|Lou dort has 120 seconds left.
|
|t:|1662176977
|switch|p2a: Rotom|Rotom-Wash|63/100 tox
|move|p1a: Ditto|Magma Storm|p2a: Rotom
|-resisted|p2a: Rotom
|-damage|p2a: Rotom|46/100 tox
|-activate|p2a: Rotom|move: Magma Storm|[of] p1a: Ditto
|
|-damage|p2a: Rotom|40/100 tox|[from] psn
|-damage|p2a: Rotom|27/100 tox|[from] move: Magma Storm|[partiallytrapped]
|upkeep
|turn|19
|
|t:|1662176984
|switch|p1a: Shedinja|Shedinja|100/100
|move|p2a: Rotom|Trick|p1a: Shedinja
|-activate|p2a: Rotom|move: Trick|[of] p1a: Shedinja
|-item|p1a: Shedinja|Choice Scarf|[from] move: Trick
|-item|p2a: Rotom|Heavy-Duty Boots|[from] move: Trick
|
|-damage|p2a: Rotom|15/100 tox|[from] psn
|-end|p2a: Rotom|Magma Storm|[partiallytrapped]|[silent]
|upkeep
|turn|20
|
|t:|1662177005
|switch|p2a: Clefable|Clefable, M, shiny|100/100
|move|p1a: Shedinja|Toxic|p2a: Clefable
|-status|p2a: Clefable|tox
|
|upkeep
|turn|21
|
|t:|1662177014
|switch|p1a: Blissey|Blissey, F|85/100
|move|p2a: Clefable|Calm Mind|p2a: Clefable
|-boost|p2a: Clefable|spa|1
|-boost|p2a: Clefable|spd|1
|
|upkeep
|turn|22
|
|t:|1662177019
|move|p2a: Clefable|Calm Mind|p2a: Clefable
|-boost|p2a: Clefable|spa|1
|-boost|p2a: Clefable|spd|1
|move|p1a: Blissey|Stealth Rock|p2a: Clefable
|-sidestart|p2: Lou dort|move: Stealth Rock
|
|upkeep
|turn|23
|
|t:|1662177029
|move|p2a: Clefable|Flamethrower|p1a: Blissey
|-damage|p1a: Blissey|64/100
|move|p1a: Blissey|Seismic Toss|p2a: Clefable
|-damage|p2a: Clefable|75/100 tox
|
|upkeep
|turn|24
|
|t:|1662177032
|move|p2a: Clefable|Moonblast|p1a: Blissey
|-damage|p1a: Blissey|34/100
|-unboost|p1a: Blissey|spa|1
|move|p1a: Blissey|Soft-Boiled|p1a: Blissey
|-heal|p1a: Blissey|84/100
|
|upkeep
|turn|25
|
|t:|1662177037
|move|p2a: Clefable|Calm Mind|p2a: Clefable
|-boost|p2a: Clefable|spa|1
|-boost|p2a: Clefable|spd|1
|move|p1a: Blissey|Teleport|p1a: Blissey
|
|t:|1662177040
|switch|p1a: Zamazenta|Zamazenta-Crowned|100/100|[from]move: Teleport
|-ability|p1a: Zamazenta|Dauntless Shield|boost
|-boost|p1a: Zamazenta|def|1
|
|upkeep
|turn|26
|
|t:|1662177042
|move|p1a: Zamazenta|Behemoth Bash|p2a: Clefable
|-supereffective|p2a: Clefable
|-damage|p2a: Clefable|5/100 tox
|move|p2a: Clefable|Soft-Boiled|p2a: Clefable
|-heal|p2a: Clefable|55/100 tox
|
|upkeep
|turn|27
|
|t:|1662177046
|switch|p2a: Buzzwole|Buzzwole|100/100
|-damage|p2a: Buzzwole|88/100|[from] Stealth Rock
|move|p1a: Zamazenta|Behemoth Bash|p2a: Buzzwole
|-damage|p2a: Buzzwole|62/100
|-damage|p1a: Zamazenta|84/100|[from] item: Rocky Helmet|[of] p2a: Buzzwole
|
|upkeep
|turn|28
|
|t:|1662177054
|switch|p1a: Shedinja|Shedinja|100/100
|move|p2a: Buzzwole|Roost|p2a: Buzzwole
|-heal|p2a: Buzzwole|100/100
|-singleturn|p2a: Buzzwole|move: Roost
|
|upkeep
|turn|29
|
|t:|1662177064
|switch|p2a: Heatran|Heatran, M|87/100
|-damage|p2a: Heatran|74/100|[from] Stealth Rock
|move|p1a: Shedinja|Hex|p2a: Heatran
|-damage|p2a: Heatran|64/100
|
|upkeep
|turn|30
|
|t:|1662177071
|switch|p1a: Ditto|Ditto, shiny|100/100
|-transform|p1a: Ditto|p2a: Heatran|[from] ability: Imposter
|-item|p1a: Ditto|Air Balloon
|switch|p2a: Yveltal|Yveltal|67/100
|-damage|p2a: Yveltal|42/100|[from] Stealth Rock
|-ability|p2a: Yveltal|Dark Aura
|
|upkeep
|turn|31
|
|t:|1662177084
|move|p2a: Yveltal|Roost|p2a: Yveltal
|-heal|p2a: Yveltal|92/100
|-singleturn|p2a: Yveltal|move: Roost
|move|p1a: Ditto|Toxic|p2a: Yveltal
|-status|p2a: Yveltal|tox
|
|-damage|p2a: Yveltal|86/100 tox|[from] psn
|upkeep
|turn|32
|
|t:|1662177095
|switch|p1a: Blissey|Blissey, F|84/100
|move|p2a: Yveltal|Defog|p1a: Blissey
|-unboost|p1a: Blissey|evasion|1
|-sideend|p2: Lou dort|Stealth Rock|[from] move: Defog|[of] p2a: Yveltal
|
|-damage|p2a: Yveltal|74/100 tox|[from] psn
|upkeep
|turn|33
|
|t:|1662177100
|move|p2a: Yveltal|Knock Off|p1a: Blissey
|-damage|p1a: Blissey|35/100
|-enditem|p1a: Blissey|Heavy-Duty Boots|[from] move: Knock Off|[of] p2a: Yveltal
|move|p1a: Blissey|Stealth Rock|p2a: Yveltal
|-sidestart|p2: Lou dort|move: Stealth Rock
|
|-damage|p2a: Yveltal|56/100 tox|[from] psn
|upkeep
|turn|34
|
|t:|1662177103
|move|p2a: Yveltal|Knock Off|p1a: Blissey
|-damage|p1a: Blissey|0 fnt
|faint|p1a: Blissey
|
|-damage|p2a: Yveltal|31/100 tox|[from] psn
|upkeep
|l| Okitsegg
|
|t:|1662177130
|switch|p1a: Shedinja|Shedinja|100/100
|turn|35
|
|t:|1662177138
|move|p2a: Yveltal|Roost|p2a: Yveltal
|-heal|p2a: Yveltal|82/100 tox
|-singleturn|p2a: Yveltal|move: Roost
|move|p1a: Shedinja|Hex|p2a: Yveltal
|-resisted|p2a: Yveltal
|-damage|p2a: Yveltal|70/100 tox
|
|-damage|p2a: Yveltal|40/100 tox|[from] psn
|upkeep
|turn|36
|
|t:|1662177154
|switch|p2a: Garchomp|Garchomp, F|100/100
|-damage|p2a: Garchomp|94/100|[from] Stealth Rock
|move|p1a: Shedinja|Hex|p2a: Garchomp
|-crit|p2a: Garchomp
|-damage|p2a: Garchomp|75/100
|
|-heal|p2a: Garchomp|81/100|[from] item: Leftovers
|upkeep
|turn|37
|
|t:|1662177160
|switch|p1a: Corviknight|Corviknight, M|100/100
|-ability|p1a: Corviknight|Pressure
|move|p2a: Garchomp|Stealth Rock|p1a: Corviknight
|-sidestart|p1: thementalgame|move: Stealth Rock
|
|-heal|p2a: Garchomp|87/100|[from] item: Leftovers
|upkeep
|turn|38
|
|t:|1662177174
|switch|p2a: Clefable|Clefable, M, shiny|55/100 tox
|move|p1a: Corviknight|Iron Defense|p1a: Corviknight
|-boost|p1a: Corviknight|def|2
|
|upkeep
|turn|39
|
|t:|1662177183
|move|p1a: Corviknight|Defog|p2a: Clefable
|-unboost|p2a: Clefable|evasion|1
|-sideend|p2: Lou dort|Stealth Rock|[from] move: Defog|[of] p1a: Corviknight
|-sideend|p1: thementalgame|Stealth Rock|[from] move: Defog|[of] p1a: Corviknight
|move|p2a: Clefable|Flamethrower|p1a: Corviknight
|-supereffective|p1a: Corviknight
|-damage|p1a: Corviknight|51/100
|
|upkeep
|turn|40
|
|t:|1662177189
|move|p2a: Clefable|Calm Mind|p2a: Clefable
|-boost|p2a: Clefable|spa|1
|-boost|p2a: Clefable|spd|1
|move|p1a: Corviknight|Roost|p1a: Corviknight
|-heal|p1a: Corviknight|100/100
|-singleturn|p1a: Corviknight|move: Roost
|
|upkeep
|turn|41
|
|t:|1662177202
|switch|p1a: Shedinja|Shedinja|100/100
|move|p2a: Clefable|Flamethrower|p1a: Shedinja
|-supereffective|p1a: Shedinja
|-damage|p1a: Shedinja|0 fnt
|faint|p1a: Shedinja
|
|upkeep
|
|t:|1662177205
|switch|p1a: Zamazenta|Zamazenta-Crowned|84/100
|-ability|p1a: Zamazenta|Dauntless Shield|boost
|-boost|p1a: Zamazenta|def|1
|turn|42
|
|t:|1662177211
|switch|p2a: Buzzwole|Buzzwole|100/100
|move|p1a: Zamazenta|Behemoth Bash|p2a: Buzzwole
|-damage|p2a: Buzzwole|74/100
|-damage|p1a: Zamazenta|67/100|[from] item: Rocky Helmet|[of] p2a: Buzzwole
|
|upkeep
|turn|43
|
|t:|1662177218
|switch|p1a: Corviknight|Corviknight, M|100/100
|-ability|p1a: Corviknight|Pressure
|move|p2a: Buzzwole|Close Combat|p1a: Corviknight
|-damage|p1a: Corviknight|61/100
|-unboost|p2a: Buzzwole|def|1
|-unboost|p2a: Buzzwole|spd|1
|-damage|p2a: Buzzwole|58/100|[from] item: Rocky Helmet|[of] p1a: Corviknight
|
|upkeep
|turn|44
|j| strangestger
|
|t:|1662177226
|switch|p2a: Clefable|Clefable, M, shiny|55/100 tox
|move|p1a: Corviknight|Iron Defense|p1a: Corviknight
|-boost|p1a: Corviknight|def|2
|
|upkeep
|turn|45
|
|t:|1662177230
|move|p1a: Corviknight|Body Press|p2a: Clefable
|-resisted|p2a: Clefable
|-damage|p2a: Clefable|35/100 tox
|move|p2a: Clefable|Calm Mind|p2a: Clefable
|-boost|p2a: Clefable|spa|1
|-boost|p2a: Clefable|spd|1
|
|upkeep
|turn|46
|
|t:|1662177241
|move|p2a: Clefable|Soft-Boiled|p2a: Clefable
|-heal|p2a: Clefable|85/100 tox
|move|p1a: Corviknight|Roost|p1a: Corviknight
|-heal|p1a: Corviknight|100/100
|-singleturn|p1a: Corviknight|move: Roost
|
|upkeep
|turn|47
|
|t:|1662177247
|move|p2a: Clefable|Flamethrower|p1a: Corviknight
|-supereffective|p1a: Corviknight
|-damage|p1a: Corviknight|24/100
|move|p1a: Corviknight|Iron Defense|p1a: Corviknight
|-boost|p1a: Corviknight|def|2
|
|upkeep
|turn|48
|
|t:|1662177251
|move|p2a: Clefable|Flamethrower|p1a: Corviknight
|-supereffective|p1a: Corviknight
|-damage|p1a: Corviknight|0 fnt
|faint|p1a: Corviknight
|
|upkeep
|j| Okitsegg
|
|t:|1662177254
|switch|p1a: Ditto|Ditto, shiny|100/100
|-transform|p1a: Ditto|p2a: Clefable|[from] ability: Imposter
|-item|p1a: Ditto|Air Balloon
|turn|49
|
|t:|1662177257
|move|p1a: Ditto|Moonblast|p2a: Clefable
|-damage|p2a: Clefable|55/100 tox
|-unboost|p2a: Clefable|spa|1
|move|p2a: Clefable|Moonblast|p1a: Ditto
|-damage|p1a: Ditto|64/100
|-unboost|p1a: Ditto|spa|1
|-enditem|p1a: Ditto|Air Balloon
|
|upkeep
|turn|50
|
|t:|1662177263
|switch|p2a: Heatran|Heatran, M|64/100
|move|p1a: Ditto|Moonblast|p2a: Heatran
|-resisted|p2a: Heatran
|-damage|p2a: Heatran|59/100
|-unboost|p2a: Heatran|spa|1
|
|upkeep
|turn|51
|
|t:|1662177267
|switch|p1a: Zamazenta|Zamazenta-Crowned|67/100
|-ability|p1a: Zamazenta|Dauntless Shield|boost
|-boost|p1a: Zamazenta|def|1
|move|p2a: Heatran|Earth Power|p1a: Zamazenta
|-supereffective|p1a: Zamazenta
|-damage|p1a: Zamazenta|50/100
|
|upkeep
|turn|52
|
|t:|1662177275
|switch|p2a: Garchomp|Garchomp, F|87/100
|move|p1a: Zamazenta|Close Combat|p2a: Garchomp
|-damage|p2a: Garchomp|45/100
|-unboost|p1a: Zamazenta|def|1
|-unboost|p1a: Zamazenta|spd|1
|-damage|p1a: Zamazenta|38/100|[from] ability: Rough Skin|[of] p2a: Garchomp
|
|-heal|p2a: Garchomp|51/100|[from] item: Leftovers
|upkeep
|turn|53
|
|t:|1662177282
|move|p1a: Zamazenta|Rest|p1a: Zamazenta
|-status|p1a: Zamazenta|slp|[from] move: Rest
|-heal|p1a: Zamazenta|100/100 slp|[silent]
|move|p2a: Garchomp|Stealth Rock|p1a: Zamazenta
|-sidestart|p1: thementalgame|move: Stealth Rock
|
|-heal|p2a: Garchomp|57/100|[from] item: Leftovers
|upkeep
|turn|54
|
|t:|1662177288
|cant|p1a: Zamazenta|slp
|move|p1a: Zamazenta|Sleep Talk|p1a: Zamazenta
|move|p1a: Zamazenta|Rest||[from]move: Sleep Talk|[still]
|-fail|p1a: Zamazenta
|move|p2a: Garchomp|Earthquake|p1a: Zamazenta
|-supereffective|p1a: Zamazenta
|-damage|p1a: Zamazenta|52/100 slp
|
|-heal|p2a: Garchomp|64/100|[from] item: Leftovers
|upkeep
|turn|55
|
|t:|1662177294
|cant|p1a: Zamazenta|slp
|move|p1a: Zamazenta|Sleep Talk|p1a: Zamazenta
|move|p1a: Zamazenta|Rest||[from]move: Sleep Talk|[still]
|-fail|p1a: Zamazenta
|move|p2a: Garchomp|Earthquake|p1a: Zamazenta
|-supereffective|p1a: Zamazenta
|-damage|p1a: Zamazenta|0 fnt
|faint|p1a: Zamazenta
|
|-heal|p2a: Garchomp|70/100|[from] item: Leftovers
|upkeep
|-message|thementalgame forfeited.
|
|win|Lou dort
|n|☆thementalgame|thementalgame
|n|☆Lou dort|loudort
|n| strangestger|strangestger
|n| Okitsegg|okitsegg
|l|☆thementalgame
|c|☆Lou dort|ez
|l| strangestger
