|j|☆N30N3
|j|☆randorooosu
|player|p1|N30N3|170|1771
|player|p2|randorooosu|steven|1636
|teamsize|p1|6
|teamsize|p2|6
|gametype|singles
|gen|8
|tier|[Gen 8] OU
|rated|
|clearpoke
|poke|p1|Kyurem|
|poke|p1|Hippowdon, F|
|poke|p1|Excadrill, F|
|poke|p1|Tyranitar, M|
|poke|p1|Conkeldurr, F|
|poke|p1|Ferrothorn, M|
|poke|p2|Sirfetch'd, M|
|poke|p2|Hydreigon, F|
|poke|p2|Aegislash, F|
|poke|p2|Seismitoad, F|
|poke|p2|Corviknight, M|
|poke|p2|Dragapult, M|
|rule|Sleep Clause Mod: Limit one foe put to sleep
|rule|Species Clause: Limit one of each Pokémon
|rule|OHKO Clause: OHKO moves are banned
|rule|Evasion Moves Clause: Evasion moves are banned
|rule|Endless Battle Clause: Forcing endless battles is banned
|rule|HP Percentage Mod: HP is shown in percentages
|rule|Dynamax Clause: You cannot dynamax
|teampreview
|inactive|Battle timer is ON: inactive players will automatically lose when time's up. (requested by randorooosu)
|
|start
|switch|p1a: Hippowdon|Hippowdon, F|100/100
|switch|p2a: Aegislash|Aegislash, F|100/100
|-item|p2a: Aegislash|Air Balloon
|-weather|Sandstorm|[from] ability: Sand Stream|[of] p1a: Hippowdon
|turn|1
|
|switch|p2a: Hydreigon|Hydreigon, F|100/100
|move|p1a: Hippowdon|Whirlwind|p2a: Hydreigon
|drag|p2a: Dragapult|Dragapult, M|100/100
|
|-weather|Sandstorm|[upkeep]
|-damage|p2a: Dragapult|95/100|[from] Sandstorm
|upkeep
|turn|2
|
|move|p2a: Dragapult|U-turn|p1a: Hippowdon
|-damage|p1a: Hippowdon|92/100
|
|switch|p2a: Hydreigon|Hydreigon, F|100/100|[from]move: U-turn
|move|p1a: Hippowdon|Stealth Rock|p2a: Hydreigon
|-sidestart|p2: randorooosu|move: Stealth Rock
|
|-weather|Sandstorm|[upkeep]
|-damage|p2a: Hydreigon|94/100|[from] Sandstorm
|upkeep
|turn|3
|
|move|p2a: Hydreigon|Nasty Plot|p2a: Hydreigon
|-boost|p2a: Hydreigon|spa|2
|move|p1a: Hippowdon|Slack Off|p1a: Hippowdon
|-heal|p1a: Hippowdon|100/100
|
|-weather|Sandstorm|[upkeep]
|-damage|p2a: Hydreigon|88/100|[from] Sandstorm
|upkeep
|turn|4
|
|switch|p1a: Ferrothorn|Ferrothorn, M|100/100
|move|p2a: Hydreigon|Dark Pulse|p1a: Ferrothorn
|-damage|p1a: Ferrothorn|14/100
|-damage|p2a: Hydreigon|78/100|[from] item: Life Orb
|
|-weather|Sandstorm|[upkeep]
|-damage|p2a: Hydreigon|72/100|[from] Sandstorm
|-heal|p1a: Ferrothorn|20/100|[from] item: Leftovers
|upkeep
|turn|5
|
|move|p2a: Hydreigon|Dark Pulse|p1a: Ferrothorn
|-crit|p1a: Ferrothorn
|-damage|p1a: Ferrothorn|0 fnt
|-damage|p2a: Hydreigon|62/100|[from] item: Life Orb
|faint|p1a: Ferrothorn
|
|-weather|Sandstorm|[upkeep]
|-damage|p2a: Hydreigon|56/100|[from] Sandstorm
|upkeep
|
|switch|p1a: Excadrill|Excadrill, F|100/100
|turn|6
|
|switch|p1a: Kyurem|Kyurem|100/100
|-ability|p1a: Kyurem|Pressure
|switch|p2a: Seismitoad|Seismitoad, F|100/100
|-damage|p2a: Seismitoad|94/100|[from] Stealth Rock
|
|-weather|Sandstorm|[upkeep]
|-damage|p1a: Kyurem|94/100|[from] Sandstorm
|-heal|p2a: Seismitoad|100/100|[from] item: Leftovers
|upkeep
|turn|7
|
|switch|p2a: Aegislash|Aegislash, F|100/100
|-damage|p2a: Aegislash|94/100|[from] Stealth Rock
|-item|p2a: Aegislash|Air Balloon
|move|p1a: Kyurem|Freeze-Dry|p2a: Aegislash
|-resisted|p2a: Aegislash
|-damage|p2a: Aegislash|63/100
|-enditem|p2a: Aegislash|Air Balloon
|
|-weather|Sandstorm|[upkeep]
|-damage|p1a: Kyurem|88/100|[from] Sandstorm
|upkeep
|turn|8
|
|switch|p1a: Tyranitar|Tyranitar, M|100/100
|switch|p2a: Corviknight|Corviknight, M|100/100
|-damage|p2a: Corviknight|88/100|[from] Stealth Rock
|-ability|p2a: Corviknight|Pressure
|
|-weather|none
|-heal|p2a: Corviknight|94/100|[from] item: Leftovers
|upkeep
|turn|9
|l|☆N30N3
|inactive|N30N3 disconnected and has a minute to reconnect!
|player|p1|
|j|☆N30N3
|inactive|N30N3 reconnected and has 140 seconds left.
|player|p1|N30N3|170
|inactive|N30N3 has 120 seconds left.
|l|☆N30N3
|inactive|N30N3 disconnected and has a minute to reconnect!
|player|p1|
|j|☆N30N3
|inactive|N30N3 reconnected and has 115 seconds left.
|player|p1|N30N3|170
|
|move|p1a: Tyranitar|Stone Edge|p2a: Corviknight|[miss]
|-miss|p1a: Tyranitar|p2a: Corviknight
|move|p2a: Corviknight|Defog|p1a: Tyranitar
|-unboost|p1a: Tyranitar|evasion|1
|-sideend|p2: randorooosu|Stealth Rock|[from] move: Defog|[of] p2a: Corviknight
|
|-heal|p2a: Corviknight|100/100|[from] item: Leftovers
|upkeep
|turn|10
|
|switch|p2a: Seismitoad|Seismitoad, F|100/100
|move|p1a: Tyranitar|Stone Edge|p2a: Seismitoad
|-resisted|p2a: Seismitoad
|-damage|p2a: Seismitoad|70/100
|
|-heal|p2a: Seismitoad|76/100|[from] item: Leftovers
|upkeep
|turn|11
|inactive|N30N3 has 120 seconds left.
|
|switch|p1a: Kyurem|Kyurem|88/100
|-ability|p1a: Kyurem|Pressure
|move|p2a: Seismitoad|Stealth Rock|p1a: Kyurem
|-sidestart|p1: N30N3|move: Stealth Rock
|
|-heal|p2a: Seismitoad|82/100|[from] item: Leftovers
|upkeep
|turn|12
|
|switch|p2a: Corviknight|Corviknight, M|100/100
|-ability|p2a: Corviknight|Pressure
|move|p1a: Kyurem|Ice Beam|p2a: Corviknight
|-damage|p2a: Corviknight|47/100
|-status|p2a: Corviknight|frz
|
|-heal|p2a: Corviknight|53/100 frz|[from] item: Leftovers
|upkeep
|turn|13
|
|move|p1a: Kyurem|Ice Beam|p2a: Corviknight
|-damage|p2a: Corviknight|1/100 frz
|cant|p2a: Corviknight|frz
|
|-heal|p2a: Corviknight|8/100 frz|[from] item: Leftovers
|upkeep
|turn|14
|
|move|p1a: Kyurem|Ice Beam|p2a: Corviknight
|-damage|p2a: Corviknight|0 fnt
|faint|p2a: Corviknight
|
|upkeep
|
|switch|p2a: Dragapult|Dragapult, M|95/100
|turn|15
|
|switch|p1a: Hippowdon|Hippowdon, F|100/100
|-damage|p1a: Hippowdon|94/100|[from] Stealth Rock
|-weather|Sandstorm|[from] ability: Sand Stream|[of] p1a: Hippowdon
|move|p2a: Dragapult|Draco Meteor|p1a: Hippowdon
|-damage|p1a: Hippowdon|34/100
|-unboost|p2a: Dragapult|spa|2
|
|-weather|Sandstorm|[upkeep]
|-damage|p2a: Dragapult|89/100|[from] Sandstorm
|upkeep
|turn|16
|
|switch|p2a: Hydreigon|Hydreigon, F|56/100
|move|p1a: Hippowdon|Slack Off|p1a: Hippowdon
|-heal|p1a: Hippowdon|84/100
|
|-weather|Sandstorm|[upkeep]
|-damage|p2a: Hydreigon|50/100|[from] Sandstorm
|upkeep
|turn|17
|
|switch|p1a: Conkeldurr|Conkeldurr, F|100/100
|-damage|p1a: Conkeldurr|94/100|[from] Stealth Rock
|move|p2a: Hydreigon|Draco Meteor|p1a: Conkeldurr
|-damage|p1a: Conkeldurr|0 fnt
|-unboost|p2a: Hydreigon|spa|2
|-damage|p2a: Hydreigon|40/100|[from] item: Life Orb
|faint|p1a: Conkeldurr
|
|-weather|Sandstorm|[upkeep]
|-damage|p2a: Hydreigon|34/100|[from] Sandstorm
|upkeep
|
|switch|p1a: Excadrill|Excadrill, F|100/100
|-damage|p1a: Excadrill|97/100|[from] Stealth Rock
|turn|18
|
|move|p1a: Excadrill|Rapid Spin|p2a: Hydreigon
|-damage|p2a: Hydreigon|4/100
|-boost|p1a: Excadrill|spe|1
|-sideend|p1: N30N3|Stealth Rock|[from] move: Rapid Spin|[of] p1a: Excadrill
|-damage|p1a: Excadrill|87/100|[from] item: Life Orb
|move|p2a: Hydreigon|Dark Pulse|p1a: Excadrill
|-damage|p1a: Excadrill|46/100
|-damage|p2a: Hydreigon|0 fnt|[from] item: Life Orb
|faint|p2a: Hydreigon
|
|-weather|Sandstorm|[upkeep]
|upkeep
|
|switch|p2a: Seismitoad|Seismitoad, F|82/100
|turn|19
|
|switch|p1a: Kyurem|Kyurem|88/100
|-ability|p1a: Kyurem|Pressure
|move|p2a: Seismitoad|Stealth Rock|p1a: Kyurem
|-sidestart|p1: N30N3|move: Stealth Rock
|
|-weather|Sandstorm|[upkeep]
|-damage|p1a: Kyurem|82/100|[from] Sandstorm
|-heal|p2a: Seismitoad|88/100|[from] item: Leftovers
|upkeep
|turn|20
|
|switch|p2a: Aegislash|Aegislash, F|63/100
|move|p1a: Kyurem|Ice Beam|p2a: Aegislash
|-resisted|p2a: Aegislash
|-damage|p2a: Aegislash|27/100
|
|-weather|Sandstorm|[upkeep]
|-damage|p1a: Kyurem|76/100|[from] Sandstorm
|upkeep
|turn|21
|
|-formechange|p2a: Aegislash|Aegislash-Blade||[from] ability: Stance Change
|move|p2a: Aegislash|Shadow Sneak|p1a: Kyurem
|-damage|p1a: Kyurem|52/100
|move|p1a: Kyurem|Ice Beam|p2a: Aegislash
|-resisted|p2a: Aegislash
|-damage|p2a: Aegislash|0 fnt
|faint|p2a: Aegislash
|
|-weather|Sandstorm|[upkeep]
|-damage|p1a: Kyurem|46/100|[from] Sandstorm
|upkeep
|
|switch|p2a: Dragapult|Dragapult, M|89/100
|turn|22
|
|move|p2a: Dragapult|Draco Meteor|p1a: Kyurem
|-supereffective|p1a: Kyurem
|-damage|p1a: Kyurem|0 fnt
|-unboost|p2a: Dragapult|spa|2
|faint|p1a: Kyurem
|
|-weather|none
|upkeep
|
|switch|p1a: Tyranitar|Tyranitar, M|100/100
|-damage|p1a: Tyranitar|88/100|[from] Stealth Rock
|-weather|Sandstorm|[from] ability: Sand Stream|[of] p1a: Tyranitar
|turn|23
|
|switch|p2a: Sirfetch'd|Sirfetch'd, M|100/100
|move|p1a: Tyranitar|Crunch|p2a: Sirfetch'd
|-resisted|p2a: Sirfetch'd
|-damage|p2a: Sirfetch'd|58/100
|
|-weather|Sandstorm|[upkeep]
|-damage|p2a: Sirfetch'd|52/100|[from] Sandstorm
|upkeep
|turn|24
|
|move|p1a: Tyranitar|Crunch|p2a: Sirfetch'd
|-resisted|p2a: Sirfetch'd
|-damage|p2a: Sirfetch'd|13/100
|move|p2a: Sirfetch'd|Close Combat|p1a: Tyranitar
|-supereffective|p1a: Tyranitar
|-damage|p1a: Tyranitar|0 fnt
|-unboost|p2a: Sirfetch'd|def|1
|-unboost|p2a: Sirfetch'd|spd|1
|faint|p1a: Tyranitar
|
|-weather|Sandstorm|[upkeep]
|-damage|p2a: Sirfetch'd|7/100|[from] Sandstorm
|upkeep
|j| HeavenStar
|
|switch|p1a: Excadrill|Excadrill, F|46/100
|-damage|p1a: Excadrill|43/100|[from] Stealth Rock
|turn|25
|
|switch|p2a: Seismitoad|Seismitoad, F|88/100
|move|p1a: Excadrill|Earthquake|p2a: Seismitoad
|-damage|p2a: Seismitoad|37/100
|-damage|p1a: Excadrill|33/100|[from] item: Life Orb
|
|-weather|Sandstorm|[upkeep]
|-heal|p2a: Seismitoad|43/100|[from] item: Leftovers
|upkeep
|turn|26
|
|move|p1a: Excadrill|Earthquake|p2a: Seismitoad
|-damage|p2a: Seismitoad|0 fnt
|-damage|p1a: Excadrill|23/100|[from] item: Life Orb
|faint|p2a: Seismitoad
|
|-weather|Sandstorm|[upkeep]
|upkeep
|
|switch|p2a: Sirfetch'd|Sirfetch'd, M|7/100
|turn|27
|
|move|p2a: Sirfetch'd|First Impression|p1a: Excadrill
|-resisted|p1a: Excadrill
|-damage|p1a: Excadrill|0 fnt
|faint|p1a: Excadrill
|
|-weather|none
|upkeep
|
|switch|p1a: Hippowdon|Hippowdon, F|84/100
|-damage|p1a: Hippowdon|78/100|[from] Stealth Rock
|-weather|Sandstorm|[from] ability: Sand Stream|[of] p1a: Hippowdon
|turn|28
|
|switch|p2a: Dragapult|Dragapult, M|89/100
|move|p1a: Hippowdon|Stealth Rock|p2a: Dragapult
|-sidestart|p2: randorooosu|move: Stealth Rock
|
|-weather|Sandstorm|[upkeep]
|-damage|p2a: Dragapult|83/100|[from] Sandstorm
|upkeep
|turn|29
|
|move|p2a: Dragapult|Shadow Ball|p1a: Hippowdon
|-damage|p1a: Hippowdon|36/100
|move|p1a: Hippowdon|Slack Off|p1a: Hippowdon
|-heal|p1a: Hippowdon|86/100
|
|-weather|Sandstorm|[upkeep]
|-damage|p2a: Dragapult|77/100|[from] Sandstorm
|upkeep
|turn|30
|
|move|p2a: Dragapult|Shadow Ball|p1a: Hippowdon
|-damage|p1a: Hippowdon|48/100
|move|p1a: Hippowdon|Slack Off|p1a: Hippowdon
|-heal|p1a: Hippowdon|98/100
|
|-weather|Sandstorm|[upkeep]
|-damage|p2a: Dragapult|71/100|[from] Sandstorm
|upkeep
|turn|31
|
|move|p2a: Dragapult|Shadow Ball|p1a: Hippowdon
|-damage|p1a: Hippowdon|54/100
|move|p1a: Hippowdon|Slack Off|p1a: Hippowdon
|-heal|p1a: Hippowdon|100/100
|
|-weather|Sandstorm|[upkeep]
|-damage|p2a: Dragapult|65/100|[from] Sandstorm
|upkeep
|turn|32
|
|move|p2a: Dragapult|Shadow Ball|p1a: Hippowdon
|-damage|p1a: Hippowdon|60/100
|move|p1a: Hippowdon|Earthquake|p2a: Dragapult
|-damage|p2a: Dragapult|12/100
|
|-weather|Sandstorm|[upkeep]
|-damage|p2a: Dragapult|6/100|[from] Sandstorm
|upkeep
|turn|33
|
|move|p2a: Dragapult|Shadow Ball|p1a: Hippowdon
|-damage|p1a: Hippowdon|18/100
|move|p1a: Hippowdon|Slack Off|p1a: Hippowdon
|-heal|p1a: Hippowdon|68/100
|
|-weather|Sandstorm|[upkeep]
|-damage|p2a: Dragapult|0 fnt|[from] Sandstorm
|faint|p2a: Dragapult
|upkeep
|
|switch|p2a: Sirfetch'd|Sirfetch'd, M|7/100
|-damage|p2a: Sirfetch'd|0 fnt|[from] Stealth Rock
|faint|p2a: Sirfetch'd
|
|win|N30N3
|l|☆randorooosu
|l|☆N30N3
|raw|N30N3's rating: 1771 &rarr; <strong>1784</strong><br />(+13 for winning)
|raw|randorooosu's rating: 1636 &rarr; <strong>1624</strong><br />(-12 for losing)
