|raw|<div class="broadcast-blue"><strong>This battle is required to be public due to a player having a name starting with 'btlt200'.</div>
|j|☆Schlepin
|j|☆BTLT200$ FILO
|t:|1667851585
|gametype|singles
|player|p1|Schlepin|lance-masters|1694
|player|p2|BTLT200$ FILO|emma|1718
|teamsize|p1|6
|teamsize|p2|6
|gen|8
|tier|[Gen 8] OU
|rated|
|rule|Sleep Clause Mod: Limit one foe put to sleep
|rule|Species Clause: Limit one of each Pokémon
|rule|OHKO Clause: OHKO moves are banned
|rule|Evasion Items Clause: Evasion items are banned
|rule|Evasion Moves Clause: Evasion moves are banned
|rule|Endless Battle Clause: Forcing endless battles is banned
|rule|HP Percentage Mod: HP is shown in percentages
|rule|Dynamax Clause: You cannot dynamax
|clearpoke
|poke|p1|Melmetal|
|poke|p1|Tornadus-Therian, M|
|poke|p1|Slowbro, M|
|poke|p1|Weavile, F|
|poke|p1|Heatran, M|
|poke|p1|Hippowdon, M|
|poke|p2|Rillaboom, M|
|poke|p2|Hawlucha, F|
|poke|p2|Mew|
|poke|p2|Moltres-Galar|
|poke|p2|Heatran, F|
|poke|p2|Dragapult, M|
|teampreview
|inactive|Battle timer is ON: inactive players will automatically lose when time's up. (requested by Schlepin)
|c|☆Schlepin|whats btlt200
|
|t:|1667851611
|start
|switch|p1a: Tornadus|Tornadus-Therian, M|100/100
|switch|p2a: Heatran|Heatran, F|100/100
|-item|p2a: Heatran|Air Balloon
|turn|1
|
|t:|1667851615
|move|p1a: Tornadus|U-turn|p2a: Heatran
|-resisted|p2a: Heatran
|-damage|p2a: Heatran|97/100
|-enditem|p2a: Heatran|Air Balloon
|
|t:|1667851616
|switch|p1a: Heatran|Heatran, M|100/100|[from]move: U-turn
|-item|p1a: Heatran|Air Balloon
|move|p2a: Heatran|Magma Storm|p1a: Heatran
|-start|p1a: Heatran|ability: Flash Fire
|
|upkeep
|turn|2
|
|t:|1667851620
|move|p2a: Heatran|Stealth Rock|p1a: Heatran
|-sidestart|p1: Schlepin|move: Stealth Rock
|move|p1a: Heatran|Eruption|p2a: Heatran
|-damage|p2a: Heatran|0 fnt
|faint|p2a: Heatran
|
|upkeep
|
|t:|1667851632
|switch|p2a: Hawlucha|Hawlucha, F|100/100
|turn|3
|
|t:|1667851641
|-end|p1a: Heatran|ability: Flash Fire|[silent]
|switch|p1a: Slowbro|Slowbro, M|100/100
|move|p2a: Hawlucha|Close Combat|p1a: Slowbro
|-resisted|p1a: Slowbro
|-damage|p1a: Slowbro|84/100
|-unboost|p2a: Hawlucha|def|1
|-unboost|p2a: Hawlucha|spd|1
|
|upkeep
|turn|4
|
|t:|1667851647
|switch|p2a: Rillaboom|Rillaboom, M|100/100
|-fieldstart|move: Grassy Terrain|[from] ability: Grassy Surge|[of] p2a: Rillaboom
|move|p1a: Slowbro|Teleport|p1a: Slowbro
|
|t:|1667851651
|switch|p1a: Tornadus|Tornadus-Therian, M|100/100|[from]move: Teleport
|
|upkeep
|turn|5
|j| BTLT200$ SF'
|
|t:|1667851664
|switch|p2a: Moltres|Moltres-Galar|100/100
|move|p1a: Tornadus|Defog|p2a: Moltres
|-unboost|p2a: Moltres|evasion|1
|-sideend|p1: Schlepin|Stealth Rock|[from] move: Defog|[of] p1a: Tornadus
|-fieldend|move: Grassy Terrain
|
|upkeep
|turn|6
|
|t:|1667851670
|move|p1a: Tornadus|U-turn|p2a: Moltres
|-damage|p2a: Moltres|86/100
|
|t:|1667851671
|switch|p1a: Weavile|Weavile, F|100/100|[from]move: U-turn
|-ability|p1a: Weavile|Pressure
|move|p2a: Moltres|Nasty Plot|p2a: Moltres
|-boost|p2a: Moltres|spa|2
|
|upkeep
|turn|7
|
|t:|1667851677
|move|p1a: Weavile|Triple Axel|p2a: Moltres
|-supereffective|p2a: Moltres
|-damage|p2a: Moltres|65/100
|-supereffective|p2a: Moltres
|-damage|p2a: Moltres|29/100
|-supereffective|p2a: Moltres
|-damage|p2a: Moltres|0 fnt
|faint|p2a: Moltres
|-hitcount|p2: Moltres|3
|
|upkeep
|-message|BTLT200$ FILO forfeited.
|
|win|Schlepin
|raw|Schlepin's rating: 1694 &rarr; <strong>1715</strong><br />(+21 for winning)
|raw|BTLT200$ FILO's rating: 1718 &rarr; <strong>1697</strong><br />(-21 for losing)
|l|☆BTLT200$ FILO
|l|☆Schlepin
||Ladder isn't responding, score probably updated but might not have (Request timeout).
|l| BTLT200$ SF'
|j|☆Schlepin
|player|p1|Schlepin|lance-masters
