|j|☆Mad Lad 47
|j|☆Bloody Busybody
|t:|1664529826
|gametype|singles
|player|p1|Mad Lad 47|lucas|1682
|player|p2|Bloody Busybody|bugcatcher|1676
|teamsize|p1|6
|teamsize|p2|6
|gen|8
|tier|[Gen 8] OU
|rated|
|rule|Sleep Clause Mod: Limit one foe put to sleep
|rule|Species Clause: Limit one of each Pokémon
|rule|OHKO Clause: OHKO moves are banned
|rule|Evasion Items Clause: Evasion items are banned
|rule|Evasion Moves Clause: Evasion moves are banned
|rule|Endless Battle Clause: Forcing endless battles is banned
|rule|HP Percentage Mod: HP is shown in percentages
|rule|Dynamax Clause: You cannot dynamax
|clearpoke
|poke|p1|Stonjourner, F|
|poke|p1|Heatran, M|
|poke|p1|Toxapex, M|
|poke|p1|Landorus-Therian, M|
|poke|p1|Dragapult, M|
|poke|p1|Bisharp, F|
|poke|p2|Volcanion|
|poke|p2|Corviknight, M|
|poke|p2|Mamoswine, M|
|poke|p2|Blissey, F|
|poke|p2|Rillaboom, F|
|poke|p2|Hydreigon, F|
|teampreview
|inactive|Battle timer is ON: inactive players will automatically lose when time's up. (requested by Bloody Busybody)
|
|t:|1664529850
|start
|switch|p1a: Stonjourner|Stonjourner, F|100/100
|switch|p2a: Volcanion|Volcanion|100/100
|turn|1
|
|t:|1664529858
|switch|p2a: Corviknight|Corviknight, M|100/100
|-ability|p2a: Corviknight|Pressure
|move|p1a: Stonjourner|Stone Edge|p2a: Corviknight
|-damage|p2a: Corviknight|72/100
|
|upkeep
|turn|2
|
|t:|1664529864
|switch|p1a: Dragapult|Dragapult, M|100/100
|move|p2a: Corviknight|Roost|p2a: Corviknight
|-heal|p2a: Corviknight|100/100
|-singleturn|p2a: Corviknight|move: Roost
|
|upkeep
|turn|3
|
|t:|1664529878
|switch|p2a: Blissey|Blissey, F|100/100
|move|p1a: Dragapult|U-turn|p2a: Blissey
|-damage|p2a: Blissey|86/100
|
|t:|1664529880
|switch|p1a: Bisharp|Bisharp, F|100/100|[from]move: U-turn
|
|upkeep
|turn|4
|
|t:|1664529886
|switch|p2a: Corviknight|Corviknight, M|100/100
|-ability|p2a: Corviknight|Pressure
|move|p1a: Bisharp|Beat Up|p2a: Corviknight
|-damage|p2a: Corviknight|93/100
|-damage|p2a: Corviknight|86/100
|-damage|p2a: Corviknight|80/100
|-damage|p2a: Corviknight|72/100
|-damage|p2a: Corviknight|64/100
|-damage|p2a: Corviknight|57/100
|-hitcount|p2a: Corviknight|6
|
|upkeep
|turn|5
|
|t:|1664529902
|switch|p1a: Dragapult|Dragapult, M|100/100
|move|p2a: Corviknight|Roost|p2a: Corviknight
|-heal|p2a: Corviknight|100/100
|-singleturn|p2a: Corviknight|move: Roost
|
|upkeep
|turn|6
|
|t:|1664529906
|move|p1a: Dragapult|U-turn|p2a: Corviknight
|-resisted|p2a: Corviknight
|-damage|p2a: Corviknight|98/100
|-damage|p1a: Dragapult|84/100|[from] item: Rocky Helmet|[of] p2a: Corviknight
|
|t:|1664529909
|switch|p1a: Toxapex|Toxapex, M|100/100|[from]move: U-turn
|move|p2a: Corviknight|U-turn|p1a: Toxapex
|-resisted|p1a: Toxapex
|-damage|p1a: Toxapex|96/100
|-damage|p2a: Corviknight|81/100|[from] item: Rocky Helmet|[of] p1a: Toxapex
|
|t:|1664529912
|switch|p2a: Hydreigon|Hydreigon, F|100/100|[from]move: U-turn
|
|upkeep
|turn|7
|
|t:|1664529916
|switch|p1a: Landorus|Landorus-Therian, M|100/100
|-ability|p1a: Landorus|Intimidate|boost
|-unboost|p2a: Hydreigon|atk|1
|move|p2a: Hydreigon|Nasty Plot|p2a: Hydreigon
|-boost|p2a: Hydreigon|spa|2
|
|upkeep
|turn|8
|
|t:|1664529919
|move|p2a: Hydreigon|Draco Meteor|p1a: Landorus
|-damage|p1a: Landorus|0 fnt
|-unboost|p2a: Hydreigon|spa|2
|faint|p1a: Landorus
|-damage|p2a: Hydreigon|91/100|[from] item: Life Orb
|
|upkeep
|
|t:|1664529925
|switch|p1a: Dragapult|Dragapult, M|84/100
|turn|9
|
|t:|1664529929
|switch|p2a: Corviknight|Corviknight, M|81/100
|-ability|p2a: Corviknight|Pressure
|move|p1a: Dragapult|U-turn|p2a: Corviknight
|-resisted|p2a: Corviknight
|-damage|p2a: Corviknight|79/100
|-damage|p1a: Dragapult|68/100|[from] item: Rocky Helmet|[of] p2a: Corviknight
|
|t:|1664529939
|switch|p1a: Heatran|Heatran, M|100/100|[from]move: U-turn
|-item|p1a: Heatran|Air Balloon
|
|upkeep
|turn|10
|
|t:|1664529946
|switch|p2a: Volcanion|Volcanion|100/100
|move|p1a: Heatran|Stealth Rock|p2a: Volcanion
|-sidestart|p2: Bloody Busybody|move: Stealth Rock
|
|upkeep
|turn|11
|
|t:|1664529950
|switch|p1a: Toxapex|Toxapex, M|100/100
|move|p2a: Volcanion|Steam Eruption|p1a: Toxapex
|-resisted|p1a: Toxapex
|-damage|p1a: Toxapex|65/100
|
|upkeep
|turn|12
|
|t:|1664529956
|move|p2a: Volcanion|Steam Eruption|p1a: Toxapex
|-resisted|p1a: Toxapex
|-damage|p1a: Toxapex|22/100
|move|p1a: Toxapex|Recover|p1a: Toxapex
|-heal|p1a: Toxapex|72/100
|
|upkeep
|turn|13
|
|t:|1664529959
|move|p2a: Volcanion|Steam Eruption|p1a: Toxapex
|-resisted|p1a: Toxapex
|-damage|p1a: Toxapex|32/100
|move|p1a: Toxapex|Scald|p2a: Volcanion
|-immune|p2a: Volcanion|[from] ability: Water Absorb
|
|upkeep
|turn|14
|
|t:|1664529963
|switch|p1a: Dragapult|Dragapult, M|68/100
|move|p2a: Volcanion|Steam Eruption|p1a: Dragapult
|-resisted|p1a: Dragapult
|-damage|p1a: Dragapult|7/100
|
|upkeep
|turn|15
|
|t:|1664529966
|switch|p2a: Corviknight|Corviknight, M|79/100
|-damage|p2a: Corviknight|66/100|[from] Stealth Rock
|-ability|p2a: Corviknight|Pressure
|move|p1a: Dragapult|Shadow Ball|p2a: Corviknight
|-damage|p2a: Corviknight|20/100
|-unboost|p2a: Corviknight|spd|1
|
|upkeep
|turn|16
|
|t:|1664529969
|move|p1a: Dragapult|Shadow Ball|p2a: Corviknight
|-damage|p2a: Corviknight|0 fnt
|faint|p2a: Corviknight
|
|upkeep
|
|t:|1664529976
|switch|p2a: Blissey|Blissey, F|86/100
|turn|17
|
|t:|1664529981
|switch|p1a: Bisharp|Bisharp, F|100/100
|move|p2a: Blissey|Teleport|p2a: Blissey
|
|t:|1664529983
|switch|p2a: Mamoswine|Mamoswine, M|100/100|[from]move: Teleport
|-damage|p2a: Mamoswine|88/100|[from] Stealth Rock
|
|upkeep
|turn|18
|
|t:|1664529990
|switch|p1a: Heatran|Heatran, M|100/100
|-item|p1a: Heatran|Air Balloon
|move|p2a: Mamoswine|Icicle Crash|p1a: Heatran
|-resisted|p1a: Heatran
|-crit|p1a: Heatran
|-damage|p1a: Heatran|83/100
|-enditem|p1a: Heatran|Air Balloon
|
|upkeep
|turn|19
|
|t:|1664529993
|move|p2a: Mamoswine|High Horsepower|p1a: Heatran
|-supereffective|p1a: Heatran
|-damage|p1a: Heatran|0 fnt
|faint|p1a: Heatran
|
|upkeep
|
|t:|1664530000
|switch|p1a: Stonjourner|Stonjourner, F|100/100
|turn|20
|
|t:|1664530011
|move|p1a: Stonjourner|Self-Destruct|p2a: Mamoswine
|-damage|p2a: Mamoswine|14/100
|faint|p1a: Stonjourner
|move|p2a: Mamoswine|Stealth Rock|p1: Stonjourner
|-sidestart|p1: Mad Lad 47|move: Stealth Rock
|
|upkeep
|
|t:|1664530014
|switch|p1a: Bisharp|Bisharp, F|100/100
|-damage|p1a: Bisharp|95/100|[from] Stealth Rock
|turn|21
|
|t:|1664530019
|move|p2a: Mamoswine|Stealth Rock||[still]
|-fail|p2a: Mamoswine
|move|p1a: Bisharp|Knock Off|p2a: Mamoswine
|-damage|p2a: Mamoswine|0 fnt
|-enditem|p2a: Mamoswine|Focus Sash|[from] move: Knock Off|[of] p1a: Bisharp
|faint|p2a: Mamoswine
|
|upkeep
|
|t:|1664530023
|switch|p2a: Rillaboom|Rillaboom, F|100/100
|-damage|p2a: Rillaboom|88/100|[from] Stealth Rock
|-fieldstart|move: Grassy Terrain|[from] ability: Grassy Surge|[of] p2a: Rillaboom
|turn|22
|
|t:|1664530025
|move|p2a: Rillaboom|High Horsepower|p1a: Bisharp
|-supereffective|p1a: Bisharp
|-damage|p1a: Bisharp|0 fnt
|faint|p1a: Bisharp
|
|-heal|p2a: Rillaboom|94/100|[from] Grassy Terrain
|upkeep
|c|☆Mad Lad 47|gg
|c|☆Bloody Busybody|gg
|-message|Mad Lad 47 forfeited.
|
|win|Bloody Busybody
|raw|Mad Lad 47's rating: 1703 &rarr; <strong>1681</strong><br />(-22 for losing)
|raw|Bloody Busybody's rating: 1676 &rarr; <strong>1698</strong><br />(+22 for winning)
|l|☆Mad Lad 47
|l|☆Bloody Busybody
||Ladder isn't responding, score probably updated but might not have (Request timeout).
