|j|☆Nema1
|j|☆wsdfg
|t:|1637255579
|gametype|singles
|player|p1|Nema1|101|1492
|player|p2|wsdfg|1|1507
|teamsize|p1|6
|teamsize|p2|6
|gen|8
|tier|[Gen 8] OU
|rated|
|rule|Sleep Clause Mod: Limit one foe put to sleep
|rule|Species Clause: Limit one of each Pokémon
|rule|OHKO Clause: OHKO moves are banned
|rule|Evasion Moves Clause: Evasion moves are banned
|rule|Endless Battle Clause: Forcing endless battles is banned
|rule|HP Percentage Mod: HP is shown in percentages
|rule|Dynamax Clause: You cannot dynamax
|clearpoke
|poke|p1|Regidrago|
|poke|p1|Darmanitan, M|
|poke|p1|Zapdos|
|poke|p1|Melmetal|
|poke|p1|Swampert, F|
|poke|p1|Rillaboom, M|
|poke|p2|Scizor, F|
|poke|p2|Hydreigon, F|
|poke|p2|Tapu Koko|
|poke|p2|Slowking, M|
|poke|p2|Landorus-Therian, M|
|poke|p2|Corviknight, F|
|teampreview
|
|t:|1637255594
|start
|switch|p1a: Swampert|Swampert, F|100/100
|switch|p2a: Landorus|Landorus-Therian, M|100/100
|-ability|p2a: Landorus|Intimidate|boost
|-unboost|p1a: Swampert|atk|1
|turn|1
|
|t:|1637255601
|move|p2a: Landorus|U-turn|p1a: Swampert
|-damage|p1a: Swampert|82/100
|
|t:|1637255603
|switch|p2a: Corviknight|Corviknight, F|100/100|[from]move: U-turn
|-ability|p2a: Corviknight|Pressure
|move|p1a: Swampert|Stealth Rock|p2a: Corviknight
|-sidestart|p2: wsdfg|move: Stealth Rock
|
|-heal|p1a: Swampert|88/100|[from] item: Leftovers
|upkeep
|turn|2
|
|t:|1637255612
|move|p1a: Swampert|Flip Turn|p2a: Corviknight
|-damage|p2a: Corviknight|90/100
|-damage|p1a: Swampert|72/100|[from] item: Rocky Helmet|[of] p2a: Corviknight
|
|t:|1637255636
|switch|p1a: Darmanitan|Darmanitan, M|100/100|[from]move: Flip Turn
|move|p2a: Corviknight|Defog|p1a: Darmanitan
|-unboost|p1a: Darmanitan|evasion|1
|-sideend|p2: wsdfg|Stealth Rock|[from] move: Defog|[of] p2a: Corviknight
|
|upkeep
|turn|3
|
|t:|1637255647
|switch|p2a: Landorus|Landorus-Therian, M|100/100
|-ability|p2a: Landorus|Intimidate|boost
|-unboost|p1a: Darmanitan|atk|1
|move|p1a: Darmanitan|Flare Blitz|p2a: Landorus
|-damage|p2a: Landorus|44/100
|-damage|p1a: Darmanitan|80/100|[from] Recoil
|
|-heal|p2a: Landorus|50/100|[from] item: Leftovers
|upkeep
|turn|4
|
|t:|1637255658
|switch|p2a: Slowking|Slowking, M|100/100
|move|p1a: Darmanitan|Flare Blitz|p2a: Slowking
|-resisted|p2a: Slowking
|-damage|p2a: Slowking|65/100
|-damage|p1a: Darmanitan|67/100|[from] Recoil
|
|upkeep
|turn|5
|
|t:|1637255675
|switch|p1a: Rillaboom|Rillaboom, M|100/100
|-fieldstart|move: Grassy Terrain|[from] ability: Grassy Surge|[of] p1a: Rillaboom
|move|p2a: Slowking|Teleport|p2a: Slowking
|
|t:|1637255719
|switch|p2a: Scizor|Scizor, F|100/100|[from]move: Teleport
|
|upkeep
|turn|6
|
|t:|1637255726
|move|p1a: Rillaboom|U-turn|p2a: Scizor
|-resisted|p2a: Scizor
|-damage|p2a: Scizor|82/100
|
|t:|1637255730
|switch|p1a: Zapdos|Zapdos, shiny|100/100|[from]move: U-turn
|move|p2a: Scizor|Knock Off|p1a: Zapdos
|-damage|p1a: Zapdos|79/100
|-enditem|p1a: Zapdos|Heavy-Duty Boots|[from] move: Knock Off|[of] p2a: Scizor
|
|-heal|p2a: Scizor|89/100|[from] Grassy Terrain
|upkeep
|turn|7
|
|t:|1637255742
|switch|p2a: Tapu Koko|Tapu Koko|100/100
|-fieldstart|move: Electric Terrain|[from] ability: Electric Surge|[of] p2a: Tapu Koko
|move|p1a: Zapdos|Hurricane|p2a: Tapu Koko|[miss]
|-miss|p1a: Zapdos|p2a: Tapu Koko
|
|upkeep
|turn|8
|
|t:|1637255757
|move|p2a: Tapu Koko|U-turn|p1a: Zapdos
|-resisted|p1a: Zapdos
|-damage|p1a: Zapdos|73/100
|
|t:|1637255763
|switch|p2a: Landorus|Landorus-Therian, M|50/100|[from]move: U-turn
|-ability|p2a: Landorus|Intimidate|boost
|-unboost|p1a: Zapdos|atk|1
|move|p1a: Zapdos|Roost|p1a: Zapdos
|-heal|p1a: Zapdos|100/100
|-singleturn|p1a: Zapdos|move: Roost
|
|-heal|p2a: Landorus|56/100|[from] item: Leftovers
|upkeep
|turn|9
|
|t:|1637255785
|switch|p2a: Tapu Koko|Tapu Koko|100/100
|move|p1a: Zapdos|Hurricane|p2a: Tapu Koko|[miss]
|-miss|p1a: Zapdos|p2a: Tapu Koko
|
|upkeep
|turn|10
|
|t:|1637255792
|switch|p1a: Swampert|Swampert, F|72/100
|move|p2a: Tapu Koko|Dazzling Gleam|p1a: Swampert
|-damage|p1a: Swampert|49/100
|
|-heal|p1a: Swampert|55/100|[from] item: Leftovers
|upkeep
|turn|11
|
|t:|1637255802
|move|p2a: Tapu Koko|U-turn|p1a: Swampert
|-damage|p1a: Swampert|42/100
|
|t:|1637255805
|switch|p2a: Corviknight|Corviknight, F|90/100|[from]move: U-turn
|-ability|p2a: Corviknight|Pressure
|move|p1a: Swampert|Stealth Rock|p2a: Corviknight
|-sidestart|p2: wsdfg|move: Stealth Rock
|
|-heal|p1a: Swampert|48/100|[from] item: Leftovers
|-fieldend|move: Electric Terrain
|upkeep
|turn|12
|
|t:|1637255820
|switch|p1a: Darmanitan|Darmanitan, M|67/100
|move|p2a: Corviknight|U-turn|p1a: Darmanitan
|-resisted|p1a: Darmanitan
|-damage|p1a: Darmanitan|55/100
|
|t:|1637255832
|switch|p2a: Landorus|Landorus-Therian, M|56/100|[from]move: U-turn
|-damage|p2a: Landorus|44/100|[from] Stealth Rock
|-ability|p2a: Landorus|Intimidate|boost
|-unboost|p1a: Darmanitan|atk|1
|
|-heal|p2a: Landorus|50/100|[from] item: Leftovers
|upkeep
|turn|13
|
|t:|1637255842
|switch|p1a: Rillaboom|Rillaboom, M|100/100
|-fieldstart|move: Grassy Terrain|[from] ability: Grassy Surge|[of] p1a: Rillaboom
|switch|p2a: Slowking|Slowking, M|98/100
|
|-heal|p2a: Slowking|100/100|[from] Grassy Terrain
|upkeep
|turn|14
|
|t:|1637255856
|switch|p2a: Corviknight|Corviknight, F|90/100
|-damage|p2a: Corviknight|78/100|[from] Stealth Rock
|-ability|p2a: Corviknight|Pressure
|move|p1a: Rillaboom|U-turn|p2a: Corviknight
|-resisted|p2a: Corviknight
|-damage|p2a: Corviknight|72/100
|-damage|p1a: Rillaboom|84/100|[from] item: Rocky Helmet|[of] p2a: Corviknight
|
|t:|1637255865
|switch|p1a: Darmanitan|Darmanitan, M|55/100|[from]move: U-turn
|
|-heal|p1a: Darmanitan|62/100|[from] Grassy Terrain
|upkeep
|turn|15
|
|t:|1637255874
|switch|p2a: Slowking|Slowking, M|100/100
|move|p1a: Darmanitan|Earthquake|p2a: Slowking
|-damage|p2a: Slowking|79/100
|-damage|p1a: Darmanitan|52/100|[from] item: Life Orb
|
|-heal|p1a: Darmanitan|58/100|[from] Grassy Terrain
|-heal|p2a: Slowking|85/100|[from] Grassy Terrain
|upkeep
|turn|16
|
|t:|1637255900
|switch|p1a: Rillaboom|Rillaboom, M|84/100
|move|p2a: Slowking|Teleport|p2a: Slowking
|
|t:|1637255917
|switch|p2a: Corviknight|Corviknight, F|72/100|[from]move: Teleport
|-damage|p2a: Corviknight|60/100|[from] Stealth Rock
|-ability|p2a: Corviknight|Pressure
|
|-heal|p1a: Rillaboom|90/100|[from] Grassy Terrain
|upkeep
|turn|17
|
|t:|1637255936
|switch|p1a: Zapdos|Zapdos, shiny|100/100
|move|p2a: Corviknight|Defog|p1a: Zapdos
|-unboost|p1a: Zapdos|evasion|1
|-sideend|p2: wsdfg|Stealth Rock|[from] move: Defog|[of] p2a: Corviknight
|-fieldend|move: Grassy Terrain
|
|upkeep
|turn|18
|
|t:|1637255949
|switch|p2a: Tapu Koko|Tapu Koko|100/100
|-fieldstart|move: Electric Terrain|[from] ability: Electric Surge|[of] p2a: Tapu Koko
|move|p1a: Zapdos|Hurricane|p2a: Tapu Koko
|-resisted|p2a: Tapu Koko
|-damage|p2a: Tapu Koko|66/100
|
|upkeep
|turn|19
|
|t:|1637255968
|switch|p1a: Rillaboom|Rillaboom, M|90/100
|-fieldstart|move: Grassy Terrain|[from] ability: Grassy Surge|[of] p1a: Rillaboom
|move|p2a: Tapu Koko|Dazzling Gleam|p1a: Rillaboom
|-damage|p1a: Rillaboom|49/100
|
|-heal|p2a: Tapu Koko|72/100|[from] Grassy Terrain
|-heal|p1a: Rillaboom|55/100|[from] Grassy Terrain
|upkeep
|turn|20
|
|t:|1637255985
|switch|p2a: Corviknight|Corviknight, F|60/100
|-ability|p2a: Corviknight|Pressure
|move|p1a: Rillaboom|U-turn|p2a: Corviknight
|-resisted|p2a: Corviknight
|-damage|p2a: Corviknight|54/100
|-damage|p1a: Rillaboom|38/100|[from] item: Rocky Helmet|[of] p2a: Corviknight
|
|t:|1637256037
|switch|p1a: Zapdos|Zapdos, shiny|100/100|[from]move: U-turn
|
|upkeep
|turn|21
|
|t:|1637256043
|switch|p2a: Tapu Koko|Tapu Koko|72/100
|-fieldstart|move: Electric Terrain|[from] ability: Electric Surge|[of] p2a: Tapu Koko
|move|p1a: Zapdos|Discharge|p2a: Tapu Koko
|-resisted|p2a: Tapu Koko
|-damage|p2a: Tapu Koko|48/100
|
|upkeep
|turn|22
|
|t:|1637256057
|switch|p1a: Melmetal|Melmetal|100/100
|move|p2a: Tapu Koko|Roost|p2a: Tapu Koko
|-heal|p2a: Tapu Koko|98/100
|-singleturn|p2a: Tapu Koko|move: Roost
|
|upkeep
|turn|23
|
|t:|1637256064
|move|p2a: Tapu Koko|U-turn|p1a: Melmetal
|-resisted|p1a: Melmetal
|-damage|p1a: Melmetal|95/100
|
|t:|1637256066
|switch|p2a: Landorus|Landorus-Therian, M|50/100|[from]move: U-turn
|-ability|p2a: Landorus|Intimidate|boost
|-unboost|p1a: Melmetal|atk|1
|move|p1a: Melmetal|Ice Punch|p2a: Landorus
|-supereffective|p2a: Landorus
|-damage|p2a: Landorus|0 fnt
|faint|p2a: Landorus
|
|upkeep
|
|t:|1637256079
|switch|p2a: Slowking|Slowking, M|100/100
|turn|24
|
|t:|1637256082
|move|p1a: Melmetal|Thunder Punch|p2a: Slowking
|-supereffective|p2a: Slowking
|-damage|p2a: Slowking|43/100
|move|p2a: Slowking|Scald|p1a: Melmetal
|-damage|p1a: Melmetal|80/100
|
|upkeep
|turn|25
|
|t:|1637256093
|switch|p2a: Scizor|Scizor, F|89/100
|move|p1a: Melmetal|Thunder Punch|p2a: Scizor
|-damage|p2a: Scizor|59/100
|
|-fieldend|move: Electric Terrain
|upkeep
|turn|26
|
|t:|1637256104
|switch|p1a: Zapdos|Zapdos, shiny|100/100
|move|p2a: Scizor|Knock Off|p1a: Zapdos
|-damage|p1a: Zapdos|85/100
|-status|p2a: Scizor|par|[from] ability: Static|[of] p1a: Zapdos
|
|upkeep
|turn|27
|
|t:|1637256119
|switch|p2a: Tapu Koko|Tapu Koko|98/100
|-fieldstart|move: Electric Terrain|[from] ability: Electric Surge|[of] p2a: Tapu Koko
|move|p1a: Zapdos|Discharge|p2a: Tapu Koko
|-resisted|p2a: Tapu Koko
|-damage|p2a: Tapu Koko|71/100
|
|upkeep
|turn|28
|
|t:|1637256129
|move|p2a: Tapu Koko|Dazzling Gleam|p1a: Zapdos
|-damage|p1a: Zapdos|54/100
|move|p1a: Zapdos|Roost|p1a: Zapdos
|-heal|p1a: Zapdos|100/100
|-singleturn|p1a: Zapdos|move: Roost
|
|upkeep
|turn|29
|
|t:|1637256137
|move|p2a: Tapu Koko|Dazzling Gleam|p1a: Zapdos
|-damage|p1a: Zapdos|66/100
|move|p1a: Zapdos|Discharge|p2a: Tapu Koko
|-resisted|p2a: Tapu Koko
|-damage|p2a: Tapu Koko|47/100
|
|upkeep
|turn|30
|
|t:|1637256145
|switch|p1a: Melmetal|Melmetal|80/100
|move|p2a: Tapu Koko|Dazzling Gleam|p1a: Melmetal
|-resisted|p1a: Melmetal
|-damage|p1a: Melmetal|71/100
|
|upkeep
|turn|31
|
|t:|1637256155
|move|p2a: Tapu Koko|U-turn|p1a: Melmetal
|-resisted|p1a: Melmetal
|-damage|p1a: Melmetal|66/100
|
|t:|1637256157
|switch|p2a: Hydreigon|Hydreigon, F|100/100|[from]move: U-turn
|move|p1a: Melmetal|Double Iron Bash|p2a: Hydreigon
|-damage|p2a: Hydreigon|62/100
|-damage|p2a: Hydreigon|24/100
|-hitcount|p2a: Hydreigon|2
|
|-heal|p2a: Hydreigon|30/100|[from] item: Leftovers
|-fieldend|move: Electric Terrain
|upkeep
|turn|32
|
|t:|1637256202
|switch|p1a: Swampert|Swampert, F|48/100
|move|p2a: Hydreigon|Roost|p2a: Hydreigon
|-heal|p2a: Hydreigon|81/100
|-singleturn|p2a: Hydreigon|move: Roost
|
|-heal|p2a: Hydreigon|87/100|[from] item: Leftovers
|-heal|p1a: Swampert|54/100|[from] item: Leftovers
|upkeep
|turn|33
|
|t:|1637256220
|move|p2a: Hydreigon|Nasty Plot|p2a: Hydreigon
|-boost|p2a: Hydreigon|spa|2
|move|p1a: Swampert|Stealth Rock|p2a: Hydreigon
|-sidestart|p2: wsdfg|move: Stealth Rock
|
|-heal|p2a: Hydreigon|93/100|[from] item: Leftovers
|-heal|p1a: Swampert|61/100|[from] item: Leftovers
|upkeep
|turn|34
|
|t:|1637256229
|move|p2a: Hydreigon|Dark Pulse|p1a: Swampert
|-damage|p1a: Swampert|7/100
|move|p1a: Swampert|Toxic|p2a: Hydreigon
|-status|p2a: Hydreigon|tox
|
|-heal|p2a: Hydreigon|99/100 tox|[from] item: Leftovers
|-heal|p1a: Swampert|13/100|[from] item: Leftovers
|-damage|p2a: Hydreigon|93/100 tox|[from] psn
|upkeep
|turn|35
|
|t:|1637256250
|move|p2a: Hydreigon|Dark Pulse|p1a: Swampert
|-damage|p1a: Swampert|0 fnt
|faint|p1a: Swampert
|
|-heal|p2a: Hydreigon|99/100 tox|[from] item: Leftovers
|-damage|p2a: Hydreigon|87/100 tox|[from] psn
|upkeep
|
|t:|1637256270
|switch|p1a: Regidrago|Regidrago|100/100
|turn|36
|
|t:|1637256278
|switch|p2a: Tapu Koko|Tapu Koko|47/100
|-fieldstart|move: Electric Terrain|[from] ability: Electric Surge|[of] p2a: Tapu Koko
|move|p1a: Regidrago|Scale Shot|p2a: Tapu Koko
|-immune|p2a: Tapu Koko
|
|upkeep
|turn|37
|
|t:|1637256289
|switch|p1a: Zapdos|Zapdos, shiny|66/100
|move|p2a: Tapu Koko|Thunderbolt|p1a: Zapdos
|-damage|p1a: Zapdos|20/100
|
|upkeep
|turn|38
|
|t:|1637256299
|move|p2a: Tapu Koko|Thunderbolt|p1a: Zapdos
|-damage|p1a: Zapdos|0 fnt
|faint|p1a: Zapdos
|
|upkeep
|
|t:|1637256304
|switch|p1a: Rillaboom|Rillaboom, M|38/100
|-fieldstart|move: Grassy Terrain|[from] ability: Grassy Surge|[of] p1a: Rillaboom
|turn|39
|
|t:|1637256313
|switch|p2a: Corviknight|Corviknight, F|54/100
|-damage|p2a: Corviknight|42/100|[from] Stealth Rock
|-ability|p2a: Corviknight|Pressure
|move|p1a: Rillaboom|U-turn|p2a: Corviknight
|-resisted|p2a: Corviknight
|-damage|p2a: Corviknight|37/100
|-damage|p1a: Rillaboom|22/100|[from] item: Rocky Helmet|[of] p2a: Corviknight
|
|t:|1637256321
|switch|p1a: Darmanitan|Darmanitan, M|58/100|[from]move: U-turn
|
|-heal|p1a: Darmanitan|64/100|[from] Grassy Terrain
|upkeep
|turn|40
|
|t:|1637256329
|switch|p2a: Scizor|Scizor, F|59/100 par
|-damage|p2a: Scizor|47/100 par|[from] Stealth Rock
|move|p1a: Darmanitan|Flare Blitz|p2a: Scizor
|-supereffective|p2a: Scizor
|-damage|p2a: Scizor|0 fnt
|faint|p2a: Scizor
|-damage|p1a: Darmanitan|49/100|[from] Recoil
|
|-heal|p1a: Darmanitan|55/100|[from] Grassy Terrain
|upkeep
|
|t:|1637256332
|switch|p2a: Tapu Koko|Tapu Koko|47/100
|-fieldstart|move: Electric Terrain|[from] ability: Electric Surge|[of] p2a: Tapu Koko
|turn|41
|
|t:|1637256350
|move|p2a: Tapu Koko|Thunderbolt|p1a: Darmanitan
|-damage|p1a: Darmanitan|0 fnt
|faint|p1a: Darmanitan
|
|upkeep
|
|t:|1637256359
|switch|p1a: Rillaboom|Rillaboom, M|22/100
|-fieldstart|move: Grassy Terrain|[from] ability: Grassy Surge|[of] p1a: Rillaboom
|turn|42
|
|t:|1637256366
|switch|p2a: Corviknight|Corviknight, F|37/100
|-damage|p2a: Corviknight|24/100|[from] Stealth Rock
|-ability|p2a: Corviknight|Pressure
|switch|p1a: Regidrago|Regidrago|100/100
|
|upkeep
|turn|43
|
|t:|1637256377
|switch|p2a: Hydreigon|Hydreigon, F|87/100 tox
|-damage|p2a: Hydreigon|74/100 tox|[from] Stealth Rock
|move|p1a: Regidrago|Fire Fang|p2a: Hydreigon
|-resisted|p2a: Hydreigon
|-damage|p2a: Hydreigon|59/100 tox
|
|-heal|p2a: Hydreigon|65/100 tox|[from] item: Leftovers
|-damage|p2a: Hydreigon|59/100 tox|[from] psn
|upkeep
|turn|44
|
|t:|1637256392
|switch|p1a: Melmetal|Melmetal|66/100
|move|p2a: Hydreigon|Dark Pulse|p1a: Melmetal
|-damage|p1a: Melmetal|49/100
|
|-heal|p2a: Hydreigon|65/100 tox|[from] item: Leftovers
|-heal|p1a: Melmetal|55/100|[from] Grassy Terrain
|-damage|p2a: Hydreigon|53/100 tox|[from] psn
|upkeep
|turn|45
|
|t:|1637256404
|move|p2a: Hydreigon|Earth Power|p1a: Melmetal
|-supereffective|p1a: Melmetal
|-damage|p1a: Melmetal|25/100
|move|p1a: Melmetal|Ice Punch|p2a: Hydreigon
|-supereffective|p2a: Hydreigon
|-damage|p2a: Hydreigon|0 fnt
|faint|p2a: Hydreigon
|
|-heal|p1a: Melmetal|31/100|[from] Grassy Terrain
|upkeep
|
|t:|1637256415
|switch|p2a: Corviknight|Corviknight, F|24/100
|-damage|p2a: Corviknight|12/100|[from] Stealth Rock
|-ability|p2a: Corviknight|Pressure
|turn|46
|
|t:|1637256421
|move|p2a: Corviknight|Roost|p2a: Corviknight
|-heal|p2a: Corviknight|62/100
|-singleturn|p2a: Corviknight|move: Roost
|move|p1a: Melmetal|Thunder Punch|p2a: Corviknight
|-damage|p2a: Corviknight|41/100
|-damage|p1a: Melmetal|14/100|[from] item: Rocky Helmet|[of] p2a: Corviknight
|
|-heal|p2a: Corviknight|47/100|[from] Grassy Terrain
|-heal|p1a: Melmetal|20/100|[from] Grassy Terrain
|-fieldend|move: Grassy Terrain
|upkeep
|turn|47
|
|t:|1637256441
|switch|p1a: Regidrago|Regidrago|100/100
|move|p2a: Corviknight|Body Press|p1a: Regidrago
|-damage|p1a: Regidrago|75/100
|
|upkeep
|turn|48
|
|t:|1637256452
|switch|p2a: Tapu Koko|Tapu Koko|47/100
|-fieldstart|move: Electric Terrain|[from] ability: Electric Surge|[of] p2a: Tapu Koko
|move|p1a: Regidrago|Fire Fang|p2a: Tapu Koko
|-damage|p2a: Tapu Koko|5/100
|
|upkeep
|turn|49
|
|t:|1637256462
|switch|p1a: Melmetal|Melmetal|20/100
|move|p2a: Tapu Koko|Dazzling Gleam|p1a: Melmetal
|-resisted|p1a: Melmetal
|-damage|p1a: Melmetal|12/100
|
|upkeep
|turn|50
|
|t:|1637256471
|move|p2a: Tapu Koko|Thunderbolt|p1a: Melmetal
|-damage|p1a: Melmetal|0 fnt
|faint|p1a: Melmetal
|
|upkeep
|
|t:|1637256477
|switch|p1a: Rillaboom|Rillaboom, M|22/100
|-fieldstart|move: Grassy Terrain|[from] ability: Grassy Surge|[of] p1a: Rillaboom
|turn|51
|
|t:|1637256482
|switch|p2a: Corviknight|Corviknight, F|47/100
|-damage|p2a: Corviknight|35/100|[from] Stealth Rock
|-ability|p2a: Corviknight|Pressure
|move|p1a: Rillaboom|Grassy Glide|p2a: Corviknight
|-resisted|p2a: Corviknight
|-damage|p2a: Corviknight|24/100
|-damage|p1a: Rillaboom|5/100|[from] item: Rocky Helmet|[of] p2a: Corviknight
|
|-heal|p1a: Rillaboom|11/100|[from] Grassy Terrain
|upkeep
|turn|52
|
|t:|1637256498
|move|p1a: Rillaboom|Grassy Glide|p2a: Corviknight
|-resisted|p2a: Corviknight
|-damage|p2a: Corviknight|12/100
|-damage|p1a: Rillaboom|0 fnt|[from] item: Rocky Helmet|[of] p2a: Corviknight
|faint|p1a: Rillaboom
|move|p2a: Corviknight|U-turn|p1: Rillaboom|[notarget]
|-fail|p2a: Corviknight
|
|upkeep
|
|t:|1637256506
|switch|p1a: Regidrago|Regidrago|75/100
|turn|53
|
|t:|1637256514
|move|p1a: Regidrago|Scale Shot|p2a: Corviknight
|-resisted|p2a: Corviknight
|-crit|p2a: Corviknight
|-damage|p2a: Corviknight|0 fnt
|faint|p2a: Corviknight
|-hitcount|p2: Corviknight|1
|-unboost|p1a: Regidrago|def|1
|-boost|p1a: Regidrago|spe|1
|
|-heal|p1a: Regidrago|81/100|[from] Grassy Terrain
|upkeep
|
|t:|1637256527
|switch|p2a: Slowking|Slowking, M|76/100
|turn|54
|
|t:|1637256532
|move|p1a: Regidrago|Scale Shot|p2a: Slowking
|-damage|p2a: Slowking|50/100
|-damage|p2a: Slowking|25/100
|-damage|p2a: Slowking|1/100
|-hitcount|p2a: Slowking|3
|-unboost|p1a: Regidrago|def|1
|-boost|p1a: Regidrago|spe|1
|move|p2a: Slowking|Future Sight|p1a: Regidrago
|-start|p2a: Slowking|move: Future Sight
|
|-heal|p1a: Regidrago|87/100|[from] Grassy Terrain
|-heal|p2a: Slowking|7/100|[from] Grassy Terrain
|upkeep
|turn|55
|
|t:|1637256554
|move|p1a: Regidrago|Scale Shot|p2a: Slowking
|-damage|p2a: Slowking|0 fnt
|faint|p2a: Slowking
|-hitcount|p2: Slowking|1
|-unboost|p1a: Regidrago|def|1
|-boost|p1a: Regidrago|spe|1
|
|-heal|p1a: Regidrago|93/100|[from] Grassy Terrain
|-fieldend|move: Grassy Terrain
|upkeep
|
|t:|1637256556
|switch|p2a: Tapu Koko|Tapu Koko|5/100
|-fieldstart|move: Electric Terrain|[from] ability: Electric Surge|[of] p2a: Tapu Koko
|turn|56
|
|t:|1637256576
|move|p1a: Regidrago|Scale Shot|p2a: Tapu Koko
|-immune|p2a: Tapu Koko
|move|p2a: Tapu Koko|Dazzling Gleam|p1a: Regidrago
|-supereffective|p1a: Regidrago
|-damage|p1a: Regidrago|17/100
|
|-end|p1a: Regidrago|move: Future Sight
|-damage|p1a: Regidrago|0 fnt
|faint|p1a: Regidrago
|
|win|wsdfg
|upkeep
|raw|Nema1's rating: 1492 &rarr; <strong>1473</strong><br />(-19 for losing)
|raw|wsdfg's rating: 1507 &rarr; <strong>1526</strong><br />(+19 for winning)
|l|☆wsdfg
||Ladder isn't responding, score probably updated but might not have (Request timeout).
