|j|☆Hatogorudo
|j|☆quixana
|t:|1667000014
|gametype|singles
|player|p1|Hatogorudo|101|1616
|player|p2|quixana|ethan-pokeathlon|1681
|teamsize|p1|6
|teamsize|p2|6
|gen|8
|tier|[Gen 8] OU
|rated|
|rule|Sleep Clause Mod: Limit one foe put to sleep
|rule|Species Clause: Limit one of each Pokémon
|rule|OHKO Clause: OHKO moves are banned
|rule|Evasion Items Clause: Evasion items are banned
|rule|Evasion Moves Clause: Evasion moves are banned
|rule|Endless Battle Clause: Forcing endless battles is banned
|rule|HP Percentage Mod: HP is shown in percentages
|rule|Dynamax Clause: You cannot dynamax
|clearpoke
|poke|p1|Melmetal|
|poke|p1|Garchomp, M|
|poke|p1|Clefable, M|
|poke|p1|Dragapult, M|
|poke|p1|Corviknight, M|
|poke|p1|Heatran, M|
|poke|p2|Dragapult, M|
|poke|p2|Rotom-Wash|
|poke|p2|Landorus-Therian, M|
|poke|p2|Melmetal|
|poke|p2|Weavile, M|
|poke|p2|Kartana|
|teampreview
|j| BabyPigsAreLaughin
|inactive|Battle timer is ON: inactive players will automatically lose when time's up. (requested by Hatogorudo)
|inactive|quixana has 120 seconds left.
|
|t:|1667000050
|start
|switch|p1a: Garchomp|Garchomp, M, shiny|100/100
|switch|p2a: Fate|Melmetal, shiny|100/100
|turn|1
|
|t:|1667000065
|switch|p1a: Corviknight|Corviknight, M, shiny|100/100
|-ability|p1a: Corviknight|Pressure
|move|p2a: Fate|Ice Punch|p1a: Corviknight
|-damage|p1a: Corviknight|62/100
|-damage|p2a: Fate|84/100|[from] item: Rocky Helmet|[of] p1a: Corviknight
|
|upkeep
|turn|2
|
|t:|1667000071
|switch|p2a: Phantom|Rotom-Wash, shiny|100/100
|move|p1a: Corviknight|Roost|p1a: Corviknight
|-heal|p1a: Corviknight|100/100
|-singleturn|p1a: Corviknight|move: Roost
|
|upkeep
|turn|3
|inactive|quixana has 120 seconds left.
|
|t:|1667000118
|switch|p2a: Bandit|Weavile, M, shiny|100/100
|-ability|p2a: Bandit|Pressure
|switch|p1a: Garchomp|Garchomp, M, shiny|100/100
|
|upkeep
|turn|4
|
|t:|1667000137
|switch|p1a: Corviknight|Corviknight, M, shiny|100/100
|-ability|p1a: Corviknight|Pressure
|move|p2a: Bandit|Knock Off|p1a: Corviknight
|-damage|p1a: Corviknight|52/100
|-damage|p2a: Bandit|84/100|[from] item: Rocky Helmet|[of] p1a: Corviknight
|-enditem|p1a: Corviknight|Rocky Helmet|[from] move: Knock Off|[of] p2a: Bandit
|
|upkeep
|turn|5
|
|t:|1667000146
|switch|p2a: Enten|Landorus-Therian, M, shiny|100/100
|-ability|p2a: Enten|Intimidate|boost
|-unboost|p1a: Corviknight|atk|1
|switch|p1a: Melmetal|Melmetal, shiny|100/100
|
|upkeep
|turn|6
|inactive|quixana has 120 seconds left.
|inactive|quixana has 90 seconds left.
|
|t:|1667000184
|move|p2a: Enten|U-turn|p1a: Melmetal
|-resisted|p1a: Melmetal
|-damage|p1a: Melmetal|94/100
|
|t:|1667000189
|switch|p2a: Phantom|Rotom-Wash, shiny|100/100|[from]move: U-turn
|move|p1a: Melmetal|Toxic|p2a: Phantom
|-status|p2a: Phantom|tox
|
|-heal|p1a: Melmetal|99/100|[from] item: Leftovers
|-damage|p2a: Phantom|94/100 tox|[from] psn
|upkeep
|turn|7
|
|t:|1667000198
|move|p1a: Melmetal|Protect|p1a: Melmetal
|-singleturn|p1a: Melmetal|Protect
|move|p2a: Phantom|Nasty Plot|p2a: Phantom
|-boost|p2a: Phantom|spa|2
|
|-heal|p2a: Phantom|100/100 tox|[from] item: Leftovers
|-heal|p1a: Melmetal|100/100|[from] item: Leftovers
|-damage|p2a: Phantom|88/100 tox|[from] psn
|upkeep
|turn|8
|
|t:|1667000207
|switch|p1a: Clefable|Clefable, M|100/100
|move|p2a: Phantom|Hydro Pump|p1a: Clefable|[miss]
|-miss|p2a: Phantom|p1a: Clefable
|
|-heal|p2a: Phantom|94/100 tox|[from] item: Leftovers
|-damage|p2a: Phantom|76/100 tox|[from] psn
|upkeep
|turn|9
|
|t:|1667000213
|move|p2a: Phantom|Hydro Pump|p1a: Clefable
|-damage|p1a: Clefable|54/100
|move|p1a: Clefable|Wish|p1a: Clefable
|
|-heal|p2a: Phantom|82/100 tox|[from] item: Leftovers
|-heal|p1a: Clefable|60/100|[from] item: Leftovers
|-damage|p2a: Phantom|57/100 tox|[from] psn
|upkeep
|turn|10
|inactive|quixana has 120 seconds left.
|
|t:|1667000223
|move|p1a: Clefable|Protect|p1a: Clefable
|-singleturn|p1a: Clefable|Protect
|move|p2a: Phantom|Pain Split|p1a: Clefable
|-activate|p1a: Clefable|move: Protect
|
|-heal|p1a: Clefable|100/100|[from] move: Wish|[wisher] Clefable
|-heal|p2a: Phantom|63/100 tox|[from] item: Leftovers
|-damage|p2a: Phantom|32/100 tox|[from] psn
|upkeep
|turn|11
|
|t:|1667000226
|move|p2a: Phantom|Pain Split|p1a: Clefable
|-sethp|p1a: Clefable|60/100|[from] move: Pain Split|[silent]
|-sethp|p2a: Phantom|98/100 tox|[from] move: Pain Split
|move|p1a: Clefable|Wish|p1a: Clefable
|
|-heal|p2a: Phantom|100/100 tox|[from] item: Leftovers
|-heal|p1a: Clefable|66/100|[from] item: Leftovers
|-damage|p2a: Phantom|63/100 tox|[from] psn
|upkeep
|turn|12
|
|t:|1667000230
|switch|p2a: Fate|Melmetal, shiny|84/100
|move|p1a: Clefable|Protect||[still]
|-fail|p1a: Clefable
|
|-heal|p1a: Clefable|100/100|[from] move: Wish|[wisher] Clefable
|upkeep
|turn|13
|
|t:|1667000259
|switch|p1a: Melmetal|Melmetal, shiny|100/100
|move|p2a: Fate|Thunder Punch|p1a: Melmetal
|-damage|p1a: Melmetal|65/100
|
|-heal|p1a: Melmetal|72/100|[from] item: Leftovers
|upkeep
|turn|14
|inactive|quixana has 120 seconds left.
|
|t:|1667000285
|switch|p2a: Enten|Landorus-Therian, M, shiny|100/100
|-ability|p2a: Enten|Intimidate|boost
|-unboost|p1a: Melmetal|atk|1
|move|p1a: Melmetal|Earthquake|p2a: Enten
|-immune|p2a: Enten
|
|-heal|p1a: Melmetal|78/100|[from] item: Leftovers
|upkeep
|turn|15
|
|t:|1667000292
|move|p1a: Melmetal|Protect|p1a: Melmetal
|-singleturn|p1a: Melmetal|Protect
|move|p2a: Enten|U-turn|p1a: Melmetal
|-activate|p1a: Melmetal|move: Protect
|
|-heal|p1a: Melmetal|84/100|[from] item: Leftovers
|upkeep
|turn|16
|inactive|quixana has 120 seconds left.
|
|t:|1667000302
|switch|p1a: Garchomp|Garchomp, M, shiny|100/100
|move|p2a: Enten|U-turn|p1a: Garchomp
|-damage|p1a: Garchomp|83/100
|-damage|p2a: Enten|88/100|[from] ability: Rough Skin|[of] p1a: Garchomp
|
|t:|1667000306
|switch|p2a: Bandit|Weavile, M, shiny|84/100|[from]move: U-turn
|-ability|p2a: Bandit|Pressure
|
|-heal|p1a: Garchomp|89/100|[from] item: Leftovers
|upkeep
|turn|17
|
|t:|1667000316
|switch|p1a: Corviknight|Corviknight, M, shiny|52/100
|-ability|p1a: Corviknight|Pressure
|move|p2a: Bandit|Beat Up|p1a: Corviknight
|-damage|p1a: Corviknight|44/100
|-damage|p1a: Corviknight|35/100
|-crit|p1a: Corviknight
|-damage|p1a: Corviknight|24/100
|-damage|p1a: Corviknight|15/100
|-damage|p1a: Corviknight|3/100
|-hitcount|p1a: Corviknight|5
|
|upkeep
|turn|18
|inactive|quixana has 120 seconds left.
|
|t:|1667000334
|move|p2a: Bandit|Beat Up|p1a: Corviknight
|-damage|p1a: Corviknight|0 fnt
|faint|p1a: Corviknight
|-hitcount|p1: Corviknight|1
|
|upkeep
|
|t:|1667000338
|switch|p1a: Heatran|Heatran, M|100/100
|-item|p1a: Heatran|Air Balloon
|turn|19
|
|t:|1667000349
|switch|p2a: Phantom|Rotom-Wash, shiny|63/100 tox
|move|p1a: Heatran|Magma Storm|p2a: Phantom|[miss]
|-miss|p1a: Heatran|p2a: Phantom
|
|-heal|p2a: Phantom|69/100 tox|[from] item: Leftovers
|-damage|p2a: Phantom|63/100 tox|[from] psn
|upkeep
|turn|20
|
|t:|1667000355
|switch|p1a: Garchomp|Garchomp, M, shiny|89/100
|move|p2a: Phantom|Pain Split|p1a: Garchomp
|-sethp|p1a: Garchomp|63/100|[from] move: Pain Split|[silent]
|-sethp|p2a: Phantom|100/100 tox|[from] move: Pain Split
|
|-heal|p1a: Garchomp|69/100|[from] item: Leftovers
|-damage|p2a: Phantom|88/100 tox|[from] psn
|upkeep
|turn|21
|
|t:|1667000365
|move|p2a: Phantom|Hydro Pump|p1a: Garchomp
|-crit|p1a: Garchomp
|-damage|p1a: Garchomp|8/100
|move|p1a: Garchomp|Stealth Rock|p2a: Phantom
|-sidestart|p2: quixana|move: Stealth Rock
|
|-heal|p2a: Phantom|94/100 tox|[from] item: Leftovers
|-heal|p1a: Garchomp|14/100|[from] item: Leftovers
|-damage|p2a: Phantom|76/100 tox|[from] psn
|upkeep
|turn|22
|inactive|quixana has 120 seconds left.
|
|t:|1667000410
|switch|p1a: Clefable|Clefable, M|100/100
|move|p2a: Phantom|Volt Switch|p1a: Clefable
|-damage|p1a: Clefable|73/100
|
|t:|1667000423
|switch|p2a: Enten|Landorus-Therian, M, shiny|88/100|[from]move: Volt Switch
|-damage|p2a: Enten|76/100|[from] Stealth Rock
|-ability|p2a: Enten|Intimidate|boost
|-unboost|p1a: Clefable|atk|1
|
|-heal|p2a: Enten|82/100|[from] item: Leftovers
|-heal|p1a: Clefable|79/100|[from] item: Leftovers
|upkeep
|turn|23
|
|t:|1667000429
|move|p2a: Enten|Stealth Rock|p1a: Clefable
|-sidestart|p1: Hatogorudo|move: Stealth Rock
|move|p1a: Clefable|Wish|p1a: Clefable
|
|-heal|p2a: Enten|88/100|[from] item: Leftovers
|-heal|p1a: Clefable|85/100|[from] item: Leftovers
|upkeep
|turn|24
|
|t:|1667000435
|switch|p1a: Garchomp|Garchomp, M, shiny|14/100
|-damage|p1a: Garchomp|8/100|[from] Stealth Rock
|move|p2a: Enten|Earthquake|p1a: Garchomp
|-damage|p1a: Garchomp|0 fnt
|faint|p1a: Garchomp
|
|-heal|p2a: Enten|94/100|[from] item: Leftovers
|upkeep
|
|t:|1667000444
|switch|p1a: Heatran|Heatran, M|100/100
|-damage|p1a: Heatran|88/100|[from] Stealth Rock
|-item|p1a: Heatran|Air Balloon
|turn|25
|inactive|quixana has 120 seconds left.
|
|t:|1667000481
|switch|p2a: Phantom|Rotom-Wash, shiny|76/100 tox
|-damage|p2a: Phantom|63/100 tox|[from] Stealth Rock
|move|p1a: Heatran|Magma Storm|p2a: Phantom
|-resisted|p2a: Phantom
|-damage|p2a: Phantom|32/100 tox
|-activate|p2a: Phantom|move: Magma Storm|[of] p1a: Heatran
|
|-heal|p2a: Phantom|39/100 tox|[from] item: Leftovers
|-damage|p2a: Phantom|32/100 tox|[from] psn
|-damage|p2a: Phantom|20/100 tox|[from] move: Magma Storm|[partiallytrapped]
|upkeep
|turn|26
|
|t:|1667000491
|move|p1a: Heatran|Protect|p1a: Heatran
|-singleturn|p1a: Heatran|Protect
|move|p2a: Phantom|Pain Split|p1a: Heatran
|-activate|p1a: Heatran|move: Protect
|
|-heal|p2a: Phantom|26/100 tox|[from] item: Leftovers
|-damage|p2a: Phantom|14/100 tox|[from] psn
|-damage|p2a: Phantom|1/100 tox|[from] move: Magma Storm|[partiallytrapped]
|upkeep
|turn|27
|
|t:|1667000500
|move|p1a: Heatran|Protect||[still]
|-fail|p1a: Heatran
|move|p2a: Phantom|Pain Split|p1a: Heatran
|-sethp|p1a: Heatran|45/100|[from] move: Pain Split|[silent]
|-sethp|p2a: Phantom|71/100 tox|[from] move: Pain Split
|
|-heal|p2a: Phantom|77/100 tox|[from] item: Leftovers
|-damage|p2a: Phantom|59/100 tox|[from] psn
|-damage|p2a: Phantom|46/100 tox|[from] move: Magma Storm|[partiallytrapped]
|upkeep
|turn|28
|
|t:|1667000515
|move|p1a: Heatran|Protect|p1a: Heatran
|-singleturn|p1a: Heatran|Protect
|move|p2a: Phantom|Hydro Pump|p1a: Heatran
|-activate|p1a: Heatran|move: Protect
|
|-heal|p2a: Phantom|52/100 tox|[from] item: Leftovers
|-damage|p2a: Phantom|27/100 tox|[from] psn
|-damage|p2a: Phantom|15/100 tox|[from] move: Magma Storm|[partiallytrapped]
|upkeep
|turn|29
|
|t:|1667000524
|move|p2a: Phantom|Volt Switch|p1a: Heatran
|-damage|p1a: Heatran|24/100
|-enditem|p1a: Heatran|Air Balloon
|inactive|quixana has 120 seconds left.
|
|t:|1667000530
|switch|p2a: Leviathan|Dragapult, M, shiny|100/100|[from]move: Volt Switch
|-damage|p2a: Leviathan|88/100|[from] Stealth Rock
|move|p1a: Heatran|Magma Storm|p2a: Leviathan|[miss]
|-miss|p1a: Heatran|p2a: Leviathan
|
|upkeep
|turn|30
|
|t:|1667000535
|move|p2a: Leviathan|Shadow Ball|p1a: Heatran
|-damage|p1a: Heatran|0 fnt
|faint|p1a: Heatran
|
|upkeep
|
|t:|1667000538
|switch|p1a: Dragapult|Dragapult, M|100/100
|-damage|p1a: Dragapult|88/100|[from] Stealth Rock
|turn|31
|
|t:|1667000552
|switch|p2a: Phantom|Rotom-Wash, shiny|15/100 tox
|-damage|p2a: Phantom|3/100 tox|[from] Stealth Rock
|move|p1a: Dragapult|Shadow Ball|p2a: Phantom
|-damage|p2a: Phantom|0 fnt
|faint|p2a: Phantom
|
|upkeep
|inactive|quixana has 120 seconds left.
|-message|Hatogorudo forfeited.
|
|win|quixana
|raw|Hatogorudo's rating: 1616 &rarr; <strong>1600</strong><br />(-16 for losing)
|raw|quixana's rating: 1681 &rarr; <strong>1697</strong><br />(+16 for winning)
|l|☆Hatogorudo
||Ladder isn't responding, score probably updated but might not have (Request timeout).
