|j|☆nancy von bunker
|j|☆Sombra Diurna
|t:|1643072420
|gametype|singles
|player|p1|nancy von bunker|cynthia-gen4|1564
|player|p2|Sombra Diurna|blue|1531
|teamsize|p1|6
|teamsize|p2|6
|gen|8
|tier|[Gen 8] OU
|rated|
|rule|Sleep Clause Mod: Limit one foe put to sleep
|rule|Species Clause: Limit one of each Pokémon
|rule|OHKO Clause: OHKO moves are banned
|rule|Evasion Moves Clause: Evasion moves are banned
|rule|Endless Battle Clause: Forcing endless battles is banned
|rule|HP Percentage Mod: HP is shown in percentages
|rule|Dynamax Clause: You cannot dynamax
|clearpoke
|poke|p1|Weavile, M|
|poke|p1|Zapdos-Galar|
|poke|p1|Ferrothorn, M|
|poke|p1|Landorus-Therian, M|
|poke|p1|Slowbro, F|
|poke|p1|Dragapult, F|
|poke|p2|Marowak-Alola, M|
|poke|p2|Slowbro, M|
|poke|p2|Hatterene, F|
|poke|p2|Garchomp, M|
|poke|p2|Ferrothorn, M|
|poke|p2|Drampa, M|
|teampreview
|j| Iamnotabletojoin
|c|☆nancy von bunker|hf
|l| Iamnotabletojoin
|inactive|Battle timer is ON: inactive players will automatically lose when time's up. (requested by Sombra Diurna)
|
|t:|1643072464
|start
|switch|p1a: Landorus|Landorus-Therian, M|100/100
|switch|p2a: Sonso|Slowbro, M|100/100
|-ability|p1a: Landorus|Intimidate|boost
|-unboost|p2a: Sonso|atk|1
|turn|1
|
|t:|1643072474
|move|p1a: Landorus|Knock Off|p2a: Sonso
|-supereffective|p2a: Sonso
|-enditem|p2a: Sonso|Colbur Berry|[eat]
|-enditem|p2a: Sonso|Colbur Berry|[weaken]
|-damage|p2a: Sonso|81/100
|move|p2a: Sonso|Scald|p1a: Landorus
|-supereffective|p1a: Landorus
|-damage|p1a: Landorus|36/100
|
|-heal|p1a: Landorus|42/100|[from] item: Leftovers
|upkeep
|turn|2
|
|t:|1643072484
|move|p1a: Landorus|U-turn|p2a: Sonso
|-supereffective|p2a: Sonso
|-damage|p2a: Sonso|56/100
|
|t:|1643072488
|switch|p1a: Ferrothorn|Ferrothorn, M|100/100|[from]move: U-turn
|move|p2a: Sonso|Scald|p1a: Ferrothorn
|-resisted|p1a: Ferrothorn
|-damage|p1a: Ferrothorn|90/100
|
|-heal|p1a: Ferrothorn|97/100|[from] item: Leftovers
|upkeep
|turn|3
|
|t:|1643072498
|switch|p2a: Gorra|Hatterene, F, shiny|100/100
|move|p1a: Ferrothorn|Power Whip|p2a: Gorra|[miss]
|-miss|p1a: Ferrothorn|p2a: Gorra
|
|-heal|p1a: Ferrothorn|100/100|[from] item: Leftovers
|upkeep
|turn|4
|
|t:|1643072505
|switch|p1a: Slowbro|Slowbro, F|100/100
|move|p2a: Gorra|Mystical Fire|p1a: Slowbro
|-resisted|p1a: Slowbro
|-damage|p1a: Slowbro|89/100
|-unboost|p1a: Slowbro|spa|1
|
|upkeep
|turn|5
|
|t:|1643072519
|move|p1a: Slowbro|Scald|p2a: Gorra
|-damage|p2a: Gorra|87/100
|move|p2a: Gorra|Trick Room|p2a: Gorra
|-fieldstart|move: Trick Room|[of] p2a: Gorra
|
|upkeep
|turn|6
|
|t:|1643072527
|switch|p2a: Falkor|Drampa, M|100/100
|move|p1a: Slowbro|Scald|p2a: Falkor
|-resisted|p2a: Falkor
|-damage|p2a: Falkor|91/100
|
|upkeep
|turn|7
|
|t:|1643072538
|move|p2a: Falkor|Thunderbolt|p1a: Slowbro
|-supereffective|p1a: Slowbro
|-damage|p1a: Slowbro|0 fnt
|faint|p1a: Slowbro
|-damage|p2a: Falkor|82/100|[from] item: Life Orb
|
|upkeep
|
|t:|1643072555
|switch|p1a: Ferrothorn|Ferrothorn, M|100/100
|turn|8
|
|t:|1643072558
|move|p1a: Ferrothorn|Spikes|p2a: Falkor
|-sidestart|p2: Sombra Diurna|Spikes
|move|p2a: Falkor|Focus Blast|p1a: Ferrothorn
|-supereffective|p1a: Ferrothorn
|-damage|p1a: Ferrothorn|9/100
|-unboost|p1a: Ferrothorn|spd|1
|-damage|p2a: Falkor|72/100|[from] item: Life Orb
|
|-heal|p1a: Ferrothorn|15/100|[from] item: Leftovers
|upkeep
|turn|9
|
|t:|1643072567
|move|p1a: Ferrothorn|Knock Off|p2a: Falkor
|-damage|p2a: Falkor|47/100
|-enditem|p2a: Falkor|Life Orb|[from] move: Knock Off|[of] p1a: Ferrothorn
|-ability|p2a: Falkor|Berserk|boost
|-boost|p2a: Falkor|spa|1
|move|p2a: Falkor|Hyper Voice|p1a: Ferrothorn
|-resisted|p1a: Ferrothorn
|-damage|p1a: Ferrothorn|0 fnt
|faint|p1a: Ferrothorn
|
|-fieldend|move: Trick Room
|upkeep
|
|t:|1643072576
|switch|p1a: Zapdos|Zapdos-Galar|100/100
|turn|10
|
|t:|1643072584
|move|p1a: Zapdos|Brave Bird|p2a: Falkor
|-damage|p2a: Falkor|0 fnt
|faint|p2a: Falkor
|-damage|p1a: Zapdos|83/100|[from] Recoil
|
|upkeep
|
|t:|1643072591
|switch|p2a: Sonso|Slowbro, M|89/100
|-damage|p2a: Sonso|77/100|[from] Spikes
|turn|11
|
|t:|1643072597
|switch|p1a: Dragapult|Dragapult, F|100/100
|move|p2a: Sonso|Trick Room|p2a: Sonso
|-fieldstart|move: Trick Room|[of] p2a: Sonso
|
|upkeep
|turn|12
|
|t:|1643072604
|switch|p2a: Thorns|Ferrothorn, M|100/100
|-damage|p2a: Thorns|88/100|[from] Spikes
|move|p1a: Dragapult|Shadow Ball|p2a: Thorns
|-damage|p2a: Thorns|54/100
|
|upkeep
|turn|13
|
|t:|1643072610
|switch|p1a: Zapdos|Zapdos-Galar|83/100
|move|p2a: Thorns|Gyro Ball|p1a: Zapdos
|-damage|p1a: Zapdos|30/100
|
|upkeep
|turn|14
|
|t:|1643072616
|switch|p1a: Landorus|Landorus-Therian, M|42/100
|-ability|p1a: Landorus|Intimidate|boost
|-unboost|p2a: Thorns|atk|1
|move|p2a: Thorns|Gyro Ball|p1a: Landorus
|-damage|p1a: Landorus|20/100
|
|-heal|p1a: Landorus|26/100|[from] item: Leftovers
|upkeep
|turn|15
|
|t:|1643072625
|switch|p2a: Sonso|Slowbro, M|100/100
|-damage|p2a: Sonso|88/100|[from] Spikes
|move|p1a: Landorus|Stealth Rock|p2a: Sonso
|-sidestart|p2: Sombra Diurna|move: Stealth Rock
|
|-heal|p1a: Landorus|32/100|[from] item: Leftovers
|-fieldend|move: Trick Room
|upkeep
|turn|16
|
|t:|1643072633
|move|p1a: Landorus|U-turn|p2a: Sonso
|-supereffective|p2a: Sonso
|-damage|p2a: Sonso|64/100
|
|t:|1643072639
|switch|p1a: Dragapult|Dragapult, F|100/100|[from]move: U-turn
|move|p2a: Sonso|Trick Room|p2a: Sonso
|-fieldstart|move: Trick Room|[of] p2a: Sonso
|
|upkeep
|turn|17
|
|t:|1643072646
|switch|p2a: Thorns|Ferrothorn, M|54/100
|-damage|p2a: Thorns|42/100|[from] Spikes
|-damage|p2a: Thorns|36/100|[from] Stealth Rock
|move|p1a: Dragapult|Shadow Ball|p2a: Thorns
|-damage|p2a: Thorns|2/100
|
|upkeep
|turn|18
|
|t:|1643072670
|switch|p1a: Zapdos|Zapdos-Galar|30/100
|move|p2a: Thorns|Gyro Ball|p1a: Zapdos
|-damage|p1a: Zapdos|0 fnt
|faint|p1a: Zapdos
|
|upkeep
|
|t:|1643072672
|switch|p1a: Landorus|Landorus-Therian, M|32/100
|-ability|p1a: Landorus|Intimidate|boost
|-unboost|p2a: Thorns|atk|1
|turn|19
|
|t:|1643072699
|switch|p2a: Sonso|Slowbro, M|97/100
|-damage|p2a: Sonso|85/100|[from] Stealth Rock
|-damage|p2a: Sonso|72/100|[from] Spikes
|move|p1a: Landorus|Earthquake|p2a: Sonso
|-damage|p2a: Sonso|46/100
|
|-heal|p1a: Landorus|38/100|[from] item: Leftovers
|upkeep
|turn|20
|
|t:|1643072713
|switch|p1a: Dragapult|Dragapult, F|100/100
|move|p2a: Sonso|Slack Off|p2a: Sonso
|-heal|p2a: Sonso|96/100
|
|-fieldend|move: Trick Room
|upkeep
|turn|21
|
|t:|1643072719
|switch|p2a: Thorns|Ferrothorn, M|2/100
|-damage|p2a: Thorns|0 fnt|[from] Stealth Rock
|faint|p2a: Thorns
|move|p1a: Dragapult|Shadow Ball|p2: Thorns|[notarget]
|-fail|p1a: Dragapult
|
|upkeep
|
|t:|1643072725
|switch|p2a: Gorra|Hatterene, F, shiny|87/100
|-damage|p2a: Gorra|75/100|[from] Stealth Rock
|-damage|p2a: Gorra|62/100|[from] Spikes
|turn|22
|
|t:|1643072739
|move|p1a: Dragapult|Shadow Ball|p2a: Gorra
|-supereffective|p2a: Gorra
|-enditem|p2a: Gorra|Kasib Berry|[eat]
|-enditem|p2a: Gorra|Kasib Berry|[weaken]
|-damage|p2a: Gorra|22/100
|-unboost|p2a: Gorra|spd|1
|move|p2a: Gorra|Trick Room|p2a: Gorra
|-fieldstart|move: Trick Room|[of] p2a: Gorra
|
|upkeep
|turn|23
|
|t:|1643072761
|switch|p1a: Landorus|Landorus-Therian, M|38/100
|-ability|p1a: Landorus|Intimidate|boost
|-unboost|p2a: Gorra|atk|1
|move|p2a: Gorra|Draining Kiss|p1a: Landorus
|-damage|p1a: Landorus|14/100
|-heal|p2a: Gorra|44/100|[from] drain|[of] p1a: Landorus
|
|-heal|p1a: Landorus|20/100|[from] item: Leftovers
|upkeep
|turn|24
|
|t:|1643072776
|move|p2a: Gorra|Draining Kiss|p1a: Landorus
|-damage|p1a: Landorus|0 fnt
|-heal|p2a: Gorra|62/100|[from] drain|[of] p1a: Landorus
|faint|p1a: Landorus
|
|upkeep
|inactive|nancy von bunker has 120 seconds left.
|
|t:|1643072794
|switch|p1a: Weavile|Weavile, M|100/100
|-ability|p1a: Weavile|Pressure
|turn|25
|
|t:|1643072799
|move|p1a: Weavile|Ice Shard|p2a: Gorra
|-damage|p2a: Gorra|38/100
|move|p2a: Gorra|Draining Kiss|p1a: Weavile
|-supereffective|p1a: Weavile
|-damage|p1a: Weavile|36/100
|-heal|p2a: Gorra|81/100|[from] drain|[of] p1a: Weavile
|
|upkeep
|turn|26
|
|t:|1643072808
|move|p1a: Weavile|Ice Shard|p2a: Gorra
|-damage|p2a: Gorra|60/100
|move|p2a: Gorra|Draining Kiss|p1a: Weavile
|-supereffective|p1a: Weavile
|-damage|p1a: Weavile|0 fnt
|-heal|p2a: Gorra|84/100|[from] drain|[of] p1a: Weavile
|faint|p1a: Weavile
|
|-fieldend|move: Trick Room
|upkeep
|
|t:|1643072812
|switch|p1a: Dragapult|Dragapult, F|100/100
|turn|27
|
|t:|1643072819
|move|p1a: Dragapult|Shadow Ball|p2a: Gorra
|-supereffective|p2a: Gorra
|-damage|p2a: Gorra|0 fnt
|faint|p2a: Gorra
|
|upkeep
|
|t:|1643072824
|switch|p2a: Sharko|Garchomp, M|100/100
|-damage|p2a: Sharko|88/100|[from] Spikes
|-damage|p2a: Sharko|82/100|[from] Stealth Rock
|turn|28
|
|t:|1643072828
|move|p1a: Dragapult|Shadow Ball|p2a: Sharko
|-damage|p2a: Sharko|27/100
|move|p2a: Sharko|Scale Shot|p1a: Dragapult
|-supereffective|p1a: Dragapult
|-damage|p1a: Dragapult|63/100
|-supereffective|p1a: Dragapult
|-damage|p1a: Dragapult|20/100
|-hitcount|p1a: Dragapult|2
|-unboost|p2a: Sharko|def|1
|-boost|p2a: Sharko|spe|1
|
|-heal|p2a: Sharko|34/100|[from] item: Leftovers
|upkeep
|turn|29
|
|t:|1643072840
|move|p2a: Sharko|Earthquake|p1a: Dragapult
|-damage|p1a: Dragapult|0 fnt
|faint|p1a: Dragapult
|
|win|Sombra Diurna
|raw|nancy von bunker's rating: 1564 &rarr; <strong>1542</strong><br />(-22 for losing)
|raw|Sombra Diurna's rating: 1531 &rarr; <strong>1553</strong><br />(+22 for winning)
|l|☆nancy von bunker
