|j|☆maxinyuuu
|j|☆InahaFrost
|t:|1654390778
|gametype|singles
|player|p1|maxinyuuu|giovanni|1285
|player|p2|InahaFrost|n|1315
|teamsize|p1|6
|teamsize|p2|6
|gen|8
|tier|[Gen 8] OU
|rated|
|rule|Sleep Clause Mod: Limit one foe put to sleep
|rule|Species Clause: Limit one of each Pokémon
|rule|OHKO Clause: OHKO moves are banned
|rule|Evasion Moves Clause: Evasion moves are banned
|rule|Endless Battle Clause: Forcing endless battles is banned
|rule|HP Percentage Mod: HP is shown in percentages
|rule|Dynamax Clause: You cannot dynamax
|clearpoke
|poke|p1|Heatran, M|
|poke|p1|Rotom-Wash|
|poke|p1|Regieleki|
|poke|p1|Corviknight, F|
|poke|p1|Excadrill, M|
|poke|p1|Kartana|
|poke|p2|Latias, F|
|poke|p2|Garchomp, M|
|poke|p2|Dragonite, F|
|poke|p2|Hydreigon, F|
|poke|p2|Dragapult, M|
|poke|p2|Kommo-o, M|
|teampreview
|
|t:|1654390789
|start
|switch|p1a: Kartana|Kartana|100/100
|switch|p2a: Latias|Latias, F|100/100
|turn|1
|
|t:|1654390792
|move|p2a: Latias|Thunder Wave|p1a: Kartana
|-status|p1a: Kartana|par
|move|p1a: Kartana|Knock Off|p2a: Latias
|-supereffective|p2a: Latias
|-damage|p2a: Latias|5/100
|-enditem|p2a: Latias|Choice Scarf|[from] move: Knock Off|[of] p1a: Kartana
|
|upkeep
|turn|2
|
|t:|1654390800
|switch|p1a: Corviknight|Corviknight, F|100/100
|-ability|p1a: Corviknight|Unnerve
|move|p2a: Latias|Healing Wish|p2a: Latias
|faint|p2a: Latias
|
|upkeep
|
|t:|1654390818
|switch|p2a: Dragtrio|Hydreigon, F, shiny|100/100
|turn|3
|
|t:|1654390822
|switch|p1a: Heatran|Heatran, M|100/100
|move|p2a: Dragtrio|Substitute|p2a: Dragtrio
|-start|p2a: Dragtrio|Substitute
|-damage|p2a: Dragtrio|76/100
|
|-heal|p2a: Dragtrio|82/100|[from] item: Leftovers
|upkeep
|turn|4
|
|t:|1654390827
|move|p2a: Dragtrio|Nasty Plot|p2a: Dragtrio
|-boost|p2a: Dragtrio|spa|2
|move|p1a: Heatran|Magma Storm|p2a: Dragtrio|[miss]
|-miss|p1a: Heatran|p2a: Dragtrio
|
|-heal|p2a: Dragtrio|88/100|[from] item: Leftovers
|upkeep
|turn|5
|
|t:|1654390833
|move|p2a: Dragtrio|Dark Pulse|p1a: Heatran
|-damage|p1a: Heatran|47/100
|move|p1a: Heatran|Magma Storm|p2a: Dragtrio
|-resisted|p2a: Dragtrio
|-activate|p2a: Dragtrio|move: Substitute|[damage]
|
|-heal|p2a: Dragtrio|94/100|[from] item: Leftovers
|-heal|p1a: Heatran|53/100|[from] item: Leftovers
|upkeep
|turn|6
|
|t:|1654390843
|move|p1a: Heatran|Protect|p1a: Heatran
|-singleturn|p1a: Heatran|Protect
|move|p2a: Dragtrio|Dark Pulse|p1a: Heatran
|-activate|p1a: Heatran|move: Protect
|
|-heal|p2a: Dragtrio|99/100|[from] item: Leftovers
|-heal|p1a: Heatran|59/100|[from] item: Leftovers
|upkeep
|turn|7
|
|t:|1654390845
|move|p2a: Dragtrio|Dark Pulse|p1a: Heatran
|-damage|p1a: Heatran|10/100
|move|p1a: Heatran|Magma Storm|p2a: Dragtrio
|-resisted|p2a: Dragtrio
|-end|p2a: Dragtrio|Substitute
|
|-heal|p2a: Dragtrio|100/100|[from] item: Leftovers
|-heal|p1a: Heatran|16/100|[from] item: Leftovers
|upkeep
|turn|8
|
|t:|1654390854
|switch|p1a: Regieleki|Regieleki|100/100
|move|p2a: Dragtrio|Substitute|p2a: Dragtrio
|-start|p2a: Dragtrio|Substitute
|-damage|p2a: Dragtrio|76/100
|
|-heal|p2a: Dragtrio|82/100|[from] item: Leftovers
|upkeep
|turn|9
|
|t:|1654390857
|move|p1a: Regieleki|Volt Switch|p2a: Dragtrio
|-resisted|p2a: Dragtrio
|-end|p2a: Dragtrio|Substitute
|
|t:|1654390860
|switch|p1a: Heatran|Heatran, M|16/100|[from]move: Volt Switch
|move|p2a: Dragtrio|Dark Pulse|p1a: Heatran
|-damage|p1a: Heatran|0 fnt
|faint|p1a: Heatran
|
|-heal|p2a: Dragtrio|88/100|[from] item: Leftovers
|upkeep
|
|t:|1654390862
|switch|p1a: Regieleki|Regieleki|100/100
|turn|10
|
|t:|1654390870
|move|p1a: Regieleki|Volt Switch|p2a: Dragtrio
|-resisted|p2a: Dragtrio
|-crit|p2a: Dragtrio
|-damage|p2a: Dragtrio|30/100
|
|t:|1654390877
|switch|p1a: Rotom|Rotom-Wash|100/100|[from]move: Volt Switch
|move|p2a: Dragtrio|Fire Blast|p1a: Rotom
|-resisted|p1a: Rotom
|-damage|p1a: Rotom|71/100
|
|-heal|p2a: Dragtrio|36/100|[from] item: Leftovers
|upkeep
|turn|11
|
|t:|1654390881
|move|p2a: Dragtrio|Substitute|p2a: Dragtrio
|-start|p2a: Dragtrio|Substitute
|-damage|p2a: Dragtrio|11/100
|move|p1a: Rotom|Volt Switch|p2a: Dragtrio
|-resisted|p2a: Dragtrio
|-activate|p2a: Dragtrio|move: Substitute|[damage]
|
|t:|1654390884
|switch|p1a: Regieleki|Regieleki|100/100|[from]move: Volt Switch
|
|-heal|p2a: Dragtrio|17/100|[from] item: Leftovers
|upkeep
|turn|12
|
|t:|1654390890
|move|p1a: Regieleki|Volt Switch|p2a: Dragtrio
|-resisted|p2a: Dragtrio
|-end|p2a: Dragtrio|Substitute
|
|t:|1654390892
|switch|p1a: Rotom|Rotom-Wash|71/100|[from]move: Volt Switch
|move|p2a: Dragtrio|Dark Pulse|p1a: Rotom
|-damage|p1a: Rotom|2/100
|-enditem|p1a: Rotom|Aguav Berry|[eat]
|-heal|p1a: Rotom|35/100|[from] item: Aguav Berry
|
|-heal|p2a: Dragtrio|24/100|[from] item: Leftovers
|upkeep
|turn|13
|
|t:|1654390901
|move|p2a: Dragtrio|Dark Pulse|p1a: Rotom
|-damage|p1a: Rotom|0 fnt
|faint|p1a: Rotom
|
|-heal|p2a: Dragtrio|30/100|[from] item: Leftovers
|upkeep
|
|t:|1654390907
|switch|p1a: Regieleki|Regieleki|100/100
|turn|14
|
|t:|1654390910
|switch|p2a: Cyrus|Garchomp, M|100/100
|move|p1a: Regieleki|Volt Switch|p2a: Cyrus
|-immune|p2a: Cyrus
|
|upkeep
|turn|15
|
|t:|1654390916
|switch|p1a: Corviknight|Corviknight, F|100/100
|-ability|p1a: Corviknight|Unnerve
|move|p2a: Cyrus|Swords Dance|p2a: Cyrus
|-boost|p2a: Cyrus|atk|2
|
|upkeep
|turn|16
|
|t:|1654390920
|move|p2a: Cyrus|Stone Edge|p1a: Corviknight
|-damage|p1a: Corviknight|50/100
|-damage|p2a: Cyrus|91/100|[from] item: Life Orb
|move|p1a: Corviknight|Iron Defense|p1a: Corviknight
|-boost|p1a: Corviknight|def|2
|
|-heal|p1a: Corviknight|57/100|[from] item: Leftovers
|upkeep
|turn|17
|
|t:|1654390931
|switch|p2a: Dragtrio|Hydreigon, F, shiny|30/100
|-heal|p2a: Dragtrio|100/100|[from] move: Healing Wish
|move|p1a: Corviknight|Roost|p1a: Corviknight
|-heal|p1a: Corviknight|100/100
|-singleturn|p1a: Corviknight|move: Roost
|
|upkeep
|turn|18
|
|t:|1654390935
|move|p2a: Dragtrio|Substitute|p2a: Dragtrio
|-start|p2a: Dragtrio|Substitute
|-damage|p2a: Dragtrio|76/100
|move|p1a: Corviknight|Body Press|p2a: Dragtrio
|-supereffective|p2a: Dragtrio
|-end|p2a: Dragtrio|Substitute
|
|-heal|p2a: Dragtrio|82/100|[from] item: Leftovers
|upkeep
|turn|19
|
|t:|1654390938
|move|p2a: Dragtrio|Fire Blast|p1a: Corviknight
|-supereffective|p1a: Corviknight
|-damage|p1a: Corviknight|33/100
|move|p1a: Corviknight|Body Press|p2a: Dragtrio
|-supereffective|p2a: Dragtrio
|-damage|p2a: Dragtrio|0 fnt
|faint|p2a: Dragtrio
|
|-heal|p1a: Corviknight|39/100|[from] item: Leftovers
|upkeep
|
|t:|1654390946
|switch|p2a: Caspar|Dragapult, M|100/100
|turn|20
|
|t:|1654390949
|switch|p1a: Kartana|Kartana|100/100 par
|move|p2a: Caspar|Shadow Ball|p1a: Kartana
|-damage|p1a: Kartana|0 fnt
|faint|p1a: Kartana
|
|upkeep
|
|t:|1654390951
|switch|p1a: Regieleki|Regieleki|100/100
|turn|21
|
|t:|1654390953
|move|p2a: Caspar|Shadow Ball|p1a: Regieleki
|-damage|p1a: Regieleki|30/100
|move|p1a: Regieleki|Volt Switch|p2a: Caspar
|-resisted|p2a: Caspar
|-damage|p2a: Caspar|56/100
|
|t:|1654390959
|switch|p1a: Excadrill|Excadrill, M|100/100|[from]move: Volt Switch
|-ability|p1a: Excadrill|Mold Breaker
|
|upkeep
|turn|22
|
|t:|1654390965
|move|p2a: Caspar|Shadow Ball|p1a: Excadrill
|-damage|p1a: Excadrill|54/100
|-unboost|p1a: Excadrill|spd|1
|move|p1a: Excadrill|Iron Head|p2a: Caspar
|-damage|p2a: Caspar|2/100
|
|upkeep
|turn|23
|
|t:|1654390974
|switch|p2a: Barry White|Kommo-o, M|100/100
|switch|p1a: Regieleki|Regieleki|30/100
|
|upkeep
|turn|24
|
|t:|1654390980
|move|p1a: Regieleki|Volt Switch|p2a: Barry White
|-resisted|p2a: Barry White
|-damage|p2a: Barry White|70/100
|
|t:|1654390982
|switch|p1a: Corviknight|Corviknight, F|39/100|[from]move: Volt Switch
|-ability|p1a: Corviknight|Unnerve
|move|p2a: Barry White|Clangorous Soul|p2a: Barry White
|-boost|p2a: Barry White|atk|1
|-boost|p2a: Barry White|def|1
|-boost|p2a: Barry White|spa|1
|-boost|p2a: Barry White|spd|1
|-boost|p2a: Barry White|spe|1
|-damage|p2a: Barry White|37/100
|
|-heal|p2a: Barry White|43/100|[from] item: Leftovers
|-heal|p1a: Corviknight|45/100|[from] item: Leftovers
|upkeep
|turn|25
|
|t:|1654390986
|move|p2a: Barry White|Body Press|p1a: Corviknight
|-damage|p1a: Corviknight|6/100
|move|p1a: Corviknight|Roost|p1a: Corviknight
|-heal|p1a: Corviknight|56/100
|-singleturn|p1a: Corviknight|move: Roost
|
|-heal|p2a: Barry White|49/100|[from] item: Leftovers
|-heal|p1a: Corviknight|62/100|[from] item: Leftovers
|upkeep
|turn|26
|
|t:|1654390992
|move|p2a: Barry White|Clangorous Soul|p2a: Barry White
|-boost|p2a: Barry White|atk|1
|-boost|p2a: Barry White|def|1
|-boost|p2a: Barry White|spa|1
|-boost|p2a: Barry White|spd|1
|-boost|p2a: Barry White|spe|1
|-damage|p2a: Barry White|16/100
|move|p1a: Corviknight|U-turn|p2a: Barry White
|-resisted|p2a: Barry White
|-damage|p2a: Barry White|14/100
|
|t:|1654390998
|switch|p1a: Regieleki|Regieleki|30/100|[from]move: U-turn
|
|-heal|p2a: Barry White|20/100|[from] item: Leftovers
|upkeep
|turn|27
|
|t:|1654391005
|move|p1a: Regieleki|Volt Switch|p2a: Barry White
|-resisted|p2a: Barry White
|-damage|p2a: Barry White|3/100
|
|t:|1654391009
|switch|p1a: Excadrill|Excadrill, M|54/100|[from]move: Volt Switch
|-ability|p1a: Excadrill|Mold Breaker
|move|p2a: Barry White|Body Press|p1a: Excadrill
|-supereffective|p1a: Excadrill
|-damage|p1a: Excadrill|0 fnt
|faint|p1a: Excadrill
|
|-heal|p2a: Barry White|9/100|[from] item: Leftovers
|upkeep
|
|t:|1654391010
|switch|p1a: Regieleki|Regieleki|30/100
|turn|28
|
|t:|1654391015
|move|p1a: Regieleki|Volt Switch|p2a: Barry White
|-resisted|p2a: Barry White
|-damage|p2a: Barry White|0 fnt
|faint|p2a: Barry White
|
|t:|1654391018
|switch|p1a: Corviknight|Corviknight, F|62/100|[from]move: Volt Switch
|-ability|p1a: Corviknight|Unnerve
|
|-heal|p1a: Corviknight|68/100|[from] item: Leftovers
|upkeep
|
|t:|1654391022
|switch|p2a: Caspar|Dragapult, M|2/100
|turn|29
|
|t:|1654391027
|move|p2a: Caspar|Thunderbolt|p1a: Corviknight
|-supereffective|p1a: Corviknight
|-damage|p1a: Corviknight|10/100
|move|p1a: Corviknight|U-turn|p2a: Caspar
|-resisted|p2a: Caspar
|-damage|p2a: Caspar|0 fnt
|faint|p2a: Caspar
|
|t:|1654391030
|switch|p1a: Regieleki|Regieleki|30/100|[from]move: U-turn
|
|upkeep
|
|t:|1654391040
|switch|p2a: The King|Dragonite, F|100/100
|turn|30
|
|t:|1654391043
|move|p1a: Regieleki|Volt Switch|p2a: The King
|-damage|p2a: The King|61/100
|
|t:|1654391046
|switch|p1a: Corviknight|Corviknight, F|10/100|[from]move: Volt Switch
|-ability|p1a: Corviknight|Unnerve
|move|p2a: The King|Dragon Dance|p2a: The King
|-boost|p2a: The King|atk|1
|-boost|p2a: The King|spe|1
|
|-heal|p1a: Corviknight|16/100|[from] item: Leftovers
|upkeep
|turn|31
|
|t:|1654391049
|move|p2a: The King|Waterfall|p1a: Corviknight
|-damage|p1a: Corviknight|0 fnt
|faint|p1a: Corviknight
|
|upkeep
|
|t:|1654391052
|switch|p1a: Regieleki|Regieleki|30/100
|turn|32
|
|t:|1654391055
|move|p2a: The King|Extreme Speed|p1a: Regieleki
|-damage|p1a: Regieleki|0 fnt
|faint|p1a: Regieleki
|
|win|InahaFrost
|raw|maxinyuuu's rating: 1285 &rarr; <strong>1262</strong><br />(-23 for losing)
|raw|InahaFrost's rating: 1315 &rarr; <strong>1333</strong><br />(+18 for winning)
|c|☆InahaFrost|GG
|l|☆maxinyuuu
|c|☆InahaFrost|Regieleki putting in work
