|j|☆PokePowerfull
|j|☆Arcaninesquad
|t:|1629540339
|gametype|singles
|player|p1|PokePowerfull|2|1705
|player|p2|Arcaninesquad|cynthia-gen4|1629
|teamsize|p1|6
|teamsize|p2|6
|gen|8
|tier|[Gen 8] OU
|rated|
|rule|Sleep Clause Mod: Limit one foe put to sleep
|rule|Species Clause: Limit one of each Pokémon
|rule|OHKO Clause: OHKO moves are banned
|rule|Evasion Moves Clause: Evasion moves are banned
|rule|Endless Battle Clause: Forcing endless battles is banned
|rule|HP Percentage Mod: HP is shown in percentages
|rule|Dynamax Clause: You cannot dynamax
|clearpoke
|poke|p1|Melmetal|
|poke|p1|Landorus-Therian, M|
|poke|p1|Vanilluxe, M|
|poke|p1|Dragapult, F|
|poke|p1|Arctozolt|
|poke|p1|Zapdos-Galar|
|poke|p2|Tapu Koko|
|poke|p2|Landorus-Therian, M|
|poke|p2|Slowking, F|
|poke|p2|Heatran, M|
|poke|p2|Weavile, M|
|poke|p2|Skarmory, F|
|teampreview
|inactive|Battle timer is ON: inactive players will automatically lose when time's up. (requested by Arcaninesquad)
|
|t:|1629540352
|start
|switch|p1a: Vanilluxe|Vanilluxe, M|100/100
|switch|p2a: Skarmory|Skarmory, F|100/100
|-weather|Hail|[from] ability: Snow Warning|[of] p1a: Vanilluxe
|turn|1
|
|t:|1629540357
|move|p1a: Vanilluxe|Taunt|p2a: Skarmory
|-start|p2a: Skarmory|move: Taunt
|cant|p2a: Skarmory|move: Taunt|Spikes
|
|-weather|Hail|[upkeep]
|-damage|p2a: Skarmory|95/100|[from] Hail
|upkeep
|turn|2
|j| piled
|
|t:|1629540361
|move|p1a: Vanilluxe|Blizzard|p2a: Skarmory
|-damage|p2a: Skarmory|24/100
|move|p2a: Skarmory|Body Press|p1a: Vanilluxe
|-supereffective|p1a: Vanilluxe
|-damage|p1a: Vanilluxe|14/100
|
|-weather|Hail|[upkeep]
|-damage|p2a: Skarmory|18/100|[from] Hail
|upkeep
|turn|3
|
|t:|1629540367
|switch|p2a: Heatran|Heatran, M|100/100
|move|p1a: Vanilluxe|Blizzard|p2a: Heatran
|-resisted|p2a: Heatran
|-damage|p2a: Heatran|90/100
|
|-weather|Hail|[upkeep]
|-damage|p2a: Heatran|84/100|[from] Hail
|-heal|p2a: Heatran|90/100|[from] item: Leftovers
|upkeep
|turn|4
|
|t:|1629540372
|switch|p1a: Landorus|Landorus-Therian, M|100/100
|-ability|p1a: Landorus|Intimidate|boost
|-unboost|p2a: Heatran|atk|1
|move|p2a: Heatran|Toxic|p1a: Landorus
|-status|p1a: Landorus|tox
|
|-weather|Hail|[upkeep]
|-damage|p2a: Heatran|84/100|[from] Hail
|-damage|p1a: Landorus|94/100 tox|[from] Hail
|-heal|p2a: Heatran|90/100|[from] item: Leftovers
|-damage|p1a: Landorus|88/100 tox|[from] psn
|upkeep
|turn|5
|
|t:|1629540378
|switch|p2a: Skarmory|Skarmory, F|18/100
|move|p1a: Landorus|Stealth Rock|p2a: Skarmory
|-sidestart|p2: Arcaninesquad|move: Stealth Rock
|
|-weather|Hail|[upkeep]
|-damage|p2a: Skarmory|12/100|[from] Hail
|-damage|p1a: Landorus|82/100 tox|[from] Hail
|-damage|p1a: Landorus|70/100 tox|[from] psn
|upkeep
|turn|6
|
|t:|1629540382
|switch|p1a: Zapdos|Zapdos-Galar|100/100
|move|p2a: Skarmory|Roost|p2a: Skarmory
|-heal|p2a: Skarmory|62/100
|-singleturn|p2a: Skarmory|move: Roost
|
|-weather|Hail|[upkeep]
|-damage|p1a: Zapdos|94/100|[from] Hail
|-damage|p2a: Skarmory|56/100|[from] Hail
|-heal|p1a: Zapdos|100/100|[from] item: Leftovers
|upkeep
|turn|7
|
|t:|1629540389
|switch|p2a: Tapu Koko|Tapu Koko|100/100
|-fieldstart|move: Electric Terrain|[from] ability: Electric Surge|[of] p2a: Tapu Koko
|move|p1a: Zapdos|Substitute|p1a: Zapdos
|-start|p1a: Zapdos|Substitute
|-damage|p1a: Zapdos|75/100
|
|-weather|Hail|[upkeep]
|-damage|p2a: Tapu Koko|94/100|[from] Hail
|-damage|p1a: Zapdos|69/100|[from] Hail
|-heal|p1a: Zapdos|75/100|[from] item: Leftovers
|upkeep
|turn|8
|
|t:|1629540395
|move|p2a: Tapu Koko|Thunderbolt|p1a: Zapdos
|-supereffective|p1a: Zapdos
|-end|p1a: Zapdos|Substitute
|move|p1a: Zapdos|Brave Bird|p2a: Tapu Koko
|-resisted|p2a: Tapu Koko
|-damage|p2a: Tapu Koko|51/100
|-damage|p1a: Zapdos|65/100|[from] Recoil
|
|-weather|none
|-heal|p1a: Zapdos|71/100|[from] item: Leftovers
|upkeep
|turn|9
|
|t:|1629540403
|switch|p1a: Vanilluxe|Vanilluxe, M|14/100
|-weather|Hail|[from] ability: Snow Warning|[of] p1a: Vanilluxe
|move|p2a: Tapu Koko|Roost|p2a: Tapu Koko
|-heal|p2a: Tapu Koko|100/100
|-singleturn|p2a: Tapu Koko|move: Roost
|
|-weather|Hail|[upkeep]
|-damage|p2a: Tapu Koko|94/100|[from] Hail
|upkeep
|turn|10
|
|t:|1629540408
|switch|p1a: Landorus|Landorus-Therian, M|70/100 tox
|-ability|p1a: Landorus|Intimidate|boost
|-unboost|p2a: Tapu Koko|atk|1
|move|p2a: Tapu Koko|Dazzling Gleam|p1a: Landorus
|-damage|p1a: Landorus|34/100 tox
|
|-weather|Hail|[upkeep]
|-damage|p2a: Tapu Koko|88/100|[from] Hail
|-damage|p1a: Landorus|28/100 tox|[from] Hail
|-damage|p1a: Landorus|22/100 tox|[from] psn
|upkeep
|turn|11
|
|t:|1629540419
|move|p2a: Tapu Koko|Dazzling Gleam|p1a: Landorus
|-damage|p1a: Landorus|0 fnt
|faint|p1a: Landorus
|
|-weather|Hail|[upkeep]
|-damage|p2a: Tapu Koko|82/100|[from] Hail
|-fieldend|move: Electric Terrain
|upkeep
|
|t:|1629540423
|switch|p1a: Melmetal|Melmetal|100/100
|turn|12
|
|t:|1629540426
|move|p2a: Tapu Koko|U-turn|p1a: Melmetal
|-resisted|p1a: Melmetal
|-damage|p1a: Melmetal|98/100
|
|t:|1629540429
|switch|p2a: Landorus|Landorus-Therian, M|100/100|[from]move: U-turn
|-damage|p2a: Landorus|88/100|[from] Stealth Rock
|-ability|p2a: Landorus|Intimidate|boost
|-unboost|p1a: Melmetal|atk|1
|move|p1a: Melmetal|Thunder Punch|p2a: Landorus
|-immune|p2a: Landorus
|
|-weather|Hail|[upkeep]
|-damage|p2a: Landorus|82/100|[from] Hail
|-damage|p1a: Melmetal|91/100|[from] Hail
|-heal|p2a: Landorus|88/100|[from] item: Leftovers
|-heal|p1a: Melmetal|98/100|[from] item: Leftovers
|upkeep
|turn|13
|
|t:|1629540434
|switch|p1a: Zapdos|Zapdos-Galar|71/100
|move|p2a: Landorus|Earthquake|p1a: Zapdos
|-immune|p1a: Zapdos
|
|-weather|Hail|[upkeep]
|-damage|p2a: Landorus|82/100|[from] Hail
|-damage|p1a: Zapdos|65/100|[from] Hail
|-heal|p2a: Landorus|88/100|[from] item: Leftovers
|-heal|p1a: Zapdos|71/100|[from] item: Leftovers
|upkeep
|turn|14
|
|t:|1629540439
|switch|p2a: Tapu Koko|Tapu Koko|82/100
|-fieldstart|move: Electric Terrain|[from] ability: Electric Surge|[of] p2a: Tapu Koko
|move|p1a: Zapdos|Substitute|p1a: Zapdos
|-start|p1a: Zapdos|Substitute
|-damage|p1a: Zapdos|46/100
|
|-weather|Hail|[upkeep]
|-damage|p2a: Tapu Koko|76/100|[from] Hail
|-damage|p1a: Zapdos|40/100|[from] Hail
|-heal|p1a: Zapdos|46/100|[from] item: Leftovers
|upkeep
|turn|15
|
|t:|1629540446
|move|p2a: Tapu Koko|Thunderbolt|p1a: Zapdos
|-supereffective|p1a: Zapdos
|-end|p1a: Zapdos|Substitute
|move|p1a: Zapdos|Thunderous Kick|p2a: Tapu Koko
|-resisted|p2a: Tapu Koko
|-damage|p2a: Tapu Koko|42/100
|-unboost|p2a: Tapu Koko|def|1
|
|-weather|Hail|[upkeep]
|-damage|p2a: Tapu Koko|36/100|[from] Hail
|-damage|p1a: Zapdos|40/100|[from] Hail
|-heal|p1a: Zapdos|46/100|[from] item: Leftovers
|upkeep
|turn|16
|
|t:|1629540453
|switch|p1a: Dragapult|Dragapult, F|100/100
|move|p2a: Tapu Koko|Thunderbolt|p1a: Dragapult
|-resisted|p1a: Dragapult
|-damage|p1a: Dragapult|65/100
|
|-weather|none
|-heal|p1a: Dragapult|71/100|[from] item: Leftovers
|upkeep
|turn|17
|
|t:|1629540463
|switch|p2a: Landorus|Landorus-Therian, M|88/100
|-damage|p2a: Landorus|76/100|[from] Stealth Rock
|-ability|p2a: Landorus|Intimidate|boost
|-fail|p1a: Dragapult|unboost|[from] ability: Clear Body|[of] p1a: Dragapult
|move|p1a: Dragapult|Dragon Dance|p1a: Dragapult
|-boost|p1a: Dragapult|atk|1
|-boost|p1a: Dragapult|spe|1
|
|-heal|p1a: Dragapult|77/100|[from] item: Leftovers
|-heal|p2a: Landorus|82/100|[from] item: Leftovers
|upkeep
|turn|18
|
|t:|1629540470
|move|p1a: Dragapult|Dragon Darts|p2a: Landorus
|-damage|p2a: Landorus|53/100
|-anim|p1a: Dragapult|Dragon Darts|p2a: Landorus
|-damage|p2a: Landorus|25/100
|move|p2a: Landorus|Earthquake|p1a: Dragapult
|-damage|p1a: Dragapult|13/100
|
|-heal|p1a: Dragapult|19/100|[from] item: Leftovers
|-heal|p2a: Landorus|31/100|[from] item: Leftovers
|-fieldend|move: Electric Terrain
|upkeep
|turn|19
|
|t:|1629540477
|switch|p2a: Tapu Koko|Tapu Koko|36/100
|-fieldstart|move: Electric Terrain|[from] ability: Electric Surge|[of] p2a: Tapu Koko
|move|p1a: Dragapult|Dragon Darts|p2a: Tapu Koko
|-immune|p2a: Tapu Koko
|
|-heal|p1a: Dragapult|25/100|[from] item: Leftovers
|upkeep
|turn|20
|
|t:|1629540484
|move|p1a: Dragapult|Phantom Force||[still]
|-prepare|p1a: Dragapult|Phantom Force
|move|p2a: Tapu Koko|Roost|p2a: Tapu Koko
|-heal|p2a: Tapu Koko|86/100
|-singleturn|p2a: Tapu Koko|move: Roost
|
|-heal|p1a: Dragapult|31/100|[from] item: Leftovers
|upkeep
|turn|21
|
|t:|1629540488
|move|p1a: Dragapult|Phantom Force|p2a: Tapu Koko|[from]lockedmove
|-damage|p2a: Tapu Koko|0 fnt
|faint|p2a: Tapu Koko
|
|-heal|p1a: Dragapult|37/100|[from] item: Leftovers
|upkeep
|
|t:|1629540492
|switch|p2a: Weavile|Weavile, M|100/100
|-ability|p2a: Weavile|Pressure
|turn|22
|
|t:|1629540497
|switch|p1a: Melmetal|Melmetal|98/100
|move|p2a: Weavile|Ice Shard|p1a: Melmetal
|-resisted|p1a: Melmetal
|-damage|p1a: Melmetal|93/100
|
|-heal|p1a: Melmetal|99/100|[from] item: Leftovers
|upkeep
|turn|23
|
|t:|1629540504
|switch|p2a: Skarmory|Skarmory, F|56/100
|-damage|p2a: Skarmory|43/100|[from] Stealth Rock
|switch|p1a: Zapdos|Zapdos-Galar|46/100
|
|-heal|p1a: Zapdos|52/100|[from] item: Leftovers
|-fieldend|move: Electric Terrain
|upkeep
|turn|24
|
|t:|1629540510
|move|p1a: Zapdos|Thunderous Kick|p2a: Skarmory
|-damage|p2a: Skarmory|15/100
|-unboost|p2a: Skarmory|def|1
|-damage|p1a: Zapdos|36/100|[from] item: Rocky Helmet|[of] p2a: Skarmory
|move|p2a: Skarmory|Roost|p2a: Skarmory
|-heal|p2a: Skarmory|65/100
|-singleturn|p2a: Skarmory|move: Roost
|
|-heal|p1a: Zapdos|42/100|[from] item: Leftovers
|upkeep
|turn|25
|
|t:|1629540518
|switch|p2a: Slowking|Slowking, F|100/100
|move|p1a: Zapdos|Thunderous Kick|p2a: Slowking
|-resisted|p2a: Slowking
|-damage|p2a: Slowking|77/100
|-unboost|p2a: Slowking|def|1
|
|-heal|p1a: Zapdos|48/100|[from] item: Leftovers
|upkeep
|turn|26
|
|t:|1629540524
|move|p1a: Zapdos|Brave Bird|p2a: Slowking
|-damage|p2a: Slowking|0 fnt
|faint|p2a: Slowking
|-damage|p1a: Zapdos|22/100|[from] Recoil
|
|-heal|p1a: Zapdos|28/100|[from] item: Leftovers
|upkeep
|
|t:|1629540528
|switch|p2a: Weavile|Weavile, M|100/100
|-ability|p2a: Weavile|Pressure
|turn|27
|
|t:|1629540532
|switch|p1a: Melmetal|Melmetal|99/100
|move|p2a: Weavile|Knock Off|p1a: Melmetal
|-damage|p1a: Melmetal|73/100
|-enditem|p1a: Melmetal|Leftovers|[from] move: Knock Off|[of] p2a: Weavile
|
|upkeep
|turn|28
|
|t:|1629540539
|switch|p2a: Heatran|Heatran, M|90/100
|-damage|p2a: Heatran|78/100|[from] Stealth Rock
|move|p1a: Melmetal|Earthquake|p2a: Heatran
|-supereffective|p2a: Heatran
|-damage|p2a: Heatran|0 fnt
|faint|p2a: Heatran
|
|upkeep
|
|t:|1629540547
|switch|p2a: Landorus|Landorus-Therian, M|31/100
|-damage|p2a: Landorus|19/100|[from] Stealth Rock
|-ability|p2a: Landorus|Intimidate|boost
|-unboost|p1a: Melmetal|atk|1
|turn|29
|
|t:|1629540550
|switch|p1a: Zapdos|Zapdos-Galar|28/100
|move|p2a: Landorus|Stealth Rock|p1a: Zapdos
|-sidestart|p1: PokePowerfull|move: Stealth Rock
|
|-heal|p2a: Landorus|25/100|[from] item: Leftovers
|-heal|p1a: Zapdos|35/100|[from] item: Leftovers
|upkeep
|turn|30
|
|t:|1629540557
|move|p2a: Landorus|U-turn|p1a: Zapdos
|-resisted|p1a: Zapdos
|-damage|p1a: Zapdos|29/100
|
|t:|1629540560
|switch|p2a: Skarmory|Skarmory, F|65/100|[from]move: U-turn
|-damage|p2a: Skarmory|53/100|[from] Stealth Rock
|move|p1a: Zapdos|Brave Bird|p2a: Skarmory
|-resisted|p2a: Skarmory
|-damage|p2a: Skarmory|35/100
|-damage|p1a: Zapdos|12/100|[from] item: Rocky Helmet|[of] p2a: Skarmory
|-damage|p1a: Zapdos|7/100|[from] Recoil
|
|-heal|p1a: Zapdos|13/100|[from] item: Leftovers
|upkeep
|turn|31
|
|t:|1629540564
|move|p1a: Zapdos|Thunderous Kick|p2a: Skarmory
|-damage|p2a: Skarmory|4/100
|-unboost|p2a: Skarmory|def|1
|-damage|p1a: Zapdos|0 fnt|[from] item: Rocky Helmet|[of] p2a: Skarmory
|faint|p1a: Zapdos
|move|p2a: Skarmory|Body Press|p1: Zapdos|[notarget]
|-fail|p2a: Skarmory
|
|upkeep
|
|t:|1629540574
|switch|p1a: Dragapult|Dragapult, F|37/100
|-damage|p1a: Dragapult|25/100|[from] Stealth Rock
|turn|32
|
|t:|1629540580
|move|p1a: Dragapult|Dragon Darts|p2a: Skarmory
|-resisted|p2a: Skarmory
|-damage|p2a: Skarmory|0 fnt
|faint|p2a: Skarmory
|
|-heal|p1a: Dragapult|31/100|[from] item: Leftovers
|upkeep
|
|t:|1629540582
|switch|p2a: Weavile|Weavile, M|100/100
|-ability|p2a: Weavile|Pressure
|turn|33
|
|t:|1629540595
|switch|p1a: Vanilluxe|Vanilluxe, M|14/100
|-damage|p1a: Vanilluxe|0 fnt|[from] Stealth Rock
|faint|p1a: Vanilluxe
|switch|p2a: Landorus|Landorus-Therian, M|25/100
|-damage|p2a: Landorus|13/100|[from] Stealth Rock
|
|-heal|p2a: Landorus|19/100|[from] item: Leftovers
|upkeep
|
|t:|1629540600
|switch|p1a: Dragapult|Dragapult, F|31/100
|-damage|p1a: Dragapult|18/100|[from] Stealth Rock
|turn|34
|
|t:|1629540603
|switch|p2a: Weavile|Weavile, M|100/100
|-ability|p2a: Weavile|Pressure
|move|p1a: Dragapult|Dragon Darts|p2a: Weavile
|-damage|p2a: Weavile|54/100
|-anim|p1a: Dragapult|Dragon Darts|p2a: Weavile
|-damage|p2a: Weavile|5/100
|
|-heal|p1a: Dragapult|24/100|[from] item: Leftovers
|upkeep
|turn|35
|
|t:|1629540613
|switch|p1a: Arctozolt|Arctozolt|100/100
|move|p2a: Weavile|Ice Shard|p1a: Arctozolt
|-resisted|p1a: Arctozolt
|-crit|p1a: Arctozolt
|-damage|p1a: Arctozolt|84/100
|
|upkeep
|turn|36
|
|t:|1629540619
|move|p2a: Weavile|Knock Off|p1a: Arctozolt
|-damage|p1a: Arctozolt|30/100
|-enditem|p1a: Arctozolt|Heavy-Duty Boots|[from] move: Knock Off|[of] p2a: Weavile
|move|p1a: Arctozolt|Freeze-Dry|p2a: Weavile
|-resisted|p2a: Weavile
|-damage|p2a: Weavile|0 fnt
|faint|p2a: Weavile
|
|upkeep
|
|t:|1629540624
|switch|p2a: Landorus|Landorus-Therian, M|19/100
|-damage|p2a: Landorus|6/100|[from] Stealth Rock
|-ability|p2a: Landorus|Intimidate|boost
|-unboost|p1a: Arctozolt|atk|1
|turn|37
|
|t:|1629540627
|move|p2a: Landorus|Earthquake|p1a: Arctozolt
|-supereffective|p1a: Arctozolt
|-damage|p1a: Arctozolt|0 fnt
|faint|p1a: Arctozolt
|
|-heal|p2a: Landorus|12/100|[from] item: Leftovers
|upkeep
|
|t:|1629540631
|switch|p1a: Dragapult|Dragapult, F|24/100
|-damage|p1a: Dragapult|12/100|[from] Stealth Rock
|turn|38
|
|t:|1629540646
|move|p1a: Dragapult|Phantom Force||[still]
|-prepare|p1a: Dragapult|Phantom Force
|move|p2a: Landorus|Earthquake|p1a: Dragapult|[miss]
|-miss|p2a: Landorus|p1a: Dragapult
|
|-heal|p1a: Dragapult|18/100|[from] item: Leftovers
|-heal|p2a: Landorus|18/100|[from] item: Leftovers
|upkeep
|turn|39
|
|t:|1629540649
|move|p1a: Dragapult|Phantom Force|p2a: Landorus|[from]lockedmove
|-damage|p2a: Landorus|0 fnt
|faint|p2a: Landorus
|
|win|PokePowerfull
|raw|PokePowerfull's rating: 1705 &rarr; <strong>1721</strong><br />(+16 for winning)
|raw|Arcaninesquad's rating: 1629 &rarr; <strong>1613</strong><br />(-16 for losing)
|l|☆PokePowerfull
|l|☆Arcaninesquad
|j|☆PokePowerfull
|player|p1|PokePowerfull|2
|l|☆PokePowerfull
|player|p1|
|l| piled
