|j|☆analysis geek
|j|☆JoJo321
|player|p1|analysis geek|red|1524
|player|p2|JoJo321|266|1523
|teamsize|p1|6
|teamsize|p2|6
|gametype|singles
|gen|8
|tier|[Gen 8] OU
|rated|
|clearpoke
|poke|p1|Kommo-o, F|
|poke|p1|Corviknight, M|
|poke|p1|Seismitoad, F|
|poke|p1|Rotom-Heat|
|poke|p1|Gengar, M|
|poke|p1|Clefable, F|
|poke|p2|Crustle, M|
|poke|p2|Weavile, M|
|poke|p2|Duraludon, F|
|poke|p2|Braviary, M|
|poke|p2|Whimsicott, M|
|poke|p2|Weezing-Galar, M|
|rule|Sleep Clause Mod: Limit one foe put to sleep
|rule|Species Clause: Limit one of each Pokémon
|rule|OHKO Clause: OHKO moves are banned
|rule|Evasion Moves Clause: Evasion moves are banned
|rule|Endless Battle Clause: Forcing endless battles is banned
|rule|HP Percentage Mod: HP is shown in percentages
|rule|Dynamax Clause: You cannot dynamax
|teampreview
|
|start
|switch|p1a: Seismitoad|Seismitoad, F|100/100
|switch|p2a: Crustle|Crustle, M|100/100
|turn|1
|
|move|p2a: Crustle|Stealth Rock|p1a: Seismitoad
|-sidestart|p1: analysis geek|move: Stealth Rock
|move|p1a: Seismitoad|Scald|p2a: Crustle
|-supereffective|p2a: Crustle
|-damage|p2a: Crustle|24/100
|-status|p2a: Crustle|brn
|
|-damage|p2a: Crustle|18/100 brn|[from] brn
|upkeep
|turn|2
|
|move|p2a: Crustle|Knock Off|p1a: Seismitoad
|-damage|p1a: Seismitoad|91/100
|-enditem|p1a: Seismitoad|Leftovers|[from] move: Knock Off|[of] p2a: Crustle
|move|p1a: Seismitoad|Stealth Rock|p2a: Crustle
|-sidestart|p2: JoJo321|move: Stealth Rock
|
|-damage|p2a: Crustle|12/100 brn|[from] brn
|upkeep
|turn|3
|
|move|p2a: Crustle|Spikes|p1a: Seismitoad
|-sidestart|p1: analysis geek|Spikes
|move|p1a: Seismitoad|Scald|p2a: Crustle
|-supereffective|p2a: Crustle
|-damage|p2a: Crustle|0 fnt
|faint|p2a: Crustle
|
|upkeep
|
|switch|p2a: Whimsicott|Whimsicott, M|100/100
|-damage|p2a: Whimsicott|88/100|[from] Stealth Rock
|turn|4
|
|switch|p1a: Rotom|Rotom-Heat|100/100
|-damage|p1a: Rotom|76/100|[from] Stealth Rock
|move|p2a: Whimsicott|Moonblast|p1a: Rotom
|-resisted|p1a: Rotom
|-damage|p1a: Rotom|43/100
|-damage|p2a: Whimsicott|78/100|[from] item: Life Orb
|
|upkeep
|turn|5
|
|move|p1a: Rotom|Volt Switch|p2a: Whimsicott
|-resisted|p2a: Whimsicott
|-damage|p2a: Whimsicott|54/100
|
|switch|p1a: Corviknight|Corviknight, M|100/100|[from]move: Volt Switch
|-damage|p1a: Corviknight|88/100|[from] Stealth Rock
|-ability|p1a: Corviknight|Pressure
|move|p2a: Whimsicott|Psychic|p1a: Corviknight
|-resisted|p1a: Corviknight
|-damage|p1a: Corviknight|77/100
|-damage|p2a: Whimsicott|44/100|[from] item: Life Orb
|
|-heal|p1a: Corviknight|83/100|[from] item: Leftovers
|upkeep
|turn|6
|
|switch|p2a: Duraludon|Duraludon, F|100/100
|-damage|p2a: Duraludon|94/100|[from] Stealth Rock
|move|p1a: Corviknight|Defog|p2a: Duraludon
|-unboost|p2a: Duraludon|evasion|1
|-sideend|p2: JoJo321|Stealth Rock|[from] move: Defog|[of] p1a: Corviknight
|-sideend|p1: analysis geek|Spikes|[from] move: Defog|[of] p1a: Corviknight
|-sideend|p1: analysis geek|Stealth Rock|[from] move: Defog|[of] p1a: Corviknight
|
|-heal|p1a: Corviknight|89/100|[from] item: Leftovers
|upkeep
|turn|7
|
|switch|p1a: Seismitoad|Seismitoad, F|91/100
|move|p2a: Duraludon|Thunderbolt|p1a: Seismitoad
|-immune|p1a: Seismitoad
|
|upkeep
|turn|8
|-message|JoJo321 forfeited.
|
|win|analysis geek
|l|☆JoJo321
|raw|analysis geek's rating: 1541 &rarr; <strong>1559</strong><br />(+18 for winning)
|raw|JoJo321's rating: 1506 &rarr; <strong>1488</strong><br />(-18 for losing)
