|raw|<div class="broadcast-blue"><strong>This battle is required to be public due to a player having a name starting with 'lt92pf'.</div>
|j|☆LT92PF fardin
|j|☆j_albacino023
|t:|1659997624
|gametype|singles
|player|p1|LT92PF fardin|101|1868
|player|p2|j_albacino023|265|1906
|teamsize|p1|6
|teamsize|p2|6
|gen|8
|tier|[Gen 8] OU
|rated|
|rule|Sleep Clause Mod: Limit one foe put to sleep
|rule|Species Clause: Limit one of each Pokémon
|rule|OHKO Clause: OHKO moves are banned
|rule|Evasion Items Clause: Evasion items are banned
|rule|Evasion Moves Clause: Evasion moves are banned
|rule|Endless Battle Clause: Forcing endless battles is banned
|rule|HP Percentage Mod: HP is shown in percentages
|rule|Dynamax Clause: You cannot dynamax
|clearpoke
|poke|p1|Cresselia, F|
|poke|p1|Clefable, F|
|poke|p1|Quagsire, F|
|poke|p1|Skarmory, F|
|poke|p1|Zapdos|
|poke|p1|Toxapex, M|
|poke|p2|Ferrothorn, F|
|poke|p2|Rotom-Wash|
|poke|p2|Tyranitar, F|
|poke|p2|Excadrill, F|
|poke|p2|Clefable, F|
|poke|p2|Dragapult, M|
|teampreview
|inactive|Battle timer is ON: inactive players will automatically lose when time's up. (requested by LT92PF fardin)
|
|t:|1659997639
|start
|switch|p1a: Clefable|Clefable, F|100/100
|switch|p2a: Rotom|Rotom-Wash|100/100
|turn|1
|
|t:|1659997641
|move|p2a: Rotom|Volt Switch|p1a: Clefable
|-damage|p1a: Clefable|79/100
|
|t:|1659997643
|switch|p2a: Clefable|Clefable, F|100/100|[from]move: Volt Switch
|move|p1a: Clefable|Knock Off|p2a: Clefable
|-resisted|p2a: Clefable
|-damage|p2a: Clefable|95/100
|-enditem|p2a: Clefable|Rocky Helmet|[from] move: Knock Off|[of] p1a: Clefable
|
|upkeep
|turn|2
|
|t:|1659997646
|move|p1a: Clefable|Stealth Rock|p2a: Clefable
|-sidestart|p2: j_albacino023|move: Stealth Rock
|move|p2a: Clefable|Knock Off|p1a: Clefable
|-resisted|p1a: Clefable
|-damage|p1a: Clefable|73/100
|
|upkeep
|turn|3
|
|t:|1659997650
|move|p1a: Clefable|Soft-Boiled|p1a: Clefable
|-heal|p1a: Clefable|100/100
|move|p2a: Clefable|Stealth Rock|p1a: Clefable
|-sidestart|p1: LT92PF fardin|move: Stealth Rock
|
|upkeep
|turn|4
|
|t:|1659997652
|switch|p1a: Toxapex|Toxapex, M|100/100
|-damage|p1a: Toxapex|88/100|[from] Stealth Rock
|move|p2a: Clefable|Moonblast|p1a: Toxapex
|-resisted|p1a: Toxapex
|-damage|p1a: Toxapex|78/100
|
|upkeep
|turn|5
|j| LT91BB Ox
|
|t:|1659997655
|switch|p2a: Rotom|Rotom-Wash|100/100
|-damage|p2a: Rotom|88/100|[from] Stealth Rock
|move|p1a: Toxapex|Toxic Spikes|p2a: Rotom
|-sidestart|p2: j_albacino023|move: Toxic Spikes
|
|-heal|p2a: Rotom|94/100|[from] item: Leftovers
|upkeep
|turn|6
|
|t:|1659997658
|move|p2a: Rotom|Volt Switch|p1a: Toxapex
|-supereffective|p1a: Toxapex
|-damage|p1a: Toxapex|44/100
|
|t:|1659997660
|switch|p2a: Clefable|Clefable, F|95/100|[from]move: Volt Switch
|-status|p2a: Clefable|psn
|move|p1a: Toxapex|Knock Off|p2a: Clefable
|-resisted|p2a: Clefable
|-damage|p2a: Clefable|89/100 psn
|-enditem|p2a: Clefable|Sticky Barb|[from] move: Knock Off|[of] p1a: Toxapex
|
|upkeep
|turn|7
|
|t:|1659997674
|move|p2a: Clefable|Knock Off|p1a: Toxapex
|-damage|p1a: Toxapex|32/100
|-enditem|p1a: Toxapex|Shed Shell|[from] move: Knock Off|[of] p2a: Clefable
|move|p1a: Toxapex|Recover|p1a: Toxapex
|-heal|p1a: Toxapex|82/100
|
|upkeep
|turn|8
|
|t:|1659997679
|move|p2a: Clefable|Knock Off|p1a: Toxapex
|-damage|p1a: Toxapex|73/100
|move|p1a: Toxapex|Haze|p1a: Toxapex
|-clearallboost
|
|upkeep
|turn|9
|
|t:|1659997683
|move|p2a: Clefable|Moonblast|p1a: Toxapex
|-resisted|p1a: Toxapex
|-damage|p1a: Toxapex|64/100
|move|p1a: Toxapex|Knock Off|p2a: Clefable
|-resisted|p2a: Clefable
|-damage|p2a: Clefable|85/100 psn
|
|upkeep
|turn|10
|j|+WSun1 ❤
|j| Lt92pf addicted
|
|t:|1659997687
|move|p2a: Clefable|Knock Off|p1a: Toxapex
|-damage|p1a: Toxapex|55/100
|move|p1a: Toxapex|Haze|p1a: Toxapex
|-clearallboost
|
|upkeep
|turn|11
|j| MARSANDBACK
|
|t:|1659997697
|move|p2a: Clefable|Knock Off|p1a: Toxapex
|-damage|p1a: Toxapex|47/100
|move|p1a: Toxapex|Knock Off|p2a: Clefable
|-resisted|p2a: Clefable
|-damage|p2a: Clefable|81/100 psn
|
|upkeep
|turn|12
|inactive|LT92PF fardin has 120 seconds left.
|j|+Icemaster
|
|t:|1659997754
|switch|p2a: Rotom|Rotom-Wash|94/100
|-damage|p2a: Rotom|82/100|[from] Stealth Rock
|move|p1a: Toxapex|Knock Off|p2a: Rotom
|-damage|p2a: Rotom|66/100
|-enditem|p2a: Rotom|Leftovers|[from] move: Knock Off|[of] p1a: Toxapex
|
|upkeep
|turn|13
|n| when it shutdown|marsandback
|j| LT92PF Ayt
|l| LT92PF Ayt
|
|t:|1659997783
|move|p2a: Rotom|Volt Switch|p1a: Toxapex
|-supereffective|p1a: Toxapex
|-damage|p1a: Toxapex|15/100
|
|t:|1659997785
|switch|p2a: Clefable|Clefable, F|81/100 psn|[from]move: Volt Switch
|move|p1a: Toxapex|Recover|p1a: Toxapex
|-heal|p1a: Toxapex|66/100
|
|upkeep
|turn|14
|
|t:|1659997791
|switch|p2a: Rotom|Rotom-Wash|66/100
|-damage|p2a: Rotom|53/100|[from] Stealth Rock
|move|p1a: Toxapex|Haze|p1a: Toxapex
|-clearallboost
|
|upkeep
|turn|15
|
|t:|1659997798
|switch|p1a: Clefable|Clefable, F|100/100
|move|p2a: Rotom|Volt Switch|p1a: Clefable
|-damage|p1a: Clefable|77/100
|
|t:|1659997807
|switch|p2a: Excadrill|Excadrill, F|100/100|[from]move: Volt Switch
|-damage|p2a: Excadrill|97/100|[from] Stealth Rock
|
|-heal|p2a: Excadrill|100/100|[from] item: Leftovers
|upkeep
|turn|16
|inactive|LT92PF fardin has 120 seconds left.
|
|t:|1659997823
|switch|p1a: Quagsire|Quagsire, F|100/100
|-damage|p1a: Quagsire|94/100|[from] Stealth Rock
|move|p2a: Excadrill|Rapid Spin|p1a: Quagsire
|-damage|p1a: Quagsire|81/100
|-boost|p2a: Excadrill|spe|1
|-sideend|p2: j_albacino023|Toxic Spikes|[from] move: Rapid Spin|[of] p2a: Excadrill
|-sideend|p2: j_albacino023|Stealth Rock|[from] move: Rapid Spin|[of] p2a: Excadrill
|
|-heal|p1a: Quagsire|87/100|[from] item: Leftovers
|upkeep
|turn|17
|j| isudbhfahsb
|
|t:|1659997831
|switch|p2a: Clefable|Clefable, F|81/100 psn
|switch|p1a: Clefable|Clefable, F|77/100
|
|upkeep
|turn|18
|j| k_4shawn
|
|t:|1659997835
|switch|p2a: Excadrill|Excadrill, F|100/100
|move|p1a: Clefable|Stealth Rock|p2a: Excadrill
|-sidestart|p2: j_albacino023|move: Stealth Rock
|
|upkeep
|turn|19
|
|t:|1659997841
|switch|p1a: Quagsire|Quagsire, F|87/100
|-damage|p1a: Quagsire|81/100|[from] Stealth Rock
|move|p2a: Excadrill|Iron Head|p1a: Quagsire
|-resisted|p1a: Quagsire
|-damage|p1a: Quagsire|66/100
|
|-heal|p1a: Quagsire|73/100|[from] item: Leftovers
|upkeep
|turn|20
|
|t:|1659997849
|switch|p2a: Clefable|Clefable, F|81/100 psn
|move|p1a: Quagsire|Scald|p2a: Clefable
|-damage|p2a: Clefable|64/100 psn
|
|-heal|p1a: Quagsire|79/100|[from] item: Leftovers
|upkeep
|turn|21
|
|t:|1659997856
|switch|p1a: Toxapex|Toxapex, M|99/100
|-damage|p1a: Toxapex|87/100|[from] Stealth Rock
|move|p2a: Clefable|Moonblast|p1a: Toxapex
|-resisted|p1a: Toxapex
|-damage|p1a: Toxapex|77/100
|-unboost|p1a: Toxapex|spa|1
|
|upkeep
|turn|22
|
|t:|1659997859
|move|p2a: Clefable|Knock Off|p1a: Toxapex
|-damage|p1a: Toxapex|69/100
|move|p1a: Toxapex|Haze|p1a: Toxapex
|-clearallboost
|
|upkeep
|turn|23
|
|t:|1659997864
|move|p2a: Clefable|Knock Off|p1a: Toxapex
|-damage|p1a: Toxapex|61/100
|move|p1a: Toxapex|Haze|p1a: Toxapex
|-clearallboost
|
|upkeep
|turn|24
|
|t:|1659997867
|switch|p1a: Clefable|Clefable, F|77/100
|move|p2a: Clefable|Knock Off|p1a: Clefable
|-resisted|p1a: Clefable
|-damage|p1a: Clefable|73/100
|
|upkeep
|turn|25
|l| k_4shawn
|j| Kate
|
|t:|1659997869
|move|p1a: Clefable|Moonblast|p2a: Clefable
|-damage|p2a: Clefable|34/100 psn
|move|p2a: Clefable|Moonblast|p1a: Clefable
|-damage|p1a: Clefable|42/100
|
|upkeep
|turn|26
|
|t:|1659997871
|move|p1a: Clefable|Moonblast|p2a: Clefable
|-damage|p2a: Clefable|6/100 psn
|move|p2a: Clefable|Soft-Boiled|p2a: Clefable
|-heal|p2a: Clefable|56/100 psn
|
|upkeep
|turn|27
|
|t:|1659997874
|move|p1a: Clefable|Moonblast|p2a: Clefable
|-damage|p2a: Clefable|24/100 psn
|move|p2a: Clefable|Soft-Boiled|p2a: Clefable
|-heal|p2a: Clefable|74/100 psn
|
|upkeep
|turn|28
|
|t:|1659997876
|move|p1a: Clefable|Soft-Boiled|p1a: Clefable
|-heal|p1a: Clefable|92/100
|move|p2a: Clefable|Moonblast|p1a: Clefable
|-damage|p1a: Clefable|60/100
|-unboost|p1a: Clefable|spa|1
|
|upkeep
|turn|29
|
|t:|1659997880
|switch|p1a: Toxapex|Toxapex, M|95/100
|-damage|p1a: Toxapex|82/100|[from] Stealth Rock
|move|p2a: Clefable|Moonblast|p1a: Toxapex
|-resisted|p1a: Toxapex
|-damage|p1a: Toxapex|73/100
|
|upkeep
|turn|30
|l| Kate
|inactive|LT92PF fardin has 120 seconds left.
|
|t:|1659997911
|move|p2a: Clefable|Knock Off|p1a: Toxapex
|-damage|p1a: Toxapex|65/100
|move|p1a: Toxapex|Haze|p1a: Toxapex
|-clearallboost
|
|upkeep
|turn|31
|
|t:|1659997913
|move|p2a: Clefable|Knock Off|p1a: Toxapex
|-damage|p1a: Toxapex|56/100
|move|p1a: Toxapex|Haze|p1a: Toxapex
|-clearallboost
|
|upkeep
|turn|32
|
|t:|1659997931
|switch|p2a: Rotom|Rotom-Wash|53/100
|-damage|p2a: Rotom|41/100|[from] Stealth Rock
|move|p1a: Toxapex|Haze|p1a: Toxapex
|-clearallboost
|
|upkeep
|turn|33
|
|t:|1659997936
|switch|p1a: Clefable|Clefable, F|60/100
|move|p2a: Rotom|Volt Switch|p1a: Clefable
|-damage|p1a: Clefable|38/100
|
|t:|1659997943
|switch|p2a: Dragapult|Dragapult, M|100/100|[from]move: Volt Switch
|-damage|p2a: Dragapult|88/100|[from] Stealth Rock
|
|upkeep
|turn|34
|
|t:|1659997946
|switch|p1a: Toxapex|Toxapex, M|90/100
|-damage|p1a: Toxapex|77/100|[from] Stealth Rock
|move|p2a: Dragapult|Shadow Ball|p1a: Toxapex
|-damage|p1a: Toxapex|42/100
|
|upkeep
|turn|35
|j| un nouveau depart.
|
|t:|1659997950
|switch|p2a: Rotom|Rotom-Wash|41/100
|-damage|p2a: Rotom|28/100|[from] Stealth Rock
|move|p1a: Toxapex|Knock Off|p2a: Rotom
|-damage|p2a: Rotom|18/100
|
|upkeep
|turn|36
|j| Casual❊dot❊exe
|
|t:|1659997962
|move|p2a: Rotom|Pain Split|p1a: Toxapex
|-sethp|p1a: Toxapex|30/100|[from] move: Pain Split|[silent]
|-sethp|p2a: Rotom|30/100|[from] move: Pain Split
|move|p1a: Toxapex|Recover|p1a: Toxapex
|-heal|p1a: Toxapex|80/100
|
|upkeep
|turn|37
|
|t:|1659997966
|move|p2a: Rotom|Volt Switch|p1a: Toxapex
|-supereffective|p1a: Toxapex
|-damage|p1a: Toxapex|48/100
|
|t:|1659997968
|switch|p2a: Clefable|Clefable, F|74/100 psn|[from]move: Volt Switch
|move|p1a: Toxapex|Toxic Spikes|p2a: Clefable
|-sidestart|p2: j_albacino023|move: Toxic Spikes
|
|upkeep
|turn|38
|
|t:|1659997977
|move|p2a: Clefable|Moonblast|p1a: Toxapex
|-resisted|p1a: Toxapex
|-damage|p1a: Toxapex|37/100
|-unboost|p1a: Toxapex|spa|1
|move|p1a: Toxapex|Haze|p1a: Toxapex
|-clearallboost
|
|upkeep
|turn|39
|j| leflop lamess
|j| Ske
|
|t:|1659997981
|switch|p1a: Clefable|Clefable, F|38/100
|move|p2a: Clefable|Moonblast|p1a: Clefable
|-damage|p1a: Clefable|10/100
|
|upkeep
|turn|40
|
|t:|1659997984
|move|p1a: Clefable|Soft-Boiled|p1a: Clefable
|-heal|p1a: Clefable|60/100
|move|p2a: Clefable|Moonblast|p1a: Clefable
|-damage|p1a: Clefable|32/100
|
|upkeep
|turn|41
|
|t:|1659997987
|switch|p2a: Excadrill|Excadrill, F|100/100
|-damage|p2a: Excadrill|97/100|[from] Stealth Rock
|move|p1a: Clefable|Soft-Boiled|p1a: Clefable
|-heal|p1a: Clefable|82/100
|
|-heal|p2a: Excadrill|100/100|[from] item: Leftovers
|upkeep
|turn|42
|
|t:|1659997990
|switch|p1a: Quagsire|Quagsire, F|79/100
|-damage|p1a: Quagsire|73/100|[from] Stealth Rock
|move|p2a: Excadrill|Rapid Spin|p1a: Quagsire
|-damage|p1a: Quagsire|59/100
|-boost|p2a: Excadrill|spe|1
|-sideend|p2: j_albacino023|Toxic Spikes|[from] move: Rapid Spin|[of] p2a: Excadrill
|-sideend|p2: j_albacino023|Stealth Rock|[from] move: Rapid Spin|[of] p2a: Excadrill
|
|-heal|p1a: Quagsire|65/100|[from] item: Leftovers
|upkeep
|turn|43
|
|t:|1659997996
|switch|p2a: Clefable|Clefable, F|74/100 psn
|move|p1a: Quagsire|Recover|p1a: Quagsire
|-heal|p1a: Quagsire|100/100
|
|upkeep
|turn|44
|c| Ske|*evil laughter
|
|t:|1659998004
|switch|p2a: Rotom|Rotom-Wash|30/100
|move|p1a: Quagsire|Earthquake|p2a: Rotom
|-immune|p2a: Rotom|[from] ability: Levitate
|
|upkeep
|turn|45
|
|t:|1659998008
|switch|p2a: Clefable|Clefable, F|74/100 psn
|switch|p1a: Clefable|Clefable, F|82/100
|
|upkeep
|turn|46
|
|t:|1659998017
|switch|p2a: Rotom|Rotom-Wash|30/100
|move|p1a: Clefable|Stealth Rock|p2a: Rotom
|-sidestart|p2: j_albacino023|move: Stealth Rock
|
|upkeep
|turn|47
|inactive|LT92PF fardin has 120 seconds left.
|j| AirOneee
|inactive|LT92PF fardin has 90 seconds left.
|
|t:|1659998094
|switch|p1a: Toxapex|Toxapex, M|71/100
|-damage|p1a: Toxapex|59/100|[from] Stealth Rock
|move|p2a: Rotom|Pain Split|p1a: Toxapex
|-sethp|p1a: Toxapex|44/100|[from] move: Pain Split|[silent]
|-sethp|p2a: Rotom|44/100|[from] move: Pain Split
|
|upkeep
|turn|48
|
|t:|1659998098
|move|p2a: Rotom|Volt Switch|p1a: Toxapex
|-supereffective|p1a: Toxapex
|-damage|p1a: Toxapex|10/100
|
|t:|1659998109
|switch|p2a: Clefable|Clefable, F|74/100 psn|[from]move: Volt Switch
|move|p1a: Toxapex|Recover|p1a: Toxapex
|-heal|p1a: Toxapex|60/100
|
|upkeep
|turn|49
|j| Pokemh
|inactive|LT92PF fardin has 90 seconds left.
|
|t:|1659998129
|switch|p2a: Rotom|Rotom-Wash|44/100
|-damage|p2a: Rotom|31/100|[from] Stealth Rock
|move|p1a: Toxapex|Haze|p1a: Toxapex
|-clearallboost
|
|upkeep
|turn|50
|
|t:|1659998137
|switch|p1a: Zapdos|Zapdos|100/100
|-ability|p1a: Zapdos|Pressure
|move|p2a: Rotom|Pain Split|p1a: Zapdos
|-sethp|p1a: Zapdos|63/100|[from] move: Pain Split|[silent]
|-sethp|p2a: Rotom|79/100|[from] move: Pain Split
|
|upkeep
|turn|51
|
|t:|1659998141
|switch|p2a: Clefable|Clefable, F|74/100 psn
|move|p1a: Zapdos|Toxic||[still]
|-fail|p1a: Zapdos
|
|upkeep
|turn|52
|
|t:|1659998143
|move|p1a: Zapdos|Volt Switch|p2a: Clefable
|-damage|p2a: Clefable|45/100 psn
|
|t:|1659998145
|switch|p1a: Toxapex|Toxapex, M|93/100|[from]move: Volt Switch
|-damage|p1a: Toxapex|81/100|[from] Stealth Rock
|move|p2a: Clefable|Knock Off|p1a: Toxapex
|-damage|p1a: Toxapex|73/100
|
|upkeep
|turn|53
|
|t:|1659998148
|switch|p1a: Zapdos|Zapdos|63/100
|-ability|p1a: Zapdos|Pressure
|move|p2a: Clefable|Soft-Boiled|p2a: Clefable
|-heal|p2a: Clefable|95/100 psn
|
|upkeep
|turn|54
|
|t:|1659998150
|move|p1a: Zapdos|Volt Switch|p2a: Clefable
|-damage|p2a: Clefable|66/100 psn
|
|t:|1659998151
|switch|p1a: Toxapex|Toxapex, M|100/100|[from]move: Volt Switch
|-damage|p1a: Toxapex|88/100|[from] Stealth Rock
|move|p2a: Clefable|Knock Off|p1a: Toxapex
|-damage|p1a: Toxapex|80/100
|
|upkeep
|turn|55
|
|t:|1659998153
|move|p2a: Clefable|Soft-Boiled|p2a: Clefable
|-heal|p2a: Clefable|100/100 psn
|move|p1a: Toxapex|Haze|p1a: Toxapex
|-clearallboost
|
|upkeep
|turn|56
|j| LT91BB Dally
|
|t:|1659998156
|switch|p2a: Rotom|Rotom-Wash|79/100
|-damage|p2a: Rotom|66/100|[from] Stealth Rock
|move|p1a: Toxapex|Haze|p1a: Toxapex
|-clearallboost
|
|upkeep
|turn|57
|
|t:|1659998159
|move|p2a: Rotom|Volt Switch|p1a: Toxapex
|-supereffective|p1a: Toxapex
|-damage|p1a: Toxapex|50/100
|l| AirOneee
|
|t:|1659998162
|switch|p2a: Clefable|Clefable, F|100/100 psn|[from]move: Volt Switch
|move|p1a: Toxapex|Knock Off|p2a: Clefable
|-resisted|p2a: Clefable
|-crit|p2a: Clefable
|-damage|p2a: Clefable|94/100 psn
|
|upkeep
|turn|58
|j| ABigBallOfFat
|inactive|LT92PF fardin has 120 seconds left.
|
|t:|1659998196
|move|p2a: Clefable|Knock Off|p1a: Toxapex
|-damage|p1a: Toxapex|41/100
|move|p1a: Toxapex|Knock Off|p2a: Clefable
|-resisted|p2a: Clefable
|-damage|p2a: Clefable|90/100 psn
|
|upkeep
|turn|59
|
|t:|1659998205
|switch|p2a: Rotom|Rotom-Wash|66/100
|-damage|p2a: Rotom|54/100|[from] Stealth Rock
|move|p1a: Toxapex|Recover|p1a: Toxapex
|-heal|p1a: Toxapex|91/100
|
|upkeep
|turn|60
|j|%Seldanna
|l|%Seldanna
|inactive|LT92PF fardin has 120 seconds left.
|j| HereForFrens
|j| fairy gods
|l| fairy gods
|inactive|LT92PF fardin has 90 seconds left.
|l| LT91BB Ox
|c| LT91BB Dally|Auto lose to blacephalon
|j| Kate
|
|t:|1659998279
|move|p2a: Rotom|Volt Switch|p1a: Toxapex
|-supereffective|p1a: Toxapex
|-damage|p1a: Toxapex|59/100
|j| Mowatia
|l| Kate
|c| Mowatia|https://media.discordapp.net/attachments/956806846834941985/1005206015282782218/6p1pu1.gif
|c|☆LT92PF fardin|we have a genius among us
|inactive|j_albacino023 has 120 seconds left.
|
|t:|1659998320
|switch|p2a: Clefable|Clefable, F|90/100 psn|[from]move: Volt Switch
|move|p1a: Toxapex|Knock Off|p2a: Clefable
|-resisted|p2a: Clefable
|-damage|p2a: Clefable|86/100 psn
|
|upkeep
|turn|61
|
|t:|1659998327
|switch|p1a: Clefable|Clefable, F|82/100
|move|p2a: Clefable|Moonblast|p1a: Clefable
|-damage|p1a: Clefable|53/100
|
|upkeep
|turn|62
|
|t:|1659998330
|move|p1a: Clefable|Soft-Boiled|p1a: Clefable
|-heal|p1a: Clefable|100/100
|move|p2a: Clefable|Moonblast|p1a: Clefable
|-damage|p1a: Clefable|73/100
|
|upkeep
|turn|63
|
|t:|1659998335
|move|p1a: Clefable|Moonblast|p2a: Clefable
|-damage|p2a: Clefable|57/100 psn
|move|p2a: Clefable|Moonblast|p1a: Clefable
|-damage|p1a: Clefable|41/100
|
|upkeep
|turn|64
|
|t:|1659998338
|move|p1a: Clefable|Soft-Boiled|p1a: Clefable
|-heal|p1a: Clefable|91/100
|move|p2a: Clefable|Soft-Boiled|p2a: Clefable
|-heal|p2a: Clefable|100/100 psn
|
|upkeep
|turn|65
|c| LT91BB Dally|Thanks fardin
|
|t:|1659998366
|switch|p1a: Toxapex|Toxapex, M|92/100
|-damage|p1a: Toxapex|80/100|[from] Stealth Rock
|move|p2a: Clefable|Moonblast|p1a: Toxapex
|-resisted|p1a: Toxapex
|-damage|p1a: Toxapex|70/100
|
|upkeep
|turn|66
|c| LT91BB Dally|Beat you every time with marowak
|inactive|LT92PF fardin has 90 seconds left.
|
|t:|1659998401
|switch|p2a: Rotom|Rotom-Wash|54/100
|-damage|p2a: Rotom|41/100|[from] Stealth Rock
|move|p1a: Toxapex|Knock Off|p2a: Rotom
|-damage|p2a: Rotom|31/100
|
|upkeep
|turn|67
|c| ABigBallOfFat|so like what do the letters and numbers mean by your guys name
|j| wewr32344
|c| ABigBallOfFat|cuz I aint got a clue
|raw|<div class="broadcast-red"><strong>Moderated chat was set to +!</strong><br />Only users of rank + and higher can talk.</div>
|inactive|j_albacino023 has 120 seconds left.
|
|t:|1659998445
|switch|p1a: Zapdos|Zapdos|63/100
|-ability|p1a: Zapdos|Pressure
|move|p2a: Rotom|Pain Split|p1a: Zapdos
|-sethp|p1a: Zapdos|44/100|[from] move: Pain Split|[silent]
|-sethp|p2a: Rotom|55/100|[from] move: Pain Split
|
|upkeep
|turn|68
|
|t:|1659998469
|switch|p2a: Clefable|Clefable, F|100/100 psn
|move|p1a: Zapdos|Toxic||[still]
|-fail|p1a: Zapdos
|
|upkeep
|turn|69
|inactive|j_albacino023 has 120 seconds left.
|j|%Seldanna
|l|%Seldanna
|
|t:|1659998496
|move|p1a: Zapdos|Volt Switch|p2a: Clefable
|-damage|p2a: Clefable|72/100 psn
|
|t:|1659998501
|switch|p1a: Toxapex|Toxapex, M|100/100|[from]move: Volt Switch
|-damage|p1a: Toxapex|88/100|[from] Stealth Rock
|move|p2a: Clefable|Knock Off|p1a: Toxapex
|-damage|p1a: Toxapex|80/100
|
|upkeep
|turn|70
|
|t:|1659998504
|move|p2a: Clefable|Knock Off|p1a: Toxapex
|-damage|p1a: Toxapex|72/100
|move|p1a: Toxapex|Haze|p1a: Toxapex
|-clearallboost
|
|upkeep
|turn|71
|
|t:|1659998511
|move|p2a: Clefable|Knock Off|p1a: Toxapex
|-damage|p1a: Toxapex|65/100
|move|p1a: Toxapex|Haze|p1a: Toxapex
|-clearallboost
|
|upkeep
|turn|72
|
|t:|1659998515
|switch|p1a: Clefable|Clefable, F|91/100
|move|p2a: Clefable|Knock Off|p1a: Clefable
|-resisted|p1a: Clefable
|-damage|p1a: Clefable|87/100
|
|upkeep
|turn|73
|
|t:|1659998518
|move|p1a: Clefable|Moonblast|p2a: Clefable
|-damage|p2a: Clefable|44/100 psn
|move|p2a: Clefable|Moonblast|p1a: Clefable
|-damage|p1a: Clefable|57/100
|-unboost|p1a: Clefable|spa|1
|
|upkeep
|turn|74
|inactive|LT92PF fardin has 120 seconds left.
|inactive|LT92PF fardin has 90 seconds left.
|
|t:|1659998577
|move|p1a: Clefable|Soft-Boiled|p1a: Clefable
|-heal|p1a: Clefable|100/100
|move|p2a: Clefable|Soft-Boiled|p2a: Clefable
|-heal|p2a: Clefable|94/100 psn
|
|upkeep
|turn|75
|
|t:|1659998584
|switch|p1a: Toxapex|Toxapex, M|98/100
|-damage|p1a: Toxapex|86/100|[from] Stealth Rock
|move|p2a: Clefable|Moonblast|p1a: Toxapex
|-resisted|p1a: Toxapex
|-damage|p1a: Toxapex|76/100
|
|upkeep
|turn|76
|
|t:|1659998606
|switch|p2a: Rotom|Rotom-Wash|55/100
|-damage|p2a: Rotom|42/100|[from] Stealth Rock
|switch|p1a: Clefable|Clefable, F|100/100
|
|upkeep
|turn|77
|
|t:|1659998612
|switch|p1a: Zapdos|Zapdos|44/100
|-ability|p1a: Zapdos|Pressure
|move|p2a: Rotom|Volt Switch|p1a: Zapdos
|-damage|p1a: Zapdos|25/100
|
|t:|1659998616
|switch|p2a: Dragapult|Dragapult, M|88/100|[from]move: Volt Switch
|-damage|p2a: Dragapult|76/100|[from] Stealth Rock
|
|upkeep
|turn|78
|
|t:|1659998618
|switch|p1a: Toxapex|Toxapex, M|100/100
|-damage|p1a: Toxapex|88/100|[from] Stealth Rock
|move|p2a: Dragapult|Shadow Ball|p1a: Toxapex
|-damage|p1a: Toxapex|50/100
|
|upkeep
|turn|79
|
|t:|1659998623
|switch|p2a: Rotom|Rotom-Wash|42/100
|-damage|p2a: Rotom|30/100|[from] Stealth Rock
|move|p1a: Toxapex|Knock Off|p2a: Rotom
|-damage|p2a: Rotom|18/100
|
|upkeep
|turn|80
|
|t:|1659998630
|switch|p1a: Zapdos|Zapdos|25/100
|-ability|p1a: Zapdos|Pressure
|move|p2a: Rotom|Volt Switch|p1a: Zapdos
|-damage|p1a: Zapdos|4/100
|
|t:|1659998634
|switch|p2a: Tyranitar|Tyranitar, F|100/100|[from]move: Volt Switch
|-damage|p2a: Tyranitar|88/100|[from] Stealth Rock
|-weather|Sandstorm|[from] ability: Sand Stream|[of] p2a: Tyranitar
|
|-weather|Sandstorm|[upkeep]
|-damage|p1a: Zapdos|0 fnt|[from] Sandstorm
|faint|p1a: Zapdos
|upkeep
|inactive|LT92PF fardin has 120 seconds left.
|
|t:|1659998640
|switch|p1a: Clefable|Clefable, F|100/100
|turn|81
|inactive|LT92PF fardin has 120 seconds left.
|
|t:|1659998650
|switch|p2a: Clefable|Clefable, F|94/100 psn
|move|p1a: Clefable|Moonblast|p2a: Clefable
|-damage|p2a: Clefable|67/100 psn
|
|-weather|Sandstorm|[upkeep]
|upkeep
|turn|82
|
|t:|1659998680
|move|p1a: Clefable|Knock Off|p2a: Clefable
|-resisted|p2a: Clefable
|-damage|p2a: Clefable|63/100 psn
|move|p2a: Clefable|Moonblast|p1a: Clefable
|-damage|p1a: Clefable|69/100
|
|-weather|Sandstorm|[upkeep]
|upkeep
|turn|83
|
|t:|1659998684
|switch|p1a: Toxapex|Toxapex, M|83/100
|-damage|p1a: Toxapex|71/100|[from] Stealth Rock
|move|p2a: Clefable|Soft-Boiled|p2a: Clefable
|-heal|p2a: Clefable|100/100 psn
|
|-weather|Sandstorm|[upkeep]
|-damage|p1a: Toxapex|65/100|[from] Sandstorm
|upkeep
|turn|84
|
|t:|1659998688
|move|p2a: Clefable|Knock Off|p1a: Toxapex
|-damage|p1a: Toxapex|58/100
|move|p1a: Toxapex|Knock Off|p2a: Clefable
|-resisted|p2a: Clefable
|-damage|p2a: Clefable|96/100 psn
|
|-weather|none
|upkeep
|turn|85
|
|t:|1659998690
|move|p2a: Clefable|Knock Off|p1a: Toxapex
|-damage|p1a: Toxapex|50/100
|move|p1a: Toxapex|Recover|p1a: Toxapex
|-heal|p1a: Toxapex|99/100
|
|upkeep
|turn|86
|
|t:|1659998695
|move|p2a: Clefable|Knock Off|p1a: Toxapex
|-damage|p1a: Toxapex|92/100
|move|p1a: Toxapex|Haze|p1a: Toxapex
|-clearallboost
|
|upkeep
|turn|87
|
|t:|1659998700
|move|p2a: Clefable|Knock Off|p1a: Toxapex
|-damage|p1a: Toxapex|84/100
|move|p1a: Toxapex|Haze|p1a: Toxapex
|-clearallboost
|
|upkeep
|turn|88
|
|t:|1659998703
|move|p2a: Clefable|Knock Off|p1a: Toxapex
|-damage|p1a: Toxapex|76/100
|move|p1a: Toxapex|Knock Off|p2a: Clefable
|-resisted|p2a: Clefable
|-damage|p2a: Clefable|93/100 psn
|
|upkeep
|turn|89
|
|t:|1659998705
|move|p2a: Clefable|Knock Off|p1a: Toxapex
|-damage|p1a: Toxapex|68/100
|move|p1a: Toxapex|Knock Off|p2a: Clefable
|-resisted|p2a: Clefable
|-damage|p2a: Clefable|89/100 psn
|
|upkeep
|turn|90
|
|t:|1659998708
|switch|p2a: Ferrothorn|Ferrothorn, F|100/100
|-damage|p2a: Ferrothorn|95/100|[from] Stealth Rock
|move|p1a: Toxapex|Knock Off|p2a: Ferrothorn
|-damage|p2a: Ferrothorn|86/100
|-damage|p1a: Toxapex|56/100|[from] ability: Iron Barbs|[of] p2a: Ferrothorn
|-enditem|p2a: Ferrothorn|Leftovers|[from] move: Knock Off|[of] p1a: Toxapex
|
|upkeep
|turn|91
|
|t:|1659998713
|move|p1a: Toxapex|Knock Off|p2a: Ferrothorn
|-damage|p2a: Ferrothorn|80/100
|-damage|p1a: Toxapex|44/100|[from] ability: Iron Barbs|[of] p2a: Ferrothorn
|move|p2a: Ferrothorn|Spikes|p1a: Toxapex
|-sidestart|p1: LT92PF fardin|Spikes
|
|upkeep
|turn|92
|
|t:|1659998717
|switch|p1a: Clefable|Clefable, F|69/100
|move|p2a: Ferrothorn|Leech Seed|p1a: Clefable
|-start|p1a: Clefable|move: Leech Seed
|
|upkeep
|turn|93
|
|t:|1659998720
|switch|p2a: Clefable|Clefable, F|89/100 psn
|move|p1a: Clefable|Knock Off|p2a: Clefable
|-resisted|p2a: Clefable
|-crit|p2a: Clefable
|-damage|p2a: Clefable|83/100 psn
|
|upkeep
|turn|94
|
|t:|1659998725
|move|p1a: Clefable|Moonblast|p2a: Clefable
|-damage|p2a: Clefable|54/100 psn
|move|p2a: Clefable|Moonblast|p1a: Clefable
|-damage|p1a: Clefable|37/100
|
|upkeep
|turn|95
|
|t:|1659998728
|switch|p2a: Rotom|Rotom-Wash|18/100
|-damage|p2a: Rotom|5/100|[from] Stealth Rock
|move|p1a: Clefable|Knock Off|p2a: Rotom
|-damage|p2a: Rotom|0 fnt
|faint|p2a: Rotom
|
|upkeep
|
|t:|1659998731
|switch|p2a: Dragapult|Dragapult, M|76/100
|-damage|p2a: Dragapult|64/100|[from] Stealth Rock
|turn|96
|
|t:|1659998737
|switch|p1a: Cresselia|Cresselia, F|100/100
|-damage|p1a: Cresselia|88/100|[from] Stealth Rock
|move|p2a: Dragapult|Shadow Ball|p1a: Cresselia
|-supereffective|p1a: Cresselia
|-damage|p1a: Cresselia|28/100
|
|-heal|p1a: Cresselia|34/100|[from] item: Leftovers
|upkeep
|turn|97
|
|t:|1659998739
|move|p1a: Cresselia|Protect|p1a: Cresselia
|-singleturn|p1a: Cresselia|Protect
|move|p2a: Dragapult|Shadow Ball|p1a: Cresselia
|-activate|p1a: Cresselia|move: Protect
|
|-heal|p1a: Cresselia|41/100|[from] item: Leftovers
|upkeep
|turn|98
|
|t:|1659998741
|move|p2a: Dragapult|Shadow Ball|p1a: Cresselia
|-supereffective|p1a: Cresselia
|-damage|p1a: Cresselia|0 fnt
|faint|p1a: Cresselia
|
|upkeep
|
|t:|1659998742
|switch|p1a: Toxapex|Toxapex, M|77/100
|-damage|p1a: Toxapex|65/100|[from] Stealth Rock
|-damage|p1a: Toxapex|53/100|[from] Spikes
|turn|99
|
|t:|1659998745
|switch|p2a: Ferrothorn|Ferrothorn, F|80/100
|-damage|p2a: Ferrothorn|74/100|[from] Stealth Rock
|move|p1a: Toxapex|Recover|p1a: Toxapex
|-heal|p1a: Toxapex|100/100
|
|upkeep
|turn|100
|
|t:|1659998750
|move|p1a: Toxapex|Toxic Spikes|p2a: Ferrothorn
|-sidestart|p2: j_albacino023|move: Toxic Spikes
|move|p2a: Ferrothorn|Spikes|p1a: Toxapex
|-sidestart|p1: LT92PF fardin|Spikes
|
|upkeep
|turn|101
|
|t:|1659998753
|switch|p1a: Clefable|Clefable, F|37/100
|move|p2a: Ferrothorn|Spikes|p1a: Clefable
|-sidestart|p1: LT92PF fardin|Spikes
|
|upkeep
|turn|102
|
|t:|1659998757
|switch|p2a: Excadrill|Excadrill, F|100/100
|-damage|p2a: Excadrill|97/100|[from] Stealth Rock
|move|p1a: Clefable|Knock Off|p2a: Excadrill
|-damage|p2a: Excadrill|74/100
|-enditem|p2a: Excadrill|Leftovers|[from] move: Knock Off|[of] p1a: Clefable
|
|upkeep
|turn|103
|
|t:|1659998759
|move|p2a: Excadrill|Rapid Spin|p1a: Clefable
|-damage|p1a: Clefable|24/100
|-boost|p2a: Excadrill|spe|1
|-sideend|p2: j_albacino023|Toxic Spikes|[from] move: Rapid Spin|[of] p2a: Excadrill
|-sideend|p2: j_albacino023|Stealth Rock|[from] move: Rapid Spin|[of] p2a: Excadrill
|move|p1a: Clefable|Soft-Boiled|p1a: Clefable
|-heal|p1a: Clefable|74/100
|
|upkeep
|turn|104
|
|t:|1659998763
|switch|p1a: Skarmory|Skarmory, F|100/100
|-damage|p1a: Skarmory|88/100|[from] Stealth Rock
|move|p2a: Excadrill|Iron Head|p1a: Skarmory
|-resisted|p1a: Skarmory
|-damage|p1a: Skarmory|75/100
|
|upkeep
|turn|105
|
|t:|1659998774
|switch|p2a: Clefable|Clefable, F|54/100 psn
|switch|p1a: Toxapex|Toxapex, M|100/100
|-damage|p1a: Toxapex|88/100|[from] Stealth Rock
|-damage|p1a: Toxapex|64/100|[from] Spikes
|
|upkeep
|turn|106
|
|t:|1659998779
|move|p2a: Clefable|Soft-Boiled|p2a: Clefable
|-heal|p2a: Clefable|100/100 psn
|move|p1a: Toxapex|Toxic Spikes|p2a: Clefable
|-sidestart|p2: j_albacino023|move: Toxic Spikes
|
|upkeep
|turn|107
|
|t:|1659998784
|switch|p2a: Ferrothorn|Ferrothorn, F|74/100
|switch|p1a: Quagsire|Quagsire, F|100/100
|-damage|p1a: Quagsire|94/100|[from] Stealth Rock
|-damage|p1a: Quagsire|69/100|[from] Spikes
|
|-heal|p1a: Quagsire|76/100|[from] item: Leftovers
|upkeep
|turn|108
|
|t:|1659998788
|switch|p1a: Clefable|Clefable, F|74/100
|move|p2a: Ferrothorn|Leech Seed|p1a: Clefable
|-start|p1a: Clefable|move: Leech Seed
|
|upkeep
|turn|109
|
|t:|1659998791
|switch|p2a: Excadrill|Excadrill, F|74/100
|move|p1a: Clefable|Moonblast|p2a: Excadrill
|-resisted|p2a: Excadrill
|-damage|p2a: Excadrill|55/100
|-unboost|p2a: Excadrill|spa|1
|
|upkeep
|turn|110
|
|t:|1659998793
|move|p2a: Excadrill|Rapid Spin|p1a: Clefable
|-damage|p1a: Clefable|61/100
|-boost|p2a: Excadrill|spe|1
|-sideend|p2: j_albacino023|Toxic Spikes|[from] move: Rapid Spin|[of] p2a: Excadrill
|move|p1a: Clefable|Moonblast|p2a: Excadrill
|-resisted|p2a: Excadrill
|-damage|p2a: Excadrill|32/100
|
|upkeep
|turn|111
|
|t:|1659998798
|switch|p1a: Skarmory|Skarmory, F|75/100
|-damage|p1a: Skarmory|63/100|[from] Stealth Rock
|move|p2a: Excadrill|Iron Head|p1a: Skarmory
|-resisted|p1a: Skarmory
|-damage|p1a: Skarmory|50/100
|
|upkeep
|turn|112
|
|t:|1659998807
|switch|p2a: Dragapult|Dragapult, M|64/100
|move|p1a: Skarmory|Spikes|p2a: Dragapult
|-sidestart|p2: j_albacino023|Spikes
|
|upkeep
|turn|113
|
|t:|1659998810
|move|p2a: Dragapult|Shadow Ball|p1a: Skarmory
|-damage|p1a: Skarmory|0 fnt
|faint|p1a: Skarmory
|
|upkeep
|
|t:|1659998812
|switch|p1a: Toxapex|Toxapex, M|97/100
|-damage|p1a: Toxapex|85/100|[from] Stealth Rock
|-damage|p1a: Toxapex|60/100|[from] Spikes
|turn|114
|
|t:|1659998816
|move|p2a: Dragapult|Shadow Ball|p1a: Toxapex
|-damage|p1a: Toxapex|20/100
|move|p1a: Toxapex|Recover|p1a: Toxapex
|-heal|p1a: Toxapex|70/100
|
|upkeep
|turn|115
|
|t:|1659998826
|switch|p2a: Clefable|Clefable, F|100/100 psn
|move|p1a: Toxapex|Knock Off|p2a: Clefable
|-resisted|p2a: Clefable
|-damage|p2a: Clefable|96/100 psn
|
|upkeep
|turn|116
|
|t:|1659998829
|switch|p1a: Clefable|Clefable, F|61/100
|move|p2a: Clefable|Moonblast|p1a: Clefable
|-damage|p1a: Clefable|33/100
|
|upkeep
|turn|117
|
|t:|1659998832
|switch|p2a: Excadrill|Excadrill, F|32/100
|-damage|p2a: Excadrill|20/100|[from] Spikes
|move|p1a: Clefable|Soft-Boiled|p1a: Clefable
|-heal|p1a: Clefable|83/100
|
|upkeep
|turn|118
|
|t:|1659998838
|switch|p1a: Quagsire|Quagsire, F|76/100
|-damage|p1a: Quagsire|69/100|[from] Stealth Rock
|-damage|p1a: Quagsire|45/100|[from] Spikes
|move|p2a: Excadrill|Iron Head|p1a: Quagsire
|-resisted|p1a: Quagsire
|-damage|p1a: Quagsire|29/100
|
|-heal|p1a: Quagsire|35/100|[from] item: Leftovers
|upkeep
|turn|119
|
|t:|1659998843
|switch|p2a: Dragapult|Dragapult, M|64/100
|-damage|p2a: Dragapult|51/100|[from] Spikes
|move|p1a: Quagsire|Scald|p2a: Dragapult
|-resisted|p2a: Dragapult
|-damage|p2a: Dragapult|38/100
|
|-heal|p1a: Quagsire|41/100|[from] item: Leftovers
|upkeep
|turn|120
|-message|LT92PF fardin forfeited.
|
|win|j_albacino023
|raw|LT92PF fardin's rating: 1871 &rarr; <strong>1853</strong><br />(-18 for losing)
|raw|j_albacino023's rating: 1906 &rarr; <strong>1924</strong><br />(+18 for winning)
|l|☆LT92PF fardin
|c|☆j_albacino023|gg
|c|☆j_albacino023|that team sucks btw
|l|+Icemaster
||Ladder isn't responding, score probably updated but might not have (Request timeout).
|l|☆j_albacino023
|j|+steel's KITTY?
|l|+steel's KITTY?
