|j|☆aursnes
|j|☆LolzMachine
|t:|1667654337
|gametype|singles
|player|p1|aursnes|bugsy|1764
|player|p2|LolzMachine|265|1807
|teamsize|p1|6
|teamsize|p2|6
|gen|8
|tier|[Gen 8] OU
|rated|
|rule|Sleep Clause Mod: Limit one foe put to sleep
|rule|Species Clause: Limit one of each Pokémon
|rule|OHKO Clause: OHKO moves are banned
|rule|Evasion Items Clause: Evasion items are banned
|rule|Evasion Moves Clause: Evasion moves are banned
|rule|Endless Battle Clause: Forcing endless battles is banned
|rule|HP Percentage Mod: HP is shown in percentages
|rule|Dynamax Clause: You cannot dynamax
|clearpoke
|poke|p1|Toxapex, M|
|poke|p1|Clefable, M|
|poke|p1|Landorus-Therian, M|
|poke|p1|Heatran, M|
|poke|p1|Slowking-Galar, M|
|poke|p1|Corviknight, M|
|poke|p2|Haxorus, M|
|poke|p2|Ferrothorn, M|
|poke|p2|Landorus-Therian, M|
|poke|p2|Tyranitar, M|
|poke|p2|Volcarona, M|
|poke|p2|Buzzwole|
|teampreview
|
|t:|1667654344
|start
|switch|p1a: Landorus|Landorus-Therian, M|100/100
|switch|p2a: Landorus|Landorus-Therian, M|100/100
|-ability|p1a: Landorus|Intimidate|boost
|-unboost|p2a: Landorus|atk|1
|-ability|p2a: Landorus|Intimidate|boost
|-unboost|p1a: Landorus|atk|1
|turn|1
|inactive|Battle timer is ON: inactive players will automatically lose when time's up. (requested by aursnes)
|
|t:|1667654347
|move|p1a: Landorus|Toxic|p2a: Landorus
|-status|p2a: Landorus|tox
|move|p2a: Landorus|Stealth Rock|p1a: Landorus
|-sidestart|p1: aursnes|move: Stealth Rock
|
|-damage|p2a: Landorus|95/100 tox|[from] psn
|upkeep
|turn|2
|
|t:|1667654351
|move|p1a: Landorus|Stealth Rock|p2a: Landorus
|-sidestart|p2: LolzMachine|move: Stealth Rock
|move|p2a: Landorus|U-turn|p1a: Landorus
|-resisted|p1a: Landorus
|-damage|p1a: Landorus|91/100
|
|t:|1667654356
|switch|p2a: Volcarona|Volcarona, M|100/100|[from]move: U-turn
|
|-heal|p1a: Landorus|97/100|[from] item: Leftovers
|upkeep
|turn|3
|
|t:|1667654359
|move|p2a: Volcarona|Fire Blast|p1a: Landorus
|-damage|p1a: Landorus|21/100
|move|p1a: Landorus|Toxic|p2a: Volcarona
|-status|p2a: Volcarona|tox
|
|-heal|p1a: Landorus|27/100|[from] item: Leftovers
|-damage|p2a: Volcarona|94/100 tox|[from] psn
|upkeep
|turn|4
|
|t:|1667654364
|switch|p2a: Landorus|Landorus-Therian, M|95/100 tox
|-damage|p2a: Landorus|82/100 tox|[from] Stealth Rock
|-ability|p2a: Landorus|Intimidate|boost
|-unboost|p1a: Landorus|atk|1
|switch|p1a: Heatran|Heatran, M|100/100
|-damage|p1a: Heatran|88/100|[from] Stealth Rock
|
|-heal|p1a: Heatran|94/100|[from] item: Leftovers
|-damage|p2a: Landorus|76/100 tox|[from] psn
|upkeep
|turn|5
|
|t:|1667654369
|switch|p1a: Toxapex|Toxapex, M|100/100
|-damage|p1a: Toxapex|88/100|[from] Stealth Rock
|move|p2a: Landorus|Smack Down|p1a: Toxapex
|-damage|p1a: Toxapex|77/100
|
|-heal|p1a: Toxapex|83/100|[from] item: Black Sludge
|-damage|p2a: Landorus|64/100 tox|[from] psn
|upkeep
|turn|6
|
|t:|1667654372
|move|p2a: Landorus|Earthquake|p1a: Toxapex
|-supereffective|p1a: Toxapex
|-damage|p1a: Toxapex|6/100
|move|p1a: Toxapex|Toxic Spikes|p2a: Landorus
|-sidestart|p2: LolzMachine|move: Toxic Spikes
|
|-heal|p1a: Toxapex|12/100|[from] item: Black Sludge
|-damage|p2a: Landorus|47/100 tox|[from] psn
|upkeep
|turn|7
|
|t:|1667654376
|switch|p1a: Landorus|Landorus-Therian, M|27/100
|-damage|p1a: Landorus|15/100|[from] Stealth Rock
|-ability|p1a: Landorus|Intimidate|boost
|-unboost|p2a: Landorus|atk|1
|move|p2a: Landorus|Smack Down|p1a: Landorus
|-damage|p1a: Landorus|1/100
|-start|p1a: Landorus|Smack Down
|
|-heal|p1a: Landorus|7/100|[from] item: Leftovers
|-damage|p2a: Landorus|23/100 tox|[from] psn
|upkeep
|turn|8
|
|t:|1667654383
|switch|p1a: Corviknight|Corviknight, M|100/100
|-damage|p1a: Corviknight|88/100|[from] Stealth Rock
|-ability|p1a: Corviknight|Pressure
|move|p2a: Landorus|U-turn|p1a: Corviknight
|-resisted|p1a: Corviknight
|-damage|p1a: Corviknight|86/100
|-damage|p2a: Landorus|6/100 tox|[from] item: Rocky Helmet|[of] p1a: Corviknight
|
|t:|1667654385
|switch|p2a: Volcarona|Volcarona, M|94/100 tox|[from]move: U-turn
|
|-damage|p2a: Volcarona|88/100 tox|[from] psn
|upkeep
|turn|9
|j| Tokyo EZ
|
|t:|1667654398
|switch|p2a: Buzzwole|Buzzwole|100/100
|switch|p1a: Heatran|Heatran, M|94/100
|-damage|p1a: Heatran|82/100|[from] Stealth Rock
|
|-heal|p1a: Heatran|88/100|[from] item: Leftovers
|upkeep
|turn|10
|
|t:|1667654405
|switch|p1a: Corviknight|Corviknight, M|86/100
|-damage|p1a: Corviknight|73/100|[from] Stealth Rock
|-ability|p1a: Corviknight|Pressure
|move|p2a: Buzzwole|Thunder Punch|p1a: Corviknight
|-supereffective|p1a: Corviknight
|-damage|p1a: Corviknight|38/100
|-damage|p2a: Buzzwole|84/100|[from] item: Rocky Helmet|[of] p1a: Corviknight
|
|upkeep
|turn|11
|
|t:|1667654410
|move|p2a: Buzzwole|Close Combat|p1a: Corviknight
|-damage|p1a: Corviknight|0 fnt
|-unboost|p2a: Buzzwole|def|1
|-unboost|p2a: Buzzwole|spd|1
|-damage|p2a: Buzzwole|67/100|[from] item: Rocky Helmet|[of] p1a: Corviknight
|faint|p1a: Corviknight
|-ability|p2a: Buzzwole|Beast Boost|boost
|-boost|p2a: Buzzwole|atk|1
|
|upkeep
|
|t:|1667654414
|switch|p1a: Toxapex|Toxapex, M|45/100
|-damage|p1a: Toxapex|33/100|[from] Stealth Rock
|turn|12
|
|t:|1667654418
|move|p2a: Buzzwole|Thunder Punch|p1a: Toxapex
|-supereffective|p1a: Toxapex
|-damage|p1a: Toxapex|0 fnt
|faint|p1a: Toxapex
|-ability|p2a: Buzzwole|Beast Boost|boost
|-boost|p2a: Buzzwole|atk|1
|
|upkeep
|
|t:|1667654428
|switch|p1a: Heatran|Heatran, M|88/100
|-damage|p1a: Heatran|76/100|[from] Stealth Rock
|turn|13
|
|t:|1667654430
|move|p2a: Buzzwole|Close Combat|p1a: Heatran
|-supereffective|p1a: Heatran
|-damage|p1a: Heatran|0 fnt
|-unboost|p2a: Buzzwole|def|1
|-unboost|p2a: Buzzwole|spd|1
|faint|p1a: Heatran
|-ability|p2a: Buzzwole|Beast Boost|boost
|-boost|p2a: Buzzwole|atk|1
|
|upkeep
|c|☆aursnes|my man lucky af
|-message|aursnes forfeited.
|
|win|LolzMachine
|raw|aursnes's rating: 1764 &rarr; <strong>1746</strong><br />(-18 for losing)
|raw|LolzMachine's rating: 1807 &rarr; <strong>1825</strong><br />(+18 for winning)
|l|☆aursnes
|c|☆LolzMachine|why not go to clef
||Ladder isn't responding, score probably updated but might not have (Request timeout).
