|raw|<div class="broadcast-blue"><strong>This battle is required to be public due to a player having a name starting with 'lt83aq'.</div>
|j|☆Lt83AQ Fusien
|j|☆BestixL
|t:|1626457124
|gametype|singles
|player|p1|Lt83AQ Fusien|yellow|1658
|player|p2|BestixL|flannery|1811
|teamsize|p1|6
|teamsize|p2|6
|gen|8
|tier|[Gen 8] OU
|rated|
|rule|Sleep Clause Mod: Limit one foe put to sleep
|rule|Species Clause: Limit one of each Pokémon
|rule|OHKO Clause: OHKO moves are banned
|rule|Evasion Moves Clause: Evasion moves are banned
|rule|Endless Battle Clause: Forcing endless battles is banned
|rule|HP Percentage Mod: HP is shown in percentages
|rule|Dynamax Clause: You cannot dynamax
|clearpoke
|poke|p1|Dragonite, M|
|poke|p1|Rotom-Wash|
|poke|p1|Melmetal|
|poke|p1|Weavile, F|
|poke|p1|Landorus-Therian, M|
|poke|p1|Volcarona, F|
|poke|p2|Clefable, F|
|poke|p2|Heatran, M|
|poke|p2|Reuniclus, M|
|poke|p2|Landorus-Therian, M|
|poke|p2|Toxapex, M|
|poke|p2|Corviknight, M|
|teampreview
|inactive|Battle timer is ON: inactive players will automatically lose when time's up. (requested by Lt83AQ Fusien)
|j| lt83aqi
|c|☆Lt83AQ Fusien|Hf
|
|t:|1626457150
|start
|switch|p1a: Weavile|Weavile, F|100/100
|switch|p2a: 2 soon|Landorus-Therian, M|100/100
|-ability|p1a: Weavile|Pressure
|-ability|p2a: 2 soon|Intimidate|boost
|-unboost|p1a: Weavile|atk|1
|turn|1
|
|t:|1626457164
|switch|p2a: just friends|Toxapex, M|100/100
|move|p1a: Weavile|Icicle Crash|p2a: just friends
|-resisted|p2a: just friends
|-damage|p2a: just friends|82/100
|
|upkeep
|turn|2
|
|t:|1626457168
|switch|p1a: Landorus|Landorus-Therian, M, shiny|100/100
|-ability|p1a: Landorus|Intimidate|boost
|-unboost|p2a: just friends|atk|1
|move|p2a: just friends|Knock Off|p1a: Landorus
|-damage|p1a: Landorus|94/100
|-enditem|p1a: Landorus|Leftovers|[from] move: Knock Off|[of] p2a: just friends
|
|upkeep
|turn|3
|j| Der Waldgang
|inactive|Lt83AQ Fusien has 120 seconds left.
|
|t:|1626457199
|switch|p2a: the reaper|Corviknight, M|100/100
|-ability|p2a: the reaper|Pressure
|move|p1a: Landorus|Stealth Rock|p2a: the reaper
|-sidestart|p2: BestixL|move: Stealth Rock
|
|upkeep
|turn|4
|
|t:|1626457205
|move|p1a: Landorus|U-turn|p2a: the reaper
|-resisted|p2a: the reaper
|-damage|p2a: the reaper|97/100
|inactive|Lt83AQ Fusien has 120 seconds left.
|
|t:|1626457221
|switch|p1a: Rotom|Rotom-Wash|100/100|[from]move: U-turn
|move|p2a: the reaper|Defog|p1a: Rotom
|-unboost|p1a: Rotom|evasion|1
|-sideend|p2: BestixL|Stealth Rock|[from] move: Defog|[of] p2a: the reaper
|
|-heal|p2a: the reaper|100/100|[from] item: Leftovers
|upkeep
|turn|5
|
|t:|1626457225
|switch|p2a: gimme love|Reuniclus, M|100/100
|move|p1a: Rotom|Volt Switch|p2a: gimme love
|-damage|p2a: gimme love|89/100
|
|t:|1626457228
|switch|p1a: Weavile|Weavile, F|100/100|[from]move: Volt Switch
|-ability|p1a: Weavile|Pressure
|
|upkeep
|turn|6
|
|t:|1626457231
|switch|p2a: just friends|Toxapex, M|100/100
|move|p1a: Weavile|Knock Off|p2a: just friends
|-damage|p2a: just friends|41/100
|-damage|p1a: Weavile|84/100|[from] item: Rocky Helmet|[of] p2a: just friends
|-enditem|p2a: just friends|Rocky Helmet|[from] move: Knock Off|[of] p1a: Weavile
|
|upkeep
|turn|7
|
|t:|1626457238
|move|p1a: Weavile|Knock Off|p2a: just friends
|-damage|p2a: just friends|0 fnt
|faint|p2a: just friends
|
|upkeep
|c|☆BestixL|wtf
|inactive|BestixL has 120 seconds left.
|c|☆BestixL|!calc
|c| BestixL|/raw <div class="infobox">Pok&eacute;mon Showdown! damage calculator. (Courtesy of Honko &amp; Austin)<br />- <a href="https://calc.pokemonshowdown.com/index.html">Damage Calculator</a></div>
|c|☆Lt83AQ Fusien|I’m ada btw
|c|☆Lt83AQ Fusien|For your calc
|inactive|BestixL has 90 seconds left.
|inactive|BestixL has 60 seconds left.
|inactiveoff|Battle timer is now OFF.
|
|t:|1626457355
|switch|p2a: no space|Heatran, M|100/100
|-item|p2a: no space|Air Balloon
|turn|8
|c|☆Lt83AQ Fusien|What was the calc
|c|☆Lt83AQ Fusien|im curious
|c|☆BestixL|two rolls of 40%
|c|☆Lt83AQ Fusien|Ah
|c|☆Lt83AQ Fusien|basically kings rock cloy flinching twice
|
|t:|1626457405
|switch|p1a: Rotom|Rotom-Wash|100/100
|move|p2a: no space|Toxic|p1a: Rotom
|-status|p1a: Rotom|tox
|
|-damage|p1a: Rotom|95/100 tox|[from] psn
|upkeep
|turn|9
|
|t:|1626457412
|switch|p2a: 2 soon|Landorus-Therian, M|100/100
|-ability|p2a: 2 soon|Intimidate|boost
|-unboost|p1a: Rotom|atk|1
|move|p1a: Rotom|Hydro Pump|p2a: 2 soon
|-supereffective|p2a: 2 soon
|-damage|p2a: 2 soon|45/100
|
|-heal|p1a: Rotom|100/100 tox|[from] item: Leftovers
|-heal|p2a: 2 soon|51/100|[from] item: Leftovers
|-damage|p1a: Rotom|89/100 tox|[from] psn
|upkeep
|turn|10
|
|t:|1626457417
|switch|p2a: gimme love|Reuniclus, M|100/100
|move|p1a: Rotom|Hydro Pump|p2a: gimme love
|-damage|p2a: gimme love|82/100
|
|-heal|p1a: Rotom|95/100 tox|[from] item: Leftovers
|-damage|p1a: Rotom|77/100 tox|[from] psn
|upkeep
|turn|11
|
|t:|1626457420
|move|p1a: Rotom|Volt Switch|p2a: gimme love
|-damage|p2a: gimme love|70/100
|
|t:|1626457422
|switch|p1a: Landorus|Landorus-Therian, M, shiny|94/100|[from]move: Volt Switch
|-ability|p1a: Landorus|Intimidate|boost
|-unboost|p2a: gimme love|atk|1
|move|p2a: gimme love|Knock Off|p1a: Landorus
|-damage|p1a: Landorus|90/100
|
|upkeep
|turn|12
|
|t:|1626457427
|switch|p2a: the reaper|Corviknight, M|100/100
|-ability|p2a: the reaper|Pressure
|move|p1a: Landorus|U-turn|p2a: the reaper
|-resisted|p2a: the reaper
|-damage|p2a: the reaper|97/100
|
|t:|1626457431
|switch|p1a: Rotom|Rotom-Wash|77/100 tox|[from]move: U-turn
|
|-heal|p1a: Rotom|83/100 tox|[from] item: Leftovers
|-heal|p2a: the reaper|100/100|[from] item: Leftovers
|-damage|p1a: Rotom|77/100 tox|[from] psn
|upkeep
|turn|13
|
|t:|1626457435
|switch|p2a: 2 soon|Landorus-Therian, M|51/100
|-ability|p2a: 2 soon|Intimidate|boost
|-unboost|p1a: Rotom|atk|1
|move|p1a: Rotom|Volt Switch|p2a: 2 soon
|-immune|p2a: 2 soon
|
|-heal|p1a: Rotom|83/100 tox|[from] item: Leftovers
|-heal|p2a: 2 soon|57/100|[from] item: Leftovers
|-damage|p1a: Rotom|71/100 tox|[from] psn
|upkeep
|turn|14
|
|t:|1626457439
|move|p1a: Rotom|Hydro Pump|p2a: 2 soon
|-supereffective|p2a: 2 soon
|-crit|p2a: 2 soon
|-damage|p2a: 2 soon|0 fnt
|faint|p2a: 2 soon
|
|-heal|p1a: Rotom|77/100 tox|[from] item: Leftovers
|-damage|p1a: Rotom|59/100 tox|[from] psn
|upkeep
|c|☆Lt83AQ Fusien|Mb
|
|t:|1626457450
|switch|p2a: gimme love|Reuniclus, M|100/100
|turn|15
|
|t:|1626457455
|move|p1a: Rotom|Volt Switch|p2a: gimme love
|-damage|p2a: gimme love|91/100
|
|t:|1626457457
|switch|p1a: Landorus|Landorus-Therian, M, shiny|90/100|[from]move: Volt Switch
|-ability|p1a: Landorus|Intimidate|boost
|-unboost|p2a: gimme love|atk|1
|move|p2a: gimme love|Future Sight|p1a: Landorus
|-start|p2a: gimme love|move: Future Sight
|
|upkeep
|turn|16
|
|t:|1626457459
|switch|p2a: the reaper|Corviknight, M|100/100
|-ability|p2a: the reaper|Pressure
|move|p1a: Landorus|U-turn|p2a: the reaper
|-resisted|p2a: the reaper
|-damage|p2a: the reaper|97/100
|
|t:|1626457463
|switch|p1a: Rotom|Rotom-Wash|59/100 tox|[from]move: U-turn
|
|-heal|p1a: Rotom|65/100 tox|[from] item: Leftovers
|-heal|p2a: the reaper|100/100|[from] item: Leftovers
|-damage|p1a: Rotom|59/100 tox|[from] psn
|upkeep
|turn|17
|
|t:|1626457470
|move|p1a: Rotom|Volt Switch|p2a: the reaper
|-supereffective|p2a: the reaper
|-damage|p2a: the reaper|49/100
|
|t:|1626457475
|switch|p1a: Landorus|Landorus-Therian, M, shiny|90/100|[from]move: Volt Switch
|-ability|p1a: Landorus|Intimidate|boost
|-unboost|p2a: the reaper|atk|1
|move|p2a: the reaper|Body Press|p1a: Landorus
|-resisted|p1a: Landorus
|-damage|p1a: Landorus|81/100
|
|-end|p1a: Landorus|move: Future Sight
|-damage|p1a: Landorus|25/100
|-heal|p2a: the reaper|55/100|[from] item: Leftovers
|upkeep
|turn|18
|
|t:|1626457480
|move|p1a: Landorus|U-turn|p2a: the reaper
|-resisted|p2a: the reaper
|-damage|p2a: the reaper|51/100
|
|t:|1626457484
|switch|p1a: Rotom|Rotom-Wash|59/100 tox|[from]move: U-turn
|move|p2a: the reaper|Roost|p2a: the reaper
|-heal|p2a: the reaper|100/100
|-singleturn|p2a: the reaper|move: Roost
|
|-heal|p1a: Rotom|65/100 tox|[from] item: Leftovers
|-damage|p1a: Rotom|59/100 tox|[from] psn
|upkeep
|turn|19
|
|t:|1626457486
|switch|p2a: gimme love|Reuniclus, M|100/100
|move|p1a: Rotom|Volt Switch|p2a: gimme love
|-damage|p2a: gimme love|90/100
|
|t:|1626457488
|switch|p1a: Weavile|Weavile, F|84/100|[from]move: Volt Switch
|-ability|p1a: Weavile|Pressure
|
|upkeep
|turn|20
|
|t:|1626457491
|switch|p2a: the reaper|Corviknight, M|100/100
|-ability|p2a: the reaper|Pressure
|move|p1a: Weavile|Knock Off|p2a: the reaper
|-damage|p2a: the reaper|53/100
|-enditem|p2a: the reaper|Leftovers|[from] move: Knock Off|[of] p1a: Weavile
|
|upkeep
|turn|21
|
|t:|1626457496
|switch|p1a: Rotom|Rotom-Wash|59/100 tox
|move|p2a: the reaper|Roost|p2a: the reaper
|-heal|p2a: the reaper|100/100
|-singleturn|p2a: the reaper|move: Roost
|
|-heal|p1a: Rotom|65/100 tox|[from] item: Leftovers
|-damage|p1a: Rotom|59/100 tox|[from] psn
|upkeep
|turn|22
|
|t:|1626457503
|switch|p2a: gimme love|Reuniclus, M|100/100
|move|p1a: Rotom|Volt Switch|p2a: gimme love
|-damage|p2a: gimme love|90/100
|inactive|Battle timer is ON: inactive players will automatically lose when time's up. (requested by BestixL)
|
|t:|1626457530
|switch|p1a: Weavile|Weavile, F|84/100|[from]move: Volt Switch
|-ability|p1a: Weavile|Pressure
|
|upkeep
|turn|23
|
|t:|1626457535
|switch|p2a: the reaper|Corviknight, M|100/100
|-ability|p2a: the reaper|Pressure
|move|p1a: Weavile|Knock Off|p2a: the reaper
|-damage|p2a: the reaper|72/100
|
|upkeep
|turn|24
|
|t:|1626457541
|switch|p1a: Volcarona|Volcarona, F|100/100
|move|p2a: the reaper|Roost|p2a: the reaper
|-heal|p2a: the reaper|100/100
|-singleturn|p2a: the reaper|move: Roost
|
|upkeep
|turn|25
|
|t:|1626457547
|switch|p1a: Rotom|Rotom-Wash|59/100 tox
|switch|p2a: Itsuki|Clefable, F|100/100
|
|-heal|p1a: Rotom|65/100 tox|[from] item: Leftovers
|-damage|p1a: Rotom|59/100 tox|[from] psn
|upkeep
|turn|26
|
|t:|1626457556
|move|p1a: Rotom|Volt Switch|p2a: Itsuki
|-damage|p2a: Itsuki|78/100
|
|t:|1626457558
|switch|p1a: Melmetal|Melmetal, shiny|100/100|[from]move: Volt Switch
|move|p2a: Itsuki|Wish|p2a: Itsuki
|
|upkeep
|turn|27
|
|t:|1626457563
|switch|p2a: the reaper|Corviknight, M|100/100
|-ability|p2a: the reaper|Pressure
|move|p1a: Melmetal|Thunder Punch|p2a: the reaper
|-supereffective|p2a: the reaper
|-damage|p2a: the reaper|63/100
|
|-heal|p2a: the reaper|100/100|[from] move: Wish|[wisher] Itsuki
|upkeep
|turn|28
|
|t:|1626457568
|switch|p1a: Volcarona|Volcarona, F|100/100
|move|p2a: the reaper|Iron Defense|p2a: the reaper
|-boost|p2a: the reaper|def|2
|
|upkeep
|turn|29
|
|t:|1626457571
|switch|p1a: Melmetal|Melmetal, shiny|100/100
|switch|p2a: no space|Heatran, M|100/100
|-item|p2a: no space|Air Balloon
|
|upkeep
|turn|30
|
|t:|1626457575
|move|p2a: no space|Magma Storm|p1a: Melmetal|[miss]
|-miss|p2a: no space|p1a: Melmetal
|move|p1a: Melmetal|Superpower|p2a: no space
|-supereffective|p2a: no space
|-damage|p2a: no space|9/100
|-unboost|p1a: Melmetal|atk|1
|-unboost|p1a: Melmetal|def|1
|-enditem|p2a: no space|Air Balloon
|
|upkeep
|turn|31
|c|☆Lt83AQ Fusien|!showset melmetal
|c| Lt83AQ Fusien|/raw <div class="infobox">Melmetal @ Assault Vest  <br />Ability: Iron Fist  <br />Shiny: Yes  <br />EVs: 240 Atk &#x2f; 252 SpD &#x2f; 16 Spe  <br />Careful Nature  <br />- Double Iron Bash  <br />- Thunder Punch  <br />- Superpower  <br />- Earthquake  <br /><br /></div>
|c|☆Lt83AQ Fusien|Mb tho regardless
|
|t:|1626457600
|move|p2a: no space|Magma Storm|p1a: Melmetal
|-supereffective|p1a: Melmetal
|-damage|p1a: Melmetal|49/100
|-activate|p1a: Melmetal|move: Magma Storm|[of] p2a: no space
|move|p1a: Melmetal|Superpower|p2a: no space
|-supereffective|p2a: no space
|-damage|p2a: no space|0 fnt
|-unboost|p1a: Melmetal|atk|1
|-unboost|p1a: Melmetal|def|1
|faint|p2a: no space
|
|-end|p1a: Melmetal|Magma Storm|[partiallytrapped]|[silent]
|upkeep
|inactive|BestixL has 120 seconds left.
|
|t:|1626457624
|switch|p2a: gimme love|Reuniclus, M|100/100
|turn|32
|
|t:|1626457628
|switch|p1a: Landorus|Landorus-Therian, M, shiny|25/100
|-ability|p1a: Landorus|Intimidate|boost
|-unboost|p2a: gimme love|atk|1
|move|p2a: gimme love|Future Sight|p1a: Landorus
|-start|p2a: gimme love|move: Future Sight
|
|upkeep
|turn|33
|
|t:|1626457633
|switch|p2a: the reaper|Corviknight, M|100/100
|-ability|p2a: the reaper|Pressure
|move|p1a: Landorus|Stealth Rock|p2a: the reaper
|-sidestart|p2: BestixL|move: Stealth Rock
|
|upkeep
|turn|34
|
|t:|1626457635
|move|p1a: Landorus|U-turn|p2a: the reaper
|-resisted|p2a: the reaper
|-damage|p2a: the reaper|97/100
|
|t:|1626457639
|switch|p1a: Dragonite|Dragonite, M, shiny|100/100|[from]move: U-turn
|move|p2a: the reaper|Defog|p1a: Dragonite
|-unboost|p1a: Dragonite|evasion|1
|-sideend|p2: BestixL|Stealth Rock|[from] move: Defog|[of] p2a: the reaper
|
|-end|p1a: Dragonite|move: Future Sight
|-damage|p1a: Dragonite|73/100
|upkeep
|turn|35
|
|t:|1626457643
|switch|p2a: Itsuki|Clefable, F|78/100
|move|p1a: Dragonite|Heal Bell|p1a: Dragonite
|-activate|p1a: Dragonite|move: Heal Bell
|-curestatus|p1: Rotom|tox|[msg]
|
|upkeep
|turn|36
|
|t:|1626457649
|switch|p1a: Volcarona|Volcarona, F|100/100
|move|p2a: Itsuki|Soft-Boiled|p2a: Itsuki
|-heal|p2a: Itsuki|100/100
|
|upkeep
|turn|37
|
|t:|1626457652
|move|p1a: Volcarona|Quiver Dance|p1a: Volcarona
|-boost|p1a: Volcarona|spa|1
|-boost|p1a: Volcarona|spd|1
|-boost|p1a: Volcarona|spe|1
|move|p2a: Itsuki|Wish|p2a: Itsuki
|
|upkeep
|turn|38
|
|t:|1626457655
|move|p1a: Volcarona|Fiery Dance|p2a: Itsuki
|-damage|p2a: Itsuki|66/100
|-boost|p1a: Volcarona|spa|1
|move|p2a: Itsuki|Moonblast|p1a: Volcarona
|-resisted|p1a: Volcarona
|-crit|p1a: Volcarona
|-damage|p1a: Volcarona|80/100
|
|-heal|p2a: Itsuki|100/100|[from] move: Wish|[wisher] Itsuki
|upkeep
|turn|39
|
|t:|1626457659
|move|p1a: Volcarona|Fiery Dance|p2a: Itsuki
|-damage|p2a: Itsuki|68/100
|-boost|p1a: Volcarona|spa|1
|move|p2a: Itsuki|Wish|p2a: Itsuki
|
|upkeep
|turn|40
|
|t:|1626457663
|move|p1a: Volcarona|Fiery Dance|p2a: Itsuki
|-damage|p2a: Itsuki|32/100
|move|p2a: Itsuki|Moonblast|p1a: Volcarona
|-resisted|p1a: Volcarona
|-damage|p1a: Volcarona|66/100
|-unboost|p1a: Volcarona|spa|1
|
|-heal|p2a: Itsuki|82/100|[from] move: Wish|[wisher] Itsuki
|upkeep
|turn|41
|
|t:|1626457668
|move|p1a: Volcarona|Fiery Dance|p2a: Itsuki
|-damage|p2a: Itsuki|49/100
|move|p2a: Itsuki|Soft-Boiled|p2a: Itsuki
|-heal|p2a: Itsuki|99/100
|
|upkeep
|turn|42
|
|t:|1626457672
|move|p1a: Volcarona|Fiery Dance|p2a: Itsuki
|-damage|p2a: Itsuki|65/100
|-boost|p1a: Volcarona|spa|1
|move|p2a: Itsuki|Wish|p2a: Itsuki
|
|upkeep
|turn|43
|
|t:|1626457676
|switch|p1a: Weavile|Weavile, F|84/100
|-ability|p1a: Weavile|Pressure
|move|p2a: Itsuki|Soft-Boiled|p2a: Itsuki
|-heal|p2a: Itsuki|100/100
|
|upkeep
|turn|44
|
|t:|1626457678
|move|p1a: Weavile|Icicle Crash|p2a: Itsuki
|-damage|p2a: Itsuki|46/100
|move|p2a: Itsuki|Moonblast|p1a: Weavile
|-supereffective|p1a: Weavile
|-damage|p1a: Weavile|0 fnt
|faint|p1a: Weavile
|
|upkeep
|
|t:|1626457683
|switch|p1a: Landorus|Landorus-Therian, M, shiny|25/100
|-ability|p1a: Landorus|Intimidate|boost
|-unboost|p2a: Itsuki|atk|1
|turn|45
|
|t:|1626457689
|move|p1a: Landorus|Earthquake|p2a: Itsuki
|-damage|p2a: Itsuki|9/100
|move|p2a: Itsuki|Soft-Boiled|p2a: Itsuki
|-heal|p2a: Itsuki|59/100
|
|upkeep
|turn|46
|
|t:|1626457694
|move|p1a: Landorus|Toxic|p2a: Itsuki
|-status|p2a: Itsuki|tox
|move|p2a: Itsuki|Soft-Boiled|p2a: Itsuki
|-heal|p2a: Itsuki|100/100 tox
|
|-damage|p2a: Itsuki|94/100 tox|[from] psn
|upkeep
|turn|47
|
|t:|1626457696
|move|p1a: Landorus|Earthquake|p2a: Itsuki
|-damage|p2a: Itsuki|57/100 tox
|move|p2a: Itsuki|Heal Bell|p2a: Itsuki
|-activate|p2a: Itsuki|move: Heal Bell
|-curestatus|p2a: Itsuki|tox|[msg]
|
|upkeep
|turn|48
|
|t:|1626457700
|switch|p2a: the reaper|Corviknight, M|97/100
|-ability|p2a: the reaper|Pressure
|move|p1a: Landorus|Stealth Rock|p2a: the reaper
|-sidestart|p2: BestixL|move: Stealth Rock
|
|upkeep
|turn|49
|
|t:|1626457703
|switch|p1a: Volcarona|Volcarona, F|66/100
|move|p2a: the reaper|Defog|p1a: Volcarona
|-unboost|p1a: Volcarona|evasion|1
|-sideend|p2: BestixL|Stealth Rock|[from] move: Defog|[of] p2a: the reaper
|
|upkeep
|turn|50
|
|t:|1626457705
|switch|p2a: gimme love|Reuniclus, M|100/100
|move|p1a: Volcarona|Fiery Dance|p2a: gimme love
|-damage|p2a: gimme love|85/100
|-boost|p1a: Volcarona|spa|1
|
|upkeep
|turn|51
|
|t:|1626457708
|move|p1a: Volcarona|Fiery Dance|p2a: gimme love
|-damage|p2a: gimme love|61/100
|-boost|p1a: Volcarona|spa|1
|move|p2a: gimme love|Psychic|p1a: Volcarona
|-damage|p1a: Volcarona|35/100
|
|upkeep
|turn|52
|
|t:|1626457711
|move|p1a: Volcarona|Roost|p1a: Volcarona
|-heal|p1a: Volcarona|85/100
|-singleturn|p1a: Volcarona|move: Roost
|move|p2a: gimme love|Psychic|p1a: Volcarona
|-damage|p1a: Volcarona|52/100
|
|upkeep
|turn|53
|
|t:|1626457713
|move|p1a: Volcarona|Fiery Dance|p2a: gimme love
|-damage|p2a: gimme love|32/100
|-boost|p1a: Volcarona|spa|1
|move|p2a: gimme love|Future Sight|p1a: Volcarona
|-start|p2a: gimme love|move: Future Sight
|
|upkeep
|turn|54
|inactive|BestixL has 120 seconds left.
|
|t:|1626457747
|switch|p2a: Itsuki|Clefable, F|57/100
|move|p1a: Volcarona|Fiery Dance|p2a: Itsuki
|-damage|p2a: Itsuki|24/100
|
|upkeep
|turn|55
|
|t:|1626457753
|move|p1a: Volcarona|Fiery Dance|p2a: Itsuki
|-damage|p2a: Itsuki|0 fnt
|faint|p2a: Itsuki
|
|-end|p1a: Volcarona|move: Future Sight
|-damage|p1a: Volcarona|5/100
|upkeep
|c|☆BestixL|gg
|-message|BestixL forfeited.
|
|win|Lt83AQ Fusien
|raw|Lt83AQ Fusien's rating: 1658 &rarr; <strong>1686</strong><br />(+28 for winning)
|raw|BestixL's rating: 1811 &rarr; <strong>1783</strong><br />(-28 for losing)
|c|☆Lt83AQ Fusien|Gg
|l|☆BestixL
|l| Der Waldgang
||Ladder isn't responding, score probably updated but might not have (Request timeout).
