|raw|<div class="broadcast-blue"><strong>This battle is required to be public due to a player having a name prefixed by 'LT71LX'.</div>
|j|☆LT71LX REDDIT
|j|☆LT71LX ABR
|t:|1597325174
|player|p1|LT71LX REDDIT|ethan|2097
|player|p2|LT71LX ABR|hilbert-dueldisk|2152
|teamsize|p1|6
|teamsize|p2|6
|gametype|singles
|gen|8
|tier|[Gen 8] OU
|rated|
|clearpoke
|poke|p1|Clefable, M|
|poke|p1|Rotom-Heat|
|poke|p1|Primarina, M|
|poke|p1|Bisharp, F|
|poke|p1|Skarmory, F|
|poke|p1|Zeraora|
|poke|p2|Ditto|
|poke|p2|Quagsire, M|
|poke|p2|Tangrowth, M|
|poke|p2|Toxapex, M|
|poke|p2|Blissey, F|
|poke|p2|Corviknight, M|
|rule|Sleep Clause Mod: Limit one foe put to sleep
|rule|Species Clause: Limit one of each Pokémon
|rule|OHKO Clause: OHKO moves are banned
|rule|Evasion Moves Clause: Evasion moves are banned
|rule|Endless Battle Clause: Forcing endless battles is banned
|rule|HP Percentage Mod: HP is shown in percentages
|rule|Dynamax Clause: You cannot dynamax
|teampreview
|j| Jet
|j| LT71LX Kappucci
|j| hipster garbage
|j| lt71lx juuls
|j| HiroZ
|j| LT71LX Chai
|j| heaven's melody
|j| Free Swimming
|c|☆LT71LX ABR|hf
|j| august
|j| LT71LX Jacked
|j| lt71lx panamaxis
|j| LT71LX LE K
|j| CDNThe3rd
|j| allskillnolucker
|j| X AE A-Xi
|j| LT71LX Sacri'
|j| myboneshurt
|j| JFCope
|j| massive douchebag
|
|t:|1597325215
|start
|switch|p1a: Clefable|Clefable, M|100/100
|switch|p2a: Ditto|Ditto|100/100
|-transform|p2a: Ditto|p1a: Clefable|[from] ability: Imposter
|turn|1
|j| Nickos
|l| hipster garbage
|j| chef sosa
|
|t:|1597325220
|switch|p2a: Blissey|Blissey, F|100/100
|move|p1a: Clefable|Thunder Wave|p2a: Blissey
|-status|p2a: Blissey|par
|
|upkeep
|turn|2
|
|t:|1597325223
|move|p1a: Clefable|Stealth Rock|p2a: Blissey
|-sidestart|p2: LT71LX ABR|move: Stealth Rock
|move|p2a: Blissey|Stealth Rock|p1a: Clefable
|-sidestart|p1: LT71LX REDDIT|move: Stealth Rock
|
|upkeep
|turn|3
|j| nocturne33
|j| Yook Sungjae
|l| Yook Sungjae
|
|t:|1597325231
|switch|p1a: Skarmory|Skarmory, F|100/100
|-damage|p1a: Skarmory|88/100|[from] Stealth Rock
|move|p2a: Blissey|Seismic Toss|p1a: Skarmory
|-damage|p1a: Skarmory|58/100
|-damage|p2a: Blissey|84/100 par|[from] item: Rocky Helmet|[of] p1a: Skarmory
|
|upkeep
|turn|4
|j| LT71LX SW
|
|t:|1597325235
|switch|p2a: Ditto|Ditto|100/100
|-damage|p2a: Ditto|88/100|[from] Stealth Rock
|-transform|p2a: Ditto|p1a: Skarmory|[from] ability: Imposter
|move|p1a: Skarmory|Roost|p1a: Skarmory
|-heal|p1a: Skarmory|100/100
|-singleturn|p1a: Skarmory|move: Roost
|
|upkeep
|turn|5
|
|t:|1597325238
|move|p2a: Ditto|Spikes|p1a: Skarmory
|-sidestart|p1: LT71LX REDDIT|Spikes
|move|p1a: Skarmory|Spikes|p2a: Ditto
|-sidestart|p2: LT71LX ABR|Spikes
|
|upkeep
|turn|6
|j| Rtyuuu
|
|t:|1597325250
|switch|p1a: Bisharp|Bisharp, F|100/100
|-damage|p1a: Bisharp|88/100|[from] Spikes
|-damage|p1a: Bisharp|82/100|[from] Stealth Rock
|move|p2a: Ditto|Spikes|p1a: Bisharp
|-sidestart|p1: LT71LX REDDIT|Spikes
|
|upkeep
|turn|7
|j| lt71lx ACII
|
|t:|1597325265
|switch|p2a: Corviknight|Corviknight, M|100/100
|-damage|p2a: Corviknight|88/100|[from] Stealth Rock
|-ability|p2a: Corviknight|Pressure
|move|p1a: Bisharp|Swords Dance|p1a: Bisharp
|-boost|p1a: Bisharp|atk|2
|
|upkeep
|turn|8
|
|t:|1597325269
|move|p1a: Bisharp|Knock Off|p2a: Corviknight
|-damage|p2a: Corviknight|16/100
|-damage|p1a: Bisharp|65/100|[from] item: Rocky Helmet|[of] p2a: Corviknight
|-enditem|p2a: Corviknight|Rocky Helmet|[from] move: Knock Off|[of] p1a: Bisharp
|move|p2a: Corviknight|Body Press|p1a: Bisharp
|-supereffective|p1a: Bisharp
|-damage|p1a: Bisharp|0 fnt
|faint|p1a: Bisharp
|
|upkeep
|
|t:|1597325272
|switch|p1a: Rotom|Rotom-Heat|100/100
|turn|9
|
|t:|1597325276
|switch|p2a: Blissey|Blissey, F|84/100
|move|p1a: Rotom|Volt Switch|p2a: Blissey
|-damage|p2a: Blissey|75/100
|
|t:|1597325279
|switch|p1a: Zeraora|Zeraora|100/100|[from]move: Volt Switch
|
|upkeep
|turn|10
|
|t:|1597325283
|switch|p2a: Tangrowth|Tangrowth, M|100/100
|-damage|p2a: Tangrowth|88/100|[from] Spikes
|-damage|p2a: Tangrowth|76/100|[from] Stealth Rock
|move|p1a: Zeraora|Knock Off|p2a: Tangrowth
|-damage|p2a: Tangrowth|62/100
|
|upkeep
|turn|11
|j| nemsko
|j| Kei Kikuno
|j| gb uu alt
|
|t:|1597325288
|move|p1a: Zeraora|Volt Switch|p2a: Tangrowth
|-resisted|p2a: Tangrowth
|-damage|p2a: Tangrowth|50/100
|j| During Summer
|
|t:|1597325298
|switch|p1a: Skarmory|Skarmory, F|100/100|[from]move: Volt Switch
|-damage|p1a: Skarmory|88/100|[from] Stealth Rock
|move|p2a: Tangrowth|Knock Off|p1a: Skarmory
|-damage|p1a: Skarmory|74/100
|-damage|p2a: Tangrowth|33/100|[from] item: Rocky Helmet|[of] p1a: Skarmory
|-enditem|p1a: Skarmory|Rocky Helmet|[from] move: Knock Off|[of] p2a: Tangrowth
|
|upkeep
|turn|12
|
|t:|1597325303
|switch|p2a: Toxapex|Toxapex, M|100/100
|-damage|p2a: Toxapex|88/100|[from] Stealth Rock
|-damage|p2a: Toxapex|76/100|[from] Spikes
|move|p1a: Skarmory|Spikes|p2a: Toxapex
|-sidestart|p2: LT71LX ABR|Spikes
|
|upkeep
|turn|13
|j|%Adri
|
|t:|1597325312
|switch|p1a: Clefable|Clefable, M|100/100
|move|p2a: Toxapex|Scald|p1a: Clefable
|-damage|p1a: Clefable|86/100
|
|-heal|p1a: Clefable|92/100|[from] item: Leftovers
|upkeep
|turn|14
|j| TuanNguyen
|j| un vigoroth
|
|t:|1597325320
|move|p1a: Clefable|Moonblast|p2a: Toxapex
|-resisted|p2a: Toxapex
|-damage|p2a: Toxapex|64/100
|move|p2a: Toxapex|Knock Off|p1a: Clefable
|-resisted|p1a: Clefable
|-damage|p1a: Clefable|86/100
|-enditem|p1a: Clefable|Leftovers|[from] move: Knock Off|[of] p2a: Toxapex
|
|upkeep
|turn|15
|
|t:|1597325324
|move|p1a: Clefable|Moonblast|p2a: Toxapex
|-resisted|p2a: Toxapex
|-damage|p2a: Toxapex|52/100
|move|p2a: Toxapex|Scald|p1a: Clefable
|-damage|p1a: Clefable|70/100
|
|upkeep
|turn|16
|
|t:|1597325327
|move|p1a: Clefable|Soft-Boiled|p1a: Clefable
|-heal|p1a: Clefable|100/100
|move|p2a: Toxapex|Recover|p2a: Toxapex
|-heal|p2a: Toxapex|100/100
|
|upkeep
|turn|17
|
|t:|1597325333
|move|p1a: Clefable|Moonblast|p2a: Toxapex
|-resisted|p2a: Toxapex
|-damage|p2a: Toxapex|87/100
|-unboost|p2a: Toxapex|spa|1
|move|p2a: Toxapex|Scald|p1a: Clefable
|-damage|p1a: Clefable|90/100
|-status|p1a: Clefable|brn
|
|upkeep
|turn|18
|j| 30GXE-NOOB
|j| Stareal
|
|t:|1597325351
|move|p1a: Clefable|Stealth Rock||[still]
|-fail|p1a: Clefable
|move|p2a: Toxapex|Scald|p1a: Clefable
|-damage|p1a: Clefable|81/100 brn
|
|upkeep
|turn|19
|
|t:|1597325357
|move|p1a: Clefable|Stealth Rock||[still]
|-fail|p1a: Clefable
|move|p2a: Toxapex|Haze|p2a: Toxapex
|-clearallboost
|
|upkeep
|turn|20
|j| zdw864
|
|t:|1597325362
|move|p1a: Clefable|Stealth Rock||[still]
|-fail|p1a: Clefable
|move|p2a: Toxapex|Scald|p1a: Clefable
|-damage|p1a: Clefable|68/100 brn
|
|upkeep
|turn|21
|j| LT71LX Merm
|j| Aaryan1
|j| Serene Grace
|
|t:|1597325374
|move|p1a: Clefable|Stealth Rock||[still]
|-fail|p1a: Clefable
|move|p2a: Toxapex|Scald|p1a: Clefable
|-damage|p1a: Clefable|52/100 brn
|
|upkeep
|turn|22
|l| Rtyuuu
|j| Zaettsu
|
|t:|1597325378
|move|p1a: Clefable|Moonblast|p2a: Toxapex
|-resisted|p2a: Toxapex
|-damage|p2a: Toxapex|73/100
|-unboost|p2a: Toxapex|spa|1
|move|p2a: Toxapex|Scald|p1a: Clefable
|-damage|p1a: Clefable|41/100 brn
|
|upkeep
|turn|23
|
|t:|1597325386
|switch|p2a: Blissey|Blissey, F|75/100
|move|p1a: Clefable|Moonblast|p2a: Blissey
|-damage|p2a: Blissey|62/100
|
|upkeep
|turn|24
|
|t:|1597325390
|move|p1a: Clefable|Soft-Boiled|p1a: Clefable
|-heal|p1a: Clefable|91/100 brn
|move|p2a: Blissey|Soft-Boiled|p2a: Blissey
|-heal|p2a: Blissey|100/100
|
|upkeep
|turn|25
|
|t:|1597325392
|switch|p1a: Skarmory|Skarmory, F|74/100
|-damage|p1a: Skarmory|62/100|[from] Stealth Rock
|move|p2a: Blissey|Seismic Toss|p1a: Skarmory
|-damage|p1a: Skarmory|32/100
|
|upkeep
|turn|26
|
|t:|1597325397
|switch|p2a: Ditto|Ditto|88/100
|-damage|p2a: Ditto|76/100|[from] Stealth Rock
|-damage|p2a: Ditto|59/100|[from] Spikes
|-transform|p2a: Ditto|p1a: Skarmory|[from] ability: Imposter
|move|p1a: Skarmory|Roost|p1a: Skarmory
|-heal|p1a: Skarmory|82/100
|-singleturn|p1a: Skarmory|move: Roost
|
|upkeep
|turn|27
|
|t:|1597325403
|move|p2a: Ditto|Spikes|p1a: Skarmory
|-sidestart|p1: LT71LX REDDIT|Spikes
|move|p1a: Skarmory|Spikes|p2a: Ditto
|-sidestart|p2: LT71LX ABR|Spikes
|
|upkeep
|turn|28
|
|t:|1597325409
|switch|p2a: Blissey|Blissey, F|100/100
|switch|p1a: Zeraora|Zeraora|100/100
|
|upkeep
|turn|29
|j| BoomBoomBoo
|j| azmpla
|
|t:|1597325416
|move|p1a: Zeraora|Knock Off|p2a: Blissey
|-damage|p2a: Blissey|73/100
|-enditem|p2a: Blissey|Heavy-Duty Boots|[from] move: Knock Off|[of] p1a: Zeraora
|move|p2a: Blissey|Toxic|p1a: Zeraora
|-status|p1a: Zeraora|tox
|
|-damage|p1a: Zeraora|95/100 tox|[from] psn
|upkeep
|turn|30
|j| Heroic Troller
|l| During Summer
|l| 30GXE-NOOB
|j| Rtyuuu
|
|t:|1597325426
|switch|p2a: Tangrowth|Tangrowth, M|67/100
|-damage|p2a: Tangrowth|42/100|[from] Spikes
|-damage|p2a: Tangrowth|29/100|[from] Stealth Rock
|move|p1a: Zeraora|Close Combat|p2a: Tangrowth
|-damage|p2a: Tangrowth|7/100
|-unboost|p1a: Zeraora|def|1
|-unboost|p1a: Zeraora|spd|1
|
|-damage|p1a: Zeraora|83/100 tox|[from] psn
|upkeep
|turn|31
|
|t:|1597325442
|switch|p1a: Rotom|Rotom-Heat|100/100
|switch|p2a: Quagsire|Quagsire, M|100/100
|-damage|p2a: Quagsire|76/100|[from] Spikes
|-damage|p2a: Quagsire|70/100|[from] Stealth Rock
|
|-heal|p2a: Quagsire|76/100|[from] item: Leftovers
|upkeep
|turn|32
|l| LT71LX Chai
|
|t:|1597325447
|move|p1a: Rotom|Toxic|p2a: Quagsire
|-status|p2a: Quagsire|tox
|move|p2a: Quagsire|Recover|p2a: Quagsire
|-heal|p2a: Quagsire|100/100 tox
|
|-damage|p2a: Quagsire|94/100 tox|[from] psn
|upkeep
|turn|33
|l| azmpla
|
|t:|1597325453
|switch|p2a: Blissey|Blissey, F|73/100
|-damage|p2a: Blissey|60/100|[from] Stealth Rock
|-damage|p2a: Blissey|35/100|[from] Spikes
|move|p1a: Rotom|Volt Switch|p2a: Blissey
|-damage|p2a: Blissey|25/100
|
|t:|1597325462
|switch|p1a: Zeraora|Zeraora|83/100 tox|[from]move: Volt Switch
|
|-damage|p1a: Zeraora|77/100 tox|[from] psn
|upkeep
|turn|34
|
|t:|1597325465
|switch|p2a: Quagsire|Quagsire, M|94/100 tox
|-damage|p2a: Quagsire|70/100 tox|[from] Spikes
|-damage|p2a: Quagsire|63/100 tox|[from] Stealth Rock
|move|p1a: Zeraora|Close Combat|p2a: Quagsire
|-damage|p2a: Quagsire|35/100 tox
|-unboost|p1a: Zeraora|def|1
|-unboost|p1a: Zeraora|spd|1
|
|-heal|p2a: Quagsire|41/100 tox|[from] item: Leftovers
|-damage|p1a: Zeraora|65/100 tox|[from] psn
|-damage|p2a: Quagsire|35/100 tox|[from] psn
|upkeep
|turn|35
|j| Zephyyyr
|
|t:|1597325477
|move|p1a: Zeraora|Knock Off|p2a: Quagsire
|-damage|p2a: Quagsire|11/100 tox
|-enditem|p2a: Quagsire|Leftovers|[from] move: Knock Off|[of] p1a: Zeraora
|move|p2a: Quagsire|Recover|p2a: Quagsire
|-heal|p2a: Quagsire|61/100 tox
|
|-damage|p1a: Zeraora|47/100 tox|[from] psn
|-damage|p2a: Quagsire|49/100 tox|[from] psn
|upkeep
|turn|36
|j| LT71LX ayouko
|
|t:|1597325490
|switch|p1a: Rotom|Rotom-Heat|100/100
|move|p2a: Quagsire|Recover|p2a: Quagsire
|-heal|p2a: Quagsire|99/100 tox
|
|-damage|p2a: Quagsire|80/100 tox|[from] psn
|upkeep
|turn|37
|j| hhhhhxxxxx931786
|j| a44330099
|
|t:|1597325497
|move|p1a: Rotom|Volt Switch|p2a: Quagsire
|-immune|p2a: Quagsire
|move|p2a: Quagsire|Toxic|p1a: Rotom
|-status|p1a: Rotom|tox
|
|-damage|p1a: Rotom|95/100 tox|[from] psn
|-damage|p2a: Quagsire|56/100 tox|[from] psn
|upkeep
|turn|38
|j| touhoukhoa
|
|t:|1597325503
|move|p1a: Rotom|Volt Switch|p2a: Quagsire
|-immune|p2a: Quagsire
|move|p2a: Quagsire|Recover|p2a: Quagsire
|-heal|p2a: Quagsire|100/100 tox
|
|-damage|p1a: Rotom|83/100 tox|[from] psn
|-damage|p2a: Quagsire|70/100 tox|[from] psn
|upkeep
|turn|39
|l| X AE A-Xi
|
|t:|1597325509
|move|p1a: Rotom|Volt Switch|p2a: Quagsire
|-immune|p2a: Quagsire
|move|p2a: Quagsire|Recover|p2a: Quagsire
|-heal|p2a: Quagsire|100/100 tox
|
|-damage|p1a: Rotom|65/100 tox|[from] psn
|-damage|p2a: Quagsire|64/100 tox|[from] psn
|upkeep
|turn|40
|j| Jey2
|
|t:|1597325512
|move|p1a: Rotom|Overheat|p2a: Quagsire
|-resisted|p2a: Quagsire
|-damage|p2a: Quagsire|38/100 tox
|-unboost|p1a: Rotom|spa|2
|move|p2a: Quagsire|Scald|p1a: Rotom
|-supereffective|p1a: Rotom
|-damage|p1a: Rotom|33/100 tox
|
|-damage|p1a: Rotom|9/100 tox|[from] psn
|-damage|p2a: Quagsire|0 fnt|[from] psn
|faint|p2a: Quagsire
|upkeep
|
|t:|1597325517
|switch|p2a: Ditto|Ditto|59/100
|-damage|p2a: Ditto|47/100|[from] Stealth Rock
|-damage|p2a: Ditto|22/100|[from] Spikes
|-transform|p2a: Ditto|p1a: Rotom|[from] ability: Imposter
|turn|41
|
|t:|1597325524
|move|p2a: Ditto|Overheat|p1a: Rotom
|-resisted|p1a: Rotom
|-damage|p1a: Rotom|0 fnt
|-unboost|p2a: Ditto|spa|2
|faint|p1a: Rotom
|
|upkeep
|
|t:|1597325529
|switch|p1a: Primarina|Primarina, M|100/100
|-damage|p1a: Primarina|76/100|[from] Spikes
|-damage|p1a: Primarina|63/100|[from] Stealth Rock
|turn|42
|j| xImRaptor
|j|+Cdumas
|l| lt71lx ACII
|
|t:|1597325550
|move|p2a: Ditto|Overheat|p1a: Primarina
|-resisted|p1a: Primarina
|-damage|p1a: Primarina|57/100
|-unboost|p2a: Ditto|spa|2
|move|p1a: Primarina|Substitute|p1a: Primarina
|-start|p1a: Primarina|Substitute
|-damage|p1a: Primarina|32/100
|
|-heal|p1a: Primarina|38/100|[from] item: Leftovers
|upkeep
|turn|43
|j| LT71LX Newal
|
|t:|1597325554
|switch|p2a: Toxapex|Toxapex, M|100/100
|-damage|p2a: Toxapex|88/100|[from] Stealth Rock
|-damage|p2a: Toxapex|64/100|[from] Spikes
|move|p1a: Primarina|Calm Mind|p1a: Primarina
|-boost|p1a: Primarina|spa|1
|-boost|p1a: Primarina|spd|1
|
|-heal|p1a: Primarina|44/100|[from] item: Leftovers
|upkeep
|turn|44
|j| dNeon
|
|t:|1597325557
|move|p1a: Primarina|Scald|p2a: Toxapex
|-resisted|p2a: Toxapex
|-damage|p2a: Toxapex|44/100
|move|p2a: Toxapex|Knock Off|p1a: Primarina
|-resisted|p1a: Primarina
|-activate|p1a: Primarina|move: Substitute|[damage]
|
|-heal|p1a: Primarina|50/100|[from] item: Leftovers
|upkeep
|turn|45
|
|t:|1597325562
|move|p1a: Primarina|Scald|p2a: Toxapex
|-resisted|p2a: Toxapex
|-damage|p2a: Toxapex|23/100
|move|p2a: Toxapex|Recover|p2a: Toxapex
|-heal|p2a: Toxapex|73/100
|
|-heal|p1a: Primarina|56/100|[from] item: Leftovers
|upkeep
|turn|46
|
|t:|1597325565
|move|p1a: Primarina|Scald|p2a: Toxapex
|-resisted|p2a: Toxapex
|-damage|p2a: Toxapex|51/100
|-status|p2a: Toxapex|brn
|move|p2a: Toxapex|Knock Off|p1a: Primarina
|-resisted|p1a: Primarina
|-activate|p1a: Primarina|move: Substitute|[damage]
|
|-heal|p1a: Primarina|63/100|[from] item: Leftovers
|-damage|p2a: Toxapex|45/100 brn|[from] brn
|upkeep
|turn|47
|
|t:|1597325569
|move|p1a: Primarina|Calm Mind|p1a: Primarina
|-boost|p1a: Primarina|spa|1
|-boost|p1a: Primarina|spd|1
|move|p2a: Toxapex|Recover|p2a: Toxapex
|-heal|p2a: Toxapex|95/100 brn
|
|-heal|p1a: Primarina|69/100|[from] item: Leftovers
|-damage|p2a: Toxapex|89/100 brn|[from] brn
|upkeep
|turn|48
|
|t:|1597325572
|move|p1a: Primarina|Moonblast|p2a: Toxapex
|-resisted|p2a: Toxapex
|-damage|p2a: Toxapex|58/100 brn
|move|p2a: Toxapex|Haze|p2a: Toxapex
|-clearallboost
|
|-heal|p1a: Primarina|75/100|[from] item: Leftovers
|-damage|p2a: Toxapex|52/100 brn|[from] brn
|upkeep
|turn|49
|
|t:|1597325574
|move|p1a: Primarina|Calm Mind|p1a: Primarina
|-boost|p1a: Primarina|spa|1
|-boost|p1a: Primarina|spd|1
|move|p2a: Toxapex|Haze|p2a: Toxapex
|-clearallboost
|
|-heal|p1a: Primarina|81/100|[from] item: Leftovers
|-damage|p2a: Toxapex|46/100 brn|[from] brn
|upkeep
|turn|50
|
|t:|1597325577
|move|p1a: Primarina|Moonblast|p2a: Toxapex
|-resisted|p2a: Toxapex
|-damage|p2a: Toxapex|30/100 brn
|-unboost|p2a: Toxapex|spa|1
|move|p2a: Toxapex|Recover|p2a: Toxapex
|-heal|p2a: Toxapex|80/100 brn
|
|-heal|p1a: Primarina|87/100|[from] item: Leftovers
|-damage|p2a: Toxapex|74/100 brn|[from] brn
|upkeep
|turn|51
|
|t:|1597325581
|move|p1a: Primarina|Moonblast|p2a: Toxapex
|-resisted|p2a: Toxapex
|-damage|p2a: Toxapex|56/100 brn
|-unboost|p2a: Toxapex|spa|1
|move|p2a: Toxapex|Haze|p2a: Toxapex
|-clearallboost
|
|-heal|p1a: Primarina|93/100|[from] item: Leftovers
|-damage|p2a: Toxapex|50/100 brn|[from] brn
|upkeep
|turn|52
|l| CDNThe3rd
|
|t:|1597325584
|move|p1a: Primarina|Calm Mind|p1a: Primarina
|-boost|p1a: Primarina|spa|1
|-boost|p1a: Primarina|spd|1
|move|p2a: Toxapex|Haze|p2a: Toxapex
|-clearallboost
|
|-heal|p1a: Primarina|99/100|[from] item: Leftovers
|-damage|p2a: Toxapex|44/100 brn|[from] brn
|upkeep
|turn|53
|j| TheOnlyGhads
|
|t:|1597325587
|move|p1a: Primarina|Calm Mind|p1a: Primarina
|-boost|p1a: Primarina|spa|1
|-boost|p1a: Primarina|spd|1
|move|p2a: Toxapex|Haze|p2a: Toxapex
|-clearallboost
|
|-heal|p1a: Primarina|100/100|[from] item: Leftovers
|-damage|p2a: Toxapex|38/100 brn|[from] brn
|upkeep
|turn|54
|j| forprocrastinating
|j| CDNThe3rd
|
|t:|1597325589
|move|p1a: Primarina|Calm Mind|p1a: Primarina
|-boost|p1a: Primarina|spa|1
|-boost|p1a: Primarina|spd|1
|move|p2a: Toxapex|Recover|p2a: Toxapex
|-heal|p2a: Toxapex|88/100 brn
|
|-damage|p2a: Toxapex|82/100 brn|[from] brn
|upkeep
|turn|55
|l| chef sosa
|
|t:|1597325591
|move|p1a: Primarina|Moonblast|p2a: Toxapex
|-resisted|p2a: Toxapex
|-damage|p2a: Toxapex|59/100 brn
|-unboost|p2a: Toxapex|spa|1
|move|p2a: Toxapex|Haze|p2a: Toxapex
|-clearallboost
|
|-damage|p2a: Toxapex|53/100 brn|[from] brn
|upkeep
|turn|56
|j| mekane
|
|t:|1597325595
|move|p1a: Primarina|Scald|p2a: Toxapex
|-resisted|p2a: Toxapex
|-damage|p2a: Toxapex|40/100 brn
|move|p2a: Toxapex|Haze|p2a: Toxapex
|-clearallboost
|
|-damage|p2a: Toxapex|34/100 brn|[from] brn
|upkeep
|turn|57
|
|t:|1597325601
|move|p1a: Primarina|Calm Mind|p1a: Primarina
|-boost|p1a: Primarina|spa|1
|-boost|p1a: Primarina|spd|1
|move|p2a: Toxapex|Recover|p2a: Toxapex
|-heal|p2a: Toxapex|84/100 brn
|
|-damage|p2a: Toxapex|78/100 brn|[from] brn
|upkeep
|turn|58
|
|t:|1597325606
|move|p1a: Primarina|Scald|p2a: Toxapex
|-resisted|p2a: Toxapex
|-damage|p2a: Toxapex|59/100 brn
|move|p2a: Toxapex|Haze|p2a: Toxapex
|-clearallboost
|
|-damage|p2a: Toxapex|53/100 brn|[from] brn
|upkeep
|turn|59
|
|t:|1597325609
|move|p1a: Primarina|Calm Mind|p1a: Primarina
|-boost|p1a: Primarina|spa|1
|-boost|p1a: Primarina|spd|1
|move|p2a: Toxapex|Haze|p2a: Toxapex
|-clearallboost
|
|-damage|p2a: Toxapex|47/100 brn|[from] brn
|upkeep
|turn|60
|
|t:|1597325612
|move|p1a: Primarina|Calm Mind|p1a: Primarina
|-boost|p1a: Primarina|spa|1
|-boost|p1a: Primarina|spd|1
|move|p2a: Toxapex|Recover|p2a: Toxapex
|-heal|p2a: Toxapex|97/100 brn
|
|-damage|p2a: Toxapex|91/100 brn|[from] brn
|upkeep
|turn|61
|
|t:|1597325614
|move|p1a: Primarina|Moonblast|p2a: Toxapex
|-resisted|p2a: Toxapex
|-damage|p2a: Toxapex|67/100 brn
|move|p2a: Toxapex|Haze|p2a: Toxapex
|-clearallboost
|
|-damage|p2a: Toxapex|61/100 brn|[from] brn
|upkeep
|turn|62
|l| LT71LX LE K
|l| Jet
|
|t:|1597325624
|move|p1a: Primarina|Moonblast|p2a: Toxapex
|-resisted|p2a: Toxapex
|-damage|p2a: Toxapex|45/100 brn
|move|p2a: Toxapex|Haze|p2a: Toxapex
|-clearallboost
|
|-damage|p2a: Toxapex|39/100 brn|[from] brn
|upkeep
|turn|63
|
|t:|1597325628
|move|p1a: Primarina|Calm Mind|p1a: Primarina
|-boost|p1a: Primarina|spa|1
|-boost|p1a: Primarina|spd|1
|move|p2a: Toxapex|Recover|p2a: Toxapex
|-heal|p2a: Toxapex|89/100 brn
|
|-damage|p2a: Toxapex|83/100 brn|[from] brn
|upkeep
|turn|64
|j| azmpla
|
|t:|1597325637
|move|p1a: Primarina|Moonblast|p2a: Toxapex
|-resisted|p2a: Toxapex
|-damage|p2a: Toxapex|59/100 brn
|-unboost|p2a: Toxapex|spa|1
|move|p2a: Toxapex|Haze|p2a: Toxapex
|-clearallboost
|
|-damage|p2a: Toxapex|53/100 brn|[from] brn
|upkeep
|turn|65
|j| lt71lx ACII
|
|t:|1597325641
|move|p1a: Primarina|Calm Mind|p1a: Primarina
|-boost|p1a: Primarina|spa|1
|-boost|p1a: Primarina|spd|1
|move|p2a: Toxapex|Haze|p2a: Toxapex
|-clearallboost
|
|-damage|p2a: Toxapex|47/100 brn|[from] brn
|upkeep
|turn|66
|
|t:|1597325644
|move|p1a: Primarina|Scald|p2a: Toxapex
|-resisted|p2a: Toxapex
|-damage|p2a: Toxapex|33/100 brn
|move|p2a: Toxapex|Recover|p2a: Toxapex
|-heal|p2a: Toxapex|83/100 brn
|
|-damage|p2a: Toxapex|77/100 brn|[from] brn
|upkeep
|turn|67
|
|t:|1597325646
|move|p1a: Primarina|Scald|p2a: Toxapex
|-resisted|p2a: Toxapex
|-damage|p2a: Toxapex|62/100 brn
|move|p2a: Toxapex|Haze|p2a: Toxapex
|-clearallboost
|
|-damage|p2a: Toxapex|56/100 brn|[from] brn
|upkeep
|turn|68
|
|t:|1597325648
|move|p1a: Primarina|Scald|p2a: Toxapex
|-resisted|p2a: Toxapex
|-damage|p2a: Toxapex|41/100 brn
|move|p2a: Toxapex|Haze|p2a: Toxapex
|-clearallboost
|
|-damage|p2a: Toxapex|35/100 brn|[from] brn
|upkeep
|turn|69
|
|t:|1597325650
|move|p1a: Primarina|Calm Mind|p1a: Primarina
|-boost|p1a: Primarina|spa|1
|-boost|p1a: Primarina|spd|1
|move|p2a: Toxapex|Recover|p2a: Toxapex
|-heal|p2a: Toxapex|85/100 brn
|
|-damage|p2a: Toxapex|79/100 brn|[from] brn
|upkeep
|turn|70
|
|t:|1597325653
|move|p1a: Primarina|Moonblast|p2a: Toxapex
|-resisted|p2a: Toxapex
|-crit|p2a: Toxapex
|-damage|p2a: Toxapex|45/100 brn
|move|p2a: Toxapex|Haze|p2a: Toxapex
|-clearallboost
|
|-damage|p2a: Toxapex|39/100 brn|[from] brn
|upkeep
|turn|71
|
|t:|1597325658
|move|p1a: Primarina|Calm Mind|p1a: Primarina
|-boost|p1a: Primarina|spa|1
|-boost|p1a: Primarina|spd|1
|move|p2a: Toxapex|Recover|p2a: Toxapex
|-heal|p2a: Toxapex|89/100 brn
|
|-damage|p2a: Toxapex|83/100 brn|[from] brn
|upkeep
|turn|72
|
|t:|1597325660
|move|p1a: Primarina|Moonblast|p2a: Toxapex
|-resisted|p2a: Toxapex
|-damage|p2a: Toxapex|58/100 brn
|move|p2a: Toxapex|Haze|p2a: Toxapex
|-clearallboost
|
|-damage|p2a: Toxapex|52/100 brn|[from] brn
|upkeep
|turn|73
|
|t:|1597325664
|move|p1a: Primarina|Moonblast|p2a: Toxapex
|-resisted|p2a: Toxapex
|-damage|p2a: Toxapex|34/100 brn
|move|p2a: Toxapex|Haze|p2a: Toxapex
|-clearallboost
|
|-damage|p2a: Toxapex|29/100 brn|[from] brn
|upkeep
|turn|74
|
|t:|1597325667
|move|p1a: Primarina|Calm Mind|p1a: Primarina
|-boost|p1a: Primarina|spa|1
|-boost|p1a: Primarina|spd|1
|move|p2a: Toxapex|Recover|p2a: Toxapex
|-heal|p2a: Toxapex|79/100 brn
|
|-damage|p2a: Toxapex|73/100 brn|[from] brn
|upkeep
|turn|75
|c| allskillnolucker|abr bracin' for that drop in points
|
|t:|1597325671
|move|p1a: Primarina|Scald|p2a: Toxapex
|-resisted|p2a: Toxapex
|-damage|p2a: Toxapex|53/100 brn
|move|p2a: Toxapex|Haze|p2a: Toxapex
|-clearallboost
|
|-damage|p2a: Toxapex|47/100 brn|[from] brn
|upkeep
|turn|76
|
|t:|1597325675
|move|p1a: Primarina|Calm Mind|p1a: Primarina
|-boost|p1a: Primarina|spa|1
|-boost|p1a: Primarina|spd|1
|move|p2a: Toxapex|Recover|p2a: Toxapex
|-heal|p2a: Toxapex|97/100 brn
|
|-damage|p2a: Toxapex|91/100 brn|[from] brn
|upkeep
|turn|77
|
|t:|1597325680
|move|p1a: Primarina|Scald|p2a: Toxapex
|-resisted|p2a: Toxapex
|-crit|p2a: Toxapex
|-damage|p2a: Toxapex|57/100 brn
|move|p2a: Toxapex|Haze|p2a: Toxapex
|-clearallboost
|
|-damage|p2a: Toxapex|51/100 brn|[from] brn
|upkeep
|turn|78
|l| xImRaptor
|
|t:|1597325691
|move|p1a: Primarina|Moonblast|p2a: Toxapex
|-resisted|p2a: Toxapex
|-damage|p2a: Toxapex|35/100 brn
|move|p2a: Toxapex|Haze|p2a: Toxapex
|-clearallboost
|
|-damage|p2a: Toxapex|29/100 brn|[from] brn
|upkeep
|turn|79
|n| forprocrastinating|forprocrastinating
|l| azmpla
|
|t:|1597325695
|move|p1a: Primarina|Calm Mind|p1a: Primarina
|-boost|p1a: Primarina|spa|1
|-boost|p1a: Primarina|spd|1
|move|p2a: Toxapex|Recover|p2a: Toxapex
|-heal|p2a: Toxapex|79/100 brn
|
|-damage|p2a: Toxapex|73/100 brn|[from] brn
|upkeep
|turn|80
|
|t:|1597325699
|move|p1a: Primarina|Moonblast|p2a: Toxapex
|-resisted|p2a: Toxapex
|-damage|p2a: Toxapex|50/100 brn
|-unboost|p2a: Toxapex|spa|1
|move|p2a: Toxapex|Haze|p2a: Toxapex
|-clearallboost
|
|-damage|p2a: Toxapex|44/100 brn|[from] brn
|upkeep
|turn|81
|
|t:|1597325702
|move|p1a: Primarina|Scald|p2a: Toxapex
|-resisted|p2a: Toxapex
|-damage|p2a: Toxapex|31/100 brn
|move|p2a: Toxapex|Recover|p2a: Toxapex
|-heal|p2a: Toxapex|81/100 brn
|
|-damage|p2a: Toxapex|75/100 brn|[from] brn
|upkeep
|turn|82
|j| Commando 55
|c| LT71LX ayouko|1recover.
|
|t:|1597325721
|move|p1a: Primarina|Scald|p2a: Toxapex
|-resisted|p2a: Toxapex
|-damage|p2a: Toxapex|61/100 brn
|move|p2a: Toxapex|Haze|p2a: Toxapex
|-clearallboost
|
|-damage|p2a: Toxapex|55/100 brn|[from] brn
|upkeep
|turn|83
|l| Commando 55
|c| allskillnolucker|primarina is so good
|
|t:|1597325725
|move|p1a: Primarina|Scald|p2a: Toxapex
|-resisted|p2a: Toxapex
|-damage|p2a: Toxapex|41/100 brn
|move|p2a: Toxapex|Haze|p2a: Toxapex
|-clearallboost
|
|-damage|p2a: Toxapex|35/100 brn|[from] brn
|upkeep
|turn|84
|
|t:|1597325730
|move|p1a: Primarina|Calm Mind|p1a: Primarina
|-boost|p1a: Primarina|spa|1
|-boost|p1a: Primarina|spd|1
|move|p2a: Toxapex|Recover|p2a: Toxapex
|-heal|p2a: Toxapex|85/100 brn
|
|-damage|p2a: Toxapex|79/100 brn|[from] brn
|upkeep
|turn|85
|
|t:|1597325732
|move|p1a: Primarina|Moonblast|p2a: Toxapex
|-resisted|p2a: Toxapex
|-damage|p2a: Toxapex|53/100 brn
|move|p2a: Toxapex|Haze|p2a: Toxapex
|-clearallboost
|
|-damage|p2a: Toxapex|47/100 brn|[from] brn
|upkeep
|turn|86
|
|t:|1597325738
|move|p1a: Primarina|Moonblast|p2a: Toxapex
|-resisted|p2a: Toxapex
|-damage|p2a: Toxapex|32/100 brn
|-unboost|p2a: Toxapex|spa|1
|move|p2a: Toxapex|Haze|p2a: Toxapex
|-clearallboost
|
|-damage|p2a: Toxapex|26/100 brn|[from] brn
|upkeep
|turn|87
|
|t:|1597325741
|move|p1a: Primarina|Scald|p2a: Toxapex
|-resisted|p2a: Toxapex
|-damage|p2a: Toxapex|12/100 brn
|move|p2a: Toxapex|Haze|p2a: Toxapex
|-clearallboost
|
|-damage|p2a: Toxapex|6/100 brn|[from] brn
|upkeep
|turn|88
|l| mekane
|-message|LT71LX ABR forfeited.
|
|win|LT71LX REDDIT
|c|☆LT71LX ABR|gg
|c|☆LT71LX REDDIT|gg
|l|☆LT71LX ABR
|raw|LT71LX REDDIT's rating: 2074 &rarr; <strong>2099</strong><br />(+25 for winning)
|raw|LT71LX ABR's rating: 2152 &rarr; <strong>2128</strong><br />(-24 for losing)
|c| allskillnolucker|gottem
|l| heaven's melody
|c| allskillnolucker|fkin braindead stall
|l|+Cdumas
|l| LT71LX ayouko
|l| Stareal
|l| TheOnlyGhads
|l| un vigoroth
|l| Jey2
|l| lt71lx ACII
|l|☆LT71LX REDDIT
|l| a44330099
|l| allskillnolucker
|c| lt71lx juuls|lets goo reddit!
|l| HiroZ
|c| lt71lx juuls|:D
|j| SanJl
|l| lt71lx panamaxis
|l| lt71lx juuls
|l| Free Swimming
|j| LT71LX LE K
|l| august
|l| JFCope
|l| nemsko
|l| touhoukhoa
|l| SanJl
|l| LT71LX LE K
|l| Kei Kikuno
|l| LT71LX Merm
|l| Zaettsu
|n| Heroic Troller|heroictroller
|l| Heroic Troller
|l|%Adri
|l| BoomBoomBoo
|l| nocturne33
|l| LT71LX Kappucci
|l| LT71LX Jacked
|c| Aaryan1|lol
|l| LT71LX SW
|l| CDNThe3rd
|l| hhhhhxxxxx931786
|l| Aaryan1
|l| Serene Grace
