|j|☆ty-tyui↻
|j|☆BrothaOptions
|t:|1666998028
|gametype|singles
|player|p1|ty-tyui↻|surfer|1696
|player|p2|BrothaOptions|flannery|1713
|teamsize|p1|6
|teamsize|p2|6
|gen|8
|tier|[Gen 8] OU
|rated|
|rule|Sleep Clause Mod: Limit one foe put to sleep
|rule|Species Clause: Limit one of each Pokémon
|rule|OHKO Clause: OHKO moves are banned
|rule|Evasion Items Clause: Evasion items are banned
|rule|Evasion Moves Clause: Evasion moves are banned
|rule|Endless Battle Clause: Forcing endless battles is banned
|rule|HP Percentage Mod: HP is shown in percentages
|rule|Dynamax Clause: You cannot dynamax
|clearpoke
|poke|p1|Mienshao, M|
|poke|p1|Ninetales-Alola, F|
|poke|p1|Blacephalon|
|poke|p1|Landorus-Therian, M|
|poke|p1|Corviknight, M|
|poke|p1|Rotom-Wash|
|poke|p2|Kingler, M|
|poke|p2|Clefable, F|
|poke|p2|Tornadus-Therian, M|
|poke|p2|Heatran, M|
|poke|p2|Rillaboom, F|
|poke|p2|Dragapult, M|
|teampreview
|
|t:|1666998034
|start
|switch|p1a: Ninetales|Ninetales-Alola, F|100/100
|switch|p2a: Kingler|Kingler, M|100/100
|-weather|Hail|[from] ability: Snow Warning|[of] p1a: Ninetales
|turn|1
|
|t:|1666998044
|switch|p2a: Heatran|Heatran, M|100/100
|move|p1a: Ninetales|Freeze-Dry|p2a: Heatran
|-resisted|p2a: Heatran
|-damage|p2a: Heatran|95/100
|
|-weather|Hail|[upkeep]
|-damage|p2a: Heatran|89/100|[from] Hail
|-heal|p2a: Heatran|95/100|[from] item: Leftovers
|upkeep
|turn|2
|
|t:|1666998048
|switch|p1a: Rotom|Rotom-Wash|100/100
|move|p2a: Heatran|Stealth Rock|p1a: Rotom
|-sidestart|p1: ty-tyui↻|move: Stealth Rock
|
|-weather|Hail|[upkeep]
|-damage|p1a: Rotom|94/100|[from] Hail
|-damage|p2a: Heatran|89/100|[from] Hail
|-heal|p1a: Rotom|100/100|[from] item: Leftovers
|-heal|p2a: Heatran|95/100|[from] item: Leftovers
|upkeep
|turn|3
|
|t:|1666998052
|switch|p2a: Rillaboom|Rillaboom, F|100/100
|-fieldstart|move: Grassy Terrain|[from] ability: Grassy Surge|[of] p2a: Rillaboom
|move|p1a: Rotom|Hydro Pump|p2a: Rillaboom
|-resisted|p2a: Rillaboom
|-crit|p2a: Rillaboom
|-damage|p2a: Rillaboom|60/100
|
|-weather|Hail|[upkeep]
|-damage|p2a: Rillaboom|54/100|[from] Hail
|-damage|p1a: Rotom|94/100|[from] Hail
|-heal|p2a: Rillaboom|60/100|[from] Grassy Terrain
|-heal|p1a: Rotom|100/100|[from] item: Leftovers
|upkeep
|turn|4
|
|t:|1666998056
|move|p2a: Rillaboom|Knock Off|p1a: Rotom
|-damage|p1a: Rotom|46/100
|-enditem|p1a: Rotom|Leftovers|[from] move: Knock Off|[of] p2a: Rillaboom
|move|p1a: Rotom|Thunder Wave|p2a: Rillaboom
|-status|p2a: Rillaboom|par
|
|-weather|Hail|[upkeep]
|-damage|p1a: Rotom|40/100|[from] Hail
|-damage|p2a: Rillaboom|54/100 par|[from] Hail
|-heal|p2a: Rillaboom|60/100 par|[from] Grassy Terrain
|upkeep
|turn|5
|
|t:|1666998062
|switch|p1a: Corviknight|Corviknight, M|100/100
|-damage|p1a: Corviknight|88/100|[from] Stealth Rock
|-ability|p1a: Corviknight|Pressure
|cant|p2a: Rillaboom|par
|
|-weather|none
|-heal|p2a: Rillaboom|66/100 par|[from] Grassy Terrain
|upkeep
|turn|6
|
|t:|1666998066
|move|p1a: Corviknight|Defog|p2a: Rillaboom
|-unboost|p2a: Rillaboom|evasion|1
|-sideend|p1: ty-tyui↻|Stealth Rock|[from] move: Defog|[of] p1a: Corviknight
|-fieldend|move: Grassy Terrain
|move|p2a: Rillaboom|Knock Off|p1a: Corviknight
|-damage|p1a: Corviknight|54/100
|-damage|p2a: Rillaboom|50/100 par|[from] item: Rocky Helmet|[of] p1a: Corviknight
|-enditem|p1a: Corviknight|Rocky Helmet|[from] move: Knock Off|[of] p2a: Rillaboom
|
|upkeep
|turn|7
|
|t:|1666998071
|switch|p2a: Heatran|Heatran, M|95/100
|move|p1a: Corviknight|U-turn|p2a: Heatran
|-resisted|p2a: Heatran
|-damage|p2a: Heatran|92/100
|
|t:|1666998075
|switch|p1a: Rotom|Rotom-Wash|40/100|[from]move: U-turn
|
|-heal|p2a: Heatran|98/100|[from] item: Leftovers
|upkeep
|turn|8
|
|t:|1666998078
|move|p1a: Rotom|Pain Split|p2a: Heatran
|-sethp|p2a: Heatran|64/100|[from] move: Pain Split|[silent]
|-sethp|p1a: Rotom|82/100|[from] move: Pain Split
|move|p2a: Heatran|Stealth Rock|p1a: Rotom
|-sidestart|p1: ty-tyui↻|move: Stealth Rock
|
|-heal|p2a: Heatran|71/100|[from] item: Leftovers
|upkeep
|turn|9
|
|t:|1666998081
|switch|p2a: Rillaboom|Rillaboom, F|50/100 par
|-fieldstart|move: Grassy Terrain|[from] ability: Grassy Surge|[of] p2a: Rillaboom
|move|p1a: Rotom|Volt Switch|p2a: Rillaboom
|-resisted|p2a: Rillaboom
|-damage|p2a: Rillaboom|32/100 par
|
|t:|1666998084
|switch|p1a: Corviknight|Corviknight, M|54/100|[from]move: Volt Switch
|-damage|p1a: Corviknight|41/100|[from] Stealth Rock
|-ability|p1a: Corviknight|Pressure
|
|-heal|p2a: Rillaboom|38/100 par|[from] Grassy Terrain
|upkeep
|turn|10
|
|t:|1666998086
|move|p1a: Corviknight|Roost|p1a: Corviknight
|-heal|p1a: Corviknight|91/100
|-singleturn|p1a: Corviknight|move: Roost
|cant|p2a: Rillaboom|par
|
|-heal|p1a: Corviknight|98/100|[from] Grassy Terrain
|-heal|p2a: Rillaboom|44/100 par|[from] Grassy Terrain
|upkeep
|turn|11
|
|t:|1666998089
|switch|p2a: Heatran|Heatran, M|71/100
|move|p1a: Corviknight|Defog|p2a: Heatran
|-unboost|p2a: Heatran|evasion|1
|-sideend|p1: ty-tyui↻|Stealth Rock|[from] move: Defog|[of] p1a: Corviknight
|-fieldend|move: Grassy Terrain
|
|-heal|p2a: Heatran|77/100|[from] item: Leftovers
|upkeep
|turn|12
|
|t:|1666998093
|move|p2a: Heatran|Stealth Rock|p1a: Corviknight
|-sidestart|p1: ty-tyui↻|move: Stealth Rock
|move|p1a: Corviknight|U-turn|p2a: Heatran
|-resisted|p2a: Heatran
|-damage|p2a: Heatran|74/100
|
|t:|1666998097
|switch|p1a: Mienshao|Mienshao, M, shiny|100/100|[from]move: U-turn
|-damage|p1a: Mienshao|94/100|[from] Stealth Rock
|
|-heal|p2a: Heatran|80/100|[from] item: Leftovers
|upkeep
|turn|13
|
|t:|1666998100
|switch|p2a: Clefable|Clefable, F|100/100
|move|p1a: Mienshao|Knock Off|p2a: Clefable
|-resisted|p2a: Clefable
|-damage|p2a: Clefable|83/100
|-enditem|p2a: Clefable|Leftovers|[from] move: Knock Off|[of] p1a: Mienshao
|-damage|p1a: Mienshao|84/100|[from] item: Life Orb
|
|upkeep
|turn|14
|
|t:|1666998103
|move|p1a: Mienshao|Poison Jab|p2a: Clefable
|-supereffective|p2a: Clefable
|-damage|p2a: Clefable|31/100
|-damage|p1a: Mienshao|74/100|[from] item: Life Orb
|move|p2a: Clefable|Teleport|p2a: Clefable
|
|t:|1666998112
|switch|p2a: Tornadus|Tornadus-Therian, M|100/100|[from]move: Teleport
|
|upkeep
|turn|15
|
|t:|1666998115
|switch|p1a: Rotom|Rotom-Wash|82/100
|-damage|p1a: Rotom|69/100|[from] Stealth Rock
|move|p2a: Tornadus|Nasty Plot|p2a: Tornadus
|-boost|p2a: Tornadus|spa|2
|
|upkeep
|turn|16
|
|t:|1666998119
|move|p2a: Tornadus|Focus Blast|p1a: Rotom|[miss]
|-miss|p2a: Tornadus|p1a: Rotom
|move|p1a: Rotom|Thunder Wave|p2a: Tornadus
|-status|p2a: Tornadus|par
|
|upkeep
|turn|17
|
|t:|1666998126
|move|p1a: Rotom|Volt Switch|p2a: Tornadus
|-supereffective|p2a: Tornadus
|-damage|p2a: Tornadus|42/100 par
|
|t:|1666998130
|switch|p1a: Blacephalon|Blacephalon, shiny|100/100|[from]move: Volt Switch
|-damage|p1a: Blacephalon|76/100|[from] Stealth Rock
|cant|p2a: Tornadus|par
|
|upkeep
|turn|18
|
|t:|1666998135
|move|p1a: Blacephalon|Shadow Ball|p2a: Tornadus
|-damage|p2a: Tornadus|0 fnt
|faint|p2a: Tornadus
|-ability|p1a: Blacephalon|Beast Boost|boost
|-boost|p1a: Blacephalon|spa|1
|
|upkeep
|
|t:|1666998137
|switch|p2a: Dragapult|Dragapult, M|100/100
|turn|19
|
|t:|1666998144
|move|p2a: Dragapult|Shadow Ball|p1a: Blacephalon
|-supereffective|p1a: Blacephalon
|-damage|p1a: Blacephalon|0 fnt
|faint|p1a: Blacephalon
|
|upkeep
|
|t:|1666998150
|switch|p1a: Corviknight|Corviknight, M|98/100
|-damage|p1a: Corviknight|85/100|[from] Stealth Rock
|-ability|p1a: Corviknight|Pressure
|turn|20
|
|t:|1666998156
|switch|p2a: Kingler|Kingler, M|100/100
|move|p1a: Corviknight|Defog|p2a: Kingler
|-unboost|p2a: Kingler|evasion|1
|-sideend|p1: ty-tyui↻|Stealth Rock|[from] move: Defog|[of] p1a: Corviknight
|
|upkeep
|turn|21
|
|t:|1666998161
|switch|p1a: Rotom|Rotom-Wash|69/100
|move|p2a: Kingler|Liquidation|p1a: Rotom
|-resisted|p1a: Rotom
|-damage|p1a: Rotom|25/100
|
|upkeep
|turn|22
|
|t:|1666998167
|move|p2a: Kingler|Liquidation|p1a: Rotom
|-resisted|p1a: Rotom
|-damage|p1a: Rotom|0 fnt
|faint|p1a: Rotom
|
|upkeep
|
|t:|1666998171
|switch|p1a: Ninetales|Ninetales-Alola, F|100/100
|-weather|Hail|[from] ability: Snow Warning|[of] p1a: Ninetales
|turn|23
|
|t:|1666998174
|switch|p1a: Mienshao|Mienshao, M, shiny|100/100
|switch|p2a: Heatran|Heatran, M|80/100
|
|-weather|Hail|[upkeep]
|-damage|p1a: Mienshao|94/100|[from] Hail
|-damage|p2a: Heatran|74/100|[from] Hail
|-heal|p2a: Heatran|80/100|[from] item: Leftovers
|upkeep
|turn|24
|
|t:|1666998184
|switch|p2a: Clefable|Clefable, F|31/100
|move|p1a: Mienshao|Close Combat|p2a: Clefable
|-resisted|p2a: Clefable
|-damage|p2a: Clefable|3/100
|-unboost|p1a: Mienshao|def|1
|-unboost|p1a: Mienshao|spd|1
|-damage|p1a: Mienshao|84/100|[from] item: Life Orb
|
|-weather|Hail|[upkeep]
|-damage|p1a: Mienshao|78/100|[from] Hail
|-damage|p2a: Clefable|0 fnt|[from] Hail
|faint|p2a: Clefable
|upkeep
|
|t:|1666998187
|switch|p2a: Dragapult|Dragapult, M|100/100
|turn|25
|
|t:|1666998198
|switch|p1a: Corviknight|Corviknight, M|85/100
|-ability|p1a: Corviknight|Pressure
|move|p2a: Dragapult|Shadow Ball|p1a: Corviknight
|-damage|p1a: Corviknight|56/100
|-unboost|p1a: Corviknight|spd|1
|
|-weather|Hail|[upkeep]
|-damage|p2a: Dragapult|95/100|[from] Hail
|-damage|p1a: Corviknight|50/100|[from] Hail
|upkeep
|turn|26
|
|t:|1666998201
|switch|p1a: Landorus|Landorus-Therian, M|100/100
|-ability|p1a: Landorus|Intimidate|boost
|-unboost|p2a: Dragapult|atk|1
|move|p2a: Dragapult|Shadow Ball|p1a: Landorus
|-damage|p1a: Landorus|73/100
|
|-weather|Hail|[upkeep]
|-damage|p2a: Dragapult|89/100|[from] Hail
|-damage|p1a: Landorus|67/100|[from] Hail
|-heal|p1a: Landorus|73/100|[from] item: Leftovers
|upkeep
|turn|27
|
|t:|1666998205
|switch|p2a: Rillaboom|Rillaboom, F|44/100 par
|-fieldstart|move: Grassy Terrain|[from] ability: Grassy Surge|[of] p2a: Rillaboom
|move|p1a: Landorus|Stealth Rock|p2a: Rillaboom
|-sidestart|p2: BrothaOptions|move: Stealth Rock
|
|-weather|none
|-heal|p1a: Landorus|79/100|[from] item: Leftovers
|-heal|p2a: Rillaboom|50/100 par|[from] Grassy Terrain
|upkeep
|turn|28
|
|t:|1666998213
|switch|p1a: Corviknight|Corviknight, M|50/100
|-ability|p1a: Corviknight|Pressure
|move|p2a: Rillaboom|Grassy Glide|p1a: Corviknight
|-resisted|p1a: Corviknight
|-damage|p1a: Corviknight|36/100
|
|-heal|p2a: Rillaboom|57/100 par|[from] Grassy Terrain
|upkeep
|turn|29
|
|t:|1666998215
|switch|p2a: Kingler|Kingler, M|100/100
|-damage|p2a: Kingler|88/100|[from] Stealth Rock
|move|p1a: Corviknight|U-turn|p2a: Kingler
|-damage|p2a: Kingler|69/100
|
|t:|1666998243
|switch|p1a: Mienshao|Mienshao, M, shiny|100/100|[from]move: U-turn
|
|-heal|p2a: Kingler|75/100|[from] Grassy Terrain
|upkeep
|turn|30
|
|t:|1666998247
|switch|p2a: Dragapult|Dragapult, M|89/100
|-damage|p2a: Dragapult|76/100|[from] Stealth Rock
|move|p1a: Mienshao|Close Combat|p2a: Dragapult
|-immune|p2a: Dragapult
|
|-heal|p2a: Dragapult|82/100|[from] Grassy Terrain
|upkeep
|turn|31
|j| The Rum Tum Tugger
|
|t:|1666998259
|switch|p1a: Landorus|Landorus-Therian, M|79/100
|-ability|p1a: Landorus|Intimidate|boost
|-unboost|p2a: Dragapult|atk|1
|move|p2a: Dragapult|Draco Meteor|p1a: Landorus
|-damage|p1a: Landorus|30/100
|-unboost|p2a: Dragapult|spa|2
|
|-heal|p2a: Dragapult|88/100|[from] Grassy Terrain
|-heal|p1a: Landorus|36/100|[from] item: Leftovers
|-fieldend|move: Grassy Terrain
|upkeep
|turn|32
|
|t:|1666998262
|switch|p2a: Rillaboom|Rillaboom, F|57/100 par
|-damage|p2a: Rillaboom|44/100 par|[from] Stealth Rock
|-fieldstart|move: Grassy Terrain|[from] ability: Grassy Surge|[of] p2a: Rillaboom
|move|p1a: Landorus|U-turn|p2a: Rillaboom
|-supereffective|p2a: Rillaboom
|-damage|p2a: Rillaboom|0 fnt
|faint|p2a: Rillaboom
|
|t:|1666998271
|switch|p1a: Mienshao|Mienshao, M, shiny|100/100|[from]move: U-turn
|
|upkeep
|
|t:|1666998273
|switch|p2a: Dragapult|Dragapult, M|88/100
|-damage|p2a: Dragapult|76/100|[from] Stealth Rock
|turn|33
|
|t:|1666998279
|switch|p1a: Corviknight|Corviknight, M|36/100
|-ability|p1a: Corviknight|Pressure
|move|p2a: Dragapult|Shadow Ball|p1a: Corviknight
|-damage|p1a: Corviknight|6/100
|
|-heal|p2a: Dragapult|82/100|[from] Grassy Terrain
|upkeep
|turn|34
|
|t:|1666998284
|switch|p2a: Heatran|Heatran, M|80/100
|-damage|p2a: Heatran|68/100|[from] Stealth Rock
|move|p1a: Corviknight|Roost|p1a: Corviknight
|-heal|p1a: Corviknight|56/100
|-singleturn|p1a: Corviknight|move: Roost
|
|-heal|p2a: Heatran|74/100|[from] Grassy Terrain
|-heal|p2a: Heatran|80/100|[from] item: Leftovers
|-heal|p1a: Corviknight|62/100|[from] Grassy Terrain
|upkeep
|turn|35
|
|t:|1666998294
|move|p2a: Heatran|Stealth Rock|p1a: Corviknight
|-sidestart|p1: ty-tyui↻|move: Stealth Rock
|move|p1a: Corviknight|U-turn|p2a: Heatran
|-resisted|p2a: Heatran
|-damage|p2a: Heatran|77/100
|
|t:|1666998297
|switch|p1a: Mienshao|Mienshao, M, shiny|100/100|[from]move: U-turn
|-damage|p1a: Mienshao|94/100|[from] Stealth Rock
|
|-heal|p1a: Mienshao|100/100|[from] Grassy Terrain
|-heal|p2a: Heatran|83/100|[from] Grassy Terrain
|-heal|p2a: Heatran|89/100|[from] item: Leftovers
|upkeep
|turn|36
|
|t:|1666998307
|move|p1a: Mienshao|U-turn|p2a: Heatran
|-resisted|p2a: Heatran
|-damage|p2a: Heatran|83/100
|-damage|p1a: Mienshao|91/100|[from] item: Life Orb
|
|t:|1666998311
|switch|p1a: Landorus|Landorus-Therian, M|36/100|[from]move: U-turn
|-damage|p1a: Landorus|24/100|[from] Stealth Rock
|-ability|p1a: Landorus|Intimidate|boost
|-unboost|p2a: Heatran|atk|1
|move|p2a: Heatran|Magma Storm|p1a: Landorus
|-damage|p1a: Landorus|0 fnt
|faint|p1a: Landorus
|
|-heal|p2a: Heatran|89/100|[from] Grassy Terrain
|-heal|p2a: Heatran|95/100|[from] item: Leftovers
|-fieldend|move: Grassy Terrain
|upkeep
|
|t:|1666998313
|switch|p1a: Mienshao|Mienshao, M, shiny|100/100
|-damage|p1a: Mienshao|94/100|[from] Stealth Rock
|turn|37
|
|t:|1666998318
|switch|p2a: Dragapult|Dragapult, M|82/100
|-damage|p2a: Dragapult|70/100|[from] Stealth Rock
|move|p1a: Mienshao|Knock Off|p2a: Dragapult
|-supereffective|p2a: Dragapult
|-damage|p2a: Dragapult|0 fnt
|-enditem|p2a: Dragapult|Choice Scarf|[from] move: Knock Off|[of] p1a: Mienshao
|faint|p2a: Dragapult
|-damage|p1a: Mienshao|84/100|[from] item: Life Orb
|
|upkeep
|
|t:|1666998320
|switch|p2a: Kingler|Kingler, M|75/100
|-damage|p2a: Kingler|63/100|[from] Stealth Rock
|turn|38
|
|t:|1666998323
|move|p1a: Mienshao|Close Combat|p2a: Kingler
|-damage|p2a: Kingler|0 fnt
|-unboost|p1a: Mienshao|def|1
|-unboost|p1a: Mienshao|spd|1
|faint|p2a: Kingler
|-damage|p1a: Mienshao|74/100|[from] item: Life Orb
|
|upkeep
|c|☆BrothaOptions|gg
|c|☆ty-tyui↻|gg
|-message|BrothaOptions forfeited.
|
|win|ty-tyui↻
|raw|ty-tyui↻'s rating: 1696 &rarr; <strong>1717</strong><br />(+21 for winning)
|raw|BrothaOptions's rating: 1713 &rarr; <strong>1692</strong><br />(-21 for losing)
|l|☆BrothaOptions
