|j|☆70accicebeam
|j|☆Rheinmetal
|t:|1599489249
|player|p1|70accicebeam|161|1388
|player|p2|Rheinmetal|cynthia|1394
|teamsize|p1|6
|teamsize|p2|6
|gametype|singles
|gen|8
|tier|[Gen 8] OU
|rated|
|clearpoke
|poke|p1|Crawdaunt, F|
|poke|p1|Ditto|
|poke|p1|Gengar, F|
|poke|p1|Magnezone|
|poke|p1|Scizor, F|
|poke|p1|Volcarona, F|
|poke|p2|Torkoal, M|
|poke|p2|Charizard, F|
|poke|p2|Venusaur, M|
|poke|p2|Excadrill, F|
|poke|p2|Togekiss, F|
|poke|p2|Urshifu-*, F|
|rule|Sleep Clause Mod: Limit one foe put to sleep
|rule|Species Clause: Limit one of each Pokémon
|rule|OHKO Clause: OHKO moves are banned
|rule|Evasion Moves Clause: Evasion moves are banned
|rule|Endless Battle Clause: Forcing endless battles is banned
|rule|HP Percentage Mod: HP is shown in percentages
|rule|Dynamax Clause: You cannot dynamax
|teampreview
|inactive|Battle timer is ON: inactive players will automatically lose when time's up. (requested by Rheinmetal)
|
|t:|1599489265
|start
|switch|p1a: Ditto|Ditto|100/100
|switch|p2a: Oppenheimer|Torkoal, M|100/100
|-transform|p1a: Ditto|p2a: Oppenheimer|[from] ability: Imposter
|-weather|SunnyDay|[from] ability: Drought|[of] p1a: Ditto
|turn|1
|
|t:|1599489286
|switch|p2a: Nuclear|Charizard, F, shiny|100/100
|move|p1a: Ditto|Stealth Rock|p2a: Nuclear
|-sidestart|p2: Rheinmetal|move: Stealth Rock
|
|-weather|SunnyDay|[upkeep]
|-damage|p2a: Nuclear|88/100|[from] ability: Solar Power|[of] p2a: Nuclear
|upkeep
|turn|2
|
|t:|1599489298
|switch|p1a: Scizor|Scizor, F|100/100
|move|p2a: Nuclear|Weather Ball|p1a: Scizor
|-supereffective|p1a: Scizor
|-damage|p1a: Scizor|0 fnt
|faint|p1a: Scizor
|
|-weather|SunnyDay|[upkeep]
|-damage|p2a: Nuclear|76/100|[from] ability: Solar Power|[of] p2a: Nuclear
|upkeep
|
|t:|1599489303
|switch|p1a: Ditto|Ditto|100/100
|-transform|p1a: Ditto|p2a: Nuclear|[from] ability: Imposter
|turn|3
|
|t:|1599489311
|move|p1a: Ditto|Weather Ball|p2a: Nuclear
|-resisted|p2a: Nuclear
|-damage|p2a: Nuclear|3/100
|move|p2a: Nuclear|Weather Ball|p1a: Ditto
|-resisted|p1a: Ditto
|-damage|p1a: Ditto|0 fnt
|faint|p1a: Ditto
|
|-weather|SunnyDay|[upkeep]
|-damage|p2a: Nuclear|0 fnt|[from] ability: Solar Power|[of] p2a: Nuclear
|faint|p2a: Nuclear
|upkeep
|
|t:|1599489323
|switch|p2a: Excadrill|Excadrill, F|100/100
|switch|p1a: Gengar|Gengar, F|100/100
|-damage|p2a: Excadrill|97/100|[from] Stealth Rock
|-ability|p2a: Excadrill|Mold Breaker
|turn|4
|
|t:|1599489328
|move|p1a: Gengar|Focus Blast|p2a: Excadrill
|-supereffective|p2a: Excadrill
|-damage|p2a: Excadrill|10/100
|move|p2a: Excadrill|Stealth Rock|p1a: Gengar
|-sidestart|p1: 70accicebeam|move: Stealth Rock
|
|-weather|SunnyDay|[upkeep]
|-heal|p2a: Excadrill|17/100|[from] item: Leftovers
|upkeep
|turn|5
|
|t:|1599489335
|switch|p2a: Venusaur|Venusaur, M|100/100
|-damage|p2a: Venusaur|88/100|[from] Stealth Rock
|move|p1a: Gengar|Focus Blast|p2a: Venusaur
|-resisted|p2a: Venusaur
|-damage|p2a: Venusaur|64/100
|
|-weather|none
|upkeep
|turn|6
|
|t:|1599489339
|switch|p1a: Magnezone|Magnezone|100/100
|-damage|p1a: Magnezone|94/100|[from] Stealth Rock
|move|p2a: Venusaur|Earth Power|p1a: Magnezone
|-supereffective|p1a: Magnezone
|-damage|p1a: Magnezone|0 fnt
|-damage|p2a: Venusaur|54/100|[from] item: Life Orb
|faint|p1a: Magnezone
|
|upkeep
|
|t:|1599489349
|switch|p1a: Volcarona|Volcarona, F|100/100
|-damage|p1a: Volcarona|51/100|[from] Stealth Rock
|turn|7
|
|t:|1599489358
|switch|p2a: Oppenheimer|Torkoal, M|100/100
|-damage|p2a: Oppenheimer|75/100|[from] Stealth Rock
|-weather|SunnyDay|[from] ability: Drought|[of] p2a: Oppenheimer
|move|p1a: Volcarona|Quiver Dance|p1a: Volcarona
|-boost|p1a: Volcarona|spa|1
|-boost|p1a: Volcarona|spd|1
|-boost|p1a: Volcarona|spe|1
|
|-weather|SunnyDay|[upkeep]
|-heal|p1a: Volcarona|57/100|[from] item: Leftovers
|upkeep
|turn|8
|
|t:|1599489370
|move|p1a: Volcarona|Quiver Dance|p1a: Volcarona
|-boost|p1a: Volcarona|spa|1
|-boost|p1a: Volcarona|spd|1
|-boost|p1a: Volcarona|spe|1
|move|p2a: Oppenheimer|Lava Plume|p1a: Volcarona
|-damage|p1a: Volcarona|38/100
|
|-weather|SunnyDay|[upkeep]
|-heal|p1a: Volcarona|44/100|[from] item: Leftovers
|upkeep
|turn|9
|
|t:|1599489375
|move|p1a: Volcarona|Quiver Dance|p1a: Volcarona
|-boost|p1a: Volcarona|spa|1
|-boost|p1a: Volcarona|spd|1
|-boost|p1a: Volcarona|spe|1
|move|p2a: Oppenheimer|Rapid Spin|p1a: Volcarona
|-damage|p1a: Volcarona|34/100
|-boost|p2a: Oppenheimer|spe|1
|-sideend|p2: Rheinmetal|Stealth Rock|[from] move: Rapid Spin|[of] p2a: Oppenheimer
|
|-weather|SunnyDay|[upkeep]
|-heal|p1a: Volcarona|40/100|[from] item: Leftovers
|upkeep
|turn|10
|
|t:|1599489380
|move|p1a: Volcarona|Giga Drain|p2a: Oppenheimer
|-resisted|p2a: Oppenheimer
|-damage|p2a: Oppenheimer|24/100
|-heal|p1a: Volcarona|68/100|[from] drain|[of] p2a: Oppenheimer
|move|p2a: Oppenheimer|Lava Plume|p1a: Volcarona
|-damage|p1a: Volcarona|54/100
|
|-weather|SunnyDay|[upkeep]
|-heal|p1a: Volcarona|60/100|[from] item: Leftovers
|upkeep
|turn|11
|
|t:|1599489383
|move|p1a: Volcarona|Giga Drain|p2a: Oppenheimer
|-resisted|p2a: Oppenheimer
|-damage|p2a: Oppenheimer|0 fnt
|-heal|p1a: Volcarona|73/100|[from] drain|[of] p2a: Oppenheimer
|faint|p2a: Oppenheimer
|
|-weather|SunnyDay|[upkeep]
|-heal|p1a: Volcarona|79/100|[from] item: Leftovers
|upkeep
|
|t:|1599489396
|switch|p2a: Urshifu|Urshifu, F|100/100
|turn|12
|
|t:|1599489402
|move|p2a: Urshifu|Sucker Punch|p1a: Volcarona
|-damage|p1a: Volcarona|10/100
|-damage|p2a: Urshifu|91/100|[from] item: Life Orb
|move|p1a: Volcarona|Flamethrower|p2a: Urshifu
|-damage|p2a: Urshifu|0 fnt
|faint|p2a: Urshifu
|
|-weather|SunnyDay|[upkeep]
|-heal|p1a: Volcarona|16/100|[from] item: Leftovers
|upkeep
|
|t:|1599489406
|switch|p2a: Togekiss|Togekiss, F|100/100
|turn|13
|
|t:|1599489409
|move|p1a: Volcarona|Flamethrower|p2a: Togekiss
|-damage|p2a: Togekiss|0 fnt
|faint|p2a: Togekiss
|
|-weather|SunnyDay|[upkeep]
|-heal|p1a: Volcarona|22/100|[from] item: Leftovers
|upkeep
|-message|Rheinmetal forfeited.
|
|win|70accicebeam
|l|☆Rheinmetal
