|raw|<div class="broadcast-blue"><strong>This battle is required to be public due to a player having a name starting with 'lt94je'.</div>
|j|☆GuyguyLaMenace
|j|☆LT94JE tj
|t:|1661320717
|gametype|singles
|player|p1|GuyguyLaMenace|rocker-gen3|1772
|player|p2|LT94JE tj|skyla-masters2|1927
|teamsize|p1|6
|teamsize|p2|6
|gen|8
|tier|[Gen 8] OU
|rated|
|rule|Sleep Clause Mod: Limit one foe put to sleep
|rule|Species Clause: Limit one of each Pokémon
|rule|OHKO Clause: OHKO moves are banned
|rule|Evasion Items Clause: Evasion items are banned
|rule|Evasion Moves Clause: Evasion moves are banned
|rule|Endless Battle Clause: Forcing endless battles is banned
|rule|HP Percentage Mod: HP is shown in percentages
|rule|Dynamax Clause: You cannot dynamax
|clearpoke
|poke|p1|Clefable, M|
|poke|p1|Skarmory, M|
|poke|p1|Blacephalon|
|poke|p1|Heatran, M|
|poke|p1|Gastrodon, F|
|poke|p1|Rillaboom, M|
|poke|p2|Ferrothorn, F|
|poke|p2|Rotom-Wash|
|poke|p2|Tyranitar, F|
|poke|p2|Excadrill, M|
|poke|p2|Clefable, F|
|poke|p2|Dragapult, M|
|teampreview
|inactive|Battle timer is ON: inactive players will automatically lose when time's up. (requested by LT94JE tj)
|
|t:|1661320732
|start
|switch|p1a: Clefable|Clefable, M|100/100
|switch|p2a: Rotom|Rotom-Wash|100/100
|turn|1
|
|t:|1661320736
|move|p2a: Rotom|Volt Switch|p1a: Clefable
|-damage|p1a: Clefable|77/100
|
|t:|1661320741
|switch|p2a: Clefable|Clefable, F|100/100|[from]move: Volt Switch
|move|p1a: Clefable|Knock Off|p2a: Clefable
|-resisted|p2a: Clefable
|-damage|p2a: Clefable|95/100
|-enditem|p2a: Clefable|Rocky Helmet|[from] move: Knock Off|[of] p1a: Clefable
|
|upkeep
|turn|2
|
|t:|1661320745
|move|p2a: Clefable|Knock Off|p1a: Clefable
|-resisted|p1a: Clefable
|-damage|p1a: Clefable|71/100
|-enditem|p1a: Clefable|Rocky Helmet|[from] move: Knock Off|[of] p2a: Clefable
|move|p1a: Clefable|Stealth Rock|p2a: Clefable
|-sidestart|p2: LT94JE tj|move: Stealth Rock
|
|upkeep
|turn|3
|
|t:|1661320749
|move|p2a: Clefable|Stealth Rock|p1a: Clefable
|-sidestart|p1: GuyguyLaMenace|move: Stealth Rock
|move|p1a: Clefable|Moonblast|p2a: Clefable
|-damage|p2a: Clefable|65/100
|-unboost|p2a: Clefable|spa|1
|
|upkeep
|turn|4
|
|t:|1661320752
|move|p2a: Clefable|Soft-Boiled|p2a: Clefable
|-heal|p2a: Clefable|100/100
|move|p1a: Clefable|Soft-Boiled|p1a: Clefable
|-heal|p1a: Clefable|100/100
|
|upkeep
|turn|5
|
|t:|1661320756
|move|p2a: Clefable|Moonblast|p1a: Clefable
|-damage|p1a: Clefable|80/100
|move|p1a: Clefable|Moonblast|p2a: Clefable
|-damage|p2a: Clefable|70/100
|
|upkeep
|turn|6
|
|t:|1661320758
|switch|p2a: Excadrill|Excadrill, M|100/100
|-damage|p2a: Excadrill|97/100|[from] Stealth Rock
|move|p1a: Clefable|Moonblast|p2a: Excadrill
|-resisted|p2a: Excadrill
|-damage|p2a: Excadrill|77/100
|-unboost|p2a: Excadrill|spa|1
|
|-heal|p2a: Excadrill|83/100|[from] item: Leftovers
|upkeep
|turn|7
|j| Palaloukoum
|
|t:|1661320761
|switch|p1a: Skarmory|Skarmory, M|100/100
|-damage|p1a: Skarmory|88/100|[from] Stealth Rock
|move|p2a: Excadrill|Rapid Spin|p1a: Skarmory
|-resisted|p1a: Skarmory
|-damage|p1a: Skarmory|83/100
|-boost|p2a: Excadrill|spe|1
|-damage|p2a: Excadrill|66/100|[from] item: Rocky Helmet|[of] p1a: Skarmory
|-sideend|p2: LT94JE tj|Stealth Rock|[from] move: Rapid Spin|[of] p2a: Excadrill
|
|-heal|p2a: Excadrill|72/100|[from] item: Leftovers
|upkeep
|turn|8
|
|t:|1661320766
|switch|p2a: Dragapult|Dragapult, M|100/100
|move|p1a: Skarmory|Spikes|p2a: Dragapult
|-sidestart|p2: LT94JE tj|Spikes
|
|upkeep
|turn|9
|
|t:|1661320769
|switch|p1a: Gastrodon|Gastrodon, F|100/100
|move|p2a: Dragapult|Shadow Ball|p1a: Gastrodon
|-damage|p1a: Gastrodon|68/100
|
|upkeep
|turn|10
|
|t:|1661320773
|switch|p2a: Rotom|Rotom-Wash|100/100
|move|p1a: Gastrodon|Recover|p1a: Gastrodon
|-heal|p1a: Gastrodon|100/100
|
|upkeep
|turn|11
|
|t:|1661320777
|move|p2a: Rotom|Toxic|p1a: Gastrodon
|-status|p1a: Gastrodon|tox
|move|p1a: Gastrodon|Toxic|p2a: Rotom
|-status|p2a: Rotom|tox
|
|-damage|p2a: Rotom|94/100 tox|[from] psn
|-damage|p1a: Gastrodon|94/100 tox|[from] psn
|upkeep
|turn|12
|
|t:|1661320782
|switch|p2a: Clefable|Clefable, F|70/100
|move|p1a: Gastrodon|Scald|p2a: Clefable
|-damage|p2a: Clefable|45/100
|
|-damage|p1a: Gastrodon|82/100 tox|[from] psn
|upkeep
|turn|13
|j| BeybladeBaboon
|
|t:|1661320787
|switch|p1a: Heatran|Heatran, M|100/100
|-damage|p1a: Heatran|88/100|[from] Stealth Rock
|move|p2a: Clefable|Soft-Boiled|p2a: Clefable
|-heal|p2a: Clefable|95/100
|
|-heal|p1a: Heatran|94/100|[from] item: Leftovers
|upkeep
|turn|14
|
|t:|1661320791
|switch|p2a: Tyranitar|Tyranitar, F|100/100
|-damage|p2a: Tyranitar|88/100|[from] Spikes
|-weather|Sandstorm|[from] ability: Sand Stream|[of] p2a: Tyranitar
|move|p1a: Heatran|Magma Storm|p2a: Tyranitar
|-resisted|p2a: Tyranitar
|-damage|p2a: Tyranitar|75/100
|-activate|p2a: Tyranitar|move: Magma Storm|[of] p1a: Heatran
|
|-weather|Sandstorm|[upkeep]
|-heal|p1a: Heatran|100/100|[from] item: Leftovers
|-damage|p2a: Tyranitar|62/100|[from] move: Magma Storm|[partiallytrapped]
|upkeep
|turn|15
|
|t:|1661320807
|move|p2a: Tyranitar|Stone Edge|p1a: Heatran
|-damage|p1a: Heatran|32/100
|move|p1a: Heatran|Earth Power|p2a: Tyranitar
|-supereffective|p2a: Tyranitar
|-damage|p2a: Tyranitar|30/100
|
|-weather|Sandstorm|[upkeep]
|-heal|p1a: Heatran|38/100|[from] item: Leftovers
|-damage|p2a: Tyranitar|18/100|[from] move: Magma Storm|[partiallytrapped]
|upkeep
|turn|16
|
|t:|1661320815
|move|p2a: Tyranitar|Stone Edge|p1a: Heatran
|-crit|p1a: Heatran
|-damage|p1a: Heatran|0 fnt
|faint|p1a: Heatran
|
|-weather|Sandstorm|[upkeep]
|-end|p2a: Tyranitar|Magma Storm|[partiallytrapped]|[silent]
|upkeep
|
|t:|1661320821
|switch|p1a: Rillaboom|Rillaboom, M|100/100
|-damage|p1a: Rillaboom|88/100|[from] Stealth Rock
|-fieldstart|move: Grassy Terrain|[from] ability: Grassy Surge|[of] p1a: Rillaboom
|turn|17
|j| Sjjwjwnwwn
|
|t:|1661320827
|switch|p2a: Ferrothorn|Ferrothorn, F|100/100
|-damage|p2a: Ferrothorn|88/100|[from] Spikes
|move|p1a: Rillaboom|Swords Dance|p1a: Rillaboom
|-boost|p1a: Rillaboom|atk|2
|
|-weather|Sandstorm|[upkeep]
|-damage|p1a: Rillaboom|82/100|[from] Sandstorm
|-heal|p1a: Rillaboom|88/100|[from] Grassy Terrain
|-heal|p1a: Rillaboom|94/100|[from] item: Leftovers
|-heal|p2a: Ferrothorn|94/100|[from] Grassy Terrain
|-heal|p2a: Ferrothorn|100/100|[from] item: Leftovers
|upkeep
|turn|18
|
|t:|1661320831
|move|p1a: Rillaboom|Drain Punch|p2a: Ferrothorn
|-supereffective|p2a: Ferrothorn
|-damage|p2a: Ferrothorn|31/100
|-heal|p1a: Rillaboom|100/100|[from] drain|[of] p2a: Ferrothorn
|-damage|p1a: Rillaboom|88/100|[from] ability: Iron Barbs|[of] p2a: Ferrothorn
|move|p2a: Ferrothorn|Spikes|p1a: Rillaboom
|-sidestart|p1: GuyguyLaMenace|Spikes
|
|-weather|none
|-heal|p1a: Rillaboom|94/100|[from] Grassy Terrain
|-heal|p1a: Rillaboom|100/100|[from] item: Leftovers
|-heal|p2a: Ferrothorn|37/100|[from] Grassy Terrain
|-heal|p2a: Ferrothorn|44/100|[from] item: Leftovers
|upkeep
|turn|19
|j| A Lucky Guy
|
|t:|1661320835
|switch|p2a: Clefable|Clefable, F|95/100
|move|p1a: Rillaboom|Drain Punch|p2a: Clefable
|-resisted|p2a: Clefable
|-damage|p2a: Clefable|75/100
|
|-heal|p2a: Clefable|81/100|[from] Grassy Terrain
|upkeep
|turn|20
|
|t:|1661320839
|switch|p2a: Ferrothorn|Ferrothorn, F|44/100
|-damage|p2a: Ferrothorn|31/100|[from] Spikes
|move|p1a: Rillaboom|Grassy Glide|p2a: Ferrothorn
|-resisted|p2a: Ferrothorn
|-damage|p2a: Ferrothorn|17/100
|-damage|p1a: Rillaboom|88/100|[from] ability: Iron Barbs|[of] p2a: Ferrothorn
|
|-heal|p1a: Rillaboom|94/100|[from] Grassy Terrain
|-heal|p1a: Rillaboom|100/100|[from] item: Leftovers
|-heal|p2a: Ferrothorn|24/100|[from] Grassy Terrain
|-heal|p2a: Ferrothorn|30/100|[from] item: Leftovers
|upkeep
|turn|21
|
|t:|1661320842
|move|p1a: Rillaboom|Knock Off|p2a: Ferrothorn
|-damage|p2a: Ferrothorn|0 fnt
|-damage|p1a: Rillaboom|88/100|[from] ability: Iron Barbs|[of] p2a: Ferrothorn
|-enditem|p2a: Ferrothorn|Leftovers|[from] move: Knock Off|[of] p1a: Rillaboom
|faint|p2a: Ferrothorn
|
|-heal|p1a: Rillaboom|94/100|[from] Grassy Terrain
|-heal|p1a: Rillaboom|100/100|[from] item: Leftovers
|-fieldend|move: Grassy Terrain
|upkeep
|
|t:|1661320844
|switch|p2a: Dragapult|Dragapult, M|100/100
|-damage|p2a: Dragapult|88/100|[from] Spikes
|turn|22
|
|t:|1661320848
|switch|p1a: Gastrodon|Gastrodon, F|82/100 tox
|move|p2a: Dragapult|Flamethrower|p1a: Gastrodon
|-resisted|p1a: Gastrodon
|-damage|p1a: Gastrodon|70/100 tox
|
|-damage|p1a: Gastrodon|64/100 tox|[from] psn
|upkeep
|turn|23
|
|t:|1661320854
|switch|p2a: Clefable|Clefable, F|81/100
|move|p1a: Gastrodon|Recover|p1a: Gastrodon
|-heal|p1a: Gastrodon|100/100 tox
|
|-damage|p1a: Gastrodon|88/100 tox|[from] psn
|upkeep
|turn|24
|
|t:|1661320859
|switch|p1a: Clefable|Clefable, M|80/100
|move|p2a: Clefable|Knock Off|p1a: Clefable
|-resisted|p1a: Clefable
|-damage|p1a: Clefable|75/100
|
|upkeep
|turn|25
|
|t:|1661320860
|move|p2a: Clefable|Moonblast|p1a: Clefable
|-damage|p1a: Clefable|46/100
|move|p1a: Clefable|Stealth Rock|p2a: Clefable
|-sidestart|p2: LT94JE tj|move: Stealth Rock
|
|upkeep
|turn|26
|
|t:|1661320865
|switch|p2a: Excadrill|Excadrill, M|72/100
|-damage|p2a: Excadrill|60/100|[from] Spikes
|-damage|p2a: Excadrill|57/100|[from] Stealth Rock
|move|p1a: Clefable|Soft-Boiled|p1a: Clefable
|-heal|p1a: Clefable|96/100
|
|-heal|p2a: Excadrill|63/100|[from] item: Leftovers
|upkeep
|turn|27
|
|t:|1661320869
|move|p2a: Excadrill|Rapid Spin|p1a: Clefable
|-damage|p1a: Clefable|80/100
|-boost|p2a: Excadrill|spe|1
|-sideend|p2: LT94JE tj|Spikes|[from] move: Rapid Spin|[of] p2a: Excadrill
|-sideend|p2: LT94JE tj|Stealth Rock|[from] move: Rapid Spin|[of] p2a: Excadrill
|move|p1a: Clefable|Knock Off|p2a: Excadrill
|-damage|p2a: Excadrill|40/100
|-enditem|p2a: Excadrill|Leftovers|[from] move: Knock Off|[of] p1a: Clefable
|
|upkeep
|turn|28
|
|t:|1661320875
|switch|p2a: Dragapult|Dragapult, M|88/100
|switch|p1a: Skarmory|Skarmory, M|83/100
|-damage|p1a: Skarmory|71/100|[from] Stealth Rock
|
|upkeep
|turn|29
|
|t:|1661320881
|switch|p1a: Gastrodon|Gastrodon, F|88/100 tox
|move|p2a: Dragapult|Shadow Ball|p1a: Gastrodon
|-damage|p1a: Gastrodon|55/100 tox
|-unboost|p1a: Gastrodon|spd|1
|
|-damage|p1a: Gastrodon|49/100 tox|[from] psn
|upkeep
|turn|30
|
|t:|1661320888
|move|p2a: Dragapult|Shadow Ball|p1a: Gastrodon
|-damage|p1a: Gastrodon|0 fnt
|faint|p1a: Gastrodon
|
|upkeep
|j| Kyurem
|
|t:|1661320891
|switch|p1a: Blacephalon|Blacephalon|100/100
|-damage|p1a: Blacephalon|75/100|[from] Stealth Rock
|-damage|p1a: Blacephalon|63/100|[from] Spikes
|turn|31
|
|t:|1661320898
|switch|p2a: Tyranitar|Tyranitar, F|18/100
|-weather|Sandstorm|[from] ability: Sand Stream|[of] p2a: Tyranitar
|move|p1a: Blacephalon|Shadow Ball|p2a: Tyranitar
|-resisted|p2a: Tyranitar
|-damage|p2a: Tyranitar|2/100
|
|-weather|Sandstorm|[upkeep]
|-damage|p1a: Blacephalon|57/100|[from] Sandstorm
|upkeep
|turn|32
|
|t:|1661320905
|switch|p2a: Clefable|Clefable, F|81/100
|move|p1a: Blacephalon|Shadow Ball|p2a: Clefable
|-damage|p2a: Clefable|35/100
|
|-weather|Sandstorm|[upkeep]
|-damage|p1a: Blacephalon|51/100|[from] Sandstorm
|upkeep
|turn|33
|j| cassthetic
|
|t:|1661320911
|move|p1a: Blacephalon|Shadow Ball|p2a: Clefable
|-damage|p2a: Clefable|0 fnt
|faint|p2a: Clefable
|-ability|p1a: Blacephalon|Beast Boost|boost
|-boost|p1a: Blacephalon|spa|1
|
|-weather|Sandstorm|[upkeep]
|-damage|p1a: Blacephalon|45/100|[from] Sandstorm
|upkeep
|
|t:|1661320913
|switch|p2a: Excadrill|Excadrill, M|40/100
|turn|34
|
|t:|1661320920
|switch|p2a: Dragapult|Dragapult, M|88/100
|switch|p1a: Rillaboom|Rillaboom, M|100/100
|-damage|p1a: Rillaboom|88/100|[from] Stealth Rock
|-damage|p1a: Rillaboom|76/100|[from] Spikes
|-fieldstart|move: Grassy Terrain|[from] ability: Grassy Surge|[of] p1a: Rillaboom
|
|-weather|Sandstorm|[upkeep]
|-damage|p2a: Dragapult|82/100|[from] Sandstorm
|-damage|p1a: Rillaboom|69/100|[from] Sandstorm
|-heal|p2a: Dragapult|88/100|[from] Grassy Terrain
|-heal|p1a: Rillaboom|76/100|[from] Grassy Terrain
|-heal|p1a: Rillaboom|82/100|[from] item: Leftovers
|upkeep
|turn|35
|
|t:|1661320941
|move|p2a: Dragapult|Shadow Ball|p1a: Rillaboom
|-damage|p1a: Rillaboom|25/100
|move|p1a: Rillaboom|Knock Off|p2a: Dragapult
|-supereffective|p2a: Dragapult
|-damage|p2a: Dragapult|0 fnt
|-enditem|p2a: Dragapult|Choice Specs|[from] move: Knock Off|[of] p1a: Rillaboom
|faint|p2a: Dragapult
|
|-weather|none
|-heal|p1a: Rillaboom|31/100|[from] Grassy Terrain
|-heal|p1a: Rillaboom|37/100|[from] item: Leftovers
|upkeep
|-message|LT94JE tj forfeited.
|
|win|GuyguyLaMenace
|raw|GuyguyLaMenace's rating: 1772 &rarr; <strong>1800</strong><br />(+28 for winning)
|raw|LT94JE tj's rating: 1927 &rarr; <strong>1899</strong><br />(-28 for losing)
|l|☆LT94JE tj
|j| ekt0m0rf
|l|☆GuyguyLaMenace
|l| Kyurem
