|j|☆Chip Witley
|j|☆Candice
|t:|1649575607
|gametype|singles
|player|p1|Chip Witley|lucas|1654
|player|p2|Candice|madame-gen4dp|1694
|teamsize|p1|6
|teamsize|p2|6
|gen|8
|tier|[Gen 8] OU
|rated|
|rule|Sleep Clause Mod: Limit one foe put to sleep
|rule|Species Clause: Limit one of each Pokémon
|rule|OHKO Clause: OHKO moves are banned
|rule|Evasion Moves Clause: Evasion moves are banned
|rule|Endless Battle Clause: Forcing endless battles is banned
|rule|HP Percentage Mod: HP is shown in percentages
|rule|Dynamax Clause: You cannot dynamax
|clearpoke
|poke|p1|Frosmoth, M|
|poke|p1|Pelipper, F|
|poke|p1|Barraskewda, F|
|poke|p1|Thundurus-Therian, M|
|poke|p1|Ferrothorn, M|
|poke|p1|Urshifu-*, F|
|poke|p2|Landorus-Therian, M|
|poke|p2|Zapdos-Galar|
|poke|p2|Tapu Lele|
|poke|p2|Regieleki|
|poke|p2|Tapu Fini|
|poke|p2|Ferrothorn, F|
|teampreview
|
|t:|1649575621
|start
|switch|p1a: Pelipper|Pelipper, F|100/100
|switch|p2a: Regieleki|Regieleki|100/100
|-weather|RainDance|[from] ability: Drizzle|[of] p1a: Pelipper
|turn|1
|
|t:|1649575625
|switch|p1a: Ferrothorn|Ferrothorn, M|100/100
|move|p2a: Regieleki|Volt Switch|p1a: Ferrothorn
|-resisted|p1a: Ferrothorn
|-damage|p1a: Ferrothorn|86/100
|j| dieMoldau
|
|t:|1649575633
|switch|p2a: Zapdos|Zapdos-Galar|100/100|[from]move: Volt Switch
|
|-weather|RainDance|[upkeep]
|-heal|p1a: Ferrothorn|92/100|[from] item: Leftovers
|upkeep
|turn|2
|
|t:|1649575652
|switch|p1a: Thundurus|Thundurus-Therian, M|100/100
|move|p2a: Zapdos|Close Combat|p1a: Thundurus
|-resisted|p1a: Thundurus
|-damage|p1a: Thundurus|34/100
|-unboost|p2a: Zapdos|def|1
|-unboost|p2a: Zapdos|spd|1
|
|-weather|RainDance|[upkeep]
|upkeep
|turn|3
|j| Ctannn
|
|t:|1649575703
|switch|p2a: Ferrothorn|Ferrothorn, F|100/100
|move|p1a: Thundurus|Weather Ball|p2a: Ferrothorn
|-resisted|p2a: Ferrothorn
|-crit|p2a: Ferrothorn
|-damage|p2a: Ferrothorn|64/100
|
|-weather|RainDance|[upkeep]
|upkeep
|turn|4
|
|t:|1649575707
|switch|p2a: Regieleki|Regieleki|100/100
|move|p1a: Thundurus|Focus Blast|p2a: Regieleki
|-damage|p2a: Regieleki|18/100
|
|-weather|RainDance|[upkeep]
|upkeep
|turn|5
|
|t:|1649575712
|switch|p1a: Ferrothorn|Ferrothorn, M|92/100
|move|p2a: Regieleki|Volt Switch|p1a: Ferrothorn
|-resisted|p1a: Ferrothorn
|-damage|p1a: Ferrothorn|77/100
|
|t:|1649575715
|switch|p2a: Zapdos|Zapdos-Galar|100/100|[from]move: Volt Switch
|
|-weather|RainDance|[upkeep]
|-heal|p1a: Ferrothorn|83/100|[from] item: Leftovers
|upkeep
|turn|6
|
|t:|1649575767
|switch|p1a: Urshifu|Urshifu-Rapid-Strike, F|100/100
|move|p2a: Zapdos|Close Combat|p1a: Urshifu
|-damage|p1a: Urshifu|10/100
|-unboost|p2a: Zapdos|def|1
|-unboost|p2a: Zapdos|spd|1
|
|-weather|RainDance|[upkeep]
|upkeep
|turn|7
|
|t:|1649575771
|move|p1a: Urshifu|Aqua Jet|p2a: Zapdos
|-damage|p2a: Zapdos|15/100
|move|p2a: Zapdos|Close Combat|p1a: Urshifu
|-damage|p1a: Urshifu|0 fnt
|-unboost|p2a: Zapdos|def|1
|-unboost|p2a: Zapdos|spd|1
|faint|p1a: Urshifu
|
|-weather|RainDance|[upkeep]
|upkeep
|
|t:|1649575775
|switch|p1a: Barraskewda|Barraskewda, F|100/100
|turn|8
|
|t:|1649575783
|switch|p2a: Ferrothorn|Ferrothorn, F|64/100
|move|p1a: Barraskewda|Flip Turn|p2a: Ferrothorn
|-resisted|p2a: Ferrothorn
|-damage|p2a: Ferrothorn|41/100
|-damage|p1a: Barraskewda|88/100|[from] ability: Iron Barbs|[of] p2a: Ferrothorn
|-damage|p1a: Barraskewda|72/100|[from] item: Rocky Helmet|[of] p2a: Ferrothorn
|
|t:|1649575792
|switch|p1a: Frosmoth|Frosmoth, M|100/100|[from]move: Flip Turn
|
|-weather|none
|upkeep
|turn|9
|l| dieMoldau
|
|t:|1649575825
|move|p1a: Frosmoth|Quiver Dance|p1a: Frosmoth
|-boost|p1a: Frosmoth|spa|1
|-boost|p1a: Frosmoth|spd|1
|-boost|p1a: Frosmoth|spe|1
|move|p2a: Ferrothorn|Body Press|p1a: Frosmoth
|-damage|p1a: Frosmoth|40/100
|
|upkeep
|turn|10
|
|t:|1649575833
|move|p1a: Frosmoth|Ice Beam|p2a: Ferrothorn
|-damage|p2a: Ferrothorn|0 fnt
|faint|p2a: Ferrothorn
|
|upkeep
|
|t:|1649575841
|switch|p2a: Tapu Lele|Tapu Lele|100/100
|-fieldstart|move: Psychic Terrain|[from] ability: Psychic Surge|[of] p2a: Tapu Lele
|turn|11
|
|t:|1649575844
|switch|p1a: Ferrothorn|Ferrothorn, M|83/100
|move|p2a: Tapu Lele|Psyshock|p1a: Ferrothorn
|-resisted|p1a: Ferrothorn
|-damage|p1a: Ferrothorn|64/100
|
|-heal|p1a: Ferrothorn|71/100|[from] item: Leftovers
|upkeep
|turn|12
|
|t:|1649575852
|switch|p2a: Landorus|Landorus-Therian, M|100/100
|-ability|p2a: Landorus|Intimidate|boost
|-unboost|p1a: Ferrothorn|atk|1
|switch|p1a: Pelipper|Pelipper, F|100/100
|-weather|RainDance|[from] ability: Drizzle|[of] p1a: Pelipper
|
|-weather|RainDance|[upkeep]
|upkeep
|turn|13
|
|t:|1649575884
|move|p2a: Landorus|Stealth Rock|p1a: Pelipper
|-sidestart|p1: Chip Witley|move: Stealth Rock
|move|p1a: Pelipper|U-turn|p2a: Landorus
|-resisted|p2a: Landorus
|-damage|p2a: Landorus|97/100
|
|t:|1649575888
|switch|p1a: Barraskewda|Barraskewda, F|72/100|[from]move: U-turn
|-damage|p1a: Barraskewda|60/100|[from] Stealth Rock
|
|-weather|RainDance|[upkeep]
|-heal|p2a: Landorus|100/100|[from] item: Leftovers
|upkeep
|turn|14
|
|t:|1649575893
|move|p1a: Barraskewda|Flip Turn|p2a: Landorus
|-supereffective|p2a: Landorus
|-damage|p2a: Landorus|0 fnt
|faint|p2a: Landorus
|
|t:|1649575903
|switch|p1a: Frosmoth|Frosmoth, M|40/100|[from]move: Flip Turn
|
|-weather|RainDance|[upkeep]
|upkeep
|j| LT_Alt1
|
|t:|1649575957
|switch|p2a: Regieleki|Regieleki|18/100
|turn|15
|
|t:|1649575962
|move|p2a: Regieleki|Electro Ball|p1a: Frosmoth
|-damage|p1a: Frosmoth|4/100
|move|p1a: Frosmoth|Ice Beam|p2a: Regieleki
|-damage|p2a: Regieleki|0 fnt
|faint|p2a: Regieleki
|
|-weather|RainDance|[upkeep]
|-fieldend|move: Psychic Terrain
|upkeep
|l| Ctannn
|
|t:|1649575981
|switch|p2a: Tapu Lele|Tapu Lele|100/100
|-fieldstart|move: Psychic Terrain|[from] ability: Psychic Surge|[of] p2a: Tapu Lele
|turn|16
|j| Ctannn
|
|t:|1649575989
|move|p2a: Tapu Lele|Psyshock|p1a: Frosmoth
|-damage|p1a: Frosmoth|0 fnt
|faint|p1a: Frosmoth
|
|-weather|RainDance|[upkeep]
|upkeep
|
|t:|1649575992
|switch|p1a: Barraskewda|Barraskewda, F|60/100
|-damage|p1a: Barraskewda|48/100|[from] Stealth Rock
|turn|17
|
|t:|1649575995
|switch|p2a: Tapu Fini|Tapu Fini|100/100
|-fieldstart|move: Misty Terrain|[from] ability: Misty Surge|[of] p2a: Tapu Fini
|move|p1a: Barraskewda|Flip Turn|p2a: Tapu Fini
|-resisted|p2a: Tapu Fini
|-damage|p2a: Tapu Fini|74/100
|
|t:|1649575998
|switch|p1a: Ferrothorn|Ferrothorn, M|71/100|[from]move: Flip Turn
|-damage|p1a: Ferrothorn|64/100|[from] Stealth Rock
|
|-weather|RainDance|[upkeep]
|-heal|p2a: Tapu Fini|80/100|[from] item: Leftovers
|-heal|p1a: Ferrothorn|71/100|[from] item: Leftovers
|upkeep
|turn|18
|
|t:|1649576004
|switch|p2a: Zapdos|Zapdos-Galar|15/100
|move|p1a: Ferrothorn|Gyro Ball|p2a: Zapdos
|-damage|p2a: Zapdos|0 fnt
|faint|p2a: Zapdos
|
|-weather|RainDance|[upkeep]
|-heal|p1a: Ferrothorn|77/100|[from] item: Leftovers
|upkeep
|
|t:|1649576011
|switch|p2a: Tapu Lele|Tapu Lele|100/100
|-fieldstart|move: Psychic Terrain|[from] ability: Psychic Surge|[of] p2a: Tapu Lele
|turn|19
|
|t:|1649576020
|switch|p1a: Thundurus|Thundurus-Therian, M|34/100
|move|p2a: Tapu Lele|Focus Blast|p1a: Thundurus|[miss]
|-miss|p2a: Tapu Lele|p1a: Thundurus
|
|-weather|none
|upkeep
|turn|20
|
|t:|1649576026
|switch|p1a: Pelipper|Pelipper, F|100/100
|-damage|p1a: Pelipper|76/100|[from] Stealth Rock
|-weather|RainDance|[from] ability: Drizzle|[of] p1a: Pelipper
|move|p2a: Tapu Lele|Focus Blast|p1a: Pelipper
|-resisted|p1a: Pelipper
|-damage|p1a: Pelipper|44/100
|
|-weather|RainDance|[upkeep]
|upkeep
|turn|21
|j| noob519
|
|t:|1649576030
|switch|p2a: Tapu Fini|Tapu Fini|80/100
|-fieldstart|move: Misty Terrain|[from] ability: Misty Surge|[of] p2a: Tapu Fini
|move|p1a: Pelipper|U-turn|p2a: Tapu Fini
|-resisted|p2a: Tapu Fini
|-damage|p2a: Tapu Fini|78/100
|
|t:|1649576033
|switch|p1a: Ferrothorn|Ferrothorn, M|77/100|[from]move: U-turn
|-damage|p1a: Ferrothorn|71/100|[from] Stealth Rock
|
|-weather|RainDance|[upkeep]
|-heal|p2a: Tapu Fini|84/100|[from] item: Leftovers
|-heal|p1a: Ferrothorn|77/100|[from] item: Leftovers
|upkeep
|turn|22
|
|t:|1649576036
|move|p2a: Tapu Fini|Calm Mind|p2a: Tapu Fini
|-boost|p2a: Tapu Fini|spa|1
|-boost|p2a: Tapu Fini|spd|1
|move|p1a: Ferrothorn|Gyro Ball|p2a: Tapu Fini
|-damage|p2a: Tapu Fini|53/100
|
|-weather|RainDance|[upkeep]
|-heal|p2a: Tapu Fini|59/100|[from] item: Leftovers
|-heal|p1a: Ferrothorn|83/100|[from] item: Leftovers
|upkeep
|turn|23
|
|t:|1649576040
|move|p2a: Tapu Fini|Taunt|p1a: Ferrothorn
|-start|p1a: Ferrothorn|move: Taunt
|move|p1a: Ferrothorn|Knock Off|p2a: Tapu Fini
|-resisted|p2a: Tapu Fini
|-damage|p2a: Tapu Fini|51/100
|-enditem|p2a: Tapu Fini|Leftovers|[from] move: Knock Off|[of] p1a: Ferrothorn
|
|-weather|RainDance|[upkeep]
|-heal|p1a: Ferrothorn|89/100|[from] item: Leftovers
|upkeep
|turn|24
|
|t:|1649576044
|move|p2a: Tapu Fini|Scald|p1a: Ferrothorn
|-resisted|p1a: Ferrothorn
|-damage|p1a: Ferrothorn|68/100
|move|p1a: Ferrothorn|Gyro Ball|p2a: Tapu Fini
|-damage|p2a: Tapu Fini|20/100
|
|-weather|RainDance|[upkeep]
|-heal|p1a: Ferrothorn|74/100|[from] item: Leftovers
|upkeep
|turn|25
|
|t:|1649576046
|move|p2a: Tapu Fini|Scald|p1a: Ferrothorn
|-resisted|p1a: Ferrothorn
|-damage|p1a: Ferrothorn|55/100
|move|p1a: Ferrothorn|Gyro Ball|p2a: Tapu Fini
|-damage|p2a: Tapu Fini|0 fnt
|faint|p2a: Tapu Fini
|
|-weather|RainDance|[upkeep]
|-heal|p1a: Ferrothorn|61/100|[from] item: Leftovers
|-end|p1a: Ferrothorn|move: Taunt
|-fieldend|Misty Terrain
|upkeep
|
|t:|1649576049
|switch|p2a: Tapu Lele|Tapu Lele|100/100
|-fieldstart|move: Psychic Terrain|[from] ability: Psychic Surge|[of] p2a: Tapu Lele
|turn|26
|-message|Candice forfeited.
|
|win|Chip Witley
|raw|Chip Witley's rating: 1654 &rarr; <strong>1676</strong><br />(+22 for winning)
|raw|Candice's rating: 1694 &rarr; <strong>1672</strong><br />(-22 for losing)
|l|☆Candice
|l| Ctannn
|c|☆Chip Witley|gg
