|j|☆SKIP THE DRIP
|j|☆jawabarat
|t:|1650222488
|gametype|singles
|player|p1|SKIP THE DRIP|wally|1870
|player|p2|jawabarat|artist-gen4|1932
|teamsize|p1|6
|teamsize|p2|6
|gen|8
|tier|[Gen 8] OU
|rated|
|rule|Sleep Clause Mod: Limit one foe put to sleep
|rule|Species Clause: Limit one of each Pokémon
|rule|OHKO Clause: OHKO moves are banned
|rule|Evasion Moves Clause: Evasion moves are banned
|rule|Endless Battle Clause: Forcing endless battles is banned
|rule|HP Percentage Mod: HP is shown in percentages
|rule|Dynamax Clause: You cannot dynamax
|clearpoke
|poke|p1|Toxapex, M|
|poke|p1|Landorus-Therian, M|
|poke|p1|Blissey, F|
|poke|p1|Jirachi|
|poke|p1|Clefable, F|
|poke|p1|Hydreigon, M|
|poke|p2|Kartana|
|poke|p2|Weavile, F|
|poke|p2|Dragapult, F|
|poke|p2|Volcanion|
|poke|p2|Landorus-Therian, M|
|poke|p2|Melmetal|
|teampreview
|inactive|Battle timer is ON: inactive players will automatically lose when time's up. (requested by SKIP THE DRIP)
|j| QQPpQqppQp
|
|t:|1650222521
|start
|switch|p1a: Toxapex|Toxapex, M|100/100
|switch|p2a: LEADERSHIP STARS|Landorus-Therian, M|100/100
|-ability|p2a: LEADERSHIP STARS|Intimidate|boost
|-unboost|p1a: Toxapex|atk|1
|turn|1
|
|t:|1650222525
|move|p2a: LEADERSHIP STARS|U-turn|p1a: Toxapex
|-resisted|p1a: Toxapex
|-damage|p1a: Toxapex|94/100
|
|t:|1650222532
|switch|p2a: EYVEL|Volcanion|100/100|[from]move: U-turn
|move|p1a: Toxapex|Toxic Spikes|p2a: EYVEL
|-sidestart|p2: jawabarat|move: Toxic Spikes
|
|upkeep
|turn|2
|
|t:|1650222541
|switch|p1a: Blissey|Blissey, F|100/100
|move|p2a: EYVEL|Earth Power|p1a: Blissey
|-damage|p1a: Blissey|87/100
|
|upkeep
|turn|3
|j| 50 at max
|
|t:|1650222548
|switch|p2a: LEADERSHIP STARS|Landorus-Therian, M|100/100
|-ability|p2a: LEADERSHIP STARS|Intimidate|boost
|-unboost|p1a: Blissey|atk|1
|move|p1a: Blissey|Toxic|p2a: LEADERSHIP STARS
|-status|p2a: LEADERSHIP STARS|tox
|
|-damage|p2a: LEADERSHIP STARS|94/100 tox|[from] psn
|upkeep
|turn|4
|
|t:|1650222557
|move|p2a: LEADERSHIP STARS|U-turn|p1a: Blissey
|-damage|p1a: Blissey|67/100
|-damage|p2a: LEADERSHIP STARS|78/100 tox|[from] item: Rocky Helmet|[of] p1a: Blissey
|
|t:|1650222567
|switch|p2a: MARTY PARTY|Kartana|100/100|[from]move: U-turn
|move|p1a: Blissey|Stealth Rock|p2a: MARTY PARTY
|-sidestart|p2: jawabarat|move: Stealth Rock
|
|upkeep
|turn|5
|
|t:|1650222573
|switch|p1a: Landorus|Landorus-Therian, M|100/100
|-ability|p1a: Landorus|Intimidate|boost
|-unboost|p2a: MARTY PARTY|atk|1
|move|p2a: MARTY PARTY|Knock Off|p1a: Landorus
|-damage|p1a: Landorus|81/100
|-enditem|p1a: Landorus|Leftovers|[from] move: Knock Off|[of] p2a: MARTY PARTY
|
|upkeep
|turn|6
|
|t:|1650222585
|switch|p1a: Hydreigon|Hydreigon, M|100/100
|move|p2a: MARTY PARTY|Knock Off|p1a: Hydreigon
|-resisted|p1a: Hydreigon
|-damage|p1a: Hydreigon|86/100
|-enditem|p1a: Hydreigon|Leftovers|[from] move: Knock Off|[of] p2a: MARTY PARTY
|
|upkeep
|turn|7
|
|t:|1650222592
|switch|p2a: LEADERSHIP STARS|Landorus-Therian, M|78/100 tox
|-damage|p2a: LEADERSHIP STARS|66/100 tox|[from] Stealth Rock
|-ability|p2a: LEADERSHIP STARS|Intimidate|boost
|-unboost|p1a: Hydreigon|atk|1
|move|p1a: Hydreigon|Flamethrower|p2a: LEADERSHIP STARS
|-damage|p2a: LEADERSHIP STARS|46/100 tox
|
|-heal|p2a: LEADERSHIP STARS|52/100 tox|[from] item: Leftovers
|-damage|p2a: LEADERSHIP STARS|46/100 tox|[from] psn
|upkeep
|turn|8
|
|t:|1650222597
|move|p1a: Hydreigon|Flamethrower|p2a: LEADERSHIP STARS
|-damage|p2a: LEADERSHIP STARS|29/100 tox
|move|p2a: LEADERSHIP STARS|U-turn|p1a: Hydreigon
|-supereffective|p1a: Hydreigon
|-damage|p1a: Hydreigon|41/100
|
|t:|1650222614
|switch|p2a: FOG OF WAR|Dragapult, F|100/100|[from]move: U-turn
|-status|p2a: FOG OF WAR|psn
|-damage|p2a: FOG OF WAR|88/100 psn|[from] Stealth Rock
|
|-damage|p2a: FOG OF WAR|76/100 psn|[from] psn
|upkeep
|turn|9
|
|t:|1650222617
|switch|p1a: Clefable|Clefable, F|100/100
|move|p2a: FOG OF WAR|U-turn|p1a: Clefable
|-resisted|p1a: Clefable
|-damage|p1a: Clefable|87/100
|
|t:|1650222620
|switch|p2a: EYVEL|Volcanion|100/100|[from]move: U-turn
|
|-heal|p1a: Clefable|93/100|[from] item: Leftovers
|upkeep
|turn|10
|
|t:|1650222624
|switch|p1a: Hydreigon|Hydreigon, M|41/100
|move|p2a: EYVEL|Defog|p1a: Hydreigon
|-unboost|p1a: Hydreigon|evasion|1
|-sideend|p2: jawabarat|Toxic Spikes|[from] move: Defog|[of] p2a: EYVEL
|-sideend|p2: jawabarat|Stealth Rock|[from] move: Defog|[of] p2a: EYVEL
|
|upkeep
|turn|11
|j| Zero0ne1
|
|t:|1650222634
|switch|p2a: PUGI|Weavile, F|100/100
|-ability|p2a: PUGI|Pressure
|move|p1a: Hydreigon|Roost|p1a: Hydreigon
|-heal|p1a: Hydreigon|91/100
|-singleturn|p1a: Hydreigon|move: Roost
|
|upkeep
|turn|12
|
|t:|1650222639
|switch|p1a: Toxapex|Toxapex, M|100/100
|move|p2a: PUGI|Knock Off|p1a: Toxapex
|-damage|p1a: Toxapex|58/100
|-enditem|p1a: Toxapex|Shed Shell|[from] move: Knock Off|[of] p2a: PUGI
|
|upkeep
|turn|13
|j| Gorgc
|j| outh vkh$$
|
|t:|1650222644
|move|p2a: PUGI|Knock Off|p1a: Toxapex
|-damage|p1a: Toxapex|30/100
|move|p1a: Toxapex|Recover|p1a: Toxapex
|-heal|p1a: Toxapex|80/100
|
|upkeep
|turn|14
|
|t:|1650222655
|switch|p2a: DAGDA|Melmetal|100/100
|move|p1a: Toxapex|Toxic Spikes|p2a: DAGDA
|-sidestart|p2: jawabarat|move: Toxic Spikes
|
|upkeep
|turn|15
|j| graceland2
|
|t:|1650222661
|move|p1a: Toxapex|Recover|p1a: Toxapex
|-heal|p1a: Toxapex|100/100
|move|p2a: DAGDA|Double Iron Bash|p1a: Toxapex
|-resisted|p1a: Toxapex
|-damage|p1a: Toxapex|88/100
|-resisted|p1a: Toxapex
|-damage|p1a: Toxapex|75/100
|-hitcount|p1a: Toxapex|2
|
|upkeep
|turn|16
|
|t:|1650222668
|move|p1a: Toxapex|Scald|p2a: DAGDA
|-damage|p2a: DAGDA|83/100
|move|p2a: DAGDA|Thunder Punch|p1a: Toxapex
|-supereffective|p1a: Toxapex
|-damage|p1a: Toxapex|28/100
|
|upkeep
|turn|17
|
|t:|1650222674
|switch|p1a: Jirachi|Jirachi|100/100
|switch|p2a: EYVEL|Volcanion|100/100
|
|upkeep
|turn|18
|
|t:|1650222683
|move|p1a: Jirachi|Trick|p2a: EYVEL
|-activate|p1a: Jirachi|move: Trick|[of] p2a: EYVEL
|-item|p2a: EYVEL|Choice Scarf|[from] move: Trick
|-item|p1a: Jirachi|Heavy-Duty Boots|[from] move: Trick
|move|p2a: EYVEL|Defog|p1a: Jirachi
|-unboost|p1a: Jirachi|evasion|1
|-sideend|p2: jawabarat|Toxic Spikes|[from] move: Defog|[of] p2a: EYVEL
|
|upkeep
|turn|19
|
|t:|1650222690
|switch|p2a: LEADERSHIP STARS|Landorus-Therian, M|29/100 tox
|-ability|p2a: LEADERSHIP STARS|Intimidate|boost
|-unboost|p1a: Jirachi|atk|1
|switch|p1a: Toxapex|Toxapex, M|62/100
|
|-heal|p2a: LEADERSHIP STARS|35/100 tox|[from] item: Leftovers
|-damage|p2a: LEADERSHIP STARS|29/100 tox|[from] psn
|upkeep
|turn|20
|
|t:|1650222695
|move|p2a: LEADERSHIP STARS|Earthquake|p1a: Toxapex
|-supereffective|p1a: Toxapex
|-damage|p1a: Toxapex|8/100
|move|p1a: Toxapex|Toxic Spikes|p2a: LEADERSHIP STARS
|-sidestart|p2: jawabarat|move: Toxic Spikes
|
|-heal|p2a: LEADERSHIP STARS|35/100 tox|[from] item: Leftovers
|-damage|p2a: LEADERSHIP STARS|22/100 tox|[from] psn
|upkeep
|turn|21
|
|t:|1650222700
|switch|p1a: Jirachi|Jirachi|100/100
|move|p2a: LEADERSHIP STARS|U-turn|p1a: Jirachi
|-damage|p1a: Jirachi|81/100
|
|t:|1650222706
|switch|p2a: PUGI|Weavile, F|100/100|[from]move: U-turn
|-status|p2a: PUGI|psn
|-ability|p2a: PUGI|Pressure
|
|-damage|p2a: PUGI|88/100 psn|[from] psn
|upkeep
|turn|22
|j| Alejndro Sosa
|
|t:|1650222713
|move|p1a: Jirachi|Protect|p1a: Jirachi
|-singleturn|p1a: Jirachi|Protect
|move|p2a: PUGI|Knock Off|p1a: Jirachi
|-activate|p1a: Jirachi|move: Protect
|
|-damage|p2a: PUGI|76/100 psn|[from] psn
|upkeep
|turn|23
|
|t:|1650222716
|switch|p1a: Hydreigon|Hydreigon, M|91/100
|move|p2a: PUGI|Knock Off|p1a: Hydreigon
|-resisted|p1a: Hydreigon
|-damage|p1a: Hydreigon|67/100
|
|-damage|p2a: PUGI|63/100 psn|[from] psn
|upkeep
|turn|24
|-message|jawabarat forfeited.
|
|win|SKIP THE DRIP
|raw|SKIP THE DRIP's rating: 1870 &rarr; <strong>1894</strong><br />(+24 for winning)
|raw|jawabarat's rating: 1932 &rarr; <strong>1908</strong><br />(-24 for losing)
|l|☆jawabarat
|c| QQPpQqppQp|Lmfao
|l|☆SKIP THE DRIP
||Ladder isn't responding, score probably updated but might not have (Request timeout).
