|raw|<div class="broadcast-blue"><strong>This battle is required to be public due to a player having a name starting with 'lt94je'.</div>
|j|☆return nirvana
|j|☆LT94JE Fuse
|t:|1661509983
|gametype|singles
|player|p1|return nirvana|gambler-gen1|1846
|player|p2|LT94JE Fuse|yellow|1813
|teamsize|p1|6
|teamsize|p2|6
|gen|8
|tier|[Gen 8] OU
|rated|
|rule|Sleep Clause Mod: Limit one foe put to sleep
|rule|Species Clause: Limit one of each Pokémon
|rule|OHKO Clause: OHKO moves are banned
|rule|Evasion Items Clause: Evasion items are banned
|rule|Evasion Moves Clause: Evasion moves are banned
|rule|Endless Battle Clause: Forcing endless battles is banned
|rule|HP Percentage Mod: HP is shown in percentages
|rule|Dynamax Clause: You cannot dynamax
|clearpoke
|poke|p1|Regieleki|
|poke|p1|Landorus-Therian, M|
|poke|p1|Urshifu-*, M|
|poke|p1|Gengar, F|
|poke|p1|Celesteela|
|poke|p1|Weavile, M|
|poke|p2|Necrozma|
|poke|p2|Tapu Lele|
|poke|p2|Urshifu-*, F|
|poke|p2|Tornadus-Therian, M|
|poke|p2|Gastrodon, M|
|poke|p2|Heatran, M|
|teampreview
|j| stunfisk2140
|j| Mimikyu Stardust
|j| AlIoutdragadarts
|j| u crit my panties
|l| AlIoutdragadarts
|
|t:|1661510005
|start
|switch|p1a: Urshifu|Urshifu-Rapid-Strike, M|100/100
|switch|p2a: Urshifu|Urshifu-Rapid-Strike, F|100/100
|turn|1
|
|t:|1661510017
|switch|p2a: Tornadus|Tornadus-Therian, M|100/100
|move|p1a: Urshifu|Close Combat|p2a: Tornadus
|-resisted|p2a: Tornadus
|-damage|p2a: Tornadus|69/100
|-unboost|p1a: Urshifu|def|1
|-unboost|p1a: Urshifu|spd|1
|
|upkeep
|turn|2
|
|t:|1661510020
|move|p2a: Tornadus|Knock Off|p1a: Urshifu
|-resisted|p1a: Urshifu
|-damage|p1a: Urshifu|87/100
|-enditem|p1a: Urshifu|Protective Pads|[from] move: Knock Off|[of] p2a: Tornadus
|move|p1a: Urshifu|U-turn|p2a: Tornadus
|-resisted|p2a: Tornadus
|-damage|p2a: Tornadus|57/100
|
|t:|1661510023
|switch|p1a: Landorus|Landorus-Therian, M|100/100|[from]move: U-turn
|-ability|p1a: Landorus|Intimidate|boost
|-unboost|p2a: Tornadus|atk|1
|
|upkeep
|turn|3
|
|t:|1661510027
|switch|p2a: Urshifu|Urshifu-Rapid-Strike, F|100/100
|move|p1a: Landorus|Stealth Rock|p2a: Urshifu
|-sidestart|p2: LT94JE Fuse|move: Stealth Rock
|
|upkeep
|turn|4
|
|t:|1661510029
|switch|p1a: Urshifu|Urshifu-Rapid-Strike, M|87/100
|move|p2a: Urshifu|Surging Strikes|p1a: Urshifu
|-resisted|p1a: Urshifu
|-crit|p1a: Urshifu
|-damage|p1a: Urshifu|72/100
|-resisted|p1a: Urshifu
|-crit|p1a: Urshifu
|-damage|p1a: Urshifu|56/100
|-resisted|p1a: Urshifu
|-crit|p1a: Urshifu
|-damage|p1a: Urshifu|42/100
|-hitcount|p1a: Urshifu|3
|
|upkeep
|turn|5
|
|t:|1661510032
|move|p1a: Urshifu|Close Combat|p2a: Urshifu
|-damage|p2a: Urshifu|39/100
|-unboost|p1a: Urshifu|def|1
|-unboost|p1a: Urshifu|spd|1
|move|p2a: Urshifu|Surging Strikes|p1a: Urshifu
|-resisted|p1a: Urshifu
|-crit|p1a: Urshifu
|-damage|p1a: Urshifu|21/100
|-resisted|p1a: Urshifu
|-crit|p1a: Urshifu
|-damage|p1a: Urshifu|1/100
|-resisted|p1a: Urshifu
|-crit|p1a: Urshifu
|-damage|p1a: Urshifu|0 fnt
|faint|p1a: Urshifu
|-hitcount|p1: Urshifu|3
|
|upkeep
|
|t:|1661510039
|switch|p1a: Gengar|Gengar, F|100/100
|turn|6
|
|t:|1661510042
|switch|p2a: Gastrodon|Gastrodon, M|100/100
|-damage|p2a: Gastrodon|94/100|[from] Stealth Rock
|move|p1a: Gengar|Shadow Ball|p2a: Gastrodon
|-damage|p2a: Gastrodon|65/100
|
|-heal|p2a: Gastrodon|71/100|[from] item: Leftovers
|upkeep
|turn|7
|j| qxfn143
|
|t:|1661510046
|switch|p1a: Weavile|Weavile, M|100/100
|-ability|p1a: Weavile|Pressure
|move|p2a: Gastrodon|Recover|p2a: Gastrodon
|-heal|p2a: Gastrodon|100/100
|
|upkeep
|turn|8
|j| Hdjdjdjdd
|l| qxfn143
|
|t:|1661510049
|switch|p2a: Heatran|Heatran, M|100/100
|-damage|p2a: Heatran|88/100|[from] Stealth Rock
|move|p1a: Weavile|Knock Off|p2a: Heatran
|-damage|p2a: Heatran|36/100
|-enditem|p2a: Heatran|Leftovers|[from] move: Knock Off|[of] p1a: Weavile
|-damage|p1a: Weavile|91/100|[from] item: Life Orb
|
|upkeep
|turn|9
|
|t:|1661510053
|move|p1a: Weavile|Knock Off|p2a: Heatran
|-damage|p2a: Heatran|4/100
|-damage|p1a: Weavile|81/100|[from] item: Life Orb
|move|p2a: Heatran|Stealth Rock|p1a: Weavile
|-sidestart|p1: return nirvana|move: Stealth Rock
|
|upkeep
|turn|10
|
|t:|1661510057
|move|p1a: Weavile|Ice Shard|p2a: Heatran
|-resisted|p2a: Heatran
|-damage|p2a: Heatran|0 fnt
|faint|p2a: Heatran
|-damage|p1a: Weavile|71/100|[from] item: Life Orb
|
|upkeep
|
|t:|1661510058
|switch|p2a: Tapu Lele|Tapu Lele|100/100
|-damage|p2a: Tapu Lele|88/100|[from] Stealth Rock
|-fieldstart|move: Psychic Terrain|[from] ability: Psychic Surge|[of] p2a: Tapu Lele
|turn|11
|j| LT94JE Zaza
|
|t:|1661510061
|switch|p1a: Gengar|Gengar, F|100/100
|-damage|p1a: Gengar|88/100|[from] Stealth Rock
|move|p2a: Tapu Lele|Moonblast|p1a: Gengar
|-resisted|p1a: Gengar
|-damage|p1a: Gengar|46/100
|-start|p2a: Tapu Lele|Disable|Moonblast|[from] ability: Cursed Body|[of] p1a: Gengar
|
|upkeep
|turn|12
|
|t:|1661510066
|switch|p1a: Weavile|Weavile, M|71/100
|-damage|p1a: Weavile|46/100|[from] Stealth Rock
|-ability|p1a: Weavile|Pressure
|switch|p2a: Gastrodon|Gastrodon, M|100/100
|-damage|p2a: Gastrodon|94/100|[from] Stealth Rock
|
|-heal|p2a: Gastrodon|100/100|[from] item: Leftovers
|upkeep
|turn|13
|
|t:|1661510071
|switch|p2a: Urshifu|Urshifu-Rapid-Strike, F|39/100
|-damage|p2a: Urshifu|32/100|[from] Stealth Rock
|move|p1a: Weavile|Knock Off|p2a: Urshifu
|-resisted|p2a: Urshifu
|-damage|p2a: Urshifu|0 fnt
|-enditem|p2a: Urshifu|Choice Band|[from] move: Knock Off|[of] p1a: Weavile
|faint|p2a: Urshifu
|-damage|p1a: Weavile|36/100|[from] item: Life Orb
|
|upkeep
|
|t:|1661510073
|switch|p2a: Tapu Lele|Tapu Lele|88/100
|-damage|p2a: Tapu Lele|76/100|[from] Stealth Rock
|turn|14
|
|t:|1661510079
|move|p2a: Tapu Lele|Moonblast|p1a: Weavile
|-supereffective|p1a: Weavile
|-damage|p1a: Weavile|0 fnt
|faint|p1a: Weavile
|
|upkeep
|
|t:|1661510082
|switch|p1a: Landorus|Landorus-Therian, M|100/100
|-damage|p1a: Landorus|88/100|[from] Stealth Rock
|-ability|p1a: Landorus|Intimidate|boost
|-unboost|p2a: Tapu Lele|atk|1
|turn|15
|j| Ajsaysno
|j| LT94JE Jack G
|
|t:|1661510107
|switch|p2a: Tornadus|Tornadus-Therian, M|90/100
|move|p1a: Landorus|Knock Off|p2a: Tornadus
|-damage|p2a: Tornadus|49/100
|-enditem|p2a: Tornadus|Heavy-Duty Boots|[from] move: Knock Off|[of] p1a: Landorus
|
|-fieldend|move: Psychic Terrain
|upkeep
|turn|16
|
|t:|1661510112
|move|p2a: Tornadus|Knock Off|p1a: Landorus
|-damage|p1a: Landorus|64/100
|-enditem|p1a: Landorus|Normal Gem|[from] move: Knock Off|[of] p2a: Tornadus
|move|p1a: Landorus|Knock Off|p2a: Tornadus
|-damage|p2a: Tornadus|22/100
|
|upkeep
|turn|17
|
|t:|1661510124
|move|p2a: Tornadus|Heat Wave|p1a: Landorus
|-damage|p1a: Landorus|33/100
|move|p1a: Landorus|Knock Off|p2a: Tornadus
|-damage|p2a: Tornadus|0 fnt
|faint|p2a: Tornadus
|
|upkeep
|
|t:|1661510125
|switch|p2a: Tapu Lele|Tapu Lele|76/100
|-damage|p2a: Tapu Lele|63/100|[from] Stealth Rock
|-fieldstart|move: Psychic Terrain|[from] ability: Psychic Surge|[of] p2a: Tapu Lele
|turn|18
|l| LT94JE Jack G
|l| u crit my panties
|
|t:|1661510140
|move|p2a: Tapu Lele|Psyshock|p1a: Landorus
|-damage|p1a: Landorus|0 fnt
|faint|p1a: Landorus
|
|upkeep
|
|t:|1661510145
|switch|p1a: Regieleki|Regieleki|100/100
|-damage|p1a: Regieleki|88/100|[from] Stealth Rock
|turn|19
|
|t:|1661510151
|switch|p2a: Gastrodon|Gastrodon, M|100/100
|-damage|p2a: Gastrodon|94/100|[from] Stealth Rock
|move|p1a: Regieleki|Rapid Spin|p2a: Gastrodon
|-damage|p2a: Gastrodon|72/100
|-boost|p1a: Regieleki|spe|1
|-sideend|p1: return nirvana|Stealth Rock|[from] move: Rapid Spin|[of] p1a: Regieleki
|-damage|p1a: Regieleki|78/100|[from] item: Life Orb
|
|-heal|p2a: Gastrodon|78/100|[from] item: Leftovers
|upkeep
|turn|20
|
|t:|1661510157
|switch|p2a: Tapu Lele|Tapu Lele|63/100
|-damage|p2a: Tapu Lele|51/100|[from] Stealth Rock
|move|p1a: Regieleki|Explosion|p2a: Tapu Lele
|-damage|p2a: Tapu Lele|0 fnt
|faint|p1a: Regieleki
|faint|p2a: Tapu Lele
|
|upkeep
|
|t:|1661510161
|switch|p1a: Gengar|Gengar, F|46/100
|switch|p2a: Gastrodon|Gastrodon, M|78/100
|-damage|p2a: Gastrodon|72/100|[from] Stealth Rock
|turn|21
|
|t:|1661510169
|move|p1a: Gengar|Trick|p2a: Gastrodon
|-activate|p1a: Gengar|move: Trick|[of] p2a: Gastrodon
|-item|p2a: Gastrodon|Choice Scarf|[from] move: Trick
|-item|p1a: Gengar|Leftovers|[from] move: Trick
|move|p2a: Gastrodon|Recover|p2a: Gastrodon
|-heal|p2a: Gastrodon|100/100
|
|-heal|p1a: Gengar|53/100|[from] item: Leftovers
|upkeep
|turn|22
|
|t:|1661510173
|move|p1a: Gengar|Nasty Plot|p1a: Gengar
|-boost|p1a: Gengar|spa|2
|move|p2a: Gastrodon|Recover||[still]
|-fail|p2a: Gastrodon|heal
|
|-heal|p1a: Gengar|59/100|[from] item: Leftovers
|-fieldend|move: Psychic Terrain
|upkeep
|turn|23
|
|t:|1661510180
|switch|p2a: Necrozma|Necrozma|100/100
|-damage|p2a: Necrozma|88/100|[from] Stealth Rock
|move|p1a: Gengar|Nasty Plot|p1a: Gengar
|-boost|p1a: Gengar|spa|2
|
|-heal|p1a: Gengar|65/100|[from] item: Leftovers
|upkeep
|turn|24
|
|t:|1661510182
|switch|p2a: Gastrodon|Gastrodon, M|100/100
|-damage|p2a: Gastrodon|94/100|[from] Stealth Rock
|move|p1a: Gengar|Shadow Ball|p2a: Gastrodon
|-damage|p2a: Gastrodon|19/100
|
|-heal|p1a: Gengar|71/100|[from] item: Leftovers
|upkeep
|turn|25
|j| liet32120
|c|☆LT94JE Fuse|Gg
|-message|LT94JE Fuse forfeited.
|
|win|return nirvana
|raw|return nirvana's rating: 1846 &rarr; <strong>1864</strong><br />(+18 for winning)
|raw|LT94JE Fuse's rating: 1813 &rarr; <strong>1795</strong><br />(-18 for losing)
|c|☆return nirvana|gg
|l|☆return nirvana
|l| LT94JE Zaza
|l| stunfisk2140
|j| stunfisk2140
|l| Mimikyu Stardust
|l| Hdjdjdjdd
|l| liet32120
|j| ilcavalierebianco
|l| Ajsaysno
|l| stunfisk2140
