|j|☆Fastbreak 3
|j|☆Stads
|t:|1663252386
|gametype|singles
|player|p1|Fastbreak 3|hoopster|1678
|player|p2|Stads|266|1732
|teamsize|p1|6
|teamsize|p2|6
|gen|8
|tier|[Gen 8] OU
|rated|
|rule|Sleep Clause Mod: Limit one foe put to sleep
|rule|Species Clause: Limit one of each Pokémon
|rule|OHKO Clause: OHKO moves are banned
|rule|Evasion Items Clause: Evasion items are banned
|rule|Evasion Moves Clause: Evasion moves are banned
|rule|Endless Battle Clause: Forcing endless battles is banned
|rule|HP Percentage Mod: HP is shown in percentages
|rule|Dynamax Clause: You cannot dynamax
|clearpoke
|poke|p1|Mamoswine, M|
|poke|p1|Hawlucha, M|
|poke|p1|Obstagoon, M|
|poke|p1|Blacephalon|
|poke|p1|Rillaboom, M|
|poke|p1|Mew|
|poke|p2|Tornadus-Therian, M|
|poke|p2|Corviknight, F|
|poke|p2|Kartana|
|poke|p2|Toxapex, M|
|poke|p2|Hippowdon, M|
|poke|p2|Heatran, M|
|teampreview
|j| aethersprite
|inactive|Battle timer is ON: inactive players will automatically lose when time's up. (requested by Fastbreak 3)
|
|t:|1663252427
|start
|switch|p1a: Mew|Mew|100/100
|switch|p2a: Hippowdon|Hippowdon, M|100/100
|-weather|Sandstorm|[from] ability: Sand Stream|[of] p2a: Hippowdon
|turn|1
|
|t:|1663252434
|move|p1a: Mew|Taunt|p2a: Hippowdon
|-start|p2a: Hippowdon|move: Taunt
|move|p2a: Hippowdon|Earthquake|p1a: Mew
|-damage|p1a: Mew|68/100
|
|-weather|Sandstorm|[upkeep]
|-damage|p1a: Mew|62/100|[from] Sandstorm
|-heal|p1a: Mew|68/100|[from] item: Leftovers
|upkeep
|turn|2
|
|t:|1663252443
|move|p1a: Mew|Stealth Rock|p2a: Hippowdon
|-sidestart|p2: Stads|move: Stealth Rock
|move|p2a: Hippowdon|Earthquake|p1a: Mew
|-damage|p1a: Mew|36/100
|
|-weather|Sandstorm|[upkeep]
|-damage|p1a: Mew|30/100|[from] Sandstorm
|-heal|p1a: Mew|36/100|[from] item: Leftovers
|upkeep
|turn|3
|
|t:|1663252453
|move|p1a: Mew|Spikes|p2a: Hippowdon
|-sidestart|p2: Stads|Spikes
|move|p2a: Hippowdon|Earthquake|p1a: Mew
|-damage|p1a: Mew|3/100
|
|-weather|Sandstorm|[upkeep]
|-damage|p1a: Mew|0 fnt|[from] Sandstorm
|faint|p1a: Mew
|-end|p2a: Hippowdon|move: Taunt
|upkeep
|
|t:|1663252467
|switch|p1a: Obstagoon|Obstagoon, M|100/100
|turn|4
|
|t:|1663252473
|switch|p2a: Corviknight|Corviknight, F|100/100
|-damage|p2a: Corviknight|88/100|[from] Stealth Rock
|-ability|p2a: Corviknight|Pressure
|move|p1a: Obstagoon|Taunt|p2a: Corviknight
|-start|p2a: Corviknight|move: Taunt
|
|-weather|Sandstorm|[upkeep]
|-damage|p1a: Obstagoon|94/100|[from] Sandstorm
|-heal|p1a: Obstagoon|100/100|[from] item: Leftovers
|-heal|p2a: Corviknight|94/100|[from] item: Leftovers
|upkeep
|turn|5
|
|t:|1663252484
|move|p1a: Obstagoon|Obstruct|p1a: Obstagoon
|-singleturn|p1a: Obstagoon|Protect
|move|p2a: Corviknight|Body Press|p1a: Obstagoon
|-activate|p1a: Obstagoon|move: Protect
|-unboost|p2a: Corviknight|def|2
|
|-weather|none
|-heal|p2a: Corviknight|100/100|[from] item: Leftovers
|upkeep
|turn|6
|
|t:|1663252493
|move|p1a: Obstagoon|Knock Off|p2a: Corviknight
|-damage|p2a: Corviknight|58/100
|-enditem|p2a: Corviknight|Leftovers|[from] move: Knock Off|[of] p1a: Obstagoon
|move|p2a: Corviknight|U-turn|p1a: Obstagoon
|-supereffective|p1a: Obstagoon
|-damage|p1a: Obstagoon|76/100
|
|t:|1663252505
|switch|p2a: Kartana|Kartana|100/100|[from]move: U-turn
|-damage|p2a: Kartana|94/100|[from] Stealth Rock
|-damage|p2a: Kartana|82/100|[from] Spikes
|
|-heal|p1a: Obstagoon|83/100|[from] item: Leftovers
|upkeep
|turn|7
|
|t:|1663252523
|move|p1a: Obstagoon|Obstruct|p1a: Obstagoon
|-singleturn|p1a: Obstagoon|Protect
|move|p2a: Kartana|Sacred Sword|p1a: Obstagoon
|-activate|p1a: Obstagoon|move: Protect
|-unboost|p2a: Kartana|def|2
|
|-heal|p1a: Obstagoon|89/100|[from] item: Leftovers
|upkeep
|turn|8
|
|t:|1663252532
|switch|p2a: Heatran|Heatran, M|100/100
|-damage|p2a: Heatran|88/100|[from] Stealth Rock
|-damage|p2a: Heatran|76/100|[from] Spikes
|switch|p1a: Blacephalon|Blacephalon, shiny|100/100
|
|-heal|p2a: Heatran|82/100|[from] item: Leftovers
|upkeep
|turn|9
|
|t:|1663252549
|move|p1a: Blacephalon|Shadow Ball|p2a: Heatran
|-damage|p2a: Heatran|37/100
|move|p2a: Heatran|Toxic|p1a: Blacephalon
|-status|p1a: Blacephalon|tox
|
|-heal|p2a: Heatran|44/100|[from] item: Leftovers
|-damage|p1a: Blacephalon|94/100 tox|[from] psn
|upkeep
|turn|10
|
|t:|1663252557
|move|p2a: Heatran|Protect|p2a: Heatran
|-singleturn|p2a: Heatran|Protect
|move|p1a: Blacephalon|Shadow Ball|p2a: Heatran
|-activate|p2a: Heatran|move: Protect
|
|-heal|p2a: Heatran|50/100|[from] item: Leftovers
|-damage|p1a: Blacephalon|82/100 tox|[from] psn
|upkeep
|turn|11
|
|t:|1663252566
|move|p1a: Blacephalon|Shadow Ball|p2a: Heatran
|-damage|p2a: Heatran|4/100
|move|p2a: Heatran|Magma Storm|p1a: Blacephalon
|-resisted|p1a: Blacephalon
|-damage|p1a: Blacephalon|43/100 tox
|-activate|p1a: Blacephalon|move: Magma Storm|[of] p2a: Heatran
|
|-heal|p2a: Heatran|11/100|[from] item: Leftovers
|-damage|p1a: Blacephalon|25/100 tox|[from] psn
|-damage|p1a: Blacephalon|13/100 tox|[from] move: Magma Storm|[partiallytrapped]
|upkeep
|turn|12
|
|t:|1663252577
|move|p1a: Blacephalon|Shadow Ball|p2a: Heatran
|-damage|p2a: Heatran|0 fnt
|faint|p2a: Heatran
|-ability|p1a: Blacephalon|Beast Boost|boost
|-boost|p1a: Blacephalon|spa|1
|
|-damage|p1a: Blacephalon|0 fnt|[from] psn
|faint|p1a: Blacephalon
|upkeep
|
|t:|1663252588
|switch|p1a: Obstagoon|Obstagoon, M|89/100
|switch|p2a: Tornadus|Tornadus-Therian, M|100/100
|-damage|p2a: Tornadus|75/100|[from] Stealth Rock
|turn|13
|
|t:|1663252595
|move|p2a: Tornadus|Hurricane|p1a: Obstagoon|[miss]
|-miss|p2a: Tornadus|p1a: Obstagoon
|move|p1a: Obstagoon|Knock Off|p2a: Tornadus
|-damage|p2a: Tornadus|31/100
|-enditem|p2a: Tornadus|Assault Vest|[from] move: Knock Off|[of] p1a: Obstagoon
|
|-heal|p1a: Obstagoon|95/100|[from] item: Leftovers
|upkeep
|turn|14
|
|t:|1663252604
|move|p2a: Tornadus|Hurricane|p1a: Obstagoon
|-damage|p1a: Obstagoon|48/100
|move|p1a: Obstagoon|Knock Off|p2a: Tornadus
|-damage|p2a: Tornadus|1/100
|
|-heal|p1a: Obstagoon|54/100|[from] item: Leftovers
|upkeep
|turn|15
|
|t:|1663252611
|move|p2a: Tornadus|U-turn|p1a: Obstagoon
|-supereffective|p1a: Obstagoon
|-damage|p1a: Obstagoon|30/100
|
|t:|1663252614
|switch|p2a: Toxapex|Toxapex, M|100/100|[from]move: U-turn
|-damage|p2a: Toxapex|88/100|[from] Stealth Rock
|-damage|p2a: Toxapex|75/100|[from] Spikes
|move|p1a: Obstagoon|Knock Off|p2a: Toxapex
|-damage|p2a: Toxapex|55/100
|-enditem|p2a: Toxapex|Shed Shell|[from] move: Knock Off|[of] p1a: Obstagoon
|
|-heal|p1a: Obstagoon|36/100|[from] item: Leftovers
|upkeep
|turn|16
|
|t:|1663252628
|move|p1a: Obstagoon|Taunt|p2a: Toxapex
|-start|p2a: Toxapex|move: Taunt
|move|p2a: Toxapex|Scald|p1a: Obstagoon
|-damage|p1a: Obstagoon|18/100
|
|-heal|p1a: Obstagoon|24/100|[from] item: Leftovers
|upkeep
|turn|17
|
|t:|1663252640
|move|p1a: Obstagoon|Knock Off|p2a: Toxapex
|-damage|p2a: Toxapex|41/100
|move|p2a: Toxapex|Knock Off|p1a: Obstagoon
|-resisted|p1a: Obstagoon
|-damage|p1a: Obstagoon|18/100
|-enditem|p1a: Obstagoon|Leftovers|[from] move: Knock Off|[of] p2a: Toxapex
|
|upkeep
|turn|18
|
|t:|1663252646
|move|p1a: Obstagoon|Knock Off|p2a: Toxapex
|-damage|p2a: Toxapex|27/100
|move|p2a: Toxapex|Scald|p1a: Obstagoon
|-crit|p1a: Obstagoon
|-damage|p1a: Obstagoon|0 fnt
|faint|p1a: Obstagoon
|
|-end|p2a: Toxapex|move: Taunt
|upkeep
|
|t:|1663252659
|switch|p1a: Mamoswine|Mamoswine, M|100/100
|turn|19
|
|t:|1663252667
|move|p1a: Mamoswine|Freeze-Dry|p2a: Toxapex
|-supereffective|p2a: Toxapex
|-damage|p2a: Toxapex|0 fnt
|faint|p2a: Toxapex
|
|upkeep
|
|t:|1663252669
|switch|p2a: Kartana|Kartana|82/100
|-damage|p2a: Kartana|76/100|[from] Stealth Rock
|-damage|p2a: Kartana|63/100|[from] Spikes
|turn|20
|
|t:|1663252684
|switch|p1a: Rillaboom|Rillaboom, M|100/100
|-fieldstart|move: Grassy Terrain|[from] ability: Grassy Surge|[of] p1a: Rillaboom
|move|p2a: Kartana|Smart Strike|p1a: Rillaboom
|-damage|p1a: Rillaboom|49/100
|
|-heal|p2a: Kartana|70/100|[from] Grassy Terrain
|-heal|p1a: Rillaboom|55/100|[from] Grassy Terrain
|upkeep
|turn|21
|
|t:|1663252694
|switch|p2a: Corviknight|Corviknight, F|58/100
|-damage|p2a: Corviknight|45/100|[from] Stealth Rock
|-ability|p2a: Corviknight|Pressure
|move|p1a: Rillaboom|U-turn|p2a: Corviknight
|-resisted|p2a: Corviknight
|-damage|p2a: Corviknight|40/100
|-damage|p1a: Rillaboom|45/100|[from] item: Life Orb
|
|t:|1663252703
|switch|p1a: Hawlucha|Hawlucha, M, shiny|100/100|[from]move: U-turn
|-enditem|p1a: Hawlucha|Grassy Seed
|-boost|p1a: Hawlucha|def|1|[from] item: Grassy Seed
|
|upkeep
|turn|22
|
|t:|1663252710
|move|p1a: Hawlucha|Swords Dance|p1a: Hawlucha
|-boost|p1a: Hawlucha|atk|2
|move|p2a: Corviknight|Defog|p1a: Hawlucha
|-unboost|p1a: Hawlucha|evasion|1
|-sideend|p2: Stads|Spikes|[from] move: Defog|[of] p2a: Corviknight
|-sideend|p2: Stads|Stealth Rock|[from] move: Defog|[of] p2a: Corviknight
|-fieldend|move: Grassy Terrain
|
|upkeep
|turn|23
|
|t:|1663252739
|move|p1a: Hawlucha|Swords Dance|p1a: Hawlucha
|-boost|p1a: Hawlucha|atk|2
|move|p2a: Corviknight|U-turn|p1a: Hawlucha
|-resisted|p1a: Hawlucha
|-damage|p1a: Hawlucha|97/100
|
|t:|1663252742
|switch|p2a: Hippowdon|Hippowdon, M|100/100|[from]move: U-turn
|-weather|Sandstorm|[from] ability: Sand Stream|[of] p2a: Hippowdon
|
|-weather|Sandstorm|[upkeep]
|-damage|p1a: Hawlucha|91/100|[from] Sandstorm
|upkeep
|turn|24
|
|t:|1663252749
|move|p1a: Hawlucha|Close Combat|p2a: Hippowdon
|-damage|p2a: Hippowdon|0 fnt
|-unboost|p1a: Hawlucha|def|1
|-unboost|p1a: Hawlucha|spd|1
|faint|p2a: Hippowdon
|
|-weather|Sandstorm|[upkeep]
|-damage|p1a: Hawlucha|85/100|[from] Sandstorm
|upkeep
|-message|Stads forfeited.
|
|win|Fastbreak 3
|raw|Fastbreak 3's rating: 1678 &rarr; <strong>1701</strong><br />(+23 for winning)
|raw|Stads's rating: 1732 &rarr; <strong>1709</strong><br />(-23 for losing)
|l|☆Stads
||Ladder isn't responding, score probably updated but might not have (Request timeout).
