|j|☆someidiot19
|j|☆SMxVale
|t:|1662909849
|gametype|singles
|player|p1|someidiot19|karen-gen2|1717
|player|p2|SMxVale|265|1684
|teamsize|p1|6
|teamsize|p2|6
|gen|8
|tier|[Gen 8] OU
|rated|
|rule|Sleep Clause Mod: Limit one foe put to sleep
|rule|Species Clause: Limit one of each Pokémon
|rule|OHKO Clause: OHKO moves are banned
|rule|Evasion Items Clause: Evasion items are banned
|rule|Evasion Moves Clause: Evasion moves are banned
|rule|Endless Battle Clause: Forcing endless battles is banned
|rule|HP Percentage Mod: HP is shown in percentages
|rule|Dynamax Clause: You cannot dynamax
|clearpoke
|poke|p1|Nidoking, M|
|poke|p1|Crawdaunt, M|
|poke|p1|Ferrothorn, M|
|poke|p1|Slowking, M|
|poke|p1|Incineroar, F|
|poke|p1|Tapu Lele|
|poke|p2|Tornadus-Therian, M|
|poke|p2|Seismitoad, M|
|poke|p2|Weavile, F|
|poke|p2|Buzzwole|
|poke|p2|Tapu Lele|
|poke|p2|Heatran, M|
|teampreview
|inactive|Battle timer is ON: inactive players will automatically lose when time's up. (requested by someidiot19)
|j| estindo
|inactive|SMxVale has 120 seconds left.
|
|t:|1662909890
|start
|switch|p1a: Tapu Lele|Tapu Lele|100/100
|switch|p2a: Tornadus|Tornadus-Therian, M|100/100
|-fieldstart|move: Psychic Terrain|[from] ability: Psychic Surge|[of] p1a: Tapu Lele
|turn|1
|
|t:|1662909907
|switch|p1a: Slowking|Slowking, M|100/100
|move|p2a: Tornadus|Knock Off|p1a: Slowking
|-supereffective|p1a: Slowking
|-damage|p1a: Slowking|65/100
|-enditem|p1a: Slowking|Heavy-Duty Boots|[from] move: Knock Off|[of] p2a: Tornadus
|
|upkeep
|turn|2
|j| wiiimicks
|
|t:|1662909931
|switch|p2a: Heatran|Heatran, M|100/100
|move|p1a: Slowking|Teleport|p1a: Slowking
|
|t:|1662909936
|switch|p1a: Nidoking|Nidoking, M|100/100|[from]move: Teleport
|
|upkeep
|turn|3
|
|t:|1662909945
|switch|p2a: Tornadus|Tornadus-Therian, M|100/100
|move|p1a: Nidoking|Ice Beam|p2a: Tornadus
|-supereffective|p2a: Tornadus
|-crit|p2a: Tornadus
|-damage|p2a: Tornadus|0 fnt
|faint|p2a: Tornadus
|
|upkeep
|j| 0SiegeWarfare
|c|☆someidiot19|mb
|
|t:|1662909957
|switch|p2a: Weavile|Weavile, F|100/100
|-ability|p2a: Weavile|Pressure
|turn|4
|c| 0SiegeWarfare|you dont stay
|c| 0SiegeWarfare|normally
|
|t:|1662909963
|switch|p1a: Incineroar|Incineroar, F|100/100
|-ability|p1a: Incineroar|Intimidate|boost
|-unboost|p2a: Weavile|atk|1
|move|p2a: Weavile|Knock Off|p1a: Incineroar
|-resisted|p1a: Incineroar
|-damage|p1a: Incineroar|85/100
|-enditem|p1a: Incineroar|Heavy-Duty Boots|[from] move: Knock Off|[of] p2a: Weavile
|
|upkeep
|turn|5
|c| 0SiegeWarfare|in
|
|t:|1662909972
|move|p2a: Weavile|Low Kick|p1a: Incineroar
|-supereffective|p1a: Incineroar
|-crit|p1a: Incineroar
|-damage|p1a: Incineroar|14/100
|move|p1a: Incineroar|Parting Shot|p2a: Weavile
|-unboost|p2a: Weavile|atk|1
|-unboost|p2a: Weavile|spa|1
|
|t:|1662909979
|switch|p1a: Tapu Lele|Tapu Lele|100/100|[from]move: Parting Shot
|
|-fieldend|move: Psychic Terrain
|upkeep
|turn|6
|
|t:|1662909992
|switch|p1a: Nidoking|Nidoking, M|100/100
|switch|p2a: Tapu Lele|Tapu Lele|100/100
|-fieldstart|move: Psychic Terrain|[from] ability: Psychic Surge|[of] p2a: Tapu Lele
|
|upkeep
|turn|7
|l| wiiimicks
|
|t:|1662910022
|switch|p1a: Ferrothorn|Ferrothorn, M|100/100
|switch|p2a: Seismitoad|Seismitoad, M|100/100
|
|upkeep
|turn|8
|
|t:|1662910036
|move|p2a: Seismitoad|Stealth Rock|p1a: Ferrothorn
|-sidestart|p1: someidiot19|move: Stealth Rock
|move|p1a: Ferrothorn|Stealth Rock|p2a: Seismitoad
|-sidestart|p2: SMxVale|move: Stealth Rock
|
|upkeep
|turn|9
|
|t:|1662910040
|switch|p2a: Heatran|Heatran, M|100/100
|-damage|p2a: Heatran|88/100|[from] Stealth Rock
|move|p1a: Ferrothorn|Leech Seed|p2a: Heatran
|-start|p2a: Heatran|move: Leech Seed
|
|-heal|p2a: Heatran|94/100|[from] item: Leftovers
|-damage|p2a: Heatran|82/100|[from] Leech Seed|[of] p1a: Ferrothorn
|upkeep
|turn|10
|j| splashed out
|
|t:|1662910058
|switch|p2a: Weavile|Weavile, F|100/100
|-ability|p2a: Weavile|Pressure
|switch|p1a: Slowking|Slowking, M|98/100
|-damage|p1a: Slowking|86/100|[from] Stealth Rock
|
|-fieldend|move: Psychic Terrain
|upkeep
|turn|11
|
|t:|1662910069
|switch|p1a: Incineroar|Incineroar, F|14/100
|-damage|p1a: Incineroar|0 fnt|[from] Stealth Rock
|faint|p1a: Incineroar
|move|p2a: Weavile|Knock Off|p1: Incineroar|[notarget]
|-fail|p2a: Weavile
|
|upkeep
|
|t:|1662910073
|switch|p1a: Tapu Lele|Tapu Lele|100/100
|-damage|p1a: Tapu Lele|88/100|[from] Stealth Rock
|-fieldstart|move: Psychic Terrain|[from] ability: Psychic Surge|[of] p1a: Tapu Lele
|turn|12
|
|t:|1662910094
|move|p1a: Tapu Lele|Focus Blast|p2a: Weavile
|-supereffective|p2a: Weavile
|-damage|p2a: Weavile|0 fnt
|faint|p2a: Weavile
|
|upkeep
|inactive|SMxVale has 120 seconds left.
|
|t:|1662910113
|switch|p2a: Seismitoad|Seismitoad, M|100/100
|-damage|p2a: Seismitoad|94/100|[from] Stealth Rock
|turn|13
|
|t:|1662910118
|switch|p1a: Ferrothorn|Ferrothorn, M|100/100
|-damage|p1a: Ferrothorn|95/100|[from] Stealth Rock
|switch|p2a: Heatran|Heatran, M|82/100
|-damage|p2a: Heatran|69/100|[from] Stealth Rock
|
|-heal|p2a: Heatran|76/100|[from] item: Leftovers
|-heal|p1a: Ferrothorn|100/100|[from] item: Leftovers
|upkeep
|turn|14
|
|t:|1662910121
|switch|p1a: Slowking|Slowking, M|100/100
|-damage|p1a: Slowking|88/100|[from] Stealth Rock
|move|p2a: Heatran|Magma Storm|p1a: Slowking
|-resisted|p1a: Slowking
|-damage|p1a: Slowking|74/100
|-activate|p1a: Slowking|move: Magma Storm|[of] p2a: Heatran
|
|-heal|p2a: Heatran|82/100|[from] item: Leftovers
|-damage|p1a: Slowking|61/100|[from] move: Magma Storm|[partiallytrapped]
|upkeep
|turn|15
|
|t:|1662910131
|move|p2a: Heatran|Toxic|p1a: Slowking|[miss]
|-miss|p2a: Heatran|p1a: Slowking
|move|p1a: Slowking|Scald|p2a: Heatran
|-supereffective|p2a: Heatran
|-damage|p2a: Heatran|50/100
|
|-heal|p2a: Heatran|56/100|[from] item: Leftovers
|-damage|p1a: Slowking|49/100|[from] move: Magma Storm|[partiallytrapped]
|upkeep
|turn|16
|
|t:|1662910137
|move|p2a: Heatran|Toxic|p1a: Slowking
|-status|p1a: Slowking|tox
|move|p1a: Slowking|Slack Off|p1a: Slowking
|-heal|p1a: Slowking|99/100 tox
|
|-heal|p2a: Heatran|63/100|[from] item: Leftovers
|-damage|p1a: Slowking|93/100 tox|[from] psn
|-damage|p1a: Slowking|80/100 tox|[from] move: Magma Storm|[partiallytrapped]
|-fieldend|move: Psychic Terrain
|upkeep
|turn|17
|
|t:|1662910150
|switch|p2a: Tapu Lele|Tapu Lele|100/100
|-damage|p2a: Tapu Lele|88/100|[from] Stealth Rock
|-fieldstart|move: Psychic Terrain|[from] ability: Psychic Surge|[of] p2a: Tapu Lele
|move|p1a: Slowking|Scald|p2a: Tapu Lele
|-damage|p2a: Tapu Lele|60/100
|
|-damage|p1a: Slowking|68/100 tox|[from] psn
|-end|p1a: Slowking|Magma Storm|[partiallytrapped]|[silent]
|upkeep
|turn|18
|
|t:|1662910158
|switch|p1a: Ferrothorn|Ferrothorn, M|100/100
|-damage|p1a: Ferrothorn|95/100|[from] Stealth Rock
|move|p2a: Tapu Lele|Moonblast|p1a: Ferrothorn
|-resisted|p1a: Ferrothorn
|-crit|p1a: Ferrothorn
|-damage|p1a: Ferrothorn|41/100
|
|-heal|p1a: Ferrothorn|47/100|[from] item: Leftovers
|upkeep
|turn|19
|
|t:|1662910176
|switch|p2a: Heatran|Heatran, M|63/100
|-damage|p2a: Heatran|50/100|[from] Stealth Rock
|move|p1a: Ferrothorn|Leech Seed|p2a: Heatran
|-start|p2a: Heatran|move: Leech Seed
|
|-heal|p2a: Heatran|56/100|[from] item: Leftovers
|-heal|p1a: Ferrothorn|53/100|[from] item: Leftovers
|-damage|p2a: Heatran|44/100|[from] Leech Seed|[of] p1a: Ferrothorn
|-heal|p1a: Ferrothorn|67/100|[silent]
|upkeep
|turn|20
|
|t:|1662910186
|switch|p2a: Tapu Lele|Tapu Lele|60/100
|-damage|p2a: Tapu Lele|47/100|[from] Stealth Rock
|switch|p1a: slowking's daddy|Crawdaunt, M|100/100
|-damage|p1a: slowking's daddy|88/100|[from] Stealth Rock
|
|upkeep
|turn|21
|
|t:|1662910191
|switch|p1a: Slowking|Slowking, M|100/100 tox
|-damage|p1a: Slowking|88/100 tox|[from] Stealth Rock
|move|p2a: Tapu Lele|Moonblast|p1a: Slowking
|-damage|p1a: Slowking|38/100 tox
|
|-damage|p1a: Slowking|32/100 tox|[from] psn
|-fieldend|move: Psychic Terrain
|upkeep
|turn|22
|j| wiiimicks
|
|t:|1662910209
|switch|p1a: Ferrothorn|Ferrothorn, M|67/100
|-damage|p1a: Ferrothorn|61/100|[from] Stealth Rock
|move|p2a: Tapu Lele|Moonblast|p1a: Ferrothorn
|-resisted|p1a: Ferrothorn
|-damage|p1a: Ferrothorn|24/100
|-unboost|p1a: Ferrothorn|spa|1
|
|-heal|p1a: Ferrothorn|30/100|[from] item: Leftovers
|upkeep
|turn|23
|
|t:|1662910215
|move|p2a: Tapu Lele|Moonblast|p1a: Ferrothorn
|-resisted|p1a: Ferrothorn
|-damage|p1a: Ferrothorn|0 fnt
|faint|p1a: Ferrothorn
|
|upkeep
|
|t:|1662910218
|switch|p1a: Tapu Lele|Tapu Lele|88/100
|-damage|p1a: Tapu Lele|76/100|[from] Stealth Rock
|-fieldstart|move: Psychic Terrain|[from] ability: Psychic Surge|[of] p1a: Tapu Lele
|turn|24
|
|t:|1662910239
|switch|p2a: Heatran|Heatran, M|44/100
|-damage|p2a: Heatran|31/100|[from] Stealth Rock
|move|p1a: Tapu Lele|Moonblast|p2a: Heatran
|-resisted|p2a: Heatran
|-damage|p2a: Heatran|24/100
|-unboost|p2a: Heatran|spa|1
|
|-heal|p2a: Heatran|30/100|[from] item: Leftovers
|upkeep
|turn|25
|
|t:|1662910251
|switch|p1a: slowking's daddy|Crawdaunt, M|88/100
|-damage|p1a: slowking's daddy|76/100|[from] Stealth Rock
|move|p2a: Heatran|Magma Storm|p1a: slowking's daddy
|-resisted|p1a: slowking's daddy
|-damage|p1a: slowking's daddy|47/100
|-activate|p1a: slowking's daddy|move: Magma Storm|[of] p2a: Heatran
|
|-heal|p2a: Heatran|36/100|[from] item: Leftovers
|-damage|p1a: slowking's daddy|34/100|[from] move: Magma Storm|[partiallytrapped]
|upkeep
|turn|26
|
|t:|1662910261
|move|p2a: Heatran|Protect|p2a: Heatran
|-singleturn|p2a: Heatran|Protect
|move|p1a: slowking's daddy|Knock Off|p2a: Heatran
|-activate|p2a: Heatran|move: Protect
|
|-heal|p2a: Heatran|43/100|[from] item: Leftovers
|-damage|p1a: slowking's daddy|22/100|[from] move: Magma Storm|[partiallytrapped]
|upkeep
|turn|27
|
|t:|1662910271
|switch|p2a: Buzzwole|Buzzwole|100/100
|move|p1a: slowking's daddy|Knock Off|p2a: Buzzwole
|-resisted|p2a: Buzzwole
|-damage|p2a: Buzzwole|76/100
|-enditem|p2a: Buzzwole|Heavy-Duty Boots|[from] move: Knock Off|[of] p1a: slowking's daddy
|
|-end|p1a: slowking's daddy|Magma Storm|[partiallytrapped]|[silent]
|upkeep
|turn|28
|
|t:|1662910282
|move|p1a: slowking's daddy|Knock Off|p2a: Buzzwole
|-resisted|p2a: Buzzwole
|-damage|p2a: Buzzwole|59/100
|move|p2a: Buzzwole|Earthquake|p1a: slowking's daddy
|-crit|p1a: slowking's daddy
|-damage|p1a: slowking's daddy|0 fnt
|faint|p1a: slowking's daddy
|-ability|p2a: Buzzwole|Beast Boost|boost
|-boost|p2a: Buzzwole|def|1
|
|-fieldend|move: Psychic Terrain
|upkeep
|
|t:|1662910285
|switch|p1a: Nidoking|Nidoking, M|100/100
|-damage|p1a: Nidoking|95/100|[from] Stealth Rock
|turn|29
|
|t:|1662910300
|move|p1a: Nidoking|Flamethrower|p2a: Buzzwole
|-supereffective|p2a: Buzzwole
|-damage|p2a: Buzzwole|0 fnt
|faint|p2a: Buzzwole
|
|upkeep
|
|t:|1662910304
|switch|p2a: Seismitoad|Seismitoad, M|94/100
|-damage|p2a: Seismitoad|88/100|[from] Stealth Rock
|turn|30
|
|t:|1662910314
|switch|p1a: Slowking|Slowking, M|65/100 tox
|-damage|p1a: Slowking|53/100 tox|[from] Stealth Rock
|move|p2a: Seismitoad|Earthquake|p1a: Slowking
|-damage|p1a: Slowking|22/100 tox
|
|-heal|p2a: Seismitoad|94/100|[from] item: Leftovers
|-damage|p1a: Slowking|16/100 tox|[from] psn
|upkeep
|turn|31
|
|t:|1662910325
|move|p2a: Seismitoad|Earthquake|p1a: Slowking
|-damage|p1a: Slowking|0 fnt
|faint|p1a: Slowking
|
|-heal|p2a: Seismitoad|100/100|[from] item: Leftovers
|upkeep
|
|t:|1662910333
|switch|p1a: Tapu Lele|Tapu Lele|76/100
|-damage|p1a: Tapu Lele|63/100|[from] Stealth Rock
|-fieldstart|move: Psychic Terrain|[from] ability: Psychic Surge|[of] p1a: Tapu Lele
|turn|32
|
|t:|1662910341
|move|p2a: Seismitoad|Protect|p2a: Seismitoad
|-singleturn|p2a: Seismitoad|Protect
|move|p1a: Tapu Lele|Psyshock|p2a: Seismitoad
|-activate|p2a: Seismitoad|move: Protect
|
|upkeep
|turn|33
|j| I'll forfite
|c|☆SMxVale|7calc
|j| Toxic Facade
|inactive|SMxVale has 120 seconds left.
|
|t:|1662910387
|switch|p2a: Tapu Lele|Tapu Lele|47/100
|-damage|p2a: Tapu Lele|35/100|[from] Stealth Rock
|move|p1a: Tapu Lele|Psyshock|p2a: Tapu Lele
|-resisted|p2a: Tapu Lele
|-damage|p2a: Tapu Lele|0 fnt
|faint|p2a: Tapu Lele
|
|upkeep
|
|t:|1662910389
|switch|p2a: Heatran|Heatran, M|43/100
|-damage|p2a: Heatran|30/100|[from] Stealth Rock
|turn|34
|inactive|someidiot19 has 120 seconds left.
|
|t:|1662910429
|move|p1a: Tapu Lele|Psyshock|p2a: Heatran
|-resisted|p2a: Heatran
|-damage|p2a: Heatran|9/100
|move|p2a: Heatran|Magma Storm|p1a: Tapu Lele
|-damage|p1a: Tapu Lele|13/100
|-activate|p1a: Tapu Lele|move: Magma Storm|[of] p2a: Heatran
|
|-heal|p2a: Heatran|15/100|[from] item: Leftovers
|-damage|p1a: Tapu Lele|0 fnt|[from] move: Magma Storm|[partiallytrapped]
|faint|p1a: Tapu Lele
|upkeep
|
|t:|1662910432
|switch|p1a: Nidoking|Nidoking, M|95/100
|-damage|p1a: Nidoking|89/100|[from] Stealth Rock
|turn|35
|inactive|SMxVale has 120 seconds left.
|
|t:|1662910442
|move|p1a: Nidoking|Earth Power|p2a: Heatran
|-supereffective|p2a: Heatran
|-damage|p2a: Heatran|0 fnt
|faint|p2a: Heatran
|
|upkeep
|
|t:|1662910443
|switch|p2a: Seismitoad|Seismitoad, M|100/100
|-damage|p2a: Seismitoad|94/100|[from] Stealth Rock
|turn|36
|
|t:|1662910445
|move|p1a: Nidoking|Earth Power|p2a: Seismitoad
|-damage|p2a: Seismitoad|48/100
|move|p2a: Seismitoad|Earthquake|p1a: Nidoking
|-supereffective|p1a: Nidoking
|-damage|p1a: Nidoking|0 fnt
|faint|p1a: Nidoking
|
|win|SMxVale
|raw|someidiot19's rating: 1717 &rarr; <strong>1695</strong><br />(-22 for losing)
|raw|SMxVale's rating: 1684 &rarr; <strong>1706</strong><br />(+22 for winning)
|c|☆SMxVale|gg
|c|☆someidiot19|gg
|l|☆someidiot19
||Ladder isn't responding, score probably updated but might not have (Request timeout).
