|j|☆tesla roadster
|j|☆HQSNonsense
|t:|1667226651
|gametype|singles
|player|p1|tesla roadster|169|1737
|player|p2|HQSNonsense|veteranf|1681
|teamsize|p1|6
|teamsize|p2|6
|gen|8
|tier|[Gen 8] OU
|rated|
|rule|Sleep Clause Mod: Limit one foe put to sleep
|rule|Species Clause: Limit one of each Pokémon
|rule|OHKO Clause: OHKO moves are banned
|rule|Evasion Items Clause: Evasion items are banned
|rule|Evasion Moves Clause: Evasion moves are banned
|rule|Endless Battle Clause: Forcing endless battles is banned
|rule|HP Percentage Mod: HP is shown in percentages
|rule|Dynamax Clause: You cannot dynamax
|clearpoke
|poke|p1|Kommo-o, M|
|poke|p1|Clefable, M|
|poke|p1|Ferrothorn, F|
|poke|p1|Zapdos-Galar|
|poke|p1|Zeraora|
|poke|p1|Landorus-Therian, M|
|poke|p2|Blaziken, M|
|poke|p2|Rillaboom, F|
|poke|p2|Landorus-Therian, M|
|poke|p2|Nihilego|
|poke|p2|Bisharp, M|
|poke|p2|Dragonite, F|
|teampreview
|inactive|Battle timer is ON: inactive players will automatically lose when time's up. (requested by HQSNonsense)
|inactive|tesla roadster has 120 seconds left.
|inactive|tesla roadster has 90 seconds left.
|
|t:|1667226744
|start
|switch|p1a: Zapdos|Zapdos-Galar|100/100
|switch|p2a: Bisharp|Bisharp, M|100/100
|turn|1
|
|t:|1667226753
|move|p1a: Zapdos|Close Combat|p2a: Bisharp
|-supereffective|p2a: Bisharp
|-enditem|p2a: Bisharp|Focus Sash
|-damage|p2a: Bisharp|1/100
|-unboost|p1a: Zapdos|def|1
|-unboost|p1a: Zapdos|spd|1
|move|p2a: Bisharp|Thunder Wave|p1a: Zapdos
|-status|p1a: Zapdos|par
|
|upkeep
|turn|2
|
|t:|1667226758
|move|p2a: Bisharp|Stealth Rock|p1a: Zapdos
|-sidestart|p1: tesla roadster|move: Stealth Rock
|move|p1a: Zapdos|Close Combat|p2a: Bisharp
|-supereffective|p2a: Bisharp
|-damage|p2a: Bisharp|0 fnt
|-unboost|p1a: Zapdos|def|1
|-unboost|p1a: Zapdos|spd|1
|faint|p2a: Bisharp
|
|upkeep
|
|t:|1667226773
|switch|p2a: Landorus|Landorus-Therian, M|100/100
|-ability|p2a: Landorus|Intimidate|boost
|-unboost|p1a: Zapdos|atk|1
|-ability|p1a: Zapdos|Defiant|boost
|-boost|p1a: Zapdos|atk|2
|turn|3
|
|t:|1667226779
|move|p2a: Landorus|Bulk Up|p2a: Landorus
|-boost|p2a: Landorus|atk|1
|-boost|p2a: Landorus|def|1
|move|p1a: Zapdos|Close Combat|p2a: Landorus
|-resisted|p2a: Landorus
|-damage|p2a: Landorus|51/100
|-unboost|p1a: Zapdos|def|1
|-unboost|p1a: Zapdos|spd|1
|
|-heal|p2a: Landorus|57/100|[from] item: Leftovers
|upkeep
|turn|4
|
|t:|1667226787
|switch|p1a: Landorus|Landorus-Therian, M|100/100
|-damage|p1a: Landorus|88/100|[from] Stealth Rock
|-ability|p1a: Landorus|Intimidate|boost
|-unboost|p2a: Landorus|atk|1
|move|p2a: Landorus|Stone Edge|p1a: Landorus|[miss]
|-miss|p2a: Landorus|p1a: Landorus
|
|-heal|p2a: Landorus|64/100|[from] item: Leftovers
|-heal|p1a: Landorus|94/100|[from] item: Leftovers
|upkeep
|turn|5
|
|t:|1667226792
|move|p2a: Landorus|Substitute|p2a: Landorus
|-start|p2a: Landorus|Substitute
|-damage|p2a: Landorus|39/100
|move|p1a: Landorus|Toxic||[still]
|-fail|p1a: Landorus
|
|-heal|p2a: Landorus|45/100|[from] item: Leftovers
|-heal|p1a: Landorus|99/100|[from] item: Leftovers
|upkeep
|turn|6
|
|t:|1667226799
|switch|p1a: Clefable|Clefable, M|100/100
|move|p2a: Landorus|Bulk Up|p2a: Landorus
|-boost|p2a: Landorus|atk|1
|-boost|p2a: Landorus|def|1
|
|-heal|p2a: Landorus|51/100|[from] item: Leftovers
|upkeep
|turn|7
|
|t:|1667226804
|move|p2a: Landorus|Earthquake|p1a: Clefable
|-damage|p1a: Clefable|32/100
|move|p1a: Clefable|Moonblast|p2a: Landorus
|-end|p2a: Landorus|Substitute
|
|-heal|p2a: Landorus|57/100|[from] item: Leftovers
|-heal|p1a: Clefable|39/100|[from] item: Leftovers
|upkeep
|turn|8
|
|t:|1667226811
|move|p2a: Landorus|Stone Edge|p1a: Clefable
|-damage|p1a: Clefable|0 fnt
|faint|p1a: Clefable
|
|-heal|p2a: Landorus|64/100|[from] item: Leftovers
|upkeep
|
|t:|1667226815
|switch|p1a: Zapdos|Zapdos-Galar|100/100 par
|-damage|p1a: Zapdos|88/100 par|[from] Stealth Rock
|turn|9
|
|t:|1667226820
|move|p2a: Landorus|Stone Edge|p1a: Zapdos
|-damage|p1a: Zapdos|30/100 par
|move|p1a: Zapdos|Brave Bird|p2a: Landorus
|-damage|p2a: Landorus|14/100
|-damage|p1a: Zapdos|13/100 par|[from] Recoil
|
|-heal|p2a: Landorus|21/100|[from] item: Leftovers
|upkeep
|turn|10
|
|t:|1667226823
|move|p2a: Landorus|Stone Edge|p1a: Zapdos
|-crit|p1a: Zapdos
|-damage|p1a: Zapdos|0 fnt
|faint|p1a: Zapdos
|
|-heal|p2a: Landorus|27/100|[from] item: Leftovers
|upkeep
|
|t:|1667226828
|switch|p1a: Kommo-o|Kommo-o, M|100/100
|-damage|p1a: Kommo-o|94/100|[from] Stealth Rock
|turn|11
|
|t:|1667226832
|move|p2a: Landorus|Earthquake|p1a: Kommo-o
|-damage|p1a: Kommo-o|37/100
|move|p1a: Kommo-o|Dragon Tail|p2a: Landorus
|-damage|p2a: Landorus|15/100
|drag|p2a: Blaziken|Blaziken, M|100/100
|
|upkeep
|turn|12
|j| Tegalik
|
|t:|1667226839
|move|p2a: Blaziken|Close Combat|p1a: Kommo-o
|-damage|p1a: Kommo-o|0 fnt
|-unboost|p2a: Blaziken|def|1
|-unboost|p2a: Blaziken|spd|1
|-damage|p2a: Blaziken|84/100|[from] item: Rocky Helmet|[of] p1a: Kommo-o
|faint|p1a: Kommo-o
|
|-heal|p2a: Blaziken|90/100|[from] item: Leftovers
|-ability|p2a: Blaziken|Speed Boost|boost
|-boost|p2a: Blaziken|spe|1
|upkeep
|l| Tegalik
|
|t:|1667226846
|switch|p1a: Landorus|Landorus-Therian, M|99/100
|-damage|p1a: Landorus|88/100|[from] Stealth Rock
|-ability|p1a: Landorus|Intimidate|boost
|-unboost|p2a: Blaziken|atk|1
|turn|13
|
|t:|1667226854
|switch|p2a: Landorus|Landorus-Therian, M|15/100
|-ability|p2a: Landorus|Intimidate|boost
|-unboost|p1a: Landorus|atk|1
|move|p1a: Landorus|Earthquake|p2a: Landorus
|-immune|p2a: Landorus
|
|-heal|p2a: Landorus|21/100|[from] item: Leftovers
|-heal|p1a: Landorus|94/100|[from] item: Leftovers
|upkeep
|turn|14
|
|t:|1667226863
|switch|p2a: Nihilego|Nihilego|100/100
|move|p1a: Landorus|U-turn|p2a: Nihilego
|-resisted|p2a: Nihilego
|-damage|p2a: Nihilego|89/100
|
|t:|1667226871
|switch|p1a: Ferrothorn|Ferrothorn, F|100/100|[from]move: U-turn
|-damage|p1a: Ferrothorn|94/100|[from] Stealth Rock
|
|-heal|p1a: Ferrothorn|100/100|[from] item: Leftovers
|upkeep
|turn|15
|
|t:|1667226883
|switch|p2a: Rillaboom|Rillaboom, F|100/100
|-fieldstart|move: Grassy Terrain|[from] ability: Grassy Surge|[of] p2a: Rillaboom
|move|p1a: Ferrothorn|Iron Head|p2a: Rillaboom
|-damage|p2a: Rillaboom|73/100
|
|-heal|p2a: Rillaboom|79/100|[from] Grassy Terrain
|upkeep
|turn|16
|
|t:|1667226889
|move|p2a: Rillaboom|Swords Dance|p2a: Rillaboom
|-boost|p2a: Rillaboom|atk|2
|move|p1a: Ferrothorn|Iron Head|p2a: Rillaboom
|-damage|p2a: Rillaboom|48/100
|
|-heal|p2a: Rillaboom|54/100|[from] Grassy Terrain
|upkeep
|turn|17
|inactive|tesla roadster has 120 seconds left.
|
|t:|1667226932
|move|p2a: Rillaboom|Swords Dance|p2a: Rillaboom
|-boost|p2a: Rillaboom|atk|2
|move|p1a: Ferrothorn|Iron Head|p2a: Rillaboom
|-damage|p2a: Rillaboom|27/100
|
|-heal|p2a: Rillaboom|34/100|[from] Grassy Terrain
|upkeep
|turn|18
|inactive|tesla roadster has 90 seconds left.
|j| t-yeu
|
|t:|1667226987
|switch|p1a: Landorus|Landorus-Therian, M|94/100
|-damage|p1a: Landorus|82/100|[from] Stealth Rock
|-ability|p1a: Landorus|Intimidate|boost
|-unboost|p2a: Rillaboom|atk|1
|move|p2a: Rillaboom|Drain Punch|p1a: Landorus
|-resisted|p1a: Landorus
|-crit|p1a: Landorus
|-damage|p1a: Landorus|11/100
|-heal|p2a: Rillaboom|73/100|[from] drain|[of] p1a: Landorus
|-damage|p2a: Rillaboom|63/100|[from] item: Life Orb
|
|-heal|p2a: Rillaboom|69/100|[from] Grassy Terrain
|-heal|p1a: Landorus|18/100|[from] item: Leftovers
|upkeep
|turn|19
|
|t:|1667226995
|move|p2a: Rillaboom|Grassy Glide|p1a: Landorus
|-damage|p1a: Landorus|0 fnt
|faint|p1a: Landorus
|-damage|p2a: Rillaboom|59/100|[from] item: Life Orb
|
|-heal|p2a: Rillaboom|65/100|[from] Grassy Terrain
|-fieldend|move: Grassy Terrain
|upkeep
|inactive|tesla roadster has 60 seconds left.
|-message|tesla roadster forfeited.
|
|win|HQSNonsense
|raw|tesla roadster's rating: 1737 &rarr; <strong>1714</strong><br />(-23 for losing)
|raw|HQSNonsense's rating: 1681 &rarr; <strong>1704</strong><br />(+23 for winning)
|l|☆tesla roadster
