|j|☆vagmak
|j|☆dvvyn
|t:|1608228428
|player|p1|vagmak|brawly|1616
|player|p2|dvvyn|1|1579
|teamsize|p1|6
|teamsize|p2|6
|gametype|singles
|gen|8
|tier|[Gen 8] OU
|rated|
|clearpoke
|poke|p1|Azumarill, F|
|poke|p1|Garchomp, F|
|poke|p1|Zapdos|
|poke|p1|Nidoking, M|
|poke|p1|Melmetal|
|poke|p1|Urshifu-*, M|
|poke|p2|Celesteela|
|poke|p2|Garchomp, M|
|poke|p2|Landorus-Therian, M|
|poke|p2|Tapu Koko|
|poke|p2|Cinderace, M|
|poke|p2|Ditto|
|rule|Sleep Clause Mod: Limit one foe put to sleep
|rule|Species Clause: Limit one of each Pokémon
|rule|OHKO Clause: OHKO moves are banned
|rule|Evasion Moves Clause: Evasion moves are banned
|rule|Endless Battle Clause: Forcing endless battles is banned
|rule|HP Percentage Mod: HP is shown in percentages
|rule|Dynamax Clause: You cannot dynamax
|teampreview
|inactive|Battle timer is ON: inactive players will automatically lose when time's up. (requested by vagmak)
|
|t:|1608228437
|start
|switch|p1a: Nidoking|Nidoking, M|100/100
|switch|p2a: Garchomp|Garchomp, M|100/100
|turn|1
|
|t:|1608228450
|switch|p2a: Celesteela|Celesteela, shiny|100/100
|move|p1a: Nidoking|Ice Beam|p2a: Celesteela
|-damage|p2a: Celesteela|80/100
|
|-heal|p2a: Celesteela|86/100|[from] item: Leftovers
|upkeep
|turn|2
|
|t:|1608228460
|switch|p1a: Melmetal|Melmetal|100/100
|move|p2a: Celesteela|Leech Seed|p1a: Melmetal
|-start|p1a: Melmetal|move: Leech Seed
|
|-heal|p2a: Celesteela|92/100|[from] item: Leftovers
|-damage|p1a: Melmetal|88/100|[from] Leech Seed|[of] p2a: Celesteela
|-heal|p2a: Celesteela|100/100|[silent]
|upkeep
|turn|3
|
|t:|1608228470
|move|p2a: Celesteela|Protect|p2a: Celesteela
|-singleturn|p2a: Celesteela|Protect
|move|p1a: Melmetal|Thunder Punch|p2a: Celesteela
|-activate|p2a: Celesteela|move: Protect
|
|-damage|p1a: Melmetal|76/100|[from] Leech Seed|[of] p2a: Celesteela
|upkeep
|turn|4
|
|t:|1608228478
|move|p2a: Celesteela|Flamethrower|p1a: Melmetal
|-supereffective|p1a: Melmetal
|-damage|p1a: Melmetal|50/100
|move|p1a: Melmetal|Thunder Punch|p2a: Celesteela
|-supereffective|p2a: Celesteela
|-damage|p2a: Celesteela|42/100
|
|-heal|p2a: Celesteela|48/100|[from] item: Leftovers
|-damage|p1a: Melmetal|38/100|[from] Leech Seed|[of] p2a: Celesteela
|-heal|p2a: Celesteela|60/100|[silent]
|upkeep
|turn|5
|
|t:|1608228499
|switch|p1a: Urshifu|Urshifu, M|100/100
|move|p2a: Celesteela|Flamethrower|p1a: Urshifu
|-damage|p1a: Urshifu|67/100
|
|-heal|p2a: Celesteela|66/100|[from] item: Leftovers
|upkeep
|turn|6
|
|t:|1608228508
|switch|p2a: Tapu Koko|Tapu Koko|100/100
|-fieldstart|move: Electric Terrain|[from] ability: Electric Surge|[of] p2a: Tapu Koko
|move|p1a: Urshifu|Close Combat|p2a: Tapu Koko
|-resisted|p2a: Tapu Koko
|-damage|p2a: Tapu Koko|55/100
|-unboost|p1a: Urshifu|def|1
|-unboost|p1a: Urshifu|spd|1
|-damage|p1a: Urshifu|57/100|[from] item: Life Orb
|
|upkeep
|turn|7
|
|t:|1608228521
|switch|p1a: Melmetal|Melmetal|38/100
|move|p2a: Tapu Koko|Roost|p2a: Tapu Koko
|-heal|p2a: Tapu Koko|100/100
|-singleturn|p2a: Tapu Koko|move: Roost
|
|upkeep
|turn|8
|
|t:|1608228539
|move|p2a: Tapu Koko|Volt Switch|p1a: Melmetal
|-damage|p1a: Melmetal|21/100
|
|t:|1608228543
|switch|p2a: Landorus|Landorus-Therian, M|100/100|[from]move: Volt Switch
|-ability|p2a: Landorus|Intimidate|boost
|-unboost|p1a: Melmetal|atk|1
|move|p1a: Melmetal|Ice Punch|p2a: Landorus
|-supereffective|p2a: Landorus
|-damage|p2a: Landorus|31/100
|-damage|p1a: Melmetal|4/100|[from] item: Rocky Helmet|[of] p2a: Landorus
|
|upkeep
|turn|9
|
|t:|1608228556
|move|p2a: Landorus|U-turn|p1a: Melmetal
|-resisted|p1a: Melmetal
|-damage|p1a: Melmetal|0 fnt
|faint|p1a: Melmetal
|
|t:|1608228567
|switch|p2a: Garchomp|Garchomp, M|100/100|[from]move: U-turn
|
|upkeep
|
|t:|1608228588
|switch|p1a: Azumarill|Azumarill, F|100/100
|turn|10
|
|t:|1608228592
|move|p2a: Garchomp|Earthquake|p1a: Azumarill
|-damage|p1a: Azumarill|49/100
|-enditem|p1a: Azumarill|Sitrus Berry|[eat]
|-heal|p1a: Azumarill|74/100|[from] item: Sitrus Berry
|move|p1a: Azumarill|Play Rough|p2a: Garchomp
|-supereffective|p2a: Garchomp
|-damage|p2a: Garchomp|0 fnt
|-damage|p1a: Azumarill|62/100|[from] ability: Rough Skin|[of] p2a: Garchomp
|-damage|p1a: Azumarill|45/100|[from] item: Rocky Helmet|[of] p2a: Garchomp
|faint|p2a: Garchomp
|
|-fieldend|move: Electric Terrain
|upkeep
|
|t:|1608228613
|switch|p2a: Tapu Koko|Tapu Koko|100/100
|-fieldstart|move: Electric Terrain|[from] ability: Electric Surge|[of] p2a: Tapu Koko
|turn|11
|
|t:|1608228621
|switch|p1a: Garchomp|Garchomp, F|100/100
|move|p2a: Tapu Koko|Volt Switch|p1a: Garchomp
|-immune|p1a: Garchomp
|
|upkeep
|turn|12
|
|t:|1608228632
|switch|p2a: Landorus|Landorus-Therian, M|31/100
|-ability|p2a: Landorus|Intimidate|boost
|-unboost|p1a: Garchomp|atk|1
|switch|p1a: Zapdos|Zapdos|100/100
|
|upkeep
|turn|13
|
|t:|1608228645
|switch|p2a: Tapu Koko|Tapu Koko|100/100
|move|p1a: Zapdos|Hurricane|p2a: Tapu Koko
|-resisted|p2a: Tapu Koko
|-damage|p2a: Tapu Koko|67/100
|-start|p2a: Tapu Koko|confusion
|
|upkeep
|turn|14
|
|t:|1608228656
|-activate|p2a: Tapu Koko|confusion
|-damage|p2a: Tapu Koko|58/100|[from] confusion
|move|p1a: Zapdos|Heat Wave|p2a: Tapu Koko
|-damage|p2a: Tapu Koko|19/100
|
|upkeep
|turn|15
|
|t:|1608228668
|-activate|p2a: Tapu Koko|confusion
|-damage|p2a: Tapu Koko|10/100|[from] confusion
|move|p1a: Zapdos|Heat Wave|p2a: Tapu Koko|[miss]
|-miss|p1a: Zapdos|p2a: Tapu Koko
|
|-fieldend|move: Electric Terrain
|upkeep
|turn|16
|
|t:|1608228676
|-end|p2a: Tapu Koko|confusion
|move|p2a: Tapu Koko|Roost|p2a: Tapu Koko
|-heal|p2a: Tapu Koko|60/100
|-singleturn|p2a: Tapu Koko|move: Roost
|move|p1a: Zapdos|Heat Wave|p2a: Tapu Koko
|-damage|p2a: Tapu Koko|17/100
|
|upkeep
|turn|17
|
|t:|1608228694
|switch|p1a: Nidoking|Nidoking, M|100/100
|move|p2a: Tapu Koko|Roost|p2a: Tapu Koko
|-heal|p2a: Tapu Koko|68/100
|-singleturn|p2a: Tapu Koko|move: Roost
|
|upkeep
|turn|18
|
|t:|1608228702
|switch|p2a: Celesteela|Celesteela, shiny|66/100
|move|p1a: Nidoking|Sludge Wave|p2a: Celesteela
|-immune|p2a: Celesteela
|
|-heal|p2a: Celesteela|73/100|[from] item: Leftovers
|upkeep
|turn|19
|
|t:|1608228712
|switch|p1a: Zapdos|Zapdos|100/100
|move|p2a: Celesteela|Leech Seed|p1a: Zapdos
|-start|p1a: Zapdos|move: Leech Seed
|
|-heal|p2a: Celesteela|79/100|[from] item: Leftovers
|-damage|p1a: Zapdos|88/100|[from] Leech Seed|[of] p2a: Celesteela
|-heal|p2a: Celesteela|89/100|[silent]
|upkeep
|turn|20
|
|t:|1608228725
|switch|p1a: Urshifu|Urshifu, M|57/100
|switch|p2a: Tapu Koko|Tapu Koko|68/100
|-fieldstart|move: Electric Terrain|[from] ability: Electric Surge|[of] p2a: Tapu Koko
|
|upkeep
|turn|21
|
|t:|1608228735
|move|p2a: Tapu Koko|Dazzling Gleam|p1a: Urshifu
|-supereffective|p1a: Urshifu
|-damage|p1a: Urshifu|0 fnt
|faint|p1a: Urshifu
|
|upkeep
|
|t:|1608228741
|switch|p1a: Zapdos|Zapdos|88/100
|turn|22
|
|t:|1608228746
|move|p2a: Tapu Koko|Dazzling Gleam|p1a: Zapdos
|-damage|p1a: Zapdos|56/100
|move|p1a: Zapdos|Heat Wave|p2a: Tapu Koko|[miss]
|-miss|p1a: Zapdos|p2a: Tapu Koko
|
|upkeep
|turn|23
|
|t:|1608228754
|move|p2a: Tapu Koko|Taunt|p1a: Zapdos
|-start|p1a: Zapdos|move: Taunt
|move|p1a: Zapdos|Heat Wave|p2a: Tapu Koko
|-damage|p2a: Tapu Koko|25/100
|
|upkeep
|turn|24
|
|t:|1608228765
|switch|p1a: Nidoking|Nidoking, M|100/100
|move|p2a: Tapu Koko|Roost|p2a: Tapu Koko
|-heal|p2a: Tapu Koko|75/100
|-singleturn|p2a: Tapu Koko|move: Roost
|
|-fieldend|move: Electric Terrain
|upkeep
|turn|25
|
|t:|1608228772
|switch|p2a: Celesteela|Celesteela, shiny|89/100
|move|p1a: Nidoking|Thunderbolt|p2a: Celesteela
|-supereffective|p2a: Celesteela
|-damage|p2a: Celesteela|48/100
|
|-heal|p2a: Celesteela|54/100|[from] item: Leftovers
|upkeep
|turn|26
|
|t:|1608228781
|move|p1a: Nidoking|Thunderbolt|p2a: Celesteela
|-supereffective|p2a: Celesteela
|-damage|p2a: Celesteela|10/100
|move|p2a: Celesteela|Leech Seed|p1a: Nidoking
|-start|p1a: Nidoking|move: Leech Seed
|
|-heal|p2a: Celesteela|16/100|[from] item: Leftovers
|-damage|p1a: Nidoking|88/100|[from] Leech Seed|[of] p2a: Celesteela
|-heal|p2a: Celesteela|25/100|[silent]
|upkeep
|turn|27
|
|t:|1608228791
|switch|p2a: Ditto|Ditto|100/100
|-transform|p2a: Ditto|p1a: Nidoking|[from] ability: Imposter
|move|p1a: Nidoking|Thunderbolt|p2a: Ditto
|-immune|p2a: Ditto
|
|-damage|p1a: Nidoking|75/100|[from] Leech Seed|[of] p2a: Ditto
|upkeep
|turn|28
|
|t:|1608228806
|switch|p1a: Garchomp|Garchomp, F|100/100
|move|p2a: Ditto|Ice Beam|p1a: Garchomp
|-supereffective|p1a: Garchomp
|-damage|p1a: Garchomp|0 fnt
|faint|p1a: Garchomp
|
|upkeep
|
|t:|1608228814
|switch|p1a: Zapdos|Zapdos|56/100
|turn|29
|
|t:|1608228819
|move|p2a: Ditto|Ice Beam|p1a: Zapdos
|-supereffective|p1a: Zapdos
|-damage|p1a: Zapdos|0 fnt
|faint|p1a: Zapdos
|
|upkeep
|
|t:|1608228824
|switch|p1a: Azumarill|Azumarill, F|45/100
|turn|30
|
|t:|1608228829
|switch|p2a: Cinderace|Cinderace, M|100/100
|move|p1a: Azumarill|Liquidation|p2a: Cinderace
|-supereffective|p2a: Cinderace
|-damage|p2a: Cinderace|0 fnt
|faint|p2a: Cinderace
|
|upkeep
|
|t:|1608228834
|switch|p2a: Tapu Koko|Tapu Koko|75/100
|-fieldstart|move: Electric Terrain|[from] ability: Electric Surge|[of] p2a: Tapu Koko
|turn|31
|
|t:|1608228844
|switch|p1a: Nidoking|Nidoking, M|75/100
|move|p2a: Tapu Koko|Volt Switch|p1a: Nidoking
|-immune|p1a: Nidoking
|
|upkeep
|turn|32
|
|t:|1608228859
|switch|p2a: Landorus|Landorus-Therian, M|31/100
|-ability|p2a: Landorus|Intimidate|boost
|-unboost|p1a: Nidoking|atk|1
|move|p1a: Nidoking|Thunderbolt|p2a: Landorus
|-immune|p2a: Landorus
|
|upkeep
|turn|33
|
|t:|1608228873
|switch|p1a: Azumarill|Azumarill, F|45/100
|move|p2a: Landorus|Earthquake|p1a: Azumarill
|-damage|p1a: Azumarill|0 fnt
|faint|p1a: Azumarill
|
|upkeep
|
|t:|1608228880
|switch|p1a: Nidoking|Nidoking, M|75/100
|turn|34
|
|t:|1608228891
|move|p1a: Nidoking|Ice Beam|p2a: Landorus
|-supereffective|p2a: Landorus
|-damage|p2a: Landorus|0 fnt
|faint|p2a: Landorus
|
|upkeep
|
|t:|1608228893
|switch|p2a: Celesteela|Celesteela, shiny|25/100
|turn|35
|
|t:|1608228908
|move|p2a: Celesteela|Protect|p2a: Celesteela
|-singleturn|p2a: Celesteela|Protect
|move|p1a: Nidoking|Ice Beam|p2a: Celesteela
|-activate|p2a: Celesteela|move: Protect
|
|-heal|p2a: Celesteela|31/100|[from] item: Leftovers
|-fieldend|move: Electric Terrain
|upkeep
|turn|36
|
|t:|1608228917
|move|p1a: Nidoking|Ice Beam|p2a: Celesteela
|-damage|p2a: Celesteela|11/100
|move|p2a: Celesteela|Leech Seed|p1a: Nidoking
|-start|p1a: Nidoking|move: Leech Seed
|
|-heal|p2a: Celesteela|17/100|[from] item: Leftovers
|-damage|p1a: Nidoking|63/100|[from] Leech Seed|[of] p2a: Celesteela
|-heal|p2a: Celesteela|27/100|[silent]
|upkeep
|turn|37
|-message|vagmak forfeited.
|
|win|dvvyn
|l|☆vagmak
||Ladder (probably) updated, but score could not be retrieved (Request timeout).
