|j|☆rock on the switch
|j|☆d18l
|t:|1664242693
|gametype|singles
|player|p1|rock on the switch|brycen|1796
|player|p2|d18l|backpacker|1787
|teamsize|p1|6
|teamsize|p2|6
|gen|8
|tier|[Gen 8] OU
|rated|
|rule|Sleep Clause Mod: Limit one foe put to sleep
|rule|Species Clause: Limit one of each Pokémon
|rule|OHKO Clause: OHKO moves are banned
|rule|Evasion Items Clause: Evasion items are banned
|rule|Evasion Moves Clause: Evasion moves are banned
|rule|Endless Battle Clause: Forcing endless battles is banned
|rule|HP Percentage Mod: HP is shown in percentages
|rule|Dynamax Clause: You cannot dynamax
|clearpoke
|poke|p1|Clefable, F|
|poke|p1|Buzzwole|
|poke|p1|Magnezone|
|poke|p1|Rillaboom, F|
|poke|p1|Kartana|
|poke|p1|Swampert, M|
|poke|p2|Tapu Koko|
|poke|p2|Victini|
|poke|p2|Landorus-Therian, M|
|poke|p2|Tornadus-Therian, M|
|poke|p2|Rotom-Wash|
|poke|p2|Ferrothorn, F|
|teampreview
|inactive|Battle timer is ON: inactive players will automatically lose when time's up. (requested by rock on the switch)
|
|t:|1664242710
|start
|switch|p1a: Swampert|Swampert, M|100/100
|switch|p2a: Tapu Koko|Tapu Koko|100/100
|-fieldstart|move: Electric Terrain|[from] ability: Electric Surge|[of] p2a: Tapu Koko
|turn|1
|j| qwertysadge
|
|t:|1664242713
|move|p2a: Tapu Koko|Grass Knot|p1a: Swampert
|-supereffective|p1a: Swampert
|-damage|p1a: Swampert|16/100
|move|p1a: Swampert|Stealth Rock|p2a: Tapu Koko
|-sidestart|p2: d18l|move: Stealth Rock
|
|-heal|p1a: Swampert|23/100|[from] item: Leftovers
|upkeep
|turn|2
|
|t:|1664242719
|switch|p1a: Clefable|Clefable, F|100/100
|move|p2a: Tapu Koko|Grass Knot|p1a: Clefable
|-damage|p1a: Clefable|80/100
|
|-heal|p1a: Clefable|87/100|[from] item: Leftovers
|upkeep
|turn|3
|
|t:|1664242729
|switch|p2a: Rotom|Rotom-Wash|100/100
|-damage|p2a: Rotom|88/100|[from] Stealth Rock
|move|p1a: Clefable|Thunder Wave|p2a: Rotom|[miss]
|-miss|p1a: Clefable|p2a: Rotom
|
|-heal|p2a: Rotom|94/100|[from] item: Leftovers
|-heal|p1a: Clefable|93/100|[from] item: Leftovers
|upkeep
|turn|4
|
|t:|1664242737
|move|p2a: Rotom|Hydro Pump|p1a: Clefable
|-damage|p1a: Clefable|61/100
|move|p1a: Clefable|Moonblast|p2a: Rotom
|-damage|p2a: Rotom|63/100
|-unboost|p2a: Rotom|spa|1
|
|-heal|p2a: Rotom|69/100|[from] item: Leftovers
|-heal|p1a: Clefable|67/100|[from] item: Leftovers
|upkeep
|turn|5
|
|t:|1664242742
|move|p2a: Rotom|Volt Switch|p1a: Clefable
|-damage|p1a: Clefable|54/100
|
|t:|1664242745
|switch|p2a: Victini|Victini|100/100|[from]move: Volt Switch
|move|p1a: Clefable|Soft-Boiled|p1a: Clefable
|-heal|p1a: Clefable|100/100
|
|-fieldend|move: Electric Terrain
|upkeep
|turn|6
|
|t:|1664242754
|move|p2a: Victini|Taunt|p1a: Clefable
|-start|p1a: Clefable|move: Taunt
|cant|p1a: Clefable|move: Taunt|Thunder Wave
|
|upkeep
|turn|7
|j| emo705
|
|t:|1664242759
|switch|p1a: Swampert|Swampert, M|23/100
|move|p2a: Victini|V-create|p1a: Swampert
|-resisted|p1a: Swampert
|-damage|p1a: Swampert|0 fnt
|-unboost|p2a: Victini|spe|1
|-unboost|p2a: Victini|def|1
|-unboost|p2a: Victini|spd|1
|faint|p1a: Swampert
|
|upkeep
|
|t:|1664242767
|switch|p1a: Rillaboom|Rillaboom, F|100/100
|-fieldstart|move: Grassy Terrain|[from] ability: Grassy Surge|[of] p1a: Rillaboom
|turn|8
|
|t:|1664242784
|switch|p2a: Ferrothorn|Ferrothorn, F|100/100
|-damage|p2a: Ferrothorn|95/100|[from] Stealth Rock
|move|p1a: Rillaboom|Knock Off|p2a: Ferrothorn
|-damage|p2a: Ferrothorn|69/100
|-damage|p1a: Rillaboom|88/100|[from] ability: Iron Barbs|[of] p2a: Ferrothorn
|-damage|p1a: Rillaboom|72/100|[from] item: Rocky Helmet|[of] p2a: Ferrothorn
|-enditem|p2a: Ferrothorn|Rocky Helmet|[from] move: Knock Off|[of] p1a: Rillaboom
|-damage|p1a: Rillaboom|62/100|[from] item: Life Orb
|
|-heal|p1a: Rillaboom|68/100|[from] Grassy Terrain
|-heal|p2a: Ferrothorn|75/100|[from] Grassy Terrain
|upkeep
|turn|9
|
|t:|1664242794
|switch|p2a: Tornadus|Tornadus-Therian, M|100/100
|-damage|p2a: Tornadus|76/100|[from] Stealth Rock
|move|p1a: Rillaboom|Swords Dance|p1a: Rillaboom
|-boost|p1a: Rillaboom|atk|2
|
|-heal|p1a: Rillaboom|74/100|[from] Grassy Terrain
|upkeep
|turn|10
|
|t:|1664242810
|move|p1a: Rillaboom|Grassy Glide|p2a: Tornadus
|-resisted|p2a: Tornadus
|-damage|p2a: Tornadus|5/100
|-damage|p1a: Rillaboom|64/100|[from] item: Life Orb
|move|p2a: Tornadus|Hurricane|p1a: Rillaboom
|-supereffective|p1a: Rillaboom
|-damage|p1a: Rillaboom|0 fnt
|faint|p1a: Rillaboom
|
|upkeep
|
|t:|1664242828
|switch|p1a: Kartana|Kartana|100/100
|turn|11
|l| emo705
|j| emo705
|
|t:|1664242849
|switch|p2a: Ferrothorn|Ferrothorn, F|75/100
|-damage|p2a: Ferrothorn|69/100|[from] Stealth Rock
|move|p1a: Kartana|Leaf Blade|p2a: Ferrothorn
|-resisted|p2a: Ferrothorn
|-damage|p2a: Ferrothorn|59/100
|-damage|p1a: Kartana|88/100|[from] ability: Iron Barbs|[of] p2a: Ferrothorn
|
|-heal|p1a: Kartana|94/100|[from] Grassy Terrain
|-heal|p2a: Ferrothorn|65/100|[from] Grassy Terrain
|upkeep
|turn|12
|
|t:|1664242855
|switch|p1a: Clefable|Clefable, F|100/100
|switch|p2a: Victini|Victini|100/100
|
|-fieldend|move: Grassy Terrain
|upkeep
|turn|13
|
|t:|1664242861
|switch|p1a: Kartana|Kartana|94/100
|move|p2a: Victini|Taunt|p1a: Kartana
|-start|p1a: Kartana|move: Taunt
|
|upkeep
|turn|14
|
|t:|1664242876
|switch|p2a: Landorus|Landorus-Therian, M|100/100
|-damage|p2a: Landorus|88/100|[from] Stealth Rock
|-ability|p2a: Landorus|Intimidate|boost
|-unboost|p1a: Kartana|atk|1
|move|p1a: Kartana|Knock Off|p2a: Landorus
|-damage|p2a: Landorus|62/100
|-enditem|p2a: Landorus|Leftovers|[from] move: Knock Off|[of] p1a: Kartana
|
|upkeep
|turn|15
|
|t:|1664242888
|switch|p1a: Buzzwole|Buzzwole|100/100
|move|p2a: Landorus|Defog|p1a: Buzzwole
|-unboost|p1a: Buzzwole|evasion|1
|-sideend|p2: d18l|Stealth Rock|[from] move: Defog|[of] p2a: Landorus
|
|upkeep
|turn|16
|
|t:|1664242896
|switch|p2a: Tapu Koko|Tapu Koko|100/100
|-fieldstart|move: Electric Terrain|[from] ability: Electric Surge|[of] p2a: Tapu Koko
|move|p1a: Buzzwole|Ice Punch|p2a: Tapu Koko
|-damage|p2a: Tapu Koko|60/100
|
|upkeep
|turn|17
|
|t:|1664242903
|switch|p1a: Magnezone|Magnezone|100/100
|move|p2a: Tapu Koko|Thunderbolt|p1a: Magnezone
|-resisted|p1a: Magnezone
|-damage|p1a: Magnezone|72/100
|
|upkeep
|turn|18
|
|t:|1664242913
|switch|p2a: Landorus|Landorus-Therian, M|62/100
|-ability|p2a: Landorus|Intimidate|boost
|-unboost|p1a: Magnezone|atk|1
|move|p1a: Magnezone|Flash Cannon|p2a: Landorus
|-damage|p2a: Landorus|26/100
|
|upkeep
|turn|19
|
|t:|1664242920
|move|p2a: Landorus|Earthquake|p1a: Magnezone
|-supereffective|p1a: Magnezone
|-damage|p1a: Magnezone|0 fnt
|faint|p1a: Magnezone
|
|upkeep
|
|t:|1664242922
|switch|p1a: Buzzwole|Buzzwole|100/100
|turn|20
|j| lechonkTheNewGod
|
|t:|1664242931
|switch|p2a: Rotom|Rotom-Wash|69/100
|move|p1a: Buzzwole|Thunder Punch|p2a: Rotom
|-damage|p2a: Rotom|35/100
|
|-heal|p2a: Rotom|41/100|[from] item: Leftovers
|-fieldend|move: Electric Terrain
|upkeep
|turn|21
|j| yuwenhu
|
|t:|1664242938
|move|p1a: Buzzwole|Close Combat|p2a: Rotom
|-damage|p2a: Rotom|0 fnt
|-unboost|p1a: Buzzwole|def|1
|-unboost|p1a: Buzzwole|spd|1
|faint|p2a: Rotom
|-ability|p1a: Buzzwole|Beast Boost|boost
|-boost|p1a: Buzzwole|atk|1
|
|upkeep
|
|t:|1664242942
|switch|p2a: Tapu Koko|Tapu Koko|60/100
|-fieldstart|move: Electric Terrain|[from] ability: Electric Surge|[of] p2a: Tapu Koko
|turn|22
|
|t:|1664242947
|move|p2a: Tapu Koko|Thunderbolt|p1a: Buzzwole
|-damage|p1a: Buzzwole|0 fnt
|faint|p1a: Buzzwole
|
|upkeep
|
|t:|1664242949
|switch|p1a: Clefable|Clefable, F|100/100
|turn|23
|
|t:|1664242951
|move|p2a: Tapu Koko|Thunderbolt|p1a: Clefable
|-damage|p1a: Clefable|37/100
|move|p1a: Clefable|Calm Mind|p1a: Clefable
|-boost|p1a: Clefable|spa|1
|-boost|p1a: Clefable|spd|1
|
|-heal|p1a: Clefable|43/100|[from] item: Leftovers
|upkeep
|turn|24
|
|t:|1664242953
|move|p2a: Tapu Koko|Thunderbolt|p1a: Clefable
|-damage|p1a: Clefable|2/100
|move|p1a: Clefable|Soft-Boiled|p1a: Clefable
|-heal|p1a: Clefable|52/100
|
|-heal|p1a: Clefable|58/100|[from] item: Leftovers
|upkeep
|turn|25
|
|t:|1664242956
|move|p2a: Tapu Koko|Thunderbolt|p1a: Clefable
|-damage|p1a: Clefable|20/100
|move|p1a: Clefable|Soft-Boiled|p1a: Clefable
|-heal|p1a: Clefable|70/100
|
|-heal|p1a: Clefable|76/100|[from] item: Leftovers
|upkeep
|turn|26
|
|t:|1664242960
|switch|p2a: Victini|Victini|100/100
|move|p1a: Clefable|Thunder Wave|p2a: Victini
|-status|p2a: Victini|par
|
|-heal|p1a: Clefable|82/100|[from] item: Leftovers
|-fieldend|move: Electric Terrain
|upkeep
|turn|27
|j| gare23limit
|
|t:|1664242967
|move|p2a: Victini|V-create|p1a: Clefable
|-damage|p1a: Clefable|19/100
|-unboost|p2a: Victini|spe|1
|-unboost|p2a: Victini|def|1
|-unboost|p2a: Victini|spd|1
|move|p1a: Clefable|Soft-Boiled|p1a: Clefable
|-heal|p1a: Clefable|69/100
|
|-heal|p1a: Clefable|75/100|[from] item: Leftovers
|upkeep
|turn|28
|
|t:|1664242971
|switch|p2a: Tornadus|Tornadus-Therian, M|38/100
|move|p1a: Clefable|Moonblast|p2a: Tornadus
|-damage|p2a: Tornadus|6/100
|
|-heal|p1a: Clefable|81/100|[from] item: Leftovers
|upkeep
|turn|29
|
|t:|1664242975
|move|p2a: Tornadus|Knock Off|p1a: Clefable
|-resisted|p1a: Clefable
|-damage|p1a: Clefable|72/100
|-enditem|p1a: Clefable|Leftovers|[from] move: Knock Off|[of] p2a: Tornadus
|move|p1a: Clefable|Soft-Boiled|p1a: Clefable
|-heal|p1a: Clefable|100/100
|
|upkeep
|turn|30
|j| Quagshi
|
|t:|1664242980
|switch|p2a: Ferrothorn|Ferrothorn, F|65/100
|move|p1a: Clefable|Calm Mind|p1a: Clefable
|-boost|p1a: Clefable|spa|1
|-boost|p1a: Clefable|spd|1
|
|upkeep
|turn|31
|
|t:|1664242984
|move|p1a: Clefable|Moonblast|p2a: Ferrothorn
|-resisted|p2a: Ferrothorn
|-damage|p2a: Ferrothorn|37/100
|move|p2a: Ferrothorn|Gyro Ball|p1a: Clefable
|-supereffective|p1a: Clefable
|-damage|p1a: Clefable|40/100
|
|upkeep
|turn|32
|
|t:|1664242990
|move|p1a: Clefable|Soft-Boiled|p1a: Clefable
|-heal|p1a: Clefable|90/100
|move|p2a: Ferrothorn|Gyro Ball|p1a: Clefable
|-supereffective|p1a: Clefable
|-damage|p1a: Clefable|38/100
|
|upkeep
|turn|33
|
|t:|1664242992
|move|p1a: Clefable|Soft-Boiled|p1a: Clefable
|-heal|p1a: Clefable|88/100
|move|p2a: Ferrothorn|Gyro Ball|p1a: Clefable
|-supereffective|p1a: Clefable
|-damage|p1a: Clefable|34/100
|
|upkeep
|turn|34
|
|t:|1664242994
|move|p1a: Clefable|Soft-Boiled|p1a: Clefable
|-heal|p1a: Clefable|84/100
|move|p2a: Ferrothorn|Gyro Ball|p1a: Clefable
|-supereffective|p1a: Clefable
|-damage|p1a: Clefable|29/100
|
|upkeep
|turn|35
|
|t:|1664242996
|move|p1a: Clefable|Soft-Boiled|p1a: Clefable
|-heal|p1a: Clefable|79/100
|move|p2a: Ferrothorn|Gyro Ball|p1a: Clefable
|-supereffective|p1a: Clefable
|-damage|p1a: Clefable|21/100
|
|upkeep
|turn|36
|
|t:|1664242998
|move|p1a: Clefable|Soft-Boiled|p1a: Clefable
|-heal|p1a: Clefable|71/100
|move|p2a: Ferrothorn|Gyro Ball|p1a: Clefable
|-supereffective|p1a: Clefable
|-damage|p1a: Clefable|13/100
|
|upkeep
|turn|37
|
|t:|1664243000
|switch|p2a: Victini|Victini|100/100 par
|move|p1a: Clefable|Soft-Boiled|p1a: Clefable
|-heal|p1a: Clefable|63/100
|
|upkeep
|turn|38
|
|t:|1664243002
|move|p2a: Victini|V-create|p1a: Clefable
|-damage|p1a: Clefable|0 fnt
|-unboost|p2a: Victini|spe|1
|-unboost|p2a: Victini|def|1
|-unboost|p2a: Victini|spd|1
|faint|p1a: Clefable
|
|upkeep
|-message|rock on the switch forfeited.
|
|win|d18l
|raw|rock on the switch's rating: 1796 &rarr; <strong>1775</strong><br />(-21 for losing)
|raw|d18l's rating: 1787 &rarr; <strong>1808</strong><br />(+21 for winning)
|l|☆rock on the switch
|l| yuwenhu
|l| Quagshi
|l| qwertysadge
||Ladder isn't responding, score probably updated but might not have (Request timeout).
