|j|☆A3720
|j|☆Demboyzzz
|t:|1649101723
|gametype|singles
|player|p1|A3720|1|1627
|player|p2|Demboyzzz|169|1689
|teamsize|p1|6
|teamsize|p2|6
|gen|8
|tier|[Gen 8] OU
|rated|
|rule|Sleep Clause Mod: Limit one foe put to sleep
|rule|Species Clause: Limit one of each Pokémon
|rule|OHKO Clause: OHKO moves are banned
|rule|Evasion Moves Clause: Evasion moves are banned
|rule|Endless Battle Clause: Forcing endless battles is banned
|rule|HP Percentage Mod: HP is shown in percentages
|rule|Dynamax Clause: You cannot dynamax
|clearpoke
|poke|p1|Tapu Koko|
|poke|p1|Kartana|
|poke|p1|Garchomp, M|
|poke|p1|Tornadus-Therian, M|
|poke|p1|Bisharp, M|
|poke|p1|Zapdos-Galar|
|poke|p2|Zapdos|
|poke|p2|Urshifu-*, F|
|poke|p2|Zeraora|
|poke|p2|Corviknight, F|
|poke|p2|Blissey, F|
|poke|p2|Silvally-*|
|teampreview
|
|t:|1649101739
|start
|switch|p1a: Zapdos|Zapdos-Galar|100/100
|switch|p2a: Urshifu|Urshifu-Rapid-Strike, F|100/100
|turn|1
|j| Flying ducheman
|
|t:|1649101751
|switch|p2a: Zapdos|Zapdos|100/100
|move|p1a: Zapdos|U-turn|p2a: Zapdos
|-resisted|p2a: Zapdos
|-damage|p2a: Zapdos|89/100
|
|t:|1649101763
|switch|p1a: Garchomp|Garchomp, M|100/100|[from]move: U-turn
|
|upkeep
|turn|2
|
|t:|1649101767
|move|p1a: Garchomp|Stealth Rock|p2a: Zapdos
|-sidestart|p2: Demboyzzz|move: Stealth Rock
|move|p2a: Zapdos|Hurricane|p1a: Garchomp|[miss]
|-miss|p2a: Zapdos|p1a: Garchomp
|
|upkeep
|turn|3
|
|t:|1649101770
|move|p1a: Garchomp|Toxic|p2a: Zapdos|[miss]
|-miss|p1a: Garchomp|p2a: Zapdos
|move|p2a: Zapdos|Hurricane|p1a: Garchomp
|-damage|p1a: Garchomp|50/100
|
|upkeep
|turn|4
|
|t:|1649101778
|switch|p1a: Tapu Koko|Tapu Koko|100/100
|-fieldstart|move: Electric Terrain|[from] ability: Electric Surge|[of] p1a: Tapu Koko
|move|p2a: Zapdos|Hurricane|p1a: Tapu Koko
|-resisted|p1a: Tapu Koko
|-damage|p1a: Tapu Koko|60/100
|
|-heal|p1a: Tapu Koko|66/100|[from] item: Leftovers
|upkeep
|turn|5
|j| ALLRIGGHHT!
|
|t:|1649101787
|move|p1a: Tapu Koko|Nature's Madness|p2a: Zapdos|[miss]
|-miss|p1a: Tapu Koko|p2a: Zapdos
|move|p2a: Zapdos|Roost|p2a: Zapdos
|-heal|p2a: Zapdos|100/100
|-singleturn|p2a: Zapdos|move: Roost
|
|-heal|p1a: Tapu Koko|72/100|[from] item: Leftovers
|upkeep
|turn|6
|
|t:|1649101791
|move|p1a: Tapu Koko|Nature's Madness|p2a: Zapdos|[miss]
|-miss|p1a: Tapu Koko|p2a: Zapdos
|move|p2a: Zapdos|Thunderbolt|p1a: Tapu Koko
|-resisted|p1a: Tapu Koko
|-damage|p1a: Tapu Koko|34/100
|
|-heal|p1a: Tapu Koko|40/100|[from] item: Leftovers
|upkeep
|turn|7
|
|t:|1649101794
|move|p1a: Tapu Koko|Roost|p1a: Tapu Koko
|-heal|p1a: Tapu Koko|91/100
|-singleturn|p1a: Tapu Koko|move: Roost
|move|p2a: Zapdos|Heat Wave|p1a: Tapu Koko
|-damage|p1a: Tapu Koko|45/100
|-status|p1a: Tapu Koko|brn
|
|-heal|p1a: Tapu Koko|51/100 brn|[from] item: Leftovers
|-damage|p1a: Tapu Koko|45/100 brn|[from] brn
|upkeep
|turn|8
|
|t:|1649101802
|move|p1a: Tapu Koko|Roost|p1a: Tapu Koko
|-heal|p1a: Tapu Koko|95/100 brn
|-singleturn|p1a: Tapu Koko|move: Roost
|move|p2a: Zapdos|Heat Wave|p1a: Tapu Koko
|-damage|p1a: Tapu Koko|47/100 brn
|
|-heal|p1a: Tapu Koko|54/100 brn|[from] item: Leftovers
|-damage|p1a: Tapu Koko|47/100 brn|[from] brn
|-fieldend|move: Electric Terrain
|upkeep
|turn|9
|
|t:|1649101805
|move|p1a: Tapu Koko|Roost|p1a: Tapu Koko
|-heal|p1a: Tapu Koko|98/100 brn
|-singleturn|p1a: Tapu Koko|move: Roost
|move|p2a: Zapdos|Heat Wave|p1a: Tapu Koko
|-damage|p1a: Tapu Koko|46/100 brn
|
|-heal|p1a: Tapu Koko|52/100 brn|[from] item: Leftovers
|-damage|p1a: Tapu Koko|46/100 brn|[from] brn
|upkeep
|turn|10
|
|t:|1649101809
|move|p1a: Tapu Koko|Roost|p1a: Tapu Koko
|-heal|p1a: Tapu Koko|97/100 brn
|-singleturn|p1a: Tapu Koko|move: Roost
|move|p2a: Zapdos|Heat Wave|p1a: Tapu Koko
|-damage|p1a: Tapu Koko|48/100 brn
|
|-heal|p1a: Tapu Koko|54/100 brn|[from] item: Leftovers
|-damage|p1a: Tapu Koko|48/100 brn|[from] brn
|upkeep
|turn|11
|
|t:|1649101814
|switch|p1a: Garchomp|Garchomp, M|50/100
|move|p2a: Zapdos|Heat Wave|p1a: Garchomp
|-resisted|p1a: Garchomp
|-damage|p1a: Garchomp|35/100
|
|upkeep
|turn|12
|
|t:|1649101817
|move|p1a: Garchomp|Toxic|p2a: Zapdos
|-status|p2a: Zapdos|tox
|move|p2a: Zapdos|Hurricane|p1a: Garchomp
|-damage|p1a: Garchomp|0 fnt
|faint|p1a: Garchomp
|
|-damage|p2a: Zapdos|94/100 tox|[from] psn
|upkeep
|
|t:|1649101827
|switch|p1a: Tapu Koko|Tapu Koko|48/100 brn
|-fieldstart|move: Electric Terrain|[from] ability: Electric Surge|[of] p1a: Tapu Koko
|turn|13
|
|t:|1649101832
|switch|p2a: Blissey|Blissey, F|100/100
|move|p1a: Tapu Koko|Roost|p1a: Tapu Koko
|-heal|p1a: Tapu Koko|98/100 brn
|-singleturn|p1a: Tapu Koko|move: Roost
|
|-heal|p1a: Tapu Koko|100/100 brn|[from] item: Leftovers
|-damage|p1a: Tapu Koko|94/100 brn|[from] brn
|upkeep
|turn|14
|
|t:|1649101838
|move|p1a: Tapu Koko|Nature's Madness|p2a: Blissey
|-damage|p2a: Blissey|50/100
|move|p2a: Blissey|Teleport|p2a: Blissey
|
|t:|1649101850
|switch|p2a: Zeraora|Zeraora|100/100|[from]move: Teleport
|-damage|p2a: Zeraora|88/100|[from] Stealth Rock
|
|-heal|p1a: Tapu Koko|100/100 brn|[from] item: Leftovers
|-damage|p1a: Tapu Koko|94/100 brn|[from] brn
|upkeep
|turn|15
|
|t:|1649101875
|move|p2a: Zeraora|Plasma Fists|p1a: Tapu Koko
|-resisted|p1a: Tapu Koko
|-damage|p1a: Tapu Koko|36/100 brn
|-fieldactivate|move: Ion Deluge
|-hint|Normal-type moves become Electric-type after using Plasma Fists.
|move|p1a: Tapu Koko|Nature's Madness|p2a: Zeraora|[miss]
|-miss|p1a: Tapu Koko|p2a: Zeraora
|
|-heal|p1a: Tapu Koko|42/100 brn|[from] item: Leftovers
|-damage|p1a: Tapu Koko|36/100 brn|[from] brn
|upkeep
|turn|16
|
|t:|1649101907
|switch|p1a: Bisharp|Bisharp, M|100/100
|move|p2a: Zeraora|Plasma Fists|p1a: Bisharp
|-damage|p1a: Bisharp|0 fnt
|-fieldactivate|move: Ion Deluge
|-hint|Normal-type moves become Electric-type after using Plasma Fists.
|faint|p1a: Bisharp
|
|upkeep
|
|t:|1649101918
|switch|p1a: Kartana|Kartana|100/100
|turn|17
|
|t:|1649101929
|switch|p2a: Corviknight|Corviknight, F|100/100
|-damage|p2a: Corviknight|88/100|[from] Stealth Rock
|-ability|p2a: Corviknight|Pressure
|move|p1a: Kartana|Knock Off|p2a: Corviknight
|-damage|p2a: Corviknight|69/100
|-enditem|p2a: Corviknight|Rocky Helmet|[from] move: Knock Off|[of] p1a: Kartana
|
|-fieldend|move: Electric Terrain
|upkeep
|turn|18
|
|t:|1649101973
|move|p1a: Kartana|Swords Dance|p1a: Kartana
|-boost|p1a: Kartana|atk|2
|move|p2a: Corviknight|Roost|p2a: Corviknight
|-heal|p2a: Corviknight|100/100
|-singleturn|p2a: Corviknight|move: Roost
|
|upkeep
|turn|19
|
|t:|1649101976
|move|p1a: Kartana|Swords Dance|p1a: Kartana
|-boost|p1a: Kartana|atk|2
|move|p2a: Corviknight|Brave Bird|p1a: Kartana
|-damage|p1a: Kartana|64/100
|-damage|p2a: Corviknight|92/100|[from] Recoil
|
|upkeep
|turn|20
|
|t:|1649102005
|move|p1a: Kartana|Sacred Sword|p2a: Corviknight
|-damage|p2a: Corviknight|39/100
|move|p2a: Corviknight|Defog|p1a: Kartana
|-unboost|p1a: Kartana|evasion|1
|-sideend|p2: Demboyzzz|Stealth Rock|[from] move: Defog|[of] p2a: Corviknight
|
|upkeep
|turn|21
|
|t:|1649102012
|move|p1a: Kartana|Sacred Sword|p2a: Corviknight
|-damage|p2a: Corviknight|0 fnt
|faint|p2a: Corviknight
|-ability|p1a: Kartana|Beast Boost|boost
|-boost|p1a: Kartana|spe|1
|
|upkeep
|
|t:|1649102020
|switch|p2a: Zapdos|Zapdos|94/100 tox
|turn|22
|
|t:|1649102023
|move|p1a: Kartana|Knock Off|p2a: Zapdos
|-damage|p2a: Zapdos|0 fnt
|-enditem|p2a: Zapdos|Heavy-Duty Boots|[from] move: Knock Off|[of] p1a: Kartana
|faint|p2a: Zapdos
|-ability|p1a: Kartana|Beast Boost|boost
|-boost|p1a: Kartana|spe|1
|
|upkeep
|
|t:|1649102034
|switch|p2a: Silvally|Silvally-Electric|100/100
|turn|23
|
|t:|1649102037
|move|p1a: Kartana|Leaf Blade|p2a: Silvally
|-crit|p2a: Silvally
|-damage|p2a: Silvally|0 fnt
|faint|p2a: Silvally
|-ability|p1a: Kartana|Beast Boost|boost
|-boost|p1a: Kartana|spe|1
|
|upkeep
|
|t:|1649102039
|switch|p2a: Zeraora|Zeraora|88/100
|turn|24
|
|t:|1649102041
|move|p1a: Kartana|Leaf Blade|p2a: Zeraora
|-damage|p2a: Zeraora|0 fnt
|faint|p2a: Zeraora
|-ability|p1a: Kartana|Beast Boost|boost
|-boost|p1a: Kartana|spe|1
|
|upkeep
|
|t:|1649102043
|switch|p2a: Urshifu|Urshifu-Rapid-Strike, F|100/100
|turn|25
|
|t:|1649102046
|move|p1a: Kartana|Leaf Blade|p2a: Urshifu
|-supereffective|p2a: Urshifu
|-crit|p2a: Urshifu
|-damage|p2a: Urshifu|0 fnt
|faint|p2a: Urshifu
|-ability|p1a: Kartana|Beast Boost|boost
|-boost|p1a: Kartana|spe|1
|
|upkeep
|-message|Demboyzzz forfeited.
|
|win|A3720
|raw|A3720's rating: 1627 &rarr; <strong>1651</strong><br />(+24 for winning)
|raw|Demboyzzz's rating: 1689 &rarr; <strong>1665</strong><br />(-24 for losing)
|l|☆Demboyzzz
|c|☆A3720|gg
|l| ALLRIGGHHT!
||Ladder isn't responding, score probably updated but might not have (Request timeout).
