|j|☆A3720
|j|☆Down$hift
|t:|1650130804
|gametype|singles
|player|p1|A3720|265|1651
|player|p2|Down$hift|teamrocket|1856
|teamsize|p1|6
|teamsize|p2|6
|gen|8
|tier|[Gen 8] OU
|rated|
|rule|Sleep Clause Mod: Limit one foe put to sleep
|rule|Species Clause: Limit one of each Pokémon
|rule|OHKO Clause: OHKO moves are banned
|rule|Evasion Moves Clause: Evasion moves are banned
|rule|Endless Battle Clause: Forcing endless battles is banned
|rule|HP Percentage Mod: HP is shown in percentages
|rule|Dynamax Clause: You cannot dynamax
|clearpoke
|poke|p1|Tapu Koko|
|poke|p1|Weavile, F|
|poke|p1|Garchomp, M|
|poke|p1|Kartana|
|poke|p1|Thundurus, M|
|poke|p1|Melmetal|
|poke|p2|Weavile, F|
|poke|p2|Kartana|
|poke|p2|Blacephalon|
|poke|p2|Rillaboom, F|
|poke|p2|Landorus-Therian, M|
|poke|p2|Melmetal|
|teampreview
|c|☆Down$hift|hf
|j| hypno#1
|inactive|Battle timer is ON: inactive players will automatically lose when time's up. (requested by Down$hift)
|
|t:|1650130843
|start
|switch|p1a: Garchomp|Garchomp, M|100/100
|switch|p2a: Axeleration!|Weavile, F|100/100
|turn|1
|
|t:|1650130870
|switch|p1a: Melmetal|Melmetal|100/100
|move|p2a: Axeleration!|Swords Dance|p2a: Axeleration!
|-boost|p2a: Axeleration!|atk|2
|
|upkeep
|turn|2
|
|t:|1650130876
|move|p2a: Axeleration!|Beat Up|p1a: Melmetal
|-damage|p1a: Melmetal|90/100
|-damage|p1a: Melmetal|76/100
|-damage|p1a: Melmetal|64/100
|-damage|p1a: Melmetal|54/100
|-damage|p1a: Melmetal|42/100
|-damage|p1a: Melmetal|29/100
|-hitcount|p1a: Melmetal|6
|move|p1a: Melmetal|Double Iron Bash|p2a: Axeleration!
|-supereffective|p2a: Axeleration!
|-enditem|p2a: Axeleration!|Focus Sash
|-damage|p2a: Axeleration!|1/100
|-supereffective|p2a: Axeleration!
|-damage|p2a: Axeleration!|0 fnt
|faint|p2a: Axeleration!
|-hitcount|p2: Axeleration!|2
|
|upkeep
|
|t:|1650130884
|switch|p2a: THE WRLD REVOLVING|Blacephalon|100/100
|turn|3
|
|t:|1650130892
|move|p2a: THE WRLD REVOLVING|Shadow Ball|p1a: Melmetal
|-damage|p1a: Melmetal|0 fnt
|faint|p1a: Melmetal
|-ability|p2a: THE WRLD REVOLVING|Beast Boost|boost
|-boost|p2a: THE WRLD REVOLVING|spa|1
|
|upkeep
|
|t:|1650130897
|switch|p1a: Weavile|Weavile, F|100/100
|-ability|p1a: Weavile|Pressure
|turn|4
|
|t:|1650130902
|switch|p2a: Nuts of Steel|Melmetal|100/100
|move|p1a: Weavile|Knock Off|p2a: Nuts of Steel
|-damage|p2a: Nuts of Steel|65/100
|-enditem|p2a: Nuts of Steel|Eject Button|[from] move: Knock Off|[of] p1a: Weavile
|
|upkeep
|turn|5
|
|t:|1650130919
|switch|p1a: Garchomp|Garchomp, M|100/100
|move|p2a: Nuts of Steel|Double Iron Bash|p1a: Garchomp
|-damage|p1a: Garchomp|68/100
|-damage|p2a: Nuts of Steel|53/100|[from] ability: Rough Skin|[of] p1a: Garchomp
|-damage|p2a: Nuts of Steel|37/100|[from] item: Rocky Helmet|[of] p1a: Garchomp
|-damage|p1a: Garchomp|36/100
|-damage|p2a: Nuts of Steel|24/100|[from] ability: Rough Skin|[of] p1a: Garchomp
|-damage|p2a: Nuts of Steel|8/100|[from] item: Rocky Helmet|[of] p1a: Garchomp
|-hitcount|p1a: Garchomp|2
|
|upkeep
|turn|6
|
|t:|1650130936
|switch|p2a: LandOUrus-T|Landorus-Therian, M|100/100
|-ability|p2a: LandOUrus-T|Intimidate|boost
|-unboost|p1a: Garchomp|atk|1
|move|p1a: Garchomp|Stealth Rock|p2a: LandOUrus-T
|-sidestart|p2: Down$hift|move: Stealth Rock
|
|upkeep
|turn|7
|
|t:|1650130946
|move|p2a: LandOUrus-T|Stealth Rock|p1a: Garchomp
|-sidestart|p1: A3720|move: Stealth Rock
|move|p1a: Garchomp|Toxic|p2a: LandOUrus-T
|-status|p2a: LandOUrus-T|tox
|
|-damage|p2a: LandOUrus-T|95/100 tox|[from] psn
|upkeep
|turn|8
|l| hypno#1
|j| rainspam101
|
|t:|1650130961
|move|p2a: LandOUrus-T|Earthquake|p1a: Garchomp
|-damage|p1a: Garchomp|0 fnt
|faint|p1a: Garchomp
|
|-damage|p2a: LandOUrus-T|83/100 tox|[from] psn
|upkeep
|inactive|A3720 has 120 seconds left.
|
|t:|1650130991
|switch|p1a: Weavile|Weavile, F|100/100
|-ability|p1a: Weavile|Pressure
|turn|9
|
|t:|1650130996
|switch|p2a: Nuts of Steel|Melmetal|8/100
|-damage|p2a: Nuts of Steel|1/100|[from] Stealth Rock
|move|p1a: Weavile|Triple Axel|p2a: Nuts of Steel
|-resisted|p2a: Nuts of Steel
|-damage|p2a: Nuts of Steel|0 fnt
|faint|p2a: Nuts of Steel
|-hitcount|p2: Nuts of Steel|1
|
|upkeep
|
|t:|1650131001
|switch|p2a: Papercut|Kartana|100/100
|-damage|p2a: Papercut|94/100|[from] Stealth Rock
|turn|10
|
|t:|1650131013
|move|p1a: Weavile|Ice Shard|p2a: Papercut
|-damage|p2a: Papercut|71/100
|move|p2a: Papercut|Smart Strike|p1a: Weavile
|-supereffective|p1a: Weavile
|-damage|p1a: Weavile|0 fnt
|faint|p1a: Weavile
|-ability|p2a: Papercut|Beast Boost|boost
|-boost|p2a: Papercut|atk|1
|
|upkeep
|inactive|A3720 has 120 seconds left.
|
|t:|1650131029
|switch|p1a: Thundurus|Thundurus, M|100/100
|turn|11
|
|t:|1650131033
|switch|p2a: LandOUrus-T|Landorus-Therian, M|83/100 tox
|-damage|p2a: LandOUrus-T|70/100 tox|[from] Stealth Rock
|-ability|p2a: LandOUrus-T|Intimidate|boost
|-unboost|p1a: Thundurus|atk|1
|move|p1a: Thundurus|Thunder Wave|p2a: LandOUrus-T
|-immune|p2a: LandOUrus-T
|
|-damage|p2a: LandOUrus-T|64/100 tox|[from] psn
|upkeep
|turn|12
|
|t:|1650131039
|move|p1a: Thundurus|Psychic|p2a: LandOUrus-T
|-damage|p2a: LandOUrus-T|27/100 tox
|-enditem|p2a: LandOUrus-T|Eject Button
|
|t:|1650131042
|switch|p2a: THE WRLD REVOLVING|Blacephalon|100/100
|-damage|p2a: THE WRLD REVOLVING|76/100|[from] Stealth Rock
|
|upkeep
|turn|13
|
|t:|1650131053
|move|p1a: Thundurus|Thunder Wave|p2a: THE WRLD REVOLVING
|-status|p2a: THE WRLD REVOLVING|par
|move|p2a: THE WRLD REVOLVING|Flamethrower|p1a: Thundurus
|-damage|p1a: Thundurus|0 fnt
|faint|p1a: Thundurus
|-ability|p2a: THE WRLD REVOLVING|Beast Boost|boost
|-boost|p2a: THE WRLD REVOLVING|spa|1
|
|upkeep
|j| hypno#1
|l| hypno#1
|inactive|A3720 has 120 seconds left.
|
|t:|1650131085
|switch|p1a: Kartana|Kartana|100/100
|-damage|p1a: Kartana|94/100|[from] Stealth Rock
|turn|14
|
|t:|1650131091
|move|p1a: Kartana|Knock Off|p2a: THE WRLD REVOLVING
|-supereffective|p2a: THE WRLD REVOLVING
|-damage|p2a: THE WRLD REVOLVING|0 fnt
|-enditem|p2a: THE WRLD REVOLVING|Choice Specs|[from] move: Knock Off|[of] p1a: Kartana
|faint|p2a: THE WRLD REVOLVING
|-ability|p1a: Kartana|Beast Boost|boost
|-boost|p1a: Kartana|spe|1
|
|upkeep
|inactive|Down$hift has 120 seconds left.
|
|t:|1650131123
|switch|p2a: 🎵Grass Monkey!🎵|Rillaboom, F|100/100
|-damage|p2a: 🎵Grass Monkey!🎵|88/100|[from] Stealth Rock
|-fieldstart|move: Grassy Terrain|[from] ability: Grassy Surge|[of] p2a: 🎵Grass Monkey!🎵
|turn|15
|
|t:|1650131134
|move|p1a: Kartana|Knock Off|p2a: 🎵Grass Monkey!🎵
|-damage|p2a: 🎵Grass Monkey!🎵|51/100
|-enditem|p2a: 🎵Grass Monkey!🎵|Life Orb|[from] move: Knock Off|[of] p1a: Kartana
|move|p2a: 🎵Grass Monkey!🎵|Swords Dance|p2a: 🎵Grass Monkey!🎵
|-boost|p2a: 🎵Grass Monkey!🎵|atk|2
|
|-heal|p1a: Kartana|100/100|[from] Grassy Terrain
|-heal|p2a: 🎵Grass Monkey!🎵|57/100|[from] Grassy Terrain
|upkeep
|turn|16
|
|t:|1650131143
|move|p1a: Kartana|Sacred Sword|p2a: 🎵Grass Monkey!🎵
|-damage|p2a: 🎵Grass Monkey!🎵|26/100
|move|p2a: 🎵Grass Monkey!🎵|Superpower|p1a: Kartana
|-supereffective|p1a: Kartana
|-damage|p1a: Kartana|0 fnt
|-unboost|p2a: 🎵Grass Monkey!🎵|atk|1
|-unboost|p2a: 🎵Grass Monkey!🎵|def|1
|faint|p1a: Kartana
|
|-heal|p2a: 🎵Grass Monkey!🎵|32/100|[from] Grassy Terrain
|upkeep
|
|t:|1650131146
|switch|p1a: Tapu Koko|Tapu Koko|100/100
|-fieldstart|move: Electric Terrain|[from] ability: Electric Surge|[of] p1a: Tapu Koko
|turn|17
|
|t:|1650131149
|switch|p2a: LandOUrus-T|Landorus-Therian, M|27/100 tox
|-damage|p2a: LandOUrus-T|15/100 tox|[from] Stealth Rock
|-ability|p2a: LandOUrus-T|Intimidate|boost
|-unboost|p1a: Tapu Koko|atk|1
|move|p1a: Tapu Koko|Dazzling Gleam|p2a: LandOUrus-T
|-damage|p2a: LandOUrus-T|0 fnt
|faint|p2a: LandOUrus-T
|
|upkeep
|
|t:|1650131151
|switch|p2a: 🎵Grass Monkey!🎵|Rillaboom, F|32/100
|-damage|p2a: 🎵Grass Monkey!🎵|20/100|[from] Stealth Rock
|-fieldstart|move: Grassy Terrain|[from] ability: Grassy Surge|[of] p2a: 🎵Grass Monkey!🎵
|turn|18
|
|t:|1650131155
|move|p2a: 🎵Grass Monkey!🎵|Grassy Glide|p1a: Tapu Koko
|-damage|p1a: Tapu Koko|34/100
|move|p1a: Tapu Koko|Dazzling Gleam|p2a: 🎵Grass Monkey!🎵
|-damage|p2a: 🎵Grass Monkey!🎵|0 fnt
|faint|p2a: 🎵Grass Monkey!🎵
|
|-heal|p1a: Tapu Koko|40/100|[from] Grassy Terrain
|upkeep
|
|t:|1650131157
|switch|p2a: Papercut|Kartana|71/100
|-damage|p2a: Papercut|65/100|[from] Stealth Rock
|turn|19
|
|t:|1650131163
|move|p2a: Papercut|Leaf Blade|p1a: Tapu Koko
|-damage|p1a: Tapu Koko|0 fnt
|faint|p1a: Tapu Koko
|
|win|Down$hift
|raw|A3720's rating: 1651 &rarr; <strong>1642</strong><br />(-9 for losing)
|raw|Down$hift's rating: 1856 &rarr; <strong>1865</strong><br />(+9 for winning)
|c|☆Down$hift|gg
|c|☆A3720|gg
||Ladder isn't responding, score probably updated but might not have (Request timeout).
