|j|☆thechargesofficer
|j|☆stopthreat
|t:|1661748932
|gametype|singles
|player|p1|thechargesofficer|scientist-gen4dp|1521
|player|p2|stopthreat|skier|1629
|teamsize|p1|6
|teamsize|p2|6
|gen|8
|tier|[Gen 8] OU
|rated|
|rule|Sleep Clause Mod: Limit one foe put to sleep
|rule|Species Clause: Limit one of each Pokémon
|rule|OHKO Clause: OHKO moves are banned
|rule|Evasion Items Clause: Evasion items are banned
|rule|Evasion Moves Clause: Evasion moves are banned
|rule|Endless Battle Clause: Forcing endless battles is banned
|rule|HP Percentage Mod: HP is shown in percentages
|rule|Dynamax Clause: You cannot dynamax
|clearpoke
|poke|p1|Torkoal, M|
|poke|p1|Darmanitan, F|
|poke|p1|Xatu, M|
|poke|p1|Heatran, M|
|poke|p1|Landorus-Therian, M|
|poke|p1|Victini|
|poke|p2|Dragapult, F|
|poke|p2|Clefable, M|
|poke|p2|Crawdaunt, F|
|poke|p2|Gastrodon, F|
|poke|p2|Tornadus-Therian, M|
|poke|p2|Heatran, M|
|teampreview
|inactive|Battle timer is ON: inactive players will automatically lose when time's up. (requested by thechargesofficer)
|
|t:|1661748959
|start
|switch|p1a: Torkoal|Torkoal, M|100/100
|switch|p2a: Tornadus|Tornadus-Therian, M|100/100
|-weather|SunnyDay|[from] ability: Drought|[of] p1a: Torkoal
|turn|1
|
|t:|1661748987
|switch|p1a: Xatu|Xatu, M|100/100
|move|p2a: Tornadus|Knock Off|p1a: Xatu
|-supereffective|p1a: Xatu
|-damage|p1a: Xatu|66/100
|-damage|p2a: Tornadus|84/100|[from] item: Rocky Helmet|[of] p1a: Xatu
|-enditem|p1a: Xatu|Rocky Helmet|[from] move: Knock Off|[of] p2a: Tornadus
|
|-weather|SunnyDay|[upkeep]
|upkeep
|turn|2
|
|t:|1661749000
|move|p2a: Tornadus|U-turn|p1a: Xatu
|-damage|p1a: Xatu|52/100
|
|t:|1661749003
|switch|p2a: Heatran|Heatran, M|100/100|[from]move: U-turn
|move|p1a: Xatu|Teleport|p1a: Xatu
|
|t:|1661749017
|switch|p1a: Darmanitan|Darmanitan, F, shiny|100/100|[from]move: Teleport
|
|-weather|SunnyDay|[upkeep]
|upkeep
|turn|3
|
|t:|1661749040
|move|p2a: Heatran|Protect|p2a: Heatran
|-singleturn|p2a: Heatran|Protect
|move|p1a: Darmanitan|Flare Blitz|p2a: Heatran
|-activate|p2a: Heatran|move: Protect
|
|-weather|SunnyDay|[upkeep]
|upkeep
|turn|4
|
|t:|1661749043
|move|p1a: Darmanitan|Earthquake|p2a: Heatran
|-supereffective|p2a: Heatran
|-crit|p2a: Heatran
|-damage|p2a: Heatran|0 fnt
|faint|p2a: Heatran
|-damage|p1a: Darmanitan|91/100|[from] item: Life Orb
|
|-weather|SunnyDay|[upkeep]
|upkeep
|
|t:|1661749048
|switch|p2a: Gastrodon|Gastrodon, F|100/100
|turn|5
|
|t:|1661749051
|switch|p1a: Xatu|Xatu, M|52/100
|move|p2a: Gastrodon|Scald|p1a: Xatu
|-damage|p1a: Xatu|36/100
|
|-weather|SunnyDay|[upkeep]
|upkeep
|turn|6
|
|t:|1661749056
|switch|p2a: Clefable|Clefable, M|100/100
|move|p1a: Xatu|Teleport|p1a: Xatu
|
|t:|1661749059
|switch|p1a: Heatran|Heatran, M|100/100|[from]move: Teleport
|
|-weather|SunnyDay|[upkeep]
|upkeep
|turn|7
|
|t:|1661749063
|switch|p2a: Gastrodon|Gastrodon, F|100/100
|move|p1a: Heatran|Eruption|p2a: Gastrodon
|-resisted|p2a: Gastrodon
|-damage|p2a: Gastrodon|17/100
|
|-weather|SunnyDay|[upkeep]
|-heal|p2a: Gastrodon|23/100|[from] item: Leftovers
|upkeep
|turn|8
|j| Cat in bathtub
|inactive|stopthreat has 120 seconds left.
|
|t:|1661749108
|move|p1a: Heatran|Eruption|p2a: Gastrodon
|-resisted|p2a: Gastrodon
|-damage|p2a: Gastrodon|0 fnt
|faint|p2a: Gastrodon
|
|-weather|none
|upkeep
|
|t:|1661749111
|switch|p2a: Crawdaunt|Crawdaunt, F|100/100
|turn|9
|
|t:|1661749115
|switch|p1a: Torkoal|Torkoal, M|100/100
|-weather|SunnyDay|[from] ability: Drought|[of] p1a: Torkoal
|move|p2a: Crawdaunt|Knock Off|p1a: Torkoal
|-damage|p1a: Torkoal|42/100
|-enditem|p1a: Torkoal|Heat Rock|[from] move: Knock Off|[of] p2a: Crawdaunt
|
|-weather|SunnyDay|[upkeep]
|upkeep
|turn|10
|
|t:|1661749119
|switch|p2a: Dragapult|Dragapult, F|100/100
|switch|p1a: Landorus|Landorus-Therian, M|100/100
|-ability|p1a: Landorus|Intimidate|boost
|-unboost|p2a: Dragapult|atk|1
|
|-weather|SunnyDay|[upkeep]
|upkeep
|turn|11
|inactive|stopthreat has 120 seconds left.
|
|t:|1661749147
|switch|p2a: Tornadus|Tornadus-Therian, M|100/100
|move|p1a: Landorus|Knock Off|p2a: Tornadus
|-damage|p2a: Tornadus|68/100
|-enditem|p2a: Tornadus|Heavy-Duty Boots|[from] move: Knock Off|[of] p1a: Landorus
|
|-weather|SunnyDay|[upkeep]
|upkeep
|turn|12
|inactive|stopthreat has 120 seconds left.
|
|t:|1661749179
|switch|p1a: Heatran|Heatran, M|100/100
|move|p2a: Tornadus|Knock Off|p1a: Heatran
|-damage|p1a: Heatran|79/100
|-enditem|p1a: Heatran|Choice Specs|[from] move: Knock Off|[of] p2a: Tornadus
|
|-weather|SunnyDay|[upkeep]
|upkeep
|turn|13
|
|t:|1661749190
|move|p2a: Tornadus|U-turn|p1a: Heatran
|-resisted|p1a: Heatran
|-damage|p1a: Heatran|76/100
|
|t:|1661749192
|switch|p2a: Crawdaunt|Crawdaunt, F|100/100|[from]move: U-turn
|move|p1a: Heatran|Flash Cannon|p2a: Crawdaunt
|-resisted|p2a: Crawdaunt
|-damage|p2a: Crawdaunt|50/100
|
|-weather|SunnyDay|[upkeep]
|upkeep
|turn|14
|
|t:|1661749201
|move|p1a: Heatran|Flamethrower|p2a: Crawdaunt
|-resisted|p2a: Crawdaunt
|-damage|p2a: Crawdaunt|0 fnt
|faint|p2a: Crawdaunt
|
|-weather|SunnyDay|[upkeep]
|upkeep
|
|t:|1661749204
|switch|p2a: Dragapult|Dragapult, F|100/100
|turn|15
|
|t:|1661749206
|move|p2a: Dragapult|Shadow Ball|p1a: Heatran
|-damage|p1a: Heatran|28/100
|move|p1a: Heatran|Flash Cannon|p2a: Dragapult
|-damage|p2a: Dragapult|34/100
|
|-weather|SunnyDay|[upkeep]
|upkeep
|turn|16
|
|t:|1661749210
|move|p2a: Dragapult|Shadow Ball|p1a: Heatran
|-damage|p1a: Heatran|0 fnt
|faint|p1a: Heatran
|
|-weather|none
|upkeep
|
|t:|1661749214
|switch|p1a: Landorus|Landorus-Therian, M|100/100
|-ability|p1a: Landorus|Intimidate|boost
|-unboost|p2a: Dragapult|atk|1
|turn|17
|
|t:|1661749217
|switch|p2a: Tornadus|Tornadus-Therian, M|100/100
|move|p1a: Landorus|U-turn|p2a: Tornadus
|-resisted|p2a: Tornadus
|-damage|p2a: Tornadus|88/100
|
|t:|1661749228
|switch|p1a: Torkoal|Torkoal, M|42/100|[from]move: U-turn
|-weather|SunnyDay|[from] ability: Drought|[of] p1a: Torkoal
|
|-weather|SunnyDay|[upkeep]
|upkeep
|turn|18
|
|t:|1661749234
|move|p2a: Tornadus|Hurricane|p1a: Torkoal|[miss]
|-miss|p2a: Tornadus|p1a: Torkoal
|move|p1a: Torkoal|Stealth Rock|p2a: Tornadus
|-sidestart|p2: stopthreat|move: Stealth Rock
|
|-weather|SunnyDay|[upkeep]
|upkeep
|turn|19
|
|t:|1661749242
|switch|p1a: Xatu|Xatu, M|36/100
|move|p2a: Tornadus|Hurricane|p1a: Xatu
|-damage|p1a: Xatu|0 fnt
|faint|p1a: Xatu
|
|-weather|SunnyDay|[upkeep]
|upkeep
|
|t:|1661749245
|switch|p1a: Victini|Victini|100/100
|turn|20
|
|t:|1661749250
|move|p1a: Victini|V-create|p2a: Tornadus
|-damage|p2a: Tornadus|0 fnt
|-unboost|p1a: Victini|spe|1
|-unboost|p1a: Victini|def|1
|-unboost|p1a: Victini|spd|1
|faint|p2a: Tornadus
|
|-weather|SunnyDay|[upkeep]
|upkeep
|
|t:|1661749252
|switch|p2a: Dragapult|Dragapult, F|34/100
|-damage|p2a: Dragapult|22/100|[from] Stealth Rock
|turn|21
|
|t:|1661749258
|switch|p1a: Torkoal|Torkoal, M|42/100
|move|p2a: Dragapult|Shadow Ball|p1a: Torkoal
|-damage|p1a: Torkoal|0 fnt
|faint|p1a: Torkoal
|
|-weather|none
|upkeep
|
|t:|1661749260
|switch|p1a: Landorus|Landorus-Therian, M|100/100
|-ability|p1a: Landorus|Intimidate|boost
|-unboost|p2a: Dragapult|atk|1
|turn|22
|
|t:|1661749264
|switch|p2a: Clefable|Clefable, M|100/100
|move|p1a: Landorus|Earthquake|p2a: Clefable
|-damage|p2a: Clefable|35/100
|
|upkeep
|turn|23
|
|t:|1661749268
|move|p2a: Clefable|Ice Beam|p1a: Landorus
|-supereffective|p1a: Landorus
|-damage|p1a: Landorus|0 fnt
|faint|p1a: Landorus
|
|upkeep
|
|t:|1661749271
|switch|p1a: Darmanitan|Darmanitan, F, shiny|91/100
|turn|24
|
|t:|1661749276
|move|p1a: Darmanitan|Flare Blitz|p2a: Clefable
|-damage|p2a: Clefable|0 fnt
|faint|p2a: Clefable
|-damage|p1a: Darmanitan|80/100|[from] Recoil
|
|upkeep
|
|t:|1661749277
|switch|p2a: Dragapult|Dragapult, F|22/100
|-damage|p2a: Dragapult|9/100|[from] Stealth Rock
|turn|25
|
|t:|1661749279
|move|p2a: Dragapult|Shadow Ball|p1a: Darmanitan
|-damage|p1a: Darmanitan|0 fnt
|faint|p1a: Darmanitan
|
|upkeep
|
|t:|1661749281
|switch|p1a: Victini|Victini|100/100
|turn|26
|
|t:|1661749282
|move|p1a: Victini|V-create|p2a: Dragapult
|-resisted|p2a: Dragapult
|-damage|p2a: Dragapult|0 fnt
|-unboost|p1a: Victini|spe|1
|-unboost|p1a: Victini|def|1
|-unboost|p1a: Victini|spd|1
|faint|p2a: Dragapult
|
|win|thechargesofficer
|raw|thechargesofficer's rating: 1556 &rarr; <strong>1581</strong><br />(+25 for winning)
|raw|stopthreat's rating: 1646 &rarr; <strong>1621</strong><br />(-25 for losing)
