|j|☆early_human
|j|☆brinxtruck
|t:|1595792737
|player|p1|early_human|2|1508
|player|p2|brinxtruck|unknown|1552
|teamsize|p1|6
|teamsize|p2|6
|gametype|singles
|gen|8
|tier|[Gen 8] OU
|rated|
|html|<div class="broadcast-blue"><strong>OU is currently suspecting Magearna! For information on how to participate check out the <a href="https://www.smogon.com/forums/threads/3667669/">suspect thread</a>.</strong></div>
|clearpoke
|poke|p1|Pelipper, M|
|poke|p1|Azumarill, F|
|poke|p1|Kingdra, M|
|poke|p1|Urshifu-*, M|
|poke|p1|Amoonguss, F|
|poke|p1|Mandibuzz, F|
|poke|p2|Rillaboom, F|
|poke|p2|Excadrill, F|
|poke|p2|Rotom-Wash|
|poke|p2|Cinderace, M|
|poke|p2|Clefable, M|
|poke|p2|Goodra, F|
|rule|Sleep Clause Mod: Limit one foe put to sleep
|rule|Species Clause: Limit one of each Pokémon
|rule|OHKO Clause: OHKO moves are banned
|rule|Evasion Moves Clause: Evasion moves are banned
|rule|Endless Battle Clause: Forcing endless battles is banned
|rule|HP Percentage Mod: HP is shown in percentages
|rule|Dynamax Clause: You cannot dynamax
|teampreview
|
|t:|1595792759
|start
|switch|p1a: Amoonguss|Amoonguss, F|100/100
|switch|p2a: Rotom|Rotom-Wash|100/100
|turn|1
|
|t:|1595792766
|move|p2a: Rotom|Trick|p1a: Amoonguss
|-activate|p2a: Rotom|move: Trick|[of] p1a: Amoonguss
|-item|p1a: Amoonguss|Choice Scarf|[from] move: Trick
|-item|p2a: Rotom|Black Sludge|[from] move: Trick
|move|p1a: Amoonguss|Sludge Bomb|p2a: Rotom
|-damage|p2a: Rotom|63/100
|
|-damage|p2a: Rotom|50/100|[from] item: Black Sludge
|upkeep
|turn|2
|
|t:|1595792774
|move|p2a: Rotom|Volt Switch|p1a: Amoonguss
|-resisted|p1a: Amoonguss
|-damage|p1a: Amoonguss|85/100
|
|t:|1595792777
|switch|p2a: Excadrill|Excadrill, F|100/100|[from]move: Volt Switch
|-ability|p2a: Excadrill|Mold Breaker
|move|p1a: Amoonguss|Sludge Bomb|p2a: Excadrill
|-immune|p2a: Excadrill
|
|upkeep
|turn|3
|
|t:|1595792780
|switch|p2a: Goodra|Goodra, F|100/100
|switch|p1a: Mandibuzz|Mandibuzz, F|100/100
|
|upkeep
|turn|4
|
|t:|1595792786
|switch|p2a: Clefable|Clefable, M, shiny|100/100
|move|p1a: Mandibuzz|U-turn|p2a: Clefable
|-resisted|p2a: Clefable
|-damage|p2a: Clefable|95/100
|
|t:|1595792804
|switch|p1a: Pelipper|Pelipper, M|100/100|[from]move: U-turn
|-weather|RainDance|[from] ability: Drizzle|[of] p1a: Pelipper
|
|-weather|RainDance|[upkeep]
|-heal|p2a: Clefable|100/100|[from] item: Leftovers
|upkeep
|turn|5
|
|t:|1595792813
|move|p1a: Pelipper|Hurricane|p2a: Clefable
|-damage|p2a: Clefable|73/100
|move|p2a: Clefable|Moonblast|p1a: Pelipper
|-damage|p1a: Pelipper|52/100
|
|-weather|RainDance|[upkeep]
|-heal|p2a: Clefable|79/100|[from] item: Leftovers
|upkeep
|turn|6
|
|t:|1595792819
|move|p1a: Pelipper|U-turn|p2a: Clefable
|-resisted|p2a: Clefable
|-damage|p2a: Clefable|76/100
|
|t:|1595792821
|switch|p1a: Amoonguss|Amoonguss, F|100/100|[from]move: U-turn
|move|p2a: Clefable|Moonblast|p1a: Amoonguss
|-resisted|p1a: Amoonguss
|-damage|p1a: Amoonguss|86/100
|
|-weather|RainDance|[upkeep]
|-heal|p2a: Clefable|82/100|[from] item: Leftovers
|upkeep
|turn|7
|
|t:|1595792833
|switch|p1a: Azumarill|Azumarill, F|100/100
|move|p2a: Clefable|Protect||[still]
|-fail|p2a: Clefable
|
|-weather|RainDance|[upkeep]
|-heal|p2a: Clefable|88/100|[from] item: Leftovers
|upkeep
|turn|8
|
|t:|1595792839
|switch|p2a: Rillaboom|Rillaboom, F, shiny|100/100
|-fieldstart|move: Grassy Terrain|[from] ability: Grassy Surge|[of] p2a: Rillaboom
|move|p1a: Azumarill|Whirlpool|p2a: Rillaboom
|-resisted|p2a: Rillaboom
|-damage|p2a: Rillaboom|93/100
|-activate|p2a: Rillaboom|move: Whirlpool|[of] p1a: Azumarill
|
|-weather|RainDance|[upkeep]
|-heal|p2a: Rillaboom|99/100|[from] Grassy Terrain
|-damage|p2a: Rillaboom|86/100|[from] move: Whirlpool|[partiallytrapped]
|upkeep
|turn|9
|
|t:|1595792847
|move|p2a: Rillaboom|Swords Dance|p2a: Rillaboom
|-boost|p2a: Rillaboom|atk|2
|move|p1a: Azumarill|Perish Song|p1a: Azumarill
|-start|p1a: Azumarill|perish3|[silent]
|-start|p2a: Rillaboom|perish3|[silent]
|-fieldactivate|move: Perish Song
|
|-weather|RainDance|[upkeep]
|-heal|p2a: Rillaboom|93/100|[from] Grassy Terrain
|-damage|p2a: Rillaboom|80/100|[from] move: Whirlpool|[partiallytrapped]
|-start|p2a: Rillaboom|perish3
|-start|p1a: Azumarill|perish3
|upkeep
|turn|10
|
|t:|1595792853
|move|p2a: Rillaboom|Knock Off|p1a: Azumarill
|-resisted|p1a: Azumarill
|-damage|p1a: Azumarill|64/100
|-enditem|p1a: Azumarill|Leftovers|[from] move: Knock Off|[of] p2a: Rillaboom
|-damage|p2a: Rillaboom|70/100|[from] item: Life Orb
|move|p1a: Azumarill|Substitute|p1a: Azumarill
|-start|p1a: Azumarill|Substitute
|-damage|p1a: Azumarill|39/100
|
|-weather|RainDance|[upkeep]
|-heal|p2a: Rillaboom|76/100|[from] Grassy Terrain
|-heal|p1a: Azumarill|45/100|[from] Grassy Terrain
|-damage|p2a: Rillaboom|64/100|[from] move: Whirlpool|[partiallytrapped]
|-start|p2a: Rillaboom|perish2
|-start|p1a: Azumarill|perish2
|upkeep
|turn|11
|
|t:|1595792857
|move|p1a: Azumarill|Protect|p1a: Azumarill
|-singleturn|p1a: Azumarill|Protect
|move|p2a: Rillaboom|Drain Punch|p1a: Azumarill
|-activate|p1a: Azumarill|move: Protect
|
|-weather|none
|-heal|p2a: Rillaboom|70/100|[from] Grassy Terrain
|-heal|p1a: Azumarill|51/100|[from] Grassy Terrain
|-damage|p2a: Rillaboom|58/100|[from] move: Whirlpool|[partiallytrapped]
|-start|p2a: Rillaboom|perish1
|-start|p1a: Azumarill|perish1
|upkeep
|turn|12
|
|t:|1595792868
|switch|p1a: Amoonguss|Amoonguss, F|100/100
|move|p2a: Rillaboom|Grassy Glide|p1a: Amoonguss
|-resisted|p1a: Amoonguss
|-damage|p1a: Amoonguss|78/100
|-damage|p2a: Rillaboom|48/100|[from] item: Life Orb
|
|-heal|p2a: Rillaboom|54/100|[from] Grassy Terrain
|-heal|p1a: Amoonguss|84/100|[from] Grassy Terrain
|-fieldend|move: Grassy Terrain
|-end|p2a: Rillaboom|Whirlpool|[partiallytrapped]
|-start|p2a: Rillaboom|perish0
|upkeep
|faint|p2a: Rillaboom
|
|t:|1595792875
|switch|p2a: Cinderace|Cinderace, M|100/100
|turn|13
|
|t:|1595792881
|switch|p1a: Azumarill|Azumarill, F|51/100
|move|p2a: Cinderace|U-turn|p1a: Azumarill
|-start|p2a: Cinderace|typechange|Bug|[from] ability: Libero
|-resisted|p1a: Azumarill
|-damage|p1a: Azumarill|37/100
|
|t:|1595792885
|switch|p2a: Goodra|Goodra, F|100/100|[from]move: U-turn
|
|upkeep
|turn|14
|
|t:|1595792897
|move|p1a: Azumarill|Protect|p1a: Azumarill
|-singleturn|p1a: Azumarill|Protect
|move|p2a: Goodra|Thunderbolt|p1a: Azumarill
|-activate|p1a: Azumarill|move: Protect
|
|upkeep
|turn|15
|
|t:|1595792904
|switch|p2a: Cinderace|Cinderace, M|100/100
|move|p1a: Azumarill|Perish Song|p1a: Azumarill
|-start|p1a: Azumarill|perish3|[silent]
|-start|p2a: Cinderace|perish3|[silent]
|-fieldactivate|move: Perish Song
|
|-start|p2a: Cinderace|perish3
|-start|p1a: Azumarill|perish3
|upkeep
|turn|16
|
|t:|1595792907
|move|p2a: Cinderace|U-turn|p1a: Azumarill
|-start|p2a: Cinderace|typechange|Bug|[from] ability: Libero
|-resisted|p1a: Azumarill
|-damage|p1a: Azumarill|25/100
|
|t:|1595792911
|switch|p2a: Goodra|Goodra, F|100/100|[from]move: U-turn
|move|p1a: Azumarill|Whirlpool|p2a: Goodra|[miss]
|-miss|p1a: Azumarill|p2a: Goodra
|
|-start|p1a: Azumarill|perish2
|upkeep
|turn|17
|
|t:|1595792929
|switch|p1a: Amoonguss|Amoonguss, F|100/100
|move|p2a: Goodra|Draco Meteor|p1a: Amoonguss
|-damage|p1a: Amoonguss|13/100
|-unboost|p2a: Goodra|spa|2
|
|upkeep
|turn|18
|
|t:|1595792938
|switch|p2a: Cinderace|Cinderace, M|100/100
|switch|p1a: Mandibuzz|Mandibuzz, F|100/100
|
|upkeep
|turn|19
|
|t:|1595792943
|move|p2a: Cinderace|Pyro Ball|p1a: Mandibuzz
|-damage|p1a: Mandibuzz|58/100
|move|p1a: Mandibuzz|Foul Play|p2a: Cinderace
|-damage|p2a: Cinderace|37/100
|
|upkeep
|turn|20
|
|t:|1595792948
|move|p2a: Cinderace|U-turn|p1a: Mandibuzz
|-start|p2a: Cinderace|typechange|Bug|[from] ability: Libero
|-damage|p1a: Mandibuzz|29/100
|
|t:|1595792950
|switch|p2a: Clefable|Clefable, M, shiny|88/100|[from]move: U-turn
|move|p1a: Mandibuzz|Roost|p1a: Mandibuzz
|-heal|p1a: Mandibuzz|79/100
|-singleturn|p1a: Mandibuzz|move: Roost
|
|-heal|p2a: Clefable|94/100|[from] item: Leftovers
|upkeep
|turn|21
|
|t:|1595792956
|move|p1a: Mandibuzz|U-turn|p2a: Clefable
|-resisted|p2a: Clefable
|-damage|p2a: Clefable|89/100
|
|t:|1595792958
|switch|p1a: Amoonguss|Amoonguss, F|47/100|[from]move: U-turn
|move|p2a: Clefable|Wish|p2a: Clefable
|
|-heal|p2a: Clefable|95/100|[from] item: Leftovers
|upkeep
|turn|22
|
|t:|1595792969
|switch|p2a: Goodra|Goodra, F|100/100
|move|p1a: Amoonguss|Spore|p2a: Goodra
|-ability|p2a: Goodra|Sap Sipper|boost
|-boost|p2a: Goodra|atk|1
|
|upkeep
|turn|23
|
|t:|1595792973
|switch|p1a: Azumarill|Azumarill, F|25/100
|move|p2a: Goodra|Thunderbolt|p1a: Azumarill
|-supereffective|p1a: Azumarill
|-damage|p1a: Azumarill|0 fnt
|faint|p1a: Azumarill
|
|upkeep
|
|t:|1595792978
|switch|p1a: Amoonguss|Amoonguss, F|80/100
|turn|24
|
|t:|1595792984
|switch|p2a: Excadrill|Excadrill, F|100/100
|-ability|p2a: Excadrill|Mold Breaker
|move|p1a: Amoonguss|Sludge Bomb|p2a: Excadrill
|-immune|p2a: Excadrill
|
|upkeep
|turn|25
|
|t:|1595792988
|switch|p2a: Goodra|Goodra, F|100/100
|switch|p1a: Mandibuzz|Mandibuzz, F|79/100
|
|upkeep
|turn|26
|
|t:|1595792992
|move|p1a: Mandibuzz|Roost|p1a: Mandibuzz
|-heal|p1a: Mandibuzz|100/100
|-singleturn|p1a: Mandibuzz|move: Roost
|move|p2a: Goodra|Draco Meteor|p1a: Mandibuzz
|-damage|p1a: Mandibuzz|34/100
|-unboost|p2a: Goodra|spa|2
|
|upkeep
|turn|27
|
|t:|1595792996
|switch|p2a: Clefable|Clefable, M, shiny|95/100
|move|p1a: Mandibuzz|Roost|p1a: Mandibuzz
|-heal|p1a: Mandibuzz|84/100
|-singleturn|p1a: Mandibuzz|move: Roost
|
|-heal|p2a: Clefable|100/100|[from] item: Leftovers
|upkeep
|turn|28
|
|t:|1595792999
|move|p1a: Mandibuzz|U-turn|p2a: Clefable
|-resisted|p2a: Clefable
|-damage|p2a: Clefable|95/100
|
|t:|1595793000
|switch|p1a: Amoonguss|Amoonguss, F|100/100|[from]move: U-turn
|move|p2a: Clefable|Wish|p2a: Clefable
|
|-heal|p2a: Clefable|100/100|[from] item: Leftovers
|upkeep
|turn|29
|
|t:|1595793005
|switch|p2a: Goodra|Goodra, F|100/100
|move|p1a: Amoonguss|Spore|p2a: Goodra
|-ability|p2a: Goodra|Sap Sipper|boost
|-boost|p2a: Goodra|atk|1
|
|upkeep
|turn|30
|
|t:|1595793016
|move|p2a: Goodra|Thunderbolt|p1a: Amoonguss
|-resisted|p1a: Amoonguss
|-damage|p1a: Amoonguss|78/100
|move|p1a: Amoonguss|Spore|p2a: Goodra
|-ability|p2a: Goodra|Sap Sipper|boost
|-boost|p2a: Goodra|atk|1
|
|upkeep
|turn|31
|
|t:|1595793024
|switch|p1a: Kingdra|Kingdra, M|100/100
|move|p2a: Goodra|Thunderbolt|p1a: Kingdra
|-damage|p1a: Kingdra|40/100
|
|upkeep
|turn|32
|
|t:|1595793050
|move|p1a: Kingdra|Hydro Pump|p2a: Goodra
|-resisted|p2a: Goodra
|-damage|p2a: Goodra|75/100
|move|p2a: Goodra|Thunderbolt|p1a: Kingdra
|-damage|p1a: Kingdra|0 fnt
|faint|p1a: Kingdra
|
|upkeep
|
|t:|1595793053
|switch|p1a: Urshifu|Urshifu-Rapid-Strike, M|100/100
|turn|33
|
|t:|1595793062
|switch|p2a: Excadrill|Excadrill, F|100/100
|-ability|p2a: Excadrill|Mold Breaker
|move|p1a: Urshifu|Close Combat|p2a: Excadrill
|-supereffective|p2a: Excadrill
|-damage|p2a: Excadrill|0 fnt
|-unboost|p1a: Urshifu|def|1
|-unboost|p1a: Urshifu|spd|1
|faint|p2a: Excadrill
|
|upkeep
|
|t:|1595793066
|switch|p2a: Clefable|Clefable, M, shiny|100/100
|turn|34
|
|t:|1595793071
|switch|p1a: Amoonguss|Amoonguss, F|100/100
|move|p2a: Clefable|Moonblast|p1a: Amoonguss
|-resisted|p1a: Amoonguss
|-damage|p1a: Amoonguss|87/100
|
|upkeep
|turn|35
|
|t:|1595793073
|move|p2a: Clefable|Protect|p2a: Clefable
|-singleturn|p2a: Clefable|Protect
|move|p1a: Amoonguss|Sludge Bomb|p2a: Clefable
|-activate|p2a: Clefable|move: Protect
|
|upkeep
|turn|36
|
|t:|1595793080
|move|p2a: Clefable|Wish|p2a: Clefable
|move|p1a: Amoonguss|Sludge Bomb|p2a: Clefable
|-supereffective|p2a: Clefable
|-damage|p2a: Clefable|62/100
|
|-heal|p2a: Clefable|68/100|[from] item: Leftovers
|upkeep
|turn|37
|
|t:|1595793084
|move|p2a: Clefable|Moonblast|p1a: Amoonguss
|-resisted|p1a: Amoonguss
|-damage|p1a: Amoonguss|72/100
|move|p1a: Amoonguss|Sludge Bomb|p2a: Clefable
|-supereffective|p2a: Clefable
|-damage|p2a: Clefable|27/100
|-status|p2a: Clefable|psn
|
|-heal|p2a: Clefable|77/100 psn|[from] move: Wish|[wisher] Clefable
|-heal|p2a: Clefable|83/100 psn|[from] item: Leftovers
|upkeep
|turn|38
|
|t:|1595793088
|move|p2a: Clefable|Wish|p2a: Clefable
|move|p1a: Amoonguss|Sludge Bomb|p2a: Clefable
|-supereffective|p2a: Clefable
|-damage|p2a: Clefable|40/100 psn
|
|-heal|p2a: Clefable|46/100 psn|[from] item: Leftovers
|upkeep
|turn|39
|
|t:|1595793091
|move|p2a: Clefable|Moonblast|p1a: Amoonguss
|-resisted|p1a: Amoonguss
|-damage|p1a: Amoonguss|57/100
|move|p1a: Amoonguss|Sludge Bomb|p2a: Clefable
|-supereffective|p2a: Clefable
|-damage|p2a: Clefable|5/100 psn
|
|-heal|p2a: Clefable|55/100 psn|[from] move: Wish|[wisher] Clefable
|-heal|p2a: Clefable|61/100 psn|[from] item: Leftovers
|upkeep
|turn|40
|
|t:|1595793099
|switch|p1a: Pelipper|Pelipper, M|52/100
|-weather|RainDance|[from] ability: Drizzle|[of] p1a: Pelipper
|move|p2a: Clefable|Wish|p2a: Clefable
|
|-weather|RainDance|[upkeep]
|-heal|p2a: Clefable|67/100 psn|[from] item: Leftovers
|upkeep
|turn|41
|
|t:|1595793103
|move|p1a: Pelipper|U-turn|p2a: Clefable
|-resisted|p2a: Clefable
|-damage|p2a: Clefable|63/100 psn
|
|t:|1595793104
|switch|p1a: Amoonguss|Amoonguss, F|90/100|[from]move: U-turn
|move|p2a: Clefable|Moonblast|p1a: Amoonguss
|-resisted|p1a: Amoonguss
|-damage|p1a: Amoonguss|77/100
|
|-weather|RainDance|[upkeep]
|-heal|p2a: Clefable|100/100 psn|[from] move: Wish|[wisher] Clefable
|upkeep
|turn|42
|
|t:|1595793110
|switch|p1a: Urshifu|Urshifu-Rapid-Strike, M|100/100
|move|p2a: Clefable|Moonblast|p1a: Urshifu
|-supereffective|p1a: Urshifu
|-crit|p1a: Urshifu
|-damage|p1a: Urshifu|0 fnt
|faint|p1a: Urshifu
|
|-weather|RainDance|[upkeep]
|upkeep
|-message|early_human forfeited.
|
|win|brinxtruck
|l|☆early_human
