|j|☆guy42
|j|☆Blue chen
|player|p1|guy42|169|1673
|player|p2|Blue chen|karen|1675
|teamsize|p1|6
|teamsize|p2|6
|gametype|singles
|gen|8
|tier|[Gen 8] OU
|rated|
|clearpoke
|poke|p1|Urshifu-*, F|
|poke|p1|Azumarill, M|
|poke|p1|Rillaboom, F|
|poke|p1|Marowak-Alola, F|
|poke|p1|Morpeko, F|
|poke|p1|Magearna|
|poke|p2|Accelgor, M|
|poke|p2|Magearna|
|poke|p2|Urshifu-*, M|
|poke|p2|Dracozolt|
|poke|p2|Azumarill, M|
|poke|p2|Volcarona, M|
|rule|Sleep Clause Mod: Limit one foe put to sleep
|rule|Species Clause: Limit one of each Pokémon
|rule|OHKO Clause: OHKO moves are banned
|rule|Evasion Moves Clause: Evasion moves are banned
|rule|Endless Battle Clause: Forcing endless battles is banned
|rule|HP Percentage Mod: HP is shown in percentages
|rule|Dynamax Clause: You cannot dynamax
|teampreview
|
|start
|switch|p1a: Urshifu|Urshifu-Rapid-Strike, F|100/100
|switch|p2a: Accelgor|Accelgor, M|100/100
|turn|1
|
|move|p1a: Urshifu|Aqua Jet|p2a: Accelgor
|-damage|p2a: Accelgor|37/100
|move|p2a: Accelgor|Spikes|p1a: Urshifu
|-sidestart|p1: guy42|Spikes
|
|upkeep
|turn|2
|
|switch|p2a: Azumarill|Azumarill, M|100/100
|move|p1a: Urshifu|Aqua Jet|p2a: Azumarill
|-resisted|p2a: Azumarill
|-damage|p2a: Azumarill|81/100
|
|upkeep
|turn|3
|
|switch|p1a: Rillaboom|Rillaboom, F, shiny|100/100
|-damage|p1a: Rillaboom|88/100|[from] Spikes
|-fieldstart|move: Grassy Terrain|[from] ability: Grassy Surge|[of] p1a: Rillaboom
|move|p2a: Azumarill|Play Rough|p1a: Rillaboom
|-damage|p1a: Rillaboom|25/100
|
|-heal|p1a: Rillaboom|31/100|[from] item: Leftovers
|-heal|p1a: Rillaboom|37/100|[from] Grassy Terrain
|-heal|p2a: Azumarill|87/100|[from] Grassy Terrain
|upkeep
|turn|4
|
|switch|p2a: Volcarona|Volcarona, M|100/100
|move|p1a: Rillaboom|Knock Off|p2a: Volcarona
|-damage|p2a: Volcarona|45/100
|-enditem|p2a: Volcarona|Heavy-Duty Boots|[from] move: Knock Off|[of] p1a: Rillaboom
|
|-heal|p2a: Volcarona|51/100|[from] Grassy Terrain
|-heal|p1a: Rillaboom|43/100|[from] item: Leftovers
|-heal|p1a: Rillaboom|49/100|[from] Grassy Terrain
|upkeep
|turn|5
|
|switch|p1a: Azumarill|Azumarill, M|100/100
|-damage|p1a: Azumarill|88/100|[from] Spikes
|move|p2a: Volcarona|Psychic|p1a: Azumarill
|-damage|p1a: Azumarill|67/100
|
|-heal|p2a: Volcarona|57/100|[from] Grassy Terrain
|-heal|p1a: Azumarill|73/100|[from] item: Leftovers
|-heal|p1a: Azumarill|79/100|[from] Grassy Terrain
|upkeep
|turn|6
|
|switch|p2a: Accelgor|Accelgor, M|37/100
|move|p1a: Azumarill|Toxic|p2a: Accelgor
|-status|p2a: Accelgor|tox
|
|-heal|p2a: Accelgor|43/100 tox|[from] Grassy Terrain
|-heal|p1a: Azumarill|86/100|[from] item: Leftovers
|-heal|p1a: Azumarill|92/100|[from] Grassy Terrain
|-damage|p2a: Accelgor|37/100 tox|[from] psn
|upkeep
|turn|7
|
|switch|p1a: Morpeko|Morpeko, F, shiny|100/100
|move|p2a: Accelgor|Toxic Spikes|p1a: Morpeko
|-sidestart|p1: guy42|move: Toxic Spikes
|
|-heal|p2a: Accelgor|43/100 tox|[from] Grassy Terrain
|-fieldend|move: Grassy Terrain
|-damage|p2a: Accelgor|31/100 tox|[from] psn
|-formechange|p1a: Morpeko|Morpeko-Hangry||[from] ability: Hunger Switch
|upkeep
|turn|8
|
|switch|p1a: Urshifu|Urshifu-Rapid-Strike, F|100/100
|-damage|p1a: Urshifu|88/100|[from] Spikes
|-status|p1a: Urshifu|psn
|move|p2a: Accelgor|Final Gambit|p1a: Urshifu
|-damage|p1a: Urshifu|55/100 psn
|faint|p2a: Accelgor
|
|-damage|p1a: Urshifu|43/100 psn|[from] psn
|upkeep
|
|switch|p2a: Volcarona|Volcarona, M|57/100
|turn|9
|
|switch|p2a: Azumarill|Azumarill, M|87/100
|move|p1a: Urshifu|Aqua Jet|p2a: Azumarill
|-resisted|p2a: Azumarill
|-crit|p2a: Azumarill
|-damage|p2a: Azumarill|56/100
|
|-damage|p1a: Urshifu|31/100 psn|[from] psn
|upkeep
|turn|10
|
|switch|p1a: Rillaboom|Rillaboom, F, shiny|49/100
|-damage|p1a: Rillaboom|37/100|[from] Spikes
|-status|p1a: Rillaboom|psn
|-fieldstart|move: Grassy Terrain|[from] ability: Grassy Surge|[of] p1a: Rillaboom
|move|p2a: Azumarill|Belly Drum|p2a: Azumarill
|-damage|p2a: Azumarill|7/100
|-setboost|p2a: Azumarill|atk|6|[from] move: Belly Drum
|-enditem|p2a: Azumarill|Sitrus Berry|[eat]
|-heal|p2a: Azumarill|31/100|[from] item: Sitrus Berry
|
|-heal|p1a: Rillaboom|43/100 psn|[from] item: Leftovers
|-heal|p1a: Rillaboom|49/100 psn|[from] Grassy Terrain
|-heal|p2a: Azumarill|37/100|[from] Grassy Terrain
|-damage|p1a: Rillaboom|37/100 psn|[from] psn
|upkeep
|turn|11
|
|move|p1a: Rillaboom|Grassy Glide|p2a: Azumarill
|-supereffective|p2a: Azumarill
|-damage|p2a: Azumarill|0 fnt
|faint|p2a: Azumarill
|
|-heal|p1a: Rillaboom|43/100 psn|[from] item: Leftovers
|-heal|p1a: Rillaboom|49/100 psn|[from] Grassy Terrain
|-damage|p1a: Rillaboom|37/100 psn|[from] psn
|upkeep
|
|switch|p2a: Volcarona|Volcarona, M|57/100
|turn|12
|
|switch|p1a: Azumarill|Azumarill, M|92/100
|-damage|p1a: Azumarill|79/100|[from] Spikes
|-status|p1a: Azumarill|psn
|move|p2a: Volcarona|Bug Buzz|p1a: Azumarill
|-resisted|p1a: Azumarill
|-damage|p1a: Azumarill|61/100 psn
|
|-heal|p2a: Volcarona|63/100|[from] Grassy Terrain
|-heal|p1a: Azumarill|67/100 psn|[from] item: Leftovers
|-heal|p1a: Azumarill|74/100 psn|[from] Grassy Terrain
|-damage|p1a: Azumarill|61/100 psn|[from] psn
|upkeep
|turn|13
|
|switch|p2a: Dracozolt|Dracozolt|100/100
|move|p1a: Azumarill|Whirlpool|p2a: Dracozolt
|-resisted|p2a: Dracozolt
|-damage|p2a: Dracozolt|94/100
|-activate|p2a: Dracozolt|move: Whirlpool|[of] p1a: Azumarill
|
|-heal|p2a: Dracozolt|100/100|[from] Grassy Terrain
|-heal|p1a: Azumarill|67/100 psn|[from] item: Leftovers
|-heal|p1a: Azumarill|74/100 psn|[from] Grassy Terrain
|-damage|p1a: Azumarill|61/100 psn|[from] psn
|-damage|p2a: Dracozolt|88/100|[from] move: Whirlpool|[partiallytrapped]
|upkeep
|turn|14
|
|move|p1a: Azumarill|Protect|p1a: Azumarill
|-singleturn|p1a: Azumarill|Protect
|move|p2a: Dracozolt|Bolt Beak|p1a: Azumarill
|-activate|p1a: Azumarill|move: Protect
|
|-heal|p2a: Dracozolt|94/100|[from] Grassy Terrain
|-heal|p1a: Azumarill|67/100 psn|[from] item: Leftovers
|-heal|p1a: Azumarill|74/100 psn|[from] Grassy Terrain
|-fieldend|move: Grassy Terrain
|-damage|p1a: Azumarill|61/100 psn|[from] psn
|-damage|p2a: Dracozolt|82/100|[from] move: Whirlpool|[partiallytrapped]
|upkeep
|turn|15
|
|switch|p1a: Rillaboom|Rillaboom, F, shiny|37/100 psn
|-damage|p1a: Rillaboom|25/100 psn|[from] Spikes
|-fieldstart|move: Grassy Terrain|[from] ability: Grassy Surge|[of] p1a: Rillaboom
|move|p2a: Dracozolt|Earthquake|p1a: Rillaboom
|-resisted|p1a: Rillaboom
|-damage|p1a: Rillaboom|13/100 psn
|
|-heal|p1a: Rillaboom|19/100 psn|[from] item: Leftovers
|-heal|p1a: Rillaboom|25/100 psn|[from] Grassy Terrain
|-heal|p2a: Dracozolt|88/100|[from] Grassy Terrain
|-damage|p1a: Rillaboom|13/100 psn|[from] psn
|-end|p2a: Dracozolt|Whirlpool|[partiallytrapped]|[silent]
|upkeep
|turn|16
|
|switch|p2a: Volcarona|Volcarona, M|63/100
|move|p1a: Rillaboom|Knock Off|p2a: Volcarona
|-damage|p2a: Volcarona|28/100
|
|-heal|p2a: Volcarona|34/100|[from] Grassy Terrain
|-heal|p1a: Rillaboom|19/100 psn|[from] item: Leftovers
|-heal|p1a: Rillaboom|25/100 psn|[from] Grassy Terrain
|-damage|p1a: Rillaboom|13/100 psn|[from] psn
|upkeep
|turn|17
|
|move|p2a: Volcarona|Quiver Dance|p2a: Volcarona
|-boost|p2a: Volcarona|spa|1
|-boost|p2a: Volcarona|spd|1
|-boost|p2a: Volcarona|spe|1
|move|p1a: Rillaboom|Knock Off|p2a: Volcarona
|-damage|p2a: Volcarona|0 fnt
|faint|p2a: Volcarona
|
|-heal|p1a: Rillaboom|19/100 psn|[from] item: Leftovers
|-heal|p1a: Rillaboom|25/100 psn|[from] Grassy Terrain
|-damage|p1a: Rillaboom|13/100 psn|[from] psn
|upkeep
|
|switch|p2a: Magearna|Magearna|100/100
|turn|18
|
|move|p1a: Rillaboom|Wood Hammer|p2a: Magearna
|-resisted|p2a: Magearna
|-damage|p2a: Magearna|70/100
|-damage|p1a: Rillaboom|2/100 psn|[from] Recoil
|move|p2a: Magearna|Iron Defense|p2a: Magearna
|-boost|p2a: Magearna|def|2
|
|-heal|p1a: Rillaboom|8/100 psn|[from] item: Leftovers
|-heal|p1a: Rillaboom|15/100 psn|[from] Grassy Terrain
|-heal|p2a: Magearna|76/100|[from] item: Leftovers
|-heal|p2a: Magearna|82/100|[from] Grassy Terrain
|-damage|p1a: Rillaboom|2/100 psn|[from] psn
|upkeep
|turn|19
|
|move|p1a: Rillaboom|Knock Off|p2a: Magearna
|-resisted|p2a: Magearna
|-damage|p2a: Magearna|76/100
|-enditem|p2a: Magearna|Leftovers|[from] move: Knock Off|[of] p1a: Rillaboom
|move|p2a: Magearna|Calm Mind|p2a: Magearna
|-boost|p2a: Magearna|spa|1
|-boost|p2a: Magearna|spd|1
|
|-heal|p1a: Rillaboom|8/100 psn|[from] item: Leftovers
|-heal|p1a: Rillaboom|15/100 psn|[from] Grassy Terrain
|-heal|p2a: Magearna|82/100|[from] Grassy Terrain
|-fieldend|move: Grassy Terrain
|-damage|p1a: Rillaboom|2/100 psn|[from] psn
|upkeep
|turn|20
|
|move|p1a: Rillaboom|Wood Hammer|p2a: Magearna
|-resisted|p2a: Magearna
|-damage|p2a: Magearna|71/100
|-damage|p1a: Rillaboom|0 fnt|[from] Recoil
|faint|p1a: Rillaboom
|-ability|p2a: Magearna|Soul-Heart|boost
|-boost|p2a: Magearna|spa|1
|move|p2a: Magearna|Iron Defense|p2a: Magearna
|-boost|p2a: Magearna|def|2
|
|upkeep
|
|switch|p1a: Azumarill|Azumarill, M|61/100 psn
|-damage|p1a: Azumarill|49/100 psn|[from] Spikes
|turn|21
|
|move|p2a: Magearna|Stored Power|p1a: Azumarill
|-damage|p1a: Azumarill|0 fnt
|faint|p1a: Azumarill
|-ability|p2a: Magearna|Soul-Heart|boost
|-boost|p2a: Magearna|spa|1
|
|upkeep
|
|switch|p1a: Urshifu|Urshifu-Rapid-Strike, F|31/100 psn
|-damage|p1a: Urshifu|18/100 psn|[from] Spikes
|turn|22
|
|move|p1a: Urshifu|Surging Strikes|p2a: Magearna
|-crit|p2a: Magearna
|-damage|p2a: Magearna|47/100
|-crit|p2a: Magearna
|-damage|p2a: Magearna|24/100
|-crit|p2a: Magearna
|-damage|p2a: Magearna|0 fnt
|-hitcount|p2a: Magearna|3
|faint|p2a: Magearna
|
|-damage|p1a: Urshifu|6/100 psn|[from] psn
|upkeep
|
|switch|p2a: Urshifu|Urshifu-Rapid-Strike, M|100/100
|turn|23
|
|move|p2a: Urshifu|Bulk Up|p2a: Urshifu
|-boost|p2a: Urshifu|atk|1
|-boost|p2a: Urshifu|def|1
|move|p1a: Urshifu|Surging Strikes|p2a: Urshifu
|-resisted|p2a: Urshifu
|-crit|p2a: Urshifu
|-damage|p2a: Urshifu|83/100
|-resisted|p2a: Urshifu
|-crit|p2a: Urshifu
|-damage|p2a: Urshifu|66/100
|-resisted|p2a: Urshifu
|-crit|p2a: Urshifu
|-damage|p2a: Urshifu|49/100
|-hitcount|p2a: Urshifu|3
|
|-heal|p2a: Urshifu|55/100|[from] item: Leftovers
|-damage|p1a: Urshifu|0 fnt|[from] psn
|faint|p1a: Urshifu
|upkeep
|
|switch|p1a: Morpeko|Morpeko, F, shiny|100/100
|turn|24
|
|move|p1a: Morpeko|Aura Wheel|p2a: Urshifu
|-supereffective|p2a: Urshifu
|-damage|p2a: Urshifu|0 fnt
|-boost|p1a: Morpeko|spe|1
|faint|p2a: Urshifu
|
|-formechange|p1a: Morpeko|Morpeko-Hangry||[from] ability: Hunger Switch
|upkeep
|
|switch|p2a: Dracozolt|Dracozolt|88/100
|turn|25
|
|move|p1a: Morpeko|Aura Wheel|p2a: Dracozolt
|-damage|p2a: Dracozolt|34/100
|-boost|p1a: Morpeko|spe|1
|move|p2a: Dracozolt|Earthquake|p1a: Morpeko
|-supereffective|p1a: Morpeko
|-damage|p1a: Morpeko|0 fnt
|faint|p1a: Morpeko
|
|upkeep
|
|switch|p1a: Magearna|Magearna|100/100
|-damage|p1a: Magearna|88/100|[from] Spikes
|turn|26
|
|move|p2a: Dracozolt|Bolt Beak|p1a: Magearna
|-damage|p1a: Magearna|0 fnt
|faint|p1a: Magearna
|
|upkeep
|
|switch|p1a: Marowak|Marowak-Alola, F, shiny|100/100
|-damage|p1a: Marowak|88/100|[from] Spikes
|-status|p1a: Marowak|psn
|turn|27
|
|move|p2a: Dracozolt|Earthquake|p1a: Marowak
|-supereffective|p1a: Marowak
|-damage|p1a: Marowak|8/100 psn
|move|p1a: Marowak|Knock Off|p2a: Dracozolt
|-damage|p2a: Dracozolt|0 fnt
|-enditem|p2a: Dracozolt|Wide Lens|[from] move: Knock Off|[of] p1a: Marowak
|faint|p2a: Dracozolt
|
|win|guy42
|l|☆Blue chen
