|j|☆lou dort
|j|☆ViniGee
|t:|1658865864
|gametype|singles
|player|p1|lou dort|nate|1448
|player|p2|ViniGee|striker|1504
|teamsize|p1|6
|teamsize|p2|6
|gen|8
|tier|[Gen 8] OU
|rated|
|rule|Sleep Clause Mod: Limit one foe put to sleep
|rule|Species Clause: Limit one of each Pokémon
|rule|OHKO Clause: OHKO moves are banned
|rule|Evasion Moves Clause: Evasion moves are banned
|rule|Endless Battle Clause: Forcing endless battles is banned
|rule|HP Percentage Mod: HP is shown in percentages
|rule|Dynamax Clause: You cannot dynamax
|clearpoke
|poke|p1|Tapu Fini|
|poke|p1|Tornadus-Therian, M|
|poke|p1|Zeraora|
|poke|p1|Victini|
|poke|p1|Landorus-Therian, M|
|poke|p1|Ferrothorn, M|
|poke|p2|Pelipper, M|
|poke|p2|Barraskewda, M|
|poke|p2|Tangrowth, F|
|poke|p2|Heliolisk, F|
|poke|p2|Starmie|
|poke|p2|Clefable, F|
|teampreview
|inactive|Battle timer is ON: inactive players will automatically lose when time's up. (requested by lou dort)
|
|t:|1658865873
|start
|switch|p1a: Tornadus|Tornadus-Therian, M|100/100
|switch|p2a: Pelipper|Pelipper, M|100/100
|-weather|RainDance|[from] ability: Drizzle|[of] p2a: Pelipper
|turn|1
|
|t:|1658865877
|switch|p2a: Heliolisk|Heliolisk, F, shiny|100/100
|move|p1a: Tornadus|Hurricane|p2a: Heliolisk
|-resisted|p2a: Heliolisk
|-damage|p2a: Heliolisk|82/100
|-start|p2a: Heliolisk|confusion
|
|-weather|RainDance|[upkeep]
|-heal|p2a: Heliolisk|95/100|[from] ability: Dry Skin
|upkeep
|turn|2
|
|t:|1658865881
|move|p1a: Tornadus|Focus Blast|p2a: Heliolisk
|-supereffective|p2a: Heliolisk
|-damage|p2a: Heliolisk|41/100
|-activate|p2a: Heliolisk|confusion
|move|p2a: Heliolisk|Volt Switch|p1a: Tornadus
|-supereffective|p1a: Tornadus
|-damage|p1a: Tornadus|8/100
|
|t:|1658865884
|switch|p2a: Barraskewda|Barraskewda, M|100/100|[from]move: Volt Switch
|
|-weather|RainDance|[upkeep]
|upkeep
|turn|3
|c|☆lou dort|are u av heliolisk or smth
|
|t:|1658865905
|switch|p1a: Landorus|Landorus-Therian, M|100/100
|-ability|p1a: Landorus|Intimidate|boost
|-unboost|p2a: Barraskewda|atk|1
|move|p2a: Barraskewda|Close Combat|p1a: Landorus
|-resisted|p1a: Landorus
|-damage|p1a: Landorus|81/100
|-unboost|p2a: Barraskewda|def|1
|-unboost|p2a: Barraskewda|spd|1
|
|-weather|RainDance|[upkeep]
|-heal|p1a: Landorus|87/100|[from] item: Leftovers
|upkeep
|turn|4
|
|t:|1658865909
|switch|p2a: Tangrowth|Tangrowth, F, shiny|100/100
|move|p1a: Landorus|U-turn|p2a: Tangrowth
|-supereffective|p2a: Tangrowth
|-damage|p2a: Tangrowth|78/100
|-damage|p1a: Landorus|70/100|[from] item: Rocky Helmet|[of] p2a: Tangrowth
|
|t:|1658865911
|switch|p1a: Tornadus|Tornadus-Therian, M|41/100|[from]move: U-turn
|
|-weather|RainDance|[upkeep]
|upkeep
|turn|5
|
|t:|1658865915
|switch|p2a: Heliolisk|Heliolisk, F, shiny|41/100
|move|p1a: Tornadus|Hurricane|p2a: Heliolisk
|-resisted|p2a: Heliolisk
|-damage|p2a: Heliolisk|22/100
|
|-weather|RainDance|[upkeep]
|-heal|p2a: Heliolisk|35/100|[from] ability: Dry Skin
|upkeep
|turn|6
|
|t:|1658865919
|move|p1a: Tornadus|Focus Blast|p2a: Heliolisk
|-supereffective|p2a: Heliolisk
|-damage|p2a: Heliolisk|0 fnt
|faint|p2a: Heliolisk
|
|-weather|RainDance|[upkeep]
|upkeep
|
|t:|1658865921
|switch|p2a: Barraskewda|Barraskewda, M|100/100
|turn|7
|
|t:|1658865924
|switch|p1a: Ferrothorn|Ferrothorn, M|100/100
|move|p2a: Barraskewda|Close Combat|p1a: Ferrothorn
|-supereffective|p1a: Ferrothorn
|-damage|p1a: Ferrothorn|29/100
|-unboost|p2a: Barraskewda|def|1
|-unboost|p2a: Barraskewda|spd|1
|-damage|p2a: Barraskewda|88/100|[from] ability: Iron Barbs|[of] p1a: Ferrothorn
|
|-weather|RainDance|[upkeep]
|-heal|p1a: Ferrothorn|36/100|[from] item: Leftovers
|upkeep
|turn|8
|
|t:|1658865930
|switch|p1a: Landorus|Landorus-Therian, M|70/100
|-ability|p1a: Landorus|Intimidate|boost
|-unboost|p2a: Barraskewda|atk|1
|move|p2a: Barraskewda|Close Combat|p1a: Landorus
|-resisted|p1a: Landorus
|-damage|p1a: Landorus|48/100
|-unboost|p2a: Barraskewda|def|1
|-unboost|p2a: Barraskewda|spd|1
|
|-weather|none
|-heal|p1a: Landorus|54/100|[from] item: Leftovers
|upkeep
|turn|9
|
|t:|1658865934
|switch|p2a: Pelipper|Pelipper, M|100/100
|-weather|RainDance|[from] ability: Drizzle|[of] p2a: Pelipper
|move|p1a: Landorus|Toxic|p2a: Pelipper
|-status|p2a: Pelipper|tox
|
|-weather|RainDance|[upkeep]
|-heal|p1a: Landorus|60/100|[from] item: Leftovers
|-damage|p2a: Pelipper|94/100 tox|[from] psn
|upkeep
|turn|10
|
|t:|1658865936
|move|p1a: Landorus|U-turn|p2a: Pelipper
|-resisted|p2a: Pelipper
|-damage|p2a: Pelipper|85/100 tox
|
|t:|1658865940
|switch|p1a: Ferrothorn|Ferrothorn, M|36/100|[from]move: U-turn
|move|p2a: Pelipper|U-turn|p1a: Ferrothorn
|-damage|p1a: Ferrothorn|31/100
|-damage|p2a: Pelipper|73/100 tox|[from] ability: Iron Barbs|[of] p1a: Ferrothorn
|
|t:|1658865942
|switch|p2a: Barraskewda|Barraskewda, M|88/100|[from]move: U-turn
|
|-weather|RainDance|[upkeep]
|-heal|p1a: Ferrothorn|37/100|[from] item: Leftovers
|upkeep
|turn|11
|
|t:|1658865945
|move|p2a: Barraskewda|Liquidation|p1a: Ferrothorn
|-resisted|p1a: Ferrothorn
|-damage|p1a: Ferrothorn|4/100
|-damage|p2a: Barraskewda|75/100|[from] ability: Iron Barbs|[of] p1a: Ferrothorn
|move|p1a: Ferrothorn|Leech Seed|p2a: Barraskewda
|-start|p2a: Barraskewda|move: Leech Seed
|
|-weather|RainDance|[upkeep]
|-heal|p1a: Ferrothorn|10/100|[from] item: Leftovers
|-damage|p2a: Barraskewda|63/100|[from] Leech Seed|[of] p1a: Ferrothorn
|-heal|p1a: Ferrothorn|20/100|[silent]
|upkeep
|turn|12
|
|t:|1658865949
|switch|p1a: Tapu Fini|Tapu Fini|100/100
|-fieldstart|move: Misty Terrain|[from] ability: Misty Surge|[of] p1a: Tapu Fini
|move|p2a: Barraskewda|Liquidation|p1a: Tapu Fini
|-resisted|p1a: Tapu Fini
|-damage|p1a: Tapu Fini|63/100
|
|-weather|RainDance|[upkeep]
|-heal|p1a: Tapu Fini|70/100|[from] item: Leftovers
|-damage|p2a: Barraskewda|50/100|[from] Leech Seed|[of] p1a: Tapu Fini
|-heal|p1a: Tapu Fini|79/100|[silent]
|upkeep
|turn|13
|
|t:|1658865952
|switch|p2a: Starmie|Starmie|100/100
|move|p1a: Tapu Fini|Protect||[still]
|-fail|p1a: Tapu Fini
|
|-weather|RainDance|[upkeep]
|-heal|p1a: Tapu Fini|85/100|[from] item: Leftovers
|upkeep
|turn|14
|
|t:|1658865955
|move|p1a: Tapu Fini|Knock Off|p2a: Starmie
|-supereffective|p2a: Starmie
|-damage|p2a: Starmie|62/100
|-enditem|p2a: Starmie|Leftovers|[from] move: Knock Off|[of] p1a: Tapu Fini
|move|p2a: Starmie|Teleport|p2a: Starmie
|
|t:|1658865959
|switch|p2a: Clefable|Clefable, F, shiny|100/100|[from]move: Teleport
|
|-weather|RainDance|[upkeep]
|-heal|p1a: Tapu Fini|91/100|[from] item: Leftovers
|upkeep
|turn|15
|
|t:|1658865966
|move|p1a: Tapu Fini|Moonblast|p2a: Clefable
|-damage|p2a: Clefable|70/100
|move|p2a: Clefable|Stealth Rock|p1a: Tapu Fini
|-sidestart|p1: lou dort|move: Stealth Rock
|
|-weather|RainDance|[upkeep]
|-heal|p1a: Tapu Fini|98/100|[from] item: Leftovers
|-heal|p2a: Clefable|76/100|[from] item: Leftovers
|upkeep
|turn|16
|
|t:|1658865970
|move|p1a: Tapu Fini|Protect|p1a: Tapu Fini
|-singleturn|p1a: Tapu Fini|Protect
|move|p2a: Clefable|Moonblast|p1a: Tapu Fini
|-activate|p1a: Tapu Fini|move: Protect
|
|-weather|none
|-heal|p1a: Tapu Fini|100/100|[from] item: Leftovers
|-heal|p2a: Clefable|82/100|[from] item: Leftovers
|-fieldend|Misty Terrain
|upkeep
|turn|17
|
|t:|1658865978
|move|p1a: Tapu Fini|Knock Off|p2a: Clefable
|-resisted|p2a: Clefable
|-damage|p2a: Clefable|76/100
|-enditem|p2a: Clefable|Leftovers|[from] move: Knock Off|[of] p1a: Tapu Fini
|move|p2a: Clefable|Moonblast|p1a: Tapu Fini
|-damage|p1a: Tapu Fini|76/100
|
|-heal|p1a: Tapu Fini|82/100|[from] item: Leftovers
|upkeep
|turn|18
|
|t:|1658865982
|switch|p1a: Victini|Victini|100/100
|move|p2a: Clefable|Moonblast|p1a: Victini
|-resisted|p1a: Victini
|-damage|p1a: Victini|84/100
|
|upkeep
|turn|19
|
|t:|1658865989
|move|p1a: Victini|Power-Up Punch|p2a: Clefable
|-resisted|p2a: Clefable
|-damage|p2a: Clefable|72/100
|-boost|p1a: Victini|atk|1
|move|p2a: Clefable|Moonblast|p1a: Victini
|-resisted|p1a: Victini
|-damage|p1a: Victini|69/100
|
|upkeep
|turn|20
|
|t:|1658865994
|move|p1a: Victini|V-create|p2a: Clefable
|-damage|p2a: Clefable|12/100
|-unboost|p1a: Victini|spe|1
|-unboost|p1a: Victini|def|1
|-unboost|p1a: Victini|spd|1
|move|p2a: Clefable|Moonblast|p1a: Victini
|-resisted|p1a: Victini
|-damage|p1a: Victini|54/100
|
|upkeep
|turn|21
|
|t:|1658866002
|switch|p2a: Pelipper|Pelipper, M|73/100 tox
|-weather|RainDance|[from] ability: Drizzle|[of] p2a: Pelipper
|move|p1a: Victini|Bolt Strike|p2a: Pelipper|[miss]
|-miss|p1a: Victini|p2a: Pelipper
|
|-weather|RainDance|[upkeep]
|-damage|p2a: Pelipper|67/100 tox|[from] psn
|upkeep
|turn|22
|c|☆lou dort|nice
|
|t:|1658866008
|switch|p2a: Tangrowth|Tangrowth, F, shiny|100/100
|move|p1a: Victini|Bolt Strike|p2a: Tangrowth|[miss]
|-miss|p1a: Victini|p2a: Tangrowth
|
|-weather|RainDance|[upkeep]
|upkeep
|turn|23
|
|t:|1658866014
|switch|p1a: Tornadus|Tornadus-Therian, M|74/100
|-damage|p1a: Tornadus|49/100|[from] Stealth Rock
|move|p2a: Tangrowth|Knock Off|p1a: Tornadus
|-damage|p1a: Tornadus|23/100
|-enditem|p1a: Tornadus|Wide Lens|[from] move: Knock Off|[of] p2a: Tangrowth
|
|-weather|RainDance|[upkeep]
|upkeep
|turn|24
|
|t:|1658866018
|switch|p2a: Starmie|Starmie|62/100
|move|p1a: Tornadus|Hurricane|p2a: Starmie
|-damage|p2a: Starmie|21/100
|
|-weather|RainDance|[upkeep]
|upkeep
|turn|25
|
|t:|1658866025
|switch|p1a: Zeraora|Zeraora|100/100
|-damage|p1a: Zeraora|88/100|[from] Stealth Rock
|move|p2a: Starmie|Recover|p2a: Starmie
|-heal|p2a: Starmie|71/100
|
|-weather|RainDance|[upkeep]
|-heal|p1a: Zeraora|94/100|[from] item: Leftovers
|upkeep
|turn|26
|
|t:|1658866028
|switch|p2a: Tangrowth|Tangrowth, F, shiny|100/100
|move|p1a: Zeraora|Bulk Up|p1a: Zeraora
|-boost|p1a: Zeraora|atk|1
|-boost|p1a: Zeraora|def|1
|
|-weather|RainDance|[upkeep]
|-heal|p1a: Zeraora|99/100|[from] item: Leftovers
|upkeep
|turn|27
|
|t:|1658866034
|switch|p1a: Ferrothorn|Ferrothorn, M|20/100
|-damage|p1a: Ferrothorn|13/100|[from] Stealth Rock
|move|p2a: Tangrowth|Sleep Powder|p1a: Ferrothorn
|-immune|p1a: Ferrothorn
|
|-weather|RainDance|[upkeep]
|-heal|p1a: Ferrothorn|20/100|[from] item: Leftovers
|upkeep
|turn|28
|
|t:|1658866036
|move|p2a: Tangrowth|Focus Blast|p1a: Ferrothorn
|-supereffective|p1a: Ferrothorn
|-damage|p1a: Ferrothorn|0 fnt
|faint|p1a: Ferrothorn
|
|-weather|none
|upkeep
|
|t:|1658866042
|switch|p1a: Victini|Victini|54/100
|turn|29
|
|t:|1658866046
|move|p1a: Victini|V-create|p2a: Tangrowth
|-supereffective|p2a: Tangrowth
|-damage|p2a: Tangrowth|18/100
|-unboost|p1a: Victini|spe|1
|-unboost|p1a: Victini|def|1
|-unboost|p1a: Victini|spd|1
|-damage|p1a: Victini|37/100|[from] item: Rocky Helmet|[of] p2a: Tangrowth
|move|p2a: Tangrowth|Knock Off|p1a: Victini
|-supereffective|p1a: Victini
|-damage|p1a: Victini|0 fnt
|-enditem|p1a: Victini|Heavy-Duty Boots|[from] move: Knock Off|[of] p2a: Tangrowth
|faint|p1a: Victini
|
|upkeep
|inactive|lou dort has 120 seconds left.
|
|t:|1658866084
|switch|p1a: Landorus|Landorus-Therian, M|60/100
|-damage|p1a: Landorus|48/100|[from] Stealth Rock
|-ability|p1a: Landorus|Intimidate|boost
|-unboost|p2a: Tangrowth|atk|1
|turn|30
|
|t:|1658866088
|switch|p2a: Pelipper|Pelipper, M|67/100 tox
|-weather|RainDance|[from] ability: Drizzle|[of] p2a: Pelipper
|move|p1a: Landorus|Defog|p2a: Pelipper
|-unboost|p2a: Pelipper|evasion|1
|-sideend|p1: lou dort|Stealth Rock|[from] move: Defog|[of] p1a: Landorus
|
|-weather|RainDance|[upkeep]
|-heal|p1a: Landorus|54/100|[from] item: Leftovers
|-damage|p2a: Pelipper|61/100 tox|[from] psn
|upkeep
|turn|31
|
|t:|1658866090
|move|p1a: Landorus|U-turn|p2a: Pelipper
|-resisted|p2a: Pelipper
|-damage|p2a: Pelipper|52/100 tox
|
|t:|1658866092
|switch|p1a: Tapu Fini|Tapu Fini|82/100|[from]move: U-turn
|-fieldstart|move: Misty Terrain|[from] ability: Misty Surge|[of] p1a: Tapu Fini
|move|p2a: Pelipper|U-turn|p1a: Tapu Fini
|-resisted|p1a: Tapu Fini
|-damage|p1a: Tapu Fini|79/100
|
|t:|1658866098
|switch|p2a: Starmie|Starmie|71/100|[from]move: U-turn
|
|-weather|RainDance|[upkeep]
|-heal|p1a: Tapu Fini|85/100|[from] item: Leftovers
|upkeep
|turn|32
|
|t:|1658866102
|move|p1a: Tapu Fini|Moonblast|p2a: Starmie
|-damage|p2a: Starmie|46/100
|move|p2a: Starmie|Teleport|p2a: Starmie
|
|t:|1658866106
|switch|p2a: Barraskewda|Barraskewda, M|50/100|[from]move: Teleport
|
|-weather|RainDance|[upkeep]
|-heal|p1a: Tapu Fini|91/100|[from] item: Leftovers
|upkeep
|turn|33
|
|t:|1658866108
|move|p1a: Tapu Fini|Protect|p1a: Tapu Fini
|-singleturn|p1a: Tapu Fini|Protect
|move|p2a: Barraskewda|Flip Turn|p1a: Tapu Fini
|-activate|p1a: Tapu Fini|move: Protect
|
|-weather|RainDance|[upkeep]
|-heal|p1a: Tapu Fini|97/100|[from] item: Leftovers
|upkeep
|turn|34
|
|t:|1658866113
|move|p2a: Barraskewda|Flip Turn|p1a: Tapu Fini
|-resisted|p1a: Tapu Fini
|-damage|p1a: Tapu Fini|71/100
|
|t:|1658866117
|switch|p2a: Tangrowth|Tangrowth, F, shiny|51/100|[from]move: Flip Turn
|move|p1a: Tapu Fini|Knock Off|p2a: Tangrowth
|-damage|p2a: Tangrowth|43/100
|-damage|p1a: Tapu Fini|54/100|[from] item: Rocky Helmet|[of] p2a: Tangrowth
|-enditem|p2a: Tangrowth|Rocky Helmet|[from] move: Knock Off|[of] p1a: Tapu Fini
|
|-weather|RainDance|[upkeep]
|-heal|p1a: Tapu Fini|61/100|[from] item: Leftovers
|upkeep
|turn|35
|
|t:|1658866120
|move|p1a: Tapu Fini|Moonblast|p2a: Tangrowth
|-damage|p2a: Tangrowth|0 fnt
|faint|p2a: Tangrowth
|
|-weather|RainDance|[upkeep]
|-heal|p1a: Tapu Fini|67/100|[from] item: Leftovers
|-fieldend|Misty Terrain
|upkeep
|
|t:|1658866125
|switch|p2a: Clefable|Clefable, F, shiny|12/100
|turn|36
|
|t:|1658866127
|move|p1a: Tapu Fini|Moonblast|p2a: Clefable
|-damage|p2a: Clefable|0 fnt
|faint|p2a: Clefable
|
|-weather|RainDance|[upkeep]
|-heal|p1a: Tapu Fini|73/100|[from] item: Leftovers
|upkeep
|-message|ViniGee forfeited.
|
|win|lou dort
|raw|lou dort's rating: 1448 &rarr; <strong>1471</strong><br />(+23 for winning)
|raw|ViniGee's rating: 1504 &rarr; <strong>1481</strong><br />(-23 for losing)
|l|☆ViniGee
