|j|☆2(H2O)-Alt
|j|☆Amirdebbie
|t:|1655568272
|gametype|singles
|player|p1|2(H2O)-Alt|lady|1652
|player|p2|Amirdebbie|ash|1631
|teamsize|p1|6
|teamsize|p2|6
|gen|8
|tier|[Gen 8] OU
|rated|
|rule|Sleep Clause Mod: Limit one foe put to sleep
|rule|Species Clause: Limit one of each Pokémon
|rule|OHKO Clause: OHKO moves are banned
|rule|Evasion Moves Clause: Evasion moves are banned
|rule|Endless Battle Clause: Forcing endless battles is banned
|rule|HP Percentage Mod: HP is shown in percentages
|rule|Dynamax Clause: You cannot dynamax
|clearpoke
|poke|p1|Tapu Lele|
|poke|p1|Victini|
|poke|p1|Melmetal|
|poke|p1|Landorus-Therian, M|
|poke|p1|Urshifu-*, M|
|poke|p1|Dragonite, M|
|poke|p2|Ditto|
|poke|p2|Clefable, M|
|poke|p2|Corviknight, F|
|poke|p2|Toxapex, F|
|poke|p2|Blissey, F|
|poke|p2|Shedinja|
|teampreview
|inactive|Battle timer is ON: inactive players will automatically lose when time's up. (requested by Amirdebbie)
|
|t:|1655568288
|start
|switch|p1a: Tapu Lele|Tapu Lele|100/100
|switch|p2a: Toxapex|Toxapex, F|100/100
|-fieldstart|move: Psychic Terrain|[from] ability: Psychic Surge|[of] p1a: Tapu Lele
|turn|1
|inactive|Amirdebbie has 120 seconds left.
|j| GoldenStateIdiots
|
|t:|1655568328
|switch|p2a: Shedinja|Shedinja|100/100
|move|p1a: Tapu Lele|Future Sight|p2a: Shedinja
|-start|p1a: Tapu Lele|move: Future Sight
|
|upkeep
|turn|2
|inactive|Amirdebbie has 120 seconds left.
|
|t:|1655568337
|switch|p1a: Landorus|Landorus-Therian, M|100/100
|-ability|p1a: Landorus|Intimidate|boost
|-unboost|p2a: Shedinja|atk|1
|move|p2a: Shedinja|Toxic|p1a: Landorus
|-status|p1a: Landorus|tox
|
|-damage|p1a: Landorus|94/100 tox|[from] psn
|upkeep
|turn|3
|
|t:|1655568342
|move|p2a: Shedinja|Protect|p2a: Shedinja
|-singleturn|p2a: Shedinja|Protect
|move|p1a: Landorus|Toxic|p2a: Shedinja
|-activate|p2a: Shedinja|move: Protect
|
|-end|p2a: Shedinja|move: Future Sight
|-immune|p2a: Shedinja|[from] ability: Wonder Guard
|-heal|p1a: Landorus|100/100 tox|[from] item: Leftovers
|-damage|p1a: Landorus|88/100 tox|[from] psn
|upkeep
|turn|4
|
|t:|1655568347
|switch|p1a: Victini|Victini|100/100
|switch|p2a: Corviknight|Corviknight, F|100/100
|-ability|p2a: Corviknight|Pressure
|
|upkeep
|turn|5
|
|t:|1655568351
|switch|p2a: Toxapex|Toxapex, F|100/100
|move|p1a: Victini|Expanding Force|p2a: Toxapex
|-supereffective|p2a: Toxapex
|-damage|p2a: Toxapex|17/100
|
|-fieldend|move: Psychic Terrain
|upkeep
|turn|6
|
|t:|1655568355
|switch|p2a: Blissey|Blissey, F|100/100
|move|p1a: Victini|V-create|p2a: Blissey
|-damage|p2a: Blissey|35/100
|-unboost|p1a: Victini|spe|1
|-unboost|p1a: Victini|def|1
|-unboost|p1a: Victini|spd|1
|
|upkeep
|turn|7
|
|t:|1655568361
|switch|p2a: Toxapex|Toxapex, F|50/100
|move|p1a: Victini|V-create|p2a: Toxapex
|-resisted|p2a: Toxapex
|-damage|p2a: Toxapex|27/100
|-unboost|p1a: Victini|spe|1
|-unboost|p1a: Victini|def|1
|-unboost|p1a: Victini|spd|1
|-damage|p1a: Victini|84/100|[from] item: Rocky Helmet|[of] p2a: Toxapex
|
|upkeep
|turn|8
|
|t:|1655568373
|move|p1a: Victini|Expanding Force|p2a: Toxapex
|-supereffective|p2a: Toxapex
|-damage|p2a: Toxapex|0 fnt
|faint|p2a: Toxapex
|
|upkeep
|
|t:|1655568375
|switch|p2a: Ditto|Ditto, shiny|100/100
|-transform|p2a: Ditto|p1a: Victini|[from] ability: Imposter
|-item|p2a: Ditto|Air Balloon
|turn|9
|
|t:|1655568382
|switch|p1a: Landorus|Landorus-Therian, M|88/100 tox
|-ability|p1a: Landorus|Intimidate|boost
|-unboost|p2a: Ditto|atk|1
|move|p2a: Ditto|U-turn|p1a: Landorus
|-resisted|p1a: Landorus
|-damage|p1a: Landorus|82/100 tox
|
|t:|1655568387
|switch|p2a: Clefable|Clefable, M|100/100|[from]move: U-turn
|
|-heal|p1a: Landorus|88/100 tox|[from] item: Leftovers
|-damage|p1a: Landorus|82/100 tox|[from] psn
|upkeep
|turn|10
|j| test w ints
|
|t:|1655568390
|switch|p1a: Melmetal|Melmetal|100/100
|move|p2a: Clefable|Calm Mind|p2a: Clefable
|-boost|p2a: Clefable|spa|1
|-boost|p2a: Clefable|spd|1
|
|upkeep
|turn|11
|
|t:|1655568395
|switch|p2a: Shedinja|Shedinja|100/100
|switch|p1a: Victini|Victini|84/100
|
|upkeep
|turn|12
|
|t:|1655568398
|switch|p2a: Clefable|Clefable, M|100/100
|move|p1a: Victini|Bolt Strike|p2a: Clefable
|-damage|p2a: Clefable|73/100
|
|upkeep
|turn|13
|l| test w ints
|
|t:|1655568401
|move|p1a: Victini|V-create|p2a: Clefable
|-damage|p2a: Clefable|16/100
|-unboost|p1a: Victini|spe|1
|-unboost|p1a: Victini|def|1
|-unboost|p1a: Victini|spd|1
|move|p2a: Clefable|Soft-Boiled|p2a: Clefable
|-heal|p2a: Clefable|66/100
|
|upkeep
|turn|14
|
|t:|1655568404
|move|p1a: Victini|V-create|p2a: Clefable
|-damage|p2a: Clefable|5/100
|-unboost|p1a: Victini|spe|1
|-unboost|p1a: Victini|def|1
|-unboost|p1a: Victini|spd|1
|move|p2a: Clefable|Soft-Boiled|p2a: Clefable
|-heal|p2a: Clefable|55/100
|
|upkeep
|turn|15
|
|t:|1655568408
|move|p1a: Victini|V-create|p2a: Clefable
|-damage|p2a: Clefable|0 fnt
|-unboost|p1a: Victini|spe|1
|-unboost|p1a: Victini|def|1
|-unboost|p1a: Victini|spd|1
|faint|p2a: Clefable
|
|upkeep
|-message|Amirdebbie forfeited.
|
|win|2(H2O)-Alt
|raw|2(H2O)-Alt's rating: 1652 &rarr; <strong>1671</strong><br />(+19 for winning)
|raw|Amirdebbie's rating: 1631 &rarr; <strong>1612</strong><br />(-19 for losing)
|l|☆Amirdebbie
