|html|<div class="broadcast-blue"><strong>[Gen 8] OU is currently suspecting Melmetal! For information on how to participate check out the <a href="https://www.smogon.com/forums/threads/np-ss-ou-suspect-process-round-12-monster-mash.3709234/">suspect thread</a>.</strong></div>
|j|☆i know im horrible
|j|☆yaboi2468
|t:|1666170399
|gametype|singles
|player|p1|i know im horrible|1|1451
|player|p2|yaboi2468|bruno|1492
|teamsize|p1|6
|teamsize|p2|6
|gen|8
|tier|[Gen 8] OU
|rated|
|rule|Sleep Clause Mod: Limit one foe put to sleep
|rule|Species Clause: Limit one of each Pokémon
|rule|OHKO Clause: OHKO moves are banned
|rule|Evasion Items Clause: Evasion items are banned
|rule|Evasion Moves Clause: Evasion moves are banned
|rule|Endless Battle Clause: Forcing endless battles is banned
|rule|HP Percentage Mod: HP is shown in percentages
|rule|Dynamax Clause: You cannot dynamax
|clearpoke
|poke|p1|Ribombee, M|
|poke|p1|Kartana|
|poke|p1|Tapu Lele|
|poke|p1|Landorus-Therian, M|
|poke|p1|Jirachi|
|poke|p1|Kommo-o, F|
|poke|p2|Toxtricity, F|
|poke|p2|Landorus-Therian, M|
|poke|p2|Slowbro, M|
|poke|p2|Kartana|
|poke|p2|Dragapult, M|
|poke|p2|Blissey, F|
|teampreview
|inactive|Battle timer is ON: inactive players will automatically lose when time's up. (requested by yaboi2468)
|
|t:|1666170415
|start
|switch|p1a: Ribombee|Ribombee, M|100/100
|switch|p2a: Toxtricity|Toxtricity, F|100/100
|turn|1
|
|t:|1666170421
|move|p1a: Ribombee|Sticky Web|p2a: Toxtricity
|-sidestart|p2: yaboi2468|move: Sticky Web
|move|p2a: Toxtricity|Volt Switch|p1a: Ribombee
|-damage|p1a: Ribombee|9/100
|
|t:|1666170441
|switch|p2a: Dragapult|Dragapult, M|100/100|[from]move: Volt Switch
|-activate|p2a: Dragapult|move: Sticky Web
|-fail|p2a: Dragapult|unboost|[from] ability: Clear Body|[of] p2a: Dragapult
|
|upkeep
|turn|2
|
|t:|1666170452
|move|p2a: Dragapult|Substitute|p2a: Dragapult
|-start|p2a: Dragapult|Substitute
|-damage|p2a: Dragapult|76/100
|move|p1a: Ribombee|Stun Spore|p2a: Dragapult|[miss]
|-miss|p1a: Ribombee|p2a: Dragapult
|
|-heal|p2a: Dragapult|82/100|[from] item: Leftovers
|upkeep
|turn|3
|
|t:|1666170464
|move|p2a: Dragapult|Fire Blast|p1a: Ribombee
|-supereffective|p1a: Ribombee
|-damage|p1a: Ribombee|0 fnt
|faint|p1a: Ribombee
|
|-heal|p2a: Dragapult|88/100|[from] item: Leftovers
|upkeep
|
|t:|1666170469
|switch|p1a: Jirachi|Jirachi|100/100
|turn|4
|
|t:|1666170481
|move|p2a: Dragapult|Fire Blast|p1a: Jirachi
|-supereffective|p1a: Jirachi
|-damage|p1a: Jirachi|49/100
|-enditem|p1a: Jirachi|Weakness Policy
|-boost|p1a: Jirachi|atk|2|[from] item: Weakness Policy
|-boost|p1a: Jirachi|spa|2|[from] item: Weakness Policy
|move|p1a: Jirachi|Iron Head|p2a: Dragapult
|-end|p2a: Dragapult|Substitute
|
|-heal|p2a: Dragapult|94/100|[from] item: Leftovers
|upkeep
|turn|5
|
|t:|1666170490
|move|p2a: Dragapult|Fire Blast|p1a: Jirachi
|-supereffective|p1a: Jirachi
|-damage|p1a: Jirachi|0 fnt
|faint|p1a: Jirachi
|
|-heal|p2a: Dragapult|99/100|[from] item: Leftovers
|upkeep
|
|t:|1666170493
|switch|p1a: Tapu Lele|Tapu Lele|100/100
|-fieldstart|move: Psychic Terrain|[from] ability: Psychic Surge|[of] p1a: Tapu Lele
|turn|6
|
|t:|1666170500
|switch|p2a: Blissey|Blissey, F|100/100
|move|p1a: Tapu Lele|Psyshock|p2a: Blissey
|-damage|p2a: Blissey|27/100
|
|upkeep
|turn|7
|
|t:|1666170505
|switch|p2a: Slowbro|Slowbro, M|100/100
|-activate|p2a: Slowbro|move: Sticky Web
|-unboost|p2a: Slowbro|spe|1
|move|p1a: Tapu Lele|Psyshock|p2a: Slowbro
|-resisted|p2a: Slowbro
|-crit|p2a: Slowbro
|-damage|p2a: Slowbro|62/100
|
|upkeep
|turn|8
|
|t:|1666170517
|move|p1a: Tapu Lele|Psyshock|p2a: Slowbro
|-resisted|p2a: Slowbro
|-damage|p2a: Slowbro|39/100
|move|p2a: Slowbro|Teleport|p2a: Slowbro
|
|t:|1666170521
|switch|p2a: Kartana|Kartana|100/100|[from]move: Teleport
|-activate|p2a: Kartana|move: Sticky Web
|-unboost|p2a: Kartana|spe|1
|
|upkeep
|turn|9
|
|t:|1666170530
|switch|p1a: Landorus|Landorus-Therian, M|100/100
|-ability|p1a: Landorus|Intimidate|boost
|-unboost|p2a: Kartana|atk|1
|move|p2a: Kartana|Knock Off|p1a: Landorus
|-damage|p1a: Landorus|74/100
|-enditem|p1a: Landorus|Leftovers|[from] move: Knock Off|[of] p2a: Kartana
|
|upkeep
|turn|10
|
|t:|1666170540
|switch|p2a: Landorus|Landorus-Therian, M|100/100
|-ability|p2a: Landorus|Intimidate|boost
|-unboost|p1a: Landorus|atk|1
|move|p1a: Landorus|Bulk Up|p1a: Landorus
|-boost|p1a: Landorus|atk|1
|-boost|p1a: Landorus|def|1
|
|-fieldend|move: Psychic Terrain
|upkeep
|turn|11
|
|t:|1666170546
|move|p1a: Landorus|Substitute|p1a: Landorus
|-start|p1a: Landorus|Substitute
|-damage|p1a: Landorus|49/100
|move|p2a: Landorus|Defog|p1a: Landorus
|-sideend|p2: yaboi2468|Sticky Web|[from] move: Defog|[of] p2a: Landorus
|
|upkeep
|turn|12
|
|t:|1666170549
|move|p1a: Landorus|Bulk Up|p1a: Landorus
|-boost|p1a: Landorus|atk|1
|-boost|p1a: Landorus|def|1
|move|p2a: Landorus|U-turn|p1a: Landorus
|-resisted|p1a: Landorus
|-activate|p1a: Landorus|move: Substitute|[damage]
|
|t:|1666170562
|switch|p2a: Dragapult|Dragapult, M|99/100|[from]move: U-turn
|
|-heal|p2a: Dragapult|100/100|[from] item: Leftovers
|upkeep
|turn|13
|
|t:|1666170565
|move|p2a: Dragapult|Fire Blast|p1a: Landorus
|-end|p1a: Landorus|Substitute
|move|p1a: Landorus|Earthquake|p2a: Dragapult
|-damage|p2a: Dragapult|0 fnt
|faint|p2a: Dragapult
|
|upkeep
|
|t:|1666170577
|switch|p2a: Slowbro|Slowbro, M|72/100
|turn|14
|
|t:|1666170580
|move|p1a: Landorus|Earthquake|p2a: Slowbro
|-damage|p2a: Slowbro|27/100
|move|p2a: Slowbro|Scald|p1a: Landorus
|-supereffective|p1a: Landorus
|-damage|p1a: Landorus|0 fnt
|faint|p1a: Landorus
|
|upkeep
|
|t:|1666170583
|switch|p1a: Kartana|Kartana|100/100
|turn|15
|
|t:|1666170588
|switch|p2a: Landorus|Landorus-Therian, M|100/100
|-ability|p2a: Landorus|Intimidate|boost
|-unboost|p1a: Kartana|atk|1
|-enditem|p1a: Kartana|Adrenaline Orb
|-boost|p1a: Kartana|spe|1|[from] item: Adrenaline Orb
|move|p1a: Kartana|Swords Dance|p1a: Kartana
|-boost|p1a: Kartana|atk|2
|
|upkeep
|turn|16
|
|t:|1666170603
|move|p1a: Kartana|Swords Dance|p1a: Kartana
|-boost|p1a: Kartana|atk|2
|move|p2a: Landorus|U-turn|p1a: Kartana
|-damage|p1a: Kartana|77/100
|
|t:|1666170615
|switch|p2a: Kartana|Kartana|100/100|[from]move: U-turn
|
|upkeep
|turn|17
|c|☆i know im horrible|i looooove speed ties
|
|t:|1666170619
|move|p2a: Kartana|Sacred Sword|p1a: Kartana
|-supereffective|p1a: Kartana
|-damage|p1a: Kartana|0 fnt
|faint|p1a: Kartana
|-ability|p2a: Kartana|Beast Boost|boost
|-boost|p2a: Kartana|atk|1
|
|upkeep
|c|☆i know im horrible|i fucking love speed ties
|
|t:|1666170628
|switch|p1a: Tapu Lele|Tapu Lele|100/100
|-fieldstart|move: Psychic Terrain|[from] ability: Psychic Surge|[of] p1a: Tapu Lele
|turn|18
|c|☆yaboi2468|lmao
|
|t:|1666170652
|switch|p2a: Blissey|Blissey, F|27/100
|switch|p1a: Kommo-o|Kommo-o, F|100/100
|
|upkeep
|turn|19
|
|t:|1666170662
|move|p1a: Kommo-o|Substitute|p1a: Kommo-o
|-start|p1a: Kommo-o|Substitute
|-damage|p1a: Kommo-o|75/100
|move|p2a: Blissey|Thunder Wave||[still]
|-fail|p2a: Blissey
|
|upkeep
|turn|20
|
|t:|1666170668
|move|p1a: Kommo-o|Belly Drum|p1a: Kommo-o
|-damage|p1a: Kommo-o|25/100
|-setboost|p1a: Kommo-o|atk|6|[from] move: Belly Drum
|-enditem|p1a: Kommo-o|Salac Berry|[eat]
|-boost|p1a: Kommo-o|spe|1|[from] item: Salac Berry
|move|p2a: Blissey|Seismic Toss|p1a: Kommo-o
|-end|p1a: Kommo-o|Substitute
|
|upkeep
|turn|21
|
|t:|1666170674
|move|p1a: Kommo-o|Drain Punch|p2a: Blissey
|-supereffective|p2a: Blissey
|-damage|p2a: Blissey|0 fnt
|-heal|p1a: Kommo-o|58/100|[from] drain|[of] p2a: Blissey
|faint|p2a: Blissey
|
|upkeep
|
|t:|1666170693
|switch|p2a: Slowbro|Slowbro, M|60/100
|turn|22
|
|t:|1666170700
|move|p1a: Kommo-o|Thunder Punch|p2a: Slowbro
|-supereffective|p2a: Slowbro
|-damage|p2a: Slowbro|0 fnt
|-damage|p1a: Kommo-o|42/100|[from] item: Rocky Helmet|[of] p2a: Slowbro
|faint|p2a: Slowbro
|
|-fieldend|move: Psychic Terrain
|upkeep
|
|t:|1666170704
|switch|p2a: Kartana|Kartana|100/100
|turn|23
|
|t:|1666170711
|move|p2a: Kartana|Smart Strike|p1a: Kommo-o
|-crit|p1a: Kommo-o
|-damage|p1a: Kommo-o|0 fnt
|faint|p1a: Kommo-o
|-ability|p2a: Kartana|Beast Boost|boost
|-boost|p2a: Kartana|atk|1
|
|upkeep
|-message|i know im horrible forfeited.
|
|win|yaboi2468
|raw|i know im horrible's rating: 1451 &rarr; <strong>1433</strong><br />(-18 for losing)
|raw|yaboi2468's rating: 1492 &rarr; <strong>1510</strong><br />(+18 for winning)
|l|☆i know im horrible
