|j|☆Gelbel3c
|j|☆thounss
|player|p1|Gelbel3c|mina|1663
|player|p2|thounss|265|1676
|teamsize|p1|6
|teamsize|p2|6
|gametype|singles
|gen|8
|tier|[Gen 8] OU
|rated|
|clearpoke
|poke|p1|Vanilluxe, F|
|poke|p1|Hatterene, F|
|poke|p1|Seismitoad, F|
|poke|p1|Corviknight, F|
|poke|p1|Grimmsnarl, M|
|poke|p1|Rotom-Heat|
|poke|p2|Seismitoad, M|
|poke|p2|Bisharp, F|
|poke|p2|Clefable, M|
|poke|p2|Corviknight, F|
|poke|p2|Dragapult, M|
|poke|p2|Dugtrio, M|
|rule|Sleep Clause Mod: Limit one foe put to sleep
|rule|Species Clause: Limit one of each Pokémon
|rule|OHKO Clause: OHKO moves are banned
|rule|Evasion Moves Clause: Evasion moves are banned
|rule|Endless Battle Clause: Forcing endless battles is banned
|rule|HP Percentage Mod: HP is shown in percentages
|rule|Dynamax Clause: You cannot dynamax
|teampreview
|inactive|Battle timer is ON: inactive players will automatically lose when time's up. (requested by Gelbel3c)
|
|start
|switch|p1a: Vanilluxe|Vanilluxe, F|100/100
|switch|p2a: Bisharp|Bisharp, F|100/100
|-weather|Hail|[from] ability: Snow Warning|[of] p1a: Vanilluxe
|turn|1
|
|switch|p1a: Seismitoad|Seismitoad, F|100/100
|move|p2a: Bisharp|Iron Head|p1a: Seismitoad
|-resisted|p1a: Seismitoad
|-damage|p1a: Seismitoad|75/100
|
|-weather|Hail|[upkeep]
|-damage|p2a: Bisharp|95/100|[from] Hail
|-damage|p1a: Seismitoad|69/100|[from] Hail
|-heal|p1a: Seismitoad|75/100|[from] item: Leftovers
|upkeep
|turn|2
|
|switch|p2a: Seismitoad|Seismitoad, M|100/100
|move|p1a: Seismitoad|Stealth Rock|p2a: Seismitoad
|-sidestart|p2: thounss|move: Stealth Rock
|
|-weather|Hail|[upkeep]
|-damage|p2a: Seismitoad|94/100|[from] Hail
|-damage|p1a: Seismitoad|69/100|[from] Hail
|-heal|p2a: Seismitoad|100/100|[from] item: Leftovers
|-heal|p1a: Seismitoad|75/100|[from] item: Leftovers
|upkeep
|turn|3
|j| Ethanoide
|
|switch|p1a: Hatterene|Hatterene, F|100/100
|move|p2a: Seismitoad|Earthquake|p1a: Hatterene
|-damage|p1a: Hatterene|59/100
|
|-weather|Hail|[upkeep]
|-damage|p2a: Seismitoad|94/100|[from] Hail
|-damage|p1a: Hatterene|53/100|[from] Hail
|-heal|p2a: Seismitoad|100/100|[from] item: Leftovers
|-heal|p1a: Hatterene|59/100|[from] item: Leftovers
|upkeep
|turn|4
|
|move|p2a: Seismitoad|Earthquake|p1a: Hatterene
|-damage|p1a: Hatterene|18/100
|move|p1a: Hatterene|Draining Kiss|p2a: Seismitoad
|-damage|p2a: Seismitoad|78/100
|-heal|p1a: Hatterene|40/100|[from] drain|[of] p2a: Seismitoad
|
|-weather|Hail|[upkeep]
|-damage|p2a: Seismitoad|72/100|[from] Hail
|-damage|p1a: Hatterene|34/100|[from] Hail
|-heal|p2a: Seismitoad|78/100|[from] item: Leftovers
|-heal|p1a: Hatterene|40/100|[from] item: Leftovers
|upkeep
|turn|5
|
|switch|p1a: Vanilluxe|Vanilluxe, F|100/100
|move|p2a: Seismitoad|Earthquake|p1a: Vanilluxe
|-damage|p1a: Vanilluxe|25/100
|
|-weather|none
|-heal|p2a: Seismitoad|85/100|[from] item: Leftovers
|upkeep
|turn|6
|
|switch|p2a: Clefable|Clefable, M|100/100
|move|p1a: Vanilluxe|Freeze-Dry|p2a: Clefable
|-damage|p2a: Clefable|72/100
|
|-heal|p2a: Clefable|78/100|[from] item: Leftovers
|upkeep
|turn|7
|
|switch|p1a: Rotom|Rotom-Heat|100/100
|move|p2a: Clefable|Moonblast|p1a: Rotom
|-resisted|p1a: Rotom
|-damage|p1a: Rotom|81/100
|
|-heal|p2a: Clefable|84/100|[from] item: Leftovers
|upkeep
|turn|8
|
|switch|p2a: Seismitoad|Seismitoad, M|85/100
|-damage|p2a: Seismitoad|78/100|[from] Stealth Rock
|move|p1a: Rotom|Trick|p2a: Seismitoad
|-activate|p1a: Rotom|move: Trick|[of] p2a: Seismitoad
|-item|p2a: Seismitoad|Choice Scarf|[from] move: Trick
|-item|p1a: Rotom|Leftovers|[from] move: Trick
|
|-heal|p1a: Rotom|87/100|[from] item: Leftovers
|upkeep
|turn|9
|
|switch|p1a: Corviknight|Corviknight, F|100/100
|-ability|p1a: Corviknight|Pressure
|move|p2a: Seismitoad|Earthquake|p1a: Corviknight
|-immune|p1a: Corviknight
|
|upkeep
|turn|10
|
|switch|p2a: Corviknight|Corviknight, F|100/100
|-damage|p2a: Corviknight|88/100|[from] Stealth Rock
|-ability|p2a: Corviknight|Pressure
|move|p1a: Corviknight|U-turn|p2a: Corviknight
|-resisted|p2a: Corviknight
|-damage|p2a: Corviknight|85/100
|
|switch|p1a: Rotom|Rotom-Heat|87/100|[from]move: U-turn
|
|-heal|p1a: Rotom|93/100|[from] item: Leftovers
|-heal|p2a: Corviknight|91/100|[from] item: Leftovers
|upkeep
|turn|11
|
|move|p1a: Rotom|Overheat|p2a: Corviknight
|-supereffective|p2a: Corviknight
|-damage|p2a: Corviknight|0 fnt
|-unboost|p1a: Rotom|spa|2
|faint|p2a: Corviknight
|
|-heal|p1a: Rotom|99/100|[from] item: Leftovers
|upkeep
|
|switch|p2a: Dragapult|Dragapult, M|100/100
|-damage|p2a: Dragapult|88/100|[from] Stealth Rock
|turn|12
|
|switch|p1a: Grimmsnarl|Grimmsnarl, M|100/100
|move|p2a: Dragapult|U-turn|p1a: Grimmsnarl
|-damage|p1a: Grimmsnarl|79/100
|
|switch|p2a: Bisharp|Bisharp, F|95/100|[from]move: U-turn
|-damage|p2a: Bisharp|89/100|[from] Stealth Rock
|
|-heal|p1a: Grimmsnarl|85/100|[from] item: Leftovers
|upkeep
|turn|13
|
|switch|p1a: Seismitoad|Seismitoad, F|75/100
|move|p2a: Bisharp|Throat Chop|p1a: Seismitoad
|-damage|p1a: Seismitoad|28/100
|-start|p1a: Seismitoad|Throat Chop|[silent]
|
|-heal|p1a: Seismitoad|34/100|[from] item: Leftovers
|upkeep
|turn|14
|
|switch|p1a: Grimmsnarl|Grimmsnarl, M|85/100
|move|p2a: Bisharp|Throat Chop|p1a: Grimmsnarl
|-resisted|p1a: Grimmsnarl
|-damage|p1a: Grimmsnarl|66/100
|-start|p1a: Grimmsnarl|Throat Chop|[silent]
|
|-heal|p1a: Grimmsnarl|72/100|[from] item: Leftovers
|upkeep
|turn|15
|
|switch|p2a: Clefable|Clefable, M|84/100
|move|p1a: Grimmsnarl|Spirit Break|p2a: Clefable
|-damage|p2a: Clefable|57/100
|-unboost|p2a: Clefable|spa|1
|
|-heal|p1a: Grimmsnarl|78/100|[from] item: Leftovers
|-heal|p2a: Clefable|64/100|[from] item: Leftovers
|-end|p1a: Grimmsnarl|Throat Chop|[silent]
|upkeep
|turn|16
|
|switch|p1a: Hatterene|Hatterene, F|40/100
|move|p2a: Clefable|Moonblast|p1a: Hatterene
|-damage|p1a: Hatterene|19/100
|
|-heal|p2a: Clefable|70/100|[from] item: Leftovers
|-heal|p1a: Hatterene|25/100|[from] item: Leftovers
|upkeep
|turn|17
|
|move|p2a: Clefable|Moonblast|p1a: Hatterene
|-damage|p1a: Hatterene|5/100
|move|p1a: Hatterene|Draining Kiss|p2a: Clefable
|-damage|p2a: Clefable|51/100
|-heal|p1a: Hatterene|23/100|[from] drain|[of] p2a: Clefable
|
|-heal|p2a: Clefable|57/100|[from] item: Leftovers
|-heal|p1a: Hatterene|29/100|[from] item: Leftovers
|upkeep
|turn|18
|
|switch|p1a: Rotom|Rotom-Heat|99/100
|move|p2a: Clefable|Moonblast|p1a: Rotom
|-resisted|p1a: Rotom
|-damage|p1a: Rotom|85/100
|-unboost|p1a: Rotom|spa|1
|
|-heal|p1a: Rotom|91/100|[from] item: Leftovers
|-heal|p2a: Clefable|63/100|[from] item: Leftovers
|upkeep
|turn|19
|
|move|p1a: Rotom|Nasty Plot|p1a: Rotom
|-boost|p1a: Rotom|spa|2
|move|p2a: Clefable|Wish|p2a: Clefable
|
|-heal|p1a: Rotom|97/100|[from] item: Leftovers
|-heal|p2a: Clefable|69/100|[from] item: Leftovers
|upkeep
|turn|20
|
|switch|p2a: Seismitoad|Seismitoad, M|78/100
|-damage|p2a: Seismitoad|72/100|[from] Stealth Rock
|move|p1a: Rotom|Overheat|p2a: Seismitoad
|-resisted|p2a: Seismitoad
|-damage|p2a: Seismitoad|27/100
|-unboost|p1a: Rotom|spa|2
|
|-heal|p2a: Seismitoad|74/100|[from] move: Wish|[wisher] Clefable
|-heal|p1a: Rotom|100/100|[from] item: Leftovers
|upkeep
|turn|21
|
|switch|p1a: Hatterene|Hatterene, F|29/100
|move|p2a: Seismitoad|Stealth Rock|p1a: Hatterene
|move|p1a: Hatterene|Stealth Rock||[from]Magic Bounce|[still]
|-fail|p1a: Hatterene
|
|-heal|p1a: Hatterene|35/100|[from] item: Leftovers
|upkeep
|turn|22
|
|switch|p2a: Clefable|Clefable, M|69/100
|move|p1a: Hatterene|Draining Kiss|p2a: Clefable
|-damage|p2a: Clefable|53/100
|-heal|p1a: Hatterene|50/100|[from] drain|[of] p2a: Clefable
|
|-heal|p2a: Clefable|59/100|[from] item: Leftovers
|-heal|p1a: Hatterene|56/100|[from] item: Leftovers
|upkeep
|turn|23
|
|move|p2a: Clefable|Moonblast|p1a: Hatterene
|-damage|p1a: Hatterene|22/100
|move|p1a: Hatterene|Calm Mind|p1a: Hatterene
|-boost|p1a: Hatterene|spa|1
|-boost|p1a: Hatterene|spd|1
|
|-heal|p2a: Clefable|65/100|[from] item: Leftovers
|-heal|p1a: Hatterene|28/100|[from] item: Leftovers
|upkeep
|turn|24
|
|move|p2a: Clefable|Moonblast|p1a: Hatterene
|-damage|p1a: Hatterene|8/100
|-unboost|p1a: Hatterene|spa|1
|move|p1a: Hatterene|Draining Kiss|p2a: Clefable
|-damage|p2a: Clefable|46/100
|-heal|p1a: Hatterene|25/100|[from] drain|[of] p2a: Clefable
|
|-heal|p2a: Clefable|52/100|[from] item: Leftovers
|-heal|p1a: Hatterene|31/100|[from] item: Leftovers
|upkeep
|turn|25
|
|move|p2a: Clefable|Moonblast|p1a: Hatterene
|-damage|p1a: Hatterene|10/100
|move|p1a: Hatterene|Draining Kiss|p2a: Clefable
|-damage|p2a: Clefable|33/100
|-heal|p1a: Hatterene|28/100|[from] drain|[of] p2a: Clefable
|
|-heal|p2a: Clefable|39/100|[from] item: Leftovers
|-heal|p1a: Hatterene|34/100|[from] item: Leftovers
|upkeep
|turn|26
|
|move|p2a: Clefable|Moonblast|p1a: Hatterene
|-damage|p1a: Hatterene|13/100
|move|p1a: Hatterene|Draining Kiss|p2a: Clefable
|-damage|p2a: Clefable|23/100
|-heal|p1a: Hatterene|28/100|[from] drain|[of] p2a: Clefable
|
|-heal|p2a: Clefable|29/100|[from] item: Leftovers
|-heal|p1a: Hatterene|34/100|[from] item: Leftovers
|upkeep
|turn|27
|
|move|p2a: Clefable|Wish|p2a: Clefable
|move|p1a: Hatterene|Psyshock|p2a: Clefable
|-damage|p2a: Clefable|0 fnt
|faint|p2a: Clefable
|
|-heal|p1a: Hatterene|40/100|[from] item: Leftovers
|upkeep
|
|switch|p2a: Dugtrio|Dugtrio, M|100/100
|-damage|p2a: Dugtrio|94/100|[from] Stealth Rock
|turn|28
|
|move|p2a: Dugtrio|Earthquake|p1a: Hatterene
|-damage|p1a: Hatterene|3/100
|move|p1a: Hatterene|Psyshock|p2a: Dugtrio
|-damage|p2a: Dugtrio|0 fnt
|faint|p2a: Dugtrio
|
|-heal|p1a: Hatterene|9/100|[from] item: Leftovers
|upkeep
|
|switch|p2a: Dragapult|Dragapult, M|88/100
|-damage|p2a: Dragapult|76/100|[from] Stealth Rock
|turn|29
|
|switch|p1a: Grimmsnarl|Grimmsnarl, M|78/100
|move|p2a: Dragapult|U-turn|p1a: Grimmsnarl
|-damage|p1a: Grimmsnarl|58/100
|
|switch|p2a: Bisharp|Bisharp, F|89/100|[from]move: U-turn
|-damage|p2a: Bisharp|83/100|[from] Stealth Rock
|
|-heal|p1a: Grimmsnarl|64/100|[from] item: Leftovers
|upkeep
|turn|30
|
|switch|p1a: Seismitoad|Seismitoad, F|34/100
|move|p2a: Bisharp|Iron Head|p1a: Seismitoad
|-resisted|p1a: Seismitoad
|-damage|p1a: Seismitoad|8/100
|
|-heal|p1a: Seismitoad|14/100|[from] item: Leftovers
|upkeep
|turn|31
|
|switch|p1a: Corviknight|Corviknight, F|100/100
|-ability|p1a: Corviknight|Pressure
|move|p2a: Bisharp|Iron Head|p1a: Corviknight
|-resisted|p1a: Corviknight
|-damage|p1a: Corviknight|74/100
|
|-heal|p1a: Corviknight|80/100|[from] item: Leftovers
|upkeep
|turn|32
|
|move|p2a: Bisharp|Iron Head|p1a: Corviknight
|-resisted|p1a: Corviknight
|-damage|p1a: Corviknight|53/100
|cant|p1a: Corviknight|flinch
|
|-heal|p1a: Corviknight|60/100|[from] item: Leftovers
|upkeep
|turn|33
|
|switch|p2a: Dragapult|Dragapult, M|76/100
|-damage|p2a: Dragapult|64/100|[from] Stealth Rock
|move|p1a: Corviknight|Roost|p1a: Corviknight
|-heal|p1a: Corviknight|100/100
|-singleturn|p1a: Corviknight|move: Roost
|
|upkeep
|turn|34
|
|switch|p1a: Rotom|Rotom-Heat|100/100
|move|p2a: Dragapult|Thunderbolt|p1a: Rotom
|-resisted|p1a: Rotom
|-damage|p1a: Rotom|77/100
|
|-heal|p1a: Rotom|83/100|[from] item: Leftovers
|upkeep
|turn|35
|
|switch|p2a: Seismitoad|Seismitoad, M|74/100
|-damage|p2a: Seismitoad|68/100|[from] Stealth Rock
|switch|p1a: Seismitoad|Seismitoad, F|14/100
|
|-heal|p1a: Seismitoad|20/100|[from] item: Leftovers
|upkeep
|turn|36
|
|switch|p1a: Corviknight|Corviknight, F|100/100
|-ability|p1a: Corviknight|Pressure
|move|p2a: Seismitoad|Low Kick|p1a: Corviknight
|-damage|p1a: Corviknight|79/100
|
|-heal|p1a: Corviknight|85/100|[from] item: Leftovers
|upkeep
|turn|37
|
|move|p2a: Seismitoad|Low Kick|p1a: Corviknight
|-damage|p1a: Corviknight|65/100
|move|p1a: Corviknight|U-turn|p2a: Seismitoad
|-damage|p2a: Seismitoad|49/100
|
|switch|p1a: Hatterene|Hatterene, F|9/100|[from]move: U-turn
|
|-heal|p1a: Hatterene|15/100|[from] item: Leftovers
|upkeep
|turn|38
|
|switch|p2a: Bisharp|Bisharp, F|83/100
|-damage|p2a: Bisharp|77/100|[from] Stealth Rock
|move|p1a: Hatterene|Draining Kiss|p2a: Bisharp
|-damage|p2a: Bisharp|41/100
|-heal|p1a: Hatterene|37/100|[from] drain|[of] p2a: Bisharp
|
|-heal|p1a: Hatterene|43/100|[from] item: Leftovers
|upkeep
|turn|39
|
|switch|p1a: Seismitoad|Seismitoad, F|20/100
|move|p2a: Bisharp|Throat Chop|p1a: Seismitoad
|-damage|p1a: Seismitoad|0 fnt
|faint|p1a: Seismitoad
|
|upkeep
|
|switch|p1a: Grimmsnarl|Grimmsnarl, M|64/100
|turn|40
|
|switch|p2a: Seismitoad|Seismitoad, M|49/100
|-damage|p2a: Seismitoad|43/100|[from] Stealth Rock
|move|p1a: Grimmsnarl|Spirit Break|p2a: Seismitoad
|-damage|p2a: Seismitoad|14/100
|-unboost|p2a: Seismitoad|spa|1
|
|-heal|p1a: Grimmsnarl|70/100|[from] item: Leftovers
|upkeep
|turn|41
|
|switch|p1a: Hatterene|Hatterene, F|43/100
|move|p2a: Seismitoad|Stealth Rock|p1a: Hatterene
|move|p1a: Hatterene|Stealth Rock||[from]Magic Bounce|[still]
|-fail|p1a: Hatterene
|
|-heal|p1a: Hatterene|49/100|[from] item: Leftovers
|upkeep
|turn|42
|
|move|p2a: Seismitoad|Stealth Rock|p1a: Hatterene
|move|p1a: Hatterene|Stealth Rock||[from]Magic Bounce|[still]
|-fail|p1a: Hatterene
|move|p1a: Hatterene|Draining Kiss|p2a: Seismitoad
|-damage|p2a: Seismitoad|0 fnt
|-heal|p1a: Hatterene|63/100|[from] drain|[of] p2a: Seismitoad
|faint|p2a: Seismitoad
|
|-heal|p1a: Hatterene|69/100|[from] item: Leftovers
|upkeep
|
|switch|p2a: Bisharp|Bisharp, F|41/100
|-damage|p2a: Bisharp|36/100|[from] Stealth Rock
|turn|43
|
|move|p2a: Bisharp|Throat Chop|p1a: Hatterene
|-damage|p1a: Hatterene|10/100
|-start|p1a: Hatterene|Throat Chop|[silent]
|move|p1a: Hatterene|Draining Kiss|p2a: Bisharp
|-damage|p2a: Bisharp|0 fnt
|-heal|p1a: Hatterene|32/100|[from] drain|[of] p2a: Bisharp
|faint|p2a: Bisharp
|
|-heal|p1a: Hatterene|38/100|[from] item: Leftovers
|upkeep
|-message|thounss forfeited.
|
|win|Gelbel3c
|l|☆thounss
|l| Ethanoide
|j| Ethanoide
|l| Ethanoide
|raw|Gelbel3c's rating: 1663 &rarr; <strong>1684</strong><br />(+21 for winning)
|raw|thounss's rating: 1677 &rarr; <strong>1656</strong><br />(-21 for losing)
