|html|<div class="broadcast-blue"><strong>[Gen 8] OU is currently suspecting Melmetal! For information on how to participate check out the <a href="https://www.smogon.com/forums/threads/np-ss-ou-suspect-process-round-12-monster-mash.3709234/">suspect thread</a>.</strong></div>
|j|☆SoarApollo
|j|☆Colonel Rivai
|t:|1666805704
|gametype|singles
|player|p1|SoarApollo|rollerskater|1665
|player|p2|Colonel Rivai|266|1699
|teamsize|p1|6
|teamsize|p2|6
|gen|8
|tier|[Gen 8] OU
|rated|
|rule|Sleep Clause Mod: Limit one foe put to sleep
|rule|Species Clause: Limit one of each Pokémon
|rule|OHKO Clause: OHKO moves are banned
|rule|Evasion Items Clause: Evasion items are banned
|rule|Evasion Moves Clause: Evasion moves are banned
|rule|Endless Battle Clause: Forcing endless battles is banned
|rule|HP Percentage Mod: HP is shown in percentages
|rule|Dynamax Clause: You cannot dynamax
|clearpoke
|poke|p1|Raikou|
|poke|p1|Zapdos|
|poke|p1|Dragonite, M|
|poke|p1|Urshifu-*, M|
|poke|p1|Melmetal|
|poke|p1|Swampert, F|
|poke|p2|Hydreigon, F|
|poke|p2|Kartana|
|poke|p2|Blacephalon|
|poke|p2|Landorus-Therian, M|
|poke|p2|Melmetal|
|poke|p2|Toxapex, F|
|teampreview
|inactive|Battle timer is ON: inactive players will automatically lose when time's up. (requested by Colonel Rivai)
|
|t:|1666805712
|start
|switch|p1a: Swampert|Swampert, F|100/100
|switch|p2a: Hydreigon|Hydreigon, F|100/100
|turn|1
|
|t:|1666805715
|move|p2a: Hydreigon|Beat Up|p1a: Swampert
|-damage|p1a: Swampert|92/100
|-damage|p1a: Swampert|78/100
|-damage|p1a: Swampert|68/100
|-damage|p1a: Swampert|57/100
|-damage|p1a: Swampert|44/100
|-damage|p1a: Swampert|38/100
|-hitcount|p1a: Swampert|6
|move|p1a: Swampert|Toxic|p2a: Hydreigon
|-status|p2a: Hydreigon|tox
|
|-heal|p1a: Swampert|44/100|[from] item: Leftovers
|-damage|p2a: Hydreigon|94/100 tox|[from] psn
|upkeep
|turn|2
|j| El Pogo Loco
|
|t:|1666805719
|switch|p1a: Urshifu|Urshifu-Rapid-Strike, M|100/100
|move|p2a: Hydreigon|Beat Up|p1a: Urshifu
|-resisted|p1a: Urshifu
|-damage|p1a: Urshifu|94/100
|-resisted|p1a: Urshifu
|-damage|p1a: Urshifu|86/100
|-resisted|p1a: Urshifu
|-damage|p1a: Urshifu|80/100
|-resisted|p1a: Urshifu
|-damage|p1a: Urshifu|73/100
|-resisted|p1a: Urshifu
|-damage|p1a: Urshifu|66/100
|-resisted|p1a: Urshifu
|-damage|p1a: Urshifu|62/100
|-hitcount|p1a: Urshifu|6
|
|-damage|p2a: Hydreigon|82/100 tox|[from] psn
|upkeep
|turn|3
|
|t:|1666805723
|switch|p2a: Toxapex|Toxapex, F|100/100
|move|p1a: Urshifu|U-turn|p2a: Toxapex
|-resisted|p2a: Toxapex
|-damage|p2a: Toxapex|93/100
|
|t:|1666805726
|switch|p1a: Zapdos|Zapdos|100/100|[from]move: U-turn
|
|upkeep
|turn|4
|
|t:|1666805728
|move|p1a: Zapdos|Volt Switch|p2a: Toxapex
|-supereffective|p2a: Toxapex
|-damage|p2a: Toxapex|31/100
|
|t:|1666805730
|switch|p1a: Swampert|Swampert, F|44/100|[from]move: Volt Switch
|move|p2a: Toxapex|Toxic|p1a: Swampert
|-status|p1a: Swampert|tox
|
|-heal|p1a: Swampert|50/100 tox|[from] item: Leftovers
|-damage|p1a: Swampert|44/100 tox|[from] psn
|upkeep
|turn|5
|
|t:|1666805733
|move|p1a: Swampert|Stealth Rock|p2a: Toxapex
|-sidestart|p2: Colonel Rivai|move: Stealth Rock
|move|p2a: Toxapex|Recover|p2a: Toxapex
|-heal|p2a: Toxapex|81/100
|
|-heal|p1a: Swampert|50/100 tox|[from] item: Leftovers
|-damage|p1a: Swampert|38/100 tox|[from] psn
|upkeep
|turn|6
|
|t:|1666805736
|switch|p2a: Landorus|Landorus-Therian, M|100/100
|-damage|p2a: Landorus|88/100|[from] Stealth Rock
|-ability|p2a: Landorus|Intimidate|boost
|-unboost|p1a: Swampert|atk|1
|move|p1a: Swampert|Flip Turn|p2a: Landorus
|-supereffective|p2a: Landorus
|-damage|p2a: Landorus|58/100
|
|t:|1666805739
|switch|p1a: Urshifu|Urshifu-Rapid-Strike, M|62/100|[from]move: Flip Turn
|
|-heal|p2a: Landorus|64/100|[from] item: Leftovers
|upkeep
|turn|7
|
|t:|1666805741
|switch|p2a: Toxapex|Toxapex, F|100/100
|-damage|p2a: Toxapex|88/100|[from] Stealth Rock
|move|p1a: Urshifu|U-turn|p2a: Toxapex
|-resisted|p2a: Toxapex
|-damage|p2a: Toxapex|81/100
|
|t:|1666805744
|switch|p1a: Raikou|Raikou|100/100|[from]move: U-turn
|
|upkeep
|turn|8
|
|t:|1666805748
|switch|p2a: Hydreigon|Hydreigon, F|82/100 tox
|-damage|p2a: Hydreigon|70/100 tox|[from] Stealth Rock
|move|p1a: Raikou|Scald|p2a: Hydreigon
|-resisted|p2a: Hydreigon
|-damage|p2a: Hydreigon|48/100 tox
|
|-damage|p2a: Hydreigon|41/100 tox|[from] psn
|upkeep
|turn|9
|
|t:|1666805751
|switch|p1a: Swampert|Swampert, F|38/100 tox
|move|p2a: Hydreigon|Beat Up|p1a: Swampert
|-damage|p1a: Swampert|28/100 tox
|-damage|p1a: Swampert|15/100 tox
|-damage|p1a: Swampert|4/100 tox
|-damage|p1a: Swampert|0 fnt
|faint|p1a: Swampert
|-hitcount|p1: Swampert|4
|
|-damage|p2a: Hydreigon|29/100 tox|[from] psn
|upkeep
|
|t:|1666805754
|switch|p1a: Urshifu|Urshifu-Rapid-Strike, M|62/100
|turn|10
|
|t:|1666805757
|switch|p2a: Toxapex|Toxapex, F|100/100
|-damage|p2a: Toxapex|88/100|[from] Stealth Rock
|move|p1a: Urshifu|U-turn|p2a: Toxapex
|-resisted|p2a: Toxapex
|-damage|p2a: Toxapex|80/100
|
|t:|1666805761
|switch|p1a: Raikou|Raikou|100/100|[from]move: U-turn
|
|upkeep
|turn|11
|
|t:|1666805764
|move|p1a: Raikou|Scald|p2a: Toxapex
|-resisted|p2a: Toxapex
|-damage|p2a: Toxapex|65/100
|move|p2a: Toxapex|Toxic|p1a: Raikou
|-status|p1a: Raikou|tox
|
|-damage|p1a: Raikou|94/100 tox|[from] psn
|upkeep
|turn|12
|
|t:|1666805767
|switch|p1a: Dragonite|Dragonite, M|100/100
|move|p2a: Toxapex|Recover|p2a: Toxapex
|-heal|p2a: Toxapex|100/100
|
|upkeep
|turn|13
|
|t:|1666805771
|switch|p1a: Raikou|Raikou|94/100 tox
|move|p2a: Toxapex|Toxic|p1a: Raikou
|-fail|p1a: Raikou|tox
|
|-damage|p1a: Raikou|88/100 tox|[from] psn
|upkeep
|turn|14
|
|t:|1666805775
|switch|p2a: Landorus|Landorus-Therian, M|64/100
|-damage|p2a: Landorus|51/100|[from] Stealth Rock
|-ability|p2a: Landorus|Intimidate|boost
|-fail|p1a: Raikou|unboost|Attack|[from] ability: Inner Focus|[of] p1a: Raikou
|move|p1a: Raikou|Scald|p2a: Landorus
|-supereffective|p2a: Landorus
|-damage|p2a: Landorus|0 fnt
|faint|p2a: Landorus
|
|-damage|p1a: Raikou|76/100 tox|[from] psn
|upkeep
|
|t:|1666805778
|switch|p2a: Kartana|Kartana|100/100
|-damage|p2a: Kartana|94/100|[from] Stealth Rock
|turn|15
|
|t:|1666805782
|switch|p1a: Zapdos|Zapdos|100/100
|move|p2a: Kartana|Knock Off|p1a: Zapdos
|-damage|p1a: Zapdos|24/100
|-status|p2a: Kartana|par|[from] ability: Static|[of] p1a: Zapdos
|-enditem|p1a: Zapdos|Heavy-Duty Boots|[from] move: Knock Off|[of] p2a: Kartana
|
|upkeep
|turn|16
|
|t:|1666805787
|move|p1a: Zapdos|Volt Switch|p2a: Kartana
|-resisted|p2a: Kartana
|-damage|p2a: Kartana|31/100 par
|
|t:|1666805788
|switch|p1a: Urshifu|Urshifu-Rapid-Strike, M|62/100|[from]move: Volt Switch
|move|p2a: Kartana|Knock Off|p1a: Urshifu
|-resisted|p1a: Urshifu
|-damage|p1a: Urshifu|30/100
|-enditem|p1a: Urshifu|Protective Pads|[from] move: Knock Off|[of] p2a: Kartana
|
|upkeep
|turn|17
|
|t:|1666805794
|switch|p2a: Toxapex|Toxapex, F|100/100
|-damage|p2a: Toxapex|88/100|[from] Stealth Rock
|move|p1a: Urshifu|U-turn|p2a: Toxapex
|-resisted|p2a: Toxapex
|-damage|p2a: Toxapex|80/100
|-damage|p1a: Urshifu|14/100|[from] item: Rocky Helmet|[of] p2a: Toxapex
|
|t:|1666805796
|switch|p1a: Raikou|Raikou|76/100 tox|[from]move: U-turn
|
|-damage|p1a: Raikou|69/100 tox|[from] psn
|upkeep
|turn|18
|
|t:|1666805806
|switch|p2a: Kartana|Kartana|31/100 par
|-damage|p2a: Kartana|25/100 par|[from] Stealth Rock
|move|p1a: Raikou|Thunderbolt|p2a: Kartana
|-resisted|p2a: Kartana
|-damage|p2a: Kartana|0 fnt
|faint|p2a: Kartana
|
|-damage|p1a: Raikou|57/100 tox|[from] psn
|upkeep
|
|t:|1666805810
|switch|p2a: Blacephalon|Blacephalon|100/100
|-damage|p2a: Blacephalon|76/100|[from] Stealth Rock
|turn|19
|
|t:|1666805813
|switch|p1a: Urshifu|Urshifu-Rapid-Strike, M|14/100
|move|p2a: Blacephalon|Shadow Ball|p1a: Urshifu
|-damage|p1a: Urshifu|0 fnt
|faint|p1a: Urshifu
|-ability|p2a: Blacephalon|Beast Boost|boost
|-boost|p2a: Blacephalon|spa|1
|
|upkeep
|
|t:|1666805815
|switch|p1a: Dragonite|Dragonite, M|100/100
|turn|20
|
|t:|1666805819
|switch|p2a: Toxapex|Toxapex, F|100/100
|-damage|p2a: Toxapex|88/100|[from] Stealth Rock
|move|p1a: Dragonite|Earthquake|p2a: Toxapex
|-supereffective|p2a: Toxapex
|-damage|p2a: Toxapex|46/100
|
|upkeep
|turn|21
|
|t:|1666805822
|switch|p1a: Zapdos|Zapdos|24/100
|move|p2a: Toxapex|Recover|p2a: Toxapex
|-heal|p2a: Toxapex|96/100
|
|upkeep
|turn|22
|
|t:|1666805825
|move|p1a: Zapdos|Roost|p1a: Zapdos
|-heal|p1a: Zapdos|75/100
|-singleturn|p1a: Zapdos|move: Roost
|move|p2a: Toxapex|Toxic|p1a: Zapdos
|-status|p1a: Zapdos|tox
|
|-damage|p1a: Zapdos|68/100 tox|[from] psn
|upkeep
|turn|23
|
|t:|1666805830
|switch|p2a: Hydreigon|Hydreigon, F|29/100 tox
|-damage|p2a: Hydreigon|17/100 tox|[from] Stealth Rock
|move|p1a: Zapdos|Hurricane|p2a: Hydreigon
|-damage|p2a: Hydreigon|0 fnt
|faint|p2a: Hydreigon
|
|-damage|p1a: Zapdos|56/100 tox|[from] psn
|upkeep
|
|t:|1666805832
|switch|p2a: Blacephalon|Blacephalon|76/100
|-damage|p2a: Blacephalon|51/100|[from] Stealth Rock
|turn|24
|
|t:|1666805835
|move|p2a: Blacephalon|Shadow Ball|p1a: Zapdos
|-damage|p1a: Zapdos|0 fnt
|faint|p1a: Zapdos
|-ability|p2a: Blacephalon|Beast Boost|boost
|-boost|p2a: Blacephalon|spa|1
|
|upkeep
|
|t:|1666805837
|switch|p1a: Dragonite|Dragonite, M|100/100
|turn|25
|
|t:|1666805842
|switch|p2a: Toxapex|Toxapex, F|100/100
|-damage|p2a: Toxapex|88/100|[from] Stealth Rock
|move|p1a: Dragonite|Earthquake|p2a: Toxapex
|-supereffective|p2a: Toxapex
|-damage|p2a: Toxapex|51/100
|
|upkeep
|turn|26
|
|t:|1666805845
|switch|p1a: Raikou|Raikou|57/100 tox
|move|p2a: Toxapex|Recover|p2a: Toxapex
|-heal|p2a: Toxapex|100/100
|
|-damage|p1a: Raikou|51/100 tox|[from] psn
|upkeep
|turn|27
|
|t:|1666805849
|switch|p2a: Melmetal|Melmetal|100/100
|-damage|p2a: Melmetal|94/100|[from] Stealth Rock
|move|p1a: Raikou|Thunderbolt|p2a: Melmetal
|-damage|p2a: Melmetal|55/100
|
|-damage|p1a: Raikou|38/100 tox|[from] psn
|upkeep
|turn|28
|j| sack2005
|
|t:|1666805857
|switch|p1a: Melmetal|Melmetal|100/100
|move|p2a: Melmetal|Superpower|p1a: Melmetal
|-supereffective|p1a: Melmetal
|-damage|p1a: Melmetal|38/100
|-unboost|p2a: Melmetal|atk|1
|-unboost|p2a: Melmetal|def|1
|
|-heal|p1a: Melmetal|44/100|[from] item: Leftovers
|upkeep
|turn|29
|
|t:|1666805859
|switch|p2a: Toxapex|Toxapex, F|100/100
|-damage|p2a: Toxapex|88/100|[from] Stealth Rock
|move|p1a: Melmetal|Earthquake|p2a: Toxapex
|-supereffective|p2a: Toxapex
|-damage|p2a: Toxapex|35/100
|
|-heal|p1a: Melmetal|50/100|[from] item: Leftovers
|upkeep
|turn|30
|
|t:|1666805863
|move|p1a: Melmetal|Earthquake|p2a: Toxapex
|-supereffective|p2a: Toxapex
|-damage|p2a: Toxapex|0 fnt
|faint|p2a: Toxapex
|
|-heal|p1a: Melmetal|56/100|[from] item: Leftovers
|upkeep
|
|t:|1666805864
|switch|p2a: Blacephalon|Blacephalon|51/100
|-damage|p2a: Blacephalon|26/100|[from] Stealth Rock
|turn|31
|
|t:|1666805866
|move|p1a: Melmetal|Protect|p1a: Melmetal
|-singleturn|p1a: Melmetal|Protect
|move|p2a: Blacephalon|Shadow Ball|p1a: Melmetal
|-activate|p1a: Melmetal|move: Protect
|
|-heal|p1a: Melmetal|62/100|[from] item: Leftovers
|upkeep
|turn|32
|
|t:|1666805868
|move|p2a: Blacephalon|Shadow Ball|p1a: Melmetal
|-damage|p1a: Melmetal|24/100
|move|p1a: Melmetal|Earthquake|p2a: Blacephalon
|-supereffective|p2a: Blacephalon
|-damage|p2a: Blacephalon|0 fnt
|faint|p2a: Blacephalon
|
|-heal|p1a: Melmetal|30/100|[from] item: Leftovers
|upkeep
|l|☆Colonel Rivai
|inactive|Colonel Rivai disconnected and has a minute to reconnect!
|player|p2|
|inactive|Colonel Rivai has 30 seconds to reconnect!
|inactive|Colonel Rivai has 20 seconds to reconnect!
|inactive|Colonel Rivai has 15 seconds to reconnect!
|inactive|Colonel Rivai has 10 seconds to reconnect!
|inactive|Colonel Rivai has 5 seconds to reconnect!
|-message|Colonel Rivai lost due to inactivity.
|
|win|SoarApollo
|raw|SoarApollo's rating: 1665 &rarr; <strong>1687</strong><br />(+22 for winning)
|raw|Colonel Rivai's rating: 1699 &rarr; <strong>1677</strong><br />(-22 for losing)
