|j|☆Benjamin Gilbert
|j|☆justatest123
|t:|1637978247
|gametype|singles
|player|p1|Benjamin Gilbert|unknown|1770
|player|p2|justatest123|backpacker|1775
|teamsize|p1|6
|teamsize|p2|6
|gen|8
|tier|[Gen 8] OU
|rated|
|rule|Sleep Clause Mod: Limit one foe put to sleep
|rule|Species Clause: Limit one of each Pokémon
|rule|OHKO Clause: OHKO moves are banned
|rule|Evasion Moves Clause: Evasion moves are banned
|rule|Endless Battle Clause: Forcing endless battles is banned
|rule|HP Percentage Mod: HP is shown in percentages
|rule|Dynamax Clause: You cannot dynamax
|clearpoke
|poke|p1|Duraludon, F|
|poke|p1|Slowbro, M|
|poke|p1|Landorus-Therian, M|
|poke|p1|Tyranitar, M|
|poke|p1|Kartana|
|poke|p1|Tornadus-Therian, M|
|poke|p2|Zeraora|
|poke|p2|Urshifu-*, F|
|poke|p2|Kyurem|
|poke|p2|Slowking-Galar, M|
|poke|p2|Corviknight, M|
|poke|p2|Hippowdon, F|
|teampreview
|inactive|Battle timer is ON: inactive players will automatically lose when time's up. (requested by Benjamin Gilbert)
|j| demihana
|
|t:|1637978293
|start
|switch|p1a: Duraludon|Duraludon, F, shiny|100/100
|switch|p2a: Kyurem|Kyurem|100/100
|-ability|p2a: Kyurem|Pressure
|turn|1
|j| lnactivity
|
|t:|1637978321
|switch|p2a: Hippowdon|Hippowdon, F|100/100
|-weather|Sandstorm|[from] ability: Sand Stream|[of] p2a: Hippowdon
|move|p1a: Duraludon|Flash Cannon|p2a: Hippowdon
|-damage|p2a: Hippowdon|65/100
|-damage|p1a: Duraludon|91/100|[from] item: Life Orb
|
|-weather|Sandstorm|[upkeep]
|-heal|p2a: Hippowdon|71/100|[from] item: Leftovers
|upkeep
|turn|2
|
|t:|1637978338
|move|p1a: Duraludon|Draco Meteor|p2a: Hippowdon
|-damage|p2a: Hippowdon|16/100
|-unboost|p1a: Duraludon|spa|2
|-damage|p1a: Duraludon|81/100|[from] item: Life Orb
|move|p2a: Hippowdon|Slack Off|p2a: Hippowdon
|-heal|p2a: Hippowdon|66/100
|
|-weather|Sandstorm|[upkeep]
|-heal|p2a: Hippowdon|72/100|[from] item: Leftovers
|upkeep
|turn|3
|
|t:|1637978349
|switch|p1a: Tornadus|Tornadus-Therian, M|100/100
|move|p2a: Hippowdon|Stealth Rock|p1a: Tornadus
|-sidestart|p1: Benjamin Gilbert|move: Stealth Rock
|
|-weather|Sandstorm|[upkeep]
|-damage|p1a: Tornadus|94/100|[from] Sandstorm
|-heal|p2a: Hippowdon|78/100|[from] item: Leftovers
|upkeep
|turn|4
|inactive|justatest123 has 120 seconds left.
|inactive|justatest123 has 90 seconds left.
|
|t:|1637978402
|move|p1a: Tornadus|Nasty Plot|p1a: Tornadus
|-boost|p1a: Tornadus|spa|2
|move|p2a: Hippowdon|Toxic|p1a: Tornadus
|-status|p1a: Tornadus|tox
|
|-weather|Sandstorm|[upkeep]
|-damage|p1a: Tornadus|88/100 tox|[from] Sandstorm
|-heal|p2a: Hippowdon|84/100|[from] item: Leftovers
|-damage|p1a: Tornadus|82/100 tox|[from] psn
|upkeep
|turn|5
|inactive|justatest123 has 90 seconds left.
|
|t:|1637978416
|switch|p2a: Slowking|Slowking-Galar, M|100/100
|move|p1a: Tornadus|Hurricane|p2a: Slowking|[miss]
|-miss|p1a: Tornadus|p2a: Slowking
|
|-weather|none
|-damage|p1a: Tornadus|70/100 tox|[from] psn
|upkeep
|turn|6
|
|t:|1637978421
|move|p1a: Tornadus|Hurricane|p2a: Slowking
|-damage|p2a: Slowking|56/100
|move|p2a: Slowking|Ice Beam|p1a: Tornadus
|-supereffective|p1a: Tornadus
|-damage|p1a: Tornadus|4/100 tox
|
|-damage|p1a: Tornadus|0 fnt|[from] psn
|faint|p1a: Tornadus
|upkeep
|
|t:|1637978431
|switch|p1a: Landorus|Landorus-Therian, M|100/100
|-damage|p1a: Landorus|88/100|[from] Stealth Rock
|-ability|p1a: Landorus|Intimidate|boost
|-unboost|p2a: Slowking|atk|1
|turn|7
|
|t:|1637978446
|switch|p2a: Kyurem|Kyurem|100/100
|-ability|p2a: Kyurem|Pressure
|move|p1a: Landorus|Defog|p2a: Kyurem
|-unboost|p2a: Kyurem|evasion|1
|-sideend|p1: Benjamin Gilbert|Stealth Rock|[from] move: Defog|[of] p1a: Landorus
|
|-heal|p1a: Landorus|94/100|[from] item: Leftovers
|upkeep
|turn|8
|
|t:|1637978454
|switch|p1a: Tyranitar|Tyranitar, M|100/100
|-weather|Sandstorm|[from] ability: Sand Stream|[of] p1a: Tyranitar
|move|p2a: Kyurem|Freeze-Dry|p1a: Tyranitar
|-damage|p1a: Tyranitar|62/100
|-status|p1a: Tyranitar|frz
|
|-weather|Sandstorm|[upkeep]
|-damage|p2a: Kyurem|94/100|[from] Sandstorm
|upkeep
|turn|9
|
|t:|1637978461
|switch|p2a: Urshifu|Urshifu-Rapid-Strike, F|100/100
|-curestatus|p1a: Tyranitar|frz|[msg]
|move|p1a: Tyranitar|Fire Blast|p2a: Urshifu
|-resisted|p2a: Urshifu
|-damage|p2a: Urshifu|64/100
|
|-weather|Sandstorm|[upkeep]
|-damage|p2a: Urshifu|58/100|[from] Sandstorm
|upkeep
|turn|10
|
|t:|1637978467
|switch|p1a: Slowbro|Slowbro, M|100/100
|move|p2a: Urshifu|U-turn|p1a: Slowbro
|-supereffective|p1a: Slowbro
|-damage|p1a: Slowbro|54/100
|-damage|p2a: Urshifu|41/100|[from] item: Rocky Helmet|[of] p1a: Slowbro
|
|t:|1637978471
|switch|p2a: Kyurem|Kyurem|94/100|[from]move: U-turn
|-ability|p2a: Kyurem|Pressure
|
|-weather|Sandstorm|[upkeep]
|-damage|p2a: Kyurem|88/100|[from] Sandstorm
|-damage|p1a: Slowbro|48/100|[from] Sandstorm
|upkeep
|turn|11
|
|t:|1637978479
|switch|p1a: Tyranitar|Tyranitar, M|62/100
|move|p2a: Kyurem|Freeze-Dry|p1a: Tyranitar
|-damage|p1a: Tyranitar|25/100
|
|-weather|Sandstorm|[upkeep]
|-damage|p2a: Kyurem|82/100|[from] Sandstorm
|upkeep
|turn|12
|-message|Benjamin Gilbert forfeited.
|
|win|justatest123
|raw|Benjamin Gilbert's rating: 1770 &rarr; <strong>1750</strong><br />(-20 for losing)
|raw|justatest123's rating: 1775 &rarr; <strong>1795</strong><br />(+20 for winning)
|l|☆Benjamin Gilbert
