|j|☆dvvyn
|j|☆friedfreak
|t:|1614389182
|player|p1|dvvyn|2|1768
|player|p2|friedfreak|170|1911
|teamsize|p1|6
|teamsize|p2|6
|gametype|singles
|gen|8
|tier|[Gen 8] OU
|rated|
|clearpoke
|poke|p1|Slowbro, F|
|poke|p1|Jirachi|
|poke|p1|Landorus-Therian, M|
|poke|p1|Tapu Koko|
|poke|p1|Tyranitar, F|
|poke|p1|Dracozolt|
|poke|p2|Hippowdon, F|
|poke|p2|Magnezone|
|poke|p2|Dragapult, M|
|poke|p2|Kartana|
|poke|p2|Slowbro, M|
|poke|p2|Moltres|
|rule|Sleep Clause Mod: Limit one foe put to sleep
|rule|Species Clause: Limit one of each Pokémon
|rule|OHKO Clause: OHKO moves are banned
|rule|Evasion Moves Clause: Evasion moves are banned
|rule|Endless Battle Clause: Forcing endless battles is banned
|rule|HP Percentage Mod: HP is shown in percentages
|rule|Dynamax Clause: You cannot dynamax
|teampreview
|
|t:|1614389203
|start
|switch|p1a: Tyranitar|Tyranitar, F|100/100
|switch|p2a: Dragapult|Dragapult, M|100/100
|-weather|Sandstorm|[from] ability: Sand Stream|[of] p1a: Tyranitar
|turn|1
|
|t:|1614389209
|move|p2a: Dragapult|U-turn|p1a: Tyranitar
|-supereffective|p1a: Tyranitar
|-damage|p1a: Tyranitar|76/100
|
|t:|1614389216
|switch|p2a: Hippowdon|Hippowdon, F|100/100|[from]move: U-turn
|move|p1a: Tyranitar|Crunch|p2a: Hippowdon
|-damage|p2a: Hippowdon|77/100
|
|-weather|Sandstorm|[upkeep]
|-heal|p2a: Hippowdon|83/100|[from] item: Leftovers
|upkeep
|turn|2
|j| Cervixknight
|
|t:|1614389223
|switch|p1a: Slowbro|Slowbro, F|100/100
|move|p2a: Hippowdon|Stealth Rock|p1a: Slowbro
|-sidestart|p1: dvvyn|move: Stealth Rock
|
|-weather|Sandstorm|[upkeep]
|-damage|p1a: Slowbro|94/100|[from] Sandstorm
|-heal|p2a: Hippowdon|89/100|[from] item: Leftovers
|upkeep
|turn|3
|
|t:|1614389251
|switch|p2a: Magnezone|Magnezone|100/100
|move|p1a: Slowbro|Teleport|p1a: Slowbro
|
|t:|1614389259
|switch|p1a: Dracozolt|Dracozolt|100/100|[from]move: Teleport
|-damage|p1a: Dracozolt|88/100|[from] Stealth Rock
|
|-weather|Sandstorm|[upkeep]
|-heal|p1a: Dracozolt|94/100|[from] item: Leftovers
|upkeep
|turn|4
|inactive|Battle timer is ON: inactive players will automatically lose when time's up. (requested by friedfreak)
|
|t:|1614389268
|switch|p2a: Hippowdon|Hippowdon, F|89/100
|move|p1a: Dracozolt|Substitute|p1a: Dracozolt
|-start|p1a: Dracozolt|Substitute
|-damage|p1a: Dracozolt|69/100
|
|-weather|Sandstorm|[upkeep]
|-heal|p1a: Dracozolt|76/100|[from] item: Leftovers
|-heal|p2a: Hippowdon|95/100|[from] item: Leftovers
|upkeep
|turn|5
|
|t:|1614389277
|move|p1a: Dracozolt|Flamethrower|p2a: Hippowdon
|-damage|p2a: Hippowdon|82/100
|move|p2a: Hippowdon|Earthquake|p1a: Dracozolt
|-supereffective|p1a: Dracozolt
|-end|p1a: Dracozolt|Substitute
|
|-weather|Sandstorm|[upkeep]
|-heal|p1a: Dracozolt|82/100|[from] item: Leftovers
|-heal|p2a: Hippowdon|88/100|[from] item: Leftovers
|upkeep
|turn|6
|
|t:|1614389284
|switch|p1a: Slowbro|Slowbro, F|100/100
|-damage|p1a: Slowbro|88/100|[from] Stealth Rock
|move|p2a: Hippowdon|Toxic|p1a: Slowbro
|-status|p1a: Slowbro|tox
|
|-weather|Sandstorm|[upkeep]
|-damage|p1a: Slowbro|82/100 tox|[from] Sandstorm
|-heal|p2a: Hippowdon|95/100|[from] item: Leftovers
|-damage|p1a: Slowbro|76/100 tox|[from] psn
|upkeep
|turn|7
|
|t:|1614389301
|switch|p2a: Dragapult|Dragapult, M|100/100
|move|p1a: Slowbro|Teleport|p1a: Slowbro
|
|t:|1614389307
|switch|p1a: Dracozolt|Dracozolt|82/100|[from]move: Teleport
|-damage|p1a: Dracozolt|69/100|[from] Stealth Rock
|
|-weather|Sandstorm|[upkeep]
|-damage|p2a: Dragapult|95/100|[from] Sandstorm
|-heal|p1a: Dracozolt|76/100|[from] item: Leftovers
|upkeep
|turn|8
|
|t:|1614389316
|switch|p2a: Hippowdon|Hippowdon, F|95/100
|move|p1a: Dracozolt|Bolt Beak|p2a: Hippowdon
|-immune|p2a: Hippowdon
|
|-weather|none
|-heal|p1a: Dracozolt|82/100|[from] item: Leftovers
|-heal|p2a: Hippowdon|100/100|[from] item: Leftovers
|upkeep
|turn|9
|
|t:|1614389324
|switch|p1a: Jirachi|Jirachi|100/100
|-damage|p1a: Jirachi|94/100|[from] Stealth Rock
|move|p2a: Hippowdon|Earthquake|p1a: Jirachi
|-supereffective|p1a: Jirachi
|-damage|p1a: Jirachi|35/100
|
|upkeep
|turn|10
|
|t:|1614389332
|switch|p2a: Moltres|Moltres|100/100
|move|p1a: Jirachi|Trick|p2a: Moltres
|-activate|p1a: Jirachi|move: Trick|[of] p2a: Moltres
|-item|p2a: Moltres|Ring Target|[from] move: Trick
|-item|p1a: Jirachi|Heavy-Duty Boots|[from] move: Trick
|
|upkeep
|turn|11
|j| Farmland
|
|t:|1614389345
|move|p1a: Jirachi|Stealth Rock|p2a: Moltres
|-sidestart|p2: friedfreak|move: Stealth Rock
|move|p2a: Moltres|Scorching Sands|p1a: Jirachi
|-supereffective|p1a: Jirachi
|-damage|p1a: Jirachi|0 fnt
|faint|p1a: Jirachi
|
|upkeep
|
|t:|1614389356
|switch|p1a: Tyranitar|Tyranitar, F|76/100
|-damage|p1a: Tyranitar|64/100|[from] Stealth Rock
|-weather|Sandstorm|[from] ability: Sand Stream|[of] p1a: Tyranitar
|turn|12
|
|t:|1614389368
|move|p2a: Moltres|Scorching Sands|p1a: Tyranitar
|-supereffective|p1a: Tyranitar
|-damage|p1a: Tyranitar|49/100
|move|p1a: Tyranitar|Rock Blast|p2a: Moltres
|-supereffective|p2a: Moltres
|-damage|p2a: Moltres|65/100
|-supereffective|p2a: Moltres
|-damage|p2a: Moltres|33/100
|-supereffective|p2a: Moltres
|-damage|p2a: Moltres|0 fnt
|-hitcount|p2a: Moltres|3
|faint|p2a: Moltres
|
|-weather|Sandstorm|[upkeep]
|upkeep
|j| Briks
|
|t:|1614389384
|switch|p2a: Kartana|Kartana|100/100
|-damage|p2a: Kartana|94/100|[from] Stealth Rock
|turn|13
|j| Volkerr
|
|t:|1614389395
|move|p2a: Kartana|Leaf Blade|p1a: Tyranitar
|-supereffective|p1a: Tyranitar
|-crit|p1a: Tyranitar
|-damage|p1a: Tyranitar|0 fnt
|faint|p1a: Tyranitar
|-ability|p2a: Kartana|Beast Boost|boost
|-boost|p2a: Kartana|atk|1
|
|-weather|Sandstorm|[upkeep]
|upkeep
|
|t:|1614389398
|switch|p1a: Dracozolt|Dracozolt|82/100
|-damage|p1a: Dracozolt|69/100|[from] Stealth Rock
|turn|14
|
|t:|1614389404
|switch|p2a: Hippowdon|Hippowdon, F|100/100
|-damage|p2a: Hippowdon|94/100|[from] Stealth Rock
|move|p1a: Dracozolt|Flamethrower|p2a: Hippowdon
|-damage|p2a: Hippowdon|80/100
|
|-weather|Sandstorm|[upkeep]
|-heal|p1a: Dracozolt|76/100|[from] item: Leftovers
|-heal|p2a: Hippowdon|86/100|[from] item: Leftovers
|upkeep
|turn|15
|
|t:|1614389412
|switch|p1a: Slowbro|Slowbro, F|100/100 tox
|-damage|p1a: Slowbro|88/100 tox|[from] Stealth Rock
|move|p2a: Hippowdon|Toxic|p1a: Slowbro
|-fail|p1a: Slowbro|tox
|
|-weather|Sandstorm|[upkeep]
|-damage|p1a: Slowbro|82/100 tox|[from] Sandstorm
|-heal|p2a: Hippowdon|93/100|[from] item: Leftovers
|-damage|p1a: Slowbro|76/100 tox|[from] psn
|upkeep
|turn|16
|j| Ryaegis
|
|t:|1614389426
|switch|p2a: Magnezone|Magnezone|100/100
|-damage|p2a: Magnezone|94/100|[from] Stealth Rock
|move|p1a: Slowbro|Trick|p2a: Magnezone
|-activate|p1a: Slowbro|move: Trick|[of] p2a: Magnezone
|-item|p2a: Magnezone|Ring Target|[from] move: Trick
|-item|p1a: Slowbro|Choice Specs|[from] move: Trick
|
|-weather|Sandstorm|[upkeep]
|-damage|p1a: Slowbro|70/100 tox|[from] Sandstorm
|-damage|p1a: Slowbro|58/100 tox|[from] psn
|upkeep
|turn|17
|j| pepspizzz
|j| Xephix
|j| cutie cute 1234
|
|t:|1614389447
|move|p2a: Magnezone|Volt Switch|p1a: Slowbro
|-supereffective|p1a: Slowbro
|-damage|p1a: Slowbro|0 fnt
|faint|p1a: Slowbro
|-message|dvvyn forfeited.
|
|win|friedfreak
|l|☆dvvyn
|l|☆friedfreak
|l| Xephix
|l| Volkerr
