|raw|<div class="broadcast-blue"><strong>This battle is required to be public due to a player having a name starting with 'lt91bb'.</div>
|j|☆LT91BB rrm
|j|☆JooshP
|t:|1659134571
|gametype|singles
|player|p1|LT91BB rrm|lady|1743
|player|p2|JooshP|red|1803
|teamsize|p1|6
|teamsize|p2|6
|gen|8
|tier|[Gen 8] OU
|rated|
|rule|Sleep Clause Mod: Limit one foe put to sleep
|rule|Species Clause: Limit one of each Pokémon
|rule|OHKO Clause: OHKO moves are banned
|rule|Evasion Moves Clause: Evasion moves are banned
|rule|Endless Battle Clause: Forcing endless battles is banned
|rule|HP Percentage Mod: HP is shown in percentages
|rule|Dynamax Clause: You cannot dynamax
|clearpoke
|poke|p1|Tapu Lele|
|poke|p1|Blissey, F|
|poke|p1|Urshifu-*, M|
|poke|p1|Landorus-Therian, M|
|poke|p1|Heatran, F|
|poke|p1|Slowbro, F|
|poke|p2|Tapu Koko|
|poke|p2|Skarmory, M|
|poke|p2|Gastrodon, F|
|poke|p2|Tornadus-Therian, M|
|poke|p2|Buzzwole|
|poke|p2|Blacephalon|
|teampreview
|
|t:|1659134582
|start
|switch|p1a: Landorus|Landorus-Therian, M|100/100
|switch|p2a: Tornadus|Tornadus-Therian, M|100/100
|-ability|p1a: Landorus|Intimidate|boost
|-unboost|p2a: Tornadus|atk|1
|turn|1
|j| lRustyX
|
|t:|1659134590
|move|p2a: Tornadus|Knock Off|p1a: Landorus
|-damage|p1a: Landorus|91/100
|-enditem|p1a: Landorus|Leftovers|[from] move: Knock Off|[of] p2a: Tornadus
|move|p1a: Landorus|Knock Off|p2a: Tornadus
|-damage|p2a: Tornadus|64/100
|-enditem|p2a: Tornadus|Heavy-Duty Boots|[from] move: Knock Off|[of] p1a: Landorus
|
|upkeep
|turn|2
|
|t:|1659134594
|move|p2a: Tornadus|Hurricane|p1a: Landorus|[miss]
|-miss|p2a: Tornadus|p1a: Landorus
|move|p1a: Landorus|U-turn|p2a: Tornadus
|-resisted|p2a: Tornadus
|-damage|p2a: Tornadus|52/100
|j| chainsawhand
|
|t:|1659134597
|switch|p1a: Heatran|Heatran, F|100/100|[from]move: U-turn
|
|upkeep
|turn|3
|
|t:|1659134613
|move|p2a: Tornadus|Knock Off|p1a: Heatran
|-damage|p1a: Heatran|89/100
|-enditem|p1a: Heatran|Leftovers|[from] move: Knock Off|[of] p2a: Tornadus
|move|p1a: Heatran|Stealth Rock|p2a: Tornadus
|-sidestart|p2: JooshP|move: Stealth Rock
|
|upkeep
|turn|4
|
|t:|1659134618
|move|p2a: Tornadus|U-turn|p1a: Heatran
|-resisted|p1a: Heatran
|-damage|p1a: Heatran|88/100
|
|t:|1659134619
|switch|p2a: Gastrodon|Gastrodon, F|100/100|[from]move: U-turn
|-damage|p2a: Gastrodon|94/100|[from] Stealth Rock
|move|p1a: Heatran|Magma Storm|p2a: Gastrodon
|-resisted|p2a: Gastrodon
|-damage|p2a: Gastrodon|79/100
|-activate|p2a: Gastrodon|move: Magma Storm|[of] p1a: Heatran
|
|-heal|p2a: Gastrodon|85/100|[from] item: Leftovers
|-damage|p2a: Gastrodon|73/100|[from] move: Magma Storm|[partiallytrapped]
|upkeep
|turn|5
|
|t:|1659134632
|switch|p1a: Blissey|Blissey, F|100/100
|move|p2a: Gastrodon|Recover|p2a: Gastrodon
|-heal|p2a: Gastrodon|100/100
|
|-end|p2a: Gastrodon|Magma Storm|[partiallytrapped]|[silent]
|upkeep
|turn|6
|j| aesnop
|
|t:|1659134663
|switch|p2a: Skarmory|Skarmory, M|100/100
|-damage|p2a: Skarmory|88/100|[from] Stealth Rock
|move|p1a: Blissey|Teleport|p1a: Blissey
|
|t:|1659134666
|switch|p1a: Heatran|Heatran, F|88/100|[from]move: Teleport
|
|upkeep
|turn|7
|j| Ima Bout To Smak U
|
|t:|1659134670
|switch|p1a: Tapu Lele|Tapu Lele|100/100
|-fieldstart|move: Psychic Terrain|[from] ability: Psychic Surge|[of] p1a: Tapu Lele
|switch|p2a: Gastrodon|Gastrodon, F|100/100
|-damage|p2a: Gastrodon|94/100|[from] Stealth Rock
|
|-heal|p2a: Gastrodon|100/100|[from] item: Leftovers
|upkeep
|turn|8
|
|t:|1659134678
|move|p1a: Tapu Lele|Psyshock|p2a: Gastrodon
|-damage|p2a: Gastrodon|8/100
|move|p2a: Gastrodon|Toxic|p1a: Tapu Lele
|-status|p1a: Tapu Lele|tox
|
|-heal|p2a: Gastrodon|14/100|[from] item: Leftovers
|-damage|p1a: Tapu Lele|94/100 tox|[from] psn
|upkeep
|turn|9
|
|t:|1659134688
|move|p1a: Tapu Lele|Psyshock|p2a: Gastrodon
|-damage|p2a: Gastrodon|0 fnt
|faint|p2a: Gastrodon
|
|-damage|p1a: Tapu Lele|82/100 tox|[from] psn
|upkeep
|
|t:|1659134690
|switch|p2a: Skarmory|Skarmory, M|88/100
|-damage|p2a: Skarmory|76/100|[from] Stealth Rock
|turn|10
|
|t:|1659134692
|switch|p1a: Heatran|Heatran, F|88/100
|move|p2a: Skarmory|Stealth Rock|p1a: Heatran
|-sidestart|p1: LT91BB rrm|move: Stealth Rock
|
|upkeep
|turn|11
|
|t:|1659134695
|switch|p2a: Tornadus|Tornadus-Therian, M|85/100
|-damage|p2a: Tornadus|60/100|[from] Stealth Rock
|move|p1a: Heatran|Magma Storm|p2a: Tornadus
|-damage|p2a: Tornadus|16/100
|-activate|p2a: Tornadus|move: Magma Storm|[of] p1a: Heatran
|
|-damage|p2a: Tornadus|4/100|[from] move: Magma Storm|[partiallytrapped]
|-fieldend|move: Psychic Terrain
|upkeep
|turn|12
|l| chainsawhand
|
|t:|1659134720
|move|p2a: Tornadus|Hurricane|p1a: Heatran|[miss]
|-miss|p2a: Tornadus|p1a: Heatran
|move|p1a: Heatran|Magma Storm|p2a: Tornadus
|-damage|p2a: Tornadus|0 fnt
|faint|p2a: Tornadus
|
|upkeep
|
|t:|1659134723
|switch|p2a: Buzzwole|Buzzwole|100/100
|-damage|p2a: Buzzwole|88/100|[from] Stealth Rock
|turn|13
|
|t:|1659134726
|switch|p1a: Slowbro|Slowbro, F|100/100
|-damage|p1a: Slowbro|88/100|[from] Stealth Rock
|move|p2a: Buzzwole|Close Combat|p1a: Slowbro
|-resisted|p1a: Slowbro
|-damage|p1a: Slowbro|56/100
|-unboost|p2a: Buzzwole|def|1
|-unboost|p2a: Buzzwole|spd|1
|-damage|p2a: Buzzwole|72/100|[from] item: Rocky Helmet|[of] p1a: Slowbro
|
|upkeep
|turn|14
|
|t:|1659134729
|switch|p2a: Tapu Koko|Tapu Koko|100/100
|-fieldstart|move: Electric Terrain|[from] ability: Electric Surge|[of] p2a: Tapu Koko
|move|p1a: Slowbro|Teleport|p1a: Slowbro
|
|t:|1659134731
|switch|p1a: Landorus|Landorus-Therian, M|91/100|[from]move: Teleport
|-damage|p1a: Landorus|79/100|[from] Stealth Rock
|-ability|p1a: Landorus|Intimidate|boost
|-unboost|p2a: Tapu Koko|atk|1
|
|upkeep
|turn|15
|
|t:|1659134736
|move|p2a: Tapu Koko|U-turn|p1a: Landorus
|-resisted|p1a: Landorus
|-damage|p1a: Landorus|75/100
|
|t:|1659134738
|switch|p2a: Skarmory|Skarmory, M|76/100|[from]move: U-turn
|-damage|p2a: Skarmory|64/100|[from] Stealth Rock
|move|p1a: Landorus|Knock Off|p2a: Skarmory
|-damage|p2a: Skarmory|45/100
|-damage|p1a: Landorus|58/100|[from] item: Rocky Helmet|[of] p2a: Skarmory
|-enditem|p2a: Skarmory|Rocky Helmet|[from] move: Knock Off|[of] p1a: Landorus
|
|upkeep
|turn|16
|
|t:|1659134745
|move|p1a: Landorus|U-turn|p2a: Skarmory
|-resisted|p2a: Skarmory
|-damage|p2a: Skarmory|42/100
|
|t:|1659134747
|switch|p1a: Heatran|Heatran, F|88/100|[from]move: U-turn
|-damage|p1a: Heatran|75/100|[from] Stealth Rock
|move|p2a: Skarmory|Body Press|p1a: Heatran
|-supereffective|p1a: Heatran
|-damage|p1a: Heatran|16/100
|
|upkeep
|turn|17
|
|t:|1659134753
|move|p1a: Heatran|Magma Storm|p2a: Skarmory
|-supereffective|p2a: Skarmory
|-damage|p2a: Skarmory|0 fnt
|faint|p2a: Skarmory
|
|upkeep
|
|t:|1659134756
|switch|p2a: Tapu Koko|Tapu Koko|100/100
|turn|18
|
|t:|1659134758
|switch|p1a: Blissey|Blissey, F|100/100
|move|p2a: Tapu Koko|Thunderbolt|p1a: Blissey
|-damage|p1a: Blissey|81/100
|
|-fieldend|move: Electric Terrain
|upkeep
|turn|19
|
|t:|1659134760
|move|p2a: Tapu Koko|U-turn|p1a: Blissey
|-damage|p1a: Blissey|66/100
|
|t:|1659134763
|switch|p2a: Blacephalon|Blacephalon|100/100|[from]move: U-turn
|-damage|p2a: Blacephalon|76/100|[from] Stealth Rock
|move|p1a: Blissey|Teleport|p1a: Blissey
|
|t:|1659134785
|switch|p1a: Urshifu|Urshifu-Rapid-Strike, M|100/100|[from]move: Teleport
|-damage|p1a: Urshifu|94/100|[from] Stealth Rock
|
|upkeep
|turn|20
|
|t:|1659134790
|move|p2a: Blacephalon|Shadow Ball|p1a: Urshifu
|-damage|p1a: Urshifu|25/100
|move|p1a: Urshifu|U-turn|p2a: Blacephalon
|-resisted|p2a: Blacephalon
|-damage|p2a: Blacephalon|61/100
|
|t:|1659134804
|switch|p1a: Blissey|Blissey, F|66/100|[from]move: U-turn
|
|upkeep
|turn|21
|
|t:|1659134807
|switch|p2a: Buzzwole|Buzzwole|72/100
|-damage|p2a: Buzzwole|59/100|[from] Stealth Rock
|move|p1a: Blissey|Thunder Wave|p2a: Buzzwole
|-status|p2a: Buzzwole|par
|
|upkeep
|turn|22
|
|t:|1659134813
|switch|p1a: Slowbro|Slowbro, F|89/100
|-damage|p1a: Slowbro|77/100|[from] Stealth Rock
|cant|p2a: Buzzwole|par
|
|upkeep
|turn|23
|
|t:|1659134815
|move|p2a: Buzzwole|Leech Life|p1a: Slowbro
|-supereffective|p1a: Slowbro
|-damage|p1a: Slowbro|0 fnt
|-heal|p2a: Buzzwole|99/100 par|[from] drain|[of] p1a: Slowbro
|-damage|p2a: Buzzwole|83/100 par|[from] item: Rocky Helmet|[of] p1a: Slowbro
|faint|p1a: Slowbro
|-ability|p2a: Buzzwole|Beast Boost|boost
|-boost|p2a: Buzzwole|atk|1
|
|upkeep
|
|t:|1659134819
|switch|p1a: Tapu Lele|Tapu Lele|82/100 tox
|-damage|p1a: Tapu Lele|70/100 tox|[from] Stealth Rock
|-fieldstart|move: Psychic Terrain|[from] ability: Psychic Surge|[of] p1a: Tapu Lele
|turn|24
|
|t:|1659134822
|switch|p2a: Tapu Koko|Tapu Koko|100/100
|-fieldstart|move: Electric Terrain|[from] ability: Electric Surge|[of] p2a: Tapu Koko
|move|p1a: Tapu Lele|Psychic|p2a: Tapu Koko
|-damage|p2a: Tapu Koko|0 fnt
|faint|p2a: Tapu Koko
|
|-damage|p1a: Tapu Lele|64/100 tox|[from] psn
|upkeep
|
|t:|1659134827
|switch|p2a: Blacephalon|Blacephalon|61/100
|-damage|p2a: Blacephalon|37/100|[from] Stealth Rock
|turn|25
|
|t:|1659134834
|switch|p1a: Blissey|Blissey, F|66/100
|move|p2a: Blacephalon|Shadow Ball|p1a: Blissey
|-immune|p1a: Blissey
|
|upkeep
|turn|26
|
|t:|1659134836
|switch|p2a: Buzzwole|Buzzwole|83/100 par
|-damage|p2a: Buzzwole|71/100 par|[from] Stealth Rock
|move|p1a: Blissey|Thunder Wave|p2a: Buzzwole
|-fail|p2a: Buzzwole|par
|
|upkeep
|turn|27
|
|t:|1659134840
|switch|p1a: Urshifu|Urshifu-Rapid-Strike, M|25/100
|-damage|p1a: Urshifu|19/100|[from] Stealth Rock
|move|p2a: Buzzwole|Close Combat|p1a: Urshifu
|-crit|p1a: Urshifu
|-damage|p1a: Urshifu|0 fnt
|-unboost|p2a: Buzzwole|def|1
|-unboost|p2a: Buzzwole|spd|1
|faint|p1a: Urshifu
|-ability|p2a: Buzzwole|Beast Boost|boost
|-boost|p2a: Buzzwole|atk|1
|
|upkeep
|
|t:|1659134842
|switch|p1a: Tapu Lele|Tapu Lele|64/100 tox
|-damage|p1a: Tapu Lele|51/100 tox|[from] Stealth Rock
|-fieldstart|move: Psychic Terrain|[from] ability: Psychic Surge|[of] p1a: Tapu Lele
|turn|28
|
|t:|1659134849
|move|p1a: Tapu Lele|Psychic|p2a: Buzzwole
|-supereffective|p2a: Buzzwole
|-damage|p2a: Buzzwole|0 fnt
|faint|p2a: Buzzwole
|
|-damage|p1a: Tapu Lele|45/100 tox|[from] psn
|upkeep
|
|t:|1659134850
|switch|p2a: Blacephalon|Blacephalon|37/100
|-damage|p2a: Blacephalon|12/100|[from] Stealth Rock
|turn|29
|
|t:|1659134884
|switch|p1a: Blissey|Blissey, F|66/100
|move|p2a: Blacephalon|Flamethrower|p1a: Blissey
|-damage|p1a: Blissey|48/100
|
|upkeep
|turn|30
|
|t:|1659134887
|move|p2a: Blacephalon|Flamethrower|p1a: Blissey
|-damage|p1a: Blissey|30/100
|move|p1a: Blissey|Soft-Boiled|p1a: Blissey
|-heal|p1a: Blissey|80/100
|
|upkeep
|turn|31
|
|t:|1659134889
|move|p2a: Blacephalon|Flamethrower|p1a: Blissey
|-crit|p1a: Blissey
|-damage|p1a: Blissey|51/100
|move|p1a: Blissey|Thunder Wave|p2a: Blacephalon
|-status|p2a: Blacephalon|par
|
|upkeep
|turn|32
|
|t:|1659134891
|cant|p2a: Blacephalon|par
|move|p1a: Blissey|Teleport|p1a: Blissey
|
|t:|1659134892
|switch|p1a: Tapu Lele|Tapu Lele|45/100 tox|[from]move: Teleport
|-damage|p1a: Tapu Lele|33/100 tox|[from] Stealth Rock
|
|-damage|p1a: Tapu Lele|27/100 tox|[from] psn
|-fieldend|move: Psychic Terrain
|upkeep
|turn|33
|-message|JooshP forfeited.
|
|win|LT91BB rrm
|raw|LT91BB rrm's rating: 1743 &rarr; <strong>1765</strong><br />(+22 for winning)
|raw|JooshP's rating: 1777 &rarr; <strong>1755</strong><br />(-22 for losing)
|l|☆JooshP
|l| lRustyX
||Ladder isn't responding, score probably updated but might not have (Request timeout).
