|j|☆Arreat
|j|☆Forwards
|t:|1657560160
|gametype|singles
|player|p1|Arreat|bruno-gen3|1646
|player|p2|Forwards|leon|1609
|teamsize|p1|6
|teamsize|p2|6
|gen|8
|tier|[Gen 8] OU
|rated|
|rule|Sleep Clause Mod: Limit one foe put to sleep
|rule|Species Clause: Limit one of each Pokémon
|rule|OHKO Clause: OHKO moves are banned
|rule|Evasion Moves Clause: Evasion moves are banned
|rule|Endless Battle Clause: Forcing endless battles is banned
|rule|HP Percentage Mod: HP is shown in percentages
|rule|Dynamax Clause: You cannot dynamax
|clearpoke
|poke|p1|Kartana|
|poke|p1|Weavile, F|
|poke|p1|Dragapult, M|
|poke|p1|Heatran, M|
|poke|p1|Rotom-Wash|
|poke|p1|Landorus-Therian, M|
|poke|p2|Pelipper, M|
|poke|p2|Kingdra, M|
|poke|p2|Urshifu-*, F|
|poke|p2|Melmetal|
|poke|p2|Marowak-Alola, F|
|poke|p2|Barraskewda, M|
|teampreview
|inactive|Battle timer is ON: inactive players will automatically lose when time's up. (requested by Arreat)
|
|t:|1657560175
|start
|switch|p1a: Dragapult|Dragapult, M|100/100
|switch|p2a: Pelipper|Pelipper, M|100/100
|-weather|RainDance|[from] ability: Drizzle|[of] p2a: Pelipper
|turn|1
|
|t:|1657560179
|switch|p2a: Melmetal|Melmetal|100/100
|move|p1a: Dragapult|Shadow Ball|p2a: Melmetal
|-damage|p2a: Melmetal|75/100
|
|-weather|RainDance|[upkeep]
|upkeep
|turn|2
|
|t:|1657560185
|switch|p1a: Rotom|Rotom-Wash|100/100
|switch|p2a: Kingdra|Kingdra, M|100/100
|
|-weather|RainDance|[upkeep]
|upkeep
|turn|3
|
|t:|1657560189
|move|p2a: Kingdra|Draco Meteor|p1a: Rotom
|-damage|p1a: Rotom|35/100
|-unboost|p2a: Kingdra|spa|2
|move|p1a: Rotom|Thunder Wave|p2a: Kingdra
|-status|p2a: Kingdra|par
|
|-weather|RainDance|[upkeep]
|-heal|p1a: Rotom|42/100|[from] item: Leftovers
|upkeep
|turn|4
|
|t:|1657560194
|switch|p2a: Marowak|Marowak-Alola, F|100/100
|move|p1a: Rotom|Pain Split|p2a: Marowak
|-sethp|p2a: Marowak|74/100|[from] move: Pain Split|[silent]
|-sethp|p1a: Rotom|64/100|[from] move: Pain Split
|
|-weather|RainDance|[upkeep]
|-heal|p1a: Rotom|70/100|[from] item: Leftovers
|upkeep
|turn|5
|
|t:|1657560198
|move|p1a: Rotom|Hydro Pump|p2a: Marowak
|-supereffective|p2a: Marowak
|-crit|p2a: Marowak
|-damage|p2a: Marowak|0 fnt
|faint|p2a: Marowak
|
|-weather|RainDance|[upkeep]
|-heal|p1a: Rotom|76/100|[from] item: Leftovers
|upkeep
|
|t:|1657560203
|switch|p2a: Urshifu|Urshifu-Rapid-Strike, F|100/100
|turn|6
|
|t:|1657560214
|switch|p1a: Landorus|Landorus-Therian, M|100/100
|-ability|p1a: Landorus|Intimidate|boost
|-unboost|p2a: Urshifu|atk|1
|move|p2a: Urshifu|U-turn|p1a: Landorus
|-resisted|p1a: Landorus
|-damage|p1a: Landorus|88/100
|
|t:|1657560220
|switch|p2a: Barraskewda|Barraskewda, M|100/100|[from]move: U-turn
|
|-weather|RainDance|[upkeep]
|-heal|p1a: Landorus|94/100|[from] item: Leftovers
|upkeep
|turn|7
|
|t:|1657560225
|move|p2a: Barraskewda|Liquidation|p1a: Landorus
|-supereffective|p1a: Landorus
|-damage|p1a: Landorus|0 fnt
|faint|p1a: Landorus
|-damage|p2a: Barraskewda|91/100|[from] item: Life Orb
|
|-weather|RainDance|[upkeep]
|upkeep
|
|t:|1657560232
|switch|p1a: Kartana|Kartana, shiny|100/100
|turn|8
|
|t:|1657560235
|move|p2a: Barraskewda|Close Combat|p1a: Kartana
|-supereffective|p1a: Kartana
|-damage|p1a: Kartana|0 fnt
|-unboost|p2a: Barraskewda|def|1
|-unboost|p2a: Barraskewda|spd|1
|faint|p1a: Kartana
|-damage|p2a: Barraskewda|81/100|[from] item: Life Orb
|
|-weather|none
|upkeep
|
|t:|1657560240
|switch|p1a: Weavile|Weavile, F|100/100
|-ability|p1a: Weavile|Pressure
|turn|9
|
|t:|1657560243
|move|p2a: Barraskewda|Close Combat|p1a: Weavile
|-supereffective|p1a: Weavile
|-damage|p1a: Weavile|0 fnt
|-unboost|p2a: Barraskewda|def|1
|-unboost|p2a: Barraskewda|spd|1
|faint|p1a: Weavile
|-damage|p2a: Barraskewda|71/100|[from] item: Life Orb
|
|upkeep
|
|t:|1657560246
|switch|p1a: Dragapult|Dragapult, M|100/100
|turn|10
|
|t:|1657560249
|switch|p2a: Pelipper|Pelipper, M|100/100
|-weather|RainDance|[from] ability: Drizzle|[of] p2a: Pelipper
|move|p1a: Dragapult|Shadow Ball|p2a: Pelipper
|-damage|p2a: Pelipper|24/100
|
|-weather|RainDance|[upkeep]
|upkeep
|turn|11
|
|t:|1657560252
|switch|p2a: Kingdra|Kingdra, M|100/100 par
|move|p1a: Dragapult|Shadow Ball|p2a: Kingdra
|-damage|p2a: Kingdra|41/100 par
|
|-weather|RainDance|[upkeep]
|upkeep
|turn|12
|
|t:|1657560254
|move|p1a: Dragapult|Shadow Ball|p2a: Kingdra
|-damage|p2a: Kingdra|0 fnt
|faint|p2a: Kingdra
|
|-weather|RainDance|[upkeep]
|upkeep
|
|t:|1657560256
|switch|p2a: Urshifu|Urshifu-Rapid-Strike, F|100/100
|turn|13
|
|t:|1657560259
|move|p1a: Dragapult|Shadow Ball|p2a: Urshifu
|-damage|p2a: Urshifu|20/100
|move|p2a: Urshifu|Surging Strikes|p1a: Dragapult
|-resisted|p1a: Dragapult
|-crit|p1a: Dragapult
|-damage|p1a: Dragapult|73/100
|-resisted|p1a: Dragapult
|-crit|p1a: Dragapult
|-damage|p1a: Dragapult|43/100
|-resisted|p1a: Dragapult
|-crit|p1a: Dragapult
|-damage|p1a: Dragapult|14/100
|-hitcount|p1a: Dragapult|3
|
|-weather|RainDance|[upkeep]
|upkeep
|turn|14
|
|t:|1657560264
|move|p1a: Dragapult|Shadow Ball|p2a: Urshifu
|-damage|p2a: Urshifu|0 fnt
|faint|p2a: Urshifu
|
|-weather|RainDance|[upkeep]
|upkeep
|
|t:|1657560266
|switch|p2a: Melmetal|Melmetal|75/100
|turn|15
|
|t:|1657560270
|switch|p1a: Heatran|Heatran, M|100/100
|move|p2a: Melmetal|Double Iron Bash|p1a: Heatran
|-resisted|p1a: Heatran
|-damage|p1a: Heatran|95/100
|-resisted|p1a: Heatran
|-damage|p1a: Heatran|89/100
|-status|p2a: Melmetal|brn|[from] ability: Flame Body|[of] p1a: Heatran
|-hitcount|p1a: Heatran|2
|
|-weather|RainDance|[upkeep]
|-heal|p1a: Heatran|96/100|[from] item: Leftovers
|-damage|p2a: Melmetal|69/100 brn|[from] brn
|upkeep
|turn|16
|
|t:|1657560273
|move|p1a: Heatran|Stealth Rock|p2a: Melmetal
|-sidestart|p2: Forwards|move: Stealth Rock
|move|p2a: Melmetal|Earthquake|p1a: Heatran
|-supereffective|p1a: Heatran
|-damage|p1a: Heatran|55/100
|
|-weather|RainDance|[upkeep]
|-heal|p1a: Heatran|61/100|[from] item: Leftovers
|-damage|p2a: Melmetal|63/100 brn|[from] brn
|upkeep
|turn|17
|
|t:|1657560281
|switch|p1a: Rotom|Rotom-Wash|76/100
|switch|p2a: Pelipper|Pelipper, M|24/100
|-damage|p2a: Pelipper|0 fnt|[from] Stealth Rock
|faint|p2a: Pelipper
|
|-weather|none
|-heal|p1a: Rotom|83/100|[from] item: Leftovers
|upkeep
|
|t:|1657560285
|switch|p2a: Barraskewda|Barraskewda, M|71/100
|-damage|p2a: Barraskewda|59/100|[from] Stealth Rock
|turn|18
|
|t:|1657560288
|switch|p1a: Heatran|Heatran, M|61/100
|move|p2a: Barraskewda|Close Combat|p1a: Heatran
|-supereffective|p1a: Heatran
|-damage|p1a: Heatran|0 fnt
|-unboost|p2a: Barraskewda|def|1
|-unboost|p2a: Barraskewda|spd|1
|-status|p2a: Barraskewda|brn|[from] ability: Flame Body|[of] p1a: Heatran
|faint|p1a: Heatran
|-damage|p2a: Barraskewda|49/100 brn|[from] item: Life Orb
|
|-damage|p2a: Barraskewda|43/100 brn|[from] brn
|upkeep
|
|t:|1657560294
|switch|p1a: Rotom|Rotom-Wash|83/100
|turn|19
|
|t:|1657560296
|move|p2a: Barraskewda|Close Combat|p1a: Rotom
|-damage|p1a: Rotom|54/100
|-unboost|p2a: Barraskewda|def|1
|-unboost|p2a: Barraskewda|spd|1
|-damage|p2a: Barraskewda|33/100 brn|[from] item: Life Orb
|move|p1a: Rotom|Volt Switch|p2a: Barraskewda
|-supereffective|p2a: Barraskewda
|-damage|p2a: Barraskewda|0 fnt
|faint|p2a: Barraskewda
|
|t:|1657560299
|switch|p1a: Dragapult|Dragapult, M|14/100|[from]move: Volt Switch
|
|upkeep
|
|t:|1657560301
|switch|p2a: Melmetal|Melmetal|63/100 brn
|-damage|p2a: Melmetal|56/100 brn|[from] Stealth Rock
|turn|20
|
|t:|1657560304
|move|p1a: Dragapult|Flamethrower|p2a: Melmetal
|-supereffective|p2a: Melmetal
|-damage|p2a: Melmetal|19/100 brn
|move|p2a: Melmetal|Double Iron Bash|p1a: Dragapult
|-damage|p1a: Dragapult|0 fnt
|faint|p1a: Dragapult
|-hitcount|p1: Dragapult|1
|
|-damage|p2a: Melmetal|12/100 brn|[from] brn
|upkeep
|
|t:|1657560306
|switch|p1a: Rotom|Rotom-Wash|54/100
|turn|21
|
|t:|1657560310
|move|p1a: Rotom|Volt Switch|p2a: Melmetal
|-damage|p2a: Melmetal|0 fnt
|faint|p2a: Melmetal
|
|win|Arreat
|raw|Arreat's rating: 1646 &rarr; <strong>1664</strong><br />(+18 for winning)
|raw|Forwards's rating: 1609 &rarr; <strong>1591</strong><br />(-18 for losing)
