|j|☆bizarman
|j|☆xiuxiuxue
|t:|1662190137
|gametype|singles
|player|p1|bizarman|scientist-gen4|1560
|player|p2|xiuxiuxue|hilda-wonderlauncher|1579
|teamsize|p1|6
|teamsize|p2|6
|gen|8
|tier|[Gen 8] OU
|rated|
|rule|Sleep Clause Mod: Limit one foe put to sleep
|rule|Species Clause: Limit one of each Pokémon
|rule|OHKO Clause: OHKO moves are banned
|rule|Evasion Items Clause: Evasion items are banned
|rule|Evasion Moves Clause: Evasion moves are banned
|rule|Endless Battle Clause: Forcing endless battles is banned
|rule|HP Percentage Mod: HP is shown in percentages
|rule|Dynamax Clause: You cannot dynamax
|clearpoke
|poke|p1|Corviknight, F|
|poke|p1|Victini|
|poke|p1|Tapu Koko|
|poke|p1|Nihilego|
|poke|p1|Landorus-Therian, M|
|poke|p1|Urshifu-*, F|
|poke|p2|Melmetal|
|poke|p2|Cresselia, F|
|poke|p2|Crawdaunt, M|
|poke|p2|Hatterene, F|
|poke|p2|Porygon2|
|poke|p2|Marowak-Alola, M|
|teampreview
|j| Piratekingsma
|inactive|Battle timer is ON: inactive players will automatically lose when time's up. (requested by bizarman)
|
|t:|1662190155
|start
|switch|p1a: Corviknight|Corviknight, F|100/100
|switch|p2a: Hatterene|Hatterene, F, shiny|100/100
|-ability|p1a: Corviknight|Pressure
|turn|1
|
|t:|1662190161
|move|p1a: Corviknight|Substitute|p1a: Corviknight
|-start|p1a: Corviknight|Substitute
|-damage|p1a: Corviknight|76/100
|move|p2a: Hatterene|Trick Room|p2a: Hatterene
|-fieldstart|move: Trick Room|[of] p2a: Hatterene
|
|-heal|p1a: Corviknight|82/100|[from] item: Leftovers
|upkeep
|turn|2
|
|t:|1662190167
|move|p2a: Hatterene|Mystical Fire|p1a: Corviknight
|-supereffective|p1a: Corviknight
|-end|p1a: Corviknight|Substitute
|move|p1a: Corviknight|Bulk Up|p1a: Corviknight
|-boost|p1a: Corviknight|atk|1
|-boost|p1a: Corviknight|def|1
|
|-heal|p1a: Corviknight|88/100|[from] item: Leftovers
|upkeep
|turn|3
|
|t:|1662190176
|move|p2a: Hatterene|Mystical Fire|p1a: Corviknight
|-supereffective|p1a: Corviknight
|-damage|p1a: Corviknight|52/100
|-unboost|p1a: Corviknight|spa|1
|move|p1a: Corviknight|Substitute|p1a: Corviknight
|-start|p1a: Corviknight|Substitute
|-damage|p1a: Corviknight|27/100
|
|-heal|p1a: Corviknight|33/100|[from] item: Leftovers
|upkeep
|turn|4
|
|t:|1662190185
|move|p2a: Hatterene|Mystical Fire|p1a: Corviknight
|-supereffective|p1a: Corviknight
|-end|p1a: Corviknight|Substitute
|move|p1a: Corviknight|Roost|p1a: Corviknight
|-heal|p1a: Corviknight|83/100
|-singleturn|p1a: Corviknight|move: Roost
|
|-heal|p1a: Corviknight|89/100|[from] item: Leftovers
|upkeep
|turn|5
|
|t:|1662190194
|move|p2a: Hatterene|Mystical Fire|p1a: Corviknight
|-supereffective|p1a: Corviknight
|-damage|p1a: Corviknight|49/100
|-unboost|p1a: Corviknight|spa|1
|move|p1a: Corviknight|Substitute|p1a: Corviknight
|-start|p1a: Corviknight|Substitute
|-damage|p1a: Corviknight|25/100
|
|-heal|p1a: Corviknight|31/100|[from] item: Leftovers
|-fieldend|move: Trick Room
|upkeep
|turn|6
|j| Chiwis Del Norte
|
|t:|1662190204
|move|p1a: Corviknight|Roost|p1a: Corviknight
|-heal|p1a: Corviknight|81/100
|-singleturn|p1a: Corviknight|move: Roost
|move|p2a: Hatterene|Mystical Fire|p1a: Corviknight
|-supereffective|p1a: Corviknight
|-end|p1a: Corviknight|Substitute
|
|-heal|p1a: Corviknight|87/100|[from] item: Leftovers
|upkeep
|turn|7
|
|t:|1662190213
|move|p1a: Corviknight|Bulk Up|p1a: Corviknight
|-boost|p1a: Corviknight|atk|1
|-boost|p1a: Corviknight|def|1
|move|p2a: Hatterene|Trick Room|p2a: Hatterene
|-fieldstart|move: Trick Room|[of] p2a: Hatterene
|
|-heal|p1a: Corviknight|93/100|[from] item: Leftovers
|upkeep
|turn|8
|
|t:|1662190219
|switch|p2a: Marowak|Marowak-Alola, M, shiny|100/100
|move|p1a: Corviknight|Substitute|p1a: Corviknight
|-start|p1a: Corviknight|Substitute
|-damage|p1a: Corviknight|68/100
|
|-heal|p1a: Corviknight|74/100|[from] item: Leftovers
|upkeep
|turn|9
|
|t:|1662190239
|move|p2a: Marowak|Swords Dance|p2a: Marowak
|-boost|p2a: Marowak|atk|2
|move|p1a: Corviknight|Substitute|p1a: Corviknight
|-fail|p1a: Corviknight|move: Substitute
|
|-heal|p1a: Corviknight|80/100|[from] item: Leftovers
|upkeep
|turn|10
|
|t:|1662190249
|move|p2a: Marowak|Flare Blitz|p1a: Corviknight
|-supereffective|p1a: Corviknight
|-end|p1a: Corviknight|Substitute
|move|p1a: Corviknight|Substitute|p1a: Corviknight
|-start|p1a: Corviknight|Substitute
|-damage|p1a: Corviknight|55/100
|
|-heal|p1a: Corviknight|61/100|[from] item: Leftovers
|upkeep
|turn|11
|
|t:|1662190256
|move|p2a: Marowak|Flare Blitz|p1a: Corviknight
|-supereffective|p1a: Corviknight
|-end|p1a: Corviknight|Substitute
|move|p1a: Corviknight|Brave Bird|p2a: Marowak
|-damage|p2a: Marowak|30/100
|-damage|p1a: Corviknight|42/100|[from] Recoil
|
|-heal|p1a: Corviknight|48/100|[from] item: Leftovers
|-fieldend|move: Trick Room
|upkeep
|turn|12
|
|t:|1662190265
|move|p1a: Corviknight|Brave Bird|p2a: Marowak
|-damage|p2a: Marowak|0 fnt
|faint|p2a: Marowak
|-damage|p1a: Corviknight|41/100|[from] Recoil
|
|-heal|p1a: Corviknight|47/100|[from] item: Leftovers
|upkeep
|
|t:|1662190271
|switch|p2a: Melmetal|Melmetal|100/100
|turn|13
|
|t:|1662190276
|move|p1a: Corviknight|Roost|p1a: Corviknight
|-heal|p1a: Corviknight|97/100
|-singleturn|p1a: Corviknight|move: Roost
|move|p2a: Melmetal|Thunder Punch|p1a: Corviknight
|-damage|p1a: Corviknight|75/100
|
|-heal|p1a: Corviknight|81/100|[from] item: Leftovers
|upkeep
|turn|14
|
|t:|1662190283
|switch|p2a: Hatterene|Hatterene, F, shiny|100/100
|move|p1a: Corviknight|Bulk Up|p1a: Corviknight
|-boost|p1a: Corviknight|atk|1
|-boost|p1a: Corviknight|def|1
|
|-heal|p1a: Corviknight|87/100|[from] item: Leftovers
|upkeep
|turn|15
|
|t:|1662190291
|move|p1a: Corviknight|Substitute|p1a: Corviknight
|-start|p1a: Corviknight|Substitute
|-damage|p1a: Corviknight|63/100
|move|p2a: Hatterene|Mystical Fire|p1a: Corviknight
|-supereffective|p1a: Corviknight
|-end|p1a: Corviknight|Substitute
|
|-heal|p1a: Corviknight|69/100|[from] item: Leftovers
|upkeep
|turn|16
|
|t:|1662190299
|move|p1a: Corviknight|Substitute|p1a: Corviknight
|-start|p1a: Corviknight|Substitute
|-damage|p1a: Corviknight|44/100
|move|p2a: Hatterene|Trick Room|p2a: Hatterene
|-fieldstart|move: Trick Room|[of] p2a: Hatterene
|
|-heal|p1a: Corviknight|50/100|[from] item: Leftovers
|upkeep
|turn|17
|
|t:|1662190305
|switch|p2a: Melmetal|Melmetal|100/100
|move|p1a: Corviknight|Roost|p1a: Corviknight
|-heal|p1a: Corviknight|99/100
|-singleturn|p1a: Corviknight|move: Roost
|
|-heal|p1a: Corviknight|100/100|[from] item: Leftovers
|upkeep
|turn|18
|
|t:|1662190313
|move|p2a: Melmetal|Double Iron Bash|p1a: Corviknight
|-resisted|p1a: Corviknight
|-activate|p1a: Corviknight|move: Substitute|[damage]
|-resisted|p1a: Corviknight
|-activate|p1a: Corviknight|move: Substitute|[damage]
|-hitcount|p1a: Corviknight|2
|move|p1a: Corviknight|Bulk Up|p1a: Corviknight
|-boost|p1a: Corviknight|atk|1
|-boost|p1a: Corviknight|def|1
|
|upkeep
|turn|19
|
|t:|1662190321
|move|p2a: Melmetal|Double Iron Bash|p1a: Corviknight
|-resisted|p1a: Corviknight
|-end|p1a: Corviknight|Substitute
|-resisted|p1a: Corviknight
|-damage|p1a: Corviknight|91/100
|-hitcount|p1a: Corviknight|2
|move|p1a: Corviknight|Bulk Up|p1a: Corviknight
|-boost|p1a: Corviknight|atk|1
|-boost|p1a: Corviknight|def|1
|
|-heal|p1a: Corviknight|97/100|[from] item: Leftovers
|upkeep
|turn|20
|
|t:|1662190330
|switch|p2a: Porygon2|Porygon2, shiny|100/100
|-ability|p2a: Porygon2|Download|boost
|-boost|p2a: Porygon2|spa|1
|move|p1a: Corviknight|Bulk Up|p1a: Corviknight
|-boost|p1a: Corviknight|atk|1
|-boost|p1a: Corviknight|def|1
|
|-heal|p1a: Corviknight|100/100|[from] item: Leftovers
|-fieldend|move: Trick Room
|upkeep
|turn|21
|
|t:|1662190340
|move|p1a: Corviknight|Substitute|p1a: Corviknight
|-start|p1a: Corviknight|Substitute
|-damage|p1a: Corviknight|76/100
|move|p2a: Porygon2|Thunderbolt|p1a: Corviknight
|-supereffective|p1a: Corviknight
|-end|p1a: Corviknight|Substitute
|
|-heal|p1a: Corviknight|82/100|[from] item: Leftovers
|upkeep
|turn|22
|
|t:|1662190346
|move|p1a: Corviknight|Brave Bird|p2a: Porygon2
|-damage|p2a: Porygon2|4/100
|-damage|p1a: Corviknight|52/100|[from] Recoil
|move|p2a: Porygon2|Trick Room|p2a: Porygon2
|-fieldstart|move: Trick Room|[of] p2a: Porygon2
|
|-heal|p1a: Corviknight|58/100|[from] item: Leftovers
|upkeep
|turn|23
|
|t:|1662190354
|move|p2a: Porygon2|Thunderbolt|p1a: Corviknight
|-supereffective|p1a: Corviknight
|-damage|p1a: Corviknight|0 fnt
|faint|p1a: Corviknight
|
|upkeep
|
|t:|1662190364
|switch|p1a: Victini|Victini|100/100
|turn|24
|
|t:|1662190367
|move|p2a: Porygon2|Thunderbolt|p1a: Victini
|-crit|p1a: Victini
|-damage|p1a: Victini|34/100
|move|p1a: Victini|U-turn|p2a: Porygon2
|-damage|p2a: Porygon2|0 fnt
|faint|p2a: Porygon2
|
|t:|1662190376
|switch|p1a: Landorus|Landorus-Therian, M|100/100|[from]move: U-turn
|
|upkeep
|
|t:|1662190380
|switch|p2a: Melmetal|Melmetal|100/100
|turn|25
|l| Piratekingsma
|
|t:|1662190388
|move|p2a: Melmetal|Double Iron Bash|p1a: Landorus
|-damage|p1a: Landorus|30/100
|-damage|p1a: Landorus|0 fnt
|faint|p1a: Landorus
|-hitcount|p1: Landorus|2
|
|upkeep
|
|t:|1662190405
|switch|p1a: Tapu Koko|Tapu Koko|100/100
|-fieldstart|move: Electric Terrain|[from] ability: Electric Surge|[of] p1a: Tapu Koko
|turn|26
|
|t:|1662190409
|move|p2a: Melmetal|Double Iron Bash|p1a: Tapu Koko
|-damage|p1a: Tapu Koko|4/100
|-damage|p1a: Tapu Koko|0 fnt
|faint|p1a: Tapu Koko
|-hitcount|p1: Tapu Koko|2
|
|-fieldend|move: Trick Room
|upkeep
|
|t:|1662190415
|switch|p1a: Urshifu|Urshifu-Rapid-Strike, F|100/100
|turn|27
|
|t:|1662190429
|switch|p2a: Knocked|Crawdaunt, M, shiny|100/100
|move|p1a: Urshifu|Surging Strikes|p2a: Knocked
|-resisted|p2a: Knocked
|-crit|p2a: Knocked
|-damage|p2a: Knocked|82/100
|-resisted|p2a: Knocked
|-crit|p2a: Knocked
|-damage|p2a: Knocked|65/100
|-resisted|p2a: Knocked
|-crit|p2a: Knocked
|-damage|p2a: Knocked|49/100
|-hitcount|p2a: Knocked|3
|
|upkeep
|turn|28
|
|t:|1662190438
|move|p2a: Knocked|Aqua Jet|p1a: Urshifu
|-resisted|p1a: Urshifu
|-damage|p1a: Urshifu|83/100
|-damage|p2a: Knocked|39/100|[from] item: Life Orb
|move|p1a: Urshifu|Surging Strikes|p2a: Knocked
|-resisted|p2a: Knocked
|-crit|p2a: Knocked
|-damage|p2a: Knocked|23/100
|-resisted|p2a: Knocked
|-crit|p2a: Knocked
|-damage|p2a: Knocked|6/100
|-resisted|p2a: Knocked
|-crit|p2a: Knocked
|-damage|p2a: Knocked|0 fnt
|faint|p2a: Knocked
|-hitcount|p2: Knocked|3
|
|upkeep
|
|t:|1662190450
|switch|p2a: Hatterene|Hatterene, F, shiny|100/100
|turn|29
|
|t:|1662190454
|move|p1a: Urshifu|Surging Strikes|p2a: Hatterene
|-crit|p2a: Hatterene
|-damage|p2a: Hatterene|69/100
|-crit|p2a: Hatterene
|-damage|p2a: Hatterene|37/100
|-crit|p2a: Hatterene
|-damage|p2a: Hatterene|8/100
|-hitcount|p2a: Hatterene|3
|move|p2a: Hatterene|Trick Room|p2a: Hatterene
|-fieldstart|move: Trick Room|[of] p2a: Hatterene
|
|upkeep
|turn|30
|
|t:|1662190465
|switch|p1a: Nihilego|Nihilego|100/100
|move|p2a: Hatterene|Psychic|p1a: Nihilego
|-supereffective|p1a: Nihilego
|-damage|p1a: Nihilego|26/100
|
|-fieldend|move: Electric Terrain
|upkeep
|turn|31
|
|t:|1662190472
|move|p2a: Hatterene|Healing Wish|p2a: Hatterene
|faint|p2a: Hatterene
|move|p1a: Nihilego|Sludge Wave|p2: Hatterene|[notarget]
|-fail|p1a: Nihilego
|
|upkeep
|j| SunQdl
|
|t:|1662190477
|switch|p2a: Melmetal|Melmetal|100/100
|turn|32
|j| Piratekingsma
|
|t:|1662190480
|move|p2a: Melmetal|Double Iron Bash|p1a: Nihilego
|-supereffective|p1a: Nihilego
|-damage|p1a: Nihilego|0 fnt
|faint|p1a: Nihilego
|-hitcount|p1: Nihilego|1
|
|upkeep
|j| fantominus83
|l| Piratekingsma
|
|t:|1662190495
|switch|p1a: Urshifu|Urshifu-Rapid-Strike, F|83/100
|turn|33
|
|t:|1662190498
|move|p2a: Melmetal|Double Iron Bash|p1a: Urshifu
|-resisted|p1a: Urshifu
|-damage|p1a: Urshifu|48/100
|-resisted|p1a: Urshifu
|-damage|p1a: Urshifu|12/100
|-hitcount|p1a: Urshifu|2
|cant|p1a: Urshifu|flinch
|
|-fieldend|move: Trick Room
|upkeep
|turn|34
|
|t:|1662190511
|switch|p2a: Cresselia|Cresselia, F, shiny|100/100
|move|p1a: Urshifu|Surging Strikes|p2a: Cresselia
|-crit|p2a: Cresselia
|-damage|p2a: Cresselia|85/100
|-crit|p2a: Cresselia
|-damage|p2a: Cresselia|69/100
|-crit|p2a: Cresselia
|-damage|p2a: Cresselia|55/100
|-hitcount|p2a: Cresselia|3
|
|upkeep
|turn|35
|
|t:|1662190520
|move|p1a: Urshifu|Surging Strikes|p2a: Cresselia
|-crit|p2a: Cresselia
|-damage|p2a: Cresselia|39/100
|-crit|p2a: Cresselia
|-damage|p2a: Cresselia|25/100
|-crit|p2a: Cresselia
|-damage|p2a: Cresselia|9/100
|-hitcount|p2a: Cresselia|3
|move|p2a: Cresselia|Trick Room|p2a: Cresselia
|-fieldstart|move: Trick Room|[of] p2a: Cresselia
|
|upkeep
|turn|36
|-message|bizarman forfeited.
|
|win|xiuxiuxue
|raw|bizarman's rating: 1560 &rarr; <strong>1541</strong><br />(-19 for losing)
|raw|xiuxiuxue's rating: 1579 &rarr; <strong>1598</strong><br />(+19 for winning)
|l|☆bizarman
