|j|☆quixana
|j|☆cets on creck
|t:|1661321045
|gametype|singles
|player|p1|quixana|ethan-pokeathlon|1666
|player|p2|cets on creck|bugcatcher-gen4dp|1678
|teamsize|p1|6
|teamsize|p2|6
|gen|8
|tier|[Gen 8] OU
|rated|
|rule|Sleep Clause Mod: Limit one foe put to sleep
|rule|Species Clause: Limit one of each Pokémon
|rule|OHKO Clause: OHKO moves are banned
|rule|Evasion Items Clause: Evasion items are banned
|rule|Evasion Moves Clause: Evasion moves are banned
|rule|Endless Battle Clause: Forcing endless battles is banned
|rule|HP Percentage Mod: HP is shown in percentages
|rule|Dynamax Clause: You cannot dynamax
|clearpoke
|poke|p1|Tyranitar, M|
|poke|p1|Clefable, M|
|poke|p1|Excadrill, F|
|poke|p1|Tangrowth, F|
|poke|p1|Slowking-Galar, F|
|poke|p1|Rotom-Wash|
|poke|p2|Excadrill, F|
|poke|p2|Tyranitar, M|
|poke|p2|Kartana|
|poke|p2|Tornadus-Therian, M|
|poke|p2|Buzzwole|
|poke|p2|Slowking, M|
|teampreview
|
|t:|1661321070
|start
|switch|p1a: Rotom|Rotom-Wash, shiny|100/100
|switch|p2a: Slowking|Slowking, M|100/100
|turn|1
|inactive|Battle timer is ON: inactive players will automatically lose when time's up. (requested by cets on creck)
|
|t:|1661321100
|move|p1a: Rotom|Volt Switch|p2a: Slowking
|-supereffective|p2a: Slowking
|-crit|p2a: Slowking
|-damage|p2a: Slowking|56/100
|
|t:|1661321103
|switch|p1a: Clefable|Clefable, M, shiny|100/100|[from]move: Volt Switch
|move|p2a: Slowking|Future Sight|p1a: Clefable
|-start|p2a: Slowking|move: Future Sight
|
|upkeep
|turn|2
|
|t:|1661321110
|move|p1a: Clefable|Stealth Rock|p2a: Slowking
|-sidestart|p2: cets on creck|move: Stealth Rock
|move|p2a: Slowking|Teleport|p2a: Slowking
|
|t:|1661321121
|switch|p2a: Kartana|Kartana|100/100|[from]move: Teleport
|-damage|p2a: Kartana|94/100|[from] Stealth Rock
|
|upkeep
|turn|3
|
|t:|1661321130
|move|p2a: Kartana|Swords Dance|p2a: Kartana
|-boost|p2a: Kartana|atk|2
|move|p1a: Clefable|Soft-Boiled||[still]
|-fail|p1a: Clefable|heal
|
|-end|p1a: Clefable|move: Future Sight
|-damage|p1a: Clefable|60/100
|upkeep
|turn|4
|
|t:|1661321138
|switch|p1a: Tangrowth|Tangrowth, F, shiny|100/100
|move|p2a: Kartana|Knock Off|p1a: Tangrowth
|-damage|p1a: Tangrowth|58/100
|-damage|p2a: Kartana|78/100|[from] item: Rocky Helmet|[of] p1a: Tangrowth
|-enditem|p1a: Tangrowth|Rocky Helmet|[from] move: Knock Off|[of] p2a: Kartana
|
|upkeep
|turn|5
|
|t:|1661321146
|move|p2a: Kartana|Sacred Sword|p1a: Tangrowth
|-damage|p1a: Tangrowth|15/100
|move|p1a: Tangrowth|Focus Blast|p2a: Kartana
|-supereffective|p2a: Kartana
|-crit|p2a: Kartana
|-enditem|p2a: Kartana|Chople Berry|[eat]
|-enditem|p2a: Kartana|Chople Berry|[weaken]
|-damage|p2a: Kartana|0 fnt
|faint|p2a: Kartana
|
|upkeep
|c|☆cets on creck|lol
|c|☆cets on creck|kk
|c|☆quixana|?
|
|t:|1661321159
|switch|p2a: Tyranitar|Tyranitar, M|100/100
|-damage|p2a: Tyranitar|88/100|[from] Stealth Rock
|-weather|Sandstorm|[from] ability: Sand Stream|[of] p2a: Tyranitar
|turn|6
|c|☆cets on creck|? my ass
|
|t:|1661321188
|switch|p1a: Slowking|Slowking-Galar, F|100/100
|move|p2a: Tyranitar|Crunch|p1a: Slowking
|-supereffective|p1a: Slowking
|-damage|p1a: Slowking|2/100
|
|-weather|Sandstorm|[upkeep]
|-damage|p1a: Slowking|0 fnt|[from] Sandstorm
|faint|p1a: Slowking
|upkeep
|
|t:|1661321191
|switch|p1a: Clefable|Clefable, M, shiny|60/100
|turn|7
|
|t:|1661321197
|switch|p2a: Excadrill|Excadrill, F|100/100
|-damage|p2a: Excadrill|97/100|[from] Stealth Rock
|move|p1a: Clefable|Soft-Boiled|p1a: Clefable
|-heal|p1a: Clefable|100/100
|
|-weather|Sandstorm|[upkeep]
|-heal|p2a: Excadrill|100/100|[from] item: Leftovers
|upkeep
|turn|8
|
|t:|1661321200
|switch|p1a: Rotom|Rotom-Wash, shiny|100/100
|move|p2a: Excadrill|Rapid Spin|p1a: Rotom
|-damage|p1a: Rotom|81/100
|-boost|p2a: Excadrill|spe|1
|-sideend|p2: cets on creck|Stealth Rock|[from] move: Rapid Spin|[of] p2a: Excadrill
|
|-weather|Sandstorm|[upkeep]
|-damage|p1a: Rotom|75/100|[from] Sandstorm
|-heal|p1a: Rotom|81/100|[from] item: Leftovers
|upkeep
|turn|9
|
|t:|1661321207
|switch|p2a: Slowking|Slowking, M|90/100
|move|p1a: Rotom|Volt Switch|p2a: Slowking
|-supereffective|p2a: Slowking
|-damage|p2a: Slowking|57/100
|
|t:|1661321225
|switch|p1a: Tyranitar|Tyranitar, M, shiny|100/100|[from]move: Volt Switch
|
|-weather|Sandstorm|[upkeep]
|-damage|p2a: Slowking|51/100|[from] Sandstorm
|upkeep
|turn|10
|
|t:|1661321234
|switch|p2a: Buzzwole|Buzzwole|100/100
|move|p1a: Tyranitar|Aerial Ace|p2a: Buzzwole
|-supereffective|p2a: Buzzwole
|-damage|p2a: Buzzwole|9/100
|-damage|p1a: Tyranitar|84/100|[from] item: Rocky Helmet|[of] p2a: Buzzwole
|
|-weather|none
|upkeep
|turn|11
|
|t:|1661321242
|switch|p1a: Clefable|Clefable, M, shiny|100/100
|move|p2a: Buzzwole|Roost|p2a: Buzzwole
|-heal|p2a: Buzzwole|59/100
|-singleturn|p2a: Buzzwole|move: Roost
|
|upkeep
|turn|12
|
|t:|1661321250
|switch|p2a: Excadrill|Excadrill, F|100/100
|move|p1a: Clefable|Stealth Rock|p2a: Excadrill
|-sidestart|p2: cets on creck|move: Stealth Rock
|
|upkeep
|turn|13
|
|t:|1661321253
|move|p2a: Excadrill|Rapid Spin|p1a: Clefable
|-damage|p1a: Clefable|85/100
|-boost|p2a: Excadrill|spe|1
|-damage|p2a: Excadrill|84/100|[from] item: Rocky Helmet|[of] p1a: Clefable
|-sideend|p2: cets on creck|Stealth Rock|[from] move: Rapid Spin|[of] p2a: Excadrill
|move|p1a: Clefable|Flamethrower|p2a: Excadrill
|-supereffective|p2a: Excadrill
|-damage|p2a: Excadrill|29/100
|
|-heal|p2a: Excadrill|35/100|[from] item: Leftovers
|upkeep
|turn|14
|
|t:|1661321267
|switch|p2a: Tyranitar|Tyranitar, M|88/100
|-weather|Sandstorm|[from] ability: Sand Stream|[of] p2a: Tyranitar
|switch|p1a: Tangrowth|Tangrowth, F, shiny|48/100
|
|-weather|Sandstorm|[upkeep]
|-damage|p1a: Tangrowth|42/100|[from] Sandstorm
|upkeep
|turn|15
|inactive|quixana has 120 seconds left.
|
|t:|1661321299
|switch|p1a: Excadrill|Excadrill, F, shiny|100/100
|move|p2a: Tyranitar|Fire Punch|p1a: Excadrill
|-supereffective|p1a: Excadrill
|-damage|p1a: Excadrill|0 fnt
|faint|p1a: Excadrill
|
|-weather|Sandstorm|[upkeep]
|upkeep
|inactive|quixana has 120 seconds left.
|c|☆cets on creck|thank god youre trash
|c|☆quixana|fire punch
|c|☆quixana|was xtra
|c|☆quixana|lol
|
|t:|1661321334
|switch|p1a: Rotom|Rotom-Wash, shiny|81/100
|turn|16
|inactive|quixana has 90 seconds left.
|
|t:|1661321363
|switch|p2a: Slowking|Slowking, M|85/100
|move|p1a: Rotom|Volt Switch|p2a: Slowking
|-supereffective|p2a: Slowking
|-damage|p2a: Slowking|52/100
|
|t:|1661321384
|switch|p1a: Tangrowth|Tangrowth, F, shiny|75/100|[from]move: Volt Switch
|
|-weather|Sandstorm|[upkeep]
|-damage|p1a: Tangrowth|69/100|[from] Sandstorm
|-damage|p2a: Slowking|46/100|[from] Sandstorm
|upkeep
|turn|17
|inactive|quixana has 60 seconds left.
|
|t:|1661321401
|move|p1a: Tangrowth|Knock Off|p2a: Slowking
|-supereffective|p2a: Slowking
|-damage|p2a: Slowking|2/100
|-enditem|p2a: Slowking|Heavy-Duty Boots|[from] move: Knock Off|[of] p1a: Tangrowth
|move|p2a: Slowking|Slack Off|p2a: Slowking
|-heal|p2a: Slowking|52/100
|
|-weather|Sandstorm|[upkeep]
|-damage|p1a: Tangrowth|63/100|[from] Sandstorm
|-damage|p2a: Slowking|46/100|[from] Sandstorm
|upkeep
|turn|18
|
|t:|1661321408
|move|p1a: Tangrowth|Giga Drain|p2a: Slowking
|-supereffective|p2a: Slowking
|-damage|p2a: Slowking|14/100
|-heal|p1a: Tangrowth|79/100|[from] drain|[of] p2a: Slowking
|move|p2a: Slowking|Slack Off|p2a: Slowking
|-heal|p2a: Slowking|64/100
|
|-weather|none
|upkeep
|turn|19
|
|t:|1661321411
|move|p1a: Tangrowth|Toxic|p2a: Slowking
|-status|p2a: Slowking|tox
|move|p2a: Slowking|Slack Off|p2a: Slowking
|-heal|p2a: Slowking|100/100 tox
|
|-damage|p2a: Slowking|94/100 tox|[from] psn
|upkeep
|turn|20
|
|t:|1661321418
|switch|p1a: Tyranitar|Tyranitar, M, shiny|84/100
|-weather|Sandstorm|[from] ability: Sand Stream|[of] p1a: Tyranitar
|move|p2a: Slowking|Teleport|p2a: Slowking
|
|t:|1661321426
|switch|p2a: Excadrill|Excadrill, F|35/100|[from]move: Teleport
|
|-weather|Sandstorm|[upkeep]
|-heal|p2a: Excadrill|41/100|[from] item: Leftovers
|upkeep
|turn|21
|inactive|quixana has 90 seconds left.
|
|t:|1661321433
|switch|p1a: Tangrowth|Tangrowth, F, shiny|100/100
|move|p2a: Excadrill|Iron Head|p1a: Tangrowth
|-damage|p1a: Tangrowth|77/100
|
|-weather|Sandstorm|[upkeep]
|-damage|p1a: Tangrowth|70/100|[from] Sandstorm
|-heal|p2a: Excadrill|47/100|[from] item: Leftovers
|upkeep
|turn|22
|
|t:|1661321444
|switch|p2a: Slowking|Slowking, M|100/100 tox
|move|p1a: Tangrowth|Knock Off|p2a: Slowking
|-supereffective|p2a: Slowking
|-damage|p2a: Slowking|71/100 tox
|
|-weather|Sandstorm|[upkeep]
|-damage|p1a: Tangrowth|64/100|[from] Sandstorm
|-damage|p2a: Slowking|65/100 tox|[from] Sandstorm
|-damage|p2a: Slowking|59/100 tox|[from] psn
|upkeep
|turn|23
|inactive|quixana has 90 seconds left.
|
|t:|1661321461
|move|p1a: Tangrowth|Giga Drain|p2a: Slowking
|-supereffective|p2a: Slowking
|-damage|p2a: Slowking|25/100 tox
|-heal|p1a: Tangrowth|81/100|[from] drain|[of] p2a: Slowking
|move|p2a: Slowking|Teleport|p2a: Slowking
|
|t:|1661321466
|switch|p2a: Tornadus|Tornadus-Therian, M|100/100|[from]move: Teleport
|
|-weather|Sandstorm|[upkeep]
|-damage|p2a: Tornadus|94/100|[from] Sandstorm
|-damage|p1a: Tangrowth|75/100|[from] Sandstorm
|upkeep
|turn|24
|
|t:|1661321472
|switch|p1a: Rotom|Rotom-Wash, shiny|81/100
|move|p2a: Tornadus|Nasty Plot|p2a: Tornadus
|-boost|p2a: Tornadus|spa|2
|
|-weather|none
|-heal|p1a: Rotom|87/100|[from] item: Leftovers
|upkeep
|turn|25
|
|t:|1661321484
|move|p2a: Tornadus|Focus Blast|p1a: Rotom|[miss]
|-miss|p2a: Tornadus|p1a: Rotom
|move|p1a: Rotom|Pain Split|p2a: Tornadus
|-sethp|p2a: Tornadus|91/100|[from] move: Pain Split|[silent]
|-sethp|p1a: Rotom|90/100|[from] move: Pain Split
|
|-heal|p1a: Rotom|96/100|[from] item: Leftovers
|upkeep
|turn|26
|
|t:|1661321492
|move|p2a: Tornadus|Focus Blast|p1a: Rotom
|-damage|p1a: Rotom|38/100
|move|p1a: Rotom|Volt Switch|p2a: Tornadus
|-supereffective|p2a: Tornadus
|-damage|p2a: Tornadus|31/100
|
|t:|1661321498
|switch|p1a: Tyranitar|Tyranitar, M, shiny|84/100|[from]move: Volt Switch
|-weather|Sandstorm|[from] ability: Sand Stream|[of] p1a: Tyranitar
|
|-weather|Sandstorm|[upkeep]
|-damage|p2a: Tornadus|25/100|[from] Sandstorm
|upkeep
|turn|27
|
|t:|1661321502
|switch|p1a: Clefable|Clefable, M, shiny|85/100
|move|p2a: Tornadus|Focus Blast|p1a: Clefable
|-resisted|p1a: Clefable
|-damage|p1a: Clefable|49/100
|
|-weather|Sandstorm|[upkeep]
|-damage|p2a: Tornadus|19/100|[from] Sandstorm
|upkeep
|turn|28
|inactive|quixana has 120 seconds left.
|
|t:|1661321536
|move|p2a: Tornadus|Weather Ball|p1a: Clefable
|-damage|p1a: Clefable|0 fnt
|faint|p1a: Clefable
|
|-weather|Sandstorm|[upkeep]
|-damage|p2a: Tornadus|13/100|[from] Sandstorm
|upkeep
|
|t:|1661321543
|switch|p1a: Tyranitar|Tyranitar, M, shiny|84/100
|turn|29
|
|t:|1661321547
|move|p2a: Tornadus|Focus Blast|p1a: Tyranitar
|-supereffective|p1a: Tyranitar
|-damage|p1a: Tyranitar|0 fnt
|faint|p1a: Tyranitar
|
|-weather|Sandstorm|[upkeep]
|-damage|p2a: Tornadus|7/100|[from] Sandstorm
|upkeep
|-message|quixana forfeited.
|
|win|cets on creck
|raw|quixana's rating: 1652 &rarr; <strong>1633</strong><br />(-19 for losing)
|raw|cets on creck's rating: 1678 &rarr; <strong>1697</strong><br />(+19 for winning)
|c|☆cets on creck|thanks for being ass
|l|☆cets on creck
|c|☆quixana|k
