|j|☆Andy971
|j|☆uuuuiiii
|t:|1598786767
|player|p1|Andy971|170|1351
|player|p2|uuuuiiii|1|1353
|teamsize|p1|6
|teamsize|p2|6
|gametype|singles
|gen|8
|tier|[Gen 8] OU
|rated|
|clearpoke
|poke|p1|Slowbro, F|
|poke|p1|Marowak-Alola, F|
|poke|p1|Conkeldurr, M|
|poke|p1|Hatterene, F|
|poke|p1|Copperajah, F|
|poke|p1|Clefable, F|
|poke|p2|Indeedee, M|
|poke|p2|Magnezone|
|poke|p2|Terrakion|
|poke|p2|Dragapult, F|
|poke|p2|Incineroar, M|
|poke|p2|Togekiss, F|
|rule|Sleep Clause Mod: Limit one foe put to sleep
|rule|Species Clause: Limit one of each Pokémon
|rule|OHKO Clause: OHKO moves are banned
|rule|Evasion Moves Clause: Evasion moves are banned
|rule|Endless Battle Clause: Forcing endless battles is banned
|rule|HP Percentage Mod: HP is shown in percentages
|rule|Dynamax Clause: You cannot dynamax
|teampreview
|
|t:|1598786779
|start
|switch|p1a: Hatterene|Hatterene, F|100/100
|switch|p2a: Incineroar|Incineroar, M|100/100
|-ability|p2a: Incineroar|Intimidate|boost
|-unboost|p1a: Hatterene|atk|1
|turn|1
|
|t:|1598786790
|switch|p1a: Conkeldurr|Conkeldurr, M|100/100
|move|p2a: Incineroar|Knock Off|p1a: Conkeldurr
|-resisted|p1a: Conkeldurr
|-damage|p1a: Conkeldurr|84/100
|-enditem|p1a: Conkeldurr|Flame Orb|[from] move: Knock Off|[of] p2a: Incineroar
|
|upkeep
|turn|2
|
|t:|1598786806
|switch|p2a: Togekiss|Togekiss, F|100/100
|move|p1a: Conkeldurr|Knock Off|p2a: Togekiss
|-resisted|p2a: Togekiss
|-damage|p2a: Togekiss|79/100
|-enditem|p2a: Togekiss|Choice Scarf|[from] move: Knock Off|[of] p1a: Conkeldurr
|
|upkeep
|turn|3
|
|t:|1598786815
|switch|p1a: Clefable|Clefable, F|100/100
|move|p2a: Togekiss|Air Slash|p1a: Clefable
|-damage|p1a: Clefable|75/100
|
|-heal|p1a: Clefable|81/100|[from] item: Leftovers
|upkeep
|turn|4
|
|t:|1598786821
|move|p2a: Togekiss|Trick|p1a: Clefable
|-activate|p2a: Togekiss|move: Trick|[of] p1a: Clefable
|-enditem|p1a: Clefable|Leftovers|[silent]|[from] move: Trick
|-item|p2a: Togekiss|Leftovers|[from] move: Trick
|move|p1a: Clefable|Wish|p1a: Clefable
|
|-heal|p2a: Togekiss|85/100|[from] item: Leftovers
|upkeep
|turn|5
|
|t:|1598786831
|move|p2a: Togekiss|Air Slash|p1a: Clefable
|-damage|p1a: Clefable|57/100
|cant|p1a: Clefable|flinch
|
|-heal|p1a: Clefable|100/100|[from] move: Wish|[wisher] Clefable
|-heal|p2a: Togekiss|91/100|[from] item: Leftovers
|upkeep
|turn|6
|
|t:|1598786836
|move|p2a: Togekiss|Air Slash|p1a: Clefable
|-damage|p1a: Clefable|75/100
|cant|p1a: Clefable|flinch
|
|-heal|p2a: Togekiss|98/100|[from] item: Leftovers
|upkeep
|turn|7
|
|t:|1598786840
|move|p2a: Togekiss|Air Slash|p1a: Clefable
|-damage|p1a: Clefable|51/100
|cant|p1a: Clefable|flinch
|
|-heal|p2a: Togekiss|100/100|[from] item: Leftovers
|upkeep
|turn|8
|
|t:|1598786846
|switch|p1a: Slowbro|Slowbro, F|100/100
|move|p2a: Togekiss|Air Slash|p1a: Slowbro
|-damage|p1a: Slowbro|62/100
|
|-heal|p1a: Slowbro|69/100|[from] item: Leftovers
|upkeep
|turn|9
|
|t:|1598786851
|move|p2a: Togekiss|Air Slash|p1a: Slowbro
|-damage|p1a: Slowbro|29/100
|move|p1a: Slowbro|Trick Room|p1a: Slowbro
|-fieldstart|move: Trick Room|[of] p1a: Slowbro
|
|-heal|p1a: Slowbro|35/100|[from] item: Leftovers
|upkeep
|turn|10
|
|t:|1598786869
|switch|p1a: Copperajah|Copperajah, F|100/100
|switch|p2a: Magnezone|Magnezone|100/100
|
|upkeep
|turn|11
|
|t:|1598786883
|switch|p2a: Togekiss|Togekiss, F|100/100
|move|p1a: Copperajah|Earthquake|p2a: Togekiss
|-immune|p2a: Togekiss
|
|upkeep
|turn|12
|
|t:|1598786887
|switch|p2a: Incineroar|Incineroar, M|100/100
|-ability|p2a: Incineroar|Intimidate|boost
|-unboost|p1a: Copperajah|atk|1
|move|p1a: Copperajah|Heavy Slam|p2a: Incineroar
|-resisted|p2a: Incineroar
|-damage|p2a: Incineroar|80/100
|-damage|p1a: Copperajah|91/100|[from] item: Life Orb
|
|upkeep
|turn|13
|
|t:|1598786894
|move|p1a: Copperajah|Earthquake|p2a: Incineroar
|-supereffective|p2a: Incineroar
|-damage|p2a: Incineroar|34/100
|-damage|p1a: Copperajah|81/100|[from] item: Life Orb
|move|p2a: Incineroar|Knock Off|p1a: Copperajah
|-damage|p1a: Copperajah|40/100
|-enditem|p1a: Copperajah|Life Orb|[from] move: Knock Off|[of] p2a: Incineroar
|
|-fieldend|move: Trick Room
|upkeep
|turn|14
|
|t:|1598786903
|switch|p1a: Conkeldurr|Conkeldurr, M|84/100
|move|p2a: Incineroar|Flare Blitz|p1a: Conkeldurr
|-damage|p1a: Conkeldurr|43/100
|-damage|p2a: Incineroar|20/100|[from] Recoil
|
|upkeep
|turn|15
|
|t:|1598786913
|move|p2a: Incineroar|Flare Blitz|p1a: Conkeldurr
|-damage|p1a: Conkeldurr|6/100
|-damage|p2a: Incineroar|7/100|[from] Recoil
|move|p1a: Conkeldurr|Knock Off|p2a: Incineroar
|-resisted|p2a: Incineroar
|-damage|p2a: Incineroar|0 fnt
|-enditem|p2a: Incineroar|Heavy-Duty Boots|[from] move: Knock Off|[of] p1a: Conkeldurr
|faint|p2a: Incineroar
|
|upkeep
|
|t:|1598786925
|switch|p2a: Togekiss|Togekiss, F|100/100
|turn|16
|
|t:|1598786935
|switch|p1a: Copperajah|Copperajah, F|40/100
|move|p2a: Togekiss|Aura Sphere|p1a: Copperajah
|-supereffective|p1a: Copperajah
|-damage|p1a: Copperajah|0 fnt
|faint|p1a: Copperajah
|
|upkeep
|
|t:|1598786941
|switch|p1a: Clefable|Clefable, F|51/100
|turn|17
|
|t:|1598786945
|move|p2a: Togekiss|Air Slash|p1a: Clefable
|-damage|p1a: Clefable|25/100
|move|p1a: Clefable|Wish|p1a: Clefable
|
|upkeep
|turn|18
|
|t:|1598786953
|switch|p1a: Hatterene|Hatterene, F|100/100
|move|p2a: Togekiss|Air Slash|p1a: Hatterene
|-damage|p1a: Hatterene|62/100
|
|-heal|p1a: Hatterene|100/100|[from] move: Wish|[wisher] Clefable
|upkeep
|turn|19
|
|t:|1598786959
|move|p2a: Togekiss|Air Slash|p1a: Hatterene
|-damage|p1a: Hatterene|65/100
|cant|p1a: Hatterene|flinch
|
|upkeep
|turn|20
|
|t:|1598786963
|move|p2a: Togekiss|Air Slash|p1a: Hatterene
|-damage|p1a: Hatterene|29/100
|cant|p1a: Hatterene|flinch
|
|upkeep
|turn|21
|
|t:|1598786969
|switch|p1a: Slowbro|Slowbro, F|68/100
|move|p2a: Togekiss|Air Slash|p1a: Slowbro
|-damage|p1a: Slowbro|29/100
|
|-heal|p1a: Slowbro|36/100|[from] item: Leftovers
|upkeep
|turn|22
|
|t:|1598786974
|switch|p1a: Conkeldurr|Conkeldurr, M|6/100
|move|p2a: Togekiss|Air Slash|p1a: Conkeldurr
|-supereffective|p1a: Conkeldurr
|-damage|p1a: Conkeldurr|0 fnt
|faint|p1a: Conkeldurr
|
|upkeep
|
|t:|1598786978
|switch|p1a: Slowbro|Slowbro, F|69/100
|turn|23
|
|t:|1598786981
|move|p2a: Togekiss|Air Slash|p1a: Slowbro|[miss]
|-miss|p2a: Togekiss|p1a: Slowbro
|move|p1a: Slowbro|Trick Room|p1a: Slowbro
|-fieldstart|move: Trick Room|[of] p1a: Slowbro
|
|-heal|p1a: Slowbro|75/100|[from] item: Leftovers
|upkeep
|turn|24
|
|t:|1598786992
|move|p1a: Slowbro|Hydro Pump|p2a: Togekiss
|-damage|p2a: Togekiss|45/100
|move|p2a: Togekiss|Trick|p1a: Slowbro
|-activate|p2a: Togekiss|move: Trick|[of] p1a: Slowbro
|-item|p1a: Slowbro|Leftovers|[from] move: Trick
|-item|p2a: Togekiss|Leftovers|[from] move: Trick
|
|-heal|p1a: Slowbro|81/100|[from] item: Leftovers
|-heal|p2a: Togekiss|51/100|[from] item: Leftovers
|upkeep
|turn|25
|
|t:|1598787005
|switch|p2a: Magnezone|Magnezone|100/100
|move|p1a: Slowbro|Hydro Pump|p2a: Magnezone
|-damage|p2a: Magnezone|30/100
|
|-heal|p1a: Slowbro|87/100|[from] item: Leftovers
|upkeep
|turn|26
|
|t:|1598787023
|move|p1a: Slowbro|Hydro Pump|p2a: Magnezone
|-damage|p2a: Magnezone|0 fnt
|faint|p2a: Magnezone
|
|-heal|p1a: Slowbro|93/100|[from] item: Leftovers
|upkeep
|
|t:|1598787028
|switch|p2a: Dragapult|Dragapult, F|100/100
|turn|27
|
|t:|1598787042
|move|p1a: Slowbro|Psychic|p2a: Dragapult
|-damage|p2a: Dragapult|46/100
|move|p2a: Dragapult|Dragon Dance|p2a: Dragapult
|-boost|p2a: Dragapult|atk|1
|-boost|p2a: Dragapult|spe|1
|
|-heal|p1a: Slowbro|99/100|[from] item: Leftovers
|-heal|p2a: Dragapult|52/100|[from] item: Leftovers
|-fieldend|move: Trick Room
|upkeep
|turn|28
|
|t:|1598787054
|move|p2a: Dragapult|Disable|p1a: Slowbro
|-start|p1a: Slowbro|Disable|Psychic
|cant|p1a: Slowbro|Disable|Psychic
|
|-heal|p2a: Dragapult|58/100|[from] item: Leftovers
|-heal|p1a: Slowbro|100/100|[from] item: Leftovers
|upkeep
|turn|29
|
|t:|1598787061
|move|p2a: Dragapult|Substitute|p2a: Dragapult
|-start|p2a: Dragapult|Substitute
|-damage|p2a: Dragapult|33/100
|move|p1a: Slowbro|Trick Room|p1a: Slowbro
|-fieldstart|move: Trick Room|[of] p1a: Slowbro
|
|-heal|p2a: Dragapult|39/100|[from] item: Leftovers
|upkeep
|turn|30
|
|t:|1598787070
|move|p1a: Slowbro|Hydro Pump|p2a: Dragapult
|-resisted|p2a: Dragapult
|-end|p2a: Dragapult|Substitute
|move|p2a: Dragapult|Substitute|p2a: Dragapult
|-start|p2a: Dragapult|Substitute
|-damage|p2a: Dragapult|14/100
|
|-heal|p2a: Dragapult|20/100|[from] item: Leftovers
|upkeep
|turn|31
|
|t:|1598787077
|move|p1a: Slowbro|Hydro Pump|p2a: Dragapult
|-resisted|p2a: Dragapult
|-end|p2a: Dragapult|Substitute
|move|p2a: Dragapult|Phantom Force||[still]
|-prepare|p2a: Dragapult|Phantom Force
|
|-heal|p2a: Dragapult|26/100|[from] item: Leftovers
|-end|p1a: Slowbro|Disable
|upkeep
|turn|32
|
|t:|1598787100
|switch|p1a: Clefable|Clefable, F|25/100
|move|p2a: Dragapult|Phantom Force|p1a: Clefable|[from]lockedmove
|-damage|p1a: Clefable|0 fnt
|faint|p1a: Clefable
|
|-heal|p2a: Dragapult|32/100|[from] item: Leftovers
|upkeep
|
|t:|1598787116
|switch|p1a: Hatterene|Hatterene, F|29/100
|turn|33
|
|t:|1598787122
|switch|p2a: Terrakion|Terrakion|100/100
|move|p1a: Hatterene|Psyshock|p2a: Terrakion
|-supereffective|p2a: Terrakion
|-enditem|p2a: Terrakion|Focus Sash
|-damage|p2a: Terrakion|1/100
|-damage|p1a: Hatterene|20/100|[from] item: Life Orb
|
|-fieldend|move: Trick Room
|upkeep
|turn|34
|
|t:|1598787159
|move|p2a: Terrakion|Stone Edge|p1a: Hatterene
|-damage|p1a: Hatterene|0 fnt
|faint|p1a: Hatterene
|
|upkeep
|
|t:|1598787162
|switch|p1a: Slowbro|Slowbro, F|100/100
|turn|35
|
|t:|1598787177
|move|p2a: Terrakion|Stealth Rock|p1a: Slowbro
|-sidestart|p1: Andy971|move: Stealth Rock
|move|p1a: Slowbro|Trick Room|p1a: Slowbro
|-fieldstart|move: Trick Room|[of] p1a: Slowbro
|
|upkeep
|turn|36
|inactive|Battle timer is ON: inactive players will automatically lose when time's up. (requested by Andy971)
|
|t:|1598787183
|move|p1a: Slowbro|Psychic|p2a: Terrakion
|-supereffective|p2a: Terrakion
|-damage|p2a: Terrakion|0 fnt
|faint|p2a: Terrakion
|
|upkeep
|
|t:|1598787188
|switch|p2a: Indeedee|Indeedee, M|100/100
|-fieldstart|move: Psychic Terrain|[from] ability: Psychic Surge|[of] p2a: Indeedee
|turn|37
|
|t:|1598787195
|move|p1a: Slowbro|Hydro Pump|p2a: Indeedee
|-damage|p2a: Indeedee|23/100
|move|p2a: Indeedee|Expanding Force|p1a: Slowbro
|-resisted|p1a: Slowbro
|-damage|p1a: Slowbro|60/100
|
|-heal|p1a: Slowbro|66/100|[from] item: Leftovers
|upkeep
|turn|38
|
|t:|1598787202
|move|p1a: Slowbro|Psychic|p2a: Indeedee
|-resisted|p2a: Indeedee
|-crit|p2a: Indeedee
|-damage|p2a: Indeedee|0 fnt
|faint|p2a: Indeedee
|
|-heal|p1a: Slowbro|73/100|[from] item: Leftovers
|upkeep
|
|t:|1598787204
|switch|p2a: Dragapult|Dragapult, F|32/100
|turn|39
|
|t:|1598787213
|move|p1a: Slowbro|Psychic|p2a: Dragapult
|-damage|p2a: Dragapult|0 fnt
|faint|p2a: Dragapult
|
|-heal|p1a: Slowbro|79/100|[from] item: Leftovers
|-fieldend|move: Trick Room
|upkeep
|
|t:|1598787216
|switch|p2a: Togekiss|Togekiss, F|51/100
|turn|40
|
|t:|1598787222
|move|p2a: Togekiss|Air Slash|p1a: Slowbro|[miss]
|-miss|p2a: Togekiss|p1a: Slowbro
|move|p1a: Slowbro|Trick Room|p1a: Slowbro
|-fieldstart|move: Trick Room|[of] p1a: Slowbro
|
|-heal|p1a: Slowbro|85/100|[from] item: Leftovers
|-heal|p2a: Togekiss|57/100|[from] item: Leftovers
|upkeep
|turn|41
|-message|uuuuiiii forfeited.
|
|win|Andy971
|c|☆Andy971|yeeeeees
|l|☆uuuuiiii
|raw|Andy971's rating: 1351 &rarr; <strong>1371</strong><br />(+20 for winning)
|raw|uuuuiiii's rating: 1353 &rarr; <strong>1333</strong><br />(-20 for losing)
