|j|☆Oryen
|j|☆Dragonair2fair
|inactive|Battle timer is ON: inactive players will automatically lose when time's up.
|t:|1660587775
|gametype|singles
|player|p1|Oryen|170|
|player|p2|Dragonair2fair|cyclist-gen4|
|teamsize|p1|6
|teamsize|p2|6
|gen|8
|tier|[Gen 8] OU
|rated|Tournament battle
|rule|Sleep Clause Mod: Limit one foe put to sleep
|rule|Species Clause: Limit one of each Pokémon
|rule|OHKO Clause: OHKO moves are banned
|rule|Evasion Items Clause: Evasion items are banned
|rule|Evasion Moves Clause: Evasion moves are banned
|rule|Endless Battle Clause: Forcing endless battles is banned
|rule|HP Percentage Mod: HP is shown in percentages
|rule|Dynamax Clause: You cannot dynamax
|clearpoke
|poke|p1|Hydreigon, M|
|poke|p1|Solosis, M|
|poke|p1|Porygon|
|poke|p1|Pawniard, M|
|poke|p1|Mantyke, F|
|poke|p1|Diggersby, M|
|poke|p2|Drifloon, M|
|poke|p2|Pidove, M|
|poke|p2|Bewear, M|
|poke|p2|Klink|
|poke|p2|Archeops, M|
|poke|p2|Thwackey, F|
|teampreview
|j|*Lady Monita
|j| Griffballfrenzy
|j| JoeTheBro26
|j| Bobify
|j| KingStone1208
|c|☆Dragonair2fair|Glhf
|j| arnavgupta
|c|☆Oryen|u2
|c|☆Dragonair2fair|and nice team
|
|t:|1660587795
|start
|switch|p1a: Pawniard|Pawniard, M|100/100
|switch|p2a: Archeops|Archeops, M, shiny|100/100
|turn|1
|
|t:|1660587802
|move|p2a: Archeops|Earthquake|p1a: Pawniard
|-supereffective|p1a: Pawniard
|-enditem|p1a: Pawniard|Focus Sash
|-damage|p1a: Pawniard|1/100
|move|p1a: Pawniard|Iron Head|p2a: Archeops
|-supereffective|p2a: Archeops
|-damage|p2a: Archeops|0 fnt
|faint|p2a: Archeops
|
|upkeep
|j| Generation10
|
|t:|1660587808
|switch|p2a: Thwackey|Thwackey, F, shiny|100/100
|-fieldstart|move: Grassy Terrain|[from] ability: Grassy Surge|[of] p2a: Thwackey
|turn|2
|l| Griffballfrenzy
|j| Aegimash
|
|t:|1660587819
|switch|p1a: Mantyke|Mantyke, F|100/100
|move|p2a: Thwackey|Grassy Glide|p1a: Mantyke
|-damage|p1a: Mantyke|69/100
|
|upkeep
|turn|3
|
|t:|1660587822
|move|p2a: Thwackey|Swords Dance|p2a: Thwackey
|-boost|p2a: Thwackey|atk|2
|move|p1a: Mantyke|Toxic|p2a: Thwackey
|-status|p2a: Thwackey|tox
|
|-damage|p2a: Thwackey|94/100 tox|[from] psn
|upkeep
|turn|4
|j| Kovareon
|
|t:|1660587830
|move|p2a: Thwackey|Grassy Glide|p1a: Mantyke
|-damage|p1a: Mantyke|11/100
|move|p1a: Mantyke|Rest|p1a: Mantyke
|-status|p1a: Mantyke|slp|[from] move: Rest
|-heal|p1a: Mantyke|100/100 slp|[silent]
|
|-heal|p2a: Thwackey|100/100 tox|[from] Grassy Terrain
|-damage|p2a: Thwackey|88/100 tox|[from] psn
|upkeep
|turn|5
|
|t:|1660587840
|switch|p2a: Klink|Klink, shiny|100/100
|cant|p1a: Mantyke|slp
|move|p1a: Mantyke|Sleep Talk|p1a: Mantyke
|move|p1a: Mantyke|Toxic|p2a: Klink|[from]move: Sleep Talk|[miss]
|-miss|p1a: Mantyke|p2a: Klink
|
|upkeep
|turn|6
|c| Kovareon|cool teams
|j| JJsilver777
|
|t:|1660587852
|switch|p1a: Hydreigon|Hydreigon, M|100/100
|move|p2a: Klink|Shift Gear|p2a: Klink
|-boost|p2a: Klink|spe|2
|-boost|p2a: Klink|atk|1
|
|-fieldend|move: Grassy Terrain
|upkeep
|turn|7
|c|☆Dragonair2fair|thx
|l| KingStone1208
|
|t:|1660587863
|move|p1a: Hydreigon|Fire Blast|p2a: Klink
|-supereffective|p2a: Klink
|-damage|p2a: Klink|0 fnt
|faint|p2a: Klink
|
|upkeep
|
|t:|1660587867
|switch|p2a: Bewear|Bewear, M, shiny|100/100
|turn|8
|c| arnavgupta|hydreigion gonna e the win con
|l| JJsilver777
|
|t:|1660587877
|move|p1a: Hydreigon|Fire Blast|p2a: Bewear
|-damage|p2a: Bewear|35/100
|-status|p2a: Bewear|brn
|move|p2a: Bewear|Drain Punch|p1a: Hydreigon
|-supereffective|p1a: Hydreigon
|-damage|p1a: Hydreigon|50/100
|-heal|p2a: Bewear|54/100 brn|[from] drain|[of] p1a: Hydreigon
|
|-damage|p2a: Bewear|48/100 brn|[from] brn
|upkeep
|turn|9
|c|☆Oryen|mb
|c| arnavgupta|ouch
|
|t:|1660587890
|switch|p1a: Mantyke|Mantyke, F|100/100 slp
|move|p2a: Bewear|Drain Punch|p1a: Mantyke
|-resisted|p1a: Mantyke
|-damage|p1a: Mantyke|91/100 slp
|-heal|p2a: Bewear|51/100 brn|[from] drain|[of] p1a: Mantyke
|
|-damage|p2a: Bewear|45/100 brn|[from] brn
|upkeep
|turn|10
|j| Big Noob Player
|j| 1Ssep The Chicken
|
|t:|1660587895
|switch|p2a: Drifloon|Drifloon, M, shiny|100/100
|cant|p1a: Mantyke|slp
|move|p1a: Mantyke|Sleep Talk|p1a: Mantyke
|move|p1a: Mantyke|Rest||[from]move: Sleep Talk|[still]
|-fail|p1a: Mantyke
|
|upkeep
|turn|11
|
|t:|1660587898
|move|p2a: Drifloon|Tailwind|p2a: Drifloon
|-sidestart|p2: Dragonair2fair|move: Tailwind
|-curestatus|p1a: Mantyke|slp|[msg]
|move|p1a: Mantyke|Toxic|p2a: Drifloon
|-status|p2a: Drifloon|tox
|
|-damage|p2a: Drifloon|94/100 tox|[from] psn
|upkeep
|turn|12
|l| Generation10
|
|t:|1660587907
|move|p2a: Drifloon|Memento|p1a: Mantyke
|-unboost|p1a: Mantyke|atk|2
|-unboost|p1a: Mantyke|spa|2
|faint|p2a: Drifloon
|move|p1a: Mantyke|Scald|p2: Drifloon|[notarget]
|-fail|p1a: Mantyke
|
|upkeep
|
|t:|1660587919
|switch|p2a: Thwackey|Thwackey, F, shiny|88/100 tox
|-fieldstart|move: Grassy Terrain|[from] ability: Grassy Surge|[of] p2a: Thwackey
|turn|13
|j| erikvidas
|
|t:|1660587925
|move|p2a: Thwackey|Swords Dance|p2a: Thwackey
|-boost|p2a: Thwackey|atk|2
|move|p1a: Mantyke|Scald|p2a: Thwackey
|-resisted|p2a: Thwackey
|-damage|p2a: Thwackey|83/100 tox
|
|-heal|p2a: Thwackey|89/100 tox|[from] Grassy Terrain
|-damage|p2a: Thwackey|83/100 tox|[from] psn
|upkeep
|turn|14
|
|t:|1660587933
|move|p2a: Thwackey|Swords Dance|p2a: Thwackey
|-boost|p2a: Thwackey|atk|2
|move|p1a: Mantyke|Rest|p1a: Mantyke
|-status|p1a: Mantyke|slp|[from] move: Rest
|-heal|p1a: Mantyke|100/100 slp|[silent]
|
|-heal|p2a: Thwackey|89/100 tox|[from] Grassy Terrain
|-damage|p2a: Thwackey|77/100 tox|[from] psn
|-sideend|p2: Dragonair2fair|move: Tailwind
|upkeep
|turn|15
|j| MEBBAR
|
|t:|1660587938
|move|p2a: Thwackey|Swords Dance|p2a: Thwackey
|-boost|p2a: Thwackey|atk|2
|cant|p1a: Mantyke|slp
|move|p1a: Mantyke|Sleep Talk|p1a: Mantyke
|move|p1a: Mantyke|Toxic|p2a: Thwackey|[from]move: Sleep Talk|[miss]
|-miss|p1a: Mantyke|p2a: Thwackey
|
|-heal|p2a: Thwackey|83/100 tox|[from] Grassy Terrain
|-damage|p2a: Thwackey|65/100 tox|[from] psn
|upkeep
|turn|16
|j| Arcanine1929
|
|t:|1660587947
|move|p2a: Thwackey|Grassy Glide|p1a: Mantyke
|-damage|p1a: Mantyke|0 fnt
|faint|p1a: Mantyke
|
|-heal|p2a: Thwackey|71/100 tox|[from] Grassy Terrain
|-damage|p2a: Thwackey|47/100 tox|[from] psn
|upkeep
|j| maxalex12
|j| DIMU179
|
|t:|1660587954
|switch|p1a: Pawniard|Pawniard, M|1/100
|turn|17
|j| ChiefKieff412
|
|t:|1660587959
|move|p2a: Thwackey|Grassy Glide|p1a: Pawniard
|-resisted|p1a: Pawniard
|-damage|p1a: Pawniard|0 fnt
|faint|p1a: Pawniard
|
|-heal|p2a: Thwackey|53/100 tox|[from] Grassy Terrain
|-damage|p2a: Thwackey|23/100 tox|[from] psn
|-fieldend|move: Grassy Terrain
|upkeep
|
|t:|1660587964
|switch|p1a: Diggersby|Diggersby, M|100/100
|turn|18
|
|t:|1660587967
|move|p1a: Diggersby|U-turn|p2a: Thwackey
|-supereffective|p2a: Thwackey
|-damage|p2a: Thwackey|0 fnt
|faint|p2a: Thwackey
|
|t:|1660587971
|switch|p1a: Solosis|Solosis, M|100/100|[from]move: U-turn
|
|upkeep
|c| 1Ssep The Chicken|what item did thwankey have?
|
|t:|1660587978
|switch|p2a: Bewear|Bewear, M, shiny|45/100 brn
|turn|19
|j| 41exe
|j| cloven 25
|l| maxalex12
|l| Bobify
|l| cloven 25
|l| erikvidas
|c|☆Dragonair2fair|eviolite
|
|t:|1660587995
|move|p2a: Bewear|Darkest Lariat|p1a: Solosis
|-supereffective|p1a: Solosis
|-damage|p1a: Solosis|73/100
|move|p1a: Solosis|Iron Defense|p1a: Solosis
|-boost|p1a: Solosis|def|2
|
|-damage|p2a: Bewear|39/100 brn|[from] brn
|upkeep
|turn|20
|c| 1Ssep The Chicken|oh ok
|
|t:|1660587999
|move|p2a: Bewear|Darkest Lariat|p1a: Solosis
|-supereffective|p1a: Solosis
|-damage|p1a: Solosis|44/100
|move|p1a: Solosis|Calm Mind|p1a: Solosis
|-boost|p1a: Solosis|spa|1
|-boost|p1a: Solosis|spd|1
|
|-damage|p2a: Bewear|32/100 brn|[from] brn
|upkeep
|turn|21
|
|t:|1660588002
|move|p2a: Bewear|Darkest Lariat|p1a: Solosis
|-supereffective|p1a: Solosis
|-crit|p1a: Solosis
|-damage|p1a: Solosis|0 fnt
|faint|p1a: Solosis
|
|-damage|p2a: Bewear|26/100 brn|[from] brn
|upkeep
|c|☆Dragonair2fair|sad
|
|t:|1660588010
|switch|p1a: Hydreigon|Hydreigon, M|50/100
|turn|22
|c| 1Ssep The Chicken|i thought you woulda put life orb for extra damage
|
|t:|1660588015
|move|p1a: Hydreigon|Dark Pulse|p2a: Bewear
|-resisted|p2a: Bewear
|-damage|p2a: Bewear|0 fnt
|faint|p2a: Bewear
|
|upkeep
|j| Bobify
|
|t:|1660588019
|switch|p2a: Pidove|Pidove, M, shiny|100/100
|turn|23
|
|t:|1660588022
|move|p1a: Hydreigon|Dark Pulse|p2a: Pidove
|-enditem|p2a: Pidove|Focus Sash
|-damage|p2a: Pidove|1/100
|move|p2a: Pidove|U-turn|p1a: Hydreigon
|-supereffective|p1a: Hydreigon
|-damage|p1a: Hydreigon|7/100
|
|upkeep
|turn|24
|c|☆Dragonair2fair|ggwp
|
|t:|1660588027
|move|p1a: Hydreigon|Dark Pulse|p2a: Pidove
|-damage|p2a: Pidove|0 fnt
|faint|p2a: Pidove
|
|win|Oryen
|n|☆Oryen|oryen
|n|☆Dragonair2fair|dragonair2fair
|n|*Lady Monita|ladymonita
|n| JoeTheBro26|joethebro26
|n| arnavgupta|arnavgupta
|n| Aegimash|aegimash
|n| Kovareon|kovareon
|n| Big Noob Player|bignoobplayer
|n| 1Ssep The Chicken|1ssepthechicken
|n| MEBBAR|mebbar
|n| Arcanine1929|arcanine1929
|n| DIMU179|dimu179
|n| ChiefKieff412|chiefkieff412
|n| 41exe|41exe
|n| Bobify|bobify
