|j|☆chansey and lulu
|j|☆korfish >_<
|t:|1663588110
|gametype|singles
|player|p1|chansey and lulu|102|1691
|player|p2|korfish >_<|skierf|1668
|teamsize|p1|6
|teamsize|p2|6
|gen|8
|tier|[Gen 8] OU
|rated|
|rule|Sleep Clause Mod: Limit one foe put to sleep
|rule|Species Clause: Limit one of each Pokémon
|rule|OHKO Clause: OHKO moves are banned
|rule|Evasion Items Clause: Evasion items are banned
|rule|Evasion Moves Clause: Evasion moves are banned
|rule|Endless Battle Clause: Forcing endless battles is banned
|rule|HP Percentage Mod: HP is shown in percentages
|rule|Dynamax Clause: You cannot dynamax
|clearpoke
|poke|p1|Zapdos|
|poke|p1|Clefable, F|
|poke|p1|Toxapex, M|
|poke|p1|Skarmory, M|
|poke|p1|Quagsire, F|
|poke|p1|Cresselia, F|
|poke|p2|Urshifu-*, M|
|poke|p2|Heatran, M|
|poke|p2|Rotom-Wash|
|poke|p2|Tapu Lele|
|poke|p2|Kartana|
|poke|p2|Landorus-Therian, M|
|teampreview
|
|t:|1663588131
|start
|switch|p1a: Toxapex|Toxapex, M|100/100
|switch|p2a: Rotom|Rotom-Wash, shiny|100/100
|turn|1
|
|t:|1663588139
|move|p2a: Rotom|Volt Switch|p1a: Toxapex
|-supereffective|p1a: Toxapex
|-damage|p1a: Toxapex|68/100
|
|t:|1663588141
|switch|p2a: Tapu Lele|Tapu Lele|100/100|[from]move: Volt Switch
|-fieldstart|move: Psychic Terrain|[from] ability: Psychic Surge|[of] p2a: Tapu Lele
|move|p1a: Toxapex|Knock Off|p2a: Tapu Lele
|-damage|p2a: Tapu Lele|78/100
|-enditem|p2a: Tapu Lele|Choice Scarf|[from] move: Knock Off|[of] p1a: Toxapex
|
|upkeep
|turn|2
|
|t:|1663588154
|switch|p1a: Cresselia|Cresselia, F|100/100
|move|p2a: Tapu Lele|Future Sight|p1a: Cresselia
|-start|p2a: Tapu Lele|move: Future Sight
|
|upkeep
|turn|3
|
|t:|1663588161
|switch|p2a: Heatran|Heatran, M|100/100
|-item|p2a: Heatran|Air Balloon
|move|p1a: Cresselia|Ice Beam|p2a: Heatran
|-resisted|p2a: Heatran
|-damage|p2a: Heatran|97/100
|-enditem|p2a: Heatran|Air Balloon
|
|upkeep
|turn|4
|
|t:|1663588172
|move|p1a: Cresselia|Protect|p1a: Cresselia
|-singleturn|p1a: Cresselia|Protect
|move|p2a: Heatran|Stealth Rock|p1a: Cresselia
|-sidestart|p1: chansey and lulu|move: Stealth Rock
|
|-end|p1a: Cresselia|move: Future Sight
|-resisted|p1a: Cresselia
|-damage|p1a: Cresselia|81/100
|-heal|p1a: Cresselia|87/100|[from] item: Leftovers
|upkeep
|turn|5
|j| stoked on sticks
|
|t:|1663588182
|switch|p1a: Zapdos|Zapdos|100/100
|-ability|p1a: Zapdos|Pressure
|move|p2a: Heatran|Earth Power|p1a: Zapdos
|-immune|p1a: Zapdos
|
|-fieldend|move: Psychic Terrain
|upkeep
|turn|6
|
|t:|1663588193
|switch|p2a: Landorus|Landorus-Therian, M|100/100
|-ability|p2a: Landorus|Intimidate|boost
|-unboost|p1a: Zapdos|atk|1
|move|p1a: Zapdos|Roost||[still]
|-fail|p1a: Zapdos|heal
|
|upkeep
|turn|7
|
|t:|1663588209
|switch|p1a: Skarmory|Skarmory, M|100/100
|-damage|p1a: Skarmory|88/100|[from] Stealth Rock
|move|p2a: Landorus|Knock Off|p1a: Skarmory
|-damage|p1a: Skarmory|70/100
|-damage|p2a: Landorus|84/100|[from] item: Rocky Helmet|[of] p1a: Skarmory
|-enditem|p1a: Skarmory|Rocky Helmet|[from] move: Knock Off|[of] p2a: Landorus
|
|-heal|p2a: Landorus|90/100|[from] item: Leftovers
|upkeep
|turn|8
|
|t:|1663588221
|move|p2a: Landorus|U-turn|p1a: Skarmory
|-resisted|p1a: Skarmory
|-damage|p1a: Skarmory|67/100
|
|t:|1663588226
|switch|p2a: Rotom|Rotom-Wash, shiny|100/100|[from]move: U-turn
|move|p1a: Skarmory|Roost|p1a: Skarmory
|-heal|p1a: Skarmory|100/100
|-singleturn|p1a: Skarmory|move: Roost
|
|upkeep
|turn|9
|j| Stall Sucks Bro✞
|
|t:|1663588235
|switch|p1a: Toxapex|Toxapex, M|100/100
|-damage|p1a: Toxapex|88/100|[from] Stealth Rock
|move|p2a: Rotom|Volt Switch|p1a: Toxapex
|-supereffective|p1a: Toxapex
|-damage|p1a: Toxapex|57/100
|
|t:|1663588241
|switch|p2a: Tapu Lele|Tapu Lele|78/100|[from]move: Volt Switch
|-fieldstart|move: Psychic Terrain|[from] ability: Psychic Surge|[of] p2a: Tapu Lele
|
|upkeep
|turn|10
|
|t:|1663588249
|switch|p1a: Clefable|Clefable, F|100/100
|move|p2a: Tapu Lele|Future Sight|p1a: Clefable
|-start|p2a: Tapu Lele|move: Future Sight
|
|upkeep
|turn|11
|
|t:|1663588256
|move|p2a: Tapu Lele|Moonblast|p1a: Clefable
|-damage|p1a: Clefable|62/100
|move|p1a: Clefable|Stealth Rock|p2a: Tapu Lele
|-sidestart|p2: korfish >_<|move: Stealth Rock
|
|upkeep
|turn|12
|
|t:|1663588263
|switch|p1a: Cresselia|Cresselia, F|87/100
|-damage|p1a: Cresselia|75/100|[from] Stealth Rock
|move|p2a: Tapu Lele|Moonblast|p1a: Cresselia
|-damage|p1a: Cresselia|54/100
|
|-end|p1a: Cresselia|move: Future Sight
|-resisted|p1a: Cresselia
|-damage|p1a: Cresselia|35/100
|-heal|p1a: Cresselia|41/100|[from] item: Leftovers
|upkeep
|turn|13
|
|t:|1663588275
|switch|p2a: Kartana|Kartana, shiny|100/100
|-damage|p2a: Kartana|94/100|[from] Stealth Rock
|move|p1a: Cresselia|Moonlight|p1a: Cresselia
|-heal|p1a: Cresselia|91/100
|
|-heal|p1a: Cresselia|97/100|[from] item: Leftovers
|-fieldend|move: Psychic Terrain
|upkeep
|turn|14
|
|t:|1663588288
|switch|p1a: Skarmory|Skarmory, M|100/100
|-damage|p1a: Skarmory|88/100|[from] Stealth Rock
|move|p2a: Kartana|Swords Dance|p2a: Kartana
|-boost|p2a: Kartana|atk|2
|
|upkeep
|turn|15
|
|t:|1663588297
|move|p2a: Kartana|Sacred Sword|p1a: Skarmory
|-damage|p1a: Skarmory|42/100
|move|p1a: Skarmory|Body Press|p2a: Kartana
|-supereffective|p2a: Kartana
|-damage|p2a: Kartana|28/100
|
|upkeep
|turn|16
|
|t:|1663588308
|move|p2a: Kartana|Sacred Sword|p1a: Skarmory
|-damage|p1a: Skarmory|0 fnt
|faint|p1a: Skarmory
|-ability|p2a: Kartana|Beast Boost|boost
|-boost|p2a: Kartana|atk|1
|
|upkeep
|
|t:|1663588315
|switch|p1a: Zapdos|Zapdos|100/100
|-ability|p1a: Zapdos|Pressure
|turn|17
|
|t:|1663588320
|move|p2a: Kartana|Knock Off|p1a: Zapdos
|-damage|p1a: Zapdos|0 fnt
|-enditem|p1a: Zapdos|Heavy-Duty Boots|[from] move: Knock Off|[of] p2a: Kartana
|faint|p1a: Zapdos
|-ability|p2a: Kartana|Beast Boost|boost
|-boost|p2a: Kartana|atk|1
|
|upkeep
|c|☆korfish >_<|gg
|-message|chansey and lulu forfeited.
|
|win|korfish >_<
|raw|chansey and lulu's rating: 1691 &rarr; <strong>1670</strong><br />(-21 for losing)
|raw|korfish &gt;_&lt;'s rating: 1668 &rarr; <strong>1689</strong><br />(+21 for winning)
|l|☆chansey and lulu
|l| stoked on sticks
||Ladder isn't responding, score probably updated but might not have (Request timeout).
