|j|☆ty-tyui↻
|j|☆TheonReekGreyjoy
|t:|1664130867
|gametype|singles
|player|p1|ty-tyui↻|rye|1737
|player|p2|TheonReekGreyjoy|102|1763
|teamsize|p1|6
|teamsize|p2|6
|gen|8
|tier|[Gen 8] OU
|rated|
|rule|Sleep Clause Mod: Limit one foe put to sleep
|rule|Species Clause: Limit one of each Pokémon
|rule|OHKO Clause: OHKO moves are banned
|rule|Evasion Items Clause: Evasion items are banned
|rule|Evasion Moves Clause: Evasion moves are banned
|rule|Endless Battle Clause: Forcing endless battles is banned
|rule|HP Percentage Mod: HP is shown in percentages
|rule|Dynamax Clause: You cannot dynamax
|clearpoke
|poke|p1|Regieleki|
|poke|p1|Clefable, M|
|poke|p1|Garchomp, F|
|poke|p1|Melmetal|
|poke|p1|Tornadus-Therian, M|
|poke|p1|Volcanion|
|poke|p2|Hatterene, F|
|poke|p2|Tornadus-Therian, M|
|poke|p2|Vanilluxe, F|
|poke|p2|Heatran, F|
|poke|p2|Arctozolt|
|poke|p2|Landorus-Therian, M|
|teampreview
|inactive|Battle timer is ON: inactive players will automatically lose when time's up. (requested by ty-tyui↻)
|inactive|TheonReekGreyjoy has 120 seconds left.
|inactive|TheonReekGreyjoy has 90 seconds left.
|j| PCCWVictorMa
|
|t:|1664130966
|start
|switch|p1a: Clefable|Clefable, M|100/100
|switch|p2a: Tornadus|Tornadus-Therian, M|100/100
|turn|1
|
|t:|1664130974
|switch|p1a: Garchomp|Garchomp, F|100/100
|move|p2a: Tornadus|Knock Off|p1a: Garchomp
|-damage|p1a: Garchomp|82/100
|-damage|p2a: Tornadus|88/100|[from] ability: Rough Skin|[of] p1a: Garchomp
|-enditem|p1a: Garchomp|Leftovers|[from] move: Knock Off|[of] p2a: Tornadus
|
|upkeep
|turn|2
|j| ghostwalkingg
|
|t:|1664130983
|move|p2a: Tornadus|U-turn|p1a: Garchomp
|-damage|p1a: Garchomp|68/100
|-damage|p2a: Tornadus|76/100|[from] ability: Rough Skin|[of] p1a: Garchomp
|
|t:|1664130986
|switch|p2a: Landorus|Landorus-Therian, M|100/100|[from]move: U-turn
|-ability|p2a: Landorus|Intimidate|boost
|-unboost|p1a: Garchomp|atk|1
|move|p1a: Garchomp|Swords Dance|p1a: Garchomp
|-boost|p1a: Garchomp|atk|2
|
|upkeep
|turn|3
|
|t:|1664130993
|switch|p2a: Hatterene|Hatterene, F|100/100
|move|p1a: Garchomp|Scale Shot|p2a: Hatterene
|-immune|p2a: Hatterene
|
|upkeep
|turn|4
|
|t:|1664130996
|move|p1a: Garchomp|Earthquake|p2a: Hatterene
|-damage|p2a: Hatterene|34/100
|move|p2a: Hatterene|Draining Kiss|p1a: Garchomp
|-supereffective|p1a: Garchomp
|-damage|p1a: Garchomp|14/100
|-heal|p2a: Hatterene|79/100|[from] drain|[of] p1a: Garchomp
|-damage|p2a: Hatterene|67/100|[from] ability: Rough Skin|[of] p1a: Garchomp
|
|-heal|p2a: Hatterene|73/100|[from] item: Leftovers
|upkeep
|turn|5
|
|t:|1664131007
|move|p1a: Garchomp|Swords Dance|p1a: Garchomp
|-boost|p1a: Garchomp|atk|2
|move|p2a: Hatterene|Draining Kiss|p1a: Garchomp
|-supereffective|p1a: Garchomp
|-damage|p1a: Garchomp|0 fnt
|-heal|p2a: Hatterene|84/100|[from] drain|[of] p1a: Garchomp
|-damage|p2a: Hatterene|72/100|[from] ability: Rough Skin|[of] p1a: Garchomp
|faint|p1a: Garchomp
|
|-heal|p2a: Hatterene|78/100|[from] item: Leftovers
|upkeep
|
|t:|1664131011
|switch|p1a: Volcanion|Volcanion|100/100
|turn|6
|j| Nature_K
|
|t:|1664131023
|move|p1a: Volcanion|Steam Eruption|p2a: Hatterene
|-damage|p2a: Hatterene|0 fnt
|faint|p2a: Hatterene
|
|upkeep
|
|t:|1664131028
|switch|p2a: Tornadus|Tornadus-Therian, M|100/100
|turn|7
|
|t:|1664131031
|move|p2a: Tornadus|Knock Off|p1a: Volcanion
|-damage|p1a: Volcanion|81/100
|-enditem|p1a: Volcanion|Choice Specs|[from] move: Knock Off|[of] p2a: Tornadus
|move|p1a: Volcanion|Steam Eruption|p2a: Tornadus
|-damage|p2a: Tornadus|56/100
|-status|p2a: Tornadus|brn
|
|-damage|p2a: Tornadus|50/100 brn|[from] brn
|upkeep
|turn|8
|
|t:|1664131039
|move|p2a: Tornadus|Hurricane|p1a: Volcanion|[miss]
|-miss|p2a: Tornadus|p1a: Volcanion
|move|p1a: Volcanion|Flamethrower|p2a: Tornadus
|-damage|p2a: Tornadus|15/100 brn
|
|-damage|p2a: Tornadus|9/100 brn|[from] brn
|upkeep
|turn|9
|
|t:|1664131047
|move|p2a: Tornadus|U-turn|p1a: Volcanion
|-resisted|p1a: Volcanion
|-damage|p1a: Volcanion|78/100
|
|t:|1664131050
|switch|p2a: Vanilluxe|Vanilluxe, F|100/100|[from]move: U-turn
|-weather|Hail|[from] ability: Snow Warning|[of] p2a: Vanilluxe
|move|p1a: Volcanion|Flamethrower|p2a: Vanilluxe
|-supereffective|p2a: Vanilluxe
|-damage|p2a: Vanilluxe|0 fnt
|faint|p2a: Vanilluxe
|
|-weather|Hail|[upkeep]
|-damage|p1a: Volcanion|72/100|[from] Hail
|upkeep
|
|t:|1664131053
|switch|p2a: Arctozolt|Arctozolt|100/100
|turn|10
|j| syzolu
|inactive|ty-tyui↻ has 120 seconds left.
|j| Venositile
|
|t:|1664131091
|switch|p1a: Clefable|Clefable, M|100/100
|move|p2a: Arctozolt|Bolt Beak|p1a: Clefable
|-damage|p1a: Clefable|51/100
|
|-weather|Hail|[upkeep]
|upkeep
|turn|11
|inactive|ty-tyui↻ has 120 seconds left.
|
|t:|1664131105
|move|p2a: Arctozolt|Bolt Beak|p1a: Clefable
|-damage|p1a: Clefable|0 fnt
|faint|p1a: Clefable
|
|-weather|Hail|[upkeep]
|upkeep
|
|t:|1664131108
|switch|p1a: Melmetal|Melmetal|100/100
|turn|12
|
|t:|1664131115
|move|p2a: Arctozolt|Bolt Beak|p1a: Melmetal
|-damage|p1a: Melmetal|61/100
|move|p1a: Melmetal|Earthquake|p2a: Arctozolt
|-supereffective|p2a: Arctozolt
|-damage|p2a: Arctozolt|28/100
|
|-weather|Hail|[upkeep]
|-damage|p1a: Melmetal|55/100|[from] Hail
|upkeep
|turn|13
|
|t:|1664131124
|move|p2a: Arctozolt|Bolt Beak|p1a: Melmetal
|-damage|p1a: Melmetal|16/100
|move|p1a: Melmetal|Double Iron Bash|p2a: Arctozolt
|-damage|p2a: Arctozolt|0 fnt
|faint|p2a: Arctozolt
|-hitcount|p2: Arctozolt|1
|
|-weather|none
|upkeep
|
|t:|1664131130
|switch|p2a: Tornadus|Tornadus-Therian, M|42/100 brn
|turn|14
|
|t:|1664131136
|move|p2a: Tornadus|Heat Wave|p1a: Melmetal
|-supereffective|p1a: Melmetal
|-damage|p1a: Melmetal|0 fnt
|faint|p1a: Melmetal
|
|-damage|p2a: Tornadus|36/100 brn|[from] brn
|upkeep
|
|t:|1664131140
|switch|p1a: Tornadus|Tornadus-Therian, M|100/100
|turn|15
|
|t:|1664131147
|switch|p2a: Heatran|Heatran, F|100/100
|move|p1a: Tornadus|Knock Off|p2a: Heatran
|-damage|p2a: Heatran|87/100
|-enditem|p2a: Heatran|Leftovers|[from] move: Knock Off|[of] p1a: Tornadus
|
|upkeep
|turn|16
|
|t:|1664131154
|move|p1a: Tornadus|U-turn|p2a: Heatran
|-resisted|p2a: Heatran
|-damage|p2a: Heatran|84/100
|
|t:|1664131156
|switch|p1a: Volcanion|Volcanion|72/100|[from]move: U-turn
|move|p2a: Heatran|Stealth Rock|p1a: Volcanion
|-sidestart|p1: ty-tyui↻|move: Stealth Rock
|
|upkeep
|turn|17
|
|t:|1664131160
|move|p2a: Heatran|Protect|p2a: Heatran
|-singleturn|p2a: Heatran|Protect
|move|p1a: Volcanion|Steam Eruption|p2a: Heatran
|-activate|p2a: Heatran|move: Protect
|
|upkeep
|turn|18
|
|t:|1664131174
|switch|p2a: Tornadus|Tornadus-Therian, M|69/100 brn
|move|p1a: Volcanion|Steam Eruption|p2a: Tornadus
|-damage|p2a: Tornadus|27/100 brn
|
|-damage|p2a: Tornadus|21/100 brn|[from] brn
|upkeep
|turn|19
|
|t:|1664131177
|switch|p1a: Regieleki|Regieleki|100/100
|move|p2a: Tornadus|Hurricane|p1a: Regieleki
|-resisted|p1a: Regieleki
|-damage|p1a: Regieleki|62/100
|-start|p1a: Regieleki|confusion
|
|-damage|p2a: Tornadus|15/100 brn|[from] brn
|upkeep
|turn|20
|
|t:|1664131183
|switch|p2a: Heatran|Heatran, F|84/100
|-activate|p1a: Regieleki|confusion
|move|p1a: Regieleki|Rapid Spin|p2a: Heatran
|-resisted|p2a: Heatran
|-damage|p2a: Heatran|80/100
|-boost|p1a: Regieleki|spe|1
|-sideend|p1: ty-tyui↻|Stealth Rock|[from] move: Rapid Spin|[of] p1a: Regieleki
|
|upkeep
|turn|21
|
|t:|1664131190
|-activate|p1a: Regieleki|confusion
|-damage|p1a: Regieleki|45/100|[from] confusion
|move|p2a: Heatran|Stealth Rock|p1a: Regieleki
|-sidestart|p1: ty-tyui↻|move: Stealth Rock
|
|upkeep
|turn|22
|
|t:|1664131196
|switch|p2a: Landorus|Landorus-Therian, M|100/100
|-ability|p2a: Landorus|Intimidate|boost
|-unboost|p1a: Regieleki|atk|1
|-activate|p1a: Regieleki|confusion
|move|p1a: Regieleki|Volt Switch|p2a: Landorus
|-immune|p2a: Landorus
|
|upkeep
|turn|23
|l| syzolu
|
|t:|1664131204
|switch|p1a: Tornadus|Tornadus-Therian, M|100/100
|move|p2a: Landorus|U-turn|p1a: Tornadus
|-resisted|p1a: Tornadus
|-damage|p1a: Tornadus|90/100
|
|t:|1664131209
|switch|p2a: Heatran|Heatran, F|80/100|[from]move: U-turn
|
|upkeep
|turn|24
|
|t:|1664131211
|move|p1a: Tornadus|Defog|p2a: Heatran
|-unboost|p2a: Heatran|evasion|1
|-sideend|p1: ty-tyui↻|Stealth Rock|[from] move: Defog|[of] p1a: Tornadus
|move|p2a: Heatran|Lava Plume|p1a: Tornadus
|-damage|p1a: Tornadus|52/100
|
|upkeep
|turn|25
|
|t:|1664131219
|move|p1a: Tornadus|U-turn|p2a: Heatran
|-resisted|p2a: Heatran
|-damage|p2a: Heatran|77/100
|-status|p1a: Tornadus|brn|[from] ability: Flame Body|[of] p2a: Heatran
|
|t:|1664131220
|switch|p1a: Volcanion|Volcanion|72/100|[from]move: U-turn
|move|p2a: Heatran|Stealth Rock|p1a: Volcanion
|-sidestart|p1: ty-tyui↻|move: Stealth Rock
|
|upkeep
|turn|26
|
|t:|1664131224
|move|p2a: Heatran|Protect|p2a: Heatran
|-singleturn|p2a: Heatran|Protect
|move|p1a: Volcanion|Earth Power|p2a: Heatran
|-activate|p2a: Heatran|move: Protect
|
|upkeep
|turn|27
|
|t:|1664131233
|move|p1a: Volcanion|Steam Eruption|p2a: Heatran
|-supereffective|p2a: Heatran
|-crit|p2a: Heatran
|-damage|p2a: Heatran|0 fnt
|faint|p2a: Heatran
|
|upkeep
|
|t:|1664131236
|switch|p2a: Landorus|Landorus-Therian, M|100/100
|-ability|p2a: Landorus|Intimidate|boost
|-unboost|p1a: Volcanion|atk|1
|turn|28
|
|t:|1664131238
|move|p1a: Volcanion|Steam Eruption|p2a: Landorus
|-supereffective|p2a: Landorus
|-damage|p2a: Landorus|10/100
|move|p2a: Landorus|Earthquake|p1a: Volcanion
|-supereffective|p1a: Volcanion
|-damage|p1a: Volcanion|0 fnt
|faint|p1a: Volcanion
|
|-heal|p2a: Landorus|16/100|[from] item: Leftovers
|upkeep
|
|t:|1664131242
|switch|p1a: Tornadus|Tornadus-Therian, M|85/100 brn
|turn|29
|
|t:|1664131246
|switch|p2a: Tornadus|Tornadus-Therian, M|48/100 brn
|move|p1a: Tornadus|Icy Wind|p2a: Tornadus
|-supereffective|p2a: Tornadus
|-damage|p2a: Tornadus|29/100 brn
|-unboost|p2a: Tornadus|spe|1
|
|-damage|p1a: Tornadus|79/100 brn|[from] brn
|-damage|p2a: Tornadus|23/100 brn|[from] brn
|upkeep
|turn|30
|
|t:|1664131253
|move|p1a: Tornadus|Knock Off|p2a: Tornadus
|-damage|p2a: Tornadus|12/100 brn
|-enditem|p2a: Tornadus|Assault Vest|[from] move: Knock Off|[of] p1a: Tornadus
|move|p2a: Tornadus|U-turn|p1a: Tornadus
|-resisted|p1a: Tornadus
|-damage|p1a: Tornadus|76/100 brn
|
|t:|1664131259
|switch|p2a: Landorus|Landorus-Therian, M|16/100|[from]move: U-turn
|-ability|p2a: Landorus|Intimidate|boost
|-unboost|p1a: Tornadus|atk|1
|
|-heal|p2a: Landorus|22/100|[from] item: Leftovers
|-damage|p1a: Tornadus|70/100 brn|[from] brn
|upkeep
|turn|31
|
|t:|1664131262
|switch|p2a: Tornadus|Tornadus-Therian, M|45/100 brn
|move|p1a: Tornadus|Icy Wind|p2a: Tornadus
|-supereffective|p2a: Tornadus
|-damage|p2a: Tornadus|15/100 brn
|-unboost|p2a: Tornadus|spe|1
|
|-damage|p1a: Tornadus|63/100 brn|[from] brn
|-damage|p2a: Tornadus|9/100 brn|[from] brn
|upkeep
|turn|32
|
|t:|1664131270
|move|p1a: Tornadus|Icy Wind|p2a: Tornadus
|-supereffective|p2a: Tornadus
|-damage|p2a: Tornadus|0 fnt
|faint|p2a: Tornadus
|
|-damage|p1a: Tornadus|57/100 brn|[from] brn
|upkeep
|
|t:|1664131273
|switch|p2a: Landorus|Landorus-Therian, M|22/100
|-ability|p2a: Landorus|Intimidate|boost
|-unboost|p1a: Tornadus|atk|1
|turn|33
|
|t:|1664131275
|move|p1a: Tornadus|Icy Wind|p2a: Landorus
|-supereffective|p2a: Landorus
|-damage|p2a: Landorus|0 fnt
|faint|p2a: Landorus
|
|win|ty-tyui↻
|raw|ty-tyui↻'s rating: 1737 &rarr; <strong>1758</strong><br />(+21 for winning)
|raw|TheonReekGreyjoy's rating: 1763 &rarr; <strong>1742</strong><br />(-21 for losing)
|c|☆ty-tyui↻|gg
|l| Nature_K
|c|☆TheonReekGreyjoy|gg
