|raw|<div class="broadcast-blue"><strong>This battle is required to be public due to a player having a name starting with 'lt81yl'.</div>
|j|☆LT81YL Harshal
|j|☆Plasmeek
|t:|1625561361
|gametype|singles
|player|p1|LT81YL Harshal|hilbert|1804
|player|p2|Plasmeek|youngster-gen4dp|1774
|teamsize|p1|6
|teamsize|p2|6
|gen|8
|tier|[Gen 8] OU
|rated|
|rule|Sleep Clause Mod: Limit one foe put to sleep
|rule|Species Clause: Limit one of each Pokémon
|rule|OHKO Clause: OHKO moves are banned
|rule|Evasion Moves Clause: Evasion moves are banned
|rule|Endless Battle Clause: Forcing endless battles is banned
|rule|HP Percentage Mod: HP is shown in percentages
|rule|Dynamax Clause: You cannot dynamax
|clearpoke
|poke|p1|Bisharp, M|
|poke|p1|Slowking, M|
|poke|p1|Clefable, M|
|poke|p1|Landorus-Therian, M|
|poke|p1|Dragapult, M|
|poke|p1|Skarmory, F|
|poke|p2|Slowking-Galar, F|
|poke|p2|Buzzwole|
|poke|p2|Ferrothorn, M|
|poke|p2|Hippowdon, F|
|poke|p2|Zeraora|
|poke|p2|Tornadus-Therian, M|
|teampreview
|inactive|Battle timer is ON: inactive players will automatically lose when time's up. (requested by LT81YL Harshal)
|c|☆Plasmeek|hf xd
|c|☆LT81YL Harshal|oh
|c|☆LT81YL Harshal|hf
|inactive|LT81YL Harshal has 120 seconds left.
|
|t:|1625561408
|start
|switch|p1a: Slowking|Slowking, M|100/100
|switch|p2a: Hippowdon|Hippowdon, F|100/100
|-weather|Sandstorm|[from] ability: Sand Stream|[of] p2a: Hippowdon
|turn|1
|j| The Lil Mayne
|l| The Lil Mayne
|
|t:|1625561426
|move|p2a: Hippowdon|Stealth Rock|p1a: Slowking
|-sidestart|p1: LT81YL Harshal|move: Stealth Rock
|move|p1a: Slowking|Scald|p2a: Hippowdon
|-supereffective|p2a: Hippowdon
|-crit|p2a: Hippowdon
|-damage|p2a: Hippowdon|39/100
|-status|p2a: Hippowdon|brn
|
|-weather|Sandstorm|[upkeep]
|-damage|p1a: Slowking|94/100|[from] Sandstorm
|-heal|p2a: Hippowdon|45/100 brn|[from] item: Leftovers
|-damage|p2a: Hippowdon|39/100 brn|[from] brn
|upkeep
|turn|2
|
|t:|1625561434
|move|p2a: Hippowdon|Slack Off|p2a: Hippowdon
|-heal|p2a: Hippowdon|89/100 brn
|move|p1a: Slowking|Future Sight|p2a: Hippowdon
|-start|p1a: Slowking|move: Future Sight
|
|-weather|Sandstorm|[upkeep]
|-damage|p1a: Slowking|88/100|[from] Sandstorm
|-heal|p2a: Hippowdon|95/100 brn|[from] item: Leftovers
|-damage|p2a: Hippowdon|89/100 brn|[from] brn
|upkeep
|turn|3
|
|t:|1625561440
|switch|p1a: Clefable|Clefable, M|100/100
|move|p2a: Hippowdon|Toxic|p1a: Clefable
|-status|p1a: Clefable|tox
|
|-weather|Sandstorm|[upkeep]
|-heal|p2a: Hippowdon|95/100 brn|[from] item: Leftovers
|-damage|p2a: Hippowdon|89/100 brn|[from] brn
|upkeep
|turn|4
|
|t:|1625561446
|switch|p2a: Slowking|Slowking-Galar, F|100/100
|move|p1a: Clefable|Stealth Rock|p2a: Slowking
|-sidestart|p2: Plasmeek|move: Stealth Rock
|
|-weather|Sandstorm|[upkeep]
|-damage|p2a: Slowking|94/100|[from] Sandstorm
|-end|p2a: Slowking|move: Future Sight
|-damage|p2a: Slowking|76/100
|upkeep
|turn|5
|
|t:|1625561457
|switch|p1a: Slowking|Slowking, M|100/100
|move|p2a: Slowking|Future Sight|p1a: Slowking
|-start|p2a: Slowking|move: Future Sight
|
|-weather|none
|upkeep
|turn|6
|
|t:|1625561479
|move|p2a: Slowking|Sludge Bomb|p1a: Slowking
|-damage|p1a: Slowking|78/100
|move|p1a: Slowking|Scald|p2a: Slowking
|-damage|p2a: Slowking|64/100
|
|upkeep
|turn|7
|
|t:|1625561488
|move|p2a: Slowking|Sludge Bomb|p1a: Slowking
|-damage|p1a: Slowking|56/100
|move|p1a: Slowking|Future Sight|p2a: Slowking
|-start|p1a: Slowking|move: Future Sight
|
|-end|p1a: Slowking|move: Future Sight
|-resisted|p1a: Slowking
|-damage|p1a: Slowking|41/100
|upkeep
|turn|8
|
|t:|1625561494
|move|p2a: Slowking|Sludge Bomb|p1a: Slowking
|-damage|p1a: Slowking|17/100
|move|p1a: Slowking|Teleport|p1a: Slowking
|
|t:|1625561497
|switch|p1a: Bisharp|Bisharp, M|100/100|[from]move: Teleport
|-damage|p1a: Bisharp|94/100|[from] Stealth Rock
|
|upkeep
|turn|9
|
|t:|1625561505
|switch|p2a: Buzzwole|Buzzwole|100/100
|-damage|p2a: Buzzwole|88/100|[from] Stealth Rock
|move|p1a: Bisharp|Knock Off|p2a: Buzzwole
|-resisted|p2a: Buzzwole
|-damage|p2a: Buzzwole|65/100
|-damage|p1a: Bisharp|78/100|[from] item: Rocky Helmet|[of] p2a: Buzzwole
|-enditem|p2a: Buzzwole|Rocky Helmet|[from] move: Knock Off|[of] p1a: Bisharp
|
|-end|p2a: Buzzwole|move: Future Sight
|-supereffective|p2a: Buzzwole
|-damage|p2a: Buzzwole|0 fnt
|faint|p2a: Buzzwole
|upkeep
|c|☆Plasmeek|oh I didn't see the future sight
|
|t:|1625561530
|switch|p2a: Tornadus|Tornadus-Therian, M, shiny|100/100
|turn|10
|c|☆LT81YL Harshal|happens a lot
|
|t:|1625561541
|switch|p1a: Clefable|Clefable, M|100/100 tox
|move|p2a: Tornadus|Heat Wave|p1a: Clefable|[miss]
|-miss|p2a: Tornadus|p1a: Clefable
|
|upkeep
|turn|11
|
|t:|1625561547
|switch|p2a: Slowking|Slowking-Galar, F|97/100
|-damage|p2a: Slowking|85/100|[from] Stealth Rock
|move|p1a: Clefable|Thunder Wave|p2a: Slowking
|-status|p2a: Slowking|par
|
|upkeep
|turn|12
|
|t:|1625561556
|switch|p1a: Landorus|Landorus-Therian, M|100/100
|-damage|p1a: Landorus|88/100|[from] Stealth Rock
|-ability|p1a: Landorus|Intimidate|boost
|-unboost|p2a: Slowking|atk|1
|switch|p2a: Zeraora|Zeraora|100/100
|
|-heal|p1a: Landorus|94/100|[from] item: Leftovers
|upkeep
|turn|13
|
|t:|1625561565
|move|p2a: Zeraora|Knock Off|p1a: Landorus
|-damage|p1a: Landorus|73/100
|-enditem|p1a: Landorus|Leftovers|[from] move: Knock Off|[of] p2a: Zeraora
|move|p1a: Landorus|U-turn|p2a: Zeraora
|-damage|p2a: Zeraora|68/100
|
|t:|1625561569
|switch|p1a: Clefable|Clefable, M|100/100 tox|[from]move: U-turn
|
|upkeep
|turn|14
|
|t:|1625561576
|move|p2a: Zeraora|Bulk Up|p2a: Zeraora
|-boost|p2a: Zeraora|atk|1
|-boost|p2a: Zeraora|def|1
|move|p1a: Clefable|Moonblast|p2a: Zeraora
|-damage|p2a: Zeraora|25/100
|
|upkeep
|turn|15
|
|t:|1625561580
|switch|p2a: Slowking|Slowking-Galar, F|100/100 par
|-damage|p2a: Slowking|88/100 par|[from] Stealth Rock
|move|p1a: Clefable|Moonblast|p2a: Slowking
|-resisted|p2a: Slowking
|-damage|p2a: Slowking|81/100 par
|
|upkeep
|turn|16
|
|t:|1625561589
|switch|p1a: Bisharp|Bisharp, M|78/100
|-damage|p1a: Bisharp|72/100|[from] Stealth Rock
|switch|p2a: Tornadus|Tornadus-Therian, M, shiny|100/100
|
|upkeep
|turn|17
|j| Kostac
|
|t:|1625561601
|switch|p1a: Clefable|Clefable, M|100/100 tox
|move|p2a: Tornadus|Hurricane|p1a: Clefable|[miss]
|-miss|p2a: Tornadus|p1a: Clefable
|
|upkeep
|turn|18
|
|t:|1625561609
|switch|p2a: Slowking|Slowking-Galar, F|100/100 par
|-damage|p2a: Slowking|88/100 par|[from] Stealth Rock
|switch|p1a: Bisharp|Bisharp, M|72/100
|-damage|p1a: Bisharp|66/100|[from] Stealth Rock
|
|upkeep
|turn|19
|c|☆Plasmeek|gg
|-message|Plasmeek forfeited.
|
|win|LT81YL Harshal
|raw|LT81YL Harshal's rating: 1804 &rarr; <strong>1822</strong><br />(+18 for winning)
|raw|Plasmeek's rating: 1774 &rarr; <strong>1756</strong><br />(-18 for losing)
|l|☆Plasmeek
|c|☆LT81YL Harshal|gg
|l|☆LT81YL Harshal
