|raw|<div class="broadcast-blue"><strong>This battle is required to be public due to a player having a name starting with 'lt91bb'.</div>
|j|☆LT91BB gostop
|j|☆antarctozolt
|t:|1658995810
|gametype|singles
|player|p1|LT91BB gostop|lucas|1734
|player|p2|antarctozolt|skier|1829
|teamsize|p1|6
|teamsize|p2|6
|gen|8
|tier|[Gen 8] OU
|rated|
|rule|Sleep Clause Mod: Limit one foe put to sleep
|rule|Species Clause: Limit one of each Pokémon
|rule|OHKO Clause: OHKO moves are banned
|rule|Evasion Moves Clause: Evasion moves are banned
|rule|Endless Battle Clause: Forcing endless battles is banned
|rule|HP Percentage Mod: HP is shown in percentages
|rule|Dynamax Clause: You cannot dynamax
|clearpoke
|poke|p1|Pyukumuku, F|
|poke|p1|Audino, M|
|poke|p1|Clefable, F|
|poke|p1|Corviknight, F|
|poke|p1|Toxapex, F|
|poke|p1|Gastrodon, M|
|poke|p2|Mew|
|poke|p2|Weavile, F|
|poke|p2|Celesteela|
|poke|p2|Crawdaunt, M|
|poke|p2|Garchomp, F|
|poke|p2|Blacephalon|
|teampreview
|j| LIVVY IS MID
|
|t:|1658995824
|start
|switch|p1a: Toxapex|Toxapex, F|100/100
|switch|p2a: リード|Mew, shiny|100/100
|turn|1
|j| STDSuave
|j| thatoneguy5777
|j| LT91BBEZ
|
|t:|1658995828
|move|p2a: リード|Taunt|p1a: Toxapex
|-start|p1a: Toxapex|move: Taunt
|move|p1a: Toxapex|Scald|p2a: リード
|-damage|p2a: リード|87/100
|
|upkeep
|turn|2
|j| CrucialKoko
|
|t:|1658995834
|move|p2a: リード|Stealth Rock|p1a: Toxapex
|-sidestart|p1: LT91BB gostop|move: Stealth Rock
|move|p1a: Toxapex|Scald|p2a: リード
|-damage|p2a: リード|73/100
|
|upkeep
|turn|3
|j| torrential t
|
|t:|1658995839
|move|p2a: リード|Spikes|p1a: Toxapex
|-sidestart|p1: LT91BB gostop|Spikes
|move|p1a: Toxapex|Scald|p2a: リード
|-crit|p2a: リード
|-damage|p2a: リード|51/100
|
|-end|p1a: Toxapex|move: Taunt
|upkeep
|turn|4
|j| krbyptty
|
|t:|1658995847
|move|p2a: リード|Taunt|p1a: Toxapex
|-start|p1a: Toxapex|move: Taunt
|move|p1a: Toxapex|Scald|p2a: リード
|-damage|p2a: リード|37/100
|
|upkeep
|turn|5
|j| lzaaaaa
|j| vkhss
|
|t:|1658995853
|move|p2a: リード|Thunder Wave|p1a: Toxapex
|-status|p1a: Toxapex|par
|move|p1a: Toxapex|Scald||[still]
|-damage|p2a: リード|23/100
|-status|p2a: リード|brn
|-activate|p2a: リード|ability: Synchronize
|-fail|p2a: リード
|
|-damage|p2a: リード|17/100 brn|[from] brn
|upkeep
|turn|6
|l| LT91BBEZ
|j| Allen-xia
|
|t:|1658995863
|move|p2a: リード|Spikes|p1a: Toxapex
|-sidestart|p1: LT91BB gostop|Spikes
|move|p1a: Toxapex|Scald|p2a: リード
|-damage|p2a: リード|2/100 brn
|
|-damage|p2a: リード|0 fnt|[from] brn
|faint|p2a: リード
|-end|p1a: Toxapex|move: Taunt
|upkeep
|j| LT91BB RL
|
|t:|1658995865
|switch|p2a: 攻撃＃3|Crawdaunt, M, shiny|100/100
|turn|7
|j| ClumsyClefable
|
|t:|1658995884
|move|p2a: 攻撃＃3|Swords Dance|p2a: 攻撃＃3
|-boost|p2a: 攻撃＃3|atk|2
|cant|p1a: Toxapex|par
|
|upkeep
|turn|8
|j| AlIoutdragadarts
|l| thatoneguy5777
|
|t:|1658995906
|move|p2a: 攻撃＃3|Aqua Jet|p1a: Toxapex
|-resisted|p1a: Toxapex
|-damage|p1a: Toxapex|77/100 par
|-damage|p2a: 攻撃＃3|84/100|[from] item: Rocky Helmet|[of] p1a: Toxapex
|-damage|p2a: 攻撃＃3|74/100|[from] item: Life Orb
|move|p1a: Toxapex|Scald|p2a: 攻撃＃3
|-resisted|p2a: 攻撃＃3
|-damage|p2a: 攻撃＃3|57/100
|
|upkeep
|turn|9
|
|t:|1658995922
|switch|p1a: Pyukumuku|Pyukumuku, F|100/100
|-damage|p1a: Pyukumuku|88/100|[from] Stealth Rock
|-damage|p1a: Pyukumuku|72/100|[from] Spikes
|move|p2a: 攻撃＃3|Knock Off|p1a: Pyukumuku
|-damage|p1a: Pyukumuku|0 fnt
|-damage|p2a: 攻撃＃3|0 fnt|[from] ability: Innards Out|[of] p1a: Pyukumuku
|faint|p1a: Pyukumuku
|faint|p2a: 攻撃＃3
|
|upkeep
|j| icefacez
|j| dragonclaw723
|j| Ivehadenoughshit
|j| Separation
|
|t:|1658995964
|switch|p2a: 攻撃＃5|Blacephalon, shiny|100/100
|switch|p1a: Corviknight|Corviknight, F|100/100
|-damage|p1a: Corviknight|88/100|[from] Stealth Rock
|-ability|p1a: Corviknight|Pressure
|turn|10
|
|t:|1658995976
|switch|p1a: Toxapex|Toxapex, F|100/100 par
|-damage|p1a: Toxapex|88/100 par|[from] Stealth Rock
|-damage|p1a: Toxapex|72/100 par|[from] Spikes
|move|p2a: 攻撃＃5|Trick|p1a: Toxapex
|-activate|p2a: 攻撃＃5|move: Trick|[of] p1a: Toxapex
|-item|p1a: Toxapex|Choice Scarf|[from] move: Trick
|-item|p2a: 攻撃＃5|Rocky Helmet|[from] move: Trick
|
|upkeep
|turn|11
|
|t:|1658995989
|switch|p1a: Audino|Audino, M|100/100
|-damage|p1a: Audino|88/100|[from] Stealth Rock
|-damage|p1a: Audino|71/100|[from] Spikes
|move|p2a: 攻撃＃5|Shadow Ball|p1a: Audino
|-immune|p1a: Audino
|
|-heal|p1a: Audino|78/100|[from] item: Leftovers
|upkeep
|turn|12
|
|t:|1658995993
|move|p2a: 攻撃＃5|Flamethrower|p1a: Audino
|-damage|p1a: Audino|42/100
|move|p1a: Audino|Wish|p1a: Audino
|
|-heal|p1a: Audino|48/100|[from] item: Leftovers
|upkeep
|turn|13
|j| Barracades
|
|t:|1658996013
|switch|p2a: 攻撃＃1|Weavile, F, shiny|100/100
|-ability|p2a: 攻撃＃1|Pressure
|move|p1a: Audino|Protect||[still]
|-fail|p1a: Audino
|
|-heal|p1a: Audino|98/100|[from] move: Wish|[wisher] Audino
|-heal|p1a: Audino|100/100|[from] item: Leftovers
|upkeep
|turn|14
|j| ripreckful
|l| dragonclaw723
|
|t:|1658996063
|switch|p1a: Toxapex|Toxapex, F|100/100 par
|-damage|p1a: Toxapex|88/100 par|[from] Stealth Rock
|-damage|p1a: Toxapex|72/100 par|[from] Spikes
|move|p2a: 攻撃＃1|Swords Dance|p2a: 攻撃＃1
|-boost|p2a: 攻撃＃1|atk|2
|
|upkeep
|turn|15
|
|t:|1658996065
|move|p2a: 攻撃＃1|Knock Off|p1a: Toxapex
|-damage|p1a: Toxapex|0 fnt
|-enditem|p1a: Toxapex|Choice Scarf|[from] move: Knock Off|[of] p2a: 攻撃＃1
|faint|p1a: Toxapex
|-damage|p2a: 攻撃＃1|91/100|[from] item: Life Orb
|
|upkeep
|
|t:|1658996082
|switch|p1a: Clefable|Clefable, F|100/100
|-damage|p1a: Clefable|88/100|[from] Stealth Rock
|-damage|p1a: Clefable|72/100|[from] Spikes
|turn|16
|
|t:|1658996085
|move|p2a: 攻撃＃1|Triple Axel|p1a: Clefable
|-damage|p1a: Clefable|61/100
|-damage|p1a: Clefable|39/100
|-damage|p1a: Clefable|7/100
|-hitcount|p1a: Clefable|3
|-damage|p2a: 攻撃＃1|81/100|[from] item: Life Orb
|move|p1a: Clefable|Soft-Boiled|p1a: Clefable
|-heal|p1a: Clefable|57/100
|
|-heal|p1a: Clefable|63/100|[from] item: Leftovers
|upkeep
|turn|17
|
|t:|1658996094
|move|p2a: 攻撃＃1|Triple Axel|p1a: Clefable
|-damage|p1a: Clefable|51/100
|-damage|p1a: Clefable|30/100
|-damage|p1a: Clefable|0 fnt
|faint|p1a: Clefable
|-hitcount|p1: Clefable|3
|-damage|p2a: 攻撃＃1|71/100|[from] item: Life Orb
|
|upkeep
|j| confusien
|
|t:|1658996097
|switch|p1a: Corviknight|Corviknight, F|88/100
|-damage|p1a: Corviknight|75/100|[from] Stealth Rock
|-ability|p1a: Corviknight|Pressure
|turn|18
|
|t:|1658996100
|move|p2a: 攻撃＃1|Knock Off|p1a: Corviknight
|-damage|p1a: Corviknight|0 fnt
|-enditem|p1a: Corviknight|Leftovers|[from] move: Knock Off|[of] p2a: 攻撃＃1
|faint|p1a: Corviknight
|-damage|p2a: 攻撃＃1|61/100|[from] item: Life Orb
|
|upkeep
|j| freezoro
|c|☆LT91BB gostop|gg
|l| freezoro
|-message|LT91BB gostop forfeited.
|
|win|antarctozolt
|raw|LT91BB gostop's rating: 1734 &rarr; <strong>1719</strong><br />(-15 for losing)
|raw|antarctozolt's rating: 1829 &rarr; <strong>1844</strong><br />(+15 for winning)
|l|☆LT91BB gostop
