|html|<div class="broadcast-blue"><strong>[Gen 8] OU is currently suspecting Melmetal! For information on how to participate check out the <a href="https://www.smogon.com/forums/threads/np-ss-ou-suspect-process-round-12-monster-mash.3709234/">suspect thread</a>.</strong></div>
|j|☆HQSNonsense
|j|☆BeyourTea
|t:|1666340085
|gametype|singles
|player|p1|HQSNonsense|veteranf|1512
|player|p2|BeyourTea|veteranf|1571
|teamsize|p1|6
|teamsize|p2|6
|gen|8
|tier|[Gen 8] OU
|rated|
|rule|Sleep Clause Mod: Limit one foe put to sleep
|rule|Species Clause: Limit one of each Pokémon
|rule|OHKO Clause: OHKO moves are banned
|rule|Evasion Items Clause: Evasion items are banned
|rule|Evasion Moves Clause: Evasion moves are banned
|rule|Endless Battle Clause: Forcing endless battles is banned
|rule|HP Percentage Mod: HP is shown in percentages
|rule|Dynamax Clause: You cannot dynamax
|clearpoke
|poke|p1|Scizor, M|
|poke|p1|Rillaboom, F|
|poke|p1|Landorus-Therian, M|
|poke|p1|Urshifu-*, M|
|poke|p1|Weavile, M|
|poke|p1|Dragonite, F|
|poke|p2|Victini|
|poke|p2|Urshifu-*, F|
|poke|p2|Melmetal|
|poke|p2|Landorus-Therian, M|
|poke|p2|Zapdos-Galar|
|poke|p2|Regieleki|
|teampreview
|
|t:|1666340097
|start
|switch|p1a: Landorus|Landorus-Therian, M|100/100
|switch|p2a: Victini|Victini|100/100
|-ability|p1a: Landorus|Intimidate|boost
|-unboost|p2a: Victini|atk|1
|turn|1
|inactive|Battle timer is ON: inactive players will automatically lose when time's up. (requested by HQSNonsense)
|
|t:|1666340104
|move|p1a: Landorus|Stealth Rock|p2a: Victini
|-sidestart|p2: BeyourTea|move: Stealth Rock
|move|p2a: Victini|Trick Room|p2a: Victini
|-fieldstart|move: Trick Room|[of] p2a: Victini
|
|upkeep
|turn|2
|j| now you lose
|
|t:|1666340112
|move|p2a: Victini|Final Gambit|p1a: Landorus
|-damage|p1a: Landorus|0 fnt
|faint|p2a: Victini
|faint|p1a: Landorus
|
|upkeep
|l| now you lose
|
|t:|1666340123
|switch|p2a: Melmetal|Melmetal|100/100
|switch|p1a: Urshifu|Urshifu-Rapid-Strike, M|100/100
|-damage|p2a: Melmetal|94/100|[from] Stealth Rock
|turn|3
|
|t:|1666340129
|move|p2a: Melmetal|Thunder Punch|p1a: Urshifu
|-supereffective|p1a: Urshifu
|-damage|p1a: Urshifu|4/100
|-damage|p2a: Melmetal|84/100|[from] item: Life Orb
|move|p1a: Urshifu|Counter|p2a: Melmetal
|-damage|p2a: Melmetal|0 fnt
|faint|p2a: Melmetal
|
|upkeep
|
|t:|1666340137
|switch|p2a: Urshifu|Urshifu-Rapid-Strike, F|100/100
|-damage|p2a: Urshifu|94/100|[from] Stealth Rock
|turn|4
|
|t:|1666340148
|move|p2a: Urshifu|U-turn|p1a: Urshifu
|-resisted|p1a: Urshifu
|-damage|p1a: Urshifu|0 fnt
|faint|p1a: Urshifu
|
|t:|1666340152
|switch|p2a: Zapdos|Zapdos-Galar|100/100|[from]move: U-turn
|-damage|p2a: Zapdos|88/100|[from] Stealth Rock
|
|upkeep
|
|t:|1666340171
|switch|p1a: Scizor|Scizor, M|100/100
|turn|5
|
|t:|1666340175
|move|p1a: Scizor|Bullet Punch|p2a: Zapdos
|-damage|p2a: Zapdos|38/100
|-damage|p1a: Scizor|91/100|[from] item: Life Orb
|move|p2a: Zapdos|Thunderous Kick|p1a: Scizor
|-damage|p1a: Scizor|32/100
|-unboost|p1a: Scizor|def|1
|
|-fieldend|move: Trick Room
|upkeep
|turn|6
|
|t:|1666340184
|switch|p2a: Urshifu|Urshifu-Rapid-Strike, F|94/100
|-damage|p2a: Urshifu|88/100|[from] Stealth Rock
|move|p1a: Scizor|Bullet Punch|p2a: Urshifu
|-resisted|p2a: Urshifu
|-damage|p2a: Urshifu|64/100
|-damage|p1a: Scizor|22/100|[from] item: Life Orb
|
|upkeep
|turn|7
|
|t:|1666340194
|move|p1a: Scizor|Bullet Punch|p2a: Urshifu
|-resisted|p2a: Urshifu
|-damage|p2a: Urshifu|43/100
|-damage|p1a: Scizor|12/100|[from] item: Life Orb
|move|p2a: Urshifu|Close Combat|p1a: Scizor
|-damage|p1a: Scizor|0 fnt
|-unboost|p2a: Urshifu|def|1
|-unboost|p2a: Urshifu|spd|1
|faint|p1a: Scizor
|
|upkeep
|
|t:|1666340204
|switch|p1a: Dragonite|Dragonite, F|100/100
|turn|8
|
|t:|1666340208
|move|p2a: Urshifu|Close Combat|p1a: Dragonite
|-resisted|p1a: Dragonite
|-damage|p1a: Dragonite|70/100
|-unboost|p2a: Urshifu|def|1
|-unboost|p2a: Urshifu|spd|1
|move|p1a: Dragonite|Dragon Dance|p1a: Dragonite
|-boost|p1a: Dragonite|atk|1
|-boost|p1a: Dragonite|spe|1
|
|upkeep
|turn|9
|
|t:|1666340217
|move|p1a: Dragonite|Extreme Speed|p2a: Urshifu
|-damage|p2a: Urshifu|0 fnt
|faint|p2a: Urshifu
|
|upkeep
|
|t:|1666340221
|switch|p2a: Regieleki|Regieleki|100/100
|-damage|p2a: Regieleki|88/100|[from] Stealth Rock
|turn|10
|
|t:|1666340225
|move|p1a: Dragonite|Extreme Speed|p2a: Regieleki
|-damage|p2a: Regieleki|0 fnt
|faint|p2a: Regieleki
|
|upkeep
|-message|BeyourTea forfeited.
|
|win|HQSNonsense
|raw|HQSNonsense's rating: 1512 &rarr; <strong>1535</strong><br />(+23 for winning)
|raw|BeyourTea's rating: 1571 &rarr; <strong>1548</strong><br />(-23 for losing)
|l|☆BeyourTea
