|j|☆7AMINTENERIFE
|j|☆cute pink team
|t:|1661095006
|gametype|singles
|player|p1|7AMINTENERIFE|#roaplviiipichus|1741
|player|p2|cute pink team|misty-gen1|1912
|teamsize|p1|6
|teamsize|p2|6
|gen|8
|tier|[Gen 8] OU
|rated|
|rule|Sleep Clause Mod: Limit one foe put to sleep
|rule|Species Clause: Limit one of each Pokémon
|rule|OHKO Clause: OHKO moves are banned
|rule|Evasion Items Clause: Evasion items are banned
|rule|Evasion Moves Clause: Evasion moves are banned
|rule|Endless Battle Clause: Forcing endless battles is banned
|rule|HP Percentage Mod: HP is shown in percentages
|rule|Dynamax Clause: You cannot dynamax
|clearpoke
|poke|p1|Rillaboom, F|
|poke|p1|Corviknight, F|
|poke|p1|Clefable, M|
|poke|p1|Victini|
|poke|p1|Garchomp, M|
|poke|p1|Regieleki|
|poke|p2|Tyranitar, M|
|poke|p2|Corviknight, M|
|poke|p2|Volcanion|
|poke|p2|Zapdos|
|poke|p2|Dragapult, M|
|poke|p2|Quagsire, M|
|teampreview
|inactive|Battle timer is ON: inactive players will automatically lose when time's up. (requested by 7AMINTENERIFE)
|
|t:|1661095031
|start
|switch|p1a: Victini|Victini|100/100
|switch|p2a: Dragapult|Dragapult, M|100/100
|turn|1
|
|t:|1661095037
|switch|p1a: Corviknight|Corviknight, F|100/100
|-ability|p1a: Corviknight|Pressure
|move|p2a: Dragapult|Shadow Ball|p1a: Corviknight
|-damage|p1a: Corviknight|58/100
|
|-heal|p1a: Corviknight|64/100|[from] item: Leftovers
|upkeep
|turn|2
|
|t:|1661095040
|switch|p2a: Volcanion|Volcanion|100/100
|move|p1a: Corviknight|Roost|p1a: Corviknight
|-heal|p1a: Corviknight|100/100
|-singleturn|p1a: Corviknight|move: Roost
|
|upkeep
|turn|3
|
|t:|1661095050
|move|p2a: Volcanion|Steam Eruption|p1a: Corviknight
|-damage|p1a: Corviknight|38/100
|-status|p1a: Corviknight|brn
|move|p1a: Corviknight|U-turn|p2a: Volcanion
|-resisted|p2a: Volcanion
|-damage|p2a: Volcanion|97/100
|
|t:|1661095052
|switch|p1a: No jokes|Garchomp, M|100/100|[from]move: U-turn
|
|upkeep
|turn|4
|
|t:|1661095056
|switch|p2a: Corviknight|Corviknight, M|100/100
|-ability|p2a: Corviknight|Pressure
|move|p1a: No jokes|Earthquake|p2a: Corviknight
|-immune|p2a: Corviknight
|
|upkeep
|turn|5
|
|t:|1661095059
|move|p1a: No jokes|Stealth Rock|p2a: Corviknight
|-sidestart|p2: cute pink team|move: Stealth Rock
|move|p2a: Corviknight|Brave Bird|p1a: No jokes
|-damage|p1a: No jokes|66/100
|-damage|p2a: Corviknight|88/100|[from] ability: Rough Skin|[of] p1a: No jokes
|-damage|p2a: Corviknight|78/100|[from] Recoil
|
|-heal|p2a: Corviknight|84/100|[from] item: Leftovers
|upkeep
|turn|6
|
|t:|1661095066
|switch|p1a: Victini|Victini|100/100
|move|p2a: Corviknight|Defog|p1a: Victini
|-unboost|p1a: Victini|evasion|1
|-sideend|p2: cute pink team|Stealth Rock|[from] move: Defog|[of] p2a: Corviknight
|
|-heal|p2a: Corviknight|90/100|[from] item: Leftovers
|upkeep
|turn|7
|
|t:|1661095070
|switch|p2a: Quagsire|Quagsire, M|100/100
|move|p1a: Victini|Final Gambit|p2a: Quagsire
|-damage|p2a: Quagsire|0 fnt
|faint|p1a: Victini
|faint|p2a: Quagsire
|
|upkeep
|
|t:|1661095076
|switch|p1a: Regieleki|Regieleki, shiny|100/100
|switch|p2a: Dragapult|Dragapult, M|100/100
|turn|8
|
|t:|1661095078
|move|p1a: Regieleki|Volt Switch|p2a: Dragapult
|-resisted|p2a: Dragapult
|-damage|p2a: Dragapult|53/100
|
|t:|1661095082
|switch|p1a: Corviknight|Corviknight, F|38/100 brn|[from]move: Volt Switch
|-ability|p1a: Corviknight|Pressure
|move|p2a: Dragapult|Shadow Ball|p1a: Corviknight
|-damage|p1a: Corviknight|0 fnt
|faint|p1a: Corviknight
|
|upkeep
|
|t:|1661095083
|switch|p1a: Regieleki|Regieleki, shiny|100/100
|turn|9
|c|☆cute pink team|ah
|c|☆cute pink team|f
|
|t:|1661095106
|move|p1a: Regieleki|Thunderbolt|p2a: Dragapult
|-resisted|p2a: Dragapult
|-damage|p2a: Dragapult|0 fnt
|faint|p2a: Dragapult
|
|upkeep
|
|t:|1661095108
|switch|p2a: Tyranitar|Tyranitar, M|100/100
|-weather|Sandstorm|[from] ability: Sand Stream|[of] p2a: Tyranitar
|turn|10
|
|t:|1661095116
|switch|p1a: Clefable|Clefable, M|100/100
|move|p2a: Tyranitar|Crunch|p1a: Clefable
|-resisted|p1a: Clefable
|-damage|p1a: Clefable|73/100
|
|-weather|Sandstorm|[upkeep]
|upkeep
|turn|11
|
|t:|1661095121
|switch|p2a: Volcanion|Volcanion|97/100
|move|p1a: Clefable|Thunder Wave|p2a: Volcanion
|-status|p2a: Volcanion|par
|
|-weather|Sandstorm|[upkeep]
|-damage|p2a: Volcanion|91/100 par|[from] Sandstorm
|upkeep
|turn|12
|
|t:|1661095127
|move|p1a: Clefable|Moonblast|p2a: Volcanion
|-resisted|p2a: Volcanion
|-damage|p2a: Volcanion|72/100 par
|cant|p2a: Volcanion|par
|
|-weather|Sandstorm|[upkeep]
|-damage|p2a: Volcanion|66/100 par|[from] Sandstorm
|upkeep
|turn|13
|
|t:|1661095134
|move|p1a: Clefable|Moonblast|p2a: Volcanion
|-resisted|p2a: Volcanion
|-damage|p2a: Volcanion|45/100 par
|cant|p2a: Volcanion|par
|
|-weather|Sandstorm|[upkeep]
|-damage|p2a: Volcanion|39/100 par|[from] Sandstorm
|upkeep
|turn|14
|
|t:|1661095137
|move|p1a: Clefable|Soft-Boiled|p1a: Clefable
|-heal|p1a: Clefable|100/100
|move|p2a: Volcanion|Overheat|p1a: Clefable
|-damage|p1a: Clefable|0 fnt
|-unboost|p2a: Volcanion|spa|2
|faint|p1a: Clefable
|
|-weather|none
|upkeep
|
|t:|1661095139
|switch|p1a: Regieleki|Regieleki, shiny|100/100
|turn|15
|
|t:|1661095145
|move|p1a: Regieleki|Volt Switch|p2a: Volcanion
|-supereffective|p2a: Volcanion
|-damage|p2a: Volcanion|0 fnt
|faint|p2a: Volcanion
|
|t:|1661095146
|switch|p1a: No jokes|Garchomp, M|66/100|[from]move: Volt Switch
|
|upkeep
|
|t:|1661095149
|switch|p2a: Zapdos|Zapdos|100/100
|turn|16
|
|t:|1661095153
|switch|p1a: Regieleki|Regieleki, shiny|100/100
|move|p2a: Zapdos|Hurricane|p1a: Regieleki
|-resisted|p1a: Regieleki
|-crit|p1a: Regieleki
|-damage|p1a: Regieleki|0 fnt
|faint|p1a: Regieleki
|
|upkeep
|
|t:|1661095157
|switch|p1a: No jokes|Garchomp, M|66/100
|turn|17
|
|t:|1661095161
|move|p1a: No jokes|Outrage|p2a: Zapdos
|-damage|p2a: Zapdos|0 fnt
|-status|p1a: No jokes|par|[from] ability: Static|[of] p2a: Zapdos
|faint|p2a: Zapdos
|-damage|p1a: No jokes|56/100 par|[from] item: Life Orb
|
|upkeep
|
|t:|1661095164
|switch|p2a: Tyranitar|Tyranitar, M|100/100
|-weather|Sandstorm|[from] ability: Sand Stream|[of] p2a: Tyranitar
|turn|18
|
|t:|1661095170
|move|p2a: Tyranitar|Crunch|p1a: No jokes
|-damage|p1a: No jokes|0 fnt
|-damage|p2a: Tyranitar|88/100|[from] ability: Rough Skin|[of] p1a: No jokes
|faint|p1a: No jokes
|
|-weather|Sandstorm|[upkeep]
|upkeep
|
|t:|1661095172
|switch|p1a: Rillaboom|Rillaboom, F|100/100
|-fieldstart|move: Grassy Terrain|[from] ability: Grassy Surge|[of] p1a: Rillaboom
|turn|19
|
|t:|1661095176
|move|p2a: Tyranitar|Crunch|p1a: Rillaboom
|-damage|p1a: Rillaboom|31/100
|move|p1a: Rillaboom|Swords Dance|p1a: Rillaboom
|-boost|p1a: Rillaboom|atk|2
|
|-weather|Sandstorm|[upkeep]
|-damage|p1a: Rillaboom|25/100|[from] Sandstorm
|-heal|p2a: Tyranitar|94/100|[from] Grassy Terrain
|-heal|p1a: Rillaboom|31/100|[from] Grassy Terrain
|-heal|p1a: Rillaboom|37/100|[from] item: Leftovers
|upkeep
|turn|20
|
|t:|1661095179
|move|p1a: Rillaboom|Grassy Glide|p2a: Tyranitar
|-supereffective|p2a: Tyranitar
|-damage|p2a: Tyranitar|0 fnt
|faint|p2a: Tyranitar
|
|-weather|Sandstorm|[upkeep]
|-damage|p1a: Rillaboom|31/100|[from] Sandstorm
|-heal|p1a: Rillaboom|37/100|[from] Grassy Terrain
|-heal|p1a: Rillaboom|44/100|[from] item: Leftovers
|upkeep
|
|t:|1661095181
|switch|p2a: Corviknight|Corviknight, M|90/100
|-ability|p2a: Corviknight|Pressure
|turn|21
|c|☆7AMINTENERIFE|ifuckedup
|c|☆7AMINTENERIFE|ff
|c|☆7AMINTENERIFE|gg*
|c|☆cute pink team|gg
|
|t:|1661095191
|move|p1a: Rillaboom|Superpower|p2a: Corviknight
|-damage|p2a: Corviknight|23/100
|-unboost|p1a: Rillaboom|atk|1
|-unboost|p1a: Rillaboom|def|1
|move|p2a: Corviknight|Brave Bird|p1a: Rillaboom
|-supereffective|p1a: Rillaboom
|-damage|p1a: Rillaboom|0 fnt
|faint|p1a: Rillaboom
|-damage|p2a: Corviknight|8/100|[from] Recoil
|
|win|cute pink team
|raw|7AMINTENERIFE's rating: 1741 &rarr; <strong>1730</strong><br />(-11 for losing)
|raw|cute pink team's rating: 1912 &rarr; <strong>1923</strong><br />(+11 for winning)
