|j|☆Dallyranks
|j|☆El Stefano
|t:|1663169278
|gametype|singles
|player|p1|Dallyranks|ltsurge|1630
|player|p2|El Stefano|102|1688
|teamsize|p1|6
|teamsize|p2|6
|gen|8
|tier|[Gen 8] OU
|rated|
|rule|Sleep Clause Mod: Limit one foe put to sleep
|rule|Species Clause: Limit one of each Pokémon
|rule|OHKO Clause: OHKO moves are banned
|rule|Evasion Items Clause: Evasion items are banned
|rule|Evasion Moves Clause: Evasion moves are banned
|rule|Endless Battle Clause: Forcing endless battles is banned
|rule|HP Percentage Mod: HP is shown in percentages
|rule|Dynamax Clause: You cannot dynamax
|clearpoke
|poke|p1|Tornadus-Therian, M|
|poke|p1|Marowak-Alola, F|
|poke|p1|Umbreon, M|
|poke|p1|Slowbro, M|
|poke|p1|Melmetal|
|poke|p1|Silvally-*|
|poke|p2|Ferrothorn, F|
|poke|p2|Crawdaunt, M|
|poke|p2|Clefable, F|
|poke|p2|Victini|
|poke|p2|Gastrodon, M|
|poke|p2|Zapdos-Galar|
|teampreview
|
|t:|1663169298
|start
|switch|p1a: I’m back!|Tornadus-Therian, M|100/100
|switch|p2a: Crawdaunt|Crawdaunt, M|100/100
|turn|1
|
|t:|1663169306
|switch|p2a: Clefable|Clefable, F|100/100
|move|p1a: I’m back!|U-turn|p2a: Clefable
|-resisted|p2a: Clefable
|-damage|p2a: Clefable|94/100
|
|t:|1663169311
|switch|p1a: Aries|Melmetal|100/100|[from]move: U-turn
|
|upkeep
|turn|2
|
|t:|1663169329
|switch|p1a: Switch or Die|Marowak-Alola, F|100/100
|move|p2a: Clefable|Trick|p1a: Switch or Die
|-activate|p2a: Clefable|move: Trick|[of] p1a: Switch or Die
|-item|p1a: Switch or Die|Sticky Barb|[from] move: Trick
|-item|p2a: Clefable|Thick Club|[from] move: Trick
|
|-damage|p1a: Switch or Die|88/100|[from] item: Sticky Barb
|upkeep
|turn|3
|
|t:|1663169344
|switch|p1a: I’m back!|Tornadus-Therian, M|100/100
|move|p2a: Clefable|Stealth Rock|p1a: I’m back!
|-sidestart|p1: Dallyranks|move: Stealth Rock
|
|upkeep
|turn|4
|
|t:|1663169351
|switch|p1a: Switch or Die|Marowak-Alola, F|88/100
|-damage|p1a: Switch or Die|63/100|[from] Stealth Rock
|move|p2a: Clefable|Trick|p1a: Switch or Die
|-activate|p2a: Clefable|move: Trick|[of] p1a: Switch or Die
|-item|p1a: Switch or Die|Thick Club|[from] move: Trick
|-item|p2a: Clefable|Sticky Barb|[from] move: Trick
|
|upkeep
|turn|5
|
|t:|1663169371
|switch|p1a: Wtf Is biting Me!|Slowbro, M|100/100
|-damage|p1a: Wtf Is biting Me!|88/100|[from] Stealth Rock
|move|p2a: Clefable|Trick|p1a: Wtf Is biting Me!
|-activate|p2a: Clefable|move: Trick|[of] p1a: Wtf Is biting Me!
|-item|p1a: Wtf Is biting Me!|Sticky Barb|[from] move: Trick
|-item|p2a: Clefable|Shed Shell|[from] move: Trick
|
|-damage|p1a: Wtf Is biting Me!|76/100|[from] item: Sticky Barb
|upkeep
|turn|6
|j| Not_Taken_Name637
|
|t:|1663169385
|move|p2a: Clefable|Moonblast|p1a: Wtf Is biting Me!
|-damage|p1a: Wtf Is biting Me!|54/100
|move|p1a: Wtf Is biting Me!|Teleport|p1a: Wtf Is biting Me!
|
|t:|1663169390
|switch|p1a: I’m back!|Tornadus-Therian, M|100/100|[from]move: Teleport
|
|upkeep
|turn|7
|
|t:|1663169396
|move|p1a: I’m back!|Taunt|p2a: Clefable
|-start|p2a: Clefable|move: Taunt
|cant|p2a: Clefable|move: Taunt|Trick
|
|upkeep
|turn|8
|
|t:|1663169401
|move|p1a: I’m back!|Defog|p2a: Clefable
|-unboost|p2a: Clefable|evasion|1
|-sideend|p1: Dallyranks|Stealth Rock|[from] move: Defog|[of] p1a: I’m back!
|move|p2a: Clefable|Moonblast|p1a: I’m back!
|-damage|p1a: I’m back!|70/100
|-unboost|p1a: I’m back!|spa|1
|
|upkeep
|turn|9
|
|t:|1663169414
|switch|p2a: Ferrothorn|Ferrothorn, F|100/100
|move|p1a: I’m back!|U-turn|p2a: Ferrothorn
|-damage|p2a: Ferrothorn|91/100
|-damage|p1a: I’m back!|57/100|[from] ability: Iron Barbs|[of] p2a: Ferrothorn
|
|t:|1663169422
|switch|p1a: Switch or Die|Marowak-Alola, F|63/100|[from]move: U-turn
|
|-heal|p2a: Ferrothorn|97/100|[from] item: Leftovers
|upkeep
|turn|10
|
|t:|1663169428
|switch|p2a: Gastrodon|Gastrodon, M|100/100
|move|p1a: Switch or Die|Flare Blitz|p2a: Gastrodon
|-resisted|p2a: Gastrodon
|-damage|p2a: Gastrodon|47/100
|
|upkeep
|turn|11
|j| bfghbufjrh
|
|t:|1663169437
|switch|p2a: Victini|Victini|100/100
|move|p1a: Switch or Die|Poltergeist|p2a: Victini
|-activate|p2a: Victini|move: Poltergeist|Heavy-Duty Boots
|-supereffective|p2a: Victini
|-damage|p2a: Victini|0 fnt
|faint|p2a: Victini
|
|upkeep
|
|t:|1663169441
|switch|p2a: Zapdos|Zapdos-Galar|100/100
|turn|12
|
|t:|1663169476
|switch|p1a: Silvally|Silvally-Ground|100/100
|move|p2a: Zapdos|U-turn|p1a: Silvally
|-damage|p1a: Silvally|77/100
|
|t:|1663169485
|switch|p2a: Ferrothorn|Ferrothorn, F|97/100|[from]move: U-turn
|
|-heal|p2a: Ferrothorn|100/100|[from] item: Leftovers
|upkeep
|turn|13
|
|t:|1663169494
|move|p1a: Silvally|Parting Shot|p2a: Ferrothorn
|-unboost|p2a: Ferrothorn|atk|1
|-unboost|p2a: Ferrothorn|spa|1
|
|t:|1663169504
|switch|p1a: I’m back!|Tornadus-Therian, M|90/100|[from]move: Parting Shot
|move|p2a: Ferrothorn|Spikes|p1a: I’m back!
|-sidestart|p1: Dallyranks|Spikes
|
|upkeep
|turn|14
|
|t:|1663169514
|switch|p1a: Wtf Is biting Me!|Slowbro, M|88/100
|-damage|p1a: Wtf Is biting Me!|75/100|[from] Spikes
|move|p2a: Ferrothorn|Thunder Wave|p1a: Wtf Is biting Me!
|-status|p1a: Wtf Is biting Me!|par
|
|-damage|p1a: Wtf Is biting Me!|63/100 par|[from] item: Sticky Barb
|upkeep
|turn|15
|
|t:|1663169524
|switch|p2a: Crawdaunt|Crawdaunt, M|100/100
|move|p1a: Wtf Is biting Me!|Teleport|p1a: Wtf Is biting Me!
|
|t:|1663169533
|switch|p1a: I’m back!|Tornadus-Therian, M|100/100|[from]move: Teleport
|
|upkeep
|turn|16
|
|t:|1663169543
|switch|p2a: Zapdos|Zapdos-Galar|100/100
|move|p1a: I’m back!|U-turn|p2a: Zapdos
|-resisted|p2a: Zapdos
|-damage|p2a: Zapdos|96/100
|
|t:|1663169552
|switch|p1a: Aries|Melmetal|100/100|[from]move: U-turn
|-damage|p1a: Aries|88/100|[from] Spikes
|
|-heal|p1a: Aries|94/100|[from] item: Leftovers
|upkeep
|turn|17
|
|t:|1663169563
|move|p1a: Aries|Protect|p1a: Aries
|-singleturn|p1a: Aries|Protect
|move|p2a: Zapdos|U-turn|p1a: Aries
|-activate|p1a: Aries|move: Protect
|
|-heal|p1a: Aries|99/100|[from] item: Leftovers
|upkeep
|turn|18
|j| animekingreal
|
|t:|1663169575
|switch|p1a: I’m back!|Tornadus-Therian, M|100/100
|move|p2a: Zapdos|U-turn|p1a: I’m back!
|-resisted|p1a: I’m back!
|-damage|p1a: I’m back!|87/100
|
|t:|1663169582
|switch|p2a: Clefable|Clefable, F|94/100|[from]move: U-turn
|
|upkeep
|turn|19
|
|t:|1663169587
|move|p1a: I’m back!|Taunt|p2a: Clefable
|-start|p2a: Clefable|move: Taunt
|move|p2a: Clefable|Moonblast|p1a: I’m back!
|-damage|p1a: I’m back!|54/100
|
|upkeep
|turn|20
|
|t:|1663169594
|switch|p2a: Zapdos|Zapdos-Galar|96/100
|move|p1a: I’m back!|Defog|p2a: Zapdos
|-unboost|p2a: Zapdos|evasion|1
|-ability|p2a: Zapdos|Defiant
|-boost|p2a: Zapdos|atk|2
|-sideend|p1: Dallyranks|Spikes|[from] move: Defog|[of] p1a: I’m back!
|
|upkeep
|turn|21
|
|t:|1663169604
|switch|p1a: Aries|Melmetal|99/100
|move|p2a: Zapdos|Brave Bird|p1a: Aries
|-resisted|p1a: Aries
|-damage|p1a: Aries|63/100
|-damage|p2a: Zapdos|79/100|[from] Recoil
|
|-heal|p1a: Aries|69/100|[from] item: Leftovers
|upkeep
|turn|22
|
|t:|1663169614
|switch|p2a: Ferrothorn|Ferrothorn, F|100/100
|switch|p1a: Switch or Die|Marowak-Alola, F|63/100
|
|upkeep
|turn|23
|l|☆El Stefano
|player|p2|
|inactive|Battle timer is ON: inactive players will automatically lose when time's up. (requested by Dallyranks)
|c|☆Dallyranks|Mans left
|c|☆Dallyranks|couldn’t take the pressure
|j|☆El Stefano
|inactive|El Stefano reconnected and has 135 seconds left.
|player|p2|El Stefano|102
|
|t:|1663169665
|switch|p2a: Clefable|Clefable, F|94/100
|move|p1a: Switch or Die|Flare Blitz|p2a: Clefable
|-damage|p2a: Clefable|10/100
|
|upkeep
|turn|24
|
|t:|1663169673
|move|p1a: Switch or Die|Flare Blitz|p2a: Clefable
|-damage|p2a: Clefable|0 fnt
|faint|p2a: Clefable
|
|upkeep
|
|t:|1663169677
|switch|p2a: Crawdaunt|Crawdaunt, M|100/100
|turn|25
|
|t:|1663169694
|switch|p1a: Dark knight|Umbreon, M|100/100
|move|p2a: Crawdaunt|Swords Dance|p2a: Crawdaunt
|-boost|p2a: Crawdaunt|atk|2
|
|upkeep
|turn|26
|
|t:|1663169705
|move|p2a: Crawdaunt|Swords Dance|p2a: Crawdaunt
|-boost|p2a: Crawdaunt|atk|2
|move|p1a: Dark knight|Foul Play|p2a: Crawdaunt
|-resisted|p2a: Crawdaunt
|-crit|p2a: Crawdaunt
|-damage|p2a: Crawdaunt|0 fnt
|faint|p2a: Crawdaunt
|
|upkeep
|-message|El Stefano forfeited.
|
|win|Dallyranks
|raw|Dallyranks's rating: 1630 &rarr; <strong>1653</strong><br />(+23 for winning)
|raw|El Stefano's rating: 1688 &rarr; <strong>1665</strong><br />(-23 for losing)
|l|☆El Stefano
|c|☆Dallyranks|Greedy boy
|l| Not_Taken_Name637
|l|☆Dallyranks
||Ladder isn't responding, score probably updated but might not have (Request timeout).
