|raw|<div class="broadcast-blue"><strong>This battle is required to be public due to a player having a name starting with 'lt92pf'.</div>
|j|☆Hostile Takeovers
|j|☆LT92PF Ayt
|t:|1659860101
|gametype|singles
|player|p1|Hostile Takeovers|giovanni-gen3|1842
|player|p2|LT92PF Ayt|unknown|1898
|teamsize|p1|6
|teamsize|p2|6
|gen|8
|tier|[Gen 8] OU
|rated|
|rule|Sleep Clause Mod: Limit one foe put to sleep
|rule|Species Clause: Limit one of each Pokémon
|rule|OHKO Clause: OHKO moves are banned
|rule|Evasion Items Clause: Evasion items are banned
|rule|Evasion Moves Clause: Evasion moves are banned
|rule|Endless Battle Clause: Forcing endless battles is banned
|rule|HP Percentage Mod: HP is shown in percentages
|rule|Dynamax Clause: You cannot dynamax
|clearpoke
|poke|p1|Dragonite, M|
|poke|p1|Ferrothorn, M|
|poke|p1|Azumarill, F|
|poke|p1|Heatran, F|
|poke|p1|Rillaboom, M|
|poke|p1|Zapdos|
|poke|p2|Dragapult, M|
|poke|p2|Amoonguss, F|
|poke|p2|Excadrill, M|
|poke|p2|Tyranitar, M|
|poke|p2|Corviknight, F|
|poke|p2|Rotom-Wash|
|teampreview
|inactive|Battle timer is ON: inactive players will automatically lose when time's up. (requested by Hostile Takeovers)
|j| juicelol
|j| Brando4869
|
|t:|1659860118
|start
|switch|p1a: Ferrothorn|Ferrothorn, M|100/100
|switch|p2a: Rotom|Rotom-Wash|100/100
|turn|1
|
|t:|1659860123
|move|p2a: Rotom|Will-O-Wisp|p1a: Ferrothorn
|-status|p1a: Ferrothorn|brn
|move|p1a: Ferrothorn|Knock Off|p2a: Rotom
|-damage|p2a: Rotom|88/100
|-enditem|p2a: Rotom|Leftovers|[from] move: Knock Off|[of] p1a: Ferrothorn
|
|-damage|p1a: Ferrothorn|94/100 brn|[from] brn
|upkeep
|turn|2
|j| RNN YasuKe
|j| ag play
|
|t:|1659860132
|move|p2a: Rotom|Volt Switch|p1a: Ferrothorn
|-resisted|p1a: Ferrothorn
|-damage|p1a: Ferrothorn|83/100 brn
|
|t:|1659860137
|switch|p2a: Amoonguss|Amoonguss, F|100/100|[from]move: Volt Switch
|move|p1a: Ferrothorn|Knock Off|p2a: Amoonguss
|-damage|p2a: Amoonguss|93/100
|-damage|p1a: Ferrothorn|67/100 brn|[from] item: Rocky Helmet|[of] p2a: Amoonguss
|-enditem|p2a: Amoonguss|Rocky Helmet|[from] move: Knock Off|[of] p1a: Ferrothorn
|
|-damage|p1a: Ferrothorn|60/100 brn|[from] brn
|upkeep
|turn|3
|
|t:|1659860146
|move|p2a: Amoonguss|Foul Play|p1a: Ferrothorn
|-damage|p1a: Ferrothorn|49/100 brn
|-damage|p2a: Amoonguss|80/100|[from] ability: Iron Barbs|[of] p1a: Ferrothorn
|-damage|p2a: Amoonguss|64/100|[from] item: Rocky Helmet|[of] p1a: Ferrothorn
|move|p1a: Ferrothorn|Spikes|p2a: Amoonguss
|-sidestart|p2: LT92PF Ayt|Spikes
|
|-damage|p1a: Ferrothorn|43/100 brn|[from] brn
|upkeep
|turn|4
|
|t:|1659860155
|switch|p2a: Rotom|Rotom-Wash|88/100
|move|p1a: Ferrothorn|Knock Off|p2a: Rotom
|-damage|p2a: Rotom|80/100
|
|-damage|p1a: Ferrothorn|37/100 brn|[from] brn
|upkeep
|turn|5
|
|t:|1659860164
|switch|p1a: Rillaboom|Rillaboom, M|100/100
|-fieldstart|move: Grassy Terrain|[from] ability: Grassy Surge|[of] p1a: Rillaboom
|move|p2a: Rotom|Hydro Pump|p1a: Rillaboom
|-resisted|p1a: Rillaboom
|-damage|p1a: Rillaboom|74/100
|
|-heal|p1a: Rillaboom|80/100|[from] Grassy Terrain
|upkeep
|turn|6
|j| BALOOR
|j| LT92PF Highv0ltag3
|
|t:|1659860173
|switch|p2a: Amoonguss|Amoonguss, F|97/100
|-damage|p2a: Amoonguss|85/100|[from] Spikes
|move|p1a: Rillaboom|U-turn|p2a: Amoonguss
|-damage|p2a: Amoonguss|58/100
|j| vo1kner
|j| LT92PF Adri
|
|t:|1659860184
|switch|p1a: Ferrothorn|Ferrothorn, M|37/100 brn|[from]move: U-turn
|
|-heal|p2a: Amoonguss|64/100|[from] Grassy Terrain
|-heal|p1a: Ferrothorn|43/100 brn|[from] Grassy Terrain
|-damage|p1a: Ferrothorn|37/100 brn|[from] brn
|upkeep
|turn|7
|
|t:|1659860193
|switch|p2a: Rotom|Rotom-Wash|80/100
|move|p1a: Ferrothorn|Leech Seed|p2a: Rotom
|-start|p2a: Rotom|move: Leech Seed
|
|-heal|p1a: Ferrothorn|43/100 brn|[from] Grassy Terrain
|-damage|p2a: Rotom|68/100|[from] Leech Seed|[of] p1a: Ferrothorn
|-heal|p1a: Ferrothorn|54/100 brn|[silent]
|-damage|p1a: Ferrothorn|47/100 brn|[from] brn
|upkeep
|turn|8
|
|t:|1659860207
|move|p2a: Rotom|Volt Switch|p1a: Ferrothorn
|-resisted|p1a: Ferrothorn
|-damage|p1a: Ferrothorn|36/100 brn
|j| HasanAnowarRaiyan
|
|t:|1659860211
|switch|p2a: Amoonguss|Amoonguss, F|97/100|[from]move: Volt Switch
|-damage|p2a: Amoonguss|85/100|[from] Spikes
|move|p1a: Ferrothorn|Spikes|p2a: Amoonguss
|-sidestart|p2: LT92PF Ayt|Spikes
|
|-heal|p2a: Amoonguss|91/100|[from] Grassy Terrain
|-heal|p1a: Ferrothorn|43/100 brn|[from] Grassy Terrain
|-damage|p1a: Ferrothorn|36/100 brn|[from] brn
|upkeep
|turn|9
|l| ag play
|l| HasanAnowarRaiyan
|
|t:|1659860222
|switch|p2a: Rotom|Rotom-Wash|68/100
|move|p1a: Ferrothorn|Spikes|p2a: Rotom
|-sidestart|p2: LT92PF Ayt|Spikes
|
|-heal|p1a: Ferrothorn|43/100 brn|[from] Grassy Terrain
|-damage|p1a: Ferrothorn|36/100 brn|[from] brn
|-fieldend|move: Grassy Terrain
|upkeep
|turn|10
|
|t:|1659860230
|switch|p1a: Rillaboom|Rillaboom, M|80/100
|-fieldstart|move: Grassy Terrain|[from] ability: Grassy Surge|[of] p1a: Rillaboom
|move|p2a: Rotom|Volt Switch|p1a: Rillaboom
|-resisted|p1a: Rillaboom
|-damage|p1a: Rillaboom|65/100
|j| Benzos
|
|t:|1659860241
|switch|p2a: Amoonguss|Amoonguss, F|100/100|[from]move: Volt Switch
|-damage|p2a: Amoonguss|75/100|[from] Spikes
|
|-heal|p1a: Rillaboom|71/100|[from] Grassy Terrain
|-heal|p2a: Amoonguss|82/100|[from] Grassy Terrain
|upkeep
|turn|11
|
|t:|1659860247
|move|p1a: Rillaboom|U-turn|p2a: Amoonguss
|-damage|p2a: Amoonguss|53/100
|
|t:|1659860250
|switch|p1a: Ferrothorn|Ferrothorn, M|36/100 brn|[from]move: U-turn
|move|p2a: Amoonguss|Foul Play|p1a: Ferrothorn
|-damage|p1a: Ferrothorn|24/100 brn
|-damage|p2a: Amoonguss|40/100|[from] ability: Iron Barbs|[of] p1a: Ferrothorn
|-damage|p2a: Amoonguss|24/100|[from] item: Rocky Helmet|[of] p1a: Ferrothorn
|
|-heal|p2a: Amoonguss|30/100|[from] Grassy Terrain
|-heal|p1a: Ferrothorn|30/100 brn|[from] Grassy Terrain
|-damage|p1a: Ferrothorn|24/100 brn|[from] brn
|upkeep
|turn|12
|j| LT92PF croo
|
|t:|1659860261
|switch|p2a: Rotom|Rotom-Wash|68/100
|switch|p1a: Zapdos|Zapdos|100/100
|-ability|p1a: Zapdos|Pressure
|
|upkeep
|turn|13
|j| Forwards
|l| Forwards
|
|t:|1659860268
|move|p1a: Zapdos|Thunderbolt|p2a: Rotom
|-damage|p2a: Rotom|22/100
|move|p2a: Rotom|Pain Split|p1a: Zapdos
|-sethp|p1a: Zapdos|61/100|[from] move: Pain Split|[silent]
|-sethp|p2a: Rotom|64/100|[from] move: Pain Split
|
|upkeep
|turn|14
|
|t:|1659860275
|switch|p2a: Excadrill|Excadrill, M|100/100
|-damage|p2a: Excadrill|76/100|[from] Spikes
|move|p1a: Zapdos|Roost|p1a: Zapdos
|-heal|p1a: Zapdos|100/100
|-singleturn|p1a: Zapdos|move: Roost
|
|-heal|p2a: Excadrill|82/100|[from] Grassy Terrain
|-heal|p2a: Excadrill|88/100|[from] item: Leftovers
|-fieldend|move: Grassy Terrain
|upkeep
|turn|15
|
|t:|1659860289
|switch|p1a: Ferrothorn|Ferrothorn, M|24/100 brn
|move|p2a: Excadrill|Rapid Spin|p1a: Ferrothorn
|-resisted|p1a: Ferrothorn
|-damage|p1a: Ferrothorn|18/100 brn
|-boost|p2a: Excadrill|spe|1
|-damage|p2a: Excadrill|75/100|[from] ability: Iron Barbs|[of] p1a: Ferrothorn
|-damage|p2a: Excadrill|59/100|[from] item: Rocky Helmet|[of] p1a: Ferrothorn
|-sideend|p2: LT92PF Ayt|Spikes|[from] move: Rapid Spin|[of] p2a: Excadrill
|
|-heal|p2a: Excadrill|65/100|[from] item: Leftovers
|-damage|p1a: Ferrothorn|12/100 brn|[from] brn
|upkeep
|turn|16
|
|t:|1659860303
|switch|p1a: Zapdos|Zapdos|100/100
|-ability|p1a: Zapdos|Pressure
|move|p2a: Excadrill|Earthquake|p1a: Zapdos
|-immune|p1a: Zapdos
|
|-heal|p2a: Excadrill|71/100|[from] item: Leftovers
|upkeep
|turn|17
|
|t:|1659860314
|switch|p2a: Tyranitar|Tyranitar, M|100/100
|-weather|Sandstorm|[from] ability: Sand Stream|[of] p2a: Tyranitar
|move|p1a: Zapdos|Hurricane|p2a: Tyranitar
|-resisted|p2a: Tyranitar
|-damage|p2a: Tyranitar|85/100
|-start|p2a: Tyranitar|confusion
|
|-weather|Sandstorm|[upkeep]
|-damage|p1a: Zapdos|94/100|[from] Sandstorm
|upkeep
|turn|18
|
|t:|1659860331
|move|p1a: Zapdos|Toxic|p2a: Tyranitar
|-status|p2a: Tyranitar|tox
|-activate|p2a: Tyranitar|confusion
|move|p2a: Tyranitar|Stealth Rock|p1a: Zapdos
|-sidestart|p1: Hostile Takeovers|move: Stealth Rock
|
|-weather|Sandstorm|[upkeep]
|-damage|p1a: Zapdos|88/100|[from] Sandstorm
|-damage|p2a: Tyranitar|78/100 tox|[from] psn
|upkeep
|turn|19
|
|t:|1659860343
|switch|p1a: Heatran|Heatran, F|100/100
|-damage|p1a: Heatran|88/100|[from] Stealth Rock
|-activate|p2a: Tyranitar|confusion
|-damage|p2a: Tyranitar|72/100 tox|[from] confusion
|
|-weather|Sandstorm|[upkeep]
|-heal|p1a: Heatran|94/100|[from] item: Leftovers
|-damage|p2a: Tyranitar|59/100 tox|[from] psn
|upkeep
|turn|20
|j| Ebullient Days
|
|t:|1659860352
|switch|p1a: Rillaboom|Rillaboom, M|71/100
|-damage|p1a: Rillaboom|59/100|[from] Stealth Rock
|-fieldstart|move: Grassy Terrain|[from] ability: Grassy Surge|[of] p1a: Rillaboom
|-activate|p2a: Tyranitar|confusion
|move|p2a: Tyranitar|Earthquake|p1a: Rillaboom
|-resisted|p1a: Rillaboom
|-damage|p1a: Rillaboom|51/100
|
|-weather|Sandstorm|[upkeep]
|-damage|p1a: Rillaboom|44/100|[from] Sandstorm
|-heal|p1a: Rillaboom|51/100|[from] Grassy Terrain
|-heal|p2a: Tyranitar|66/100 tox|[from] Grassy Terrain
|-damage|p2a: Tyranitar|47/100 tox|[from] psn
|upkeep
|turn|21
|j| LT92PF Pachito
|
|t:|1659860365
|switch|p2a: Corviknight|Corviknight, F|100/100
|-ability|p2a: Corviknight|Pressure
|move|p1a: Rillaboom|U-turn|p2a: Corviknight
|-resisted|p2a: Corviknight
|-damage|p2a: Corviknight|93/100
|
|t:|1659860368
|switch|p1a: Heatran|Heatran, F|94/100|[from]move: U-turn
|-damage|p1a: Heatran|82/100|[from] Stealth Rock
|
|-weather|none
|-heal|p1a: Heatran|88/100|[from] Grassy Terrain
|-heal|p1a: Heatran|94/100|[from] item: Leftovers
|-heal|p2a: Corviknight|99/100|[from] item: Leftovers
|upkeep
|turn|22
|
|t:|1659860373
|switch|p2a: Rotom|Rotom-Wash|64/100
|move|p1a: Heatran|Stealth Rock|p2a: Rotom
|-sidestart|p2: LT92PF Ayt|move: Stealth Rock
|
|-heal|p1a: Heatran|100/100|[from] Grassy Terrain
|upkeep
|turn|23
|
|t:|1659860379
|move|p2a: Rotom|Hydro Pump|p1a: Heatran
|-supereffective|p1a: Heatran
|-damage|p1a: Heatran|54/100
|move|p1a: Heatran|Toxic|p2a: Rotom
|-status|p2a: Rotom|tox
|
|-heal|p1a: Heatran|60/100|[from] Grassy Terrain
|-heal|p1a: Heatran|66/100|[from] item: Leftovers
|-damage|p2a: Rotom|58/100 tox|[from] psn
|upkeep
|turn|24
|
|t:|1659860390
|switch|p1a: Dragonite|Dragonite, M|100/100
|move|p2a: Rotom|Volt Switch|p1a: Dragonite
|-damage|p1a: Dragonite|90/100
|
|t:|1659860399
|switch|p2a: Dragapult|Dragapult, M|100/100|[from]move: Volt Switch
|-damage|p2a: Dragapult|88/100|[from] Stealth Rock
|
|-heal|p2a: Dragapult|94/100|[from] Grassy Terrain
|-fieldend|move: Grassy Terrain
|upkeep
|turn|25
|
|t:|1659860414
|move|p2a: Dragapult|Shadow Ball|p1a: Dragonite
|-damage|p1a: Dragonite|37/100
|move|p1a: Dragonite|Roost|p1a: Dragonite
|-heal|p1a: Dragonite|88/100
|-singleturn|p1a: Dragonite|move: Roost
|
|upkeep
|turn|26
|
|t:|1659860429
|switch|p2a: Rotom|Rotom-Wash|58/100 tox
|-damage|p2a: Rotom|45/100 tox|[from] Stealth Rock
|move|p1a: Dragonite|Roost|p1a: Dragonite
|-heal|p1a: Dragonite|100/100
|-singleturn|p1a: Dragonite|move: Roost
|
|-damage|p2a: Rotom|39/100 tox|[from] psn
|upkeep
|turn|27
|
|t:|1659860436
|move|p2a: Rotom|Volt Switch|p1a: Dragonite
|-damage|p1a: Dragonite|90/100
|
|t:|1659860439
|switch|p2a: Corviknight|Corviknight, F|99/100|[from]move: Volt Switch
|-damage|p2a: Corviknight|87/100|[from] Stealth Rock
|-ability|p2a: Corviknight|Pressure
|move|p1a: Dragonite|Dragon Dance|p1a: Dragonite
|-boost|p1a: Dragonite|atk|1
|-boost|p1a: Dragonite|spe|1
|
|-heal|p2a: Corviknight|93/100|[from] item: Leftovers
|upkeep
|turn|28
|
|t:|1659860449
|switch|p1a: Heatran|Heatran, F|66/100
|-damage|p1a: Heatran|54/100|[from] Stealth Rock
|move|p2a: Corviknight|Bulk Up|p2a: Corviknight
|-boost|p2a: Corviknight|atk|1
|-boost|p2a: Corviknight|def|1
|
|-heal|p1a: Heatran|60/100|[from] item: Leftovers
|-heal|p2a: Corviknight|99/100|[from] item: Leftovers
|upkeep
|turn|29
|
|t:|1659860463
|move|p1a: Heatran|Magma Storm|p2a: Corviknight
|-supereffective|p2a: Corviknight
|-damage|p2a: Corviknight|41/100
|-activate|p2a: Corviknight|move: Magma Storm|[of] p1a: Heatran
|move|p2a: Corviknight|Roost|p2a: Corviknight
|-heal|p2a: Corviknight|91/100
|-singleturn|p2a: Corviknight|move: Roost
|
|-heal|p1a: Heatran|66/100|[from] item: Leftovers
|-heal|p2a: Corviknight|97/100|[from] item: Leftovers
|-damage|p2a: Corviknight|84/100|[from] move: Magma Storm|[partiallytrapped]
|upkeep
|turn|30
|
|t:|1659860490
|switch|p1a: Zapdos|Zapdos|88/100
|-ability|p1a: Zapdos|Pressure
|move|p2a: Corviknight|Roost|p2a: Corviknight
|-heal|p2a: Corviknight|100/100
|-singleturn|p2a: Corviknight|move: Roost
|
|-end|p2a: Corviknight|Magma Storm|[partiallytrapped]|[silent]
|upkeep
|turn|31
|
|t:|1659860498
|switch|p2a: Excadrill|Excadrill, M|71/100
|-damage|p2a: Excadrill|68/100|[from] Stealth Rock
|move|p1a: Zapdos|Hurricane|p2a: Excadrill
|-resisted|p2a: Excadrill
|-damage|p2a: Excadrill|32/100
|
|-heal|p2a: Excadrill|38/100|[from] item: Leftovers
|upkeep
|turn|32
|
|t:|1659860507
|switch|p1a: Ferrothorn|Ferrothorn, M|12/100 brn
|-damage|p1a: Ferrothorn|6/100 brn|[from] Stealth Rock
|move|p2a: Excadrill|Rapid Spin|p1a: Ferrothorn
|-resisted|p1a: Ferrothorn
|-damage|p1a: Ferrothorn|0 fnt
|-boost|p2a: Excadrill|spe|1
|-damage|p2a: Excadrill|26/100|[from] ability: Iron Barbs|[of] p1a: Ferrothorn
|-damage|p2a: Excadrill|9/100|[from] item: Rocky Helmet|[of] p1a: Ferrothorn
|-sideend|p2: LT92PF Ayt|Stealth Rock|[from] move: Rapid Spin|[of] p2a: Excadrill
|faint|p1a: Ferrothorn
|
|-heal|p2a: Excadrill|15/100|[from] item: Leftovers
|upkeep
|
|t:|1659860534
|switch|p1a: Azumarill|Azumarill, F|100/100
|-damage|p1a: Azumarill|88/100|[from] Stealth Rock
|turn|33
|
|t:|1659860538
|switch|p2a: Amoonguss|Amoonguss, F|63/100
|switch|p1a: Heatran|Heatran, F|66/100
|-damage|p1a: Heatran|54/100|[from] Stealth Rock
|
|-heal|p1a: Heatran|60/100|[from] item: Leftovers
|upkeep
|turn|34
|
|t:|1659860550
|switch|p2a: Tyranitar|Tyranitar, M|47/100 tox
|-weather|Sandstorm|[from] ability: Sand Stream|[of] p2a: Tyranitar
|move|p1a: Heatran|Stealth Rock|p2a: Tyranitar
|-sidestart|p2: LT92PF Ayt|move: Stealth Rock
|
|-weather|Sandstorm|[upkeep]
|-heal|p1a: Heatran|66/100|[from] item: Leftovers
|-damage|p2a: Tyranitar|41/100 tox|[from] psn
|upkeep
|turn|35
|
|t:|1659860565
|switch|p1a: Rillaboom|Rillaboom, M|51/100
|-damage|p1a: Rillaboom|38/100|[from] Stealth Rock
|-fieldstart|move: Grassy Terrain|[from] ability: Grassy Surge|[of] p1a: Rillaboom
|move|p2a: Tyranitar|Rest|p2a: Tyranitar
|-status|p2a: Tyranitar|slp|[from] move: Rest
|-heal|p2a: Tyranitar|100/100 slp|[silent]
|
|-weather|Sandstorm|[upkeep]
|-damage|p1a: Rillaboom|32/100|[from] Sandstorm
|-heal|p1a: Rillaboom|38/100|[from] Grassy Terrain
|upkeep
|turn|36
|
|t:|1659860576
|switch|p2a: Amoonguss|Amoonguss, F|97/100
|-damage|p2a: Amoonguss|84/100|[from] Stealth Rock
|move|p1a: Rillaboom|U-turn|p2a: Amoonguss
|-damage|p2a: Amoonguss|54/100
|
|t:|1659860586
|switch|p1a: Zapdos|Zapdos|88/100|[from]move: U-turn
|-ability|p1a: Zapdos|Pressure
|
|-weather|Sandstorm|[upkeep]
|-damage|p1a: Zapdos|82/100|[from] Sandstorm
|-damage|p2a: Amoonguss|48/100|[from] Sandstorm
|-heal|p2a: Amoonguss|54/100|[from] Grassy Terrain
|upkeep
|turn|37
|
|t:|1659860597
|switch|p1a: Azumarill|Azumarill, F|88/100
|-damage|p1a: Azumarill|76/100|[from] Stealth Rock
|switch|p2a: Tyranitar|Tyranitar, M|100/100 slp
|
|-weather|Sandstorm|[upkeep]
|-damage|p1a: Azumarill|70/100|[from] Sandstorm
|-heal|p1a: Azumarill|76/100|[from] Grassy Terrain
|upkeep
|turn|38
|inactive|Hostile Takeovers has 120 seconds left.
|inactive|Hostile Takeovers has 90 seconds left.
|
|t:|1659860670
|switch|p2a: Amoonguss|Amoonguss, F|88/100
|-damage|p2a: Amoonguss|75/100|[from] Stealth Rock
|move|p1a: Azumarill|Belly Drum|p1a: Azumarill
|-damage|p1a: Azumarill|26/100
|-setboost|p1a: Azumarill|atk|6|[from] move: Belly Drum
|-enditem|p1a: Azumarill|Sitrus Berry|[eat]
|-heal|p1a: Azumarill|51/100|[from] item: Sitrus Berry
|
|-weather|none
|-heal|p1a: Azumarill|57/100|[from] Grassy Terrain
|-heal|p2a: Amoonguss|81/100|[from] Grassy Terrain
|upkeep
|turn|39
|
|t:|1659860676
|move|p1a: Azumarill|Play Rough|p2a: Amoonguss
|-resisted|p2a: Amoonguss
|-damage|p2a: Amoonguss|6/100
|move|p2a: Amoonguss|Sludge Bomb|p1a: Azumarill
|-supereffective|p1a: Azumarill
|-damage|p1a: Azumarill|0 fnt
|faint|p1a: Azumarill
|
|-heal|p2a: Amoonguss|12/100|[from] Grassy Terrain
|-fieldend|move: Grassy Terrain
|upkeep
|inactive|Hostile Takeovers has 90 seconds left.
|
|t:|1659860693
|switch|p1a: Zapdos|Zapdos|82/100
|-ability|p1a: Zapdos|Pressure
|turn|40
|
|t:|1659860699
|switch|p2a: Tyranitar|Tyranitar, M|100/100 slp
|-weather|Sandstorm|[from] ability: Sand Stream|[of] p2a: Tyranitar
|move|p1a: Zapdos|Thunderbolt|p2a: Tyranitar
|-damage|p2a: Tyranitar|73/100 slp
|
|-weather|Sandstorm|[upkeep]
|-damage|p1a: Zapdos|76/100|[from] Sandstorm
|upkeep
|turn|41
|j| LT92PF Maya
|inactive|Hostile Takeovers has 90 seconds left.
|
|t:|1659860709
|move|p1a: Zapdos|Thunderbolt|p2a: Tyranitar
|-damage|p2a: Tyranitar|49/100 slp
|cant|p2a: Tyranitar|slp
|
|-weather|Sandstorm|[upkeep]
|-damage|p1a: Zapdos|69/100|[from] Sandstorm
|upkeep
|turn|42
|inactive|Hostile Takeovers has 90 seconds left.
|
|t:|1659860718
|move|p1a: Zapdos|Thunderbolt|p2a: Tyranitar
|-damage|p2a: Tyranitar|25/100 slp
|cant|p2a: Tyranitar|slp
|
|-weather|Sandstorm|[upkeep]
|-damage|p1a: Zapdos|63/100|[from] Sandstorm
|upkeep
|turn|43
|
|t:|1659860726
|move|p1a: Zapdos|Thunderbolt|p2a: Tyranitar
|-damage|p2a: Tyranitar|0 fnt
|faint|p2a: Tyranitar
|
|-weather|Sandstorm|[upkeep]
|-damage|p1a: Zapdos|57/100|[from] Sandstorm
|upkeep
|
|t:|1659860727
|switch|p2a: Dragapult|Dragapult, M|94/100
|-damage|p2a: Dragapult|82/100|[from] Stealth Rock
|turn|44
|
|t:|1659860744
|switch|p1a: Rillaboom|Rillaboom, M|38/100
|-damage|p1a: Rillaboom|26/100|[from] Stealth Rock
|-fieldstart|move: Grassy Terrain|[from] ability: Grassy Surge|[of] p1a: Rillaboom
|move|p2a: Dragapult|Shadow Ball|p1a: Rillaboom
|-damage|p1a: Rillaboom|0 fnt
|faint|p1a: Rillaboom
|
|-weather|none
|-heal|p2a: Dragapult|88/100|[from] Grassy Terrain
|upkeep
|inactive|Hostile Takeovers has 90 seconds left.
|
|t:|1659860757
|switch|p1a: Heatran|Heatran, F|66/100
|-damage|p1a: Heatran|54/100|[from] Stealth Rock
|turn|45
|
|t:|1659860765
|switch|p2a: Rotom|Rotom-Wash|39/100 tox
|-damage|p2a: Rotom|26/100 tox|[from] Stealth Rock
|move|p1a: Heatran|Toxic|p2a: Rotom|[miss]
|-miss|p1a: Heatran|p2a: Rotom
|
|-heal|p1a: Heatran|60/100|[from] Grassy Terrain
|-heal|p1a: Heatran|66/100|[from] item: Leftovers
|-damage|p2a: Rotom|20/100 tox|[from] psn
|upkeep
|turn|46
|
|t:|1659860783
|switch|p1a: Dragonite|Dragonite, M|90/100
|move|p2a: Rotom|Pain Split|p1a: Dragonite
|-sethp|p1a: Dragonite|53/100|[from] move: Pain Split|[silent]
|-sethp|p2a: Rotom|67/100 tox|[from] move: Pain Split
|
|-damage|p2a: Rotom|55/100 tox|[from] psn
|upkeep
|turn|47
|
|t:|1659860791
|move|p2a: Rotom|Will-O-Wisp|p1a: Dragonite
|-status|p1a: Dragonite|brn
|move|p1a: Dragonite|Roost|p1a: Dragonite
|-heal|p1a: Dragonite|100/100 brn
|-singleturn|p1a: Dragonite|move: Roost
|
|-damage|p2a: Rotom|36/100 tox|[from] psn
|-damage|p1a: Dragonite|94/100 brn|[from] brn
|upkeep
|turn|48
|
|t:|1659860795
|move|p2a: Rotom|Pain Split|p1a: Dragonite
|-sethp|p1a: Dragonite|61/100 brn|[from] move: Pain Split|[silent]
|-sethp|p2a: Rotom|77/100 tox|[from] move: Pain Split
|move|p1a: Dragonite|Heal Bell|p1a: Dragonite
|-activate|p1a: Dragonite|move: Heal Bell
|-curestatus|p1a: Dragonite|brn|[msg]
|
|-damage|p2a: Rotom|52/100 tox|[from] psn
|-fieldend|move: Grassy Terrain
|upkeep
|turn|49
|
|t:|1659860799
|move|p2a: Rotom|Volt Switch|p1a: Dragonite
|-damage|p1a: Dragonite|38/100
|
|t:|1659860802
|switch|p2a: Amoonguss|Amoonguss, F|46/100|[from]move: Volt Switch
|-damage|p2a: Amoonguss|33/100|[from] Stealth Rock
|move|p1a: Dragonite|Roost|p1a: Dragonite
|-heal|p1a: Dragonite|88/100
|-singleturn|p1a: Dragonite|move: Roost
|
|upkeep
|turn|50
|
|t:|1659860810
|switch|p2a: Corviknight|Corviknight, F|100/100
|-damage|p2a: Corviknight|88/100|[from] Stealth Rock
|-ability|p2a: Corviknight|Pressure
|move|p1a: Dragonite|Dual Wingbeat|p2a: Corviknight
|-resisted|p2a: Corviknight
|-damage|p2a: Corviknight|80/100
|-resisted|p2a: Corviknight
|-damage|p2a: Corviknight|72/100
|-hitcount|p2a: Corviknight|2
|
|-heal|p2a: Corviknight|78/100|[from] item: Leftovers
|upkeep
|turn|51
|
|t:|1659860819
|move|p1a: Dragonite|Roost|p1a: Dragonite
|-heal|p1a: Dragonite|100/100
|-singleturn|p1a: Dragonite|move: Roost
|move|p2a: Corviknight|Substitute|p2a: Corviknight
|-start|p2a: Corviknight|Substitute
|-damage|p2a: Corviknight|53/100
|
|-heal|p2a: Corviknight|60/100|[from] item: Leftovers
|upkeep
|turn|52
|l| LT92PF Maya
|
|t:|1659860828
|switch|p1a: Zapdos|Zapdos|57/100
|-ability|p1a: Zapdos|Pressure
|move|p2a: Corviknight|Roost|p2a: Corviknight
|-heal|p2a: Corviknight|100/100
|-singleturn|p2a: Corviknight|move: Roost
|
|upkeep
|turn|53
|
|t:|1659860837
|move|p1a: Zapdos|Roost|p1a: Zapdos
|-heal|p1a: Zapdos|100/100
|-singleturn|p1a: Zapdos|move: Roost
|move|p2a: Corviknight|Substitute|p2a: Corviknight
|-fail|p2a: Corviknight|move: Substitute
|
|upkeep
|turn|54
|
|t:|1659860845
|move|p1a: Zapdos|Thunderbolt|p2a: Corviknight
|-supereffective|p2a: Corviknight
|-end|p2a: Corviknight|Substitute
|move|p2a: Corviknight|Substitute|p2a: Corviknight
|-start|p2a: Corviknight|Substitute
|-damage|p2a: Corviknight|75/100
|
|-heal|p2a: Corviknight|82/100|[from] item: Leftovers
|upkeep
|turn|55
|
|t:|1659860850
|move|p1a: Zapdos|Thunderbolt|p2a: Corviknight
|-supereffective|p2a: Corviknight
|-end|p2a: Corviknight|Substitute
|move|p2a: Corviknight|Substitute|p2a: Corviknight
|-start|p2a: Corviknight|Substitute
|-damage|p2a: Corviknight|57/100
|
|-heal|p2a: Corviknight|63/100|[from] item: Leftovers
|upkeep
|turn|56
|
|t:|1659860854
|move|p1a: Zapdos|Thunderbolt|p2a: Corviknight
|-supereffective|p2a: Corviknight
|-end|p2a: Corviknight|Substitute
|move|p2a: Corviknight|Substitute|p2a: Corviknight
|-start|p2a: Corviknight|Substitute
|-damage|p2a: Corviknight|38/100
|
|-heal|p2a: Corviknight|44/100|[from] item: Leftovers
|upkeep
|turn|57
|
|t:|1659860858
|move|p1a: Zapdos|Thunderbolt|p2a: Corviknight
|-supereffective|p2a: Corviknight
|-end|p2a: Corviknight|Substitute
|move|p2a: Corviknight|Substitute|p2a: Corviknight
|-start|p2a: Corviknight|Substitute
|-damage|p2a: Corviknight|19/100
|
|-heal|p2a: Corviknight|25/100|[from] item: Leftovers
|upkeep
|turn|58
|
|t:|1659860863
|move|p1a: Zapdos|Thunderbolt|p2a: Corviknight
|-supereffective|p2a: Corviknight
|-end|p2a: Corviknight|Substitute
|move|p2a: Corviknight|Roost|p2a: Corviknight
|-heal|p2a: Corviknight|75/100
|-singleturn|p2a: Corviknight|move: Roost
|
|-heal|p2a: Corviknight|82/100|[from] item: Leftovers
|upkeep
|turn|59
|
|t:|1659860868
|switch|p2a: Excadrill|Excadrill, M|15/100
|-damage|p2a: Excadrill|12/100|[from] Stealth Rock
|move|p1a: Zapdos|Thunderbolt|p2a: Excadrill
|-immune|p2a: Excadrill
|
|-heal|p2a: Excadrill|19/100|[from] item: Leftovers
|upkeep
|turn|60
|
|t:|1659860871
|move|p1a: Zapdos|Hurricane|p2a: Excadrill
|-resisted|p2a: Excadrill
|-damage|p2a: Excadrill|0 fnt
|faint|p2a: Excadrill
|
|upkeep
|
|t:|1659860873
|switch|p2a: Dragapult|Dragapult, M|88/100
|-damage|p2a: Dragapult|76/100|[from] Stealth Rock
|turn|61
|
|t:|1659860888
|switch|p1a: Heatran|Heatran, F|66/100
|-damage|p1a: Heatran|54/100|[from] Stealth Rock
|move|p2a: Dragapult|Draco Meteor|p1a: Heatran
|-resisted|p1a: Heatran
|-damage|p1a: Heatran|24/100
|-unboost|p2a: Dragapult|spa|2
|
|-heal|p1a: Heatran|31/100|[from] item: Leftovers
|upkeep
|turn|62
|j| altcuzimbad
|
|t:|1659860902
|switch|p2a: Rotom|Rotom-Wash|52/100 tox
|-damage|p2a: Rotom|40/100 tox|[from] Stealth Rock
|switch|p1a: Zapdos|Zapdos|100/100
|-ability|p1a: Zapdos|Pressure
|
|-damage|p2a: Rotom|34/100 tox|[from] psn
|upkeep
|turn|63
|l| LT92PF Pachito
|
|t:|1659860916
|move|p1a: Zapdos|Thunderbolt|p2a: Rotom
|-damage|p2a: Rotom|0 fnt
|faint|p2a: Rotom
|
|upkeep
|l| altcuzimbad
|l| BALOOR
|
|t:|1659860918
|switch|p2a: Dragapult|Dragapult, M|76/100
|-damage|p2a: Dragapult|63/100|[from] Stealth Rock
|turn|64
|inactive|Hostile Takeovers has 120 seconds left.
|inactive|Hostile Takeovers has 90 seconds left.
|
|t:|1659860981
|switch|p1a: Dragonite|Dragonite, M|100/100
|move|p2a: Dragapult|Draco Meteor|p1a: Dragonite
|-supereffective|p1a: Dragonite
|-damage|p1a: Dragonite|11/100
|-unboost|p2a: Dragapult|spa|2
|
|upkeep
|turn|65
|
|t:|1659860988
|switch|p1a: Zapdos|Zapdos|100/100
|-ability|p1a: Zapdos|Pressure
|move|p2a: Dragapult|Draco Meteor|p1a: Zapdos
|-damage|p1a: Zapdos|46/100
|-unboost|p2a: Dragapult|spa|2
|
|upkeep
|turn|66
|inactive|Hostile Takeovers has 90 seconds left.
|
|t:|1659861006
|switch|p2a: Amoonguss|Amoonguss, F|66/100
|-damage|p2a: Amoonguss|54/100|[from] Stealth Rock
|move|p1a: Zapdos|Roost|p1a: Zapdos
|-heal|p1a: Zapdos|96/100
|-singleturn|p1a: Zapdos|move: Roost
|
|upkeep
|turn|67
|
|t:|1659861011
|move|p2a: Amoonguss|Protect|p2a: Amoonguss
|-singleturn|p2a: Amoonguss|Protect
|move|p1a: Zapdos|Hurricane|p2a: Amoonguss
|-activate|p2a: Amoonguss|move: Protect
|
|upkeep
|turn|68
|
|t:|1659861014
|move|p1a: Zapdos|Hurricane|p2a: Amoonguss
|-supereffective|p2a: Amoonguss
|-damage|p2a: Amoonguss|0 fnt
|faint|p2a: Amoonguss
|
|upkeep
|
|t:|1659861016
|switch|p2a: Dragapult|Dragapult, M|63/100
|-damage|p2a: Dragapult|51/100|[from] Stealth Rock
|turn|69
|j| unimportant PS alt
|inactive|Hostile Takeovers has 90 seconds left.
|
|t:|1659861058
|switch|p1a: Dragonite|Dragonite, M|11/100
|move|p2a: Dragapult|Shadow Ball|p1a: Dragonite
|-damage|p1a: Dragonite|0 fnt
|faint|p1a: Dragonite
|
|upkeep
|
|t:|1659861069
|switch|p1a: Zapdos|Zapdos|96/100
|-ability|p1a: Zapdos|Pressure
|turn|70
|
|t:|1659861083
|move|p2a: Dragapult|Shadow Ball|p1a: Zapdos
|-damage|p1a: Zapdos|35/100
|move|p1a: Zapdos|Hurricane|p2a: Dragapult
|-damage|p2a: Dragapult|0 fnt
|faint|p2a: Dragapult
|
|upkeep
|
|t:|1659861085
|switch|p2a: Corviknight|Corviknight, F|82/100
|-damage|p2a: Corviknight|69/100|[from] Stealth Rock
|-ability|p2a: Corviknight|Pressure
|turn|71
|l| Ebullient Days
|
|t:|1659861094
|move|p1a: Zapdos|Thunderbolt|p2a: Corviknight
|-supereffective|p2a: Corviknight
|-damage|p2a: Corviknight|1/100
|move|p2a: Corviknight|Roost|p2a: Corviknight
|-heal|p2a: Corviknight|51/100
|-singleturn|p2a: Corviknight|move: Roost
|
|-heal|p2a: Corviknight|57/100|[from] item: Leftovers
|upkeep
|turn|72
|inactive|Hostile Takeovers has 90 seconds left.
|
|t:|1659861100
|move|p1a: Zapdos|Thunderbolt|p2a: Corviknight
|-supereffective|p2a: Corviknight
|-damage|p2a: Corviknight|0 fnt
|faint|p2a: Corviknight
|
|win|Hostile Takeovers
|raw|Hostile Takeovers's rating: 1842 &rarr; <strong>1865</strong><br />(+23 for winning)
|raw|LT92PF Ayt's rating: 1898 &rarr; <strong>1875</strong><br />(-23 for losing)
|l|☆LT92PF Ayt
|l|☆Hostile Takeovers
|l| Benzos
|l| LT92PF croo
|j|☆LT92PF Ayt
|player|p2|LT92PF Ayt|unknown
|l| unimportant PS alt
|l|☆LT92PF Ayt
|player|p2|
|l| LT92PF Adri
|l| Brando4869
