|j|☆CCLM
|j|☆Highv0ltag3
|t:|1658505003
|gametype|singles
|player|p1|CCLM|lyra|1857
|player|p2|Highv0ltag3|volo|1802
|teamsize|p1|6
|teamsize|p2|6
|gen|8
|tier|[Gen 8] OU
|rated|
|rule|Sleep Clause Mod: Limit one foe put to sleep
|rule|Species Clause: Limit one of each Pokémon
|rule|OHKO Clause: OHKO moves are banned
|rule|Evasion Moves Clause: Evasion moves are banned
|rule|Endless Battle Clause: Forcing endless battles is banned
|rule|HP Percentage Mod: HP is shown in percentages
|rule|Dynamax Clause: You cannot dynamax
|clearpoke
|poke|p1|Weavile, F|
|poke|p1|Melmetal|
|poke|p1|Buzzwole|
|poke|p1|Tapu Koko|
|poke|p1|Volcanion|
|poke|p1|Garchomp, F|
|poke|p2|Porygon-Z|
|poke|p2|Slowbro, M|
|poke|p2|Clefable, F|
|poke|p2|Corviknight, F|
|poke|p2|Swampert, M|
|poke|p2|Dragapult, M|
|teampreview
|j| RJL33910
|l| RJL33910
|inactive|Battle timer is ON: inactive players will automatically lose when time's up. (requested by Highv0ltag3)
|
|t:|1658505035
|start
|switch|p1a: Garchomp|Garchomp, F, shiny|100/100
|switch|p2a: Dragapult|Dragapult, M|100/100
|turn|1
|
|t:|1658505053
|move|p1a: Garchomp|Protect|p1a: Garchomp
|-singleturn|p1a: Garchomp|Protect
|move|p2a: Dragapult|Dragon Darts|p1a: Garchomp
|-activate|p1a: Garchomp|move: Protect
|
|upkeep
|turn|2
|j| Lily Jin Morrow
|
|t:|1658505060
|switch|p2a: Swampert|Swampert, M|100/100
|switch|p1a: Melmetal|Melmetal, shiny|100/100
|
|upkeep
|turn|3
|j| Fastbreak 3
|
|t:|1658505065
|switch|p1a: Garchomp|Garchomp, F, shiny|100/100
|move|p2a: Swampert|Stealth Rock|p1a: Garchomp
|-sidestart|p1: CCLM|move: Stealth Rock
|
|upkeep
|turn|4
|
|t:|1658505068
|move|p1a: Garchomp|Stealth Rock|p2a: Swampert
|-sidestart|p2: Highv0ltag3|move: Stealth Rock
|move|p2a: Swampert|Toxic|p1a: Garchomp
|-status|p1a: Garchomp|tox
|
|-damage|p1a: Garchomp|94/100 tox|[from] psn
|upkeep
|turn|5
|
|t:|1658505084
|switch|p2a: Clefable|Clefable, F|100/100
|move|p1a: Garchomp|Earthquake|p2a: Clefable
|-damage|p2a: Clefable|49/100
|
|-heal|p1a: Garchomp|100/100 tox|[from] item: Leftovers
|-heal|p2a: Clefable|55/100|[from] item: Leftovers
|-damage|p1a: Garchomp|88/100 tox|[from] psn
|upkeep
|turn|6
|j| VN Star
|j| The retro oatcake
|
|t:|1658505108
|switch|p1a: Volcanion|Volcanion|100/100
|move|p2a: Clefable|Protect||[still]
|-fail|p2a: Clefable
|
|-heal|p2a: Clefable|61/100|[from] item: Leftovers
|upkeep
|turn|7
|
|t:|1658505114
|move|p2a: Clefable|Protect|p2a: Clefable
|-singleturn|p2a: Clefable|Protect
|move|p1a: Volcanion|Steam Eruption|p2a: Clefable
|-activate|p2a: Clefable|move: Protect
|
|-heal|p2a: Clefable|68/100|[from] item: Leftovers
|upkeep
|turn|8
|
|t:|1658505121
|move|p1a: Volcanion|Steam Eruption|p2a: Clefable
|-damage|p2a: Clefable|34/100
|move|p2a: Clefable|Wish|p2a: Clefable
|
|-heal|p2a: Clefable|40/100|[from] item: Leftovers
|upkeep
|turn|9
|
|t:|1658505134
|switch|p1a: Melmetal|Melmetal, shiny|100/100
|-damage|p1a: Melmetal|94/100|[from] Stealth Rock
|move|p2a: Clefable|Protect||[still]
|-fail|p2a: Clefable
|
|-heal|p2a: Clefable|90/100|[from] move: Wish|[wisher] Clefable
|-heal|p2a: Clefable|96/100|[from] item: Leftovers
|upkeep
|turn|10
|
|t:|1658505139
|switch|p2a: Slowbro|Slowbro, M|100/100
|-damage|p2a: Slowbro|88/100|[from] Stealth Rock
|move|p1a: Melmetal|Double Iron Bash|p2a: Slowbro
|-resisted|p2a: Slowbro
|-damage|p2a: Slowbro|77/100
|-resisted|p2a: Slowbro
|-damage|p2a: Slowbro|66/100
|-hitcount|p2a: Slowbro|2
|
|upkeep
|turn|11
|
|t:|1658505142
|move|p1a: Melmetal|Thunder Punch|p2a: Slowbro
|-supereffective|p2a: Slowbro
|-damage|p2a: Slowbro|28/100
|move|p2a: Slowbro|Teleport|p2a: Slowbro
|
|t:|1658505146
|switch|p2a: Swampert|Swampert, M|100/100|[from]move: Teleport
|-damage|p2a: Swampert|94/100|[from] Stealth Rock
|
|-heal|p2a: Swampert|100/100|[from] item: Leftovers
|upkeep
|turn|12
|j| LT_Alt1
|
|t:|1658505160
|switch|p1a: Garchomp|Garchomp, F, shiny|88/100 tox
|-damage|p1a: Garchomp|82/100 tox|[from] Stealth Rock
|move|p2a: Swampert|Earthquake|p1a: Garchomp
|-damage|p1a: Garchomp|41/100 tox
|
|-heal|p1a: Garchomp|47/100 tox|[from] item: Leftovers
|-damage|p1a: Garchomp|41/100 tox|[from] psn
|upkeep
|turn|13
|
|t:|1658505166
|switch|p2a: Corviknight|Corviknight, F|100/100
|-damage|p2a: Corviknight|88/100|[from] Stealth Rock
|-ability|p2a: Corviknight|Pressure
|move|p1a: Garchomp|Toxic|p2a: Corviknight
|-immune|p2a: Corviknight
|
|-heal|p1a: Garchomp|47/100 tox|[from] item: Leftovers
|-damage|p1a: Garchomp|35/100 tox|[from] psn
|upkeep
|turn|14
|
|t:|1658505172
|switch|p1a: Volcanion|Volcanion|100/100
|move|p2a: Corviknight|U-turn|p1a: Volcanion
|-resisted|p1a: Volcanion
|-crit|p1a: Volcanion
|-damage|p1a: Volcanion|91/100
|
|t:|1658505175
|switch|p2a: Slowbro|Slowbro, M|61/100|[from]move: U-turn
|-damage|p2a: Slowbro|49/100|[from] Stealth Rock
|
|upkeep
|turn|15
|
|t:|1658505179
|move|p1a: Volcanion|Defog|p2a: Slowbro
|-unboost|p2a: Slowbro|evasion|1
|-sideend|p2: Highv0ltag3|Stealth Rock|[from] move: Defog|[of] p1a: Volcanion
|-sideend|p1: CCLM|Stealth Rock|[from] move: Defog|[of] p1a: Volcanion
|move|p2a: Slowbro|Teleport|p2a: Slowbro
|
|t:|1658505182
|switch|p2a: Swampert|Swampert, M|100/100|[from]move: Teleport
|
|upkeep
|turn|16
|
|t:|1658505185
|move|p1a: Volcanion|Steam Eruption|p2a: Swampert
|-damage|p2a: Swampert|56/100
|move|p2a: Swampert|Stealth Rock|p1a: Volcanion
|-sidestart|p1: CCLM|move: Stealth Rock
|
|-heal|p2a: Swampert|62/100|[from] item: Leftovers
|upkeep
|turn|17
|
|t:|1658505194
|move|p1a: Volcanion|Steam Eruption|p2a: Swampert
|-damage|p2a: Swampert|17/100
|-status|p2a: Swampert|brn
|move|p2a: Swampert|Earthquake|p1a: Volcanion
|-supereffective|p1a: Volcanion
|-damage|p1a: Volcanion|42/100
|
|-heal|p2a: Swampert|23/100 brn|[from] item: Leftovers
|-damage|p2a: Swampert|17/100 brn|[from] brn
|upkeep
|turn|18
|
|t:|1658505209
|switch|p2a: Dragapult|Dragapult, M|100/100
|move|p1a: Volcanion|Defog|p2a: Dragapult
|-fail|p2a: Dragapult|unboost|[from] ability: Clear Body|[of] p2a: Dragapult
|-sideend|p1: CCLM|Stealth Rock|[from] move: Defog|[of] p1a: Volcanion
|
|upkeep
|turn|19
|
|t:|1658505220
|move|p2a: Dragapult|U-turn|p1a: Volcanion
|-resisted|p1a: Volcanion
|-damage|p1a: Volcanion|25/100
|
|t:|1658505224
|switch|p2a: Slowbro|Slowbro, M|82/100|[from]move: U-turn
|move|p1a: Volcanion|Steam Eruption|p2a: Slowbro
|-resisted|p2a: Slowbro
|-damage|p2a: Slowbro|58/100
|
|upkeep
|turn|20
|j| Atomise
|
|t:|1658505230
|move|p1a: Volcanion|Steam Eruption|p2a: Slowbro
|-resisted|p2a: Slowbro
|-damage|p2a: Slowbro|31/100
|move|p2a: Slowbro|Teleport|p2a: Slowbro
|
|t:|1658505234
|switch|p2a: Swampert|Swampert, M|17/100 brn|[from]move: Teleport
|
|-heal|p2a: Swampert|23/100 brn|[from] item: Leftovers
|-damage|p2a: Swampert|17/100 brn|[from] brn
|upkeep
|turn|21
|
|t:|1658505238
|switch|p2a: Slowbro|Slowbro, M|64/100
|move|p1a: Volcanion|Earth Power|p2a: Slowbro
|-damage|p2a: Slowbro|38/100
|
|upkeep
|turn|22
|
|t:|1658505244
|switch|p1a: Tapu Koko|Tapu Koko, shiny|100/100
|-fieldstart|move: Electric Terrain|[from] ability: Electric Surge|[of] p1a: Tapu Koko
|move|p2a: Slowbro|Slack Off|p2a: Slowbro
|-heal|p2a: Slowbro|88/100
|
|upkeep
|turn|23
|j| Ran Kob
|
|t:|1658505248
|move|p1a: Tapu Koko|Thunderbolt|p2a: Slowbro
|-supereffective|p2a: Slowbro
|-damage|p2a: Slowbro|0 fnt
|faint|p2a: Slowbro
|
|upkeep
|
|t:|1658505253
|switch|p2a: Clefable|Clefable, F|96/100
|turn|24
|
|t:|1658505258
|move|p1a: Tapu Koko|Volt Switch|p2a: Clefable
|-damage|p2a: Clefable|70/100
|j| NewBoyTilIDie
|
|t:|1658505271
|switch|p1a: Melmetal|Melmetal, shiny|94/100|[from]move: Volt Switch
|move|p2a: Clefable|Moonblast|p1a: Melmetal
|-resisted|p1a: Melmetal
|-damage|p1a: Melmetal|86/100
|
|-heal|p2a: Clefable|76/100|[from] item: Leftovers
|upkeep
|turn|25
|
|t:|1658505279
|move|p2a: Clefable|Protect|p2a: Clefable
|-singleturn|p2a: Clefable|Protect
|move|p1a: Melmetal|Thunder Punch|p2a: Clefable
|-activate|p2a: Clefable|move: Protect
|
|-heal|p2a: Clefable|82/100|[from] item: Leftovers
|upkeep
|turn|26
|
|t:|1658505284
|switch|p2a: Corviknight|Corviknight, F|88/100
|-ability|p2a: Corviknight|Pressure
|move|p1a: Melmetal|Double Iron Bash|p2a: Corviknight
|-resisted|p2a: Corviknight
|-damage|p2a: Corviknight|76/100
|-resisted|p2a: Corviknight
|-damage|p2a: Corviknight|65/100
|-hitcount|p2a: Corviknight|2
|
|-fieldend|move: Electric Terrain
|upkeep
|turn|27
|
|t:|1658505291
|switch|p1a: Garchomp|Garchomp, F, shiny|35/100 tox
|move|p2a: Corviknight|Roost|p2a: Corviknight
|-heal|p2a: Corviknight|100/100
|-singleturn|p2a: Corviknight|move: Roost
|
|-heal|p1a: Garchomp|41/100 tox|[from] item: Leftovers
|-damage|p1a: Garchomp|35/100 tox|[from] psn
|upkeep
|turn|28
|l| Ran Kob
|
|t:|1658505294
|move|p1a: Garchomp|Stealth Rock|p2a: Corviknight
|-sidestart|p2: Highv0ltag3|move: Stealth Rock
|move|p2a: Corviknight|Defog|p1a: Garchomp
|-unboost|p1a: Garchomp|evasion|1
|-sideend|p2: Highv0ltag3|Stealth Rock|[from] move: Defog|[of] p2a: Corviknight
|
|-heal|p1a: Garchomp|41/100 tox|[from] item: Leftovers
|-damage|p1a: Garchomp|29/100 tox|[from] psn
|upkeep
|turn|29
|
|t:|1658505298
|switch|p1a: Volcanion|Volcanion|25/100
|move|p2a: Corviknight|Defog|p1a: Volcanion
|-unboost|p1a: Volcanion|evasion|1
|
|upkeep
|turn|30
|
|t:|1658505306
|switch|p1a: Tapu Koko|Tapu Koko, shiny|100/100
|-fieldstart|move: Electric Terrain|[from] ability: Electric Surge|[of] p1a: Tapu Koko
|switch|p2a: Clefable|Clefable, F|82/100
|
|-heal|p2a: Clefable|88/100|[from] item: Leftovers
|upkeep
|turn|31
|l| Fastbreak 3
|
|t:|1658505312
|move|p1a: Tapu Koko|Volt Switch|p2a: Clefable
|-damage|p2a: Clefable|62/100
|
|t:|1658505314
|switch|p1a: Melmetal|Melmetal, shiny|86/100|[from]move: Volt Switch
|move|p2a: Clefable|Wish|p2a: Clefable
|
|-heal|p2a: Clefable|68/100|[from] item: Leftovers
|upkeep
|turn|32
|
|t:|1658505320
|move|p2a: Clefable|Protect|p2a: Clefable
|-singleturn|p2a: Clefable|Protect
|move|p1a: Melmetal|Earthquake|p2a: Clefable
|-activate|p2a: Clefable|move: Protect
|
|-heal|p2a: Clefable|100/100|[from] move: Wish|[wisher] Clefable
|upkeep
|turn|33
|
|t:|1658505325
|switch|p2a: Corviknight|Corviknight, F|100/100
|-ability|p2a: Corviknight|Pressure
|move|p1a: Melmetal|Thunder Punch|p2a: Corviknight
|-supereffective|p2a: Corviknight
|-damage|p2a: Corviknight|52/100
|
|upkeep
|turn|34
|
|t:|1658505329
|move|p2a: Corviknight|Roost|p2a: Corviknight
|-heal|p2a: Corviknight|100/100
|-singleturn|p2a: Corviknight|move: Roost
|move|p1a: Melmetal|Thunder Punch|p2a: Corviknight
|-damage|p2a: Corviknight|74/100
|
|-fieldend|move: Electric Terrain
|upkeep
|turn|35
|
|t:|1658505337
|move|p2a: Corviknight|Brave Bird|p1a: Melmetal
|-resisted|p1a: Melmetal
|-damage|p1a: Melmetal|77/100
|-damage|p2a: Corviknight|71/100|[from] Recoil
|move|p1a: Melmetal|Earthquake|p2a: Corviknight
|-immune|p2a: Corviknight
|
|upkeep
|turn|36
|
|t:|1658505341
|move|p2a: Corviknight|Brave Bird|p1a: Melmetal
|-resisted|p1a: Melmetal
|-damage|p1a: Melmetal|67/100
|-damage|p2a: Corviknight|67/100|[from] Recoil
|move|p1a: Melmetal|Thunder Punch|p2a: Corviknight
|-supereffective|p2a: Corviknight
|-damage|p2a: Corviknight|31/100
|
|upkeep
|turn|37
|
|t:|1658505344
|move|p2a: Corviknight|Roost|p2a: Corviknight
|-heal|p2a: Corviknight|81/100
|-singleturn|p2a: Corviknight|move: Roost
|move|p1a: Melmetal|Earthquake|p2a: Corviknight
|-supereffective|p2a: Corviknight
|-damage|p2a: Corviknight|36/100
|
|upkeep
|turn|38
|
|t:|1658505349
|move|p2a: Corviknight|Roost|p2a: Corviknight
|-heal|p2a: Corviknight|86/100
|-singleturn|p2a: Corviknight|move: Roost
|move|p1a: Melmetal|Earthquake|p2a: Corviknight
|-supereffective|p2a: Corviknight
|-damage|p2a: Corviknight|46/100
|
|upkeep
|turn|39
|
|t:|1658505361
|switch|p1a: Tapu Koko|Tapu Koko, shiny|100/100
|-fieldstart|move: Electric Terrain|[from] ability: Electric Surge|[of] p1a: Tapu Koko
|move|p2a: Corviknight|Brave Bird|p1a: Tapu Koko
|-resisted|p1a: Tapu Koko
|-damage|p1a: Tapu Koko|77/100
|-damage|p2a: Corviknight|41/100|[from] Recoil
|
|upkeep
|turn|40
|
|t:|1658505369
|switch|p2a: Swampert|Swampert, M|17/100 brn
|move|p1a: Tapu Koko|Thunderbolt|p2a: Swampert
|-immune|p2a: Swampert
|
|-heal|p2a: Swampert|23/100 brn|[from] item: Leftovers
|-damage|p2a: Swampert|17/100 brn|[from] brn
|upkeep
|turn|41
|
|t:|1658505373
|switch|p2a: Clefable|Clefable, F|100/100
|move|p1a: Tapu Koko|Grass Knot|p2a: Clefable
|-damage|p2a: Clefable|89/100
|
|-heal|p2a: Clefable|95/100|[from] item: Leftovers
|upkeep
|turn|42
|
|t:|1658505376
|move|p1a: Tapu Koko|Thunderbolt|p2a: Clefable
|-damage|p2a: Clefable|61/100
|move|p2a: Clefable|Wish|p2a: Clefable
|
|-heal|p2a: Clefable|67/100|[from] item: Leftovers
|upkeep
|turn|43
|
|t:|1658505381
|move|p1a: Tapu Koko|Dazzling Gleam|p2a: Clefable
|-damage|p2a: Clefable|45/100
|move|p2a: Clefable|Moonblast|p1a: Tapu Koko
|-damage|p1a: Tapu Koko|26/100
|
|-heal|p2a: Clefable|95/100|[from] move: Wish|[wisher] Clefable
|-heal|p2a: Clefable|100/100|[from] item: Leftovers
|-fieldend|move: Electric Terrain
|upkeep
|turn|44
|
|t:|1658505387
|move|p1a: Tapu Koko|Volt Switch|p2a: Clefable
|-damage|p2a: Clefable|80/100
|
|t:|1658505404
|switch|p1a: Volcanion|Volcanion|25/100|[from]move: Volt Switch
|move|p2a: Clefable|Moonblast|p1a: Volcanion
|-resisted|p1a: Volcanion
|-damage|p1a: Volcanion|6/100
|
|-heal|p2a: Clefable|87/100|[from] item: Leftovers
|upkeep
|turn|45
|
|t:|1658505417
|move|p1a: Volcanion|Steam Eruption|p2a: Clefable
|-damage|p2a: Clefable|53/100
|move|p2a: Clefable|Wish|p2a: Clefable
|
|-heal|p2a: Clefable|59/100|[from] item: Leftovers
|upkeep
|turn|46
|
|t:|1658505426
|switch|p1a: Melmetal|Melmetal, shiny|67/100
|move|p2a: Clefable|Moonblast|p1a: Melmetal
|-resisted|p1a: Melmetal
|-damage|p1a: Melmetal|59/100
|-unboost|p1a: Melmetal|spa|1
|
|-heal|p2a: Clefable|100/100|[from] move: Wish|[wisher] Clefable
|upkeep
|turn|47
|
|t:|1658505442
|switch|p2a: Porygon-Z|Porygon-Z|100/100
|-ability|p2a: Porygon-Z|Download|boost
|-boost|p2a: Porygon-Z|spa|1
|move|p1a: Melmetal|Ice Punch|p2a: Porygon-Z
|-damage|p2a: Porygon-Z|57/100
|
|upkeep
|turn|48
|
|t:|1658505451
|switch|p1a: Volcanion|Volcanion|6/100
|move|p2a: Porygon-Z|Tri Attack|p1a: Volcanion
|-damage|p1a: Volcanion|0 fnt
|faint|p1a: Volcanion
|
|upkeep
|inactive|CCLM has 120 seconds left.
|j| jtrainer22
|
|t:|1658505495
|switch|p1a: Melmetal|Melmetal, shiny|59/100
|turn|49
|l| jtrainer22
|
|t:|1658505503
|move|p2a: Porygon-Z|Tri Attack|p1a: Melmetal
|-resisted|p1a: Melmetal
|-damage|p1a: Melmetal|36/100
|move|p1a: Melmetal|Double Iron Bash|p2a: Porygon-Z
|-damage|p2a: Porygon-Z|0 fnt
|faint|p2a: Porygon-Z
|-hitcount|p2: Porygon-Z|1
|
|upkeep
|
|t:|1658505510
|switch|p2a: Dragapult|Dragapult, M|100/100
|turn|50
|
|t:|1658505522
|switch|p1a: Garchomp|Garchomp, F, shiny|29/100 tox
|move|p2a: Dragapult|U-turn|p1a: Garchomp
|-damage|p1a: Garchomp|0 fnt
|-damage|p2a: Dragapult|88/100|[from] ability: Rough Skin|[of] p1a: Garchomp
|faint|p1a: Garchomp
|
|t:|1658505531
|switch|p2a: Corviknight|Corviknight, F|41/100|[from]move: U-turn
|-ability|p2a: Corviknight|Pressure
|
|upkeep
|inactive|CCLM has 120 seconds left.
|
|t:|1658505547
|switch|p1a: Weavile|Weavile, F|100/100
|-ability|p1a: Weavile|Pressure
|turn|51
|
|t:|1658505558
|move|p1a: Weavile|Triple Axel|p2a: Corviknight
|-damage|p2a: Corviknight|30/100
|-hitcount|p2a: Corviknight|1
|move|p2a: Corviknight|Roost|p2a: Corviknight
|-heal|p2a: Corviknight|80/100
|-singleturn|p2a: Corviknight|move: Roost
|
|upkeep
|turn|52
|j| yuwenxian
|inactive|CCLM has 120 seconds left.
|
|t:|1658505575
|switch|p1a: Buzzwole|Buzzwole|100/100
|move|p2a: Corviknight|U-turn|p1a: Buzzwole
|-resisted|p1a: Buzzwole
|-damage|p1a: Buzzwole|95/100
|
|t:|1658505579
|switch|p2a: Dragapult|Dragapult, M|88/100|[from]move: U-turn
|
|upkeep
|turn|53
|
|t:|1658505590
|move|p2a: Dragapult|Thunder Wave|p1a: Buzzwole
|-status|p1a: Buzzwole|par
|move|p1a: Buzzwole|Ice Punch|p2a: Dragapult
|-supereffective|p2a: Dragapult
|-damage|p2a: Dragapult|0 fnt
|faint|p2a: Dragapult
|-ability|p1a: Buzzwole|Beast Boost|boost
|-boost|p1a: Buzzwole|atk|1
|
|upkeep
|
|t:|1658505599
|switch|p2a: Corviknight|Corviknight, F|80/100
|-ability|p2a: Corviknight|Pressure
|turn|54
|
|t:|1658505612
|move|p2a: Corviknight|Brave Bird|p1a: Buzzwole
|-supereffective|p1a: Buzzwole
|-damage|p1a: Buzzwole|0 fnt
|faint|p1a: Buzzwole
|-damage|p2a: Corviknight|52/100|[from] Recoil
|
|upkeep
|j| lukisonic23
|inactive|CCLM has 120 seconds left.
|l| yuwenxian
|inactive|CCLM has 90 seconds left.
|
|t:|1658505661
|switch|p1a: Tapu Koko|Tapu Koko, shiny|26/100
|-fieldstart|move: Electric Terrain|[from] ability: Electric Surge|[of] p1a: Tapu Koko
|turn|55
|
|t:|1658505668
|switch|p2a: Swampert|Swampert, M|17/100 brn
|move|p1a: Tapu Koko|Volt Switch|p2a: Swampert
|-immune|p2a: Swampert
|
|-heal|p2a: Swampert|23/100 brn|[from] item: Leftovers
|-damage|p2a: Swampert|17/100 brn|[from] brn
|upkeep
|turn|56
|
|t:|1658505680
|switch|p2a: Clefable|Clefable, F|100/100
|move|p1a: Tapu Koko|Dazzling Gleam|p2a: Clefable
|-damage|p2a: Clefable|78/100
|
|-heal|p2a: Clefable|84/100|[from] item: Leftovers
|upkeep
|turn|57
|
|t:|1658505682
|switch|p1a: Melmetal|Melmetal, shiny|36/100
|move|p2a: Clefable|Wish|p2a: Clefable
|
|-heal|p2a: Clefable|90/100|[from] item: Leftovers
|upkeep
|turn|58
|l| VN Star
|inactive|CCLM has 90 seconds left.
|
|t:|1658505734
|switch|p2a: Corviknight|Corviknight, F|52/100
|-ability|p2a: Corviknight|Pressure
|move|p1a: Melmetal|Ice Punch|p2a: Corviknight
|-damage|p2a: Corviknight|32/100
|
|-heal|p2a: Corviknight|81/100|[from] move: Wish|[wisher] Clefable
|upkeep
|turn|59
|
|t:|1658505754
|move|p2a: Corviknight|Roost|p2a: Corviknight
|-heal|p2a: Corviknight|100/100
|-singleturn|p2a: Corviknight|move: Roost
|move|p1a: Melmetal|Thunder Punch|p2a: Corviknight
|-damage|p2a: Corviknight|74/100
|
|-fieldend|move: Electric Terrain
|upkeep
|turn|60
|
|t:|1658505763
|move|p2a: Corviknight|Brave Bird|p1a: Melmetal
|-resisted|p1a: Melmetal
|-damage|p1a: Melmetal|27/100
|-damage|p2a: Corviknight|70/100|[from] Recoil
|move|p1a: Melmetal|Thunder Punch|p2a: Corviknight
|-supereffective|p2a: Corviknight
|-damage|p2a: Corviknight|33/100
|
|upkeep
|turn|61
|
|t:|1658505770
|switch|p1a: Tapu Koko|Tapu Koko, shiny|26/100
|-fieldstart|move: Electric Terrain|[from] ability: Electric Surge|[of] p1a: Tapu Koko
|move|p2a: Corviknight|Roost|p2a: Corviknight
|-heal|p2a: Corviknight|83/100
|-singleturn|p2a: Corviknight|move: Roost
|
|upkeep
|turn|62
|
|t:|1658505776
|switch|p2a: Swampert|Swampert, M|17/100 brn
|move|p1a: Tapu Koko|Thunderbolt|p2a: Swampert
|-immune|p2a: Swampert
|
|-heal|p2a: Swampert|23/100 brn|[from] item: Leftovers
|-damage|p2a: Swampert|17/100 brn|[from] brn
|upkeep
|turn|63
|
|t:|1658505785
|switch|p2a: Clefable|Clefable, F|90/100
|move|p1a: Tapu Koko|Dazzling Gleam|p2a: Clefable
|-damage|p2a: Clefable|67/100
|
|-heal|p2a: Clefable|73/100|[from] item: Leftovers
|upkeep
|turn|64
|
|t:|1658505790
|move|p2a: Clefable|Protect|p2a: Clefable
|-singleturn|p2a: Clefable|Protect
|move|p1a: Tapu Koko|Volt Switch|p2a: Clefable
|-activate|p2a: Clefable|move: Protect
|
|-heal|p2a: Clefable|79/100|[from] item: Leftovers
|upkeep
|turn|65
|
|t:|1658505799
|move|p1a: Tapu Koko|Volt Switch|p2a: Clefable
|-damage|p2a: Clefable|54/100
|inactive|CCLM has 120 seconds left.
|
|t:|1658505807
|switch|p1a: Melmetal|Melmetal, shiny|27/100|[from]move: Volt Switch
|move|p2a: Clefable|Wish|p2a: Clefable
|
|-heal|p2a: Clefable|60/100|[from] item: Leftovers
|-fieldend|move: Electric Terrain
|upkeep
|turn|66
|
|t:|1658505813
|move|p2a: Clefable|Protect|p2a: Clefable
|-singleturn|p2a: Clefable|Protect
|move|p1a: Melmetal|Thunder Punch|p2a: Clefable
|-activate|p2a: Clefable|move: Protect
|
|-heal|p2a: Clefable|100/100|[from] move: Wish|[wisher] Clefable
|upkeep
|turn|67
|inactive|CCLM has 120 seconds left.
|inactive|CCLM has 90 seconds left.
|
|t:|1658505873
|switch|p2a: Corviknight|Corviknight, F|83/100
|-ability|p2a: Corviknight|Pressure
|switch|p1a: Tapu Koko|Tapu Koko, shiny|26/100
|-fieldstart|move: Electric Terrain|[from] ability: Electric Surge|[of] p1a: Tapu Koko
|
|upkeep
|turn|68
|
|t:|1658505895
|switch|p2a: Clefable|Clefable, F|100/100
|move|p1a: Tapu Koko|Volt Switch|p2a: Clefable
|-crit|p2a: Clefable
|-damage|p2a: Clefable|65/100
|
|t:|1658505900
|switch|p1a: Melmetal|Melmetal, shiny|27/100|[from]move: Volt Switch
|
|-heal|p2a: Clefable|71/100|[from] item: Leftovers
|upkeep
|turn|69
|inactive|CCLM has 60 seconds left.
|
|t:|1658505928
|move|p2a: Clefable|Protect|p2a: Clefable
|-singleturn|p2a: Clefable|Protect
|move|p1a: Melmetal|Thunder Punch|p2a: Clefable
|-activate|p2a: Clefable|move: Protect
|
|-heal|p2a: Clefable|77/100|[from] item: Leftovers
|upkeep
|turn|70
|
|t:|1658505936
|switch|p2a: Swampert|Swampert, M|17/100 brn
|move|p1a: Melmetal|Ice Punch|p2a: Swampert
|-damage|p2a: Swampert|0 fnt
|faint|p2a: Swampert
|
|upkeep
|
|t:|1658505939
|switch|p2a: Corviknight|Corviknight, F|83/100
|-ability|p2a: Corviknight|Pressure
|turn|71
|
|t:|1658505943
|move|p2a: Corviknight|Brave Bird|p1a: Melmetal
|-resisted|p1a: Melmetal
|-damage|p1a: Melmetal|16/100
|-damage|p2a: Corviknight|79/100|[from] Recoil
|move|p1a: Melmetal|Thunder Punch|p2a: Corviknight
|-supereffective|p2a: Corviknight
|-damage|p2a: Corviknight|29/100
|
|-fieldend|move: Electric Terrain
|upkeep
|turn|72
|
|t:|1658505950
|switch|p1a: Tapu Koko|Tapu Koko, shiny|26/100
|-fieldstart|move: Electric Terrain|[from] ability: Electric Surge|[of] p1a: Tapu Koko
|move|p2a: Corviknight|Roost|p2a: Corviknight
|-heal|p2a: Corviknight|79/100
|-singleturn|p2a: Corviknight|move: Roost
|
|upkeep
|turn|73
|
|t:|1658505958
|move|p1a: Tapu Koko|Thunderbolt|p2a: Corviknight
|-supereffective|p2a: Corviknight
|-damage|p2a: Corviknight|0 fnt
|faint|p2a: Corviknight
|
|upkeep
|c|☆CCLM|gg
|
|t:|1658505963
|switch|p2a: Clefable|Clefable, F|77/100
|turn|74
|c|☆Highv0ltag3|gg
|
|t:|1658505971
|move|p1a: Tapu Koko|Thunderbolt|p2a: Clefable
|-damage|p2a: Clefable|46/100
|move|p2a: Clefable|Wish|p2a: Clefable
|
|-heal|p2a: Clefable|53/100|[from] item: Leftovers
|upkeep
|turn|75
|
|t:|1658505975
|move|p2a: Clefable|Protect|p2a: Clefable
|-singleturn|p2a: Clefable|Protect
|move|p1a: Tapu Koko|Thunderbolt|p2a: Clefable
|-activate|p2a: Clefable|move: Protect
|
|-heal|p2a: Clefable|100/100|[from] move: Wish|[wisher] Clefable
|upkeep
|turn|76
|
|t:|1658505980
|move|p1a: Tapu Koko|Thunderbolt|p2a: Clefable
|-damage|p2a: Clefable|65/100
|move|p2a: Clefable|Wish|p2a: Clefable
|
|-heal|p2a: Clefable|71/100|[from] item: Leftovers
|-fieldend|move: Electric Terrain
|upkeep
|turn|77
|
|t:|1658505983
|move|p1a: Tapu Koko|Thunderbolt|p2a: Clefable
|-damage|p2a: Clefable|44/100
|move|p2a: Clefable|Moonblast|p1a: Tapu Koko
|-damage|p1a: Tapu Koko|0 fnt
|faint|p1a: Tapu Koko
|
|-heal|p2a: Clefable|94/100|[from] move: Wish|[wisher] Clefable
|-heal|p2a: Clefable|99/100|[from] item: Leftovers
|upkeep
|
|t:|1658505986
|switch|p1a: Melmetal|Melmetal, shiny|16/100
|turn|78
|inactive|Highv0ltag3 has 120 seconds left.
|c|☆Highv0ltag3|quadruple protect?
|
|t:|1658506028
|move|p2a: Clefable|Protect|p2a: Clefable
|-singleturn|p2a: Clefable|Protect
|move|p1a: Melmetal|Double Iron Bash|p2a: Clefable
|-activate|p2a: Clefable|move: Protect
|
|-heal|p2a: Clefable|100/100|[from] item: Leftovers
|upkeep
|turn|79
|
|t:|1658506032
|move|p2a: Clefable|Protect||[still]
|-fail|p2a: Clefable
|move|p1a: Melmetal|Double Iron Bash|p2a: Clefable
|-supereffective|p2a: Clefable
|-damage|p2a: Clefable|15/100
|-supereffective|p2a: Clefable
|-damage|p2a: Clefable|0 fnt
|faint|p2a: Clefable
|-hitcount|p2: Clefable|2
|
|win|CCLM
|raw|CCLM's rating: 1896 &rarr; <strong>1911</strong><br />(+15 for winning)
|raw|Highv0ltag3's rating: 1802 &rarr; <strong>1787</strong><br />(-15 for losing)
|c| The retro oatcake|i am curious, whats clefables last move?
|c|☆Highv0ltag3|not todAY
|c|☆Highv0ltag3|teleport
|c| The retro oatcake|ah, ok
||Ladder isn't responding, score probably updated but might not have (Request timeout).
|l|☆Highv0ltag3
|l| Lily Jin Morrow
|l| lukisonic23
|l| Atomise
|l| The retro oatcake
|l|☆CCLM
|n| 2x4is8Skin|newboytilidie
|l| 2x4is8Skin
