|j|☆Sombra Diurna
|j|☆da2018
|t:|1647631213
|gametype|singles
|player|p1|Sombra Diurna|blue|1607
|player|p2|da2018|101|1678
|teamsize|p1|6
|teamsize|p2|6
|gen|8
|tier|[Gen 8] OU
|rated|
|rule|Sleep Clause Mod: Limit one foe put to sleep
|rule|Species Clause: Limit one of each Pokémon
|rule|OHKO Clause: OHKO moves are banned
|rule|Evasion Moves Clause: Evasion moves are banned
|rule|Endless Battle Clause: Forcing endless battles is banned
|rule|HP Percentage Mod: HP is shown in percentages
|rule|Dynamax Clause: You cannot dynamax
|clearpoke
|poke|p1|Marowak-Alola, M|
|poke|p1|Slowbro, M|
|poke|p1|Hatterene, F|
|poke|p1|Garchomp, M|
|poke|p1|Ferrothorn, M|
|poke|p1|Drampa, M|
|poke|p2|Clefable, M|
|poke|p2|Toxapex, F|
|poke|p2|Landorus-Therian, M|
|poke|p2|Ferrothorn, F|
|poke|p2|Reuniclus, F|
|poke|p2|Tornadus-Therian, M|
|teampreview
|inactive|Battle timer is ON: inactive players will automatically lose when time's up. (requested by Sombra Diurna)
|inactive|da2018 has 120 seconds left.
|
|t:|1647631285
|start
|switch|p1a: Falkor|Drampa, M|100/100
|switch|p2a: Clefable|Clefable, M|100/100
|turn|1
|
|t:|1647631295
|switch|p1a: Thorns|Ferrothorn, M|100/100
|move|p2a: Clefable|Moonblast|p1a: Thorns
|-resisted|p1a: Thorns
|-damage|p1a: Thorns|82/100
|-unboost|p1a: Thorns|spa|1
|
|upkeep
|turn|2
|
|t:|1647631304
|switch|p1a: Sonso|Slowbro, M|100/100
|move|p2a: Clefable|Fire Blast|p1a: Sonso
|-resisted|p1a: Sonso
|-damage|p1a: Sonso|76/100
|
|upkeep
|turn|3
|
|t:|1647631328
|move|p2a: Clefable|Thunderbolt|p1a: Sonso
|-supereffective|p1a: Sonso
|-damage|p1a: Sonso|0 fnt
|faint|p1a: Sonso
|
|upkeep
|
|t:|1647631336
|switch|p1a: Billy B.|Marowak-Alola, M, shiny|100/100
|turn|4
|
|t:|1647631353
|switch|p2a: Landorus|Landorus-Therian, M|100/100
|-ability|p2a: Landorus|Intimidate|boost
|-unboost|p1a: Billy B.|atk|1
|move|p1a: Billy B.|Poltergeist|p2a: Landorus
|-activate|p2a: Landorus|move: Poltergeist|Leftovers
|-damage|p2a: Landorus|41/100
|
|-heal|p2a: Landorus|47/100|[from] item: Leftovers
|upkeep
|turn|5
|
|t:|1647631367
|move|p2a: Landorus|Earthquake|p1a: Billy B.
|-supereffective|p1a: Billy B.
|-damage|p1a: Billy B.|8/100
|move|p1a: Billy B.|Flare Blitz|p2a: Landorus
|-damage|p2a: Landorus|0 fnt
|faint|p2a: Landorus
|
|upkeep
|inactive|da2018 has 120 seconds left.
|
|t:|1647631400
|switch|p2a: Toxapex|Toxapex, F|100/100
|turn|6
|
|t:|1647631409
|switch|p1a: Thorns|Ferrothorn, M|82/100
|move|p2a: Toxapex|Scald|p1a: Thorns
|-resisted|p1a: Thorns
|-damage|p1a: Thorns|77/100
|
|upkeep
|turn|7
|
|t:|1647631419
|switch|p2a: Tornadus|Tornadus-Therian, M|100/100
|move|p1a: Thorns|Stealth Rock|p2a: Tornadus
|-sidestart|p2: da2018|move: Stealth Rock
|
|upkeep
|turn|8
|
|t:|1647631423
|move|p2a: Tornadus|Defog|p1a: Thorns
|-unboost|p1a: Thorns|evasion|1
|-sideend|p2: da2018|Stealth Rock|[from] move: Defog|[of] p2a: Tornadus
|move|p1a: Thorns|Gyro Ball|p2a: Tornadus
|-damage|p2a: Tornadus|51/100
|
|upkeep
|turn|9
|
|t:|1647631431
|move|p2a: Tornadus|Heat Wave|p1a: Thorns
|-supereffective|p1a: Thorns
|-damage|p1a: Thorns|19/100
|move|p1a: Thorns|Gyro Ball|p2a: Tornadus
|-damage|p2a: Tornadus|3/100
|
|upkeep
|turn|10
|
|t:|1647631437
|switch|p1a: Gorra|Hatterene, F, shiny|100/100
|move|p2a: Tornadus|Heat Wave|p1a: Gorra
|-crit|p1a: Gorra
|-damage|p1a: Gorra|76/100
|-status|p1a: Gorra|brn
|
|-damage|p1a: Gorra|70/100 brn|[from] brn
|upkeep
|turn|11
|
|t:|1647631449
|switch|p2a: Reuniclus|Reuniclus, F|100/100
|move|p1a: Gorra|Trick Room|p1a: Gorra
|-fieldstart|move: Trick Room|[of] p1a: Gorra
|
|-damage|p1a: Gorra|64/100 brn|[from] brn
|upkeep
|turn|12
|
|t:|1647631460
|move|p1a: Gorra|Healing Wish|p1a: Gorra
|faint|p1a: Gorra
|move|p2a: Reuniclus|Calm Mind|p2a: Reuniclus
|-boost|p2a: Reuniclus|spa|1
|-boost|p2a: Reuniclus|spd|1
|
|upkeep
|
|t:|1647631465
|switch|p1a: Billy B.|Marowak-Alola, M, shiny|8/100
|-heal|p1a: Billy B.|100/100|[from] move: Healing Wish
|turn|13
|
|t:|1647631490
|switch|p2a: Tornadus|Tornadus-Therian, M|36/100
|move|p1a: Billy B.|Poltergeist|p2a: Tornadus
|-activate|p2a: Tornadus|move: Poltergeist|Heavy-Duty Boots
|-damage|p2a: Tornadus|0 fnt
|faint|p2a: Tornadus
|
|upkeep
|
|t:|1647631493
|switch|p2a: Toxapex|Toxapex, F|100/100
|turn|14
|
|t:|1647631507
|switch|p1a: Thorns|Ferrothorn, M|19/100
|move|p2a: Toxapex|Knock Off|p1a: Thorns
|-damage|p1a: Thorns|8/100
|-damage|p2a: Toxapex|88/100|[from] ability: Iron Barbs|[of] p1a: Thorns
|-enditem|p1a: Thorns|Shed Shell|[from] move: Knock Off|[of] p2a: Toxapex
|
|upkeep
|turn|15
|
|t:|1647631519
|switch|p2a: Ferrothorn|Ferrothorn, F|100/100
|move|p1a: Thorns|Stealth Rock|p2a: Ferrothorn
|-sidestart|p2: da2018|move: Stealth Rock
|
|-fieldend|move: Trick Room
|upkeep
|turn|16
|
|t:|1647631531
|move|p2a: Ferrothorn|Leech Seed|p1a: Thorns
|-immune|p1a: Thorns
|move|p1a: Thorns|Gyro Ball|p2a: Ferrothorn
|-resisted|p2a: Ferrothorn
|-damage|p2a: Ferrothorn|95/100
|-damage|p1a: Thorns|0 fnt|[from] ability: Iron Barbs|[of] p2a: Ferrothorn
|faint|p1a: Thorns
|
|-heal|p2a: Ferrothorn|100/100|[from] item: Leftovers
|upkeep
|
|t:|1647631539
|switch|p1a: Billy B.|Marowak-Alola, M, shiny|100/100
|turn|17
|
|t:|1647631550
|move|p1a: Billy B.|Flare Blitz|p2a: Ferrothorn
|-supereffective|p2a: Ferrothorn
|-damage|p2a: Ferrothorn|0 fnt
|-damage|p1a: Billy B.|88/100|[from] ability: Iron Barbs|[of] p2a: Ferrothorn
|faint|p2a: Ferrothorn
|
|upkeep
|
|t:|1647631559
|switch|p2a: Toxapex|Toxapex, F|100/100
|-damage|p2a: Toxapex|88/100|[from] Stealth Rock
|turn|18
|
|t:|1647631566
|switch|p1a: Falkor|Drampa, M|100/100
|move|p2a: Toxapex|Scald|p1a: Falkor
|-resisted|p1a: Falkor
|-damage|p1a: Falkor|92/100
|
|upkeep
|turn|19
|
|t:|1647631576
|move|p2a: Toxapex|Knock Off|p1a: Falkor
|-damage|p1a: Falkor|76/100
|-enditem|p1a: Falkor|Expert Belt|[from] move: Knock Off|[of] p2a: Toxapex
|move|p1a: Falkor|Thunderbolt|p2a: Toxapex
|-supereffective|p2a: Toxapex
|-damage|p2a: Toxapex|36/100
|
|upkeep
|turn|20
|
|t:|1647631586
|switch|p2a: Clefable|Clefable, M|100/100
|switch|p1a: Sharko|Garchomp, M|100/100
|
|upkeep
|turn|21
|
|t:|1647631594
|switch|p1a: Billy B.|Marowak-Alola, M, shiny|88/100
|move|p2a: Clefable|Moonblast|p1a: Billy B.
|-resisted|p1a: Billy B.
|-damage|p1a: Billy B.|51/100
|-unboost|p1a: Billy B.|spa|1
|
|upkeep
|turn|22
|
|t:|1647631603
|move|p2a: Clefable|Moonblast|p1a: Billy B.
|-resisted|p1a: Billy B.
|-damage|p1a: Billy B.|14/100
|move|p1a: Billy B.|Flare Blitz|p2a: Clefable
|-damage|p2a: Clefable|0 fnt
|faint|p2a: Clefable
|
|upkeep
|
|t:|1647631618
|switch|p2a: Toxapex|Toxapex, F|69/100
|-damage|p2a: Toxapex|57/100|[from] Stealth Rock
|turn|23
|
|t:|1647631633
|move|p1a: Billy B.|Poltergeist|p2a: Toxapex
|-activate|p2a: Toxapex|move: Poltergeist|Shed Shell
|-damage|p2a: Toxapex|0 fnt
|faint|p2a: Toxapex
|
|upkeep
|
|t:|1647631636
|switch|p2a: Reuniclus|Reuniclus, F|100/100
|turn|24
|
|t:|1647631640
|move|p2a: Reuniclus|Psyshock|p1a: Billy B.
|-damage|p1a: Billy B.|0 fnt
|faint|p1a: Billy B.
|
|upkeep
|
|t:|1647631644
|switch|p1a: Sharko|Garchomp, M|100/100
|turn|25
|
|t:|1647631652
|move|p1a: Sharko|Swords Dance|p1a: Sharko
|-boost|p1a: Sharko|atk|2
|move|p2a: Reuniclus|Calm Mind|p2a: Reuniclus
|-boost|p2a: Reuniclus|spa|1
|-boost|p2a: Reuniclus|spd|1
|
|upkeep
|turn|26
|
|t:|1647631663
|move|p1a: Sharko|Earthquake|p2a: Reuniclus
|-damage|p2a: Reuniclus|27/100
|move|p2a: Reuniclus|Psyshock|p1a: Sharko
|-crit|p1a: Sharko
|-damage|p1a: Sharko|26/100
|
|-heal|p1a: Sharko|32/100|[from] item: Leftovers
|upkeep
|turn|27
|-message|da2018 forfeited.
|
|win|Sombra Diurna
|raw|Sombra Diurna's rating: 1607 &rarr; <strong>1630</strong><br />(+23 for winning)
|raw|da2018's rating: 1657 &rarr; <strong>1634</strong><br />(-23 for losing)
|l|☆da2018
