|j|☆RavioliKid
|j|☆DJ CRIB DEF
|t:|1621100354
|gametype|singles
|player|p1|RavioliKid|ilima|1545
|player|p2|DJ CRIB DEF|101|1619
|teamsize|p1|6
|teamsize|p2|6
|gen|8
|tier|[Gen 8] OU
|rated|
|rule|Sleep Clause Mod: Limit one foe put to sleep
|rule|Species Clause: Limit one of each Pokémon
|rule|OHKO Clause: OHKO moves are banned
|rule|Evasion Moves Clause: Evasion moves are banned
|rule|Endless Battle Clause: Forcing endless battles is banned
|rule|HP Percentage Mod: HP is shown in percentages
|rule|Dynamax Clause: You cannot dynamax
|clearpoke
|poke|p1|Landorus-Therian, M|
|poke|p1|Dragapult, F|
|poke|p1|Zeraora|
|poke|p1|Urshifu-*, M|
|poke|p1|Corviknight, M|
|poke|p1|Slowking, M|
|poke|p2|Slowbro, F|
|poke|p2|Zapdos|
|poke|p2|Dragapult, M|
|poke|p2|Rhyperior, M|
|poke|p2|Bisharp, F|
|poke|p2|Blissey, F|
|teampreview
|c|☆RavioliKid|glhf
|inactive|Battle timer is ON: inactive players will automatically lose when time's up. (requested by DJ CRIB DEF)
|inactive|RavioliKid also wants the timer to be on.
|c|☆DJ CRIB DEF|u2
|
|t:|1621100379
|start
|switch|p1a: Zeraora|Zeraora|100/100
|switch|p2a: Rhyperior|Rhyperior, M, shiny|100/100
|turn|1
|
|t:|1621100384
|switch|p1a: Landorus|Landorus-Therian, M|100/100
|-ability|p1a: Landorus|Intimidate|boost
|-unboost|p2a: Rhyperior|atk|1
|move|p2a: Rhyperior|Toxic|p1a: Landorus
|-status|p1a: Landorus|tox
|
|-damage|p1a: Landorus|94/100 tox|[from] psn
|upkeep
|turn|2
|
|t:|1621100388
|move|p1a: Landorus|Stealth Rock|p2a: Rhyperior
|-sidestart|p2: DJ CRIB DEF|move: Stealth Rock
|move|p2a: Rhyperior|Stealth Rock|p1a: Landorus
|-sidestart|p1: RavioliKid|move: Stealth Rock
|
|-heal|p1a: Landorus|100/100 tox|[from] item: Leftovers
|-damage|p1a: Landorus|88/100 tox|[from] psn
|upkeep
|turn|3
|
|t:|1621100393
|switch|p2a: Slowbro|Slowbro, F|100/100
|-damage|p2a: Slowbro|88/100|[from] Stealth Rock
|move|p1a: Landorus|Knock Off|p2a: Slowbro
|-supereffective|p2a: Slowbro
|-damage|p2a: Slowbro|51/100
|-damage|p1a: Landorus|72/100 tox|[from] item: Rocky Helmet|[of] p2a: Slowbro
|-enditem|p2a: Slowbro|Rocky Helmet|[from] move: Knock Off|[of] p1a: Landorus
|
|-heal|p1a: Landorus|78/100 tox|[from] item: Leftovers
|-damage|p1a: Landorus|60/100 tox|[from] psn
|upkeep
|turn|4
|
|t:|1621100397
|move|p1a: Landorus|U-turn|p2a: Slowbro
|-supereffective|p2a: Slowbro
|-damage|p2a: Slowbro|25/100
|
|t:|1621100402
|switch|p1a: Dragapult|Dragapult, F|100/100|[from]move: U-turn
|-damage|p1a: Dragapult|88/100|[from] Stealth Rock
|move|p2a: Slowbro|Slack Off|p2a: Slowbro
|-heal|p2a: Slowbro|75/100
|
|upkeep
|turn|5
|
|t:|1621100405
|switch|p2a: Blissey|Blissey, F|100/100
|move|p1a: Dragapult|U-turn|p2a: Blissey
|-damage|p2a: Blissey|85/100
|
|t:|1621100420
|switch|p1a: Urshifu|Urshifu-Rapid-Strike, M|100/100|[from]move: U-turn
|-damage|p1a: Urshifu|94/100|[from] Stealth Rock
|
|upkeep
|turn|6
|
|t:|1621100426
|switch|p2a: Zapdos|Zapdos|100/100
|move|p1a: Urshifu|U-turn|p2a: Zapdos
|-resisted|p2a: Zapdos
|-damage|p2a: Zapdos|88/100
|
|t:|1621100440
|switch|p1a: Landorus|Landorus-Therian, M|60/100 tox|[from]move: U-turn
|-damage|p1a: Landorus|48/100 tox|[from] Stealth Rock
|-ability|p1a: Landorus|Intimidate|boost
|-unboost|p2a: Zapdos|atk|1
|
|-heal|p1a: Landorus|54/100 tox|[from] item: Leftovers
|-damage|p1a: Landorus|48/100 tox|[from] psn
|upkeep
|turn|7
|
|t:|1621100448
|switch|p2a: Slowbro|Slowbro, F|100/100
|-damage|p2a: Slowbro|88/100|[from] Stealth Rock
|move|p1a: Landorus|Knock Off|p2a: Slowbro
|-supereffective|p2a: Slowbro
|-damage|p2a: Slowbro|63/100
|
|-heal|p1a: Landorus|54/100 tox|[from] item: Leftovers
|-damage|p1a: Landorus|42/100 tox|[from] psn
|upkeep
|turn|8
|
|t:|1621100459
|move|p1a: Landorus|U-turn|p2a: Slowbro
|-supereffective|p2a: Slowbro
|-damage|p2a: Slowbro|33/100
|
|t:|1621100460
|switch|p1a: Zeraora|Zeraora|100/100|[from]move: U-turn
|move|p2a: Slowbro|Future Sight|p1a: Zeraora
|-start|p2a: Slowbro|move: Future Sight
|
|upkeep
|turn|9
|
|t:|1621100464
|switch|p2a: Rhyperior|Rhyperior, M, shiny|100/100
|-damage|p2a: Rhyperior|94/100|[from] Stealth Rock
|move|p1a: Zeraora|Knock Off|p2a: Rhyperior
|-damage|p2a: Rhyperior|74/100
|-enditem|p2a: Rhyperior|Leftovers|[from] move: Knock Off|[of] p1a: Zeraora
|
|upkeep
|turn|10
|
|t:|1621100470
|switch|p1a: Corviknight|Corviknight, M|100/100
|-damage|p1a: Corviknight|88/100|[from] Stealth Rock
|-ability|p1a: Corviknight|Pressure
|move|p2a: Rhyperior|Heat Crash|p1a: Corviknight
|-supereffective|p1a: Corviknight
|-damage|p1a: Corviknight|57/100
|
|-end|p1a: Corviknight|move: Future Sight
|-resisted|p1a: Corviknight
|-damage|p1a: Corviknight|35/100
|-heal|p1a: Corviknight|41/100|[from] item: Leftovers
|upkeep
|turn|11
|
|t:|1621100479
|move|p1a: Corviknight|Defog|p2a: Rhyperior
|-unboost|p2a: Rhyperior|evasion|1
|-sideend|p2: DJ CRIB DEF|Stealth Rock|[from] move: Defog|[of] p1a: Corviknight
|-sideend|p1: RavioliKid|Stealth Rock|[from] move: Defog|[of] p1a: Corviknight
|move|p2a: Rhyperior|Earthquake|p1a: Corviknight
|-immune|p1a: Corviknight
|
|-heal|p1a: Corviknight|48/100|[from] item: Leftovers
|upkeep
|turn|12
|
|t:|1621100482
|switch|p1a: Landorus|Landorus-Therian, M|42/100 tox
|-ability|p1a: Landorus|Intimidate|boost
|-unboost|p2a: Rhyperior|atk|1
|switch|p2a: Zapdos|Zapdos|88/100
|
|-heal|p1a: Landorus|48/100 tox|[from] item: Leftovers
|-damage|p1a: Landorus|42/100 tox|[from] psn
|upkeep
|turn|13
|
|t:|1621100489
|switch|p2a: Slowbro|Slowbro, F|66/100
|move|p1a: Landorus|Stealth Rock|p2a: Slowbro
|-sidestart|p2: DJ CRIB DEF|move: Stealth Rock
|
|-heal|p1a: Landorus|48/100 tox|[from] item: Leftovers
|-damage|p1a: Landorus|36/100 tox|[from] psn
|upkeep
|turn|14
|
|t:|1621100496
|move|p1a: Landorus|U-turn|p2a: Slowbro
|-supereffective|p2a: Slowbro
|-damage|p2a: Slowbro|39/100
|
|t:|1621100499
|switch|p1a: Dragapult|Dragapult, F|88/100|[from]move: U-turn
|move|p2a: Slowbro|Teleport|p2a: Slowbro
|
|t:|1621100502
|switch|p2a: Bisharp|Bisharp, F|100/100|[from]move: Teleport
|-damage|p2a: Bisharp|95/100|[from] Stealth Rock
|
|upkeep
|turn|15
|
|t:|1621100508
|switch|p1a: Urshifu|Urshifu-Rapid-Strike, M|94/100
|move|p2a: Bisharp|Beat Up|p1a: Urshifu
|-resisted|p1a: Urshifu
|-damage|p1a: Urshifu|87/100
|-resisted|p1a: Urshifu
|-damage|p1a: Urshifu|85/100
|-resisted|p1a: Urshifu
|-damage|p1a: Urshifu|77/100
|-resisted|p1a: Urshifu
|-damage|p1a: Urshifu|71/100
|-resisted|p1a: Urshifu
|-damage|p1a: Urshifu|67/100
|-resisted|p1a: Urshifu
|-damage|p1a: Urshifu|59/100
|-hitcount|p1a: Urshifu|6
|
|upkeep
|turn|16
|
|t:|1621100518
|switch|p2a: Slowbro|Slowbro, F|72/100
|-damage|p2a: Slowbro|59/100|[from] Stealth Rock
|move|p1a: Urshifu|U-turn|p2a: Slowbro
|-supereffective|p2a: Slowbro
|-damage|p2a: Slowbro|15/100
|
|t:|1621100524
|switch|p1a: Dragapult|Dragapult, F|88/100|[from]move: U-turn
|
|upkeep
|turn|17
|
|t:|1621100529
|switch|p2a: Zapdos|Zapdos|88/100
|move|p1a: Dragapult|U-turn|p2a: Zapdos
|-resisted|p2a: Zapdos
|-damage|p2a: Zapdos|83/100
|
|t:|1621100538
|switch|p1a: Landorus|Landorus-Therian, M|36/100 tox|[from]move: U-turn
|-ability|p1a: Landorus|Intimidate|boost
|-unboost|p2a: Zapdos|atk|1
|
|-heal|p1a: Landorus|42/100 tox|[from] item: Leftovers
|-damage|p1a: Landorus|36/100 tox|[from] psn
|upkeep
|turn|18
|
|t:|1621100547
|move|p1a: Landorus|Knock Off|p2a: Zapdos
|-damage|p2a: Zapdos|62/100
|-enditem|p2a: Zapdos|Heavy-Duty Boots|[from] move: Knock Off|[of] p1a: Landorus
|move|p2a: Zapdos|Heat Wave|p1a: Landorus
|-damage|p1a: Landorus|9/100 tox
|
|-heal|p1a: Landorus|15/100 tox|[from] item: Leftovers
|-damage|p1a: Landorus|3/100 tox|[from] psn
|upkeep
|turn|19
|
|t:|1621100550
|move|p1a: Landorus|U-turn|p2a: Zapdos
|-resisted|p2a: Zapdos
|-damage|p2a: Zapdos|54/100
|
|t:|1621100558
|switch|p1a: Dragapult|Dragapult, F|88/100|[from]move: U-turn
|move|p2a: Zapdos|Defog|p1a: Dragapult
|-unboost|p1a: Dragapult|evasion|1
|-sideend|p2: DJ CRIB DEF|Stealth Rock|[from] move: Defog|[of] p2a: Zapdos
|
|upkeep
|turn|20
|
|t:|1621100567
|switch|p2a: Blissey|Blissey, F|85/100
|move|p1a: Dragapult|Draco Meteor|p2a: Blissey
|-damage|p2a: Blissey|58/100
|-unboost|p1a: Dragapult|spa|2
|
|upkeep
|turn|21
|j| Zraichu
|l| Zraichu
|
|t:|1621100575
|switch|p1a: Corviknight|Corviknight, M|48/100
|-ability|p1a: Corviknight|Pressure
|move|p2a: Blissey|Teleport|p2a: Blissey
|
|t:|1621100581
|switch|p2a: Bisharp|Bisharp, F|95/100|[from]move: Teleport
|
|-heal|p1a: Corviknight|54/100|[from] item: Leftovers
|upkeep
|turn|22
|
|t:|1621100596
|move|p2a: Bisharp|Knock Off|p1a: Corviknight
|-damage|p1a: Corviknight|2/100
|-enditem|p1a: Corviknight|Leftovers|[from] move: Knock Off|[of] p2a: Bisharp
|move|p1a: Corviknight|Roost|p1a: Corviknight
|-heal|p1a: Corviknight|52/100
|-singleturn|p1a: Corviknight|move: Roost
|
|upkeep
|turn|23
|
|t:|1621100600
|switch|p2a: Zapdos|Zapdos|54/100
|move|p1a: Corviknight|Roost|p1a: Corviknight
|-heal|p1a: Corviknight|100/100
|-singleturn|p1a: Corviknight|move: Roost
|
|upkeep
|turn|24
|
|t:|1621100604
|move|p2a: Zapdos|Roost|p2a: Zapdos
|-heal|p2a: Zapdos|100/100
|-singleturn|p2a: Zapdos|move: Roost
|move|p1a: Corviknight|U-turn|p2a: Zapdos
|-damage|p2a: Zapdos|91/100
|
|t:|1621100614
|switch|p1a: Urshifu|Urshifu-Rapid-Strike, M|59/100|[from]move: U-turn
|
|upkeep
|turn|25
|
|t:|1621100617
|move|p1a: Urshifu|Surging Strikes|p2a: Zapdos
|-crit|p2a: Zapdos
|-damage|p2a: Zapdos|70/100
|-status|p1a: Urshifu|par|[from] ability: Static|[of] p2a: Zapdos
|-crit|p2a: Zapdos
|-damage|p2a: Zapdos|48/100
|-crit|p2a: Zapdos
|-damage|p2a: Zapdos|27/100
|-hitcount|p2a: Zapdos|3
|move|p2a: Zapdos|Volt Switch|p1a: Urshifu
|-supereffective|p1a: Urshifu
|-damage|p1a: Urshifu|0 fnt
|faint|p1a: Urshifu
|
|t:|1621100624
|switch|p2a: Dragapult|Dragapult, M|100/100|[from]move: Volt Switch
|
|upkeep
|
|t:|1621100626
|switch|p1a: Zeraora|Zeraora|100/100
|turn|26
|
|t:|1621100632
|switch|p2a: Rhyperior|Rhyperior, M, shiny|74/100
|move|p1a: Zeraora|Close Combat|p2a: Rhyperior
|-supereffective|p2a: Rhyperior
|-damage|p2a: Rhyperior|42/100
|-unboost|p1a: Zeraora|def|1
|-unboost|p1a: Zeraora|spd|1
|
|upkeep
|turn|27
|j| Plyguap
|
|t:|1621100643
|switch|p1a: Corviknight|Corviknight, M|100/100
|-ability|p1a: Corviknight|Pressure
|move|p2a: Rhyperior|Stealth Rock|p1a: Corviknight
|-sidestart|p1: RavioliKid|move: Stealth Rock
|
|upkeep
|turn|28
|
|t:|1621100648
|switch|p2a: Zapdos|Zapdos|27/100
|move|p1a: Corviknight|Defog|p2a: Zapdos
|-unboost|p2a: Zapdos|evasion|1
|-sideend|p1: RavioliKid|Stealth Rock|[from] move: Defog|[of] p1a: Corviknight
|
|upkeep
|turn|29
|
|t:|1621100654
|switch|p1a: Dragapult|Dragapult, F|88/100
|move|p2a: Zapdos|Roost|p2a: Zapdos
|-heal|p2a: Zapdos|77/100
|-singleturn|p2a: Zapdos|move: Roost
|
|upkeep
|turn|30
|l| Plyguap
|
|t:|1621100660
|move|p1a: Dragapult|U-turn|p2a: Zapdos
|-resisted|p2a: Zapdos
|-damage|p2a: Zapdos|72/100
|
|t:|1621100663
|switch|p1a: Zeraora|Zeraora|100/100|[from]move: U-turn
|move|p2a: Zapdos|Volt Switch|p1a: Zeraora
|-immune|p1a: Zeraora|[from] ability: Volt Absorb
|
|upkeep
|turn|31
|
|t:|1621100672
|move|p1a: Zeraora|Plasma Fists|p2a: Zapdos
|-damage|p2a: Zapdos|40/100
|move|p2a: Zapdos|Roost|p2a: Zapdos
|-heal|p2a: Zapdos|90/100
|-singleturn|p2a: Zapdos|move: Roost
|
|upkeep
|turn|32
|
|t:|1621100678
|move|p1a: Zeraora|Volt Switch|p2a: Zapdos
|-damage|p2a: Zapdos|70/100
|
|t:|1621100681
|switch|p1a: Dragapult|Dragapult, F|88/100|[from]move: Volt Switch
|move|p2a: Zapdos|Heat Wave|p1a: Dragapult|[miss]
|-miss|p2a: Zapdos|p1a: Dragapult
|
|upkeep
|turn|33
|
|t:|1621100689
|switch|p2a: Blissey|Blissey, F|58/100
|move|p1a: Dragapult|U-turn|p2a: Blissey
|-damage|p2a: Blissey|42/100
|
|t:|1621100705
|switch|p1a: Zeraora|Zeraora|100/100|[from]move: U-turn
|
|upkeep
|turn|34
|
|t:|1621100710
|switch|p2a: Slowbro|Slowbro, F|48/100
|move|p1a: Zeraora|Volt Switch|p2a: Slowbro
|-supereffective|p2a: Slowbro
|-damage|p2a: Slowbro|10/100
|
|t:|1621100713
|switch|p1a: Dragapult|Dragapult, F|88/100|[from]move: Volt Switch
|
|upkeep
|turn|35
|
|t:|1621100722
|switch|p2a: Zapdos|Zapdos|70/100
|move|p1a: Dragapult|U-turn|p2a: Zapdos
|-resisted|p2a: Zapdos
|-damage|p2a: Zapdos|64/100
|
|t:|1621100730
|switch|p1a: Zeraora|Zeraora|100/100|[from]move: U-turn
|
|upkeep
|turn|36
|
|t:|1621100733
|move|p1a: Zeraora|Volt Switch|p2a: Zapdos
|-damage|p2a: Zapdos|43/100
|
|t:|1621100734
|switch|p1a: Dragapult|Dragapult, F|88/100|[from]move: Volt Switch
|move|p2a: Zapdos|Roost|p2a: Zapdos
|-heal|p2a: Zapdos|93/100
|-singleturn|p2a: Zapdos|move: Roost
|
|upkeep
|turn|37
|
|t:|1621100738
|move|p1a: Dragapult|Draco Meteor|p2a: Zapdos
|-damage|p2a: Zapdos|14/100
|-unboost|p1a: Dragapult|spa|2
|move|p2a: Zapdos|Roost|p2a: Zapdos
|-heal|p2a: Zapdos|64/100
|-singleturn|p2a: Zapdos|move: Roost
|
|upkeep
|turn|38
|
|t:|1621100742
|move|p1a: Dragapult|Draco Meteor|p2a: Zapdos
|-damage|p2a: Zapdos|19/100
|-unboost|p1a: Dragapult|spa|2
|move|p2a: Zapdos|Heat Wave|p1a: Dragapult
|-resisted|p1a: Dragapult
|-damage|p1a: Dragapult|70/100
|-status|p1a: Dragapult|brn
|
|-damage|p1a: Dragapult|64/100 brn|[from] brn
|upkeep
|turn|39
|
|t:|1621100749
|switch|p1a: Zeraora|Zeraora|100/100
|switch|p2a: Bisharp|Bisharp, F|95/100
|
|upkeep
|turn|40
|
|t:|1621100760
|switch|p2a: Slowbro|Slowbro, F|43/100
|move|p1a: Zeraora|Close Combat|p2a: Slowbro
|-resisted|p2a: Slowbro
|-damage|p2a: Slowbro|31/100
|-unboost|p1a: Zeraora|def|1
|-unboost|p1a: Zeraora|spd|1
|
|upkeep
|turn|41
|
|t:|1621100770
|switch|p2a: Rhyperior|Rhyperior, M, shiny|42/100
|move|p1a: Zeraora|Knock Off|p2a: Rhyperior
|-damage|p2a: Rhyperior|30/100
|
|upkeep
|turn|42
|
|t:|1621100793
|move|p1a: Zeraora|Close Combat|p2a: Rhyperior
|-supereffective|p2a: Rhyperior
|-damage|p2a: Rhyperior|0 fnt
|-unboost|p1a: Zeraora|def|1
|-unboost|p1a: Zeraora|spd|1
|faint|p2a: Rhyperior
|
|upkeep
|
|t:|1621100797
|switch|p2a: Bisharp|Bisharp, F|95/100
|turn|43
|
|t:|1621100806
|switch|p1a: Corviknight|Corviknight, M|100/100
|-ability|p1a: Corviknight|Pressure
|switch|p2a: Slowbro|Slowbro, F|64/100
|
|upkeep
|turn|44
|
|t:|1621100811
|move|p1a: Corviknight|U-turn|p2a: Slowbro
|-supereffective|p2a: Slowbro
|-damage|p2a: Slowbro|46/100
|
|t:|1621100812
|switch|p1a: Zeraora|Zeraora|100/100|[from]move: U-turn
|move|p2a: Slowbro|Teleport|p2a: Slowbro
|
|t:|1621100818
|switch|p2a: Dragapult|Dragapult, M|100/100|[from]move: Teleport
|
|upkeep
|turn|45
|
|t:|1621100820
|move|p1a: Zeraora|Knock Off|p2a: Dragapult
|-supereffective|p2a: Dragapult
|-damage|p2a: Dragapult|13/100
|-enditem|p2a: Dragapult|Choice Specs|[from] move: Knock Off|[of] p1a: Zeraora
|move|p2a: Dragapult|Draco Meteor|p1a: Zeraora
|-damage|p1a: Zeraora|24/100
|-unboost|p2a: Dragapult|spa|2
|
|upkeep
|turn|46
|
|t:|1621100829
|switch|p2a: Slowbro|Slowbro, F|79/100
|move|p1a: Zeraora|Plasma Fists|p2a: Slowbro
|-supereffective|p2a: Slowbro
|-damage|p2a: Slowbro|16/100
|
|upkeep
|turn|47
|
|t:|1621100845
|switch|p2a: Dragapult|Dragapult, M|13/100
|move|p1a: Zeraora|Plasma Fists|p2a: Dragapult
|-resisted|p2a: Dragapult
|-damage|p2a: Dragapult|0 fnt
|faint|p2a: Dragapult
|
|upkeep
|
|t:|1621100847
|switch|p2a: Bisharp|Bisharp, F|95/100
|turn|48
|
|t:|1621100854
|switch|p1a: Corviknight|Corviknight, M|100/100
|-ability|p1a: Corviknight|Pressure
|move|p2a: Bisharp|Knock Off|p1a: Corviknight
|-damage|p1a: Corviknight|65/100
|
|upkeep
|turn|49
|
|t:|1621100859
|move|p2a: Bisharp|Knock Off|p1a: Corviknight
|-damage|p1a: Corviknight|33/100
|move|p1a: Corviknight|U-turn|p2a: Bisharp
|-damage|p2a: Bisharp|76/100
|
|t:|1621100861
|switch|p1a: Zeraora|Zeraora|24/100|[from]move: U-turn
|
|upkeep
|turn|50
|
|t:|1621100874
|move|p1a: Zeraora|Close Combat|p2a: Bisharp
|-supereffective|p2a: Bisharp
|-damage|p2a: Bisharp|0 fnt
|-unboost|p1a: Zeraora|def|1
|-unboost|p1a: Zeraora|spd|1
|faint|p2a: Bisharp
|
|upkeep
|c|☆DJ CRIB DEF|gg
|-message|DJ CRIB DEF forfeited.
|
|win|RavioliKid
|l|☆DJ CRIB DEF
|c|☆RavioliKid|gg
|raw|RavioliKid's rating: 1544 &rarr; <strong>1568</strong><br />(+24 for winning)
|raw|DJ CRIB DEF's rating: 1618 &rarr; <strong>1594</strong><br />(-24 for losing)
||Ladder isn't responding, score probably updated but might not have (Request timeout).
