|j|☆mamaw31180
|j|☆EvilUnknown
|player|p1|mamaw31180|170|1584
|player|p2|EvilUnknown|giovanni|1466
|teamsize|p1|6
|teamsize|p2|6
|gametype|singles
|gen|8
|tier|[Gen 8] OU
|rated|
|html|<div class="broadcast-red"><strong>OU is currently suspecting Melmetal! For information on how to participate check out the <a href="https://www.smogon.com/forums/threads/3662190/">suspect thread</a>.</strong></div>
|clearpoke
|poke|p1|Clefable, F|
|poke|p1|Zeraora|
|poke|p1|Melmetal|
|poke|p1|Seismitoad, M|
|poke|p1|Corviknight, M|
|poke|p1|Kyurem|
|poke|p2|Hydreigon, F|
|poke|p2|Clefable, M|
|poke|p2|Seismitoad, M|
|poke|p2|Ditto|
|poke|p2|Corviknight, M|
|poke|p2|Mandibuzz, F|
|rule|Sleep Clause Mod: Limit one foe put to sleep
|rule|Species Clause: Limit one of each Pokémon
|rule|OHKO Clause: OHKO moves are banned
|rule|Evasion Moves Clause: Evasion moves are banned
|rule|Endless Battle Clause: Forcing endless battles is banned
|rule|HP Percentage Mod: HP is shown in percentages
|rule|Dynamax Clause: You cannot dynamax
|teampreview
|inactive|Battle timer is ON: inactive players will automatically lose when time's up. (requested by mamaw31180)
|
|start
|switch|p1a: Kyurem|Kyurem|100/100
|switch|p2a: Seismitoad|Seismitoad, M|100/100
|-ability|p1a: Kyurem|Pressure
|turn|1
|
|switch|p2a: Corviknight|Corviknight, M|100/100
|-ability|p2a: Corviknight|Pressure
|move|p1a: Kyurem|Freeze-Dry|p2a: Corviknight
|-crit|p2a: Corviknight
|-damage|p2a: Corviknight|36/100
|
|-heal|p2a: Corviknight|42/100|[from] item: Leftovers
|upkeep
|turn|2
|
|move|p1a: Kyurem|Freeze-Dry|p2a: Corviknight
|-damage|p2a: Corviknight|0 fnt
|faint|p2a: Corviknight
|
|upkeep
|
|switch|p2a: Hydreigon|Hydreigon, F|100/100
|turn|3
|
|switch|p1a: Clefable|Clefable, F|100/100
|move|p2a: Hydreigon|Substitute|p2a: Hydreigon
|-start|p2a: Hydreigon|Substitute
|-damage|p2a: Hydreigon|76/100
|
|-heal|p2a: Hydreigon|82/100|[from] item: Leftovers
|upkeep
|turn|4
|
|move|p2a: Hydreigon|Flash Cannon|p1a: Clefable
|-supereffective|p1a: Clefable
|-damage|p1a: Clefable|64/100
|move|p1a: Clefable|Moonblast|p2a: Hydreigon
|-supereffective|p2a: Hydreigon
|-end|p2a: Hydreigon|Substitute
|
|-heal|p2a: Hydreigon|88/100|[from] item: Leftovers
|-heal|p1a: Clefable|71/100|[from] item: Leftovers
|upkeep
|turn|5
|
|switch|p2a: Clefable|Clefable, M|100/100
|move|p1a: Clefable|Moonblast|p2a: Clefable
|-damage|p2a: Clefable|70/100
|
|-heal|p1a: Clefable|77/100|[from] item: Leftovers
|upkeep
|turn|6
|
|move|p2a: Clefable|Moonblast|p1a: Clefable
|-damage|p1a: Clefable|41/100
|move|p1a: Clefable|Teleport|p1a: Clefable
|
|switch|p1a: Melmetal|Melmetal|100/100|[from]move: Teleport
|
|upkeep
|turn|7
|
|switch|p2a: Seismitoad|Seismitoad, M|100/100
|move|p1a: Melmetal|Double Iron Bash|p2a: Seismitoad
|-resisted|p2a: Seismitoad
|-damage|p2a: Seismitoad|77/100
|-resisted|p2a: Seismitoad
|-damage|p2a: Seismitoad|55/100
|-hitcount|p2a: Seismitoad|2
|
|-heal|p2a: Seismitoad|61/100|[from] item: Leftovers
|upkeep
|turn|8
|
|switch|p1a: Corviknight|Corviknight, M|100/100
|-ability|p1a: Corviknight|Pressure
|move|p2a: Seismitoad|Stealth Rock|p1a: Corviknight
|-sidestart|p1: mamaw31180|move: Stealth Rock
|
|-heal|p2a: Seismitoad|67/100|[from] item: Leftovers
|upkeep
|turn|9
|
|move|p2a: Seismitoad|Scald|p1a: Corviknight
|-damage|p1a: Corviknight|78/100
|move|p1a: Corviknight|Defog|p2a: Seismitoad
|-unboost|p2a: Seismitoad|evasion|1
|-sideend|p1: mamaw31180|Stealth Rock|[from] move: Defog|[of] p1a: Corviknight
|
|-heal|p2a: Seismitoad|73/100|[from] item: Leftovers
|-heal|p1a: Corviknight|85/100|[from] item: Leftovers
|upkeep
|turn|10
|
|move|p2a: Seismitoad|Stealth Rock|p1a: Corviknight
|-sidestart|p1: mamaw31180|move: Stealth Rock
|move|p1a: Corviknight|Iron Defense|p1a: Corviknight
|-boost|p1a: Corviknight|def|2
|
|-heal|p2a: Seismitoad|79/100|[from] item: Leftovers
|-heal|p1a: Corviknight|91/100|[from] item: Leftovers
|upkeep
|turn|11
|
|move|p2a: Seismitoad|Scald|p1a: Corviknight
|-damage|p1a: Corviknight|69/100
|move|p1a: Corviknight|Iron Defense|p1a: Corviknight
|-boost|p1a: Corviknight|def|2
|
|-heal|p2a: Seismitoad|85/100|[from] item: Leftovers
|-heal|p1a: Corviknight|75/100|[from] item: Leftovers
|upkeep
|turn|12
|
|move|p2a: Seismitoad|Scald|p1a: Corviknight
|-damage|p1a: Corviknight|53/100
|move|p1a: Corviknight|Iron Defense|p1a: Corviknight
|-boost|p1a: Corviknight|def|2
|
|-heal|p2a: Seismitoad|91/100|[from] item: Leftovers
|-heal|p1a: Corviknight|59/100|[from] item: Leftovers
|upkeep
|turn|13
|
|move|p2a: Seismitoad|Scald|p1a: Corviknight
|-damage|p1a: Corviknight|38/100
|move|p1a: Corviknight|Body Press|p2a: Seismitoad
|-damage|p2a: Seismitoad|13/100
|
|-heal|p2a: Seismitoad|19/100|[from] item: Leftovers
|-heal|p1a: Corviknight|44/100|[from] item: Leftovers
|upkeep
|turn|14
|
|move|p2a: Seismitoad|Scald|p1a: Corviknight
|-damage|p1a: Corviknight|21/100
|move|p1a: Corviknight|Roost|p1a: Corviknight
|-heal|p1a: Corviknight|71/100
|-singleturn|p1a: Corviknight|move: Roost
|
|-heal|p2a: Seismitoad|25/100|[from] item: Leftovers
|-heal|p1a: Corviknight|77/100|[from] item: Leftovers
|upkeep
|turn|15
|
|move|p2a: Seismitoad|Scald|p1a: Corviknight
|-damage|p1a: Corviknight|55/100
|move|p1a: Corviknight|Iron Defense|p1a: Corviknight
|-boost|p1a: Corviknight|def|0
|
|-heal|p2a: Seismitoad|31/100|[from] item: Leftovers
|-heal|p1a: Corviknight|61/100|[from] item: Leftovers
|upkeep
|turn|16
|
|move|p2a: Seismitoad|Scald|p1a: Corviknight
|-damage|p1a: Corviknight|36/100
|move|p1a: Corviknight|Body Press|p2a: Seismitoad
|-damage|p2a: Seismitoad|0 fnt
|faint|p2a: Seismitoad
|
|-heal|p1a: Corviknight|42/100|[from] item: Leftovers
|upkeep
|c|☆EvilUnknown|lol
|
|switch|p2a: Clefable|Clefable, M|70/100
|turn|17
|
|move|p2a: Clefable|Flamethrower|p1a: Corviknight
|-supereffective|p1a: Corviknight
|-damage|p1a: Corviknight|0 fnt
|faint|p1a: Corviknight
|
|upkeep
|
|switch|p1a: Melmetal|Melmetal|100/100
|-damage|p1a: Melmetal|94/100|[from] Stealth Rock
|turn|18
|
|switch|p2a: Ditto|Ditto|100/100
|-transform|p2a: Ditto|p1a: Melmetal|[from] ability: Imposter
|move|p1a: Melmetal|Double Iron Bash|p2a: Ditto
|-resisted|p2a: Ditto
|-damage|p2a: Ditto|73/100
|-resisted|p2a: Ditto
|-damage|p2a: Ditto|45/100
|-hitcount|p2a: Ditto|2
|
|upkeep
|turn|19
|
|switch|p1a: Seismitoad|Seismitoad, M|100/100
|-damage|p1a: Seismitoad|94/100|[from] Stealth Rock
|move|p2a: Ditto|Double Iron Bash|p1a: Seismitoad
|-resisted|p1a: Seismitoad
|-damage|p1a: Seismitoad|79/100
|-resisted|p1a: Seismitoad
|-damage|p1a: Seismitoad|64/100
|-hitcount|p1a: Seismitoad|2
|
|-heal|p1a: Seismitoad|70/100|[from] item: Leftovers
|upkeep
|turn|20
|
|switch|p2a: Clefable|Clefable, M|70/100
|move|p1a: Seismitoad|Stealth Rock|p2a: Clefable
|-sidestart|p2: EvilUnknown|move: Stealth Rock
|
|-heal|p1a: Seismitoad|76/100|[from] item: Leftovers
|upkeep
|turn|21
|
|switch|p1a: Clefable|Clefable, F|41/100
|move|p2a: Clefable|Moonblast|p1a: Clefable
|-crit|p1a: Clefable
|-damage|p1a: Clefable|0 fnt
|faint|p1a: Clefable
|
|upkeep
|
|switch|p1a: Melmetal|Melmetal|94/100
|-damage|p1a: Melmetal|88/100|[from] Stealth Rock
|turn|22
|
|move|p2a: Clefable|Flamethrower|p1a: Melmetal
|-supereffective|p1a: Melmetal
|-damage|p1a: Melmetal|19/100
|move|p1a: Melmetal|Double Iron Bash|p2a: Clefable
|-supereffective|p2a: Clefable
|-damage|p2a: Clefable|0 fnt
|-hitcount|p2a: Clefable|1
|faint|p2a: Clefable
|
|upkeep
|
|switch|p2a: Hydreigon|Hydreigon, F|88/100
|-damage|p2a: Hydreigon|76/100|[from] Stealth Rock
|turn|23
|
|move|p2a: Hydreigon|Dark Pulse|p1a: Melmetal
|-damage|p1a: Melmetal|0 fnt
|faint|p1a: Melmetal
|
|-heal|p2a: Hydreigon|82/100|[from] item: Leftovers
|upkeep
|
|switch|p1a: Seismitoad|Seismitoad, M|76/100
|-damage|p1a: Seismitoad|70/100|[from] Stealth Rock
|turn|24
|
|move|p2a: Hydreigon|Substitute|p2a: Hydreigon
|-start|p2a: Hydreigon|Substitute
|-damage|p2a: Hydreigon|57/100
|move|p1a: Seismitoad|Scald|p2a: Hydreigon
|-resisted|p2a: Hydreigon
|-activate|p2a: Hydreigon|move: Substitute|[damage]
|
|-heal|p2a: Hydreigon|63/100|[from] item: Leftovers
|-heal|p1a: Seismitoad|76/100|[from] item: Leftovers
|upkeep
|turn|25
|
|move|p2a: Hydreigon|Nasty Plot|p2a: Hydreigon
|-boost|p2a: Hydreigon|spa|2
|move|p1a: Seismitoad|Scald|p2a: Hydreigon
|-resisted|p2a: Hydreigon
|-end|p2a: Hydreigon|Substitute
|
|-heal|p2a: Hydreigon|69/100|[from] item: Leftovers
|-heal|p1a: Seismitoad|82/100|[from] item: Leftovers
|upkeep
|turn|26
|
|move|p2a: Hydreigon|Substitute|p2a: Hydreigon
|-start|p2a: Hydreigon|Substitute
|-damage|p2a: Hydreigon|44/100
|move|p1a: Seismitoad|Scald|p2a: Hydreigon
|-resisted|p2a: Hydreigon
|-activate|p2a: Hydreigon|move: Substitute|[damage]
|
|-heal|p2a: Hydreigon|50/100|[from] item: Leftovers
|-heal|p1a: Seismitoad|88/100|[from] item: Leftovers
|upkeep
|turn|27
|
|move|p2a: Hydreigon|Nasty Plot|p2a: Hydreigon
|-boost|p2a: Hydreigon|spa|2
|move|p1a: Seismitoad|Scald|p2a: Hydreigon
|-resisted|p2a: Hydreigon
|-end|p2a: Hydreigon|Substitute
|
|-heal|p2a: Hydreigon|57/100|[from] item: Leftovers
|-heal|p1a: Seismitoad|94/100|[from] item: Leftovers
|upkeep
|turn|28
|
|switch|p1a: Zeraora|Zeraora|100/100
|-damage|p1a: Zeraora|88/100|[from] Stealth Rock
|move|p2a: Hydreigon|Substitute|p2a: Hydreigon
|-start|p2a: Hydreigon|Substitute
|-damage|p2a: Hydreigon|32/100
|
|-heal|p1a: Zeraora|94/100|[from] item: Leftovers
|-heal|p2a: Hydreigon|38/100|[from] item: Leftovers
|upkeep
|turn|29
|
|move|p1a: Zeraora|Drain Punch|p2a: Hydreigon
|-supereffective|p2a: Hydreigon
|-end|p2a: Hydreigon|Substitute
|-heal|p1a: Zeraora|100/100|[from] drain|[of] p2a: Hydreigon
|move|p2a: Hydreigon|Dark Pulse|p1a: Zeraora
|-damage|p1a: Zeraora|0 fnt
|faint|p1a: Zeraora
|
|-heal|p2a: Hydreigon|44/100|[from] item: Leftovers
|upkeep
|
|switch|p1a: Seismitoad|Seismitoad, M|94/100
|-damage|p1a: Seismitoad|88/100|[from] Stealth Rock
|turn|30
|
|move|p2a: Hydreigon|Dark Pulse|p1a: Seismitoad
|-damage|p1a: Seismitoad|0 fnt
|faint|p1a: Seismitoad
|
|-heal|p2a: Hydreigon|50/100|[from] item: Leftovers
|upkeep
|
|switch|p1a: Kyurem|Kyurem|100/100
|-damage|p1a: Kyurem|76/100|[from] Stealth Rock
|-ability|p1a: Kyurem|Pressure
|turn|31
|
|move|p2a: Hydreigon|Flash Cannon|p1a: Kyurem
|-supereffective|p1a: Kyurem
|-damage|p1a: Kyurem|0 fnt
|faint|p1a: Kyurem
|
|win|EvilUnknown
|raw|mamaw31180's rating: 1585 &rarr; <strong>1558</strong><br />(-27 for losing)
|raw|EvilUnknown's rating: 1407 &rarr; <strong>1437</strong><br />(+30 for winning)
|l|☆mamaw31180
