|j|☆Hgfhhfghfff
|j|☆minimax_ai
|t:|1667528464
|gametype|singles
|player|p1|Hgfhhfghfff|266|1604
|player|p2|minimax_ai|lusamine-nihilego|1588
|teamsize|p1|6
|teamsize|p2|6
|gen|8
|tier|[Gen 8] OU
|rated|
|rule|Sleep Clause Mod: Limit one foe put to sleep
|rule|Species Clause: Limit one of each Pokémon
|rule|OHKO Clause: OHKO moves are banned
|rule|Evasion Items Clause: Evasion items are banned
|rule|Evasion Moves Clause: Evasion moves are banned
|rule|Endless Battle Clause: Forcing endless battles is banned
|rule|HP Percentage Mod: HP is shown in percentages
|rule|Dynamax Clause: You cannot dynamax
|clearpoke
|poke|p1|Jirachi|
|poke|p1|Diancie|
|poke|p1|Keldeo|
|poke|p1|Haxorus, F|
|poke|p1|Rillaboom, M|
|poke|p1|Emolga, F|
|poke|p2|Rotom-Wash|
|poke|p2|Weavile, F|
|poke|p2|Landorus-Therian, M|
|poke|p2|Heatran, M|
|poke|p2|Tangrowth, F|
|poke|p2|Melmetal|
|teampreview
|c|☆minimax_ai|hf
|inactive|Battle timer is ON: inactive players will automatically lose when time's up. (requested by minimax_ai)
|
|t:|1667528471
|start
|switch|p1a: Keldeo|Keldeo|100/100
|switch|p2a: Melmetal|Melmetal|100/100
|turn|1
|
|t:|1667528477
|switch|p1a: Emolga|Emolga, F|100/100
|move|p2a: Melmetal|Thunder Punch|p1a: Emolga
|-ability|p1a: Emolga|Motor Drive|boost
|-boost|p1a: Emolga|spe|1
|
|upkeep
|turn|2
|
|t:|1667528483
|move|p1a: Emolga|Nuzzle|p2a: Melmetal
|-damage|p2a: Melmetal|98/100
|-status|p2a: Melmetal|par
|move|p2a: Melmetal|Double Iron Bash|p1a: Emolga
|-resisted|p1a: Emolga
|-damage|p1a: Emolga|77/100
|-resisted|p1a: Emolga
|-damage|p1a: Emolga|54/100
|-hitcount|p1a: Emolga|2
|
|upkeep
|turn|3
|
|t:|1667528492
|move|p1a: Emolga|Roost|p1a: Emolga
|-heal|p1a: Emolga|100/100
|-singleturn|p1a: Emolga|move: Roost
|cant|p2a: Melmetal|par
|
|upkeep
|turn|4
|
|t:|1667528495
|move|p1a: Emolga|Volt Switch|p2a: Melmetal
|-damage|p2a: Melmetal|88/100 par
|
|t:|1667528503
|switch|p1a: Keldeo|Keldeo|100/100|[from]move: Volt Switch
|move|p2a: Melmetal|Double Iron Bash|p1a: Keldeo
|-resisted|p1a: Keldeo
|-damage|p1a: Keldeo|77/100
|-resisted|p1a: Keldeo
|-damage|p1a: Keldeo|55/100
|-hitcount|p1a: Keldeo|2
|
|-heal|p1a: Keldeo|61/100|[from] item: Leftovers
|upkeep
|turn|5
|
|t:|1667528511
|switch|p1a: Emolga|Emolga, F|100/100
|move|p2a: Melmetal|Double Iron Bash|p1a: Emolga
|-resisted|p1a: Emolga
|-damage|p1a: Emolga|79/100
|-resisted|p1a: Emolga
|-damage|p1a: Emolga|58/100
|-hitcount|p1a: Emolga|2
|
|upkeep
|turn|6
|j| Pokemon Perfection
|
|t:|1667528518
|move|p1a: Emolga|Roost|p1a: Emolga
|-heal|p1a: Emolga|100/100
|-singleturn|p1a: Emolga|move: Roost
|move|p2a: Melmetal|Double Iron Bash|p1a: Emolga
|-resisted|p1a: Emolga
|-damage|p1a: Emolga|79/100
|-resisted|p1a: Emolga
|-damage|p1a: Emolga|58/100
|-hitcount|p1a: Emolga|2
|
|upkeep
|turn|7
|
|t:|1667528525
|move|p1a: Emolga|Roost|p1a: Emolga
|-heal|p1a: Emolga|100/100
|-singleturn|p1a: Emolga|move: Roost
|cant|p2a: Melmetal|par
|
|upkeep
|turn|8
|
|t:|1667528534
|move|p1a: Emolga|Nuzzle|p2a: Melmetal
|-damage|p2a: Melmetal|85/100 par
|cant|p2a: Melmetal|par
|
|upkeep
|turn|9
|
|t:|1667528539
|move|p1a: Emolga|Nuzzle|p2a: Melmetal
|-damage|p2a: Melmetal|82/100 par
|move|p2a: Melmetal|Double Iron Bash|p1a: Emolga
|-resisted|p1a: Emolga
|-damage|p1a: Emolga|78/100
|-resisted|p1a: Emolga
|-damage|p1a: Emolga|56/100
|-hitcount|p1a: Emolga|2
|
|upkeep
|turn|10
|
|t:|1667528544
|move|p1a: Emolga|Roost|p1a: Emolga
|-heal|p1a: Emolga|100/100
|-singleturn|p1a: Emolga|move: Roost
|move|p2a: Melmetal|Double Iron Bash|p1a: Emolga
|-resisted|p1a: Emolga
|-damage|p1a: Emolga|80/100
|-resisted|p1a: Emolga
|-damage|p1a: Emolga|58/100
|-hitcount|p1a: Emolga|2
|
|upkeep
|turn|11
|
|t:|1667528548
|move|p1a: Emolga|Roost|p1a: Emolga
|-heal|p1a: Emolga|100/100
|-singleturn|p1a: Emolga|move: Roost
|cant|p2a: Melmetal|par
|
|upkeep
|turn|12
|
|t:|1667528554
|move|p1a: Emolga|Nuzzle|p2a: Melmetal
|-damage|p2a: Melmetal|79/100 par
|move|p2a: Melmetal|Double Iron Bash|p1a: Emolga
|-resisted|p1a: Emolga
|-damage|p1a: Emolga|79/100
|-resisted|p1a: Emolga
|-damage|p1a: Emolga|58/100
|-hitcount|p1a: Emolga|2
|
|upkeep
|turn|13
|
|t:|1667528559
|move|p1a: Emolga|Roost|p1a: Emolga
|-heal|p1a: Emolga|100/100
|-singleturn|p1a: Emolga|move: Roost
|cant|p2a: Melmetal|par
|
|upkeep
|turn|14
|inactive|Hgfhhfghfff has 120 seconds left.
|inactive|Hgfhhfghfff has 90 seconds left.
|
|t:|1667528629
|move|p1a: Emolga|Nuzzle|p2a: Melmetal
|-damage|p2a: Melmetal|76/100 par
|move|p2a: Melmetal|Double Iron Bash|p1a: Emolga
|-resisted|p1a: Emolga
|-crit|p1a: Emolga
|-damage|p1a: Emolga|67/100
|-resisted|p1a: Emolga
|-damage|p1a: Emolga|47/100
|-hitcount|p1a: Emolga|2
|
|upkeep
|turn|15
|inactive|Hgfhhfghfff has 90 seconds left.
|
|t:|1667528635
|move|p1a: Emolga|Roost|p1a: Emolga
|-heal|p1a: Emolga|97/100
|-singleturn|p1a: Emolga|move: Roost
|move|p2a: Melmetal|Ice Punch|p1a: Emolga
|-crit|p1a: Emolga
|-damage|p1a: Emolga|45/100
|
|upkeep
|turn|16
|
|t:|1667528643
|move|p1a: Emolga|Roost|p1a: Emolga
|-heal|p1a: Emolga|95/100
|-singleturn|p1a: Emolga|move: Roost
|move|p2a: Melmetal|Ice Punch|p1a: Emolga
|-damage|p1a: Emolga|59/100
|
|upkeep
|turn|17
|
|t:|1667528651
|move|p1a: Emolga|Volt Switch|p2a: Melmetal
|-damage|p2a: Melmetal|67/100 par
|
|t:|1667528656
|switch|p1a: Jirachi|Jirachi|100/100|[from]move: Volt Switch
|move|p2a: Melmetal|Ice Punch|p1a: Jirachi
|-resisted|p1a: Jirachi
|-damage|p1a: Jirachi|86/100
|
|-heal|p1a: Jirachi|92/100|[from] item: Leftovers
|upkeep
|turn|18
|
|t:|1667528663
|move|p1a: Jirachi|Stealth Rock|p2a: Melmetal
|-sidestart|p2: minimax_ai|move: Stealth Rock
|move|p2a: Melmetal|Thunder Punch|p1a: Jirachi
|-damage|p1a: Jirachi|62/100
|-status|p1a: Jirachi|par
|
|-heal|p1a: Jirachi|68/100 par|[from] item: Leftovers
|upkeep
|turn|19
|
|t:|1667528669
|move|p1a: Jirachi|Iron Head|p2a: Melmetal
|-resisted|p2a: Melmetal
|-damage|p2a: Melmetal|58/100 par
|cant|p2a: Melmetal|flinch
|
|-heal|p1a: Jirachi|74/100 par|[from] item: Leftovers
|upkeep
|turn|20
|inactive|Hgfhhfghfff has 120 seconds left.
|
|t:|1667528674
|move|p1a: Jirachi|Iron Head|p2a: Melmetal
|-resisted|p2a: Melmetal
|-damage|p2a: Melmetal|51/100 par
|cant|p2a: Melmetal|flinch
|
|-heal|p1a: Jirachi|80/100 par|[from] item: Leftovers
|upkeep
|turn|21
|
|t:|1667528679
|move|p1a: Jirachi|Iron Head|p2a: Melmetal
|-resisted|p2a: Melmetal
|-damage|p2a: Melmetal|42/100 par
|move|p2a: Melmetal|Ice Punch|p1a: Jirachi
|-resisted|p1a: Jirachi
|-damage|p1a: Jirachi|66/100 par
|
|-heal|p1a: Jirachi|72/100 par|[from] item: Leftovers
|upkeep
|turn|22
|
|t:|1667528682
|move|p1a: Jirachi|Iron Head|p2a: Melmetal
|-resisted|p2a: Melmetal
|-crit|p2a: Melmetal
|-damage|p2a: Melmetal|31/100 par
|cant|p2a: Melmetal|par
|
|-heal|p1a: Jirachi|78/100 par|[from] item: Leftovers
|upkeep
|turn|23
|
|t:|1667528686
|move|p1a: Jirachi|Iron Head|p2a: Melmetal
|-resisted|p2a: Melmetal
|-damage|p2a: Melmetal|24/100 par
|cant|p2a: Melmetal|flinch
|
|-heal|p1a: Jirachi|84/100 par|[from] item: Leftovers
|upkeep
|turn|24
|
|t:|1667528692
|move|p1a: Jirachi|Iron Head|p2a: Melmetal
|-resisted|p2a: Melmetal
|-damage|p2a: Melmetal|16/100 par
|cant|p2a: Melmetal|flinch
|
|-heal|p1a: Jirachi|90/100 par|[from] item: Leftovers
|upkeep
|turn|25
|
|t:|1667528697
|move|p1a: Jirachi|Iron Head|p2a: Melmetal
|-resisted|p2a: Melmetal
|-damage|p2a: Melmetal|9/100 par
|cant|p2a: Melmetal|flinch
|
|-heal|p1a: Jirachi|96/100 par|[from] item: Leftovers
|upkeep
|turn|26
|
|t:|1667528700
|move|p1a: Jirachi|Iron Head|p2a: Melmetal
|-resisted|p2a: Melmetal
|-damage|p2a: Melmetal|1/100 par
|cant|p2a: Melmetal|flinch
|
|-heal|p1a: Jirachi|100/100 par|[from] item: Leftovers
|upkeep
|turn|27
|
|t:|1667528704
|move|p1a: Jirachi|U-turn|p2a: Melmetal
|-resisted|p2a: Melmetal
|-damage|p2a: Melmetal|0 fnt
|faint|p2a: Melmetal
|
|t:|1667528711
|switch|p1a: Keldeo|Keldeo|61/100|[from]move: U-turn
|
|-heal|p1a: Keldeo|67/100|[from] item: Leftovers
|upkeep
|
|t:|1667528711
|switch|p2a: Tangrowth|Tangrowth, F|100/100
|-damage|p2a: Tangrowth|88/100|[from] Stealth Rock
|turn|28
|
|t:|1667528719
|switch|p1a: Emolga|Emolga, F|59/100
|move|p2a: Tangrowth|Giga Drain|p1a: Emolga
|-resisted|p1a: Emolga
|-damage|p1a: Emolga|37/100
|-heal|p2a: Tangrowth|97/100|[from] drain|[of] p1a: Emolga
|
|upkeep
|turn|29
|
|t:|1667528725
|move|p1a: Emolga|Nuzzle|p2a: Tangrowth
|-resisted|p2a: Tangrowth
|-damage|p2a: Tangrowth|95/100
|-status|p2a: Tangrowth|par
|-damage|p1a: Emolga|21/100|[from] item: Rocky Helmet|[of] p2a: Tangrowth
|cant|p2a: Tangrowth|par
|
|upkeep
|turn|30
|
|t:|1667528728
|move|p1a: Emolga|Roost|p1a: Emolga
|-heal|p1a: Emolga|71/100
|-singleturn|p1a: Emolga|move: Roost
|move|p2a: Tangrowth|Knock Off|p1a: Emolga
|-damage|p1a: Emolga|44/100
|-enditem|p1a: Emolga|Heavy-Duty Boots|[from] move: Knock Off|[of] p2a: Tangrowth
|
|upkeep
|turn|31
|
|t:|1667528735
|switch|p2a: landorustherian|Landorus-Therian, M|100/100
|-damage|p2a: landorustherian|88/100|[from] Stealth Rock
|-ability|p2a: landorustherian|Intimidate|boost
|-unboost|p1a: Emolga|atk|1
|move|p1a: Emolga|Roost|p1a: Emolga
|-heal|p1a: Emolga|94/100
|-singleturn|p1a: Emolga|move: Roost
|
|-heal|p2a: landorustherian|94/100|[from] item: Leftovers
|upkeep
|turn|32
|
|t:|1667528738
|move|p1a: Emolga|Nuzzle|p2a: landorustherian
|-immune|p2a: landorustherian
|move|p2a: landorustherian|Toxic|p1a: Emolga|[miss]
|-miss|p2a: landorustherian|p1a: Emolga
|
|-heal|p2a: landorustherian|99/100|[from] item: Leftovers
|upkeep
|turn|33
|
|t:|1667528747
|switch|p1a: Jirachi|Jirachi|100/100 par
|move|p2a: landorustherian|Toxic||[still]
|-fail|p2a: landorustherian
|
|-heal|p2a: landorustherian|100/100|[from] item: Leftovers
|upkeep
|turn|34
|
|t:|1667528753
|switch|p1a: Rillaboom|Rillaboom, M|100/100
|-fieldstart|move: Grassy Terrain|[from] ability: Grassy Surge|[of] p1a: Rillaboom
|move|p2a: landorustherian|Defog|p1a: Rillaboom
|-unboost|p1a: Rillaboom|evasion|1
|-sideend|p2: minimax_ai|Stealth Rock|[from] move: Defog|[of] p2a: landorustherian
|-fieldend|move: Grassy Terrain
|
|upkeep
|turn|35
|
|t:|1667528762
|move|p1a: Rillaboom|Knock Off|p2a: landorustherian
|-damage|p2a: landorustherian|68/100
|-enditem|p2a: landorustherian|Leftovers|[from] move: Knock Off|[of] p1a: Rillaboom
|move|p2a: landorustherian|U-turn|p1a: Rillaboom
|-supereffective|p1a: Rillaboom
|-damage|p1a: Rillaboom|52/100
|
|t:|1667528762
|switch|p2a: Weavile|Weavile, F|100/100|[from]move: U-turn
|-ability|p2a: Weavile|Pressure
|
|upkeep
|turn|36
|
|t:|1667528775
|switch|p1a: Emolga|Emolga, F|94/100
|move|p2a: Weavile|Triple Axel|p1a: Emolga
|-supereffective|p1a: Emolga
|-damage|p1a: Emolga|62/100
|-supereffective|p1a: Emolga
|-damage|p1a: Emolga|0 fnt
|faint|p1a: Emolga
|-hitcount|p1: Emolga|2
|
|upkeep
|
|t:|1667528783
|switch|p1a: Rillaboom|Rillaboom, M|52/100
|-fieldstart|move: Grassy Terrain|[from] ability: Grassy Surge|[of] p1a: Rillaboom
|turn|37
|
|t:|1667528786
|switch|p2a: Tangrowth|Tangrowth, F|100/100 par
|move|p1a: Rillaboom|U-turn|p2a: Tangrowth
|-supereffective|p2a: Tangrowth
|-damage|p2a: Tangrowth|72/100 par
|-damage|p1a: Rillaboom|35/100|[from] item: Rocky Helmet|[of] p2a: Tangrowth
|
|t:|1667528790
|switch|p1a: Haxorus|Haxorus, F|100/100|[from]move: U-turn
|-ability|p1a: Haxorus|Mold Breaker
|
|-heal|p2a: Tangrowth|78/100 par|[from] Grassy Terrain
|upkeep
|turn|38
|
|t:|1667528793
|switch|p2a: landorustherian|Landorus-Therian, M|68/100
|-ability|p2a: landorustherian|Intimidate|boost
|-unboost|p1a: Haxorus|atk|1
|move|p1a: Haxorus|Swords Dance|p1a: Haxorus
|-boost|p1a: Haxorus|atk|2
|
|upkeep
|turn|39
|
|t:|1667528799
|move|p1a: Haxorus|Swords Dance|p1a: Haxorus
|-boost|p1a: Haxorus|atk|2
|move|p2a: landorustherian|U-turn|p1a: Haxorus
|-damage|p1a: Haxorus|73/100
|
|t:|1667528799
|switch|p2a: Weavile|Weavile, F|100/100|[from]move: U-turn
|-ability|p2a: Weavile|Pressure
|
|-heal|p1a: Haxorus|79/100|[from] Grassy Terrain
|upkeep
|turn|40
|
|t:|1667528808
|move|p2a: Weavile|Triple Axel|p1a: Haxorus
|-supereffective|p1a: Haxorus
|-damage|p1a: Haxorus|44/100
|-supereffective|p1a: Haxorus
|-damage|p1a: Haxorus|0 fnt
|faint|p1a: Haxorus
|-hitcount|p1: Haxorus|2
|
|upkeep
|-message|Hgfhhfghfff forfeited.
|
|win|minimax_ai
|raw|Hgfhhfghfff's rating: 1604 &rarr; <strong>1583</strong><br />(-21 for losing)
|raw|minimax_ai's rating: 1588 &rarr; <strong>1609</strong><br />(+21 for winning)
|c|☆minimax_ai|gg
|l|☆Hgfhhfghfff
