|j|☆ChandosH
|j|☆beeyouyou
|t:|1667962827
|gametype|singles
|player|p1|ChandosH|n-masters|1712
|player|p2|beeyouyou|170|1673
|teamsize|p1|6
|teamsize|p2|6
|gen|8
|tier|[Gen 8] OU
|rated|
|rule|Sleep Clause Mod: Limit one foe put to sleep
|rule|Species Clause: Limit one of each Pokémon
|rule|OHKO Clause: OHKO moves are banned
|rule|Evasion Items Clause: Evasion items are banned
|rule|Evasion Moves Clause: Evasion moves are banned
|rule|Endless Battle Clause: Forcing endless battles is banned
|rule|HP Percentage Mod: HP is shown in percentages
|rule|Dynamax Clause: You cannot dynamax
|clearpoke
|poke|p1|Tyranitar, F|
|poke|p1|Excadrill, F|
|poke|p1|Slowbro, M|
|poke|p1|Tornadus-Therian, M|
|poke|p1|Buzzwole|
|poke|p1|Heatran, F|
|poke|p2|Hatterene, F|
|poke|p2|Slowbro, M|
|poke|p2|Torkoal, F|
|poke|p2|Porygon2|
|poke|p2|Tapu Bulu|
|poke|p2|Golurk|
|teampreview
|inactive|Battle timer is ON: inactive players will automatically lose when time's up. (requested by beeyouyou)
|
|t:|1667962851
|start
|switch|p1a: Tyranitar|Tyranitar, F|100/100
|switch|p2a: Zzzzzzz|Slowbro, M|100/100
|-weather|Sandstorm|[from] ability: Sand Stream|[of] p1a: Tyranitar
|turn|1
|
|t:|1667962858
|move|p1a: Tyranitar|Crunch|p2a: Zzzzzzz
|-supereffective|p2a: Zzzzzzz
|-damage|p2a: Zzzzzzz|18/100
|-damage|p1a: Tyranitar|84/100|[from] item: Rocky Helmet|[of] p2a: Zzzzzzz
|move|p2a: Zzzzzzz|Body Press|p1a: Tyranitar
|-supereffective|p1a: Tyranitar
|-damage|p1a: Tyranitar|0 fnt
|faint|p1a: Tyranitar
|
|-weather|Sandstorm|[upkeep]
|-damage|p2a: Zzzzzzz|12/100|[from] Sandstorm
|upkeep
|
|t:|1667962867
|switch|p1a: Tornadus|Tornadus-Therian, M|100/100
|turn|2
|
|t:|1667962874
|switch|p2a: What am I?|Hatterene, F, shiny|100/100
|move|p1a: Tornadus|U-turn|p2a: What am I?
|-damage|p2a: What am I?|83/100
|
|t:|1667962881
|switch|p1a: Excadrill|Excadrill, F|100/100|[from]move: U-turn
|
|-weather|Sandstorm|[upkeep]
|-damage|p2a: What am I?|77/100|[from] Sandstorm
|upkeep
|turn|3
|
|t:|1667962897
|switch|p2a: Polygon|Porygon2, shiny|100/100
|-ability|p2a: Polygon|Sand Rush|[from] ability: Trace|[of] p1a: Excadrill
|move|p1a: Excadrill|Swords Dance|p1a: Excadrill
|-boost|p1a: Excadrill|atk|2
|
|-weather|Sandstorm|[upkeep]
|upkeep
|turn|4
|
|t:|1667962904
|move|p1a: Excadrill|Iron Head|p2a: Polygon
|-damage|p2a: Polygon|41/100
|move|p2a: Polygon|Trick Room|p2a: Polygon
|-fieldstart|move: Trick Room|[of] p2a: Polygon
|
|-weather|Sandstorm|[upkeep]
|upkeep
|turn|5
|
|t:|1667962912
|switch|p2a: What am I?|Hatterene, F, shiny|77/100
|move|p1a: Excadrill|Earthquake|p2a: What am I?
|-damage|p2a: What am I?|0 fnt
|faint|p2a: What am I?
|
|-weather|none
|upkeep
|
|t:|1667962920
|switch|p2a: Golurk|Golurk|100/100
|turn|6
|
|t:|1667962933
|switch|p1a: Buzzwole|Buzzwole|100/100
|move|p2a: Golurk|Poltergeist|p1a: Buzzwole
|-activate|p1a: Buzzwole|move: Poltergeist|Rocky Helmet
|-damage|p1a: Buzzwole|62/100
|-damage|p2a: Golurk|91/100|[from] item: Life Orb
|
|upkeep
|turn|7
|
|t:|1667962941
|switch|p2a: Ye|Torkoal, F, shiny|100/100
|-weather|SunnyDay|[from] ability: Drought|[of] p2a: Ye
|move|p1a: Buzzwole|Roost|p1a: Buzzwole
|-heal|p1a: Buzzwole|100/100
|-singleturn|p1a: Buzzwole|move: Roost
|
|-weather|SunnyDay|[upkeep]
|upkeep
|turn|8
|
|t:|1667962948
|switch|p1a: Heatran|Heatran, F|100/100
|move|p2a: Ye|Body Press|p1a: Heatran
|-supereffective|p1a: Heatran
|-damage|p1a: Heatran|39/100
|
|-weather|SunnyDay|[upkeep]
|-heal|p1a: Heatran|45/100|[from] item: Leftovers
|-fieldend|move: Trick Room
|upkeep
|turn|9
|
|t:|1667962965
|switch|p2a: Polygon|Porygon2, shiny|41/100
|-ability|p2a: Polygon|Flash Fire|[from] ability: Trace|[of] p1a: Heatran
|move|p1a: Heatran|Stealth Rock|p2a: Polygon
|-sidestart|p2: beeyouyou|move: Stealth Rock
|
|-weather|SunnyDay|[upkeep]
|-heal|p1a: Heatran|51/100|[from] item: Leftovers
|upkeep
|turn|10
|
|t:|1667962969
|move|p1a: Heatran|Taunt|p2a: Polygon
|-start|p2a: Polygon|move: Taunt
|cant|p2a: Polygon|move: Taunt|Trick Room
|
|-weather|SunnyDay|[upkeep]
|-heal|p1a: Heatran|57/100|[from] item: Leftovers
|upkeep
|turn|11
|
|t:|1667962977
|switch|p2a: Golurk|Golurk|91/100
|-damage|p2a: Golurk|85/100|[from] Stealth Rock
|move|p1a: Heatran|Magma Storm|p2a: Golurk
|-damage|p2a: Golurk|4/100
|-activate|p2a: Golurk|move: Magma Storm|[of] p1a: Heatran
|
|-weather|none
|-heal|p1a: Heatran|63/100|[from] item: Leftovers
|-damage|p2a: Golurk|0 fnt|[from] move: Magma Storm|[partiallytrapped]
|faint|p2a: Golurk
|upkeep
|
|t:|1667962985
|switch|p2a: Polygon|Porygon2, shiny|41/100
|-damage|p2a: Polygon|29/100|[from] Stealth Rock
|-ability|p2a: Polygon|Flash Fire|[from] ability: Trace|[of] p1a: Heatran
|turn|12
|
|t:|1667962993
|switch|p2a: Zzzzzzz|Slowbro, M|45/100
|-damage|p2a: Zzzzzzz|33/100|[from] Stealth Rock
|move|p1a: Heatran|Taunt|p2a: Zzzzzzz
|-start|p2a: Zzzzzzz|move: Taunt
|
|-heal|p1a: Heatran|70/100|[from] item: Leftovers
|upkeep
|turn|13
|
|t:|1667962998
|switch|p2a: Polygon|Porygon2, shiny|29/100
|-damage|p2a: Polygon|16/100|[from] Stealth Rock
|-ability|p2a: Polygon|Flash Fire|[from] ability: Trace|[of] p1a: Heatran
|move|p1a: Heatran|Earth Power|p2a: Polygon
|-damage|p2a: Polygon|1/100
|
|-heal|p1a: Heatran|76/100|[from] item: Leftovers
|upkeep
|turn|14
|
|t:|1667963004
|move|p1a: Heatran|Earth Power|p2a: Polygon
|-crit|p2a: Polygon
|-damage|p2a: Polygon|0 fnt
|faint|p2a: Polygon
|
|-heal|p1a: Heatran|82/100|[from] item: Leftovers
|upkeep
|
|t:|1667963006
|switch|p2a: Zzzzzzz|Slowbro, M|66/100
|-damage|p2a: Zzzzzzz|54/100|[from] Stealth Rock
|turn|15
|
|t:|1667963015
|move|p1a: Heatran|Taunt|p2a: Zzzzzzz
|-start|p2a: Zzzzzzz|move: Taunt
|move|p2a: Zzzzzzz|Body Press|p1a: Heatran
|-supereffective|p1a: Heatran
|-damage|p1a: Heatran|31/100
|
|-heal|p1a: Heatran|37/100|[from] item: Leftovers
|upkeep
|turn|16
|j| MiniLarry
|
|t:|1667963030
|switch|p1a: Slowbro|Slowbro, M|100/100
|move|p2a: Zzzzzzz|Body Press|p1a: Slowbro
|-resisted|p1a: Slowbro
|-damage|p1a: Slowbro|93/100
|-damage|p2a: Zzzzzzz|37/100|[from] item: Rocky Helmet|[of] p1a: Slowbro
|
|upkeep
|turn|17
|
|t:|1667963035
|switch|p2a: I got a hat|Tapu Bulu, shiny|100/100
|-damage|p2a: I got a hat|88/100|[from] Stealth Rock
|-fieldstart|move: Grassy Terrain|[from] ability: Grassy Surge|[of] p2a: I got a hat
|move|p1a: Slowbro|Teleport|p1a: Slowbro
|
|t:|1667963044
|switch|p1a: Heatran|Heatran, F|37/100|[from]move: Teleport
|
|-heal|p1a: Heatran|44/100|[from] Grassy Terrain
|-heal|p1a: Heatran|50/100|[from] item: Leftovers
|-heal|p2a: I got a hat|94/100|[from] Grassy Terrain
|-heal|p2a: I got a hat|100/100|[from] item: Leftovers
|upkeep
|turn|18
|
|t:|1667963054
|move|p1a: Heatran|Magma Storm|p2a: I got a hat
|-supereffective|p2a: I got a hat
|-damage|p2a: I got a hat|0 fnt
|faint|p2a: I got a hat
|
|-heal|p1a: Heatran|56/100|[from] Grassy Terrain
|-heal|p1a: Heatran|62/100|[from] item: Leftovers
|upkeep
|
|t:|1667963056
|switch|p2a: Zzzzzzz|Slowbro, M|71/100
|-damage|p2a: Zzzzzzz|58/100|[from] Stealth Rock
|turn|19
|
|t:|1667963064
|move|p1a: Heatran|Taunt|p2a: Zzzzzzz
|-start|p2a: Zzzzzzz|move: Taunt
|move|p2a: Zzzzzzz|Body Press|p1a: Heatran
|-supereffective|p1a: Heatran
|-damage|p1a: Heatran|6/100
|
|-heal|p1a: Heatran|13/100|[from] Grassy Terrain
|-heal|p1a: Heatran|19/100|[from] item: Leftovers
|-heal|p2a: Zzzzzzz|64/100|[from] Grassy Terrain
|upkeep
|turn|20
|
|t:|1667963073
|move|p1a: Heatran|Earth Power|p2a: Zzzzzzz
|-damage|p2a: Zzzzzzz|34/100
|move|p2a: Zzzzzzz|Future Sight|p1a: Heatran
|-start|p2a: Zzzzzzz|move: Future Sight
|
|-heal|p1a: Heatran|25/100|[from] Grassy Terrain
|-heal|p1a: Heatran|31/100|[from] item: Leftovers
|-heal|p2a: Zzzzzzz|40/100|[from] Grassy Terrain
|upkeep
|turn|21
|
|t:|1667963087
|move|p1a: Heatran|Earth Power|p2a: Zzzzzzz
|-damage|p2a: Zzzzzzz|8/100
|move|p2a: Zzzzzzz|Body Press|p1a: Heatran
|-supereffective|p1a: Heatran
|-damage|p1a: Heatran|0 fnt
|faint|p1a: Heatran
|
|-heal|p2a: Zzzzzzz|14/100|[from] Grassy Terrain
|-end|p2a: Zzzzzzz|move: Taunt
|-fieldend|move: Grassy Terrain
|upkeep
|
|t:|1667963092
|switch|p1a: Excadrill|Excadrill, F|100/100
|turn|22
|
|t:|1667963097
|move|p1a: Excadrill|Earthquake|p2a: Zzzzzzz
|-damage|p2a: Zzzzzzz|0 fnt
|faint|p2a: Zzzzzzz
|
|-end|p1a: Excadrill|move: Future Sight
|-resisted|p1a: Excadrill
|-damage|p1a: Excadrill|72/100
|-heal|p1a: Excadrill|78/100|[from] item: Leftovers
|upkeep
|-message|beeyouyou forfeited.
|
|win|ChandosH
|raw|ChandosH's rating: 1712 &rarr; <strong>1730</strong><br />(+18 for winning)
|raw|beeyouyou's rating: 1673 &rarr; <strong>1655</strong><br />(-18 for losing)
|l|☆beeyouyou
