|html|<div class="broadcast-blue"><strong>[Gen 8] OU is currently suspecting Melmetal! For information on how to participate check out the <a href="https://www.smogon.com/forums/threads/np-ss-ou-suspect-process-round-12-monster-mash.3709234/">suspect thread</a>.</strong></div>
|j|☆RggV
|j|☆Iznamakin
|t:|1665927588
|gametype|singles
|player|p1|RggV|1|1703
|player|p2|Iznamakin|chase|1732
|teamsize|p1|6
|teamsize|p2|6
|gen|8
|tier|[Gen 8] OU
|rated|
|rule|Sleep Clause Mod: Limit one foe put to sleep
|rule|Species Clause: Limit one of each Pokémon
|rule|OHKO Clause: OHKO moves are banned
|rule|Evasion Items Clause: Evasion items are banned
|rule|Evasion Moves Clause: Evasion moves are banned
|rule|Endless Battle Clause: Forcing endless battles is banned
|rule|HP Percentage Mod: HP is shown in percentages
|rule|Dynamax Clause: You cannot dynamax
|clearpoke
|poke|p1|Unfezant, M|
|poke|p1|Magnezone|
|poke|p1|Tapu Fini|
|poke|p1|Dragapult, F|
|poke|p1|Landorus-Therian, M|
|poke|p1|Weavile, F|
|poke|p2|Weavile, M|
|poke|p2|Garchomp, M|
|poke|p2|Kartana|
|poke|p2|Dragapult, F|
|poke|p2|Landorus-Therian, M|
|poke|p2|Melmetal|
|teampreview
|c|☆Iznamakin|glhf bro
|j| Kyurem
|j| Youressi
|j| avatar wan's bae
|c|☆RggV|glhf my man
|c|☆Iznamakin|was unfezant a request ?
|c|☆RggV|yep
|
|t:|1665927635
|start
|switch|p1a: Weavile|Weavile, F|100/100
|switch|p2a: Shelby|Weavile, M, shiny|100/100
|-ability|p1a: Weavile|Pressure
|-ability|p2a: Shelby|Pressure
|turn|1
|j| A Nub UwU
|
|t:|1665927657
|switch|p1a: Tapu Fini|Tapu Fini, shiny|100/100
|-fieldstart|move: Misty Terrain|[from] ability: Misty Surge|[of] p1a: Tapu Fini
|switch|p2a: Terminator|Melmetal, shiny|100/100
|
|upkeep
|turn|2
|
|t:|1665927672
|switch|p2a: El Professor|Landorus-Therian, M, shiny|100/100
|-ability|p2a: El Professor|Intimidate|boost
|-unboost|p1a: Tapu Fini|atk|1
|move|p1a: Tapu Fini|Trick|p2a: El Professor
|-activate|p1a: Tapu Fini|move: Trick|[of] p2a: El Professor
|-item|p2a: El Professor|Choice Scarf|[from] move: Trick
|-item|p1a: Tapu Fini|Rocky Helmet|[from] move: Trick
|
|upkeep
|turn|3
|j| GalarianN00b3
|
|t:|1665927679
|move|p2a: El Professor|Stealth Rock|p1a: Tapu Fini
|-sidestart|p1: RggV|move: Stealth Rock
|move|p1a: Tapu Fini|Scald|p2a: El Professor
|-supereffective|p2a: El Professor
|-damage|p2a: El Professor|38/100
|
|upkeep
|turn|4
|
|t:|1665927684
|switch|p2a: Terminator|Melmetal, shiny|100/100
|move|p1a: Tapu Fini|Defog|p2a: Terminator
|-unboost|p2a: Terminator|evasion|1
|-sideend|p1: RggV|Stealth Rock|[from] move: Defog|[of] p1a: Tapu Fini
|-fieldend|Misty Terrain
|
|upkeep
|turn|5
|
|t:|1665927688
|switch|p1a: Enten|Landorus-Therian, M, shiny|100/100
|-ability|p1a: Enten|Intimidate|boost
|-unboost|p2a: Terminator|atk|1
|move|p2a: Terminator|Thunder Punch|p1a: Enten
|-immune|p1a: Enten
|
|upkeep
|turn|6
|
|t:|1665927693
|switch|p2a: El Professor|Landorus-Therian, M, shiny|38/100
|-ability|p2a: El Professor|Intimidate|boost
|-unboost|p1a: Enten|atk|1
|move|p1a: Enten|U-turn|p2a: El Professor
|-resisted|p2a: El Professor
|-damage|p2a: El Professor|32/100
|j| zhuzi
|
|t:|1665927696
|switch|p1a: Weavile|Weavile, F|100/100|[from]move: U-turn
|-ability|p1a: Weavile|Pressure
|
|upkeep
|turn|7
|
|t:|1665927701
|switch|p2a: Terminator|Melmetal, shiny|100/100
|move|p1a: Weavile|Beat Up|p2a: Terminator
|-crit|p2a: Terminator
|-damage|p2a: Terminator|88/100
|-damage|p2a: Terminator|83/100
|-crit|p2a: Terminator
|-damage|p2a: Terminator|69/100
|-damage|p2a: Terminator|60/100
|-damage|p2a: Terminator|54/100
|-damage|p2a: Terminator|47/100
|-hitcount|p2a: Terminator|6
|
|upkeep
|turn|8
|
|t:|1665927708
|move|p1a: Weavile|Beat Up|p2a: Terminator
|-damage|p2a: Terminator|39/100
|-damage|p2a: Terminator|33/100
|-damage|p2a: Terminator|25/100
|-damage|p2a: Terminator|17/100
|-damage|p2a: Terminator|12/100
|-damage|p2a: Terminator|4/100
|-hitcount|p2a: Terminator|6
|move|p2a: Terminator|Earthquake|p1a: Weavile
|-damage|p1a: Weavile|32/100
|
|upkeep
|turn|9
|
|t:|1665927712
|switch|p2a: El Professor|Landorus-Therian, M, shiny|32/100
|-ability|p2a: El Professor|Intimidate|boost
|-unboost|p1a: Weavile|atk|1
|move|p1a: Weavile|Beat Up|p2a: El Professor
|-damage|p2a: El Professor|27/100
|-damage|p2a: El Professor|22/100
|-crit|p2a: El Professor
|-damage|p2a: El Professor|8/100
|-damage|p2a: El Professor|2/100
|-damage|p2a: El Professor|0 fnt
|faint|p2a: El Professor
|-hitcount|p2: El Professor|5
|
|upkeep
|
|t:|1665927714
|switch|p2a: Shelby|Weavile, M, shiny|100/100
|-ability|p2a: Shelby|Pressure
|turn|10
|
|t:|1665927717
|switch|p1a: Tapu Fini|Tapu Fini, shiny|100/100
|-fieldstart|move: Misty Terrain|[from] ability: Misty Surge|[of] p1a: Tapu Fini
|move|p2a: Shelby|Knock Off|p1a: Tapu Fini
|-resisted|p1a: Tapu Fini
|-damage|p1a: Tapu Fini|61/100
|-damage|p2a: Shelby|84/100|[from] item: Rocky Helmet|[of] p1a: Tapu Fini
|-enditem|p1a: Tapu Fini|Rocky Helmet|[from] move: Knock Off|[of] p2a: Shelby
|
|upkeep
|turn|11
|
|t:|1665927723
|switch|p2a: Terminator|Melmetal, shiny|4/100
|move|p1a: Tapu Fini|Moonblast|p2a: Terminator
|-resisted|p2a: Terminator
|-damage|p2a: Terminator|0 fnt
|faint|p2a: Terminator
|
|upkeep
|
|t:|1665927729
|switch|p2a: Escobar|Kartana, shiny|100/100
|turn|12
|
|t:|1665927732
|switch|p2a: Reddington|Dragapult, F, shiny|100/100
|switch|p1a: Enten|Landorus-Therian, M, shiny|100/100
|-ability|p1a: Enten|Intimidate|boost
|-unboost|p2a: Reddington|atk|1
|
|upkeep
|turn|13
|
|t:|1665927736
|move|p2a: Reddington|Shadow Ball|p1a: Enten
|-damage|p1a: Enten|56/100
|-unboost|p1a: Enten|spd|1
|move|p1a: Enten|Knock Off|p2a: Reddington
|-supereffective|p2a: Reddington
|-damage|p2a: Reddington|24/100
|-enditem|p2a: Reddington|Choice Specs|[from] move: Knock Off|[of] p1a: Enten
|
|-heal|p1a: Enten|62/100|[from] item: Leftovers
|upkeep
|turn|14
|j| games2006
|
|t:|1665927747
|switch|p1a: Tapu Fini|Tapu Fini, shiny|61/100
|move|p2a: Reddington|Shadow Ball|p1a: Tapu Fini
|-damage|p1a: Tapu Fini|24/100
|
|-fieldend|Misty Terrain
|upkeep
|turn|15
|j| FerZs
|
|t:|1665927754
|move|p2a: Reddington|Shadow Ball|p1a: Tapu Fini
|-damage|p1a: Tapu Fini|0 fnt
|faint|p1a: Tapu Fini
|
|upkeep
|
|t:|1665927756
|switch|p1a: Weavile|Weavile, F|32/100
|-ability|p1a: Weavile|Pressure
|turn|16
|
|t:|1665927759
|switch|p2a: Escobar|Kartana, shiny|100/100
|move|p1a: Weavile|Ice Shard|p2a: Escobar
|-damage|p2a: Escobar|67/100
|
|upkeep
|turn|17
|
|t:|1665927767
|switch|p2a: Reddington|Dragapult, F, shiny|24/100
|switch|p1a: Enten|Landorus-Therian, M, shiny|62/100
|-ability|p1a: Enten|Intimidate|boost
|-unboost|p2a: Reddington|atk|1
|
|-heal|p1a: Enten|68/100|[from] item: Leftovers
|upkeep
|turn|18
|
|t:|1665927776
|move|p2a: Reddington|Draco Meteor|p1a: Enten
|-damage|p1a: Enten|20/100
|-unboost|p2a: Reddington|spa|2
|move|p1a: Enten|Earthquake|p2a: Reddington
|-damage|p2a: Reddington|0 fnt
|faint|p2a: Reddington
|
|-heal|p1a: Enten|26/100|[from] item: Leftovers
|upkeep
|
|t:|1665927783
|switch|p2a: Shelby|Weavile, M, shiny|84/100
|-ability|p2a: Shelby|Pressure
|turn|19
|j| fork gaming
|
|t:|1665927793
|move|p2a: Shelby|Knock Off|p1a: Enten
|-damage|p1a: Enten|0 fnt
|-enditem|p1a: Enten|Leftovers|[from] move: Knock Off|[of] p2a: Shelby
|faint|p1a: Enten
|
|upkeep
|
|t:|1665927796
|switch|p1a: Dragapult|Dragapult, F|100/100
|turn|20
|
|t:|1665927803
|move|p1a: Dragapult|Draco Meteor|p2a: Shelby
|-damage|p2a: Shelby|0 fnt
|-unboost|p1a: Dragapult|spa|2
|faint|p2a: Shelby
|
|upkeep
|
|t:|1665927808
|switch|p2a: Escobar|Kartana, shiny|67/100
|turn|21
|
|t:|1665927819
|switch|p1a: Unfezant|Unfezant, M|100/100
|move|p2a: Escobar|Knock Off|p1a: Unfezant
|-damage|p1a: Unfezant|49/100
|-enditem|p1a: Unfezant|Scope Lens|[from] move: Knock Off|[of] p2a: Escobar
|
|upkeep
|turn|22
|
|t:|1665927823
|switch|p2a: Lucifer|Garchomp, M, shiny|100/100
|move|p1a: Unfezant|Agility|p1a: Unfezant
|-boost|p1a: Unfezant|spe|2
|
|upkeep
|turn|23
|
|t:|1665927826
|move|p1a: Unfezant|Roost|p1a: Unfezant
|-heal|p1a: Unfezant|99/100
|-singleturn|p1a: Unfezant|move: Roost
|move|p2a: Lucifer|Swords Dance|p2a: Lucifer
|-boost|p2a: Lucifer|atk|2
|
|upkeep
|turn|24
|
|t:|1665927835
|move|p1a: Unfezant|Brave Bird|p2a: Lucifer
|-damage|p2a: Lucifer|35/100
|-damage|p1a: Unfezant|87/100|[from] ability: Rough Skin|[of] p2a: Lucifer
|-damage|p1a: Unfezant|61/100|[from] Recoil
|move|p2a: Lucifer|Swords Dance|p2a: Lucifer
|-boost|p2a: Lucifer|atk|2
|
|upkeep
|turn|25
|
|t:|1665927843
|move|p1a: Unfezant|Brave Bird|p2a: Lucifer
|-damage|p2a: Lucifer|0 fnt
|-damage|p1a: Unfezant|49/100|[from] ability: Rough Skin|[of] p2a: Lucifer
|faint|p2a: Lucifer
|-damage|p1a: Unfezant|35/100|[from] Recoil
|
|upkeep
|
|t:|1665927847
|switch|p2a: Escobar|Kartana, shiny|67/100
|turn|26
|c|☆Iznamakin|gg
|j| dpalacinr01
|c|☆RggV|gg bro
|c|☆Iznamakin|that unfezant putting in the work XD
|
|t:|1665927875
|move|p1a: Unfezant|Brave Bird|p2a: Escobar
|-damage|p2a: Escobar|0 fnt
|faint|p2a: Escobar
|-damage|p1a: Unfezant|17/100|[from] Recoil
|
|win|RggV
|raw|RggV's rating: 1703 &rarr; <strong>1725</strong><br />(+22 for winning)
|raw|Iznamakin's rating: 1732 &rarr; <strong>1710</strong><br />(-22 for losing)
|c|☆RggV|lmao it did
|l| fork gaming
|l| FerZs
|l| dpalacinr01
|l| games2006
|c|☆RggV|crit would've ohkoed chomp too
|c|☆Iznamakin|it hits hard
|c|☆Iznamakin|damn
|c|☆RggV|ye
|c|☆RggV|well gg
|c|☆Iznamakin|gg
|l| A Nub UwU
|l|☆RggV
|l| Kyurem
||Ladder isn't responding, score probably updated but might not have (Request timeout).
|l|☆Iznamakin
|l| Youressi
|l| GalarianN00b3
|l| avatar wan's bae
|j|☆RggV
|player|p1|RggV|1
