|html|<div class="broadcast-blue"><strong>[Gen 8] OU is currently suspecting Melmetal! For information on how to participate check out the <a href="https://www.smogon.com/forums/threads/np-ss-ou-suspect-process-round-12-monster-mash.3709234/">suspect thread</a>.</strong></div>
|j|☆Aim on mai wei
|j|☆A2MJC
|t:|1666034948
|gametype|singles
|player|p1|Aim on mai wei|1|1660
|player|p2|A2MJC|lance|1608
|teamsize|p1|6
|teamsize|p2|6
|gen|8
|tier|[Gen 8] OU
|rated|
|rule|Sleep Clause Mod: Limit one foe put to sleep
|rule|Species Clause: Limit one of each Pokémon
|rule|OHKO Clause: OHKO moves are banned
|rule|Evasion Items Clause: Evasion items are banned
|rule|Evasion Moves Clause: Evasion moves are banned
|rule|Endless Battle Clause: Forcing endless battles is banned
|rule|HP Percentage Mod: HP is shown in percentages
|rule|Dynamax Clause: You cannot dynamax
|clearpoke
|poke|p1|Ditto|
|poke|p1|Quagsire, M|
|poke|p1|Blissey, F|
|poke|p1|Corviknight, F|
|poke|p1|Dragonite, M|
|poke|p1|Buzzwole|
|poke|p2|Regieleki|
|poke|p2|Dragapult, F|
|poke|p2|Melmetal|
|poke|p2|Moltres-Galar|
|poke|p2|Kommo-o, M|
|poke|p2|Volcarona, F|
|teampreview
|
|t:|1666034963
|start
|switch|p1a: Blissey|Blissey, F|100/100
|switch|p2a: Regieleki|Regieleki|100/100
|turn|1
|inactive|Battle timer is ON: inactive players will automatically lose when time's up. (requested by Aim on mai wei)
|
|t:|1666034983
|move|p2a: Regieleki|Reflect|p2a: Regieleki
|-sidestart|p2: A2MJC|Reflect
|move|p1a: Blissey|Stealth Rock|p2a: Regieleki
|-sidestart|p2: A2MJC|move: Stealth Rock
|
|upkeep
|turn|2
|
|t:|1666034990
|move|p2a: Regieleki|Light Screen|p2a: Regieleki
|-sidestart|p2: A2MJC|move: Light Screen
|move|p1a: Blissey|Seismic Toss|p2a: Regieleki
|-damage|p2a: Regieleki|73/100
|
|upkeep
|turn|3
|
|t:|1666034996
|switch|p1a: Quagsire|Quagsire, M|100/100
|move|p2a: Regieleki|Rapid Spin|p1a: Quagsire
|-damage|p1a: Quagsire|93/100
|-boost|p2a: Regieleki|spe|1
|-sideend|p2: A2MJC|Stealth Rock|[from] move: Rapid Spin|[of] p2a: Regieleki
|
|-heal|p1a: Quagsire|99/100|[from] item: Leftovers
|upkeep
|turn|4
|
|t:|1666035011
|switch|p2a: Melmetal|Melmetal|100/100
|move|p1a: Quagsire|Toxic|p2a: Melmetal
|-immune|p2a: Melmetal
|
|-heal|p1a: Quagsire|100/100|[from] item: Leftovers
|upkeep
|turn|5
|
|t:|1666035025
|move|p2a: Melmetal|Ice Punch|p1a: Quagsire
|-damage|p1a: Quagsire|76/100
|move|p1a: Quagsire|Scald|p2a: Melmetal
|-damage|p2a: Melmetal|94/100
|-status|p2a: Melmetal|brn
|
|-heal|p1a: Quagsire|82/100|[from] item: Leftovers
|-damage|p2a: Melmetal|88/100 brn|[from] brn
|upkeep
|turn|6
|
|t:|1666035036
|move|p2a: Melmetal|Double Iron Bash|p1a: Quagsire
|-resisted|p1a: Quagsire
|-crit|p1a: Quagsire
|-damage|p1a: Quagsire|72/100
|-resisted|p1a: Quagsire
|-damage|p1a: Quagsire|65/100
|-hitcount|p1a: Quagsire|2
|cant|p1a: Quagsire|flinch
|
|-heal|p1a: Quagsire|71/100|[from] item: Leftovers
|-damage|p2a: Melmetal|82/100 brn|[from] brn
|upkeep
|turn|7
|inactive|A2MJC has 120 seconds left.
|
|t:|1666035067
|switch|p2a: Kommo-o|Kommo-o, M|100/100
|move|p1a: Quagsire|Toxic|p2a: Kommo-o
|-status|p2a: Kommo-o|tox
|
|-heal|p1a: Quagsire|77/100|[from] item: Leftovers
|-damage|p2a: Kommo-o|94/100 tox|[from] psn
|upkeep
|turn|8
|inactive|A2MJC has 120 seconds left.
|
|t:|1666035089
|switch|p1a: Buzzwole|Buzzwole|100/100
|move|p2a: Kommo-o|Belly Drum|p2a: Kommo-o
|-damage|p2a: Kommo-o|44/100 tox
|-setboost|p2a: Kommo-o|atk|6|[from] move: Belly Drum
|-enditem|p2a: Kommo-o|Sitrus Berry|[eat]
|-heal|p2a: Kommo-o|69/100 tox|[from] item: Sitrus Berry
|
|-damage|p2a: Kommo-o|57/100 tox|[from] psn
|-sideend|p2: A2MJC|Reflect
|upkeep
|turn|9
|inactive|A2MJC has 120 seconds left.
|
|t:|1666035119
|move|p2a: Kommo-o|Drain Punch|p1a: Buzzwole
|-resisted|p1a: Buzzwole
|-damage|p1a: Buzzwole|59/100
|-heal|p2a: Kommo-o|85/100 tox|[from] drain|[of] p1a: Buzzwole
|move|p1a: Buzzwole|Ice Punch|p2a: Kommo-o
|-supereffective|p2a: Kommo-o
|-damage|p2a: Kommo-o|31/100 tox
|
|-heal|p1a: Buzzwole|65/100|[from] item: Leftovers
|-damage|p2a: Kommo-o|13/100 tox|[from] psn
|-sideend|p2: A2MJC|move: Light Screen
|upkeep
|turn|10
|
|t:|1666035131
|move|p2a: Kommo-o|Poison Jab|p1a: Buzzwole
|-damage|p1a: Buzzwole|0 fnt
|faint|p1a: Buzzwole
|
|-damage|p2a: Kommo-o|0 fnt|[from] psn
|faint|p2a: Kommo-o
|upkeep
|
|t:|1666035146
|switch|p2a: Moltres|Moltres-Galar|100/100
|switch|p1a: Quagsire|Quagsire, M|77/100
|turn|11
|
|t:|1666035156
|switch|p2a: Regieleki|Regieleki|73/100
|move|p1a: Quagsire|Toxic|p2a: Regieleki
|-status|p2a: Regieleki|tox
|
|-heal|p1a: Quagsire|83/100|[from] item: Leftovers
|-damage|p2a: Regieleki|67/100 tox|[from] psn
|upkeep
|turn|12
|
|t:|1666035160
|move|p2a: Regieleki|Reflect|p2a: Regieleki
|-sidestart|p2: A2MJC|Reflect
|move|p1a: Quagsire|Earthquake|p2a: Regieleki
|-supereffective|p2a: Regieleki
|-damage|p2a: Regieleki|21/100 tox
|
|-heal|p1a: Quagsire|89/100|[from] item: Leftovers
|-damage|p2a: Regieleki|8/100 tox|[from] psn
|upkeep
|turn|13
|
|t:|1666035163
|move|p2a: Regieleki|Light Screen|p2a: Regieleki
|-sidestart|p2: A2MJC|move: Light Screen
|move|p1a: Quagsire|Recover|p1a: Quagsire
|-heal|p1a: Quagsire|100/100
|
|-damage|p2a: Regieleki|0 fnt|[from] psn
|faint|p2a: Regieleki
|upkeep
|inactive|A2MJC has 120 seconds left.
|
|t:|1666035169
|switch|p2a: Dragapult|Dragapult, F|100/100
|turn|14
|inactive|A2MJC has 120 seconds left.
|
|t:|1666035180
|move|p2a: Dragapult|Shadow Ball|p1a: Quagsire
|-damage|p1a: Quagsire|39/100
|-damage|p2a: Dragapult|91/100|[from] item: Life Orb
|move|p1a: Quagsire|Toxic|p2a: Dragapult
|-status|p2a: Dragapult|tox
|
|-heal|p1a: Quagsire|45/100|[from] item: Leftovers
|-damage|p2a: Dragapult|85/100 tox|[from] psn
|upkeep
|turn|15
|
|t:|1666035188
|switch|p1a: Blissey|Blissey, F|100/100
|move|p2a: Dragapult|Shadow Ball|p1a: Blissey
|-immune|p1a: Blissey
|
|-damage|p2a: Dragapult|73/100 tox|[from] psn
|upkeep
|turn|16
|
|t:|1666035202
|switch|p2a: Melmetal|Melmetal|82/100 brn
|move|p1a: Blissey|Stealth Rock|p2a: Melmetal
|-sidestart|p2: A2MJC|move: Stealth Rock
|
|-damage|p2a: Melmetal|76/100 brn|[from] brn
|upkeep
|turn|17
|
|t:|1666035205
|switch|p1a: Quagsire|Quagsire, M|45/100
|move|p2a: Melmetal|Double Iron Bash|p1a: Quagsire
|-resisted|p1a: Quagsire
|-damage|p1a: Quagsire|39/100
|-resisted|p1a: Quagsire
|-damage|p1a: Quagsire|31/100
|-hitcount|p1a: Quagsire|2
|
|-heal|p1a: Quagsire|38/100|[from] item: Leftovers
|-damage|p2a: Melmetal|70/100 brn|[from] brn
|upkeep
|turn|18
|
|t:|1666035208
|switch|p2a: Volcarona|Volcarona, F|100/100
|move|p1a: Quagsire|Recover|p1a: Quagsire
|-heal|p1a: Quagsire|88/100
|
|-heal|p1a: Quagsire|94/100|[from] item: Leftovers
|upkeep
|turn|19
|
|t:|1666035211
|move|p2a: Volcarona|Quiver Dance|p2a: Volcarona
|-boost|p2a: Volcarona|spa|1
|-boost|p2a: Volcarona|spd|1
|-boost|p2a: Volcarona|spe|1
|move|p1a: Quagsire|Toxic|p2a: Volcarona
|-status|p2a: Volcarona|tox
|
|-heal|p1a: Quagsire|99/100|[from] item: Leftovers
|-damage|p2a: Volcarona|94/100 tox|[from] psn
|-sideend|p2: A2MJC|Reflect
|upkeep
|turn|20
|
|t:|1666035217
|move|p2a: Volcarona|Quiver Dance|p2a: Volcarona
|-boost|p2a: Volcarona|spa|1
|-boost|p2a: Volcarona|spd|1
|-boost|p2a: Volcarona|spe|1
|move|p1a: Quagsire|Recover|p1a: Quagsire
|-heal|p1a: Quagsire|100/100
|
|-damage|p2a: Volcarona|82/100 tox|[from] psn
|-sideend|p2: A2MJC|move: Light Screen
|upkeep
|turn|21
|
|t:|1666035227
|move|p2a: Volcarona|Bug Buzz|p1a: Quagsire
|-damage|p1a: Quagsire|31/100
|move|p1a: Quagsire|Recover|p1a: Quagsire
|-heal|p1a: Quagsire|81/100
|
|-heal|p1a: Quagsire|87/100|[from] item: Leftovers
|-damage|p2a: Volcarona|64/100 tox|[from] psn
|upkeep
|turn|22
|
|t:|1666035237
|switch|p1a: Blissey|Blissey, F|100/100
|move|p2a: Volcarona|Bug Buzz|p1a: Blissey
|-damage|p1a: Blissey|64/100
|
|-damage|p2a: Volcarona|39/100 tox|[from] psn
|upkeep
|turn|23
|
|t:|1666035245
|move|p2a: Volcarona|Fiery Dance|p1a: Blissey
|-damage|p1a: Blissey|30/100
|-boost|p2a: Volcarona|spa|1
|move|p1a: Blissey|Soft-Boiled|p1a: Blissey
|-heal|p1a: Blissey|80/100
|
|-damage|p2a: Volcarona|9/100 tox|[from] psn
|upkeep
|turn|24
|
|t:|1666035255
|move|p2a: Volcarona|Bug Buzz|p1a: Blissey
|-damage|p1a: Blissey|33/100
|move|p1a: Blissey|Soft-Boiled|p1a: Blissey
|-heal|p1a: Blissey|83/100
|
|-damage|p2a: Volcarona|0 fnt|[from] psn
|faint|p2a: Volcarona
|upkeep
|
|t:|1666035264
|switch|p2a: Moltres|Moltres-Galar|100/100
|-damage|p2a: Moltres|76/100|[from] Stealth Rock
|turn|25
|
|t:|1666035270
|move|p2a: Moltres|Nasty Plot|p2a: Moltres
|-boost|p2a: Moltres|spa|2
|move|p1a: Blissey|Seismic Toss|p2a: Moltres
|-damage|p2a: Moltres|45/100
|-ability|p2a: Moltres|Berserk|boost
|-boost|p2a: Moltres|spa|1
|
|upkeep
|turn|26
|
|t:|1666035285
|move|p2a: Moltres|Nasty Plot|p2a: Moltres
|-boost|p2a: Moltres|spa|2
|move|p1a: Blissey|Seismic Toss|p2a: Moltres
|-damage|p2a: Moltres|14/100
|
|upkeep
|turn|27
|
|t:|1666035292
|switch|p1a: Corviknight|Corviknight, F|100/100
|-ability|p1a: Corviknight|Pressure
|move|p2a: Moltres|Fiery Wrath|p1a: Corviknight
|-damage|p1a: Corviknight|0 fnt
|faint|p1a: Corviknight
|
|upkeep
|
|t:|1666035295
|switch|p1a: Ditto|Ditto|100/100
|-transform|p1a: Ditto|p2a: Moltres|[from] ability: Imposter
|turn|28
|
|t:|1666035301
|move|p1a: Ditto|Fiery Wrath|p2a: Moltres
|-resisted|p2a: Moltres
|-damage|p2a: Moltres|0 fnt
|faint|p2a: Moltres
|
|upkeep
|
|t:|1666035305
|switch|p2a: Melmetal|Melmetal|70/100 brn
|-damage|p2a: Melmetal|64/100 brn|[from] Stealth Rock
|turn|29
|
|t:|1666035308
|move|p1a: Ditto|Fiery Wrath|p2a: Melmetal
|-damage|p2a: Melmetal|0 fnt
|faint|p2a: Melmetal
|
|upkeep
|
|t:|1666035314
|switch|p2a: Dragapult|Dragapult, F|73/100 tox
|-damage|p2a: Dragapult|60/100 tox|[from] Stealth Rock
|turn|30
|
|t:|1666035321
|switch|p1a: Blissey|Blissey, F|83/100
|move|p2a: Dragapult|Draco Meteor|p1a: Blissey
|-damage|p1a: Blissey|51/100
|-unboost|p2a: Dragapult|spa|2
|-damage|p2a: Dragapult|51/100 tox|[from] item: Life Orb
|
|-damage|p2a: Dragapult|45/100 tox|[from] psn
|upkeep
|turn|31
|-message|A2MJC forfeited.
|
|win|Aim on mai wei
|raw|Aim on mai wei's rating: 1660 &rarr; <strong>1677</strong><br />(+17 for winning)
|raw|A2MJC's rating: 1608 &rarr; <strong>1591</strong><br />(-17 for losing)
|l|☆A2MJC
