|j|☆Lil__Metro
|j|☆samohi0
|t:|1663371187
|gametype|singles
|player|p1|Lil__Metro|unknown|1518
|player|p2|samohi0|169|1556
|teamsize|p1|6
|teamsize|p2|6
|gen|8
|tier|[Gen 8] OU
|rated|
|rule|Sleep Clause Mod: Limit one foe put to sleep
|rule|Species Clause: Limit one of each Pokémon
|rule|OHKO Clause: OHKO moves are banned
|rule|Evasion Items Clause: Evasion items are banned
|rule|Evasion Moves Clause: Evasion moves are banned
|rule|Endless Battle Clause: Forcing endless battles is banned
|rule|HP Percentage Mod: HP is shown in percentages
|rule|Dynamax Clause: You cannot dynamax
|clearpoke
|poke|p1|Zapdos|
|poke|p1|Weavile, M|
|poke|p1|Kartana|
|poke|p1|Landorus-Therian, M|
|poke|p1|Volcanion|
|poke|p1|Melmetal|
|poke|p2|Zapdos|
|poke|p2|Landorus-Therian, M|
|poke|p2|Toxapex, M|
|poke|p2|Heatran, M|
|poke|p2|Dragapult, F|
|poke|p2|Weavile, F|
|teampreview
|
|t:|1663371194
|start
|switch|p1a: Weavile|Weavile, M|100/100
|switch|p2a: Zapdos|Zapdos|100/100
|turn|1
|
|t:|1663371199
|switch|p2a: Toxapex|Toxapex, M|100/100
|move|p1a: Weavile|Beat Up|p2a: Toxapex
|-damage|p2a: Toxapex|92/100
|-damage|p2a: Toxapex|85/100
|-damage|p2a: Toxapex|75/100
|-damage|p2a: Toxapex|66/100
|-damage|p2a: Toxapex|58/100
|-damage|p2a: Toxapex|50/100
|-hitcount|p2a: Toxapex|6
|
|upkeep
|turn|2
|
|t:|1663371205
|move|p1a: Weavile|Beat Up|p2a: Toxapex
|-damage|p2a: Toxapex|42/100
|-damage|p2a: Toxapex|35/100
|-damage|p2a: Toxapex|25/100
|-damage|p2a: Toxapex|17/100
|-damage|p2a: Toxapex|9/100
|-crit|p2a: Toxapex
|-damage|p2a: Toxapex|0 fnt
|faint|p2a: Toxapex
|-hitcount|p2: Toxapex|6
|
|upkeep
|
|t:|1663371208
|switch|p2a: Dragapult|Dragapult, F|100/100
|turn|3
|
|t:|1663371211
|switch|p1a: Melmetal|Melmetal, shiny|100/100
|move|p2a: Dragapult|U-turn|p1a: Melmetal
|-resisted|p1a: Melmetal
|-damage|p1a: Melmetal|90/100
|
|t:|1663371218
|switch|p2a: Zapdos|Zapdos|100/100|[from]move: U-turn
|
|upkeep
|turn|4
|
|t:|1663371232
|move|p2a: Zapdos|Heat Wave|p1a: Melmetal
|-supereffective|p1a: Melmetal
|-damage|p1a: Melmetal|46/100
|move|p1a: Melmetal|Ice Punch|p2a: Zapdos
|-supereffective|p2a: Zapdos
|-damage|p2a: Zapdos|20/100
|
|upkeep
|turn|5
|
|t:|1663371238
|switch|p1a: Landorus|Landorus-Therian, M|100/100
|-ability|p1a: Landorus|Intimidate|boost
|-unboost|p2a: Zapdos|atk|1
|move|p2a: Zapdos|Heat Wave|p1a: Landorus
|-damage|p1a: Landorus|58/100
|
|-heal|p1a: Landorus|64/100|[from] item: Leftovers
|upkeep
|turn|6
|
|t:|1663371251
|switch|p1a: Volcanion|Volcanion|100/100
|move|p2a: Zapdos|Heat Wave|p1a: Volcanion
|-resisted|p1a: Volcanion
|-damage|p1a: Volcanion|86/100
|
|upkeep
|turn|7
|
|t:|1663371264
|switch|p2a: Landorus|Landorus-Therian, M|100/100
|-ability|p2a: Landorus|Intimidate|boost
|-unboost|p1a: Volcanion|atk|1
|move|p1a: Volcanion|Steam Eruption|p2a: Landorus
|-supereffective|p2a: Landorus
|-damage|p2a: Landorus|0 fnt
|faint|p2a: Landorus
|
|upkeep
|
|t:|1663371265
|switch|p2a: Dragapult|Dragapult, F|100/100
|turn|8
|
|t:|1663371270
|switch|p1a: Melmetal|Melmetal, shiny|46/100
|move|p2a: Dragapult|Dragon Darts|p1a: Melmetal
|-resisted|p1a: Melmetal
|-damage|p1a: Melmetal|35/100
|-anim|p2a: Dragapult|Dragon Darts|p1a: Melmetal
|-resisted|p1a: Melmetal
|-damage|p1a: Melmetal|24/100
|
|upkeep
|turn|9
|
|t:|1663371273
|move|p2a: Dragapult|Dragon Darts|p1a: Melmetal
|-resisted|p1a: Melmetal
|-damage|p1a: Melmetal|13/100
|-anim|p2a: Dragapult|Dragon Darts|p1a: Melmetal
|-resisted|p1a: Melmetal
|-damage|p1a: Melmetal|2/100
|move|p1a: Melmetal|Double Iron Bash|p2a: Dragapult
|-damage|p2a: Dragapult|52/100
|-damage|p2a: Dragapult|4/100
|-hitcount|p2a: Dragapult|2
|
|upkeep
|turn|10
|
|t:|1663371277
|move|p2a: Dragapult|Dragon Darts|p1a: Melmetal
|-resisted|p1a: Melmetal
|-damage|p1a: Melmetal|0 fnt
|faint|p1a: Melmetal
|
|upkeep
|
|t:|1663371279
|switch|p1a: Weavile|Weavile, M|100/100
|turn|11
|
|t:|1663371286
|move|p1a: Weavile|Ice Shard|p2a: Dragapult
|-supereffective|p2a: Dragapult
|-damage|p2a: Dragapult|0 fnt
|faint|p2a: Dragapult
|
|upkeep
|
|t:|1663371287
|switch|p2a: Heatran|Heatran, M|100/100
|turn|12
|
|t:|1663371292
|switch|p1a: Landorus|Landorus-Therian, M|64/100
|-ability|p1a: Landorus|Intimidate|boost
|-unboost|p2a: Heatran|atk|1
|move|p2a: Heatran|Magma Storm|p1a: Landorus|[miss]
|-miss|p2a: Heatran|p1a: Landorus
|
|-heal|p1a: Landorus|70/100|[from] item: Leftovers
|upkeep
|turn|13
|
|t:|1663371298
|switch|p2a: Zapdos|Zapdos|20/100
|move|p1a: Landorus|U-turn|p2a: Zapdos
|-resisted|p2a: Zapdos
|-damage|p2a: Zapdos|5/100
|-status|p1a: Landorus|par|[from] ability: Static|[of] p2a: Zapdos
|
|t:|1663371310
|switch|p1a: Weavile|Weavile, M|100/100|[from]move: U-turn
|
|upkeep
|turn|14
|
|t:|1663371333
|switch|p2a: Heatran|Heatran, M|100/100
|move|p1a: Weavile|Knock Off|p2a: Heatran
|-damage|p2a: Heatran|45/100
|-enditem|p2a: Heatran|Leftovers|[from] move: Knock Off|[of] p1a: Weavile
|
|upkeep
|turn|15
|
|t:|1663371340
|switch|p1a: Volcanion|Volcanion|86/100
|move|p2a: Heatran|Magma Storm|p1a: Volcanion
|-resisted|p1a: Volcanion
|-damage|p1a: Volcanion|74/100
|-activate|p1a: Volcanion|move: Magma Storm|[of] p2a: Heatran
|
|-damage|p1a: Volcanion|61/100|[from] move: Magma Storm|[partiallytrapped]
|upkeep
|turn|16
|
|t:|1663371364
|move|p1a: Volcanion|Steam Eruption|p2a: Heatran
|-supereffective|p2a: Heatran
|-damage|p2a: Heatran|0 fnt
|faint|p2a: Heatran
|
|-end|p1a: Volcanion|Magma Storm|[partiallytrapped]|[silent]
|upkeep
|
|t:|1663371366
|switch|p2a: Weavile|Weavile, F|100/100
|-ability|p2a: Weavile|Pressure
|turn|17
|
|t:|1663371373
|move|p2a: Weavile|Swords Dance|p2a: Weavile
|-boost|p2a: Weavile|atk|2
|move|p1a: Volcanion|Steam Eruption|p2a: Weavile
|-damage|p2a: Weavile|0 fnt
|faint|p2a: Weavile
|
|upkeep
|-message|samohi0 forfeited.
|
|win|Lil__Metro
|raw|Lil__Metro's rating: 1518 &rarr; <strong>1540</strong><br />(+22 for winning)
|raw|samohi0's rating: 1556 &rarr; <strong>1534</strong><br />(-22 for losing)
|l|☆samohi0
||Ladder isn't responding, score probably updated but might not have (Request timeout).
