|j|☆Down$hift
|j|☆Steez Ibanez
|t:|1664307762
|gametype|singles
|player|p1|Down$hift|teamrocket|1698
|player|p2|Steez Ibanez|kukui|1948
|teamsize|p1|6
|teamsize|p2|6
|gen|8
|tier|[Gen 8] OU
|rated|
|rule|Sleep Clause Mod: Limit one foe put to sleep
|rule|Species Clause: Limit one of each Pokémon
|rule|OHKO Clause: OHKO moves are banned
|rule|Evasion Items Clause: Evasion items are banned
|rule|Evasion Moves Clause: Evasion moves are banned
|rule|Endless Battle Clause: Forcing endless battles is banned
|rule|HP Percentage Mod: HP is shown in percentages
|rule|Dynamax Clause: You cannot dynamax
|clearpoke
|poke|p1|Regigigas|
|poke|p1|Weezing-Galar, F|
|poke|p1|Landorus-Therian, M|
|poke|p1|Dragapult, F|
|poke|p1|Slowbro, F|
|poke|p1|Toxapex, F|
|poke|p2|Blaziken, M|
|poke|p2|Garchomp, M|
|poke|p2|Zapdos|
|poke|p2|Ferrothorn, M|
|poke|p2|Landorus-Therian, M|
|poke|p2|Tapu Fini|
|teampreview
|c|☆Down$hift|hf
|
|t:|1664307784
|start
|switch|p1a: Dimmadome|Weezing-Galar, F|100/100
|switch|p2a: Simba|Landorus-Therian, M|100/100
|-ability|p2a: Simba|Intimidate|boost
|-unboost|p1a: Dimmadome|atk|1
|turn|1
|inactive|Battle timer is ON: inactive players will automatically lose when time's up. (requested by Down$hift)
|
|t:|1664307794
|move|p2a: Simba|U-turn|p1a: Dimmadome
|-resisted|p1a: Dimmadome
|-damage|p1a: Dimmadome|96/100
|-damage|p2a: Simba|84/100|[from] item: Rocky Helmet|[of] p1a: Dimmadome
|
|t:|1664307796
|switch|p2a: Watcher|Tapu Fini|100/100|[from]move: U-turn
|-fieldstart|move: Misty Terrain|[from] ability: Misty Surge|[of] p2a: Watcher
|move|p1a: Dimmadome|Will-O-Wisp|p2a: Watcher
|-activate|p2a: Watcher|move: Misty Terrain
|
|upkeep
|turn|2
|
|t:|1664307799
|switch|p1a: Prédastérie|Toxapex, F|100/100
|move|p2a: Watcher|Calm Mind|p2a: Watcher
|-boost|p2a: Watcher|spa|1
|-boost|p2a: Watcher|spd|1
|
|upkeep
|turn|3
|
|t:|1664307802
|switch|p2a: Samehada|Garchomp, M|100/100
|move|p1a: Prédastérie|Gunk Shot|p2a: Samehada
|-resisted|p2a: Samehada
|-damage|p2a: Samehada|66/100
|
|-heal|p2a: Samehada|72/100|[from] item: Leftovers
|upkeep
|turn|4
|
|t:|1664307805
|switch|p1a: Dimmadome|Weezing-Galar, F|96/100
|move|p2a: Samehada|Stealth Rock|p1a: Dimmadome
|-sidestart|p1: Down$hift|move: Stealth Rock
|
|-heal|p2a: Samehada|79/100|[from] item: Leftovers
|upkeep
|turn|5
|
|t:|1664307810
|switch|p2a: Johnny Blaze|Blaziken, M|100/100
|move|p1a: Dimmadome|Defog|p2a: Johnny Blaze
|-unboost|p2a: Johnny Blaze|evasion|1
|-sideend|p1: Down$hift|Stealth Rock|[from] move: Defog|[of] p1a: Dimmadome
|-fieldend|Misty Terrain
|
|upkeep
|turn|6
|
|t:|1664307813
|switch|p2a: Samehada|Garchomp, M|79/100
|switch|p1a: LandOUrus-T|Landorus-Therian, M|100/100
|-ability|p1a: LandOUrus-T|Intimidate|boost
|-unboost|p2a: Samehada|atk|1
|
|-heal|p2a: Samehada|85/100|[from] item: Leftovers
|upkeep
|turn|7
|
|t:|1664307820
|switch|p1a: Dimmadome|Weezing-Galar, F|96/100
|move|p2a: Samehada|Stealth Rock|p1a: Dimmadome
|-sidestart|p1: Down$hift|move: Stealth Rock
|
|-heal|p2a: Samehada|91/100|[from] item: Leftovers
|upkeep
|turn|8
|
|t:|1664307845
|switch|p2a: Johnny Blaze|Blaziken, M|100/100
|move|p1a: Dimmadome|Defog|p2a: Johnny Blaze
|-unboost|p2a: Johnny Blaze|evasion|1
|-sideend|p1: Down$hift|Stealth Rock|[from] move: Defog|[of] p1a: Dimmadome
|
|upkeep
|turn|9
|
|t:|1664307848
|switch|p1a: Prédastérie|Toxapex, F|100/100
|move|p2a: Johnny Blaze|Swords Dance|p2a: Johnny Blaze
|-boost|p2a: Johnny Blaze|atk|2
|
|-ability|p2a: Johnny Blaze|Speed Boost|boost
|-boost|p2a: Johnny Blaze|spe|1
|upkeep
|turn|10
|
|t:|1664307851
|switch|p2a: Abomination|Ferrothorn, M|100/100
|switch|p1a: LandOUrus-T|Landorus-Therian, M|100/100
|-ability|p1a: LandOUrus-T|Intimidate|boost
|-unboost|p2a: Abomination|atk|1
|
|upkeep
|turn|11
|j| StupidIdiotMe
|
|t:|1664307861
|switch|p1a: Dimmadome|Weezing-Galar, F|96/100
|move|p2a: Abomination|Knock Off|p1a: Dimmadome
|-resisted|p1a: Dimmadome
|-damage|p1a: Dimmadome|92/100
|-damage|p2a: Abomination|84/100|[from] item: Rocky Helmet|[of] p1a: Dimmadome
|-enditem|p1a: Dimmadome|Rocky Helmet|[from] move: Knock Off|[of] p2a: Abomination
|
|upkeep
|turn|12
|
|t:|1664307876
|switch|p2a: Watcher|Tapu Fini|100/100
|-fieldstart|move: Misty Terrain|[from] ability: Misty Surge|[of] p2a: Watcher
|move|p1a: Dimmadome|Will-O-Wisp|p2a: Watcher
|-activate|p2a: Watcher|move: Misty Terrain
|
|upkeep
|turn|13
|
|t:|1664307880
|switch|p2a: Abomination|Ferrothorn, M|84/100
|switch|p1a: Prédastérie|Toxapex, F|100/100
|
|upkeep
|turn|14
|
|t:|1664307884
|switch|p1a: Dimmadome|Weezing-Galar, F|92/100
|move|p2a: Abomination|Leech Seed|p1a: Dimmadome
|-start|p1a: Dimmadome|move: Leech Seed
|
|-damage|p1a: Dimmadome|79/100|[from] Leech Seed|[of] p2a: Abomination
|-heal|p2a: Abomination|96/100|[silent]
|upkeep
|turn|15
|
|t:|1664307897
|switch|p1a: ur slow|Slowbro, F|100/100
|move|p2a: Abomination|Spikes|p1a: ur slow
|-sidestart|p1: Down$hift|Spikes
|
|upkeep
|turn|16
|
|t:|1664307905
|move|p2a: Abomination|Spikes|p1a: ur slow
|-sidestart|p1: Down$hift|Spikes
|move|p1a: ur slow|Teleport|p1a: ur slow
|
|t:|1664307906
|switch|p1a: Dimmadome|Weezing-Galar, F|79/100|[from]move: Teleport
|
|-fieldend|Misty Terrain
|upkeep
|turn|17
|
|t:|1664307919
|move|p1a: Dimmadome|Defog|p2a: Abomination
|-unboost|p2a: Abomination|evasion|1
|-sideend|p1: Down$hift|Spikes|[from] move: Defog|[of] p1a: Dimmadome
|move|p2a: Abomination|Leech Seed|p1a: Dimmadome
|-start|p1a: Dimmadome|move: Leech Seed
|
|-damage|p1a: Dimmadome|67/100|[from] Leech Seed|[of] p2a: Abomination
|-heal|p2a: Abomination|100/100|[silent]
|upkeep
|turn|18
|
|t:|1664307924
|switch|p1a: Prédastérie|Toxapex, F|100/100
|move|p2a: Abomination|Spikes|p1a: Prédastérie
|-sidestart|p1: Down$hift|Spikes
|
|upkeep
|turn|19
|
|t:|1664307935
|switch|p2a: Bolt|Zapdos|100/100
|move|p1a: Prédastérie|Knock Off|p2a: Bolt
|-crit|p2a: Bolt
|-damage|p2a: Bolt|61/100
|-enditem|p2a: Bolt|Heavy-Duty Boots|[from] move: Knock Off|[of] p1a: Prédastérie
|
|upkeep
|turn|20
|
|t:|1664307942
|switch|p1a: BIacephaIon|Regigigas|100/100
|-damage|p1a: BIacephaIon|88/100|[from] Spikes
|-start|p1a: BIacephaIon|ability: Slow Start
|move|p2a: Bolt|Roost|p2a: Bolt
|-heal|p2a: Bolt|100/100
|-singleturn|p2a: Bolt|move: Roost
|
|-heal|p1a: BIacephaIon|94/100|[from] item: Leftovers
|upkeep
|turn|21
|
|t:|1664307946
|move|p2a: Bolt|Discharge|p1a: BIacephaIon
|-damage|p1a: BIacephaIon|75/100
|move|p1a: BIacephaIon|Knock Off|p2a: Bolt
|-damage|p2a: Bolt|93/100
|
|-heal|p1a: BIacephaIon|81/100|[from] item: Leftovers
|upkeep
|turn|22
|
|t:|1664307950
|switch|p2a: Abomination|Ferrothorn, M|100/100
|move|p1a: BIacephaIon|Power-Up Punch|p2a: Abomination
|-supereffective|p2a: Abomination
|-damage|p2a: Abomination|93/100
|-boost|p1a: BIacephaIon|atk|1
|-damage|p1a: BIacephaIon|68/100|[from] ability: Iron Barbs|[of] p2a: Abomination
|-damage|p1a: BIacephaIon|52/100|[from] item: Rocky Helmet|[of] p2a: Abomination
|
|-heal|p1a: BIacephaIon|58/100|[from] item: Leftovers
|upkeep
|turn|23
|
|t:|1664307958
|-end|p1a: BIacephaIon|Slow Start|[silent]
|switch|p1a: ur slow|Slowbro, F|100/100
|switch|p2a: Johnny Blaze|Blaziken, M|100/100
|
|upkeep
|turn|24
|
|t:|1664307963
|switch|p2a: Watcher|Tapu Fini|100/100
|-fieldstart|move: Misty Terrain|[from] ability: Misty Surge|[of] p2a: Watcher
|move|p1a: ur slow|Scald|p2a: Watcher
|-resisted|p2a: Watcher
|-damage|p2a: Watcher|89/100
|
|-heal|p2a: Watcher|96/100|[from] item: Leftovers
|upkeep
|turn|25
|
|t:|1664307967
|move|p2a: Watcher|Taunt|p1a: ur slow
|-start|p1a: ur slow|move: Taunt
|move|p1a: ur slow|Future Sight|p2a: Watcher
|-start|p1a: ur slow|move: Future Sight
|
|-heal|p2a: Watcher|100/100|[from] item: Leftovers
|upkeep
|turn|26
|
|t:|1664307969
|switch|p1a: Prédastérie|Toxapex, F|100/100
|-damage|p1a: Prédastérie|88/100|[from] Spikes
|move|p2a: Watcher|Calm Mind|p2a: Watcher
|-boost|p2a: Watcher|spa|1
|-boost|p2a: Watcher|spd|1
|
|upkeep
|turn|27
|
|t:|1664307972
|switch|p2a: Abomination|Ferrothorn, M|93/100
|move|p1a: Prédastérie|Knock Off|p2a: Abomination
|-damage|p2a: Abomination|73/100
|-damage|p1a: Prédastérie|76/100|[from] ability: Iron Barbs|[of] p2a: Abomination
|-damage|p1a: Prédastérie|59/100|[from] item: Rocky Helmet|[of] p2a: Abomination
|-enditem|p2a: Abomination|Rocky Helmet|[from] move: Knock Off|[of] p1a: Prédastérie
|
|-end|p2a: Abomination|move: Future Sight
|-resisted|p2a: Abomination
|-damage|p2a: Abomination|57/100
|upkeep
|turn|28
|
|t:|1664307980
|switch|p1a: ur slow|Slowbro, F|100/100
|switch|p2a: Johnny Blaze|Blaziken, M|100/100
|
|-fieldend|Misty Terrain
|upkeep
|turn|29
|
|t:|1664307984
|switch|p2a: Bolt|Zapdos|93/100
|move|p1a: ur slow|Scald|p2a: Bolt
|-damage|p2a: Bolt|67/100
|
|upkeep
|turn|30
|
|t:|1664307991
|switch|p1a: LandOUrus-T|Landorus-Therian, M|100/100
|-ability|p1a: LandOUrus-T|Intimidate|boost
|-unboost|p2a: Bolt|atk|1
|move|p2a: Bolt|Discharge|p1a: LandOUrus-T
|-immune|p1a: LandOUrus-T
|
|upkeep
|turn|31
|
|t:|1664307994
|move|p1a: LandOUrus-T|Toxic|p2a: Bolt
|-status|p2a: Bolt|tox
|move|p2a: Bolt|Roost|p2a: Bolt
|-heal|p2a: Bolt|100/100 tox
|-singleturn|p2a: Bolt|move: Roost
|
|-damage|p2a: Bolt|94/100 tox|[from] psn
|upkeep
|turn|32
|
|t:|1664307998
|switch|p2a: Abomination|Ferrothorn, M|57/100
|move|p1a: LandOUrus-T|Stealth Rock|p2a: Abomination
|-sidestart|p2: Steez Ibanez|move: Stealth Rock
|
|upkeep
|turn|33
|
|t:|1664308001
|move|p1a: LandOUrus-T|Earthquake|p2a: Abomination
|-damage|p2a: Abomination|27/100
|move|p2a: Abomination|Gyro Ball|p1a: LandOUrus-T
|-damage|p1a: LandOUrus-T|62/100
|
|-heal|p1a: LandOUrus-T|68/100|[from] item: Leftovers
|upkeep
|turn|34
|
|t:|1664308004
|switch|p2a: Simba|Landorus-Therian, M|84/100
|-damage|p2a: Simba|72/100|[from] Stealth Rock
|-ability|p2a: Simba|Intimidate|boost
|-unboost|p1a: LandOUrus-T|atk|1
|move|p1a: LandOUrus-T|Earthquake|p2a: Simba
|-immune|p2a: Simba
|
|-heal|p1a: LandOUrus-T|74/100|[from] item: Leftovers
|upkeep
|turn|35
|
|t:|1664308010
|switch|p1a: Dimmadome|Weezing-Galar, F|67/100
|move|p2a: Simba|Knock Off|p1a: Dimmadome
|-resisted|p1a: Dimmadome
|-damage|p1a: Dimmadome|59/100
|
|upkeep
|turn|36
|
|t:|1664308017
|switch|p2a: Abomination|Ferrothorn, M|27/100
|-damage|p2a: Abomination|21/100|[from] Stealth Rock
|move|p1a: Dimmadome|Strange Steam|p2a: Abomination
|-resisted|p2a: Abomination
|-damage|p2a: Abomination|9/100
|
|upkeep
|turn|37
|
|t:|1664308021
|move|p1a: Dimmadome|Strange Steam|p2a: Abomination
|-resisted|p2a: Abomination
|-damage|p2a: Abomination|0 fnt
|faint|p2a: Abomination
|
|upkeep
|
|t:|1664308023
|switch|p2a: Johnny Blaze|Blaziken, M|100/100
|turn|38
|
|t:|1664308029
|switch|p2a: Samehada|Garchomp, M|91/100
|-damage|p2a: Samehada|85/100|[from] Stealth Rock
|switch|p1a: LandOUrus-T|Landorus-Therian, M|74/100
|-ability|p1a: LandOUrus-T|Intimidate|boost
|-unboost|p2a: Samehada|atk|1
|
|-heal|p2a: Samehada|91/100|[from] item: Leftovers
|-heal|p1a: LandOUrus-T|80/100|[from] item: Leftovers
|upkeep
|turn|39
|
|t:|1664308033
|move|p2a: Samehada|Stealth Rock|p1a: LandOUrus-T
|-sidestart|p1: Down$hift|move: Stealth Rock
|move|p1a: LandOUrus-T|Toxic|p2a: Samehada
|-status|p2a: Samehada|tox
|
|-heal|p2a: Samehada|97/100 tox|[from] item: Leftovers
|-heal|p1a: LandOUrus-T|86/100|[from] item: Leftovers
|-damage|p2a: Samehada|91/100 tox|[from] psn
|upkeep
|turn|40
|
|t:|1664308038
|switch|p2a: Simba|Landorus-Therian, M|72/100
|-damage|p2a: Simba|59/100|[from] Stealth Rock
|-ability|p2a: Simba|Intimidate|boost
|-unboost|p1a: LandOUrus-T|atk|1
|switch|p1a: ur slow|Slowbro, F|100/100
|
|upkeep
|turn|41
|
|t:|1664308041
|switch|p1a: Dimmadome|Weezing-Galar, F|59/100
|-damage|p1a: Dimmadome|46/100|[from] Stealth Rock
|move|p2a: Simba|U-turn|p1a: Dimmadome
|-resisted|p1a: Dimmadome
|-damage|p1a: Dimmadome|42/100
|
|t:|1664308044
|switch|p2a: Johnny Blaze|Blaziken, M|100/100|[from]move: U-turn
|
|upkeep
|turn|42
|
|t:|1664308052
|switch|p2a: Watcher|Tapu Fini|100/100
|-damage|p2a: Watcher|88/100|[from] Stealth Rock
|-fieldstart|move: Misty Terrain|[from] ability: Misty Surge|[of] p2a: Watcher
|switch|p1a: ur slow|Slowbro, F|100/100
|
|-heal|p2a: Watcher|94/100|[from] item: Leftovers
|upkeep
|turn|43
|
|t:|1664308056
|move|p2a: Watcher|Taunt|p1a: ur slow
|-start|p1a: ur slow|move: Taunt
|move|p1a: ur slow|Future Sight|p2a: Watcher
|-start|p1a: ur slow|move: Future Sight
|
|-heal|p2a: Watcher|100/100|[from] item: Leftovers
|upkeep
|turn|44
|
|t:|1664308062
|switch|p2a: Bolt|Zapdos|94/100 tox
|-damage|p2a: Bolt|69/100 tox|[from] Stealth Rock
|switch|p1a: Prédastérie|Toxapex, F|93/100
|-damage|p1a: Prédastérie|80/100|[from] Spikes
|-damage|p1a: Prédastérie|68/100|[from] Stealth Rock
|
|-damage|p2a: Bolt|63/100 tox|[from] psn
|upkeep
|turn|45
|
|t:|1664308066
|move|p2a: Bolt|Roost|p2a: Bolt
|-heal|p2a: Bolt|100/100 tox
|-singleturn|p2a: Bolt|move: Roost
|move|p1a: Prédastérie|Gunk Shot|p2a: Bolt
|-crit|p2a: Bolt
|-damage|p2a: Bolt|33/100 tox
|
|-end|p2a: Bolt|move: Future Sight
|-damage|p2a: Bolt|0 fnt
|faint|p2a: Bolt
|upkeep
|
|t:|1664308074
|switch|p2a: Samehada|Garchomp, M|91/100 tox
|-damage|p2a: Samehada|85/100 tox|[from] Stealth Rock
|turn|46
|j| sle7in
|
|t:|1664308079
|switch|p2a: Johnny Blaze|Blaziken, M|100/100
|switch|p1a: ur slow|Slowbro, F|100/100
|
|-fieldend|Misty Terrain
|upkeep
|turn|47
|
|t:|1664308086
|switch|p2a: Watcher|Tapu Fini|100/100
|-damage|p2a: Watcher|88/100|[from] Stealth Rock
|-fieldstart|move: Misty Terrain|[from] ability: Misty Surge|[of] p2a: Watcher
|move|p1a: ur slow|Scald|p2a: Watcher
|-resisted|p2a: Watcher
|-damage|p2a: Watcher|77/100
|
|-heal|p2a: Watcher|83/100|[from] item: Leftovers
|upkeep
|turn|48
|
|t:|1664308091
|move|p2a: Watcher|Calm Mind|p2a: Watcher
|-boost|p2a: Watcher|spa|1
|-boost|p2a: Watcher|spd|1
|move|p1a: ur slow|Future Sight|p2a: Watcher
|-start|p1a: ur slow|move: Future Sight
|
|-heal|p2a: Watcher|89/100|[from] item: Leftovers
|upkeep
|turn|49
|
|t:|1664308095
|switch|p1a: Prédastérie|Toxapex, F|100/100
|-damage|p1a: Prédastérie|88/100|[from] Spikes
|-damage|p1a: Prédastérie|76/100|[from] Stealth Rock
|move|p2a: Watcher|Surf|p1a: Prédastérie
|-resisted|p1a: Prédastérie
|-damage|p1a: Prédastérie|56/100
|
|-heal|p2a: Watcher|96/100|[from] item: Leftovers
|upkeep
|turn|50
|
|t:|1664308098
|switch|p2a: Samehada|Garchomp, M|85/100 tox
|-damage|p2a: Samehada|79/100 tox|[from] Stealth Rock
|move|p1a: Prédastérie|Gunk Shot|p2a: Samehada
|-resisted|p2a: Samehada
|-crit|p2a: Samehada
|-damage|p2a: Samehada|32/100 tox
|
|-end|p2a: Samehada|move: Future Sight
|-damage|p2a: Samehada|0 fnt
|faint|p2a: Samehada
|upkeep
|
|t:|1664308101
|switch|p2a: Johnny Blaze|Blaziken, M|100/100
|turn|51
|
|t:|1664308105
|switch|p2a: Watcher|Tapu Fini|96/100
|-damage|p2a: Watcher|83/100|[from] Stealth Rock
|switch|p1a: LandOUrus-T|Landorus-Therian, M|86/100
|-damage|p1a: LandOUrus-T|74/100|[from] Stealth Rock
|-ability|p1a: LandOUrus-T|Intimidate|boost
|-unboost|p2a: Watcher|atk|1
|
|-heal|p1a: LandOUrus-T|80/100|[from] item: Leftovers
|-heal|p2a: Watcher|89/100|[from] item: Leftovers
|-fieldend|Misty Terrain
|upkeep
|turn|52
|j| Dono3
|
|t:|1664308116
|switch|p2a: Simba|Landorus-Therian, M|59/100
|-damage|p2a: Simba|47/100|[from] Stealth Rock
|-ability|p2a: Simba|Intimidate|boost
|-unboost|p1a: LandOUrus-T|atk|1
|move|p1a: LandOUrus-T|Toxic|p2a: Simba|[miss]
|-miss|p1a: LandOUrus-T|p2a: Simba
|
|-heal|p1a: LandOUrus-T|86/100|[from] item: Leftovers
|upkeep
|turn|53
|
|t:|1664308128
|switch|p1a: Dimmadome|Weezing-Galar, F|42/100
|-damage|p1a: Dimmadome|30/100|[from] Stealth Rock
|move|p2a: Simba|Knock Off|p1a: Dimmadome
|-resisted|p1a: Dimmadome
|-damage|p1a: Dimmadome|21/100
|
|upkeep
|turn|54
|
|t:|1664308136
|switch|p2a: Johnny Blaze|Blaziken, M|100/100
|move|p1a: Dimmadome|Pain Split|p2a: Johnny Blaze
|-sethp|p2a: Johnny Blaze|62/100|[from] move: Pain Split|[silent]
|-sethp|p1a: Dimmadome|56/100|[from] move: Pain Split
|
|upkeep
|turn|55
|
|t:|1664308140
|switch|p2a: Watcher|Tapu Fini|89/100
|-damage|p2a: Watcher|77/100|[from] Stealth Rock
|-fieldstart|move: Misty Terrain|[from] ability: Misty Surge|[of] p2a: Watcher
|switch|p1a: LandOUrus-T|Landorus-Therian, M|86/100
|-damage|p1a: LandOUrus-T|74/100|[from] Stealth Rock
|-ability|p1a: LandOUrus-T|Intimidate|boost
|-unboost|p2a: Watcher|atk|1
|
|-heal|p1a: LandOUrus-T|80/100|[from] item: Leftovers
|-heal|p2a: Watcher|83/100|[from] item: Leftovers
|upkeep
|turn|56
|
|t:|1664308142
|switch|p1a: Prédastérie|Toxapex, F|89/100
|-damage|p1a: Prédastérie|77/100|[from] Spikes
|-damage|p1a: Prédastérie|65/100|[from] Stealth Rock
|move|p2a: Watcher|Calm Mind|p2a: Watcher
|-boost|p2a: Watcher|spa|1
|-boost|p2a: Watcher|spd|1
|
|-heal|p2a: Watcher|89/100|[from] item: Leftovers
|upkeep
|turn|57
|
|t:|1664308145
|move|p2a: Watcher|Calm Mind|p2a: Watcher
|-boost|p2a: Watcher|spa|1
|-boost|p2a: Watcher|spd|1
|move|p1a: Prédastérie|Gunk Shot|p2a: Watcher
|-supereffective|p2a: Watcher
|-crit|p2a: Watcher
|-damage|p2a: Watcher|0 fnt
|faint|p2a: Watcher
|
|upkeep
|l| StupidIdiotMe
|c|☆Steez Ibanez|gg
|c|☆Down$hift|gg
|-message|Steez Ibanez forfeited.
|
|win|Down$hift
|raw|Down$hift's rating: 1698 &rarr; <strong>1729</strong><br />(+31 for winning)
|raw|Steez Ibanez's rating: 1923 &rarr; <strong>1892</strong><br />(-31 for losing)
|l|☆Steez Ibanez
|j| sufy512
||Ladder isn't responding, score probably updated but might not have (Request timeout).
|j| KfcGuyHeLikesFries
|j| GengarAdept
|j| Thetoastedrebirth
|j| kiko besamoros
|j| TheWelshCorgi
|l| KfcGuyHeLikesFries
|j| Egg Custap
|l| TheWelshCorgi
|l| kiko besamoros
|l| sufy512
|l| Thetoastedrebirth
|l| Egg Custap
|l| Dono3
|l| GengarAdept
|l| sle7in
