|j|☆early_human
|j|☆PokePowerfull
|t:|1632940599
|gametype|singles
|player|p1|early_human|dancer|1796
|player|p2|PokePowerfull|169|1806
|teamsize|p1|6
|teamsize|p2|6
|gen|8
|tier|[Gen 8] OU
|rated|
|rule|Sleep Clause Mod: Limit one foe put to sleep
|rule|Species Clause: Limit one of each Pokémon
|rule|OHKO Clause: OHKO moves are banned
|rule|Evasion Moves Clause: Evasion moves are banned
|rule|Endless Battle Clause: Forcing endless battles is banned
|rule|HP Percentage Mod: HP is shown in percentages
|rule|Dynamax Clause: You cannot dynamax
|clearpoke
|poke|p1|Moltres-Galar|
|poke|p1|Aegislash, F|
|poke|p1|Buzzwole|
|poke|p1|Latios, M|
|poke|p1|Landorus-Therian, M|
|poke|p1|Bisharp, F|
|poke|p2|Landorus-Therian, M|
|poke|p2|Blissey, F|
|poke|p2|Dragapult, F|
|poke|p2|Zapdos-Galar|
|poke|p2|Slowbro, M|
|poke|p2|Urshifu-*, M|
|teampreview
|
|t:|1632940609
|start
|switch|p1a: Aegislash|Aegislash, F|100/100
|switch|p2a: Landorus|Landorus-Therian, M|100/100
|-ability|p2a: Landorus|Intimidate|boost
|-unboost|p1a: Aegislash|atk|1
|turn|1
|j| BabyPigsAreLaughin
|
|t:|1632940612
|move|p2a: Landorus|Earthquake|p1a: Aegislash
|-supereffective|p1a: Aegislash
|-damage|p1a: Aegislash|22/100
|-enditem|p1a: Aegislash|Weakness Policy
|-boost|p1a: Aegislash|atk|2|[from] item: Weakness Policy
|-boost|p1a: Aegislash|spa|2|[from] item: Weakness Policy
|-formechange|p1a: Aegislash|Aegislash-Blade||[from] ability: Stance Change
|move|p1a: Aegislash|Shadow Ball|p2a: Landorus
|-damage|p2a: Landorus|5/100
|
|upkeep
|turn|2
|
|t:|1632940621
|move|p1a: Aegislash|Shadow Sneak|p2a: Landorus
|-damage|p2a: Landorus|0 fnt
|-damage|p1a: Aegislash|5/100|[from] item: Rocky Helmet|[of] p2a: Landorus
|faint|p2a: Landorus
|
|upkeep
|j| Reign1997
|
|t:|1632940625
|switch|p2a: Urshifu|Urshifu-Rapid-Strike, M|100/100
|turn|3
|j| newbees
|
|t:|1632940628
|move|p2a: Urshifu|Aqua Jet|p1a: Aegislash
|-damage|p1a: Aegislash|0 fnt
|faint|p1a: Aegislash
|
|upkeep
|
|t:|1632940631
|switch|p1a: Latios|Latios, M|100/100
|turn|4
|
|t:|1632940644
|switch|p2a: Blissey|Blissey, F|100/100
|move|p1a: Latios|Future Sight|p2a: Blissey
|-start|p1a: Latios|move: Future Sight
|
|upkeep
|turn|5
|
|t:|1632940656
|switch|p1a: Bisharp|Bisharp, F|100/100
|move|p2a: Blissey|Teleport|p2a: Blissey
|
|t:|1632940664
|switch|p2a: Urshifu|Urshifu-Rapid-Strike, M|100/100|[from]move: Teleport
|
|upkeep
|turn|6
|
|t:|1632940667
|move|p2a: Urshifu|U-turn|p1a: Bisharp
|-damage|p1a: Bisharp|69/100
|
|t:|1632940672
|switch|p2a: Slowbro|Slowbro, M|100/100|[from]move: U-turn
|move|p1a: Bisharp|Knock Off|p2a: Slowbro
|-supereffective|p2a: Slowbro
|-damage|p2a: Slowbro|37/100
|-enditem|p2a: Slowbro|Heavy-Duty Boots|[from] move: Knock Off|[of] p1a: Bisharp
|
|-end|p2a: Slowbro|move: Future Sight
|-resisted|p2a: Slowbro
|-damage|p2a: Slowbro|7/100
|upkeep
|turn|7
|
|t:|1632940680
|switch|p1a: Latios|Latios, M|100/100
|switch|p2a: Urshifu|Urshifu-Rapid-Strike, M|100/100
|
|upkeep
|turn|8
|j| OnGroveStreet
|
|t:|1632940686
|switch|p2a: Slowbro|Slowbro, M|40/100
|move|p1a: Latios|Psychic|p2a: Slowbro
|-resisted|p2a: Slowbro
|-damage|p2a: Slowbro|12/100
|
|upkeep
|turn|9
|
|t:|1632940691
|switch|p2a: Blissey|Blissey, F|100/100
|move|p1a: Latios|Future Sight|p2a: Blissey
|-start|p1a: Latios|move: Future Sight
|
|upkeep
|turn|10
|
|t:|1632940703
|move|p1a: Latios|Psychic|p2a: Blissey
|-damage|p2a: Blissey|81/100
|move|p2a: Blissey|Teleport|p2a: Blissey
|
|t:|1632940706
|switch|p2a: Slowbro|Slowbro, M|45/100|[from]move: Teleport
|
|upkeep
|turn|11
|
|t:|1632940713
|move|p1a: Latios|Draco Meteor|p2a: Slowbro
|-damage|p2a: Slowbro|0 fnt
|-unboost|p1a: Latios|spa|2
|faint|p2a: Slowbro
|
|-hint|Future Sight did not hit because the target is fainted.
|upkeep
|
|t:|1632940717
|switch|p2a: Dragapult|Dragapult, F|100/100
|turn|12
|
|t:|1632940723
|switch|p1a: Bisharp|Bisharp, F|69/100
|move|p2a: Dragapult|Dragon Darts|p1a: Bisharp
|-resisted|p1a: Bisharp
|-damage|p1a: Bisharp|51/100
|-anim|p2a: Dragapult|Dragon Darts|p1a: Bisharp
|-resisted|p1a: Bisharp
|-damage|p1a: Bisharp|34/100
|-damage|p2a: Dragapult|91/100|[from] item: Life Orb
|
|upkeep
|turn|13
|l| OnGroveStreet
|
|t:|1632940733
|move|p2a: Dragapult|Flamethrower|p1a: Bisharp
|-supereffective|p1a: Bisharp
|-damage|p1a: Bisharp|0 fnt
|faint|p1a: Bisharp
|-damage|p2a: Dragapult|81/100|[from] item: Life Orb
|
|upkeep
|
|t:|1632940735
|switch|p1a: Moltres|Moltres-Galar|100/100
|turn|14
|
|t:|1632940740
|switch|p2a: Blissey|Blissey, F|81/100
|switch|p1a: Buzzwole|Buzzwole|100/100
|
|upkeep
|turn|15
|j| OnGroveStreet
|
|t:|1632940748
|switch|p2a: Urshifu|Urshifu-Rapid-Strike, M|100/100
|move|p1a: Buzzwole|Close Combat|p2a: Urshifu
|-damage|p2a: Urshifu|3/100
|-unboost|p1a: Buzzwole|def|1
|-unboost|p1a: Buzzwole|spd|1
|
|upkeep
|turn|16
|
|t:|1632940755
|move|p2a: Urshifu|Surging Strikes|p1a: Buzzwole
|-crit|p1a: Buzzwole
|-damage|p1a: Buzzwole|78/100
|-crit|p1a: Buzzwole
|-damage|p1a: Buzzwole|57/100
|-crit|p1a: Buzzwole
|-damage|p1a: Buzzwole|36/100
|-hitcount|p1a: Buzzwole|3
|move|p1a: Buzzwole|Close Combat|p2a: Urshifu
|-damage|p2a: Urshifu|0 fnt
|-unboost|p1a: Buzzwole|def|1
|-unboost|p1a: Buzzwole|spd|1
|faint|p2a: Urshifu
|-ability|p1a: Buzzwole|Beast Boost|boost
|-boost|p1a: Buzzwole|atk|1
|
|upkeep
|
|t:|1632940771
|switch|p2a: Zapdos|Zapdos-Galar|100/100
|turn|17
|j| OU make me yawn ½
|
|t:|1632940791
|move|p1a: Buzzwole|Close Combat|p2a: Zapdos
|-resisted|p2a: Zapdos
|-damage|p2a: Zapdos|21/100
|-unboost|p1a: Buzzwole|def|1
|-unboost|p1a: Buzzwole|spd|1
|move|p2a: Zapdos|Substitute|p2a: Zapdos
|-fail|p2a: Zapdos|move: Substitute|[weak]
|
|-heal|p2a: Zapdos|27/100|[from] item: Leftovers
|upkeep
|turn|18
|c|☆early_human|wat
|
|t:|1632940799
|switch|p2a: Dragapult|Dragapult, F|81/100
|move|p1a: Buzzwole|Close Combat|p2a: Dragapult
|-immune|p2a: Dragapult
|
|upkeep
|turn|19
|
|t:|1632940805
|switch|p1a: Landorus|Landorus-Therian, M|100/100
|-ability|p1a: Landorus|Intimidate|boost
|-unboost|p2a: Dragapult|atk|1
|move|p2a: Dragapult|Dragon Darts|p1a: Landorus
|-damage|p1a: Landorus|79/100
|-anim|p2a: Dragapult|Dragon Darts|p1a: Landorus
|-damage|p1a: Landorus|58/100
|-damage|p2a: Dragapult|71/100|[from] item: Life Orb
|
|upkeep
|turn|20
|
|t:|1632940821
|switch|p2a: Zapdos|Zapdos-Galar|27/100
|move|p1a: Landorus|Rock Tomb|p2a: Zapdos
|-damage|p2a: Zapdos|4/100
|-unboost|p2a: Zapdos|spe|1
|-ability|p2a: Zapdos|Defiant
|-boost|p2a: Zapdos|atk|2
|
|-heal|p2a: Zapdos|10/100|[from] item: Leftovers
|upkeep
|turn|21
|
|t:|1632940828
|move|p1a: Landorus|Rock Tomb|p2a: Zapdos|[miss]
|-miss|p1a: Landorus|p2a: Zapdos
|move|p2a: Zapdos|Brave Bird|p1a: Landorus
|-damage|p1a: Landorus|0 fnt
|faint|p1a: Landorus
|-damage|p2a: Zapdos|0 fnt|[from] Recoil
|faint|p2a: Zapdos
|
|upkeep
|
|t:|1632940836
|switch|p1a: Moltres|Moltres-Galar|100/100
|switch|p2a: Dragapult|Dragapult, F|71/100
|turn|22
|
|t:|1632940838
|switch|p2a: Blissey|Blissey, F|81/100
|move|p1a: Moltres|Fiery Wrath|p2a: Blissey
|-damage|p2a: Blissey|65/100
|
|upkeep
|turn|23
|
|t:|1632940843
|move|p1a: Moltres|Nasty Plot|p1a: Moltres
|-boost|p1a: Moltres|spa|2
|move|p2a: Blissey|Seismic Toss|p1a: Moltres
|-damage|p1a: Moltres|70/100
|
|upkeep
|turn|24
|
|t:|1632940851
|move|p1a: Moltres|Agility|p1a: Moltres
|-boost|p1a: Moltres|spe|2
|move|p2a: Blissey|Toxic|p1a: Moltres
|-status|p1a: Moltres|tox
|
|-damage|p1a: Moltres|64/100 tox|[from] psn
|upkeep
|turn|25
|
|t:|1632940854
|move|p1a: Moltres|Nasty Plot|p1a: Moltres
|-boost|p1a: Moltres|spa|2
|move|p2a: Blissey|Soft-Boiled|p2a: Blissey
|-heal|p2a: Blissey|100/100
|
|-damage|p1a: Moltres|52/100 tox|[from] psn
|upkeep
|turn|26
|
|t:|1632940857
|move|p1a: Moltres|Nasty Plot|p1a: Moltres
|-boost|p1a: Moltres|spa|2
|move|p2a: Blissey|Soft-Boiled||[still]
|-fail|p2a: Blissey|heal
|
|-damage|p1a: Moltres|34/100 tox|[from] psn
|upkeep
|turn|27
|
|t:|1632940860
|move|p1a: Moltres|Fiery Wrath|p2a: Blissey
|-damage|p2a: Blissey|36/100
|move|p2a: Blissey|Soft-Boiled|p2a: Blissey
|-heal|p2a: Blissey|86/100
|
|-damage|p1a: Moltres|10/100 tox|[from] psn
|upkeep
|turn|28
|l| Reign1997
|-message|early_human forfeited.
|
|win|PokePowerfull
|raw|early_human's rating: 1796 &rarr; <strong>1777</strong><br />(-19 for losing)
|raw|PokePowerfull's rating: 1806 &rarr; <strong>1825</strong><br />(+19 for winning)
|l|☆early_human
|l|☆PokePowerfull
