|j|☆minimax_ai
|j|☆bramitoboy
|t:|1661361531
|gametype|singles
|player|p1|minimax_ai|lusamine-nihilego|1678
|player|p2|bramitoboy|169|1756
|teamsize|p1|6
|teamsize|p2|6
|gen|8
|tier|[Gen 8] OU
|rated|
|rule|Sleep Clause Mod: Limit one foe put to sleep
|rule|Species Clause: Limit one of each Pokémon
|rule|OHKO Clause: OHKO moves are banned
|rule|Evasion Items Clause: Evasion items are banned
|rule|Evasion Moves Clause: Evasion moves are banned
|rule|Endless Battle Clause: Forcing endless battles is banned
|rule|HP Percentage Mod: HP is shown in percentages
|rule|Dynamax Clause: You cannot dynamax
|clearpoke
|poke|p1|Rotom-Wash|
|poke|p1|Weavile, F|
|poke|p1|Landorus-Therian, M|
|poke|p1|Heatran, M|
|poke|p1|Tangrowth, M|
|poke|p1|Melmetal|
|poke|p2|Zarude-Dada|
|poke|p2|Keldeo-Resolute|
|poke|p2|Tapu Lele|
|poke|p2|Tapu Koko|
|poke|p2|Heatran, F|
|poke|p2|Landorus-Therian, M|
|teampreview
|c|☆minimax_ai|hf
|inactive|Battle timer is ON: inactive players will automatically lose when time's up. (requested by minimax_ai)
|inactive|bramitoboy has 120 seconds left.
|c|☆bramitoboy|u2
|
|t:|1661361568
|start
|switch|p1a: Melmetal|Melmetal|100/100
|switch|p2a: Heatran|Heatran, F|100/100
|-item|p2a: Heatran|Air Balloon
|turn|1
|
|t:|1661361573
|switch|p1a: rotomwash|Rotom-Wash|100/100
|move|p2a: Heatran|Magma Storm|p1a: rotomwash
|-resisted|p1a: rotomwash
|-damage|p1a: rotomwash|73/100
|-activate|p1a: rotomwash|move: Magma Storm|[of] p2a: Heatran
|
|-heal|p1a: rotomwash|79/100|[from] item: Leftovers
|-damage|p1a: rotomwash|67/100|[from] move: Magma Storm|[partiallytrapped]
|upkeep
|turn|2
|
|t:|1661361579
|switch|p2a: Zarude|Zarude-Dada|100/100
|move|p1a: rotomwash|Pain Split|p2a: Zarude
|-sethp|p2a: Zarude|79/100|[from] move: Pain Split|[silent]
|-sethp|p1a: rotomwash|91/100|[from] move: Pain Split
|
|-heal|p1a: rotomwash|98/100|[from] item: Leftovers
|-end|p1a: rotomwash|Magma Storm|[partiallytrapped]|[silent]
|upkeep
|turn|3
|
|t:|1661361588
|switch|p2a: Heatran|Heatran, F|100/100
|-item|p2a: Heatran|Air Balloon
|switch|p1a: Tangrowth|Tangrowth, M|100/100
|
|upkeep
|turn|4
|
|t:|1661361591
|switch|p1a: rotomwash|Rotom-Wash|98/100
|move|p2a: Heatran|Stealth Rock|p1a: rotomwash
|-sidestart|p1: minimax_ai|move: Stealth Rock
|
|-heal|p1a: rotomwash|100/100|[from] item: Leftovers
|upkeep
|turn|5
|
|t:|1661361594
|switch|p2a: Zarude|Zarude-Dada|79/100
|move|p1a: rotomwash|Thunderbolt|p2a: Zarude
|-resisted|p2a: Zarude
|-damage|p2a: Zarude|61/100
|
|upkeep
|turn|6
|
|t:|1661361600
|switch|p2a: Tapu Lele|Tapu Lele|100/100
|-fieldstart|move: Psychic Terrain|[from] ability: Psychic Surge|[of] p2a: Tapu Lele
|switch|p1a: Tangrowth|Tangrowth, M|100/100
|-damage|p1a: Tangrowth|88/100|[from] Stealth Rock
|
|upkeep
|turn|7
|
|t:|1661361607
|switch|p1a: Melmetal|Melmetal|100/100
|-damage|p1a: Melmetal|94/100|[from] Stealth Rock
|move|p2a: Tapu Lele|Focus Blast|p1a: Melmetal
|-supereffective|p1a: Melmetal
|-damage|p1a: Melmetal|47/100
|
|upkeep
|turn|8
|
|t:|1661361615
|switch|p2a: Heatran|Heatran, F|100/100
|-item|p2a: Heatran|Air Balloon
|move|p1a: Melmetal|Thunder Punch|p2a: Heatran
|-crit|p2a: Heatran
|-damage|p2a: Heatran|61/100
|-enditem|p2a: Heatran|Air Balloon
|
|upkeep
|turn|9
|
|t:|1661361623
|move|p2a: Heatran|Magma Storm|p1a: Melmetal
|-supereffective|p1a: Melmetal
|-damage|p1a: Melmetal|0 fnt
|faint|p1a: Melmetal
|
|upkeep
|
|t:|1661361623
|switch|p1a: Heatran|Heatran, M|100/100
|-damage|p1a: Heatran|88/100|[from] Stealth Rock
|-item|p1a: Heatran|Air Balloon
|turn|10
|
|t:|1661361630
|switch|p2a: Keldeo|Keldeo-Resolute|100/100
|move|p1a: Heatran|Stealth Rock|p2a: Keldeo
|-sidestart|p2: bramitoboy|move: Stealth Rock
|
|-fieldend|move: Psychic Terrain
|upkeep
|turn|11
|
|t:|1661361637
|switch|p1a: rotomwash|Rotom-Wash|100/100
|-damage|p1a: rotomwash|88/100|[from] Stealth Rock
|move|p2a: Keldeo|Scald|p1a: rotomwash
|-resisted|p1a: rotomwash
|-damage|p1a: rotomwash|66/100
|-status|p1a: rotomwash|brn
|
|-heal|p1a: rotomwash|72/100 brn|[from] item: Leftovers
|-damage|p1a: rotomwash|66/100 brn|[from] brn
|upkeep
|turn|12
|
|t:|1661361641
|move|p2a: Keldeo|Substitute|p2a: Keldeo
|-start|p2a: Keldeo|Substitute
|-damage|p2a: Keldeo|75/100
|move|p1a: rotomwash|Thunderbolt|p2a: Keldeo
|-supereffective|p2a: Keldeo
|-end|p2a: Keldeo|Substitute
|
|-heal|p2a: Keldeo|82/100|[from] item: Leftovers
|-heal|p1a: rotomwash|72/100 brn|[from] item: Leftovers
|-damage|p1a: rotomwash|66/100 brn|[from] brn
|upkeep
|turn|13
|
|t:|1661361647
|switch|p2a: Tapu Lele|Tapu Lele|100/100
|-damage|p2a: Tapu Lele|88/100|[from] Stealth Rock
|-fieldstart|move: Psychic Terrain|[from] ability: Psychic Surge|[of] p2a: Tapu Lele
|move|p1a: rotomwash|Thunderbolt|p2a: Tapu Lele
|-damage|p2a: Tapu Lele|65/100
|
|-heal|p1a: rotomwash|72/100 brn|[from] item: Leftovers
|-damage|p1a: rotomwash|66/100 brn|[from] brn
|upkeep
|turn|14
|
|t:|1661361651
|move|p2a: Tapu Lele|Psyshock|p1a: rotomwash
|-damage|p1a: rotomwash|7/100 brn
|move|p1a: rotomwash|Pain Split|p2a: Tapu Lele
|-sethp|p2a: Tapu Lele|36/100|[from] move: Pain Split|[silent]
|-sethp|p1a: rotomwash|34/100 brn|[from] move: Pain Split
|
|-heal|p1a: rotomwash|40/100 brn|[from] item: Leftovers
|-damage|p1a: rotomwash|34/100 brn|[from] brn
|upkeep
|turn|15
|
|t:|1661361656
|switch|p1a: Tangrowth|Tangrowth, M|100/100
|-damage|p1a: Tangrowth|88/100|[from] Stealth Rock
|move|p2a: Tapu Lele|Moonblast|p1a: Tangrowth
|-damage|p1a: Tangrowth|15/100
|
|upkeep
|turn|16
|
|t:|1661361661
|move|p2a: Tapu Lele|Focus Blast|p1a: Tangrowth|[miss]
|-miss|p2a: Tapu Lele|p1a: Tangrowth
|move|p1a: Tangrowth|Giga Drain|p2a: Tapu Lele
|-damage|p2a: Tapu Lele|17/100
|-heal|p1a: Tangrowth|22/100|[from] drain|[of] p2a: Tapu Lele
|
|upkeep
|turn|17
|
|t:|1661361665
|switch|p1a: rotomwash|Rotom-Wash|34/100 brn
|-damage|p1a: rotomwash|21/100 brn|[from] Stealth Rock
|move|p2a: Tapu Lele|Thunderbolt|p1a: rotomwash
|-damage|p1a: rotomwash|0 fnt
|faint|p1a: rotomwash
|
|-fieldend|move: Psychic Terrain
|upkeep
|
|t:|1661361666
|switch|p1a: Weavile|Weavile, F|100/100
|-damage|p1a: Weavile|76/100|[from] Stealth Rock
|-ability|p1a: Weavile|Pressure
|turn|18
|
|t:|1661361670
|switch|p2a: Landorus|Landorus-Therian, M|100/100
|-damage|p2a: Landorus|88/100|[from] Stealth Rock
|-ability|p2a: Landorus|Intimidate|boost
|-unboost|p1a: Weavile|atk|1
|move|p1a: Weavile|Triple Axel|p2a: Landorus
|-supereffective|p2a: Landorus
|-damage|p2a: Landorus|56/100
|-damage|p1a: Weavile|59/100|[from] item: Rocky Helmet|[of] p2a: Landorus
|-supereffective|p2a: Landorus
|-damage|p2a: Landorus|0 fnt
|-damage|p1a: Weavile|43/100|[from] item: Rocky Helmet|[of] p2a: Landorus
|faint|p2a: Landorus
|-hitcount|p2: Landorus|2
|
|upkeep
|
|t:|1661361675
|switch|p2a: Keldeo|Keldeo-Resolute|82/100
|-damage|p2a: Keldeo|75/100|[from] Stealth Rock
|turn|19
|
|t:|1661361682
|move|p1a: Weavile|Triple Axel|p2a: Keldeo|[miss]
|-miss|p1a: Weavile|p2a: Keldeo
|move|p2a: Keldeo|Calm Mind|p2a: Keldeo
|-boost|p2a: Keldeo|spa|1
|-boost|p2a: Keldeo|spd|1
|
|-heal|p2a: Keldeo|82/100|[from] item: Leftovers
|upkeep
|turn|20
|
|t:|1661361686
|move|p1a: Weavile|Triple Axel|p2a: Keldeo|[miss]
|-miss|p1a: Weavile|p2a: Keldeo
|move|p2a: Keldeo|Scald|p1a: Weavile
|-damage|p1a: Weavile|0 fnt
|faint|p1a: Weavile
|
|-heal|p2a: Keldeo|88/100|[from] item: Leftovers
|upkeep
|
|t:|1661361686
|switch|p1a: landorustherian|Landorus-Therian, M|100/100
|-damage|p1a: landorustherian|88/100|[from] Stealth Rock
|-ability|p1a: landorustherian|Intimidate|boost
|-unboost|p2a: Keldeo|atk|1
|turn|21
|
|t:|1661361689
|switch|p1a: Tangrowth|Tangrowth, M|55/100
|-damage|p1a: Tangrowth|43/100|[from] Stealth Rock
|move|p2a: Keldeo|Scald|p1a: Tangrowth
|-resisted|p1a: Tangrowth
|-damage|p1a: Tangrowth|0 fnt
|faint|p1a: Tangrowth
|
|-heal|p2a: Keldeo|94/100|[from] item: Leftovers
|upkeep
|
|t:|1661361689
|switch|p1a: landorustherian|Landorus-Therian, M|88/100
|-damage|p1a: landorustherian|76/100|[from] Stealth Rock
|-ability|p1a: landorustherian|Intimidate|boost
|-unboost|p2a: Keldeo|atk|1
|turn|22
|
|t:|1661361693
|move|p2a: Keldeo|Scald|p1a: landorustherian
|-supereffective|p1a: landorustherian
|-damage|p1a: landorustherian|0 fnt
|faint|p1a: landorustherian
|
|-heal|p2a: Keldeo|99/100|[from] item: Leftovers
|upkeep
|
|t:|1661361693
|switch|p1a: Heatran|Heatran, M|88/100
|-damage|p1a: Heatran|76/100|[from] Stealth Rock
|-item|p1a: Heatran|Air Balloon
|turn|23
|
|t:|1661361696
|move|p2a: Keldeo|Scald|p1a: Heatran
|-supereffective|p1a: Heatran
|-damage|p1a: Heatran|0 fnt
|-enditem|p1a: Heatran|Air Balloon
|faint|p1a: Heatran
|
|win|bramitoboy
|raw|minimax_ai's rating: 1678 &rarr; <strong>1662</strong><br />(-16 for losing)
|raw|bramitoboy's rating: 1756 &rarr; <strong>1772</strong><br />(+16 for winning)
|c|☆minimax_ai|gg
