|raw|<div class="broadcast-blue"><strong>This battle is required to be public due to a player having a name starting with 'lt91bb'.</div>
|j|☆dmt dreams
|j|☆LT91BB nolonolo
|t:|1659524265
|gametype|singles
|player|p1|dmt dreams|pokefan-gen4|1891
|player|p2|LT91BB nolonolo|102|1853
|teamsize|p1|6
|teamsize|p2|6
|gen|8
|tier|[Gen 8] OU
|rated|
|rule|Sleep Clause Mod: Limit one foe put to sleep
|rule|Species Clause: Limit one of each Pokémon
|rule|OHKO Clause: OHKO moves are banned
|rule|Evasion Moves Clause: Evasion moves are banned
|rule|Endless Battle Clause: Forcing endless battles is banned
|rule|HP Percentage Mod: HP is shown in percentages
|rule|Dynamax Clause: You cannot dynamax
|clearpoke
|poke|p1|Mew|
|poke|p1|Weavile, F|
|poke|p1|Celesteela|
|poke|p1|Crawdaunt, F|
|poke|p1|Garchomp, M|
|poke|p1|Blacephalon|
|poke|p2|Torkoal, F|
|poke|p2|Blaziken, M|
|poke|p2|Venusaur, M|
|poke|p2|Heatran, M|
|poke|p2|Latias, F|
|poke|p2|Landorus-Therian, M|
|teampreview
|
|t:|1659524277
|start
|switch|p1a: Mew|Mew, shiny|100/100
|switch|p2a: Landorus|Landorus-Therian, M|100/100
|-ability|p2a: Landorus|Intimidate|boost
|-unboost|p1a: Mew|atk|1
|turn|1
|inactive|Battle timer is ON: inactive players will automatically lose when time's up. (requested by dmt dreams)
|
|t:|1659524325
|move|p1a: Mew|Stealth Rock|p2a: Landorus
|-sidestart|p2: LT91BB nolonolo|move: Stealth Rock
|move|p2a: Landorus|U-turn|p1a: Mew
|-supereffective|p1a: Mew
|-damage|p1a: Mew|50/100
|
|t:|1659524333
|switch|p2a: Blaziken|Blaziken, M|100/100|[from]move: U-turn
|-damage|p2a: Blaziken|88/100|[from] Stealth Rock
|
|upkeep
|turn|2
|
|t:|1659524343
|move|p1a: Mew|Thunder Wave|p2a: Blaziken
|-status|p2a: Blaziken|par
|cant|p2a: Blaziken|par
|
|-ability|p2a: Blaziken|Speed Boost|boost
|-boost|p2a: Blaziken|spe|1
|upkeep
|turn|3
|
|t:|1659524346
|move|p1a: Mew|Spikes|p2a: Blaziken
|-sidestart|p2: LT91BB nolonolo|Spikes
|cant|p2a: Blaziken|par
|
|-ability|p2a: Blaziken|Speed Boost|boost
|-boost|p2a: Blaziken|spe|1
|upkeep
|turn|4
|
|t:|1659524349
|switch|p1a: Crawdaunt|Crawdaunt, F, shiny|100/100
|cant|p2a: Blaziken|par
|
|-ability|p2a: Blaziken|Speed Boost|boost
|-boost|p2a: Blaziken|spe|1
|upkeep
|turn|5
|
|t:|1659524352
|move|p1a: Crawdaunt|Aqua Jet|p2a: Blaziken
|-supereffective|p2a: Blaziken
|-damage|p2a: Blaziken|0 fnt
|faint|p2a: Blaziken
|-damage|p1a: Crawdaunt|91/100|[from] item: Life Orb
|
|upkeep
|
|t:|1659524364
|switch|p2a: Landorus|Landorus-Therian, M|100/100
|-damage|p2a: Landorus|88/100|[from] Stealth Rock
|-ability|p2a: Landorus|Intimidate|boost
|-unboost|p1a: Crawdaunt|atk|1
|turn|6
|
|t:|1659524373
|move|p2a: Landorus|U-turn|p1a: Crawdaunt
|-supereffective|p1a: Crawdaunt
|-damage|p1a: Crawdaunt|5/100
|-message|LT91BB nolonolo forfeited.
|
|win|dmt dreams
|raw|dmt dreams's rating: 1891 &rarr; <strong>1909</strong><br />(+18 for winning)
|raw|LT91BB nolonolo's rating: 1853 &rarr; <strong>1835</strong><br />(-18 for losing)
|l|☆LT91BB nolonolo
