|raw|<div class="broadcast-blue"><strong>This battle is required to be public due to a player having a name starting with 'lt92pf'.</div>
|j|☆pick of the litter
|j|☆LT92PF fardin
|t:|1659929288
|gametype|singles
|player|p1|pick of the litter|1|1668
|player|p2|LT92PF fardin|1|1884
|teamsize|p1|6
|teamsize|p2|6
|gen|8
|tier|[Gen 8] OU
|rated|
|rule|Sleep Clause Mod: Limit one foe put to sleep
|rule|Species Clause: Limit one of each Pokémon
|rule|OHKO Clause: OHKO moves are banned
|rule|Evasion Items Clause: Evasion items are banned
|rule|Evasion Moves Clause: Evasion moves are banned
|rule|Endless Battle Clause: Forcing endless battles is banned
|rule|HP Percentage Mod: HP is shown in percentages
|rule|Dynamax Clause: You cannot dynamax
|clearpoke
|poke|p1|Blaziken, M|
|poke|p1|Melmetal|
|poke|p1|Rillaboom, M|
|poke|p1|Landorus-Therian, M|
|poke|p1|Moltres-Galar|
|poke|p1|Tapu Fini|
|poke|p2|Slowking-Galar, M|
|poke|p2|Rotom-Wash|
|poke|p2|Garchomp, M|
|poke|p2|Tornadus-Therian, M|
|poke|p2|Ferrothorn, M|
|poke|p2|Weavile, M|
|teampreview
|inactive|Battle timer is ON: inactive players will automatically lose when time's up. (requested by LT92PF fardin)
|inactive|pick of the litter also wants the timer to be on.
|inactive|pick of the litter has 120 seconds left.
|inactive|LT92PF fardin has 120 seconds left.
|inactive|pick of the litter has 90 seconds left.
|inactive|LT92PF fardin has 90 seconds left.
|
|t:|1659929361
|start
|switch|p1a: Landorus|Landorus-Therian, M|100/100
|switch|p2a: Slowking|Slowking-Galar, M|100/100
|-ability|p1a: Landorus|Intimidate|boost
|-unboost|p2a: Slowking|atk|1
|turn|1
|
|t:|1659929371
|move|p1a: Landorus|Stealth Rock|p2a: Slowking
|-sidestart|p2: LT92PF fardin|move: Stealth Rock
|move|p2a: Slowking|Trick|p1a: Landorus
|-activate|p2a: Slowking|move: Trick|[of] p1a: Landorus
|-item|p1a: Landorus|Black Sludge|[from] move: Trick
|-item|p2a: Slowking|Leftovers|[from] move: Trick
|
|-damage|p1a: Landorus|88/100|[from] item: Black Sludge
|upkeep
|turn|2
|
|t:|1659929375
|switch|p2a: Tornadus|Tornadus-Therian, M|100/100
|move|p1a: Landorus|Toxic|p2a: Tornadus
|-status|p2a: Tornadus|tox
|
|-damage|p1a: Landorus|76/100|[from] item: Black Sludge
|-damage|p2a: Tornadus|94/100 tox|[from] psn
|upkeep
|turn|3
|
|t:|1659929395
|switch|p1a: Tapu Fini|Tapu Fini|100/100
|-fieldstart|move: Misty Terrain|[from] ability: Misty Surge|[of] p1a: Tapu Fini
|move|p2a: Tornadus|Defog|p1a: Tapu Fini
|-unboost|p1a: Tapu Fini|evasion|1
|-sideend|p2: LT92PF fardin|Stealth Rock|[from] move: Defog|[of] p2a: Tornadus
|-fieldend|Misty Terrain
|
|-damage|p2a: Tornadus|82/100 tox|[from] psn
|upkeep
|turn|4
|
|t:|1659929408
|switch|p1a: Landorus|Landorus-Therian, M|76/100
|-ability|p1a: Landorus|Intimidate|boost
|-unboost|p2a: Tornadus|atk|1
|move|p2a: Tornadus|U-turn|p1a: Landorus
|-resisted|p1a: Landorus
|-damage|p1a: Landorus|71/100
|
|t:|1659929409
|switch|p2a: Weavile|Weavile, M|100/100|[from]move: U-turn
|-ability|p2a: Weavile|Pressure
|
|-damage|p1a: Landorus|59/100|[from] item: Black Sludge
|upkeep
|turn|5
|
|t:|1659929414
|switch|p2a: Slowking|Slowking-Galar, M|100/100
|switch|p1a: Tapu Fini|Tapu Fini|100/100
|-fieldstart|move: Misty Terrain|[from] ability: Misty Surge|[of] p1a: Tapu Fini
|
|upkeep
|turn|6
|
|t:|1659929422
|switch|p1a: Melmetal|Melmetal|100/100
|move|p2a: Slowking|Psychic|p1a: Melmetal
|-resisted|p1a: Melmetal
|-damage|p1a: Melmetal|86/100
|-unboost|p1a: Melmetal|spd|1
|
|-heal|p1a: Melmetal|92/100|[from] item: Leftovers
|upkeep
|turn|7
|
|t:|1659929426
|switch|p1a: Blaziken|Blaziken, M|100/100
|switch|p2a: Ferrothorn|Ferrothorn, M|100/100
|
|upkeep
|turn|8
|
|t:|1659929433
|move|p1a: Blaziken|Swords Dance|p1a: Blaziken
|-boost|p1a: Blaziken|atk|2
|move|p2a: Ferrothorn|Leech Seed|p1a: Blaziken
|-start|p1a: Blaziken|move: Leech Seed
|
|-damage|p1a: Blaziken|88/100|[from] Leech Seed|[of] p2a: Ferrothorn
|-ability|p1a: Blaziken|Speed Boost|boost
|-boost|p1a: Blaziken|spe|1
|upkeep
|turn|9
|
|t:|1659929437
|switch|p2a: Slowking|Slowking-Galar, M|100/100
|move|p1a: Blaziken|Swords Dance|p1a: Blaziken
|-boost|p1a: Blaziken|atk|2
|
|-heal|p1a: Blaziken|94/100|[from] item: Leftovers
|-damage|p1a: Blaziken|82/100|[from] Leech Seed|[of] p2a: Slowking
|-fieldend|Misty Terrain
|-ability|p1a: Blaziken|Speed Boost|boost
|-boost|p1a: Blaziken|spe|1
|upkeep
|turn|10
|
|t:|1659929445
|switch|p2a: Garchomp|Garchomp, M|100/100
|move|p1a: Blaziken|Flare Blitz|p2a: Garchomp
|-resisted|p2a: Garchomp
|-damage|p2a: Garchomp|0 fnt
|-damage|p1a: Blaziken|69/100|[from] ability: Rough Skin|[of] p2a: Garchomp
|faint|p2a: Garchomp
|-damage|p1a: Blaziken|33/100|[from] Recoil
|
|-heal|p1a: Blaziken|39/100|[from] item: Leftovers
|-ability|p1a: Blaziken|Speed Boost|boost
|-boost|p1a: Blaziken|spe|1
|upkeep
|
|t:|1659929452
|switch|p2a: Slowking|Slowking-Galar, M|100/100
|turn|11
|
|t:|1659929465
|move|p1a: Blaziken|Flare Blitz|p2a: Slowking
|-damage|p2a: Slowking|0 fnt
|faint|p2a: Slowking
|-damage|p1a: Blaziken|0 fnt|[from] Recoil
|faint|p1a: Blaziken
|
|upkeep
|
|t:|1659929475
|switch|p1a: Rillaboom|Rillaboom, M|100/100
|switch|p2a: Rotom|Rotom-Wash|100/100
|-fieldstart|move: Grassy Terrain|[from] ability: Grassy Surge|[of] p1a: Rillaboom
|turn|12
|
|t:|1659929483
|switch|p2a: Tornadus|Tornadus-Therian, M|100/100 tox
|move|p1a: Rillaboom|Wood Hammer|p2a: Tornadus
|-resisted|p2a: Tornadus
|-damage|p2a: Tornadus|44/100 tox
|-damage|p1a: Rillaboom|81/100|[from] Recoil
|-damage|p1a: Rillaboom|71/100|[from] item: Life Orb
|
|-heal|p1a: Rillaboom|77/100|[from] Grassy Terrain
|-damage|p2a: Tornadus|38/100 tox|[from] psn
|upkeep
|turn|13
|
|t:|1659929496
|switch|p2a: Ferrothorn|Ferrothorn, M|100/100
|switch|p1a: Landorus|Landorus-Therian, M|59/100
|-ability|p1a: Landorus|Intimidate|boost
|-unboost|p2a: Ferrothorn|atk|1
|
|-damage|p1a: Landorus|47/100|[from] item: Black Sludge
|upkeep
|turn|14
|inactive|pick of the litter has 120 seconds left.
|
|t:|1659929526
|switch|p1a: Rillaboom|Rillaboom, M|77/100
|move|p2a: Ferrothorn|Stealth Rock|p1a: Rillaboom
|-sidestart|p1: pick of the litter|move: Stealth Rock
|
|-heal|p1a: Rillaboom|83/100|[from] Grassy Terrain
|upkeep
|turn|15
|
|t:|1659929554
|switch|p2a: Tornadus|Tornadus-Therian, M|71/100 tox
|move|p1a: Rillaboom|Swords Dance|p1a: Rillaboom
|-boost|p1a: Rillaboom|atk|2
|
|-heal|p1a: Rillaboom|89/100|[from] Grassy Terrain
|-damage|p2a: Tornadus|65/100 tox|[from] psn
|upkeep
|turn|16
|
|t:|1659929558
|switch|p2a: Ferrothorn|Ferrothorn, M|100/100
|move|p1a: Rillaboom|Grassy Glide|p2a: Ferrothorn
|-resisted|p2a: Ferrothorn
|-damage|p2a: Ferrothorn|81/100
|-damage|p1a: Rillaboom|77/100|[from] ability: Iron Barbs|[of] p2a: Ferrothorn
|-damage|p1a: Rillaboom|61/100|[from] item: Rocky Helmet|[of] p2a: Ferrothorn
|-damage|p1a: Rillaboom|51/100|[from] item: Life Orb
|
|-heal|p1a: Rillaboom|57/100|[from] Grassy Terrain
|-heal|p2a: Ferrothorn|87/100|[from] Grassy Terrain
|-fieldend|move: Grassy Terrain
|upkeep
|turn|17
|
|t:|1659929562
|switch|p2a: Tornadus|Tornadus-Therian, M|99/100 tox
|move|p1a: Rillaboom|Wood Hammer|p2a: Tornadus
|-resisted|p2a: Tornadus
|-crit|p2a: Tornadus
|-damage|p2a: Tornadus|0 fnt
|faint|p2a: Tornadus
|-damage|p1a: Rillaboom|22/100|[from] Recoil
|-damage|p1a: Rillaboom|13/100|[from] item: Life Orb
|
|upkeep
|
|t:|1659929565
|switch|p2a: Weavile|Weavile, M|100/100
|-ability|p2a: Weavile|Pressure
|turn|18
|
|t:|1659929585
|switch|p1a: Tapu Fini|Tapu Fini|100/100
|-damage|p1a: Tapu Fini|88/100|[from] Stealth Rock
|-fieldstart|move: Misty Terrain|[from] ability: Misty Surge|[of] p1a: Tapu Fini
|move|p2a: Weavile|Knock Off|p1a: Tapu Fini
|-resisted|p1a: Tapu Fini
|-damage|p1a: Tapu Fini|71/100
|-enditem|p1a: Tapu Fini|Leftovers|[from] move: Knock Off|[of] p2a: Weavile
|
|upkeep
|turn|19
|
|t:|1659929588
|switch|p2a: Rotom|Rotom-Wash|100/100
|move|p1a: Tapu Fini|Nature's Madness|p2a: Rotom
|-damage|p2a: Rotom|50/100
|
|-heal|p2a: Rotom|57/100|[from] item: Leftovers
|upkeep
|turn|20
|
|t:|1659929605
|move|p2a: Rotom|Hydro Pump|p1a: Tapu Fini
|-resisted|p1a: Tapu Fini
|-damage|p1a: Tapu Fini|56/100
|move|p1a: Tapu Fini|Moonblast|p2a: Rotom
|-damage|p2a: Rotom|30/100
|
|-heal|p2a: Rotom|36/100|[from] item: Leftovers
|upkeep
|turn|21
|
|t:|1659929625
|move|p2a: Rotom|Pain Split|p1a: Tapu Fini
|-sethp|p1a: Tapu Fini|44/100|[from] move: Pain Split|[silent]
|-sethp|p2a: Rotom|50/100|[from] move: Pain Split
|move|p1a: Tapu Fini|Moonblast|p2a: Rotom
|-damage|p2a: Rotom|21/100
|-unboost|p2a: Rotom|spa|1
|
|-heal|p2a: Rotom|27/100|[from] item: Leftovers
|upkeep
|turn|22
|
|t:|1659929631
|move|p2a: Rotom|Pain Split|p1a: Tapu Fini
|-sethp|p1a: Tapu Fini|34/100|[from] move: Pain Split|[silent]
|-sethp|p2a: Rotom|38/100|[from] move: Pain Split
|move|p1a: Tapu Fini|Nature's Madness|p2a: Rotom
|-damage|p2a: Rotom|20/100
|
|-heal|p2a: Rotom|26/100|[from] item: Leftovers
|-fieldend|Misty Terrain
|upkeep
|turn|23
|
|t:|1659929637
|move|p2a: Rotom|Pain Split|p1a: Tapu Fini
|-sethp|p1a: Tapu Fini|28/100|[from] move: Pain Split|[silent]
|-sethp|p2a: Rotom|32/100|[from] move: Pain Split
|move|p1a: Tapu Fini|Nature's Madness|p2a: Rotom
|-damage|p2a: Rotom|16/100
|
|-heal|p2a: Rotom|23/100|[from] item: Leftovers
|upkeep
|turn|24
|
|t:|1659929641
|move|p2a: Rotom|Volt Switch|p1a: Tapu Fini
|-supereffective|p1a: Tapu Fini
|-damage|p1a: Tapu Fini|2/100
|
|t:|1659929641
|switch|p2a: Weavile|Weavile, M|100/100|[from]move: Volt Switch
|-ability|p2a: Weavile|Pressure
|move|p1a: Tapu Fini|Nature's Madness|p2a: Weavile
|-damage|p2a: Weavile|51/100
|
|upkeep
|turn|25
|
|t:|1659929646
|move|p2a: Weavile|Knock Off|p1a: Tapu Fini
|-resisted|p1a: Tapu Fini
|-damage|p1a: Tapu Fini|0 fnt
|faint|p1a: Tapu Fini
|
|upkeep
|
|t:|1659929647
|switch|p1a: Melmetal|Melmetal|92/100
|-damage|p1a: Melmetal|86/100|[from] Stealth Rock
|turn|26
|
|t:|1659929650
|switch|p2a: Ferrothorn|Ferrothorn, M|87/100
|move|p1a: Melmetal|Superpower|p2a: Ferrothorn
|-supereffective|p2a: Ferrothorn
|-damage|p2a: Ferrothorn|31/100
|-unboost|p1a: Melmetal|atk|1
|-unboost|p1a: Melmetal|def|1
|-damage|p1a: Melmetal|73/100|[from] ability: Iron Barbs|[of] p2a: Ferrothorn
|-damage|p1a: Melmetal|57/100|[from] item: Rocky Helmet|[of] p2a: Ferrothorn
|
|-heal|p1a: Melmetal|63/100|[from] item: Leftovers
|upkeep
|turn|27
|
|t:|1659929670
|move|p1a: Melmetal|Protect|p1a: Melmetal
|-singleturn|p1a: Melmetal|Protect
|move|p2a: Ferrothorn|Leech Seed|p1a: Melmetal
|-activate|p1a: Melmetal|move: Protect
|
|-heal|p1a: Melmetal|69/100|[from] item: Leftovers
|upkeep
|turn|28
|
|t:|1659929678
|move|p1a: Melmetal|Superpower|p2a: Ferrothorn
|-supereffective|p2a: Ferrothorn
|-damage|p2a: Ferrothorn|0 fnt
|-unboost|p1a: Melmetal|atk|1
|-unboost|p1a: Melmetal|def|1
|-damage|p1a: Melmetal|56/100|[from] ability: Iron Barbs|[of] p2a: Ferrothorn
|-damage|p1a: Melmetal|40/100|[from] item: Rocky Helmet|[of] p2a: Ferrothorn
|faint|p2a: Ferrothorn
|
|-heal|p1a: Melmetal|46/100|[from] item: Leftovers
|upkeep
|
|t:|1659929679
|switch|p2a: Rotom|Rotom-Wash|23/100
|turn|29
|
|t:|1659929689
|move|p1a: Melmetal|Protect|p1a: Melmetal
|-singleturn|p1a: Melmetal|Protect
|move|p2a: Rotom|Pain Split|p1a: Melmetal
|-activate|p1a: Melmetal|move: Protect
|
|-heal|p2a: Rotom|29/100|[from] item: Leftovers
|-heal|p1a: Melmetal|52/100|[from] item: Leftovers
|upkeep
|turn|30
|
|t:|1659929698
|switch|p2a: Weavile|Weavile, M|51/100
|-ability|p2a: Weavile|Pressure
|switch|p1a: Rillaboom|Rillaboom, M|13/100
|-damage|p1a: Rillaboom|0 fnt|[from] Stealth Rock
|faint|p1a: Rillaboom
|
|upkeep
|
|t:|1659929700
|switch|p1a: Melmetal|Melmetal|52/100
|-damage|p1a: Melmetal|46/100|[from] Stealth Rock
|turn|31
|
|t:|1659929703
|move|p2a: Weavile|Knock Off|p1a: Melmetal
|-damage|p1a: Melmetal|17/100
|-enditem|p1a: Melmetal|Leftovers|[from] move: Knock Off|[of] p2a: Weavile
|move|p1a: Melmetal|Superpower|p2a: Weavile
|-supereffective|p2a: Weavile
|-damage|p2a: Weavile|0 fnt
|-unboost|p1a: Melmetal|atk|1
|-unboost|p1a: Melmetal|def|1
|faint|p2a: Weavile
|
|upkeep
|
|t:|1659929704
|switch|p2a: Rotom|Rotom-Wash|29/100
|turn|32
|
|t:|1659929707
|move|p2a: Rotom|Volt Switch|p1a: Melmetal
|-damage|p1a: Melmetal|0 fnt
|faint|p1a: Melmetal
|
|-heal|p2a: Rotom|35/100|[from] item: Leftovers
|upkeep
|
|t:|1659929708
|switch|p1a: Moltres|Moltres-Galar|100/100
|-damage|p1a: Moltres|76/100|[from] Stealth Rock
|turn|33
|j| Keldeo
|
|t:|1659929713
|move|p1a: Moltres|Fiery Wrath|p2a: Rotom
|-damage|p2a: Rotom|1/100
|cant|p2a: Rotom|flinch
|
|-heal|p2a: Rotom|7/100|[from] item: Leftovers
|upkeep
|turn|34
|-message|LT92PF fardin forfeited.
|
|win|pick of the litter
|raw|pick of the litter's rating: 1668 &rarr; <strong>1699</strong><br />(+31 for winning)
|raw|LT92PF fardin's rating: 1884 &rarr; <strong>1853</strong><br />(-31 for losing)
|l|☆LT92PF fardin
|l| Keldeo
||Ladder isn't responding, score probably updated but might not have (Request timeout).
