|j|‽minimax_ai
|j|☆Huskothy
|t:|1667277782
|gametype|singles
|player|p1|minimax_ai|266|1605
|player|p2|Huskothy|lucas|1801
|teamsize|p1|6
|teamsize|p2|6
|gen|8
|tier|[Gen 8] OU
|rated|
|rule|Sleep Clause Mod: Limit one foe put to sleep
|rule|Species Clause: Limit one of each Pokémon
|rule|OHKO Clause: OHKO moves are banned
|rule|Evasion Items Clause: Evasion items are banned
|rule|Evasion Moves Clause: Evasion moves are banned
|rule|Endless Battle Clause: Forcing endless battles is banned
|rule|HP Percentage Mod: HP is shown in percentages
|rule|Dynamax Clause: You cannot dynamax
|clearpoke
|poke|p1|Rotom-Wash|
|poke|p1|Weavile, F|
|poke|p1|Landorus-Therian, M|
|poke|p1|Heatran, M|
|poke|p1|Tangrowth, F|
|poke|p1|Melmetal|
|poke|p2|Swampert, F|
|poke|p2|Obstagoon, F|
|poke|p2|Landorus-Therian, M|
|poke|p2|Regieleki|
|poke|p2|Ferrothorn, M|
|poke|p2|Clefable, M|
|teampreview
|inactive|Battle timer is ON: inactive players will automatically lose when time's up. (requested by minimax_ai)
|
|t:|1667277808
|start
|switch|p1a: Weavile|Weavile, F|100/100
|switch|p2a: Clefable|Clefable, M|100/100
|-ability|p1a: Weavile|Pressure
|turn|1
|
|t:|1667277811
|switch|p1a: Heatran|Heatran, M|100/100
|-item|p1a: Heatran|Air Balloon
|move|p2a: Clefable|Moonblast|p1a: Heatran
|-resisted|p1a: Heatran
|-damage|p1a: Heatran|92/100
|-unboost|p1a: Heatran|spa|1
|-enditem|p1a: Heatran|Air Balloon
|
|upkeep
|turn|2
|
|t:|1667277820
|switch|p2a: Swampert|Swampert, F|100/100
|move|p1a: Heatran|Stealth Rock|p2a: Swampert
|-sidestart|p2: Huskothy|move: Stealth Rock
|
|upkeep
|turn|3
|
|t:|1667277826
|switch|p1a: Tangrowth|Tangrowth, F|100/100
|switch|p2a: Landorus|Landorus-Therian, M|100/100
|-damage|p2a: Landorus|88/100|[from] Stealth Rock
|-ability|p2a: Landorus|Intimidate|boost
|-unboost|p1a: Tangrowth|atk|1
|
|-heal|p2a: Landorus|94/100|[from] item: Leftovers
|upkeep
|turn|4
|
|t:|1667277829
|move|p2a: Landorus|Stealth Rock|p1a: Tangrowth
|-sidestart|p1: minimax_ai|move: Stealth Rock
|move|p1a: Tangrowth|Sleep Powder|p2a: Landorus
|-status|p2a: Landorus|slp|[from] move: Sleep Powder
|
|-heal|p2a: Landorus|99/100 slp|[from] item: Leftovers
|upkeep
|turn|5
|
|t:|1667277831
|cant|p2a: Landorus|slp
|move|p1a: Tangrowth|Knock Off|p2a: Landorus
|-damage|p2a: Landorus|86/100 slp
|-enditem|p2a: Landorus|Leftovers|[from] move: Knock Off|[of] p1a: Tangrowth
|
|upkeep
|turn|6
|
|t:|1667277833
|-curestatus|p2a: Landorus|slp|[msg]
|move|p2a: Landorus|Toxic|p1a: Tangrowth
|-status|p1a: Tangrowth|tox
|move|p1a: Tangrowth|Knock Off|p2a: Landorus
|-crit|p2a: Landorus
|-damage|p2a: Landorus|63/100
|
|-damage|p1a: Tangrowth|94/100 tox|[from] psn
|upkeep
|turn|7
|
|t:|1667277835
|move|p2a: Landorus|U-turn|p1a: Tangrowth
|-supereffective|p1a: Tangrowth
|-damage|p1a: Tangrowth|71/100 tox
|-damage|p2a: Landorus|47/100|[from] item: Rocky Helmet|[of] p1a: Tangrowth
|
|t:|1667277836
|switch|p2a: Ferrothorn|Ferrothorn, M|100/100|[from]move: U-turn
|-damage|p2a: Ferrothorn|94/100|[from] Stealth Rock
|move|p1a: Tangrowth|Focus Blast|p2a: Ferrothorn
|-supereffective|p2a: Ferrothorn
|-enditem|p2a: Ferrothorn|Chople Berry|[eat]
|-enditem|p2a: Ferrothorn|Chople Berry|[weaken]
|-damage|p2a: Ferrothorn|71/100
|
|-damage|p1a: Tangrowth|59/100 tox|[from] psn
|upkeep
|turn|8
|
|t:|1667277839
|switch|p1a: Landorus|Landorus-Therian, M|100/100
|-damage|p1a: Landorus|88/100|[from] Stealth Rock
|-ability|p1a: Landorus|Intimidate|boost
|-unboost|p2a: Ferrothorn|atk|1
|switch|p2a: Clefable|Clefable, M|100/100
|
|-heal|p1a: Landorus|94/100|[from] item: Leftovers
|upkeep
|turn|9
|
|t:|1667277841
|move|p1a: Landorus|Earthquake|p2a: Clefable
|-damage|p2a: Clefable|61/100
|move|p2a: Clefable|Moonblast|p1a: Landorus
|-damage|p1a: Landorus|70/100
|-unboost|p1a: Landorus|spa|1
|
|-heal|p1a: Landorus|76/100|[from] item: Leftovers
|upkeep
|turn|10
|
|t:|1667277843
|move|p1a: Landorus|Earthquake|p2a: Clefable
|-damage|p2a: Clefable|16/100
|move|p2a: Clefable|Soft-Boiled|p2a: Clefable
|-heal|p2a: Clefable|66/100
|
|-heal|p1a: Landorus|82/100|[from] item: Leftovers
|upkeep
|turn|11
|
|t:|1667277847
|move|p1a: Landorus|Earthquake|p2a: Clefable
|-damage|p2a: Clefable|26/100
|move|p2a: Clefable|Soft-Boiled|p2a: Clefable
|-heal|p2a: Clefable|76/100
|
|-heal|p1a: Landorus|88/100|[from] item: Leftovers
|upkeep
|turn|12
|
|t:|1667277850
|switch|p2a: Landorus|Landorus-Therian, M|47/100
|-damage|p2a: Landorus|35/100|[from] Stealth Rock
|-ability|p2a: Landorus|Intimidate|boost
|-unboost|p1a: Landorus|atk|1
|move|p1a: Landorus|Earthquake|p2a: Landorus
|-immune|p2a: Landorus
|
|-heal|p1a: Landorus|94/100|[from] item: Leftovers
|upkeep
|turn|13
|
|t:|1667277852
|move|p2a: Landorus|Toxic|p1a: Landorus
|-status|p1a: Landorus|tox
|move|p1a: Landorus|Toxic|p2a: Landorus
|-status|p2a: Landorus|tox
|
|-heal|p1a: Landorus|99/100 tox|[from] item: Leftovers
|-damage|p2a: Landorus|29/100 tox|[from] psn
|-damage|p1a: Landorus|94/100 tox|[from] psn
|upkeep
|turn|14
|
|t:|1667277853
|move|p2a: Landorus|U-turn|p1a: Landorus
|-resisted|p1a: Landorus
|-damage|p1a: Landorus|83/100 tox
|
|t:|1667277856
|switch|p2a: Ferrothorn|Ferrothorn, M|71/100|[from]move: U-turn
|-damage|p2a: Ferrothorn|64/100|[from] Stealth Rock
|move|p1a: Landorus|Toxic|p2a: Ferrothorn
|-immune|p2a: Ferrothorn
|
|-heal|p1a: Landorus|89/100 tox|[from] item: Leftovers
|-damage|p1a: Landorus|77/100 tox|[from] psn
|upkeep
|turn|15
|
|t:|1667277859
|move|p1a: Landorus|U-turn|p2a: Ferrothorn
|-damage|p2a: Ferrothorn|56/100
|-damage|p1a: Landorus|65/100 tox|[from] ability: Iron Barbs|[of] p2a: Ferrothorn
|
|t:|1667277860
|switch|p1a: Tangrowth|Tangrowth, F|92/100 tox|[from]move: U-turn
|-damage|p1a: Tangrowth|79/100 tox|[from] Stealth Rock
|move|p2a: Ferrothorn|Spikes|p1a: Tangrowth
|-sidestart|p1: minimax_ai|Spikes
|
|-damage|p1a: Tangrowth|73/100 tox|[from] psn
|upkeep
|turn|16
|
|t:|1667277863
|switch|p2a: Clefable|Clefable, M|76/100
|move|p1a: Tangrowth|Focus Blast|p2a: Clefable
|-resisted|p2a: Clefable
|-damage|p2a: Clefable|64/100
|
|-damage|p1a: Tangrowth|61/100 tox|[from] psn
|upkeep
|turn|17
|
|t:|1667277871
|switch|p1a: Melmetal|Melmetal|100/100
|-damage|p1a: Melmetal|94/100|[from] Stealth Rock
|-damage|p1a: Melmetal|82/100|[from] Spikes
|move|p2a: Clefable|Soft-Boiled|p2a: Clefable
|-heal|p2a: Clefable|100/100
|
|upkeep
|turn|18
|
|t:|1667277879
|switch|p2a: Ferrothorn|Ferrothorn, M|56/100
|-damage|p2a: Ferrothorn|49/100|[from] Stealth Rock
|move|p1a: Melmetal|Double Iron Bash|p2a: Ferrothorn
|-resisted|p2a: Ferrothorn
|-damage|p2a: Ferrothorn|37/100
|-damage|p1a: Melmetal|69/100|[from] ability: Iron Barbs|[of] p2a: Ferrothorn
|-resisted|p2a: Ferrothorn
|-damage|p2a: Ferrothorn|25/100
|-damage|p1a: Melmetal|57/100|[from] ability: Iron Barbs|[of] p2a: Ferrothorn
|-hitcount|p2a: Ferrothorn|2
|
|upkeep
|turn|19
|
|t:|1667277888
|switch|p2a: Landorus|Landorus-Therian, M|29/100 tox
|-damage|p2a: Landorus|16/100 tox|[from] Stealth Rock
|-ability|p2a: Landorus|Intimidate|boost
|-unboost|p1a: Melmetal|atk|1
|move|p1a: Melmetal|Double Iron Bash|p2a: Landorus
|-damage|p2a: Landorus|0 fnt
|faint|p2a: Landorus
|-hitcount|p2: Landorus|1
|
|upkeep
|
|t:|1667277893
|switch|p2a: Swampert|Swampert, F|100/100
|-damage|p2a: Swampert|94/100|[from] Stealth Rock
|turn|20
|
|t:|1667277895
|switch|p1a: Rotom|Rotom-Wash|100/100
|-damage|p1a: Rotom|88/100|[from] Stealth Rock
|move|p2a: Swampert|Substitute|p2a: Swampert
|-start|p2a: Swampert|Substitute
|-damage|p2a: Swampert|69/100
|
|-heal|p1a: Rotom|94/100|[from] item: Leftovers
|-heal|p2a: Swampert|75/100|[from] item: Leftovers
|upkeep
|turn|21
|
|t:|1667277897
|move|p1a: Rotom|Hydro Pump|p2a: Swampert
|-end|p2a: Swampert|Substitute
|move|p2a: Swampert|Bulk Up|p2a: Swampert
|-boost|p2a: Swampert|atk|1
|-boost|p2a: Swampert|def|1
|
|-heal|p1a: Rotom|100/100|[from] item: Leftovers
|-heal|p2a: Swampert|82/100|[from] item: Leftovers
|upkeep
|turn|22
|
|t:|1667277899
|move|p1a: Rotom|Nasty Plot|p1a: Rotom
|-boost|p1a: Rotom|spa|2
|move|p2a: Swampert|Liquidation|p1a: Rotom
|-resisted|p1a: Rotom
|-damage|p1a: Rotom|67/100
|
|-heal|p1a: Rotom|73/100|[from] item: Leftovers
|-heal|p2a: Swampert|88/100|[from] item: Leftovers
|upkeep
|turn|23
|
|t:|1667277900
|move|p1a: Rotom|Hydro Pump|p2a: Swampert
|-damage|p2a: Swampert|9/100
|move|p2a: Swampert|Liquidation|p1a: Rotom
|-resisted|p1a: Rotom
|-damage|p1a: Rotom|27/100
|-unboost|p1a: Rotom|def|1
|
|-heal|p1a: Rotom|33/100|[from] item: Leftovers
|-heal|p2a: Swampert|15/100|[from] item: Leftovers
|upkeep
|turn|24
|
|t:|1667277907
|move|p1a: Rotom|Hydro Pump|p2a: Swampert
|-damage|p2a: Swampert|0 fnt
|faint|p2a: Swampert
|
|-heal|p1a: Rotom|39/100|[from] item: Leftovers
|upkeep
|
|t:|1667277909
|switch|p2a: Obstagoon|Obstagoon, F|100/100
|-damage|p2a: Obstagoon|88/100|[from] Stealth Rock
|turn|25
|
|t:|1667277910
|switch|p1a: Melmetal|Melmetal|57/100
|-damage|p1a: Melmetal|51/100|[from] Stealth Rock
|-damage|p1a: Melmetal|38/100|[from] Spikes
|move|p2a: Obstagoon|Knock Off|p1a: Melmetal
|-damage|p1a: Melmetal|17/100
|-enditem|p1a: Melmetal|Assault Vest|[from] move: Knock Off|[of] p2a: Obstagoon
|
|-status|p2a: Obstagoon|brn|[from] item: Flame Orb
|upkeep
|turn|26
|
|t:|1667277913
|move|p2a: Obstagoon|Knock Off|p1a: Melmetal
|-damage|p1a: Melmetal|0 fnt
|faint|p1a: Melmetal
|
|-damage|p2a: Obstagoon|82/100 brn|[from] brn
|upkeep
|
|t:|1667277913
|switch|p1a: Weavile|Weavile, F|100/100
|-damage|p1a: Weavile|76/100|[from] Stealth Rock
|-damage|p1a: Weavile|63/100|[from] Spikes
|-ability|p1a: Weavile|Pressure
|turn|27
|
|t:|1667277922
|switch|p2a: Ferrothorn|Ferrothorn, M|25/100
|-damage|p2a: Ferrothorn|18/100|[from] Stealth Rock
|move|p1a: Weavile|Low Kick|p2a: Ferrothorn
|-supereffective|p2a: Ferrothorn
|-crit|p2a: Ferrothorn
|-damage|p2a: Ferrothorn|0 fnt
|-damage|p1a: Weavile|51/100|[from] ability: Iron Barbs|[of] p2a: Ferrothorn
|faint|p2a: Ferrothorn
|
|upkeep
|
|t:|1667277923
|switch|p2a: Regieleki|Regieleki|100/100
|turn|28
|
|t:|1667277928
|switch|p1a: Landorus|Landorus-Therian, M|65/100 tox
|-damage|p1a: Landorus|52/100 tox|[from] Stealth Rock
|-ability|p1a: Landorus|Intimidate|boost
|-unboost|p2a: Regieleki|atk|1
|move|p2a: Regieleki|Rapid Spin|p1a: Landorus
|-damage|p1a: Landorus|45/100 tox
|-boost|p2a: Regieleki|spe|1
|-sideend|p2: Huskothy|Stealth Rock|[from] move: Rapid Spin|[of] p2a: Regieleki
|
|-heal|p1a: Landorus|51/100 tox|[from] item: Leftovers
|-damage|p1a: Landorus|45/100 tox|[from] psn
|upkeep
|turn|29
|
|t:|1667277937
|switch|p2a: Clefable|Clefable, M|100/100
|move|p1a: Landorus|Defog|p2a: Clefable
|-unboost|p2a: Clefable|evasion|1
|-sideend|p1: minimax_ai|Spikes|[from] move: Defog|[of] p1a: Landorus
|-sideend|p1: minimax_ai|Stealth Rock|[from] move: Defog|[of] p1a: Landorus
|
|-heal|p1a: Landorus|51/100 tox|[from] item: Leftovers
|-damage|p1a: Landorus|39/100 tox|[from] psn
|upkeep
|turn|30
|
|t:|1667277941
|move|p1a: Landorus|U-turn|p2a: Clefable
|-resisted|p2a: Clefable
|-damage|p2a: Clefable|91/100
|-damage|p1a: Landorus|23/100 tox|[from] item: Rocky Helmet|[of] p2a: Clefable
|
|t:|1667277941
|switch|p1a: Heatran|Heatran, M|92/100|[from]move: U-turn
|move|p2a: Clefable|Thunder Wave|p1a: Heatran
|-status|p1a: Heatran|par
|
|upkeep
|turn|31
|
|t:|1667277945
|switch|p2a: Obstagoon|Obstagoon, F|82/100 brn
|move|p1a: Heatran|Magma Storm|p2a: Obstagoon|[miss]
|-miss|p1a: Heatran|p2a: Obstagoon
|
|-damage|p2a: Obstagoon|76/100 brn|[from] brn
|upkeep
|turn|32
|
|t:|1667277947
|switch|p1a: Landorus|Landorus-Therian, M|23/100 tox
|-ability|p1a: Landorus|Intimidate|boost
|-unboost|p2a: Obstagoon|atk|1
|move|p2a: Obstagoon|Knock Off|p1a: Landorus
|-damage|p1a: Landorus|0 fnt
|-enditem|p1a: Landorus|Leftovers|[from] move: Knock Off|[of] p2a: Obstagoon
|faint|p1a: Landorus
|
|-damage|p2a: Obstagoon|70/100 brn|[from] brn
|upkeep
|
|t:|1667277947
|switch|p1a: Weavile|Weavile, F|51/100
|-ability|p1a: Weavile|Pressure
|turn|33
|
|t:|1667277956
|switch|p2a: Clefable|Clefable, M|91/100
|move|p1a: Weavile|Triple Axel|p2a: Clefable
|-crit|p2a: Clefable
|-damage|p2a: Clefable|71/100
|-damage|p1a: Weavile|34/100|[from] item: Rocky Helmet|[of] p2a: Clefable
|-damage|p2a: Clefable|45/100
|-damage|p1a: Weavile|18/100|[from] item: Rocky Helmet|[of] p2a: Clefable
|-damage|p2a: Clefable|7/100
|-damage|p1a: Weavile|2/100|[from] item: Rocky Helmet|[of] p2a: Clefable
|-hitcount|p2a: Clefable|3
|
|upkeep
|turn|34
|
|t:|1667277959
|move|p1a: Weavile|Triple Axel|p2a: Clefable
|-damage|p2a: Clefable|0 fnt
|-damage|p1a: Weavile|0 fnt|[from] item: Rocky Helmet|[of] p2a: Clefable
|faint|p2a: Clefable
|faint|p1a: Weavile
|-hitcount|p2: Clefable|1
|
|upkeep
|
|t:|1667277967
|switch|p1a: Tangrowth|Tangrowth, F|94/100 tox
|switch|p2a: Obstagoon|Obstagoon, F|70/100 brn
|turn|35
|
|t:|1667277970
|move|p2a: Obstagoon|Parting Shot|p1a: Tangrowth
|-unboost|p1a: Tangrowth|atk|1
|-unboost|p1a: Tangrowth|spa|1
|
|t:|1667277971
|switch|p2a: Regieleki|Regieleki|100/100|[from]move: Parting Shot
|move|p1a: Tangrowth|Giga Drain|p2a: Regieleki
|-damage|p2a: Regieleki|65/100
|-heal|p1a: Tangrowth|100/100 tox|[from] drain|[of] p2a: Regieleki
|
|-damage|p1a: Tangrowth|94/100 tox|[from] psn
|upkeep
|turn|36
|
|t:|1667277974
|move|p2a: Regieleki|Volt Switch|p1a: Tangrowth
|-resisted|p1a: Tangrowth
|-damage|p1a: Tangrowth|59/100 tox
|
|t:|1667277976
|switch|p2a: Obstagoon|Obstagoon, F|70/100 brn|[from]move: Volt Switch
|move|p1a: Tangrowth|Giga Drain|p2a: Obstagoon
|-damage|p2a: Obstagoon|46/100 brn
|-heal|p1a: Tangrowth|69/100 tox|[from] drain|[of] p2a: Obstagoon
|
|-damage|p1a: Tangrowth|57/100 tox|[from] psn
|-damage|p2a: Obstagoon|40/100 brn|[from] brn
|upkeep
|turn|37
|
|t:|1667277990
|move|p2a: Obstagoon|Switcheroo|p1a: Tangrowth
|-activate|p2a: Obstagoon|move: Trick|[of] p1a: Tangrowth
|-item|p1a: Tangrowth|Flame Orb|[from] move: Switcheroo
|-item|p2a: Obstagoon|Rocky Helmet|[from] move: Switcheroo
|move|p1a: Tangrowth|Giga Drain|p2a: Obstagoon
|-damage|p2a: Obstagoon|19/100 brn
|-heal|p1a: Tangrowth|65/100 tox|[from] drain|[of] p2a: Obstagoon
|
|-damage|p1a: Tangrowth|47/100 tox|[from] psn
|-damage|p2a: Obstagoon|13/100 brn|[from] brn
|upkeep
|turn|38
|
|t:|1667277994
|switch|p1a: Heatran|Heatran, M|92/100 par
|move|p2a: Obstagoon|Facade|p1a: Heatran
|-resisted|p1a: Heatran
|-damage|p1a: Heatran|53/100 par
|
|-damage|p2a: Obstagoon|7/100 brn|[from] brn
|upkeep
|turn|39
|
|t:|1667277996
|move|p2a: Obstagoon|Parting Shot|p1a: Heatran
|-unboost|p1a: Heatran|atk|1
|-unboost|p1a: Heatran|spa|1
|
|t:|1667277997
|switch|p2a: Regieleki|Regieleki|65/100|[from]move: Parting Shot
|move|p1a: Heatran|Earth Power|p2a: Regieleki
|-supereffective|p2a: Regieleki
|-damage|p2a: Regieleki|0 fnt
|faint|p2a: Regieleki
|
|upkeep
|c|☆Huskothy|gg
|-message|Huskothy forfeited.
|
|win|minimax_ai
|raw|minimax_ai's rating: 1605 &rarr; <strong>1635</strong><br />(+30 for winning)
|raw|Huskothy's rating: 1801 &rarr; <strong>1771</strong><br />(-30 for losing)
|l|☆Huskothy
