|j|☆lukibrasil
|j|☆ElStefano
|t:|1654709193
|gametype|singles
|player|p1|lukibrasil|102|1569
|player|p2|ElStefano|2|1574
|teamsize|p1|6
|teamsize|p2|6
|gen|8
|tier|[Gen 8] OU
|rated|
|rule|Sleep Clause Mod: Limit one foe put to sleep
|rule|Species Clause: Limit one of each Pokémon
|rule|OHKO Clause: OHKO moves are banned
|rule|Evasion Moves Clause: Evasion moves are banned
|rule|Endless Battle Clause: Forcing endless battles is banned
|rule|HP Percentage Mod: HP is shown in percentages
|rule|Dynamax Clause: You cannot dynamax
|clearpoke
|poke|p1|Rillaboom, F|
|poke|p1|Magnezone|
|poke|p1|Heatran, M|
|poke|p1|Buzzwole|
|poke|p1|Tapu Fini|
|poke|p1|Kartana|
|poke|p2|Reuniclus, M|
|poke|p2|Toxapex, M|
|poke|p2|Landorus-Therian, M|
|poke|p2|Hydreigon, F|
|poke|p2|Clefable, M|
|poke|p2|Ferrothorn, F|
|teampreview
|c|☆ElStefano|Gl hf
|inactive|Battle timer is ON: inactive players will automatically lose when time's up. (requested by ElStefano)
|c|☆lukibrasil|gl
|
|t:|1654709255
|start
|switch|p1a: Rillaboom|Rillaboom, F|100/100
|switch|p2a: Hydreigon|Hydreigon, F|100/100
|-fieldstart|move: Grassy Terrain|[from] ability: Grassy Surge|[of] p1a: Rillaboom
|turn|1
|
|t:|1654709269
|move|p2a: Hydreigon|U-turn|p1a: Rillaboom
|-supereffective|p1a: Rillaboom
|-damage|p1a: Rillaboom|68/100
|
|t:|1654709273
|switch|p2a: Toxapex|Toxapex, M|100/100|[from]move: U-turn
|move|p1a: Rillaboom|U-turn|p2a: Toxapex
|-resisted|p2a: Toxapex
|-damage|p2a: Toxapex|90/100
|-damage|p1a: Rillaboom|52/100|[from] item: Rocky Helmet|[of] p2a: Toxapex
|
|t:|1654709276
|switch|p1a: Kartana|Kartana|100/100|[from]move: U-turn
|
|-heal|p2a: Toxapex|96/100|[from] Grassy Terrain
|upkeep
|turn|2
|
|t:|1654709282
|move|p1a: Kartana|Leaf Blade|p2a: Toxapex
|-damage|p2a: Toxapex|22/100
|-damage|p1a: Kartana|84/100|[from] item: Rocky Helmet|[of] p2a: Toxapex
|move|p2a: Toxapex|Knock Off|p1a: Kartana
|-damage|p1a: Kartana|68/100
|-enditem|p1a: Kartana|Choice Band|[from] move: Knock Off|[of] p2a: Toxapex
|
|-heal|p1a: Kartana|75/100|[from] Grassy Terrain
|-heal|p2a: Toxapex|28/100|[from] Grassy Terrain
|upkeep
|turn|3
|l|☆ElStefano
|inactive|ElStefano disconnected and has a minute to reconnect!
|player|p2|
|j|☆ElStefano
|inactive|ElStefano reconnected and has 120 seconds left.
|player|p2|ElStefano|2
|
|t:|1654709325
|switch|p2a: Ferrothorn|Ferrothorn, F|100/100
|move|p1a: Kartana|Knock Off|p2a: Ferrothorn
|-damage|p2a: Ferrothorn|73/100
|-damage|p1a: Kartana|62/100|[from] ability: Iron Barbs|[of] p2a: Ferrothorn
|-enditem|p2a: Ferrothorn|Leftovers|[from] move: Knock Off|[of] p1a: Kartana
|
|-heal|p1a: Kartana|68/100|[from] Grassy Terrain
|-heal|p2a: Ferrothorn|79/100|[from] Grassy Terrain
|upkeep
|turn|4
|inactive|lukibrasil has 120 seconds left.
|
|t:|1654709363
|switch|p1a: Magnezone|Magnezone|100/100
|switch|p2a: Toxapex|Toxapex, M|62/100
|
|-heal|p2a: Toxapex|68/100|[from] Grassy Terrain
|upkeep
|turn|5
|
|t:|1654709368
|switch|p2a: Landorus|Landorus-Therian, M|100/100
|-ability|p2a: Landorus|Intimidate|boost
|-unboost|p1a: Magnezone|atk|1
|move|p1a: Magnezone|Discharge|p2a: Landorus
|-immune|p2a: Landorus
|
|-fieldend|move: Grassy Terrain
|upkeep
|turn|6
|
|t:|1654709373
|switch|p1a: Buzzwole|Buzzwole|100/100
|move|p2a: Landorus|Stealth Rock|p1a: Buzzwole
|-sidestart|p1: lukibrasil|move: Stealth Rock
|
|upkeep
|turn|7
|
|t:|1654709379
|switch|p2a: Ferrothorn|Ferrothorn, F|79/100
|move|p1a: Buzzwole|Ice Punch|p2a: Ferrothorn
|-damage|p2a: Ferrothorn|61/100
|-damage|p1a: Buzzwole|88/100|[from] ability: Iron Barbs|[of] p2a: Ferrothorn
|
|upkeep
|turn|8
|
|t:|1654709385
|switch|p2a: Toxapex|Toxapex, M|100/100
|move|p1a: Buzzwole|Earthquake|p2a: Toxapex
|-supereffective|p2a: Toxapex
|-damage|p2a: Toxapex|57/100
|
|upkeep
|turn|9
|
|t:|1654709393
|move|p1a: Buzzwole|Earthquake|p2a: Toxapex
|-supereffective|p2a: Toxapex
|-damage|p2a: Toxapex|16/100
|move|p2a: Toxapex|Toxic Spikes|p1a: Buzzwole
|-sidestart|p1: lukibrasil|move: Toxic Spikes
|
|upkeep
|turn|10
|
|t:|1654709399
|switch|p2a: Ferrothorn|Ferrothorn, F|61/100
|move|p1a: Buzzwole|Ice Punch|p2a: Ferrothorn
|-damage|p2a: Ferrothorn|45/100
|-damage|p1a: Buzzwole|76/100|[from] ability: Iron Barbs|[of] p2a: Ferrothorn
|
|upkeep
|turn|11
|
|t:|1654709405
|move|p1a: Buzzwole|Drain Punch|p2a: Ferrothorn
|-supereffective|p2a: Ferrothorn
|-damage|p2a: Ferrothorn|0 fnt
|-heal|p1a: Buzzwole|98/100|[from] drain|[of] p2a: Ferrothorn
|-damage|p1a: Buzzwole|85/100|[from] ability: Iron Barbs|[of] p2a: Ferrothorn
|faint|p2a: Ferrothorn
|-ability|p1a: Buzzwole|Beast Boost|boost
|-boost|p1a: Buzzwole|atk|1
|
|upkeep
|
|t:|1654709410
|switch|p2a: Hydreigon|Hydreigon, F|100/100
|turn|12
|
|t:|1654709418
|move|p2a: Hydreigon|U-turn|p1a: Buzzwole
|-resisted|p1a: Buzzwole
|-damage|p1a: Buzzwole|80/100
|
|t:|1654709422
|switch|p2a: Landorus|Landorus-Therian, M|100/100|[from]move: U-turn
|-ability|p2a: Landorus|Intimidate|boost
|-unboost|p1a: Buzzwole|atk|1
|move|p1a: Buzzwole|Leech Life|p2a: Landorus
|-resisted|p2a: Landorus
|-damage|p2a: Landorus|79/100
|-heal|p1a: Buzzwole|92/100|[from] drain|[of] p2a: Landorus
|
|-heal|p2a: Landorus|85/100|[from] item: Leftovers
|upkeep
|turn|13
|
|t:|1654709429
|switch|p2a: Toxapex|Toxapex, M|49/100
|move|p1a: Buzzwole|Ice Punch|p2a: Toxapex
|-resisted|p2a: Toxapex
|-damage|p2a: Toxapex|42/100
|-damage|p1a: Buzzwole|75/100|[from] item: Rocky Helmet|[of] p2a: Toxapex
|
|upkeep
|turn|14
|
|t:|1654709431
|switch|p2a: Hydreigon|Hydreigon, F|100/100
|move|p1a: Buzzwole|Earthquake|p2a: Hydreigon
|-immune|p2a: Hydreigon|[from] ability: Levitate
|
|upkeep
|turn|15
|
|t:|1654709435
|move|p2a: Hydreigon|Flamethrower|p1a: Buzzwole
|-supereffective|p1a: Buzzwole
|-damage|p1a: Buzzwole|0 fnt
|faint|p1a: Buzzwole
|
|upkeep
|
|t:|1654709439
|switch|p1a: Heatran|Heatran, M|100/100
|-damage|p1a: Heatran|88/100|[from] Stealth Rock
|turn|16
|
|t:|1654709443
|switch|p2a: Landorus|Landorus-Therian, M|85/100
|-ability|p2a: Landorus|Intimidate|boost
|-unboost|p1a: Heatran|atk|1
|move|p1a: Heatran|Earth Power|p2a: Landorus
|-immune|p2a: Landorus
|
|-heal|p2a: Landorus|91/100|[from] item: Leftovers
|upkeep
|turn|17
|
|t:|1654709450
|switch|p1a: Tapu Fini|Tapu Fini|100/100
|-damage|p1a: Tapu Fini|88/100|[from] Stealth Rock
|-status|p1a: Tapu Fini|psn
|-fieldstart|move: Misty Terrain|[from] ability: Misty Surge|[of] p1a: Tapu Fini
|move|p2a: Landorus|Earthquake|p1a: Tapu Fini
|-damage|p1a: Tapu Fini|49/100 psn
|
|-heal|p2a: Landorus|97/100|[from] item: Leftovers
|-damage|p1a: Tapu Fini|36/100 psn|[from] psn
|upkeep
|turn|18
|
|t:|1654709456
|switch|p2a: Toxapex|Toxapex, M|75/100
|move|p1a: Tapu Fini|Surf|p2a: Toxapex
|-resisted|p2a: Toxapex
|-crit|p2a: Toxapex
|-damage|p2a: Toxapex|56/100
|
|-damage|p1a: Tapu Fini|24/100 psn|[from] psn
|upkeep
|turn|19
|
|t:|1654709466
|switch|p1a: Kartana|Kartana|68/100
|-damage|p1a: Kartana|62/100|[from] Stealth Rock
|switch|p2a: Hydreigon|Hydreigon, F|100/100
|
|upkeep
|turn|20
|
|t:|1654709473
|move|p2a: Hydreigon|Dark Pulse|p1a: Kartana
|-damage|p1a: Kartana|0 fnt
|faint|p1a: Kartana
|
|upkeep
|
|t:|1654709477
|switch|p1a: Magnezone|Magnezone|100/100
|-damage|p1a: Magnezone|94/100|[from] Stealth Rock
|turn|21
|
|t:|1654709481
|switch|p2a: Landorus|Landorus-Therian, M|97/100
|-ability|p2a: Landorus|Intimidate|boost
|-unboost|p1a: Magnezone|atk|1
|switch|p1a: Rillaboom|Rillaboom, F|52/100
|-damage|p1a: Rillaboom|40/100|[from] Stealth Rock
|-fieldstart|move: Grassy Terrain|[from] ability: Grassy Surge|[of] p1a: Rillaboom
|
|-heal|p1a: Rillaboom|46/100|[from] Grassy Terrain
|-heal|p2a: Landorus|100/100|[from] item: Leftovers
|upkeep
|turn|22
|
|t:|1654709490
|switch|p2a: Hydreigon|Hydreigon, F|100/100
|move|p1a: Rillaboom|Grassy Glide|p2a: Hydreigon
|-resisted|p2a: Hydreigon
|-damage|p2a: Hydreigon|61/100
|
|-heal|p1a: Rillaboom|52/100|[from] Grassy Terrain
|upkeep
|turn|23
|c|☆lukibrasil|what why am I not poisoned?
|inactive|lukibrasil has 120 seconds left.
|c|☆ElStefano|Heavy duty boots
|c|☆lukibrasil|I have a choice band
|c|☆lukibrasil|and the rocks hurt me look
|inactive|lukibrasil has 90 seconds left.
|c|☆ElStefano|Right
|
|t:|1654709559
|switch|p1a: Magnezone|Magnezone|94/100
|-damage|p1a: Magnezone|88/100|[from] Stealth Rock
|move|p2a: Hydreigon|Dark Pulse|p1a: Magnezone
|-damage|p1a: Magnezone|28/100
|
|-heal|p1a: Magnezone|34/100|[from] Grassy Terrain
|-heal|p1a: Magnezone|40/100|[from] item: Leftovers
|upkeep
|turn|24
|inactive|lukibrasil has 90 seconds left.
|c|☆ElStefano|Maybe the terrain somehow?
|c|☆ElStefano|Strange
|
|t:|1654709572
|move|p2a: Hydreigon|Dark Pulse|p1a: Magnezone
|-damage|p1a: Magnezone|0 fnt
|faint|p1a: Magnezone
|
|upkeep
|inactive|lukibrasil has 90 seconds left.
|
|t:|1654709580
|switch|p1a: Tapu Fini|Tapu Fini|24/100 psn
|-damage|p1a: Tapu Fini|12/100 psn|[from] Stealth Rock
|-fieldstart|move: Misty Terrain|[from] ability: Misty Surge|[of] p1a: Tapu Fini
|turn|25
|
|t:|1654709583
|move|p2a: Hydreigon|Dark Pulse|p1a: Tapu Fini
|-resisted|p1a: Tapu Fini
|-damage|p1a: Tapu Fini|0 fnt
|faint|p1a: Tapu Fini
|
|upkeep
|
|t:|1654709591
|switch|p1a: Heatran|Heatran, M|88/100
|-damage|p1a: Heatran|76/100|[from] Stealth Rock
|turn|26
|
|t:|1654709597
|switch|p2a: Landorus|Landorus-Therian, M|100/100
|-ability|p2a: Landorus|Intimidate|boost
|-unboost|p1a: Heatran|atk|1
|move|p1a: Heatran|Lava Plume|p2a: Landorus
|-damage|p2a: Landorus|69/100
|-status|p2a: Landorus|brn
|
|-heal|p2a: Landorus|75/100 brn|[from] item: Leftovers
|-damage|p2a: Landorus|69/100 brn|[from] brn
|upkeep
|turn|27
|
|t:|1654709601
|move|p1a: Heatran|Lava Plume|p2a: Landorus
|-damage|p2a: Landorus|36/100 brn
|move|p2a: Landorus|U-turn|p1a: Heatran
|-resisted|p1a: Heatran
|-damage|p1a: Heatran|73/100
|
|t:|1654709606
|switch|p2a: Hydreigon|Hydreigon, F|61/100|[from]move: U-turn
|
|upkeep
|turn|28
|
|t:|1654709611
|move|p2a: Hydreigon|Earth Power|p1a: Heatran
|-supereffective|p1a: Heatran
|-damage|p1a: Heatran|0 fnt
|faint|p1a: Heatran
|
|upkeep
|
|t:|1654709613
|switch|p1a: Rillaboom|Rillaboom, F|52/100
|-damage|p1a: Rillaboom|40/100|[from] Stealth Rock
|-fieldstart|move: Grassy Terrain|[from] ability: Grassy Surge|[of] p1a: Rillaboom
|turn|29
|
|t:|1654709621
|switch|p2a: Landorus|Landorus-Therian, M|36/100 brn
|-ability|p2a: Landorus|Intimidate|boost
|-unboost|p1a: Rillaboom|atk|1
|move|p1a: Rillaboom|Grassy Glide|p2a: Landorus
|-damage|p2a: Landorus|0 fnt
|faint|p2a: Landorus
|
|-heal|p1a: Rillaboom|46/100|[from] Grassy Terrain
|upkeep
|
|t:|1654709625
|switch|p2a: Hydreigon|Hydreigon, F|61/100
|turn|30
|
|t:|1654709627
|move|p1a: Rillaboom|Grassy Glide|p2a: Hydreigon
|-resisted|p2a: Hydreigon
|-crit|p2a: Hydreigon
|-damage|p2a: Hydreigon|0 fnt
|faint|p2a: Hydreigon
|
|-heal|p1a: Rillaboom|52/100|[from] Grassy Terrain
|upkeep
|
|t:|1654709643
|switch|p2a: Toxapex|Toxapex, M|89/100
|turn|31
|
|t:|1654709650
|move|p1a: Rillaboom|Grassy Glide|p2a: Toxapex
|-damage|p2a: Toxapex|63/100
|-damage|p1a: Rillaboom|35/100|[from] item: Rocky Helmet|[of] p2a: Toxapex
|move|p2a: Toxapex|Recover|p2a: Toxapex
|-heal|p2a: Toxapex|100/100
|
|-heal|p1a: Rillaboom|42/100|[from] Grassy Terrain
|upkeep
|turn|32
|
|t:|1654709657
|move|p1a: Rillaboom|Grassy Glide|p2a: Toxapex
|-damage|p2a: Toxapex|71/100
|-damage|p1a: Rillaboom|25/100|[from] item: Rocky Helmet|[of] p2a: Toxapex
|move|p2a: Toxapex|Scald|p1a: Rillaboom
|-resisted|p1a: Rillaboom
|-damage|p1a: Rillaboom|14/100
|
|-heal|p1a: Rillaboom|20/100|[from] Grassy Terrain
|-heal|p2a: Toxapex|77/100|[from] Grassy Terrain
|upkeep
|turn|33
|
|t:|1654709660
|move|p1a: Rillaboom|Grassy Glide|p2a: Toxapex
|-damage|p2a: Toxapex|50/100
|-damage|p1a: Rillaboom|3/100|[from] item: Rocky Helmet|[of] p2a: Toxapex
|move|p2a: Toxapex|Recover|p2a: Toxapex
|-heal|p2a: Toxapex|99/100
|
|-heal|p1a: Rillaboom|10/100|[from] Grassy Terrain
|-heal|p2a: Toxapex|100/100|[from] Grassy Terrain
|-fieldend|move: Grassy Terrain
|upkeep
|turn|34
|
|t:|1654709665
|move|p1a: Rillaboom|Grassy Glide|p2a: Toxapex
|-damage|p2a: Toxapex|80/100
|-damage|p1a: Rillaboom|0 fnt|[from] item: Rocky Helmet|[of] p2a: Toxapex
|faint|p1a: Rillaboom
|
|win|ElStefano
|raw|lukibrasil's rating: 1569 &rarr; <strong>1549</strong><br />(-20 for losing)
|raw|ElStefano's rating: 1574 &rarr; <strong>1594</strong><br />(+20 for winning)
