|j|☆stopthreat
|j|☆minimax_ai
|t:|1661749467
|gametype|singles
|player|p1|stopthreat|skier|1601
|player|p2|minimax_ai|lusamine-nihilego|1585
|teamsize|p1|6
|teamsize|p2|6
|gen|8
|tier|[Gen 8] OU
|rated|
|rule|Sleep Clause Mod: Limit one foe put to sleep
|rule|Species Clause: Limit one of each Pokémon
|rule|OHKO Clause: OHKO moves are banned
|rule|Evasion Items Clause: Evasion items are banned
|rule|Evasion Moves Clause: Evasion moves are banned
|rule|Endless Battle Clause: Forcing endless battles is banned
|rule|HP Percentage Mod: HP is shown in percentages
|rule|Dynamax Clause: You cannot dynamax
|clearpoke
|poke|p1|Dragapult, M|
|poke|p1|Clefable, F|
|poke|p1|Crawdaunt, M|
|poke|p1|Gastrodon, F|
|poke|p1|Tornadus-Therian, M|
|poke|p1|Heatran, F|
|poke|p2|Rotom-Wash|
|poke|p2|Weavile, F|
|poke|p2|Landorus-Therian, M|
|poke|p2|Heatran, M|
|poke|p2|Tangrowth, M|
|poke|p2|Melmetal|
|teampreview
|c|☆minimax_ai|hf
|inactive|Battle timer is ON: inactive players will automatically lose when time's up. (requested by minimax_ai)
|j| ShiraEyye
|
|t:|1661749491
|start
|switch|p1a: Clefable|Clefable, F|100/100
|switch|p2a: landorustherian|Landorus-Therian, M|100/100
|-ability|p2a: landorustherian|Intimidate|boost
|-unboost|p1a: Clefable|atk|1
|turn|1
|
|t:|1661749496
|move|p1a: Clefable|Ice Beam|p2a: landorustherian
|-supereffective|p2a: landorustherian
|-damage|p2a: landorustherian|1/100
|move|p2a: landorustherian|Toxic|p1a: Clefable
|-status|p1a: Clefable|tox
|
|-heal|p2a: landorustherian|7/100|[from] item: Leftovers
|upkeep
|turn|2
|
|t:|1661749513
|switch|p2a: rotomwash|Rotom-Wash|100/100
|move|p1a: Clefable|Moonblast|p2a: rotomwash
|-damage|p2a: rotomwash|40/100
|
|-heal|p2a: rotomwash|46/100|[from] item: Leftovers
|upkeep
|turn|3
|
|t:|1661749515
|move|p2a: rotomwash|Pain Split|p1a: Clefable
|-sethp|p1a: Clefable|71/100 tox|[from] move: Pain Split|[silent]
|-sethp|p2a: rotomwash|78/100|[from] move: Pain Split
|move|p1a: Clefable|Moonblast|p2a: rotomwash
|-damage|p2a: rotomwash|21/100
|
|-heal|p2a: rotomwash|27/100|[from] item: Leftovers
|upkeep
|turn|4
|
|t:|1661749517
|move|p2a: rotomwash|Pain Split|p1a: Clefable
|-sethp|p1a: Clefable|48/100 tox|[from] move: Pain Split|[silent]
|-sethp|p2a: rotomwash|52/100|[from] move: Pain Split
|move|p1a: Clefable|Moonblast|p2a: rotomwash
|-damage|p2a: rotomwash|0 fnt
|faint|p2a: rotomwash
|
|upkeep
|
|t:|1661749517
|switch|p2a: Heatran|Heatran, M|100/100
|-item|p2a: Heatran|Air Balloon
|turn|5
|
|t:|1661749520
|switch|p1a: Gastrodon|Gastrodon, F|100/100
|move|p2a: Heatran|Stealth Rock|p1a: Gastrodon
|-sidestart|p1: stopthreat|move: Stealth Rock
|
|upkeep
|turn|6
|
|t:|1661749524
|switch|p2a: landorustherian|Landorus-Therian, M|7/100
|-ability|p2a: landorustherian|Intimidate|boost
|-unboost|p1a: Gastrodon|atk|1
|move|p1a: Gastrodon|Scald|p2a: landorustherian
|-supereffective|p2a: landorustherian
|-damage|p2a: landorustherian|0 fnt
|faint|p2a: landorustherian
|
|upkeep
|
|t:|1661749524
|switch|p2a: Weavile|Weavile, F|100/100
|-ability|p2a: Weavile|Pressure
|turn|7
|
|t:|1661749527
|move|p2a: Weavile|Knock Off|p1a: Gastrodon
|-damage|p1a: Gastrodon|47/100
|-enditem|p1a: Gastrodon|Leftovers|[from] move: Knock Off|[of] p2a: Weavile
|move|p1a: Gastrodon|Toxic|p2a: Weavile
|-status|p2a: Weavile|tox
|
|-damage|p2a: Weavile|94/100 tox|[from] psn
|upkeep
|turn|8
|
|t:|1661749532
|move|p2a: Weavile|Knock Off|p1a: Gastrodon
|-damage|p1a: Gastrodon|11/100
|move|p1a: Gastrodon|Recover|p1a: Gastrodon
|-heal|p1a: Gastrodon|61/100
|
|-damage|p2a: Weavile|82/100 tox|[from] psn
|upkeep
|turn|9
|
|t:|1661749534
|move|p2a: Weavile|Knock Off|p1a: Gastrodon
|-damage|p1a: Gastrodon|24/100
|move|p1a: Gastrodon|Recover|p1a: Gastrodon
|-heal|p1a: Gastrodon|74/100
|
|-damage|p2a: Weavile|64/100 tox|[from] psn
|upkeep
|turn|10
|
|t:|1661749536
|move|p2a: Weavile|Knock Off|p1a: Gastrodon
|-damage|p1a: Gastrodon|37/100
|move|p1a: Gastrodon|Recover|p1a: Gastrodon
|-heal|p1a: Gastrodon|87/100
|
|-damage|p2a: Weavile|40/100 tox|[from] psn
|upkeep
|turn|11
|
|t:|1661749537
|move|p2a: Weavile|Knock Off|p1a: Gastrodon
|-damage|p1a: Gastrodon|49/100
|move|p1a: Gastrodon|Recover|p1a: Gastrodon
|-heal|p1a: Gastrodon|99/100
|
|-damage|p2a: Weavile|10/100 tox|[from] psn
|upkeep
|turn|12
|
|t:|1661749539
|move|p2a: Weavile|Knock Off|p1a: Gastrodon
|-damage|p1a: Gastrodon|62/100
|move|p1a: Gastrodon|Recover|p1a: Gastrodon
|-heal|p1a: Gastrodon|100/100
|
|-damage|p2a: Weavile|0 fnt|[from] psn
|faint|p2a: Weavile
|upkeep
|
|t:|1661749539
|switch|p2a: Tangrowth|Tangrowth, M|100/100
|turn|13
|
|t:|1661749542
|switch|p1a: Tornadus|Tornadus-Therian, M|100/100
|move|p2a: Tangrowth|Sleep Powder|p1a: Tornadus
|-status|p1a: Tornadus|slp|[from] move: Sleep Powder
|
|upkeep
|turn|14
|
|t:|1661749544
|switch|p1a: Heatran|Heatran, F|100/100
|-damage|p1a: Heatran|88/100|[from] Stealth Rock
|switch|p2a: Melmetal|Melmetal|100/100
|
|-heal|p1a: Heatran|94/100|[from] item: Leftovers
|upkeep
|turn|15
|
|t:|1661749549
|move|p1a: Heatran|Protect|p1a: Heatran
|-singleturn|p1a: Heatran|Protect
|move|p2a: Melmetal|Earthquake|p1a: Heatran
|-activate|p1a: Heatran|move: Protect
|
|-heal|p1a: Heatran|100/100|[from] item: Leftovers
|upkeep
|turn|16
|
|t:|1661749552
|switch|p1a: Gastrodon|Gastrodon, F|100/100
|-damage|p1a: Gastrodon|94/100|[from] Stealth Rock
|move|p2a: Melmetal|Earthquake|p1a: Gastrodon
|-crit|p1a: Gastrodon
|-damage|p1a: Gastrodon|54/100
|
|upkeep
|turn|17
|
|t:|1661749557
|move|p1a: Gastrodon|Recover|p1a: Gastrodon
|-heal|p1a: Gastrodon|100/100
|move|p2a: Melmetal|Double Iron Bash|p1a: Gastrodon
|-resisted|p1a: Gastrodon
|-damage|p1a: Gastrodon|87/100
|-resisted|p1a: Gastrodon
|-damage|p1a: Gastrodon|73/100
|-hitcount|p1a: Gastrodon|2
|
|upkeep
|turn|18
|
|t:|1661749559
|move|p1a: Gastrodon|Earth Power|p2a: Melmetal
|-supereffective|p2a: Melmetal
|-damage|p2a: Melmetal|70/100
|move|p2a: Melmetal|Double Iron Bash|p1a: Gastrodon
|-resisted|p1a: Gastrodon
|-damage|p1a: Gastrodon|59/100
|-resisted|p1a: Gastrodon
|-damage|p1a: Gastrodon|44/100
|-hitcount|p1a: Gastrodon|2
|
|upkeep
|turn|19
|
|t:|1661749562
|move|p1a: Gastrodon|Recover|p1a: Gastrodon
|-heal|p1a: Gastrodon|94/100
|move|p2a: Melmetal|Double Iron Bash|p1a: Gastrodon
|-resisted|p1a: Gastrodon
|-damage|p1a: Gastrodon|80/100
|-resisted|p1a: Gastrodon
|-damage|p1a: Gastrodon|66/100
|-hitcount|p1a: Gastrodon|2
|
|upkeep
|turn|20
|
|t:|1661749564
|move|p1a: Gastrodon|Earth Power|p2a: Melmetal
|-supereffective|p2a: Melmetal
|-damage|p2a: Melmetal|38/100
|move|p2a: Melmetal|Double Iron Bash|p1a: Gastrodon
|-resisted|p1a: Gastrodon
|-damage|p1a: Gastrodon|50/100
|-resisted|p1a: Gastrodon
|-damage|p1a: Gastrodon|34/100
|-hitcount|p1a: Gastrodon|2
|
|upkeep
|turn|21
|
|t:|1661749567
|move|p1a: Gastrodon|Recover|p1a: Gastrodon
|-heal|p1a: Gastrodon|84/100
|move|p2a: Melmetal|Double Iron Bash|p1a: Gastrodon
|-resisted|p1a: Gastrodon
|-damage|p1a: Gastrodon|70/100
|-resisted|p1a: Gastrodon
|-damage|p1a: Gastrodon|54/100
|-hitcount|p1a: Gastrodon|2
|
|upkeep
|turn|22
|
|t:|1661749569
|move|p1a: Gastrodon|Recover|p1a: Gastrodon
|-heal|p1a: Gastrodon|100/100
|move|p2a: Melmetal|Ice Punch|p1a: Gastrodon
|-damage|p1a: Gastrodon|74/100
|
|upkeep
|turn|23
|
|t:|1661749571
|move|p1a: Gastrodon|Earth Power|p2a: Melmetal
|-supereffective|p2a: Melmetal
|-damage|p2a: Melmetal|8/100
|move|p2a: Melmetal|Ice Punch|p1a: Gastrodon
|-damage|p1a: Gastrodon|51/100
|
|upkeep
|turn|24
|
|t:|1661749572
|switch|p2a: Tangrowth|Tangrowth, M|100/100
|move|p1a: Gastrodon|Recover|p1a: Gastrodon
|-heal|p1a: Gastrodon|100/100
|
|upkeep
|turn|25
|
|t:|1661749577
|switch|p1a: Clefable|Clefable, F|48/100 tox
|move|p2a: Tangrowth|Giga Drain|p1a: Clefable
|-damage|p1a: Clefable|19/100 tox
|
|upkeep
|turn|26
|
|t:|1661749579
|switch|p2a: Heatran|Heatran, M|100/100
|-item|p2a: Heatran|Air Balloon
|move|p1a: Clefable|Flamethrower|p2a: Heatran
|-start|p2a: Heatran|ability: Flash Fire
|
|upkeep
|turn|27
|
|t:|1661749580
|move|p2a: Heatran|Earth Power|p1a: Clefable
|-damage|p1a: Clefable|0 fnt
|faint|p1a: Clefable
|
|upkeep
|
|t:|1661749582
|switch|p1a: Crawdaunt|Crawdaunt, M|100/100
|-damage|p1a: Crawdaunt|88/100|[from] Stealth Rock
|turn|28
|
|t:|1661749585
|-end|p2a: Heatran|ability: Flash Fire|[silent]
|switch|p2a: Tangrowth|Tangrowth, M|100/100
|move|p1a: Crawdaunt|Knock Off|p2a: Tangrowth
|-damage|p2a: Tangrowth|47/100
|-damage|p1a: Crawdaunt|72/100|[from] item: Rocky Helmet|[of] p2a: Tangrowth
|-enditem|p2a: Tangrowth|Rocky Helmet|[from] move: Knock Off|[of] p1a: Crawdaunt
|
|upkeep
|turn|29
|
|t:|1661749588
|switch|p1a: Heatran|Heatran, F|100/100
|-damage|p1a: Heatran|88/100|[from] Stealth Rock
|move|p2a: Tangrowth|Giga Drain|p1a: Heatran
|-resisted|p1a: Heatran
|-damage|p1a: Heatran|83/100
|-heal|p2a: Tangrowth|49/100|[from] drain|[of] p1a: Heatran
|
|-heal|p1a: Heatran|90/100|[from] item: Leftovers
|upkeep
|turn|30
|
|t:|1661749595
|switch|p1a: Crawdaunt|Crawdaunt, M|72/100
|-damage|p1a: Crawdaunt|59/100|[from] Stealth Rock
|switch|p2a: Heatran|Heatran, M|100/100
|-item|p2a: Heatran|Air Balloon
|
|upkeep
|turn|31
|
|t:|1661749599
|move|p2a: Heatran|Earth Power|p1a: Crawdaunt
|-damage|p1a: Crawdaunt|0 fnt
|faint|p1a: Crawdaunt
|
|upkeep
|
|t:|1661749605
|switch|p1a: Dragapult|Dragapult, M|100/100
|-damage|p1a: Dragapult|88/100|[from] Stealth Rock
|turn|32
|
|t:|1661749607
|switch|p2a: Melmetal|Melmetal|8/100
|move|p1a: Dragapult|Shadow Ball|p2a: Melmetal
|-damage|p2a: Melmetal|0 fnt
|faint|p2a: Melmetal
|
|upkeep
|
|t:|1661749607
|switch|p2a: Heatran|Heatran, M|100/100
|-item|p2a: Heatran|Air Balloon
|turn|33
|
|t:|1661749609
|move|p1a: Dragapult|Shadow Ball|p2a: Heatran
|-crit|p2a: Heatran
|-damage|p2a: Heatran|28/100
|-enditem|p2a: Heatran|Air Balloon
|move|p2a: Heatran|Magma Storm|p1a: Dragapult
|-resisted|p1a: Dragapult
|-damage|p1a: Dragapult|51/100
|-activate|p1a: Dragapult|move: Magma Storm|[of] p2a: Heatran
|
|-damage|p1a: Dragapult|38/100|[from] move: Magma Storm|[partiallytrapped]
|upkeep
|turn|34
|
|t:|1661749611
|move|p1a: Dragapult|Shadow Ball|p2a: Heatran
|-damage|p2a: Heatran|0 fnt
|faint|p2a: Heatran
|
|-end|p1a: Dragapult|Magma Storm|[partiallytrapped]|[silent]
|upkeep
|
|t:|1661749611
|switch|p2a: Tangrowth|Tangrowth, M|82/100
|turn|35
|
|t:|1661749613
|move|p1a: Dragapult|Shadow Ball|p2a: Tangrowth
|-damage|p2a: Tangrowth|6/100
|move|p2a: Tangrowth|Knock Off|p1a: Dragapult
|-supereffective|p1a: Dragapult
|-crit|p1a: Dragapult
|-damage|p1a: Dragapult|0 fnt
|-enditem|p1a: Dragapult|Choice Specs|[from] move: Knock Off|[of] p2a: Tangrowth
|faint|p1a: Dragapult
|
|upkeep
|
|t:|1661749615
|switch|p1a: Heatran|Heatran, F|90/100
|-damage|p1a: Heatran|77/100|[from] Stealth Rock
|turn|36
|
|t:|1661749617
|move|p1a: Heatran|Magma Storm|p2a: Tangrowth|[miss]
|-miss|p1a: Heatran|p2a: Tangrowth
|move|p2a: Tangrowth|Knock Off|p1a: Heatran
|-damage|p1a: Heatran|58/100
|-enditem|p1a: Heatran|Leftovers|[from] move: Knock Off|[of] p2a: Tangrowth
|
|upkeep
|turn|37
|
|t:|1661749618
|move|p1a: Heatran|Magma Storm|p2a: Tangrowth
|-supereffective|p2a: Tangrowth
|-damage|p2a: Tangrowth|0 fnt
|faint|p2a: Tangrowth
|
|win|stopthreat
|raw|stopthreat's rating: 1601 &rarr; <strong>1620</strong><br />(+19 for winning)
|raw|minimax_ai's rating: 1585 &rarr; <strong>1566</strong><br />(-19 for losing)
|c|☆minimax_ai|gg
