|raw|<div class="broadcast-blue"><strong>This battle is required to be public due to a player having a name starting with 'lt93oq'.</div>
|j|☆LudwigFrog
|j|☆LT93OQ xavgb
|t:|1660870971
|gametype|singles
|player|p1|LudwigFrog|hilbert-wonderlauncher|1896
|player|p2|LT93OQ xavgb|101|1803
|teamsize|p1|6
|teamsize|p2|6
|gen|8
|tier|[Gen 8] OU
|rated|
|rule|Sleep Clause Mod: Limit one foe put to sleep
|rule|Species Clause: Limit one of each Pokémon
|rule|OHKO Clause: OHKO moves are banned
|rule|Evasion Items Clause: Evasion items are banned
|rule|Evasion Moves Clause: Evasion moves are banned
|rule|Endless Battle Clause: Forcing endless battles is banned
|rule|HP Percentage Mod: HP is shown in percentages
|rule|Dynamax Clause: You cannot dynamax
|clearpoke
|poke|p1|Dragapult, F|
|poke|p1|Tyranitar, F|
|poke|p1|Ferrothorn, M|
|poke|p1|Rillaboom, F|
|poke|p1|Corviknight, F|
|poke|p1|Gastrodon-East, F|
|poke|p2|Rillaboom, F|
|poke|p2|Dragonite, M|
|poke|p2|Weavile, F|
|poke|p2|Heatran, M|
|poke|p2|Nidoking, M|
|poke|p2|Crawdaunt, F|
|teampreview
|inactive|Battle timer is ON: inactive players will automatically lose when time's up. (requested by LudwigFrog)
|j| yddonaldfree
|inactive|LT93OQ xavgb has 120 seconds left.
|
|t:|1660871004
|start
|switch|p1a: Tyranitar|Tyranitar, F|100/100
|switch|p2a: Rillaboom|Rillaboom, F|100/100
|-weather|Sandstorm|[from] ability: Sand Stream|[of] p1a: Tyranitar
|-fieldstart|move: Grassy Terrain|[from] ability: Grassy Surge|[of] p2a: Rillaboom
|turn|1
|
|t:|1660871014
|switch|p1a: Ferrothorn|Ferrothorn, M|100/100
|move|p2a: Rillaboom|Swords Dance|p2a: Rillaboom
|-boost|p2a: Rillaboom|atk|2
|
|-weather|Sandstorm|[upkeep]
|-damage|p2a: Rillaboom|94/100|[from] Sandstorm
|-heal|p2a: Rillaboom|100/100|[from] Grassy Terrain
|upkeep
|turn|2
|
|t:|1660871019
|switch|p1a: Dragapult|Dragapult, F|100/100
|move|p2a: Rillaboom|Superpower|p1a: Dragapult
|-immune|p1a: Dragapult
|
|-weather|Sandstorm|[upkeep]
|-damage|p1a: Dragapult|95/100|[from] Sandstorm
|-damage|p2a: Rillaboom|94/100|[from] Sandstorm
|-heal|p1a: Dragapult|100/100|[from] Grassy Terrain
|-heal|p2a: Rillaboom|100/100|[from] Grassy Terrain
|upkeep
|turn|3
|
|t:|1660871025
|move|p2a: Rillaboom|Grassy Glide|p1a: Dragapult
|-resisted|p1a: Dragapult
|-damage|p1a: Dragapult|6/100
|-damage|p2a: Rillaboom|90/100|[from] item: Life Orb
|move|p1a: Dragapult|Draco Meteor|p2a: Rillaboom
|-damage|p2a: Rillaboom|0 fnt
|-unboost|p1a: Dragapult|spa|2
|faint|p2a: Rillaboom
|
|-weather|Sandstorm|[upkeep]
|-damage|p1a: Dragapult|0 fnt|[from] Sandstorm
|faint|p1a: Dragapult
|upkeep
|
|t:|1660871038
|switch|p1a: Tyranitar|Tyranitar, F|100/100
|switch|p2a: Nidoking|Nidoking, M|100/100
|turn|4
|
|t:|1660871042
|move|p2a: Nidoking|Earth Power|p1a: Tyranitar
|-supereffective|p1a: Tyranitar
|-damage|p1a: Tyranitar|20/100
|move|p1a: Tyranitar|Crunch|p2a: Nidoking
|-damage|p2a: Nidoking|0 fnt
|faint|p2a: Nidoking
|
|-weather|Sandstorm|[upkeep]
|-heal|p1a: Tyranitar|26/100|[from] Grassy Terrain
|upkeep
|
|t:|1660871058
|switch|p2a: Crawdaunt|Crawdaunt, F|100/100
|turn|5
|
|t:|1660871061
|switch|p1a: Corviknight|Corviknight, F|100/100
|-ability|p1a: Corviknight|Pressure
|move|p2a: Crawdaunt|Knock Off|p1a: Corviknight
|-damage|p1a: Corviknight|44/100
|-enditem|p1a: Corviknight|Leftovers|[from] move: Knock Off|[of] p2a: Crawdaunt
|
|-weather|none
|-fieldend|move: Grassy Terrain
|upkeep
|turn|6
|
|t:|1660871067
|move|p2a: Crawdaunt|Crabhammer|p1a: Corviknight
|-crit|p1a: Corviknight
|-damage|p1a: Corviknight|0 fnt
|faint|p1a: Corviknight
|
|upkeep
|
|t:|1660871070
|switch|p1a: Rillaboom|Rillaboom, F|100/100
|-fieldstart|move: Grassy Terrain|[from] ability: Grassy Surge|[of] p1a: Rillaboom
|turn|7
|
|t:|1660871077
|switch|p2a: Heatran|Heatran, M|100/100
|-item|p2a: Heatran|Air Balloon
|move|p1a: Rillaboom|Knock Off|p2a: Heatran
|-damage|p2a: Heatran|65/100
|-enditem|p2a: Heatran|Air Balloon
|-damage|p1a: Rillaboom|91/100|[from] item: Life Orb
|
|-heal|p1a: Rillaboom|97/100|[from] Grassy Terrain
|-heal|p2a: Heatran|71/100|[from] Grassy Terrain
|upkeep
|turn|8
|
|t:|1660871087
|switch|p1a: Gastrodon|Gastrodon-East, F|100/100
|switch|p2a: Dragonite|Dragonite, M|100/100
|
|upkeep
|turn|9
|
|t:|1660871100
|switch|p2a: Crawdaunt|Crawdaunt, F|100/100
|move|p1a: Gastrodon|Toxic|p2a: Crawdaunt
|-status|p2a: Crawdaunt|tox
|
|-damage|p2a: Crawdaunt|95/100 tox|[from] psn
|upkeep
|turn|10
|
|t:|1660871104
|switch|p1a: Ferrothorn|Ferrothorn, M|100/100
|move|p2a: Crawdaunt|Swords Dance|p2a: Crawdaunt
|-boost|p2a: Crawdaunt|atk|2
|
|-heal|p2a: Crawdaunt|100/100 tox|[from] Grassy Terrain
|-damage|p2a: Crawdaunt|89/100 tox|[from] psn
|upkeep
|turn|11
|
|t:|1660871107
|switch|p1a: Tyranitar|Tyranitar, F|26/100
|-weather|Sandstorm|[from] ability: Sand Stream|[of] p1a: Tyranitar
|move|p2a: Crawdaunt|Knock Off|p1a: Tyranitar
|-resisted|p1a: Tyranitar
|-damage|p1a: Tyranitar|0 fnt
|-enditem|p1a: Tyranitar|Choice Band|[from] move: Knock Off|[of] p2a: Crawdaunt
|faint|p1a: Tyranitar
|
|-weather|Sandstorm|[upkeep]
|-damage|p2a: Crawdaunt|83/100 tox|[from] Sandstorm
|-heal|p2a: Crawdaunt|89/100 tox|[from] Grassy Terrain
|-damage|p2a: Crawdaunt|71/100 tox|[from] psn
|-fieldend|move: Grassy Terrain
|upkeep
|
|t:|1660871109
|switch|p1a: Rillaboom|Rillaboom, F|97/100
|-fieldstart|move: Grassy Terrain|[from] ability: Grassy Surge|[of] p1a: Rillaboom
|turn|12
|
|t:|1660871116
|switch|p2a: Heatran|Heatran, M|71/100
|move|p1a: Rillaboom|Grassy Glide|p2a: Heatran
|-resisted|p2a: Heatran
|-damage|p2a: Heatran|59/100
|-damage|p1a: Rillaboom|87/100|[from] item: Life Orb
|
|-weather|Sandstorm|[upkeep]
|-damage|p1a: Rillaboom|81/100|[from] Sandstorm
|-heal|p1a: Rillaboom|87/100|[from] Grassy Terrain
|-heal|p2a: Heatran|65/100|[from] Grassy Terrain
|upkeep
|turn|13
|
|t:|1660871125
|move|p1a: Rillaboom|Superpower|p2a: Heatran
|-supereffective|p2a: Heatran
|-damage|p2a: Heatran|0 fnt
|-unboost|p1a: Rillaboom|atk|1
|-unboost|p1a: Rillaboom|def|1
|faint|p2a: Heatran
|-damage|p1a: Rillaboom|77/100|[from] item: Life Orb
|
|-weather|Sandstorm|[upkeep]
|-damage|p1a: Rillaboom|71/100|[from] Sandstorm
|-heal|p1a: Rillaboom|77/100|[from] Grassy Terrain
|upkeep
|
|t:|1660871138
|switch|p2a: Weavile|Weavile, F|100/100
|-ability|p2a: Weavile|Pressure
|turn|14
|
|t:|1660871142
|switch|p1a: Gastrodon|Gastrodon-East, F|100/100
|move|p2a: Weavile|Knock Off|p1a: Gastrodon
|-damage|p1a: Gastrodon|47/100
|-enditem|p1a: Gastrodon|Leftovers|[from] move: Knock Off|[of] p2a: Weavile
|
|-weather|Sandstorm|[upkeep]
|-damage|p2a: Weavile|94/100|[from] Sandstorm
|-heal|p2a: Weavile|100/100|[from] Grassy Terrain
|-heal|p1a: Gastrodon|54/100|[from] Grassy Terrain
|upkeep
|turn|15
|
|t:|1660871148
|move|p2a: Weavile|Swords Dance|p2a: Weavile
|-boost|p2a: Weavile|atk|2
|move|p1a: Gastrodon|Scald|p2a: Weavile
|-damage|p2a: Weavile|65/100
|-status|p2a: Weavile|brn
|
|-weather|none
|-heal|p2a: Weavile|71/100 brn|[from] Grassy Terrain
|-heal|p1a: Gastrodon|60/100|[from] Grassy Terrain
|-damage|p2a: Weavile|65/100 brn|[from] brn
|upkeep
|turn|16
|
|t:|1660871161
|move|p2a: Weavile|Triple Axel|p1a: Gastrodon
|-damage|p1a: Gastrodon|50/100
|-hitcount|p1a: Gastrodon|1
|move|p1a: Gastrodon|Earth Power|p2a: Weavile
|-damage|p2a: Weavile|26/100 brn
|
|-heal|p2a: Weavile|33/100 brn|[from] Grassy Terrain
|-heal|p1a: Gastrodon|56/100|[from] Grassy Terrain
|-damage|p2a: Weavile|26/100 brn|[from] brn
|-fieldend|move: Grassy Terrain
|upkeep
|turn|17
|
|t:|1660871166
|move|p2a: Weavile|Triple Axel|p1a: Gastrodon
|-damage|p1a: Gastrodon|46/100
|-damage|p1a: Gastrodon|24/100
|-damage|p1a: Gastrodon|0 fnt
|faint|p1a: Gastrodon
|-hitcount|p1: Gastrodon|3
|
|-damage|p2a: Weavile|20/100 brn|[from] brn
|upkeep
|
|t:|1660871167
|switch|p1a: Rillaboom|Rillaboom, F|77/100
|-fieldstart|move: Grassy Terrain|[from] ability: Grassy Surge|[of] p1a: Rillaboom
|turn|18
|
|t:|1660871172
|move|p2a: Weavile|Ice Shard|p1a: Rillaboom
|-supereffective|p1a: Rillaboom
|-damage|p1a: Rillaboom|32/100
|move|p1a: Rillaboom|Grassy Glide|p2a: Weavile
|-damage|p2a: Weavile|0 fnt
|faint|p2a: Weavile
|-damage|p1a: Rillaboom|22/100|[from] item: Life Orb
|
|-heal|p1a: Rillaboom|28/100|[from] Grassy Terrain
|upkeep
|
|t:|1660871175
|switch|p2a: Dragonite|Dragonite, M|100/100
|turn|19
|
|t:|1660871181
|switch|p1a: Ferrothorn|Ferrothorn, M|100/100
|move|p2a: Dragonite|Dragon Dance|p2a: Dragonite
|-boost|p2a: Dragonite|atk|1
|-boost|p2a: Dragonite|spe|1
|
|upkeep
|turn|20
|j| WeR#3Hay!
|
|t:|1660871190
|switch|p2a: Crawdaunt|Crawdaunt, F|71/100 tox
|move|p1a: Ferrothorn|Leech Seed|p2a: Crawdaunt
|-start|p2a: Crawdaunt|move: Leech Seed
|
|-heal|p2a: Crawdaunt|77/100 tox|[from] Grassy Terrain
|-damage|p2a: Crawdaunt|64/100 tox|[from] Leech Seed|[of] p1a: Ferrothorn
|-damage|p2a: Crawdaunt|58/100 tox|[from] psn
|upkeep
|turn|21
|
|t:|1660871194
|move|p2a: Crawdaunt|Knock Off|p1a: Ferrothorn
|-damage|p1a: Ferrothorn|53/100
|-damage|p2a: Crawdaunt|46/100 tox|[from] ability: Iron Barbs|[of] p1a: Ferrothorn
|-damage|p2a: Crawdaunt|29/100 tox|[from] item: Rocky Helmet|[of] p1a: Ferrothorn
|-enditem|p1a: Ferrothorn|Rocky Helmet|[from] move: Knock Off|[of] p2a: Crawdaunt
|move|p1a: Ferrothorn|Body Press|p2a: Crawdaunt
|-supereffective|p2a: Crawdaunt
|-crit|p2a: Crawdaunt
|-damage|p2a: Crawdaunt|0 fnt
|faint|p2a: Crawdaunt
|
|-heal|p1a: Ferrothorn|60/100|[from] Grassy Terrain
|upkeep
|
|t:|1660871198
|switch|p2a: Dragonite|Dragonite, M|100/100
|turn|22
|j| LT93OQ Nick
|
|t:|1660871203
|move|p2a: Dragonite|Dragon Dance|p2a: Dragonite
|-boost|p2a: Dragonite|atk|1
|-boost|p2a: Dragonite|spe|1
|move|p1a: Ferrothorn|Leech Seed|p2a: Dragonite
|-start|p2a: Dragonite|move: Leech Seed
|
|-heal|p1a: Ferrothorn|66/100|[from] Grassy Terrain
|-damage|p2a: Dragonite|88/100|[from] Leech Seed|[of] p1a: Ferrothorn
|-heal|p1a: Ferrothorn|77/100|[silent]
|-fieldend|move: Grassy Terrain
|upkeep
|turn|23
|
|t:|1660871208
|switch|p1a: Rillaboom|Rillaboom, F|28/100
|-fieldstart|move: Grassy Terrain|[from] ability: Grassy Surge|[of] p1a: Rillaboom
|move|p2a: Dragonite|Dragon Dance|p2a: Dragonite
|-boost|p2a: Dragonite|atk|1
|-boost|p2a: Dragonite|spe|1
|
|-heal|p1a: Rillaboom|34/100|[from] Grassy Terrain
|-damage|p2a: Dragonite|76/100|[from] Leech Seed|[of] p1a: Rillaboom
|-heal|p1a: Rillaboom|46/100|[silent]
|upkeep
|turn|24
|
|t:|1660871216
|move|p1a: Rillaboom|Grassy Glide|p2a: Dragonite
|-resisted|p2a: Dragonite
|-damage|p2a: Dragonite|58/100
|-damage|p1a: Rillaboom|36/100|[from] item: Life Orb
|move|p2a: Dragonite|Dual Wingbeat|p1a: Rillaboom
|-supereffective|p1a: Rillaboom
|-damage|p1a: Rillaboom|0 fnt
|faint|p1a: Rillaboom
|-hitcount|p1: Rillaboom|1
|
|upkeep
|
|t:|1660871218
|switch|p1a: Ferrothorn|Ferrothorn, M|77/100
|turn|25
|
|t:|1660871223
|move|p2a: Dragonite|Dual Wingbeat|p1a: Ferrothorn
|-damage|p1a: Ferrothorn|52/100
|-damage|p2a: Dragonite|46/100|[from] ability: Iron Barbs|[of] p1a: Ferrothorn
|-damage|p1a: Ferrothorn|28/100
|-damage|p2a: Dragonite|34/100|[from] ability: Iron Barbs|[of] p1a: Ferrothorn
|-hitcount|p1a: Ferrothorn|2
|move|p1a: Ferrothorn|Gyro Ball|p2a: Dragonite
|-damage|p2a: Dragonite|0 fnt
|faint|p2a: Dragonite
|
|win|LudwigFrog
|raw|LudwigFrog's rating: 1896 &rarr; <strong>1911</strong><br />(+15 for winning)
|raw|LT93OQ xavgb's rating: 1803 &rarr; <strong>1788</strong><br />(-15 for losing)
|l|☆LudwigFrog
|j| AstroReign
|l|☆LT93OQ xavgb
