|j|☆KFC Chizza
|j|☆agofz4 farm
|inactive|Battle timer is ON: inactive players will automatically lose when time's up.
|t:|1635343558
|gametype|singles
|player|p1|KFC Chizza|unknown|
|player|p2|agofz4 farm|preschooler|
|teamsize|p1|6
|teamsize|p2|6
|gen|8
|tier|[Gen 8] OU
|rated|Tournament battle
|rule|Sleep Clause Mod: Limit one foe put to sleep
|rule|Species Clause: Limit one of each Pokémon
|rule|OHKO Clause: OHKO moves are banned
|rule|Evasion Moves Clause: Evasion moves are banned
|rule|Endless Battle Clause: Forcing endless battles is banned
|rule|HP Percentage Mod: HP is shown in percentages
|rule|Dynamax Clause: You cannot dynamax
|clearpoke
|poke|p1|Hippowdon, M|
|poke|p1|Corviknight, M|
|poke|p1|Toxapex, M|
|poke|p1|Clefable, M|
|poke|p1|Tornadus-Therian, M|
|poke|p1|Blissey, F|
|poke|p2|Landorus-Therian, M|
|poke|p2|Ferrothorn, F|
|poke|p2|Weavile, M|
|poke|p2|Tornadus-Therian, M|
|poke|p2|Slowbro, M|
|poke|p2|Heatran, M|
|teampreview
|j|*Lady Monita ☽
|inactive|agofz4 farm also wants the timer to be on.
|c|☆agofz4 farm|hf
|c|☆KFC Chizza|hf
|j| r1dude
|j| wesh papillon
|inactive|KFC Chizza has 120 seconds left.
|j| Kukui Kukui Kukui
|j| Aggrometaile
|j| ii77
|
|t:|1635343604
|start
|switch|p1a: Tornadus|Tornadus-Therian, M, shiny|100/100
|switch|p2a: Tornadus|Tornadus-Therian, M|100/100
|turn|1
|
|t:|1635343610
|move|p1a: Tornadus|Nasty Plot|p1a: Tornadus
|-boost|p1a: Tornadus|spa|2
|move|p2a: Tornadus|Knock Off|p1a: Tornadus
|-damage|p1a: Tornadus|78/100
|-enditem|p1a: Tornadus|Heavy-Duty Boots|[from] move: Knock Off|[of] p2a: Tornadus
|
|upkeep
|turn|2
|
|t:|1635343620
|switch|p2a: Heatran|Heatran, M|100/100
|move|p1a: Tornadus|Hurricane|p2a: Heatran|[miss]
|-miss|p1a: Tornadus|p2a: Heatran
|
|upkeep
|turn|3
|
|t:|1635343632
|switch|p2a: Tornadus|Tornadus-Therian, M|100/100
|move|p1a: Tornadus|Focus Blast|p2a: Tornadus
|-resisted|p2a: Tornadus
|-damage|p2a: Tornadus|71/100
|
|upkeep
|turn|4
|inactive|agofz4 farm has 120 seconds left.
|
|t:|1635343662
|switch|p2a: Heatran|Heatran, M|100/100
|move|p1a: Tornadus|Hurricane|p2a: Heatran
|-resisted|p2a: Heatran
|-crit|p2a: Heatran
|-damage|p2a: Heatran|60/100
|
|-heal|p2a: Heatran|66/100|[from] item: Leftovers
|upkeep
|turn|5
|
|t:|1635343671
|switch|p2a: Landorus|Landorus-Therian, M|100/100
|-ability|p2a: Landorus|Intimidate|boost
|-unboost|p1a: Tornadus|atk|1
|move|p1a: Tornadus|Focus Blast|p2a: Landorus
|-resisted|p2a: Landorus
|-damage|p2a: Landorus|71/100
|
|-heal|p2a: Landorus|77/100|[from] item: Leftovers
|upkeep
|turn|6
|
|t:|1635343678
|move|p1a: Tornadus|Taunt|p2a: Landorus
|-start|p2a: Landorus|move: Taunt
|move|p2a: Landorus|U-turn|p1a: Tornadus
|-resisted|p1a: Tornadus
|-damage|p1a: Tornadus|66/100
|
|t:|1635343681
|switch|p2a: Weavile|Weavile, M|100/100|[from]move: U-turn
|-ability|p2a: Weavile|Pressure
|
|upkeep
|turn|7
|
|t:|1635343699
|switch|p1a: Corviknight|Corviknight, M|100/100
|-ability|p1a: Corviknight|Pressure
|move|p2a: Weavile|Swords Dance|p2a: Weavile
|-boost|p2a: Weavile|atk|2
|
|upkeep
|turn|8
|
|t:|1635343709
|switch|p2a: Slowbro|Slowbro, M|100/100
|move|p1a: Corviknight|Body Press|p2a: Slowbro
|-resisted|p2a: Slowbro
|-damage|p2a: Slowbro|93/100
|-damage|p1a: Corviknight|84/100|[from] item: Rocky Helmet|[of] p2a: Slowbro
|
|-heal|p1a: Corviknight|90/100|[from] item: Leftovers
|upkeep
|turn|9
|
|t:|1635343722
|switch|p1a: Hippowdon|Hippowdon, M|100/100
|-weather|Sandstorm|[from] ability: Sand Stream|[of] p1a: Hippowdon
|move|p2a: Slowbro|Future Sight|p1a: Hippowdon
|-start|p2a: Slowbro|move: Future Sight
|
|-weather|Sandstorm|[upkeep]
|-damage|p2a: Slowbro|87/100|[from] Sandstorm
|upkeep
|turn|10
|
|t:|1635343725
|move|p1a: Hippowdon|Stealth Rock|p2a: Slowbro
|-sidestart|p2: agofz4 farm|move: Stealth Rock
|move|p2a: Slowbro|Scald|p1a: Hippowdon
|-supereffective|p1a: Hippowdon
|-damage|p1a: Hippowdon|59/100
|-status|p1a: Hippowdon|brn
|
|-weather|Sandstorm|[upkeep]
|-damage|p2a: Slowbro|81/100|[from] Sandstorm
|-heal|p1a: Hippowdon|65/100 brn|[from] item: Leftovers
|-damage|p1a: Hippowdon|59/100 brn|[from] brn
|upkeep
|turn|11
|
|t:|1635343729
|switch|p1a: Blissey|Blissey, F|100/100
|move|p2a: Slowbro|Teleport|p2a: Slowbro
|
|t:|1635343736
|switch|p2a: Ferrothorn|Ferrothorn, F|100/100|[from]move: Teleport
|-damage|p2a: Ferrothorn|95/100|[from] Stealth Rock
|
|-weather|Sandstorm|[upkeep]
|-damage|p1a: Blissey|94/100|[from] Sandstorm
|-end|p1a: Blissey|move: Future Sight
|-damage|p1a: Blissey|80/100
|-heal|p2a: Ferrothorn|100/100|[from] item: Leftovers
|upkeep
|turn|12
|
|t:|1635343744
|switch|p1a: Tornadus|Tornadus-Therian, M, shiny|99/100
|move|p2a: Ferrothorn|Leech Seed|p1a: Tornadus
|-start|p1a: Tornadus|move: Leech Seed
|
|-weather|Sandstorm|[upkeep]
|-damage|p1a: Tornadus|93/100|[from] Sandstorm
|-damage|p1a: Tornadus|81/100|[from] Leech Seed|[of] p2a: Ferrothorn
|upkeep
|turn|13
|
|t:|1635343750
|move|p1a: Tornadus|Taunt|p2a: Ferrothorn
|-start|p2a: Ferrothorn|move: Taunt
|move|p2a: Ferrothorn|Iron Head|p1a: Tornadus
|-damage|p1a: Tornadus|54/100
|
|-weather|none
|-damage|p1a: Tornadus|42/100|[from] Leech Seed|[of] p2a: Ferrothorn
|upkeep
|turn|14
|
|t:|1635343757
|switch|p1a: Corviknight|Corviknight, M|90/100
|-ability|p1a: Corviknight|Pressure
|move|p2a: Ferrothorn|Knock Off|p1a: Corviknight
|-damage|p1a: Corviknight|77/100
|-enditem|p1a: Corviknight|Leftovers|[from] move: Knock Off|[of] p2a: Ferrothorn
|
|upkeep
|turn|15
|
|t:|1635343765
|switch|p2a: Slowbro|Slowbro, M|100/100
|-damage|p2a: Slowbro|88/100|[from] Stealth Rock
|move|p1a: Corviknight|Iron Defense|p1a: Corviknight
|-boost|p1a: Corviknight|def|2
|
|upkeep
|turn|16
|
|t:|1635343768
|switch|p1a: Blissey|Blissey, F|80/100
|move|p2a: Slowbro|Future Sight|p1a: Blissey
|-start|p2a: Slowbro|move: Future Sight
|
|upkeep
|turn|17
|
|t:|1635343774
|switch|p2a: Heatran|Heatran, M|66/100
|-damage|p2a: Heatran|54/100|[from] Stealth Rock
|move|p1a: Blissey|Heal Bell|p1a: Blissey
|-activate|p1a: Blissey|move: Heal Bell
|-curestatus|p1: Hippowdon|brn|[msg]
|
|-heal|p2a: Heatran|60/100|[from] item: Leftovers
|upkeep
|turn|18
|l| r1dude
|
|t:|1635343777
|move|p2a: Heatran|Magma Storm|p1a: Blissey
|-damage|p1a: Blissey|63/100
|-activate|p1a: Blissey|move: Magma Storm|[of] p2a: Heatran
|move|p1a: Blissey|Seismic Toss|p2a: Heatran
|-damage|p2a: Heatran|34/100
|
|-end|p1a: Blissey|move: Future Sight
|-damage|p1a: Blissey|48/100
|-heal|p2a: Heatran|40/100|[from] item: Leftovers
|-damage|p1a: Blissey|35/100|[from] move: Magma Storm|[partiallytrapped]
|upkeep
|turn|19
|
|t:|1635343783
|move|p2a: Heatran|Taunt|p1a: Blissey
|-start|p1a: Blissey|move: Taunt
|move|p1a: Blissey|Seismic Toss|p2a: Heatran
|-damage|p2a: Heatran|15/100
|
|-heal|p2a: Heatran|21/100|[from] item: Leftovers
|-damage|p1a: Blissey|23/100|[from] move: Magma Storm|[partiallytrapped]
|upkeep
|turn|20
|
|t:|1635343791
|switch|p2a: Slowbro|Slowbro, M|100/100
|-damage|p2a: Slowbro|88/100|[from] Stealth Rock
|move|p1a: Blissey|Seismic Toss|p2a: Slowbro
|-damage|p2a: Slowbro|63/100
|-damage|p1a: Blissey|6/100|[from] item: Rocky Helmet|[of] p2a: Slowbro
|
|-end|p1a: Blissey|Magma Storm|[partiallytrapped]|[silent]
|upkeep
|turn|21
|
|t:|1635343799
|switch|p1a: Tornadus|Tornadus-Therian, M, shiny|75/100
|move|p2a: Slowbro|Teleport|p2a: Slowbro
|
|t:|1635343803
|switch|p2a: Weavile|Weavile, M|100/100|[from]move: Teleport
|-ability|p2a: Weavile|Pressure
|
|upkeep
|turn|22
|
|t:|1635343810
|switch|p1a: Toxapex|Toxapex, M|100/100
|move|p2a: Weavile|Icicle Crash|p1a: Toxapex
|-resisted|p1a: Toxapex
|-damage|p1a: Toxapex|88/100
|
|upkeep
|turn|23
|
|t:|1635343818
|switch|p2a: Heatran|Heatran, M|21/100
|-damage|p2a: Heatran|8/100|[from] Stealth Rock
|move|p1a: Toxapex|Knock Off|p2a: Heatran
|-damage|p2a: Heatran|0 fnt
|-enditem|p2a: Heatran|Leftovers|[from] move: Knock Off|[of] p1a: Toxapex
|faint|p2a: Heatran
|
|upkeep
|j| AshSES
|
|t:|1635343824
|switch|p2a: Slowbro|Slowbro, M|96/100
|-damage|p2a: Slowbro|83/100|[from] Stealth Rock
|turn|24
|l| AshSES
|j| Luiw
|c|☆KFC Chizza|do not agree with the tran plays you made
|
|t:|1635343842
|move|p1a: Toxapex|Knock Off|p2a: Slowbro
|-supereffective|p2a: Slowbro
|-damage|p2a: Slowbro|67/100
|-damage|p1a: Toxapex|71/100|[from] item: Rocky Helmet|[of] p2a: Slowbro
|-enditem|p2a: Slowbro|Rocky Helmet|[from] move: Knock Off|[of] p1a: Toxapex
|move|p2a: Slowbro|Future Sight|p1a: Toxapex
|-start|p2a: Slowbro|move: Future Sight
|
|upkeep
|turn|25
|c|☆agofz4 farm|i don't play this tier
|c|☆agofz4 farm|-ag main
|c|☆KFC Chizza|doesn't matter
|
|t:|1635343860
|switch|p1a: Corviknight|Corviknight, M|77/100
|-ability|p1a: Corviknight|Pressure
|move|p2a: Slowbro|Teleport|p2a: Slowbro
|
|t:|1635343867
|switch|p2a: Tornadus|Tornadus-Therian, M|100/100|[from]move: Teleport
|
|upkeep
|turn|26
|
|t:|1635343872
|move|p2a: Tornadus|Heat Wave|p1a: Corviknight
|-supereffective|p1a: Corviknight
|-damage|p1a: Corviknight|30/100
|move|p1a: Corviknight|Roost|p1a: Corviknight
|-heal|p1a: Corviknight|80/100
|-singleturn|p1a: Corviknight|move: Roost
|
|-end|p1a: Corviknight|move: Future Sight
|-resisted|p1a: Corviknight
|-damage|p1a: Corviknight|62/100
|upkeep
|turn|27
|
|t:|1635343877
|move|p2a: Tornadus|Defog|p1a: Corviknight
|-unboost|p1a: Corviknight|evasion|1
|-sideend|p2: agofz4 farm|Stealth Rock|[from] move: Defog|[of] p2a: Tornadus
|move|p1a: Corviknight|Roost|p1a: Corviknight
|-heal|p1a: Corviknight|100/100
|-singleturn|p1a: Corviknight|move: Roost
|
|upkeep
|turn|28
|
|t:|1635343882
|switch|p1a: Toxapex|Toxapex, M|100/100
|move|p2a: Tornadus|Heat Wave|p1a: Toxapex
|-resisted|p1a: Toxapex
|-damage|p1a: Toxapex|91/100
|
|upkeep
|turn|29
|
|t:|1635343892
|move|p2a: Tornadus|U-turn|p1a: Toxapex
|-resisted|p1a: Toxapex
|-damage|p1a: Toxapex|87/100
|
|t:|1635343894
|switch|p2a: Ferrothorn|Ferrothorn, F|100/100|[from]move: U-turn
|move|p1a: Toxapex|Knock Off|p2a: Ferrothorn
|-damage|p2a: Ferrothorn|89/100
|-damage|p1a: Toxapex|75/100|[from] ability: Iron Barbs|[of] p2a: Ferrothorn
|-enditem|p2a: Ferrothorn|Leftovers|[from] move: Knock Off|[of] p1a: Toxapex
|
|upkeep
|turn|30
|j| DanDaMan99
|
|t:|1635343904
|move|p1a: Toxapex|Scald|p2a: Ferrothorn
|-resisted|p2a: Ferrothorn
|-damage|p2a: Ferrothorn|84/100
|move|p2a: Ferrothorn|Spikes|p1a: Toxapex
|-sidestart|p1: KFC Chizza|Spikes
|
|upkeep
|turn|31
|
|t:|1635343908
|move|p1a: Toxapex|Scald|p2a: Ferrothorn
|-resisted|p2a: Ferrothorn
|-damage|p2a: Ferrothorn|79/100
|-status|p2a: Ferrothorn|brn
|move|p2a: Ferrothorn|Leech Seed|p1a: Toxapex
|-start|p1a: Toxapex|move: Leech Seed
|
|-damage|p1a: Toxapex|63/100|[from] Leech Seed|[of] p2a: Ferrothorn
|-heal|p2a: Ferrothorn|89/100 brn|[silent]
|-damage|p2a: Ferrothorn|83/100 brn|[from] brn
|upkeep
|turn|32
|
|t:|1635343913
|switch|p1a: Tornadus|Tornadus-Therian, M, shiny|100/100
|move|p2a: Ferrothorn|Leech Seed|p1a: Tornadus
|-start|p1a: Tornadus|move: Leech Seed
|
|-damage|p1a: Tornadus|88/100|[from] Leech Seed|[of] p2a: Ferrothorn
|-heal|p2a: Ferrothorn|96/100 brn|[silent]
|-damage|p2a: Ferrothorn|90/100 brn|[from] brn
|upkeep
|turn|33
|
|t:|1635343921
|switch|p1a: Corviknight|Corviknight, M|100/100
|-ability|p1a: Corviknight|Pressure
|switch|p2a: Landorus|Landorus-Therian, M|77/100
|-ability|p2a: Landorus|Intimidate|boost
|-unboost|p1a: Corviknight|atk|1
|
|-heal|p2a: Landorus|83/100|[from] item: Leftovers
|upkeep
|turn|34
|
|t:|1635343929
|move|p2a: Landorus|U-turn|p1a: Corviknight
|-resisted|p1a: Corviknight
|-damage|p1a: Corviknight|97/100
|
|t:|1635343934
|switch|p2a: Slowbro|Slowbro, M|99/100|[from]move: U-turn
|move|p1a: Corviknight|Body Press|p2a: Slowbro
|-resisted|p2a: Slowbro
|-damage|p2a: Slowbro|93/100
|
|upkeep
|turn|35
|l| wesh papillon
|
|t:|1635343943
|switch|p1a: Tornadus|Tornadus-Therian, M, shiny|100/100
|move|p2a: Slowbro|Future Sight|p1a: Tornadus
|-start|p2a: Slowbro|move: Future Sight
|
|upkeep
|turn|36
|
|t:|1635343948
|move|p1a: Tornadus|Taunt|p2a: Slowbro
|-start|p2a: Slowbro|move: Taunt
|move|p2a: Slowbro|Scald|p1a: Tornadus
|-damage|p1a: Tornadus|71/100
|
|upkeep
|turn|37
|
|t:|1635343968
|switch|p1a: Corviknight|Corviknight, M|97/100
|-ability|p1a: Corviknight|Pressure
|move|p2a: Slowbro|Scald|p1a: Corviknight
|-damage|p1a: Corviknight|73/100
|
|-end|p1a: Corviknight|move: Future Sight
|-resisted|p1a: Corviknight
|-damage|p1a: Corviknight|53/100
|upkeep
|turn|38
|
|t:|1635343976
|move|p1a: Corviknight|Roost|p1a: Corviknight
|-heal|p1a: Corviknight|100/100
|-singleturn|p1a: Corviknight|move: Roost
|move|p2a: Slowbro|Future Sight|p1a: Corviknight
|-start|p2a: Slowbro|move: Future Sight
|
|-end|p2a: Slowbro|move: Taunt
|upkeep
|turn|39
|
|t:|1635343983
|switch|p1a: Tornadus|Tornadus-Therian, M, shiny|100/100
|move|p2a: Slowbro|Scald|p1a: Tornadus
|-crit|p1a: Tornadus
|-damage|p1a: Tornadus|60/100
|-status|p1a: Tornadus|brn
|
|-damage|p1a: Tornadus|54/100 brn|[from] brn
|upkeep
|turn|40
|
|t:|1635343988
|switch|p1a: Corviknight|Corviknight, M|100/100
|-ability|p1a: Corviknight|Pressure
|move|p2a: Slowbro|Teleport|p2a: Slowbro
|
|t:|1635343993
|switch|p2a: Ferrothorn|Ferrothorn, F|90/100 brn|[from]move: Teleport
|
|-end|p1a: Corviknight|move: Future Sight
|-resisted|p1a: Corviknight
|-damage|p1a: Corviknight|82/100
|-damage|p2a: Ferrothorn|84/100 brn|[from] brn
|upkeep
|turn|41
|
|t:|1635343999
|move|p1a: Corviknight|Defog|p2a: Ferrothorn
|-unboost|p2a: Ferrothorn|evasion|1
|-sideend|p1: KFC Chizza|Spikes|[from] move: Defog|[of] p1a: Corviknight
|move|p2a: Ferrothorn|Spikes|p1a: Corviknight
|-sidestart|p1: KFC Chizza|Spikes
|
|-damage|p2a: Ferrothorn|78/100 brn|[from] brn
|upkeep
|turn|42
|
|t:|1635344002
|switch|p2a: Slowbro|Slowbro, M|100/100
|move|p1a: Corviknight|Defog|p2a: Slowbro
|-unboost|p2a: Slowbro|evasion|1
|-sideend|p1: KFC Chizza|Spikes|[from] move: Defog|[of] p1a: Corviknight
|
|upkeep
|turn|43
|
|t:|1635344008
|switch|p1a: Hippowdon|Hippowdon, M|59/100
|-weather|Sandstorm|[from] ability: Sand Stream|[of] p1a: Hippowdon
|move|p2a: Slowbro|Teleport|p2a: Slowbro
|
|t:|1635344010
|switch|p2a: Weavile|Weavile, M|100/100|[from]move: Teleport
|-ability|p2a: Weavile|Pressure
|
|-weather|Sandstorm|[upkeep]
|-damage|p2a: Weavile|94/100|[from] Sandstorm
|-heal|p1a: Hippowdon|65/100|[from] item: Leftovers
|upkeep
|turn|44
|
|t:|1635344019
|switch|p1a: Corviknight|Corviknight, M|82/100
|-ability|p1a: Corviknight|Pressure
|move|p2a: Weavile|Swords Dance|p2a: Weavile
|-boost|p2a: Weavile|atk|2
|
|-weather|Sandstorm|[upkeep]
|-damage|p2a: Weavile|88/100|[from] Sandstorm
|upkeep
|turn|45
|
|t:|1635344022
|move|p2a: Weavile|Icicle Crash|p1a: Corviknight
|-damage|p1a: Corviknight|23/100
|move|p1a: Corviknight|Body Press|p2a: Weavile
|-supereffective|p2a: Weavile
|-damage|p2a: Weavile|0 fnt
|faint|p2a: Weavile
|
|-weather|Sandstorm|[upkeep]
|upkeep
|
|t:|1635344026
|switch|p2a: Tornadus|Tornadus-Therian, M|100/100
|turn|46
|
|t:|1635344034
|switch|p1a: Toxapex|Toxapex, M|96/100
|move|p2a: Tornadus|Heat Wave|p1a: Toxapex
|-resisted|p1a: Toxapex
|-crit|p1a: Toxapex
|-damage|p1a: Toxapex|82/100
|
|-weather|Sandstorm|[upkeep]
|-damage|p2a: Tornadus|94/100|[from] Sandstorm
|-damage|p1a: Toxapex|76/100|[from] Sandstorm
|upkeep
|turn|47
|
|t:|1635344043
|move|p2a: Tornadus|U-turn|p1a: Toxapex
|-resisted|p1a: Toxapex
|-damage|p1a: Toxapex|72/100
|
|t:|1635344045
|switch|p2a: Slowbro|Slowbro, M|100/100|[from]move: U-turn
|move|p1a: Toxapex|Poison Jab|p2a: Slowbro
|-damage|p2a: Slowbro|89/100
|
|-weather|none
|upkeep
|turn|48
|
|t:|1635344051
|switch|p1a: Blissey|Blissey, F|6/100
|move|p2a: Slowbro|Scald|p1a: Blissey
|-damage|p1a: Blissey|0 fnt
|faint|p1a: Blissey
|
|upkeep
|
|t:|1635344055
|switch|p1a: Corviknight|Corviknight, M|23/100
|-ability|p1a: Corviknight|Pressure
|turn|49
|
|t:|1635344057
|move|p1a: Corviknight|Roost|p1a: Corviknight
|-heal|p1a: Corviknight|73/100
|-singleturn|p1a: Corviknight|move: Roost
|move|p2a: Slowbro|Scald|p1a: Corviknight
|-crit|p1a: Corviknight
|-damage|p1a: Corviknight|38/100
|
|upkeep
|turn|50
|
|t:|1635344059
|move|p1a: Corviknight|Roost|p1a: Corviknight
|-heal|p1a: Corviknight|88/100
|-singleturn|p1a: Corviknight|move: Roost
|move|p2a: Slowbro|Future Sight|p1a: Corviknight
|-start|p2a: Slowbro|move: Future Sight
|
|upkeep
|turn|51
|
|t:|1635344069
|switch|p1a: Tornadus|Tornadus-Therian, M, shiny|87/100 brn
|move|p2a: Slowbro|Scald|p1a: Tornadus
|-damage|p1a: Tornadus|61/100 brn
|
|-damage|p1a: Tornadus|55/100 brn|[from] brn
|upkeep
|turn|52
|
|t:|1635344079
|switch|p1a: Clefable|Clefable, M|100/100
|move|p2a: Slowbro|Teleport|p2a: Slowbro
|
|t:|1635344084
|switch|p2a: Ferrothorn|Ferrothorn, F|78/100 brn|[from]move: Teleport
|
|-end|p1a: Clefable|move: Future Sight
|-damage|p1a: Clefable|65/100
|-damage|p2a: Ferrothorn|72/100 brn|[from] brn
|upkeep
|turn|53
|
|t:|1635344088
|move|p1a: Clefable|Flamethrower|p2a: Ferrothorn
|-supereffective|p2a: Ferrothorn
|-crit|p2a: Ferrothorn
|-damage|p2a: Ferrothorn|0 fnt
|faint|p2a: Ferrothorn
|
|upkeep
|
|t:|1635344092
|switch|p2a: Tornadus|Tornadus-Therian, M|100/100
|turn|54
|
|t:|1635344095
|move|p2a: Tornadus|Knock Off|p1a: Clefable
|-resisted|p1a: Clefable
|-damage|p1a: Clefable|56/100
|-enditem|p1a: Clefable|Heavy-Duty Boots|[from] move: Knock Off|[of] p2a: Tornadus
|move|p1a: Clefable|Soft-Boiled|p1a: Clefable
|-heal|p1a: Clefable|100/100
|
|upkeep
|turn|55
|c|☆agofz4 farm|gg,
|-message|agofz4 farm forfeited.
|
|win|KFC Chizza
|n|☆KFC Chizza|kfcchizza
|n|☆agofz4 farm|agofz4farm
|n|*Lady Monita ☽|ladymonita
|n| Kukui Kukui Kukui|kukuikukuikukui
|n| Aggrometaile|aggrometaile
|n| ii77|ii77
|n| Luiw|luiw
|n| DanDaMan99|dandaman99
|l|*Lady Monita ☽
|c|☆KFC Chizza|gg
|l|☆KFC Chizza
|l|☆agofz4 farm
|l| DanDaMan99
