|j|☆Mel2345
|j|☆Candice
|t:|1639816499
|gametype|singles
|player|p1|Mel2345|cheren-gen5bw2|1629
|player|p2|Candice|madame-gen4dp|1617
|teamsize|p1|6
|teamsize|p2|6
|gen|8
|tier|[Gen 8] OU
|rated|
|rule|Sleep Clause Mod: Limit one foe put to sleep
|rule|Species Clause: Limit one of each Pokémon
|rule|OHKO Clause: OHKO moves are banned
|rule|Evasion Moves Clause: Evasion moves are banned
|rule|Endless Battle Clause: Forcing endless battles is banned
|rule|HP Percentage Mod: HP is shown in percentages
|rule|Dynamax Clause: You cannot dynamax
|clearpoke
|poke|p1|Slowbro, F|
|poke|p1|Weavile, F|
|poke|p1|Landorus-Therian, M|
|poke|p1|Clefable, M|
|poke|p1|Melmetal|
|poke|p1|Tornadus-Therian, M|
|poke|p2|Landorus-Therian, M|
|poke|p2|Tornadus-Therian, M|
|poke|p2|Urshifu-*, F|
|poke|p2|Tyranitar, F|
|poke|p2|Excadrill, M|
|poke|p2|Ferrothorn, F|
|teampreview
|inactive|Battle timer is ON: inactive players will automatically lose when time's up. (requested by Mel2345)
|j| Weiiiiiii
|inactive|Candice has 120 seconds left.
|
|t:|1639816532
|start
|switch|p1a: Clefable|Clefable, M|100/100
|switch|p2a: Urshifu|Urshifu-Rapid-Strike, F|100/100
|turn|1
|
|t:|1639816537
|move|p2a: Urshifu|Surging Strikes|p1a: Clefable
|-crit|p1a: Clefable
|-damage|p1a: Clefable|76/100
|-crit|p1a: Clefable
|-damage|p1a: Clefable|50/100
|-crit|p1a: Clefable
|-damage|p1a: Clefable|22/100
|-hitcount|p1a: Clefable|3
|move|p1a: Clefable|Thunder Wave|p2a: Urshifu
|-status|p2a: Urshifu|par
|
|-heal|p1a: Clefable|28/100|[from] item: Leftovers
|upkeep
|turn|2
|
|t:|1639816541
|switch|p1a: Slowbro|Slowbro, F|100/100
|move|p2a: Urshifu|Surging Strikes|p1a: Slowbro
|-resisted|p1a: Slowbro
|-crit|p1a: Slowbro
|-damage|p1a: Slowbro|91/100
|-resisted|p1a: Slowbro
|-crit|p1a: Slowbro
|-damage|p1a: Slowbro|82/100
|-resisted|p1a: Slowbro
|-crit|p1a: Slowbro
|-damage|p1a: Slowbro|72/100
|-hitcount|p1a: Slowbro|3
|
|upkeep
|turn|3
|
|t:|1639816553
|switch|p2a: Ferrothorn|Ferrothorn, F|100/100
|move|p1a: Slowbro|Teleport|p1a: Slowbro
|
|t:|1639816561
|switch|p1a: Clefable|Clefable, M|28/100|[from]move: Teleport
|
|-heal|p1a: Clefable|34/100|[from] item: Leftovers
|upkeep
|turn|4
|
|t:|1639816566
|switch|p2a: Excadrill|Excadrill, M|100/100
|move|p1a: Clefable|Soft-Boiled|p1a: Clefable
|-heal|p1a: Clefable|84/100
|
|-heal|p1a: Clefable|90/100|[from] item: Leftovers
|upkeep
|turn|5
|
|t:|1639816575
|switch|p1a: Tornadus|Tornadus-Therian, M|100/100
|move|p2a: Excadrill|Toxic|p1a: Tornadus
|-status|p1a: Tornadus|tox
|
|-damage|p1a: Tornadus|94/100 tox|[from] psn
|upkeep
|turn|6
|l|☆Mel2345
|inactive|Mel2345 disconnected and has a minute to reconnect!
|player|p1|
|l| Weiiiiiii
|inactive|Mel2345 has 30 seconds to reconnect!
|j|☆Mel2345
|inactive|Mel2345 reconnected and has 105 seconds left.
|player|p1|Mel2345|cheren-gen5bw2
|j| Weiiiiiii
|j| shellsmashmybussy
|
|t:|1639816632
|switch|p2a: Tyranitar|Tyranitar, F|100/100
|-weather|Sandstorm|[from] ability: Sand Stream|[of] p2a: Tyranitar
|move|p1a: Tornadus|Knock Off|p2a: Tyranitar
|-resisted|p2a: Tyranitar
|-damage|p2a: Tyranitar|93/100
|-enditem|p2a: Tyranitar|Smooth Rock|[from] move: Knock Off|[of] p1a: Tornadus
|
|-weather|Sandstorm|[upkeep]
|-damage|p1a: Tornadus|88/100 tox|[from] Sandstorm
|-damage|p1a: Tornadus|76/100 tox|[from] psn
|upkeep
|turn|7
|
|t:|1639816637
|move|p1a: Tornadus|U-turn|p2a: Tyranitar
|-supereffective|p2a: Tyranitar
|-damage|p2a: Tyranitar|72/100
|
|t:|1639816643
|switch|p1a: Melmetal|Melmetal|100/100|[from]move: U-turn
|move|p2a: Tyranitar|Stealth Rock|p1a: Melmetal
|-sidestart|p1: Mel2345|move: Stealth Rock
|
|-weather|Sandstorm|[upkeep]
|upkeep
|turn|8
|
|t:|1639816654
|switch|p2a: Landorus|Landorus-Therian, M|100/100
|-ability|p2a: Landorus|Intimidate|boost
|-unboost|p1a: Melmetal|atk|1
|move|p1a: Melmetal|Earthquake|p2a: Landorus
|-immune|p2a: Landorus
|
|-weather|Sandstorm|[upkeep]
|upkeep
|turn|9
|
|t:|1639816659
|move|p1a: Melmetal|Protect|p1a: Melmetal
|-singleturn|p1a: Melmetal|Protect
|move|p2a: Landorus|Substitute|p2a: Landorus
|-start|p2a: Landorus|Substitute
|-damage|p2a: Landorus|76/100
|
|-weather|Sandstorm|[upkeep]
|-heal|p2a: Landorus|82/100|[from] item: Leftovers
|upkeep
|turn|10
|j| Respect da mons
|
|t:|1639816663
|move|p2a: Landorus|Swords Dance|p2a: Landorus
|-boost|p2a: Landorus|atk|2
|move|p1a: Melmetal|Double Iron Bash|p2a: Landorus
|-end|p2a: Landorus|Substitute
|-damage|p2a: Landorus|50/100
|-hitcount|p2a: Landorus|2
|
|-weather|Sandstorm|[upkeep]
|-heal|p2a: Landorus|56/100|[from] item: Leftovers
|upkeep
|turn|11
|
|t:|1639816670
|switch|p1a: Tornadus|Tornadus-Therian, M|100/100 tox
|move|p2a: Landorus|Earthquake|p1a: Tornadus
|-immune|p1a: Tornadus
|
|-weather|Sandstorm|[upkeep]
|-damage|p1a: Tornadus|94/100 tox|[from] Sandstorm
|-heal|p2a: Landorus|62/100|[from] item: Leftovers
|-damage|p1a: Tornadus|88/100 tox|[from] psn
|upkeep
|turn|12
|
|t:|1639816672
|move|p1a: Tornadus|Hurricane|p2a: Landorus
|-damage|p2a: Landorus|9/100
|-start|p2a: Landorus|confusion
|-activate|p2a: Landorus|confusion
|move|p2a: Landorus|Stone Edge|p1a: Tornadus
|-supereffective|p1a: Tornadus
|-damage|p1a: Tornadus|0 fnt
|faint|p1a: Tornadus
|
|-weather|Sandstorm|[upkeep]
|-heal|p2a: Landorus|15/100|[from] item: Leftovers
|upkeep
|
|t:|1639816678
|switch|p1a: Weavile|Weavile, F|100/100
|-ability|p1a: Weavile|Pressure
|turn|13
|l| Respect da mons
|
|t:|1639816684
|switch|p2a: Urshifu|Urshifu-Rapid-Strike, F|100/100 par
|move|p1a: Weavile|Knock Off|p2a: Urshifu
|-resisted|p2a: Urshifu
|-damage|p2a: Urshifu|78/100 par
|-enditem|p2a: Urshifu|Choice Band|[from] move: Knock Off|[of] p1a: Weavile
|
|-weather|none
|upkeep
|turn|14
|
|t:|1639816689
|switch|p1a: Slowbro|Slowbro, F|100/100
|move|p2a: Urshifu|U-turn|p1a: Slowbro
|-supereffective|p1a: Slowbro
|-damage|p1a: Slowbro|69/100
|
|t:|1639816709
|switch|p2a: Ferrothorn|Ferrothorn, F|100/100|[from]move: U-turn
|
|upkeep
|turn|15
|
|t:|1639816715
|move|p2a: Ferrothorn|Spikes|p1a: Slowbro
|-sidestart|p1: Mel2345|Spikes
|move|p1a: Slowbro|Teleport|p1a: Slowbro
|
|t:|1639816722
|switch|p1a: Clefable|Clefable, M|90/100|[from]move: Teleport
|
|-heal|p1a: Clefable|96/100|[from] item: Leftovers
|upkeep
|turn|16
|
|t:|1639816731
|switch|p1a: Landorus|Landorus-Therian, M|100/100
|-damage|p1a: Landorus|88/100|[from] Stealth Rock
|-ability|p1a: Landorus|Intimidate|boost
|-unboost|p2a: Ferrothorn|atk|1
|switch|p2a: Tyranitar|Tyranitar, F|72/100
|-weather|Sandstorm|[from] ability: Sand Stream|[of] p2a: Tyranitar
|
|-weather|Sandstorm|[upkeep]
|-heal|p1a: Landorus|94/100|[from] item: Leftovers
|upkeep
|turn|17
|
|t:|1639816751
|switch|p2a: Ferrothorn|Ferrothorn, F|100/100
|move|p1a: Landorus|Stealth Rock|p2a: Ferrothorn
|-sidestart|p2: Candice|move: Stealth Rock
|
|-weather|Sandstorm|[upkeep]
|-heal|p1a: Landorus|99/100|[from] item: Leftovers
|upkeep
|turn|18
|
|t:|1639816757
|move|p1a: Landorus|Earthquake|p2a: Ferrothorn
|-damage|p2a: Ferrothorn|74/100
|move|p2a: Ferrothorn|Leech Seed|p1a: Landorus
|-start|p1a: Landorus|move: Leech Seed
|
|-weather|Sandstorm|[upkeep]
|-heal|p1a: Landorus|100/100|[from] item: Leftovers
|-heal|p2a: Ferrothorn|80/100|[from] item: Leftovers
|-damage|p1a: Landorus|88/100|[from] Leech Seed|[of] p2a: Ferrothorn
|-heal|p2a: Ferrothorn|93/100|[silent]
|upkeep
|turn|19
|
|t:|1639816762
|move|p1a: Landorus|U-turn|p2a: Ferrothorn
|-damage|p2a: Ferrothorn|81/100
|-damage|p1a: Landorus|76/100|[from] ability: Iron Barbs|[of] p2a: Ferrothorn
|j| Akr2938
|
|t:|1639816769
|switch|p1a: Weavile|Weavile, F|100/100|[from]move: U-turn
|-ability|p1a: Weavile|Pressure
|move|p2a: Ferrothorn|Leech Seed|p1a: Weavile
|-start|p1a: Weavile|move: Leech Seed
|
|-weather|Sandstorm|[upkeep]
|-damage|p1a: Weavile|94/100|[from] Sandstorm
|-heal|p2a: Ferrothorn|87/100|[from] item: Leftovers
|-damage|p1a: Weavile|82/100|[from] Leech Seed|[of] p2a: Ferrothorn
|-heal|p2a: Ferrothorn|97/100|[silent]
|upkeep
|turn|20
|
|t:|1639816772
|switch|p2a: Urshifu|Urshifu-Rapid-Strike, F|78/100 par
|-damage|p2a: Urshifu|72/100 par|[from] Stealth Rock
|move|p1a: Weavile|Knock Off|p2a: Urshifu
|-resisted|p2a: Urshifu
|-damage|p2a: Urshifu|55/100 par
|
|-weather|none
|-damage|p1a: Weavile|70/100|[from] Leech Seed|[of] p2a: Urshifu
|-heal|p2a: Urshifu|66/100 par|[silent]
|upkeep
|turn|21
|
|t:|1639816778
|switch|p1a: Landorus|Landorus-Therian, M|76/100
|-damage|p1a: Landorus|64/100|[from] Stealth Rock
|-ability|p1a: Landorus|Intimidate|boost
|-unboost|p2a: Urshifu|atk|1
|cant|p2a: Urshifu|par
|
|-heal|p1a: Landorus|70/100|[from] item: Leftovers
|upkeep
|turn|22
|
|t:|1639816787
|switch|p2a: Ferrothorn|Ferrothorn, F|97/100
|-damage|p2a: Ferrothorn|91/100|[from] Stealth Rock
|move|p1a: Landorus|Earthquake|p2a: Ferrothorn
|-damage|p2a: Ferrothorn|64/100
|
|-heal|p1a: Landorus|76/100|[from] item: Leftovers
|-heal|p2a: Ferrothorn|71/100|[from] item: Leftovers
|upkeep
|turn|23
|
|t:|1639816790
|switch|p1a: Clefable|Clefable, M|96/100
|move|p2a: Ferrothorn|Leech Seed|p1a: Clefable
|-start|p1a: Clefable|move: Leech Seed
|
|-heal|p1a: Clefable|100/100|[from] item: Leftovers
|-heal|p2a: Ferrothorn|77/100|[from] item: Leftovers
|upkeep
|turn|24
|
|t:|1639816794
|switch|p2a: Tyranitar|Tyranitar, F|72/100
|-damage|p2a: Tyranitar|59/100|[from] Stealth Rock
|-weather|Sandstorm|[from] ability: Sand Stream|[of] p2a: Tyranitar
|move|p1a: Clefable|Thunder Wave|p2a: Tyranitar
|-status|p2a: Tyranitar|par
|
|-weather|Sandstorm|[upkeep]
|upkeep
|turn|25
|
|t:|1639816802
|switch|p2a: Excadrill|Excadrill, M|100/100
|-damage|p2a: Excadrill|97/100|[from] Stealth Rock
|move|p1a: Clefable|Wish|p1a: Clefable
|
|-weather|Sandstorm|[upkeep]
|-heal|p2a: Excadrill|100/100|[from] item: Leftovers
|upkeep
|turn|26
|
|t:|1639816811
|switch|p1a: Landorus|Landorus-Therian, M|76/100
|-damage|p1a: Landorus|63/100|[from] Stealth Rock
|-ability|p1a: Landorus|Intimidate|boost
|-unboost|p2a: Excadrill|atk|1
|move|p2a: Excadrill|Toxic|p1a: Landorus
|-status|p1a: Landorus|tox
|
|-weather|Sandstorm|[upkeep]
|-heal|p1a: Landorus|100/100 tox|[from] move: Wish|[wisher] Clefable
|-damage|p1a: Landorus|94/100 tox|[from] psn
|upkeep
|turn|27
|
|t:|1639816821
|switch|p2a: Tornadus|Tornadus-Therian, M|100/100
|move|p1a: Landorus|U-turn|p2a: Tornadus
|-resisted|p2a: Tornadus
|-damage|p2a: Tornadus|85/100
|
|t:|1639816824
|switch|p1a: Weavile|Weavile, F|70/100|[from]move: U-turn
|-ability|p1a: Weavile|Pressure
|
|-weather|Sandstorm|[upkeep]
|-damage|p1a: Weavile|63/100|[from] Sandstorm
|-damage|p2a: Tornadus|79/100|[from] Sandstorm
|upkeep
|turn|28
|
|t:|1639816831
|switch|p2a: Urshifu|Urshifu-Rapid-Strike, F|66/100 par
|-damage|p2a: Urshifu|59/100 par|[from] Stealth Rock
|move|p1a: Weavile|Knock Off|p2a: Urshifu
|-resisted|p2a: Urshifu
|-damage|p2a: Urshifu|43/100 par
|
|-weather|none
|upkeep
|turn|29
|
|t:|1639816838
|switch|p1a: Slowbro|Slowbro, F|100/100
|cant|p2a: Urshifu|par
|
|upkeep
|turn|30
|
|t:|1639816842
|cant|p2a: Urshifu|par
|move|p1a: Slowbro|Teleport|p1a: Slowbro
|
|t:|1639816851
|switch|p1a: Landorus|Landorus-Therian, M|94/100 tox|[from]move: Teleport
|-damage|p1a: Landorus|82/100 tox|[from] Stealth Rock
|-ability|p1a: Landorus|Intimidate|boost
|-unboost|p2a: Urshifu|atk|1
|
|-heal|p1a: Landorus|88/100 tox|[from] item: Leftovers
|-damage|p1a: Landorus|82/100 tox|[from] psn
|upkeep
|turn|31
|
|t:|1639816860
|switch|p2a: Tornadus|Tornadus-Therian, M|100/100
|move|p1a: Landorus|Earthquake|p2a: Tornadus
|-immune|p2a: Tornadus
|
|-heal|p1a: Landorus|88/100 tox|[from] item: Leftovers
|-damage|p1a: Landorus|76/100 tox|[from] psn
|upkeep
|turn|32
|
|t:|1639816868
|move|p2a: Tornadus|Hurricane|p1a: Landorus
|-damage|p1a: Landorus|26/100 tox
|-start|p1a: Landorus|confusion
|-activate|p1a: Landorus|confusion
|move|p1a: Landorus|U-turn|p2a: Tornadus
|-resisted|p2a: Tornadus
|-damage|p2a: Tornadus|84/100
|
|t:|1639816873
|switch|p1a: Weavile|Weavile, F|63/100|[from]move: U-turn
|-ability|p1a: Weavile|Pressure
|
|upkeep
|turn|33
|c|☆Mel2345|test
|l|☆Mel2345
|inactive|Mel2345 disconnected and has a minute to reconnect!
|player|p1|
|inactive|Mel2345 has 30 seconds to reconnect!
|j|☆Mel2345
|inactive|Mel2345 reconnected and has 105 seconds left.
|player|p1|Mel2345|cheren-gen5bw2
|c|☆Mel2345|!calc
|c| Mel2345|/raw <div class="infobox">Pok&eacute;mon Showdown! damage calculator. (Courtesy of Honko, Austin, &amp; Kris)<br />- <a href="https://calc.pokemonshowdown.com/index.html">Damage Calculator</a></div>
|inactive|Mel2345 has 90 seconds left.
|l| Weiiiiiii
|
|t:|1639816958
|switch|p2a: Tyranitar|Tyranitar, F|59/100 par
|-damage|p2a: Tyranitar|47/100 par|[from] Stealth Rock
|-weather|Sandstorm|[from] ability: Sand Stream|[of] p2a: Tyranitar
|move|p1a: Weavile|Swords Dance|p1a: Weavile
|-boost|p1a: Weavile|atk|2
|
|-weather|Sandstorm|[upkeep]
|-damage|p1a: Weavile|57/100|[from] Sandstorm
|upkeep
|turn|34
|inactive|Candice has 120 seconds left.
|
|t:|1639816996
|switch|p2a: Landorus|Landorus-Therian, M|15/100
|-damage|p2a: Landorus|2/100|[from] Stealth Rock
|-ability|p2a: Landorus|Intimidate|boost
|-unboost|p1a: Weavile|atk|1
|move|p1a: Weavile|Triple Axel|p2a: Landorus
|-supereffective|p2a: Landorus
|-damage|p2a: Landorus|0 fnt
|faint|p2a: Landorus
|-hitcount|p2: Landorus|1
|
|-weather|Sandstorm|[upkeep]
|-damage|p1a: Weavile|51/100|[from] Sandstorm
|upkeep
|
|t:|1639817000
|switch|p2a: Excadrill|Excadrill, M|100/100
|-damage|p2a: Excadrill|97/100|[from] Stealth Rock
|turn|35
|
|t:|1639817004
|switch|p1a: Landorus|Landorus-Therian, M|26/100 tox
|-damage|p1a: Landorus|13/100 tox|[from] Stealth Rock
|-ability|p1a: Landorus|Intimidate|boost
|-unboost|p2a: Excadrill|atk|1
|move|p2a: Excadrill|Iron Head|p1a: Landorus
|-damage|p1a: Landorus|0 fnt
|faint|p1a: Landorus
|
|-weather|Sandstorm|[upkeep]
|-heal|p2a: Excadrill|100/100|[from] item: Leftovers
|upkeep
|
|t:|1639817009
|switch|p1a: Slowbro|Slowbro, F|100/100
|turn|36
|j| Weiiiiiii
|
|t:|1639817026
|move|p2a: Excadrill|Toxic|p1a: Slowbro
|-status|p1a: Slowbro|tox
|move|p1a: Slowbro|Future Sight|p2a: Excadrill
|-start|p1a: Slowbro|move: Future Sight
|
|-weather|Sandstorm|[upkeep]
|-damage|p1a: Slowbro|94/100 tox|[from] Sandstorm
|-damage|p1a: Slowbro|88/100 tox|[from] psn
|upkeep
|turn|37
|inactive|Candice has 120 seconds left.
|
|t:|1639817047
|switch|p2a: Ferrothorn|Ferrothorn, F|77/100
|-damage|p2a: Ferrothorn|71/100|[from] Stealth Rock
|move|p1a: Slowbro|Teleport|p1a: Slowbro
|
|t:|1639817052
|switch|p1a: Clefable|Clefable, M|100/100|[from]move: Teleport
|
|-weather|none
|-heal|p2a: Ferrothorn|77/100|[from] item: Leftovers
|upkeep
|turn|38
|
|t:|1639817057
|switch|p2a: Tyranitar|Tyranitar, F|47/100 par
|-damage|p2a: Tyranitar|35/100 par|[from] Stealth Rock
|-weather|Sandstorm|[from] ability: Sand Stream|[of] p2a: Tyranitar
|move|p1a: Clefable|Moonblast|p2a: Tyranitar
|-supereffective|p2a: Tyranitar
|-damage|p2a: Tyranitar|7/100 par
|
|-weather|Sandstorm|[upkeep]
|-end|p2a: Tyranitar|move: Future Sight
|-immune|p2a: Tyranitar
|upkeep
|turn|39
|
|t:|1639817060
|switch|p2a: Excadrill|Excadrill, M|100/100
|-damage|p2a: Excadrill|97/100|[from] Stealth Rock
|move|p1a: Clefable|Moonblast|p2a: Excadrill
|-resisted|p2a: Excadrill
|-damage|p2a: Excadrill|75/100
|
|-weather|Sandstorm|[upkeep]
|-heal|p2a: Excadrill|81/100|[from] item: Leftovers
|upkeep
|turn|40
|
|t:|1639817066
|switch|p1a: Slowbro|Slowbro, F|100/100 tox
|move|p2a: Excadrill|Swords Dance|p2a: Excadrill
|-boost|p2a: Excadrill|atk|2
|
|-weather|Sandstorm|[upkeep]
|-damage|p1a: Slowbro|94/100 tox|[from] Sandstorm
|-heal|p2a: Excadrill|87/100|[from] item: Leftovers
|-damage|p1a: Slowbro|88/100 tox|[from] psn
|upkeep
|turn|41
|
|t:|1639817085
|switch|p2a: Ferrothorn|Ferrothorn, F|77/100
|-damage|p2a: Ferrothorn|71/100|[from] Stealth Rock
|move|p1a: Slowbro|Scald|p2a: Ferrothorn
|-resisted|p2a: Ferrothorn
|-damage|p2a: Ferrothorn|58/100
|
|-weather|Sandstorm|[upkeep]
|-damage|p1a: Slowbro|82/100 tox|[from] Sandstorm
|-heal|p2a: Ferrothorn|64/100|[from] item: Leftovers
|-damage|p1a: Slowbro|70/100 tox|[from] psn
|upkeep
|turn|42
|
|t:|1639817091
|switch|p2a: Excadrill|Excadrill, M|87/100
|-damage|p2a: Excadrill|84/100|[from] Stealth Rock
|switch|p1a: Clefable|Clefable, M|100/100
|
|-weather|none
|-heal|p2a: Excadrill|90/100|[from] item: Leftovers
|upkeep
|turn|43
|
|t:|1639817094
|switch|p1a: Slowbro|Slowbro, F|100/100 tox
|move|p2a: Excadrill|Iron Head|p1a: Slowbro
|-resisted|p1a: Slowbro
|-damage|p1a: Slowbro|89/100 tox
|
|-heal|p2a: Excadrill|96/100|[from] item: Leftovers
|-damage|p1a: Slowbro|83/100 tox|[from] psn
|upkeep
|turn|44
|
|t:|1639817097
|switch|p2a: Ferrothorn|Ferrothorn, F|64/100
|-damage|p2a: Ferrothorn|58/100|[from] Stealth Rock
|move|p1a: Slowbro|Future Sight|p2a: Ferrothorn
|-start|p1a: Slowbro|move: Future Sight
|
|-heal|p2a: Ferrothorn|64/100|[from] item: Leftovers
|-damage|p1a: Slowbro|71/100 tox|[from] psn
|upkeep
|turn|45
|
|t:|1639817104
|switch|p1a: Clefable|Clefable, M|100/100
|move|p2a: Ferrothorn|Spikes|p1a: Clefable
|-sidestart|p1: Mel2345|Spikes
|
|-heal|p2a: Ferrothorn|70/100|[from] item: Leftovers
|upkeep
|turn|46
|
|t:|1639817113
|move|p1a: Clefable|Thunder Wave|p2a: Ferrothorn
|-status|p2a: Ferrothorn|par
|move|p2a: Ferrothorn|Spikes|p1a: Clefable
|-sidestart|p1: Mel2345|Spikes
|
|-end|p2a: Ferrothorn|move: Future Sight
|-resisted|p2a: Ferrothorn
|-damage|p2a: Ferrothorn|52/100 par
|-heal|p2a: Ferrothorn|59/100 par|[from] item: Leftovers
|upkeep
|turn|47
|
|t:|1639817117
|move|p1a: Clefable|Wish|p1a: Clefable
|move|p2a: Ferrothorn|Knock Off|p1a: Clefable
|-resisted|p1a: Clefable
|-damage|p1a: Clefable|92/100
|-enditem|p1a: Clefable|Leftovers|[from] move: Knock Off|[of] p2a: Ferrothorn
|
|-heal|p2a: Ferrothorn|65/100 par|[from] item: Leftovers
|upkeep
|turn|48
|
|t:|1639817128
|switch|p1a: Melmetal|Melmetal|100/100
|-damage|p1a: Melmetal|76/100|[from] Spikes
|-damage|p1a: Melmetal|70/100|[from] Stealth Rock
|move|p2a: Ferrothorn|Power Whip|p1a: Melmetal
|-resisted|p1a: Melmetal
|-damage|p1a: Melmetal|58/100
|
|-heal|p1a: Melmetal|100/100|[from] move: Wish|[wisher] Clefable
|-heal|p2a: Ferrothorn|71/100 par|[from] item: Leftovers
|upkeep
|turn|49
|
|t:|1639817145
|switch|p2a: Tornadus|Tornadus-Therian, M|100/100
|move|p1a: Melmetal|Double Iron Bash|p2a: Tornadus
|-damage|p2a: Tornadus|44/100
|-damage|p2a: Tornadus|0 fnt
|faint|p2a: Tornadus
|-hitcount|p2: Tornadus|2
|
|upkeep
|
|t:|1639817150
|switch|p2a: Ferrothorn|Ferrothorn, F|71/100 par
|-damage|p2a: Ferrothorn|65/100 par|[from] Stealth Rock
|turn|50
|
|t:|1639817153
|move|p1a: Melmetal|Double Iron Bash|p2a: Ferrothorn
|-resisted|p2a: Ferrothorn
|-damage|p2a: Ferrothorn|52/100 par
|-damage|p1a: Melmetal|88/100|[from] ability: Iron Barbs|[of] p2a: Ferrothorn
|-resisted|p2a: Ferrothorn
|-damage|p2a: Ferrothorn|39/100 par
|-damage|p1a: Melmetal|76/100|[from] ability: Iron Barbs|[of] p2a: Ferrothorn
|-hitcount|p2a: Ferrothorn|2
|move|p2a: Ferrothorn|Leech Seed|p1a: Melmetal|[miss]
|-miss|p2a: Ferrothorn|p1a: Melmetal
|
|-heal|p1a: Melmetal|82/100|[from] item: Leftovers
|-heal|p2a: Ferrothorn|45/100 par|[from] item: Leftovers
|upkeep
|turn|51
|
|t:|1639817156
|move|p1a: Melmetal|Double Iron Bash|p2a: Ferrothorn
|-resisted|p2a: Ferrothorn
|-crit|p2a: Ferrothorn
|-damage|p2a: Ferrothorn|25/100 par
|-damage|p1a: Melmetal|69/100|[from] ability: Iron Barbs|[of] p2a: Ferrothorn
|-resisted|p2a: Ferrothorn
|-damage|p2a: Ferrothorn|12/100 par
|-damage|p1a: Melmetal|57/100|[from] ability: Iron Barbs|[of] p2a: Ferrothorn
|-hitcount|p2a: Ferrothorn|2
|cant|p2a: Ferrothorn|flinch
|
|-heal|p1a: Melmetal|63/100|[from] item: Leftovers
|-heal|p2a: Ferrothorn|19/100 par|[from] item: Leftovers
|upkeep
|turn|52
|
|t:|1639817159
|move|p1a: Melmetal|Double Iron Bash|p2a: Ferrothorn
|-resisted|p2a: Ferrothorn
|-damage|p2a: Ferrothorn|6/100 par
|-damage|p1a: Melmetal|51/100|[from] ability: Iron Barbs|[of] p2a: Ferrothorn
|-resisted|p2a: Ferrothorn
|-damage|p2a: Ferrothorn|0 fnt
|-damage|p1a: Melmetal|38/100|[from] ability: Iron Barbs|[of] p2a: Ferrothorn
|faint|p2a: Ferrothorn
|-hitcount|p2: Ferrothorn|2
|
|-heal|p1a: Melmetal|44/100|[from] item: Leftovers
|upkeep
|
|t:|1639817162
|switch|p2a: Excadrill|Excadrill, M|96/100
|-damage|p2a: Excadrill|93/100|[from] Stealth Rock
|turn|53
|
|t:|1639817166
|move|p2a: Excadrill|Earthquake|p1a: Melmetal
|-supereffective|p1a: Melmetal
|-damage|p1a: Melmetal|0 fnt
|faint|p1a: Melmetal
|
|-heal|p2a: Excadrill|99/100|[from] item: Leftovers
|upkeep
|
|t:|1639817170
|switch|p1a: Slowbro|Slowbro, F|100/100 tox
|turn|54
|
|t:|1639817177
|switch|p2a: Tyranitar|Tyranitar, F|7/100 par
|-damage|p2a: Tyranitar|0 fnt|[from] Stealth Rock
|faint|p2a: Tyranitar
|move|p1a: Slowbro|Scald|p2: Tyranitar|[notarget]
|-fail|p1a: Slowbro
|
|-damage|p1a: Slowbro|94/100 tox|[from] psn
|upkeep
|
|t:|1639817190
|switch|p2a: Urshifu|Urshifu-Rapid-Strike, F|43/100 par
|-damage|p2a: Urshifu|37/100 par|[from] Stealth Rock
|turn|55
|
|t:|1639817194
|move|p2a: Urshifu|U-turn|p1a: Slowbro
|-supereffective|p1a: Slowbro
|-damage|p1a: Slowbro|67/100 tox
|c|☆Mel2345|test
|l|☆Mel2345
|inactive|Mel2345 disconnected and has a minute to reconnect!
|player|p1|
|
|t:|1639817220
|switch|p2a: Excadrill|Excadrill, M|99/100|[from]move: U-turn
|-damage|p2a: Excadrill|96/100|[from] Stealth Rock
|move|p1a: Slowbro|Future Sight|p2a: Excadrill
|-start|p1a: Slowbro|move: Future Sight
|
|-heal|p2a: Excadrill|100/100|[from] item: Leftovers
|-damage|p1a: Slowbro|55/100 tox|[from] psn
|upkeep
|turn|56
|inactive|Candice has 120 seconds left.
|j|☆Mel2345
|inactive|Mel2345 reconnected and has 130 seconds left.
|player|p1|Mel2345|cheren-gen5bw2
|
|t:|1639817251
|switch|p2a: Urshifu|Urshifu-Rapid-Strike, F|37/100 par
|-damage|p2a: Urshifu|31/100 par|[from] Stealth Rock
|move|p1a: Slowbro|Teleport|p1a: Slowbro
|
|t:|1639817255
|switch|p1a: Clefable|Clefable, M|92/100|[from]move: Teleport
|
|upkeep
|turn|57
|inactive|Candice has 120 seconds left.
|
|t:|1639817261
|switch|p2a: Excadrill|Excadrill, M|100/100
|-damage|p2a: Excadrill|97/100|[from] Stealth Rock
|move|p1a: Clefable|Wish|p1a: Clefable
|
|-end|p2a: Excadrill|move: Future Sight
|-resisted|p2a: Excadrill
|-damage|p2a: Excadrill|71/100
|-heal|p2a: Excadrill|77/100|[from] item: Leftovers
|upkeep
|turn|58
|
|t:|1639817270
|switch|p1a: Slowbro|Slowbro, F|89/100 tox
|move|p2a: Excadrill|Swords Dance|p2a: Excadrill
|-boost|p2a: Excadrill|atk|2
|
|-heal|p1a: Slowbro|100/100 tox|[from] move: Wish|[wisher] Clefable
|-heal|p2a: Excadrill|83/100|[from] item: Leftovers
|-damage|p1a: Slowbro|94/100 tox|[from] psn
|upkeep
|turn|59
|
|t:|1639817274
|move|p2a: Excadrill|Iron Head|p1a: Slowbro
|-resisted|p1a: Slowbro
|-damage|p1a: Slowbro|67/100 tox
|move|p1a: Slowbro|Scald|p2a: Excadrill
|-supereffective|p2a: Excadrill
|-damage|p2a: Excadrill|6/100
|
|-heal|p2a: Excadrill|12/100|[from] item: Leftovers
|-damage|p1a: Slowbro|55/100 tox|[from] psn
|upkeep
|turn|60
|
|t:|1639817278
|move|p2a: Excadrill|Earthquake|p1a: Slowbro
|-damage|p1a: Slowbro|0 fnt
|faint|p1a: Slowbro
|
|-heal|p2a: Excadrill|18/100|[from] item: Leftovers
|upkeep
|
|t:|1639817281
|switch|p1a: Weavile|Weavile, F|51/100
|-ability|p1a: Weavile|Pressure
|turn|61
|
|t:|1639817286
|move|p1a: Weavile|Knock Off|p2a: Excadrill
|-damage|p2a: Excadrill|0 fnt
|-enditem|p2a: Excadrill|Leftovers|[from] move: Knock Off|[of] p1a: Weavile
|faint|p2a: Excadrill
|
|upkeep
|
|t:|1639817288
|switch|p2a: Urshifu|Urshifu-Rapid-Strike, F|31/100 par
|-damage|p2a: Urshifu|25/100 par|[from] Stealth Rock
|turn|62
|
|t:|1639817290
|cant|p2a: Urshifu|par
|move|p1a: Weavile|Triple Axel|p2a: Urshifu
|-resisted|p2a: Urshifu
|-damage|p2a: Urshifu|19/100 par
|-resisted|p2a: Urshifu
|-damage|p2a: Urshifu|10/100 par
|-resisted|p2a: Urshifu
|-damage|p2a: Urshifu|0 fnt
|faint|p2a: Urshifu
|-hitcount|p2: Urshifu|3
|
|win|Mel2345
|raw|Mel2345's rating: 1629 &rarr; <strong>1648</strong><br />(+19 for winning)
|raw|Candice's rating: 1617 &rarr; <strong>1598</strong><br />(-19 for losing)
|j| Lightchanseyy
|c|☆Mel2345|gg
|l|☆Candice
