|j|☆Feenieh
|j|☆savage14455
|t:|1667778600
|gametype|singles
|player|p1|Feenieh|psychic-gen4|1615
|player|p2|savage14455|102|1621
|teamsize|p1|6
|teamsize|p2|6
|gen|8
|tier|[Gen 8] OU
|rated|
|rule|Sleep Clause Mod: Limit one foe put to sleep
|rule|Species Clause: Limit one of each Pokémon
|rule|OHKO Clause: OHKO moves are banned
|rule|Evasion Items Clause: Evasion items are banned
|rule|Evasion Moves Clause: Evasion moves are banned
|rule|Endless Battle Clause: Forcing endless battles is banned
|rule|HP Percentage Mod: HP is shown in percentages
|rule|Dynamax Clause: You cannot dynamax
|clearpoke
|poke|p1|Corsola-Galar, M|
|poke|p1|Landorus-Therian, M|
|poke|p1|Garchomp, F|
|poke|p1|Heatran, F|
|poke|p1|Zapdos|
|poke|p1|Tyranitar, F|
|poke|p2|Dragapult, F|
|poke|p2|Urshifu-*, F|
|poke|p2|Tapu Lele|
|poke|p2|Landorus-Therian, M|
|poke|p2|Zapdos|
|poke|p2|Melmetal|
|teampreview
|inactive|Battle timer is ON: inactive players will automatically lose when time's up. (requested by Feenieh)
|
|t:|1667778605
|start
|switch|p1a: Thor|Zapdos|100/100
|switch|p2a: Landorus|Landorus-Therian, M|100/100
|-ability|p2a: Landorus|Intimidate|boost
|-unboost|p1a: Thor|atk|1
|turn|1
|
|t:|1667778608
|switch|p1a: Cyclos|Landorus-Therian, M|100/100
|-ability|p1a: Cyclos|Intimidate|boost
|-unboost|p2a: Landorus|atk|1
|move|p2a: Landorus|Stealth Rock|p1a: Cyclos
|-sidestart|p1: Feenieh|move: Stealth Rock
|
|upkeep
|turn|2
|
|t:|1667778612
|move|p1a: Cyclos|Explosion|p2a: Landorus
|-damage|p2a: Landorus|0 fnt
|faint|p1a: Cyclos
|faint|p2a: Landorus
|
|upkeep
|
|t:|1667778621
|switch|p1a: MetalGreymon|Heatran, F|100/100
|switch|p2a: Melmetal|Melmetal|100/100
|-damage|p1a: MetalGreymon|88/100|[from] Stealth Rock
|-item|p1a: MetalGreymon|Air Balloon
|turn|3
|
|t:|1667778626
|switch|p1a: Gon|Corsola-Galar, M|100/100
|-damage|p1a: Gon|88/100|[from] Stealth Rock
|move|p2a: Melmetal|Protect||[still]
|-fail|p2a: Melmetal
|
|upkeep
|turn|4
|
|t:|1667778634
|switch|p1a: MetalGreymon|Heatran, F|88/100
|-damage|p1a: MetalGreymon|76/100|[from] Stealth Rock
|-item|p1a: MetalGreymon|Air Balloon
|move|p2a: Melmetal|Toxic|p1a: MetalGreymon
|-immune|p1a: MetalGreymon
|
|upkeep
|turn|5
|
|t:|1667778638
|move|p2a: Melmetal|Protect|p2a: Melmetal
|-singleturn|p2a: Melmetal|Protect
|move|p1a: MetalGreymon|Lava Plume|p2a: Melmetal
|-activate|p2a: Melmetal|move: Protect
|
|upkeep
|turn|6
|
|t:|1667778642
|switch|p2a: Urshifu|Urshifu-Rapid-Strike, F|100/100
|move|p1a: MetalGreymon|Lava Plume|p2a: Urshifu
|-resisted|p2a: Urshifu
|-damage|p2a: Urshifu|63/100
|
|upkeep
|turn|7
|
|t:|1667778646
|switch|p1a: Gon|Corsola-Galar, M|88/100
|-damage|p1a: Gon|76/100|[from] Stealth Rock
|move|p2a: Urshifu|U-turn|p1a: Gon
|-resisted|p1a: Gon
|-damage|p1a: Gon|66/100
|
|t:|1667778650
|switch|p2a: Dragapult|Dragapult, F|100/100|[from]move: U-turn
|
|upkeep
|turn|8
|
|t:|1667778655
|switch|p1a: Médusa|Tyranitar, F|100/100
|-damage|p1a: Médusa|88/100|[from] Stealth Rock
|-weather|Sandstorm|[from] ability: Sand Stream|[of] p1a: Médusa
|move|p2a: Dragapult|U-turn|p1a: Médusa
|-supereffective|p1a: Médusa
|-damage|p1a: Médusa|63/100
|j| Cyberacc
|inactive|savage14455 has 120 seconds left.
|
|t:|1667778707
|switch|p2a: Urshifu|Urshifu-Rapid-Strike, F|63/100|[from]move: U-turn
|
|-weather|Sandstorm|[upkeep]
|-damage|p2a: Urshifu|57/100|[from] Sandstorm
|upkeep
|turn|9
|
|t:|1667778727
|switch|p1a: Gon|Corsola-Galar, M|66/100
|-damage|p1a: Gon|54/100|[from] Stealth Rock
|move|p2a: Urshifu|Surging Strikes|p1a: Gon
|-crit|p1a: Gon
|-damage|p1a: Gon|38/100
|-crit|p1a: Gon
|-damage|p1a: Gon|24/100
|-start|p2a: Urshifu|Disable|Surging Strikes|[from] ability: Cursed Body|[of] p1a: Gon
|-crit|p1a: Gon
|-damage|p1a: Gon|10/100
|-hitcount|p1a: Gon|3
|
|-weather|Sandstorm|[upkeep]
|-damage|p2a: Urshifu|51/100|[from] Sandstorm
|-damage|p1a: Gon|4/100|[from] Sandstorm
|upkeep
|turn|10
|
|t:|1667778739
|-activate|p2a: Urshifu|move: Struggle
|move|p2a: Urshifu|Struggle|p1a: Gon
|-crit|p1a: Gon
|-damage|p1a: Gon|0 fnt
|faint|p1a: Gon
|-damage|p2a: Urshifu|26/100|[from] recoil
|
|-weather|Sandstorm|[upkeep]
|-damage|p2a: Urshifu|20/100|[from] Sandstorm
|upkeep
|
|t:|1667778745
|switch|p1a: MetalGreymon|Heatran, F|76/100
|-damage|p1a: MetalGreymon|63/100|[from] Stealth Rock
|-item|p1a: MetalGreymon|Air Balloon
|turn|11
|
|t:|1667778753
|switch|p2a: Dragapult|Dragapult, F|100/100
|move|p1a: MetalGreymon|Stealth Rock|p2a: Dragapult
|-sidestart|p2: savage14455|move: Stealth Rock
|
|-weather|Sandstorm|[upkeep]
|-damage|p2a: Dragapult|95/100|[from] Sandstorm
|upkeep
|turn|12
|
|t:|1667778760
|move|p2a: Dragapult|U-turn|p1a: MetalGreymon
|-resisted|p1a: MetalGreymon
|-damage|p1a: MetalGreymon|60/100
|-enditem|p1a: MetalGreymon|Air Balloon
|
|t:|1667778764
|switch|p2a: Zapdos|Zapdos|100/100|[from]move: U-turn
|move|p1a: MetalGreymon|Flash Cannon|p2a: Zapdos
|-resisted|p2a: Zapdos
|-damage|p2a: Zapdos|73/100
|
|-weather|none
|upkeep
|turn|13
|
|t:|1667778770
|switch|p1a: Médusa|Tyranitar, F|63/100
|-damage|p1a: Médusa|51/100|[from] Stealth Rock
|-weather|Sandstorm|[from] ability: Sand Stream|[of] p1a: Médusa
|move|p2a: Zapdos|Volt Switch|p1a: Médusa
|-damage|p1a: Médusa|32/100
|
|t:|1667778775
|switch|p2a: Melmetal|Melmetal|100/100|[from]move: Volt Switch
|-damage|p2a: Melmetal|94/100|[from] Stealth Rock
|
|-weather|Sandstorm|[upkeep]
|-heal|p2a: Melmetal|100/100|[from] item: Leftovers
|upkeep
|turn|14
|
|t:|1667778778
|move|p1a: Médusa|Flamethrower|p2a: Melmetal
|-supereffective|p2a: Melmetal
|-damage|p2a: Melmetal|26/100
|move|p2a: Melmetal|Earthquake|p1a: Médusa
|-supereffective|p1a: Médusa
|-damage|p1a: Médusa|0 fnt
|faint|p1a: Médusa
|
|-weather|Sandstorm|[upkeep]
|-heal|p2a: Melmetal|32/100|[from] item: Leftovers
|upkeep
|
|t:|1667778785
|switch|p1a: MetalGreymon|Heatran, F|60/100
|-damage|p1a: MetalGreymon|47/100|[from] Stealth Rock
|turn|15
|
|t:|1667778788
|move|p1a: MetalGreymon|Lava Plume|p2a: Melmetal
|-supereffective|p2a: Melmetal
|-damage|p2a: Melmetal|0 fnt
|faint|p2a: Melmetal
|
|-weather|Sandstorm|[upkeep]
|upkeep
|
|t:|1667778797
|switch|p2a: Zapdos|Zapdos|73/100
|turn|16
|
|t:|1667778806
|move|p2a: Zapdos|Defog|p1a: MetalGreymon
|-unboost|p1a: MetalGreymon|evasion|1
|-sideend|p1: Feenieh|Stealth Rock|[from] move: Defog|[of] p2a: Zapdos
|-sideend|p2: savage14455|Stealth Rock|[from] move: Defog|[of] p2a: Zapdos
|move|p1a: MetalGreymon|Lava Plume|p2a: Zapdos
|-damage|p2a: Zapdos|16/100
|
|-weather|Sandstorm|[upkeep]
|-damage|p2a: Zapdos|10/100|[from] Sandstorm
|upkeep
|turn|17
|
|t:|1667778809
|move|p2a: Zapdos|Volt Switch|p1a: MetalGreymon
|-damage|p1a: MetalGreymon|17/100
|
|t:|1667778812
|switch|p2a: Dragapult|Dragapult, F|95/100|[from]move: Volt Switch
|move|p1a: MetalGreymon|Stealth Rock|p2a: Dragapult
|-sidestart|p2: savage14455|move: Stealth Rock
|
|-weather|none
|upkeep
|turn|18
|
|t:|1667778821
|move|p2a: Dragapult|Shadow Ball|p1a: MetalGreymon
|-damage|p1a: MetalGreymon|0 fnt
|faint|p1a: MetalGreymon
|
|upkeep
|
|t:|1667778823
|switch|p1a: Shenron|Garchomp, F|100/100
|turn|19
|
|t:|1667778850
|move|p1a: Shenron|Earthquake|p2a: Dragapult
|-damage|p2a: Dragapult|27/100
|move|p2a: Dragapult|Shadow Ball|p1a: Shenron
|-damage|p1a: Shenron|35/100
|
|upkeep
|turn|20
|
|t:|1667778858
|switch|p1a: Thor|Zapdos|100/100
|switch|p2a: Zapdos|Zapdos|10/100
|
|upkeep
|turn|21
|
|t:|1667778861
|move|p2a: Zapdos|Defog|p1a: Thor
|-unboost|p1a: Thor|evasion|1
|-sideend|p2: savage14455|Stealth Rock|[from] move: Defog|[of] p2a: Zapdos
|move|p1a: Thor|Thunderbolt|p2a: Zapdos
|-damage|p2a: Zapdos|0 fnt
|faint|p2a: Zapdos
|
|upkeep
|
|t:|1667778866
|switch|p2a: Tapu Lele|Tapu Lele|100/100
|-fieldstart|move: Psychic Terrain|[from] ability: Psychic Surge|[of] p2a: Tapu Lele
|turn|22
|
|t:|1667778875
|switch|p2a: Urshifu|Urshifu-Rapid-Strike, F|20/100
|move|p1a: Thor|Thunderbolt|p2a: Urshifu
|-supereffective|p2a: Urshifu
|-damage|p2a: Urshifu|0 fnt
|faint|p2a: Urshifu
|
|upkeep
|
|t:|1667778877
|switch|p2a: Dragapult|Dragapult, F|27/100
|turn|23
|
|t:|1667778881
|move|p2a: Dragapult|Draco Meteor|p1a: Thor
|-damage|p1a: Thor|13/100
|-unboost|p2a: Dragapult|spa|2
|move|p1a: Thor|Thunderbolt|p2a: Dragapult
|-resisted|p2a: Dragapult
|-crit|p2a: Dragapult
|-damage|p2a: Dragapult|0 fnt
|faint|p2a: Dragapult
|
|upkeep
|
|t:|1667778884
|switch|p2a: Tapu Lele|Tapu Lele|100/100
|turn|24
|
|t:|1667778886
|move|p2a: Tapu Lele|Moonblast|p1a: Thor
|-damage|p1a: Thor|0 fnt
|faint|p1a: Thor
|
|upkeep
|
|t:|1667778888
|switch|p1a: Shenron|Garchomp, F|35/100
|turn|25
|
|t:|1667778890
|move|p1a: Shenron|Iron Head|p2a: Tapu Lele
|-supereffective|p2a: Tapu Lele
|-damage|p2a: Tapu Lele|21/100
|cant|p2a: Tapu Lele|flinch
|
|upkeep
|turn|26
|-message|savage14455 forfeited.
|
|win|Feenieh
|raw|Feenieh's rating: 1615 &rarr; <strong>1635</strong><br />(+20 for winning)
|raw|savage14455's rating: 1621 &rarr; <strong>1601</strong><br />(-20 for losing)
|l|☆savage14455
||Ladder isn't responding, score probably updated but might not have (Request timeout).
