|j|☆jptoroglass
|j|☆j_albacino023
|t:|1660002055
|gametype|singles
|player|p1|jptoroglass|furisodegirl-blue|1794
|player|p2|j_albacino023|265|1927
|teamsize|p1|6
|teamsize|p2|6
|gen|8
|tier|[Gen 8] OU
|rated|
|rule|Sleep Clause Mod: Limit one foe put to sleep
|rule|Species Clause: Limit one of each Pokémon
|rule|OHKO Clause: OHKO moves are banned
|rule|Evasion Items Clause: Evasion items are banned
|rule|Evasion Moves Clause: Evasion moves are banned
|rule|Endless Battle Clause: Forcing endless battles is banned
|rule|HP Percentage Mod: HP is shown in percentages
|rule|Dynamax Clause: You cannot dynamax
|clearpoke
|poke|p1|Mew|
|poke|p1|Cloyster, F|
|poke|p1|Gengar, F|
|poke|p1|Bisharp, F|
|poke|p1|Rillaboom, F|
|poke|p1|Hawlucha, F|
|poke|p2|Ferrothorn, F|
|poke|p2|Rotom-Wash|
|poke|p2|Tyranitar, M|
|poke|p2|Excadrill, F|
|poke|p2|Clefable, M|
|poke|p2|Dragapult, F|
|teampreview
|inactive|Battle timer is ON: inactive players will automatically lose when time's up. (requested by jptoroglass)
|
|t:|1660002069
|start
|switch|p1a: DK did it first|Rillaboom, F|100/100
|switch|p2a: Dragapult|Dragapult, F|100/100
|-fieldstart|move: Grassy Terrain|[from] ability: Grassy Surge|[of] p1a: DK did it first
|turn|1
|
|t:|1660002076
|switch|p1a: Mew|Mew, shiny|100/100
|move|p2a: Dragapult|U-turn|p1a: Mew
|-supereffective|p1a: Mew
|-damage|p1a: Mew|73/100
|-enditem|p1a: Mew|Red Card|[of] p2a: Dragapult
|drag|p2a: Ferrothorn|Ferrothorn, F|100/100
|
|-heal|p1a: Mew|79/100|[from] Grassy Terrain
|upkeep
|turn|2
|
|t:|1660002081
|move|p1a: Mew|Stealth Rock|p2a: Ferrothorn
|-sidestart|p2: j_albacino023|move: Stealth Rock
|move|p2a: Ferrothorn|Spikes|p1a: Mew
|-sidestart|p1: jptoroglass|Spikes
|
|-heal|p1a: Mew|85/100|[from] Grassy Terrain
|upkeep
|turn|3
|
|t:|1660002085
|move|p1a: Mew|Taunt|p2a: Ferrothorn
|-start|p2a: Ferrothorn|move: Taunt
|cant|p2a: Ferrothorn|move: Taunt|Spikes
|
|-heal|p1a: Mew|91/100|[from] Grassy Terrain
|upkeep
|turn|4
|
|t:|1660002088
|switch|p2a: Dragapult|Dragapult, F|100/100
|-damage|p2a: Dragapult|88/100|[from] Stealth Rock
|move|p1a: Mew|Spikes|p2a: Dragapult
|-sidestart|p2: j_albacino023|Spikes
|
|-heal|p2a: Dragapult|94/100|[from] Grassy Terrain
|-heal|p1a: Mew|98/100|[from] Grassy Terrain
|upkeep
|turn|5
|
|t:|1660002091
|move|p2a: Dragapult|Shadow Ball|p1a: Mew
|-supereffective|p1a: Mew
|-damage|p1a: Mew|5/100
|-unboost|p1a: Mew|spd|1
|move|p1a: Mew|Spikes|p2a: Dragapult
|-sidestart|p2: j_albacino023|Spikes
|
|-heal|p2a: Dragapult|99/100|[from] Grassy Terrain
|-heal|p1a: Mew|12/100|[from] Grassy Terrain
|-fieldend|move: Grassy Terrain
|upkeep
|turn|6
|
|t:|1660002096
|switch|p2a: Excadrill|Excadrill, F|100/100
|-damage|p2a: Excadrill|97/100|[from] Stealth Rock
|-damage|p2a: Excadrill|81/100|[from] Spikes
|move|p1a: Mew|Spikes|p2a: Excadrill
|-sidestart|p2: j_albacino023|Spikes
|
|-heal|p2a: Excadrill|87/100|[from] item: Leftovers
|upkeep
|turn|7
|
|t:|1660002101
|move|p1a: Mew|Explosion|p2a: Excadrill
|-resisted|p2a: Excadrill
|-damage|p2a: Excadrill|48/100
|faint|p1a: Mew
|move|p2a: Excadrill|Earthquake|p1: Mew|[notarget]
|-fail|p2a: Excadrill
|
|-heal|p2a: Excadrill|54/100|[from] item: Leftovers
|upkeep
|
|t:|1660002126
|switch|p1a: Okage|Gengar, F|100/100
|-damage|p1a: Okage|88/100|[from] Spikes
|turn|8
|
|t:|1660002130
|switch|p2a: Tyranitar|Tyranitar, M|100/100
|-damage|p2a: Tyranitar|88/100|[from] Stealth Rock
|-damage|p2a: Tyranitar|63/100|[from] Spikes
|-weather|Sandstorm|[from] ability: Sand Stream|[of] p2a: Tyranitar
|move|p1a: Okage|Shadow Ball|p2a: Tyranitar
|-resisted|p2a: Tyranitar
|-damage|p2a: Tyranitar|49/100
|-unboost|p2a: Tyranitar|spd|1
|
|-weather|Sandstorm|[upkeep]
|-damage|p1a: Okage|82/100|[from] Sandstorm
|upkeep
|turn|9
|
|t:|1660002134
|move|p1a: Okage|Focus Blast|p2a: Tyranitar
|-supereffective|p2a: Tyranitar
|-damage|p2a: Tyranitar|0 fnt
|faint|p2a: Tyranitar
|
|-weather|Sandstorm|[upkeep]
|-damage|p1a: Okage|76/100|[from] Sandstorm
|upkeep
|
|t:|1660002137
|switch|p2a: Excadrill|Excadrill, F|54/100
|-damage|p2a: Excadrill|51/100|[from] Stealth Rock
|-damage|p2a: Excadrill|26/100|[from] Spikes
|turn|10
|
|t:|1660002144
|move|p2a: Excadrill|Iron Head|p1a: Okage
|-damage|p1a: Okage|0 fnt
|faint|p1a: Okage
|
|-weather|Sandstorm|[upkeep]
|-heal|p2a: Excadrill|32/100|[from] item: Leftovers
|upkeep
|inactive|jptoroglass has 120 seconds left.
|
|t:|1660002180
|switch|p1a: DK did it first|Rillaboom, F|100/100
|-damage|p1a: DK did it first|88/100|[from] Spikes
|-fieldstart|move: Grassy Terrain|[from] ability: Grassy Surge|[of] p1a: DK did it first
|turn|11
|
|t:|1660002185
|move|p1a: DK did it first|Grassy Glide|p2a: Excadrill
|-damage|p2a: Excadrill|0 fnt
|faint|p2a: Excadrill
|-damage|p1a: DK did it first|78/100|[from] item: Life Orb
|
|-weather|Sandstorm|[upkeep]
|-damage|p1a: DK did it first|72/100|[from] Sandstorm
|-heal|p1a: DK did it first|78/100|[from] Grassy Terrain
|upkeep
|
|t:|1660002191
|switch|p2a: Dragapult|Dragapult, F|99/100
|-damage|p2a: Dragapult|88/100|[from] Stealth Rock
|-damage|p2a: Dragapult|63/100|[from] Spikes
|turn|12
|
|t:|1660002207
|switch|p1a: MagicConch|Cloyster, F|100/100
|-damage|p1a: MagicConch|88/100|[from] Spikes
|move|p2a: Dragapult|Flamethrower|p1a: MagicConch
|-damage|p1a: MagicConch|0 fnt
|faint|p1a: MagicConch
|
|-weather|none
|-heal|p2a: Dragapult|69/100|[from] Grassy Terrain
|upkeep
|
|t:|1660002210
|switch|p1a: Zero|Bisharp, F|100/100
|-damage|p1a: Zero|88/100|[from] Spikes
|turn|13
|
|t:|1660002218
|move|p2a: Dragapult|Flamethrower|p1a: Zero
|-supereffective|p1a: Zero
|-damage|p1a: Zero|0 fnt
|faint|p1a: Zero
|
|-heal|p2a: Dragapult|75/100|[from] Grassy Terrain
|upkeep
|
|t:|1660002224
|switch|p1a: Adam West|Hawlucha, F|100/100
|-enditem|p1a: Adam West|Grassy Seed
|-boost|p1a: Adam West|def|1|[from] item: Grassy Seed
|turn|14
|
|t:|1660002230
|switch|p2a: Clefable|Clefable, M|100/100
|move|p1a: Adam West|Swords Dance|p1a: Adam West
|-boost|p1a: Adam West|atk|2
|
|upkeep
|turn|15
|
|t:|1660002232
|move|p1a: Adam West|Acrobatics|p2a: Clefable
|-damage|p2a: Clefable|19/100
|-damage|p1a: Adam West|84/100|[from] item: Rocky Helmet|[of] p2a: Clefable
|move|p2a: Clefable|Moonblast|p1a: Adam West
|-supereffective|p1a: Adam West
|-crit|p1a: Adam West
|-damage|p1a: Adam West|0 fnt
|faint|p1a: Adam West
|
|-heal|p2a: Clefable|25/100|[from] Grassy Terrain
|-fieldend|move: Grassy Terrain
|upkeep
|
|t:|1660002236
|switch|p1a: DK did it first|Rillaboom, F|78/100
|-damage|p1a: DK did it first|66/100|[from] Spikes
|-fieldstart|move: Grassy Terrain|[from] ability: Grassy Surge|[of] p1a: DK did it first
|turn|16
|
|t:|1660002242
|move|p1a: DK did it first|Swords Dance|p1a: DK did it first
|-boost|p1a: DK did it first|atk|2
|move|p2a: Clefable|Moonblast|p1a: DK did it first
|-damage|p1a: DK did it first|26/100
|
|-heal|p1a: DK did it first|32/100|[from] Grassy Terrain
|-heal|p2a: Clefable|31/100|[from] Grassy Terrain
|upkeep
|turn|17
|
|t:|1660002252
|switch|p2a: Rotom|Rotom-Wash|100/100
|-damage|p2a: Rotom|88/100|[from] Stealth Rock
|move|p1a: DK did it first|Grassy Glide|p2a: Rotom
|-supereffective|p2a: Rotom
|-damage|p2a: Rotom|0 fnt
|faint|p2a: Rotom
|-damage|p1a: DK did it first|22/100|[from] item: Life Orb
|
|-heal|p1a: DK did it first|29/100|[from] Grassy Terrain
|upkeep
|
|t:|1660002259
|switch|p2a: Ferrothorn|Ferrothorn, F|100/100
|-damage|p2a: Ferrothorn|95/100|[from] Stealth Rock
|-damage|p2a: Ferrothorn|70/100|[from] Spikes
|turn|18
|
|t:|1660002265
|move|p1a: DK did it first|Drain Punch|p2a: Ferrothorn
|-supereffective|p2a: Ferrothorn
|-damage|p2a: Ferrothorn|0 fnt
|-heal|p1a: DK did it first|64/100|[from] drain|[of] p2a: Ferrothorn
|-damage|p1a: DK did it first|52/100|[from] ability: Iron Barbs|[of] p2a: Ferrothorn
|faint|p2a: Ferrothorn
|-damage|p1a: DK did it first|42/100|[from] item: Life Orb
|
|-heal|p1a: DK did it first|48/100|[from] Grassy Terrain
|upkeep
|
|t:|1660002273
|switch|p2a: Clefable|Clefable, M|31/100
|turn|19
|
|t:|1660002276
|move|p1a: DK did it first|Grassy Glide|p2a: Clefable
|-damage|p2a: Clefable|0 fnt
|-damage|p1a: DK did it first|32/100|[from] item: Rocky Helmet|[of] p2a: Clefable
|faint|p2a: Clefable
|-damage|p1a: DK did it first|22/100|[from] item: Life Orb
|
|-heal|p1a: DK did it first|28/100|[from] Grassy Terrain
|upkeep
|
|t:|1660002277
|switch|p2a: Dragapult|Dragapult, F|75/100
|-damage|p2a: Dragapult|63/100|[from] Stealth Rock
|-damage|p2a: Dragapult|38/100|[from] Spikes
|turn|20
|
|t:|1660002280
|move|p1a: DK did it first|Grassy Glide|p2a: Dragapult
|-resisted|p2a: Dragapult
|-damage|p2a: Dragapult|0 fnt
|faint|p2a: Dragapult
|-damage|p1a: DK did it first|18/100|[from] item: Life Orb
|
|win|jptoroglass
|raw|jptoroglass's rating: 1794 &rarr; <strong>1821</strong><br />(+27 for winning)
|raw|j_albacino023's rating: 1927 &rarr; <strong>1900</strong><br />(-27 for losing)
|l|☆j_albacino023
||Ladder isn't responding, score probably updated but might not have (Request timeout).
