|raw|<div class="broadcast-blue"><strong>This battle is required to be public due to a player having a name starting with 'lt81yl'.</div>
|j|‽lonietzzz
|j|☆lt81yl gray
|t:|1625585028
|gametype|singles
|player|p1|lonietzzz|pokemonbreederf|1830
|player|p2|lt81yl gray|170|2048
|teamsize|p1|6
|teamsize|p2|6
|gen|8
|tier|[Gen 8] OU
|rated|
|rule|Sleep Clause Mod: Limit one foe put to sleep
|rule|Species Clause: Limit one of each Pokémon
|rule|OHKO Clause: OHKO moves are banned
|rule|Evasion Moves Clause: Evasion moves are banned
|rule|Endless Battle Clause: Forcing endless battles is banned
|rule|HP Percentage Mod: HP is shown in percentages
|rule|Dynamax Clause: You cannot dynamax
|clearpoke
|poke|p1|Dragonite, M|
|poke|p1|Mew|
|poke|p1|Regieleki|
|poke|p1|Blaziken, F|
|poke|p1|Scolipede, F|
|poke|p1|Melmetal|
|poke|p2|Landorus-Therian, M|
|poke|p2|Tapu Lele|
|poke|p2|Heatran, M|
|poke|p2|Kartana|
|poke|p2|Rillaboom, M|
|poke|p2|Urshifu-*, M|
|teampreview
|j| the carkols
|j| LT81YL Ruby
|j| Plasmeek
|inactive|Battle timer is ON: inactive players will automatically lose when time's up. (requested by lonietzzz)
|
|t:|1625585040
|start
|switch|p1a: Mew|Mew|100/100
|switch|p2a: Kartana|Kartana|100/100
|turn|1
|j| MangoStyle
|
|t:|1625585045
|move|p2a: Kartana|Knock Off|p1a: Mew
|-supereffective|p1a: Mew
|-damage|p1a: Mew|26/100
|-enditem|p1a: Mew|Focus Sash|[from] move: Knock Off|[of] p2a: Kartana
|move|p1a: Mew|Thunder Wave|p2a: Kartana
|-status|p2a: Kartana|par
|
|upkeep
|turn|2
|j| IPF
|
|t:|1625585053
|switch|p2a: Rillaboom|Rillaboom, M|100/100
|-fieldstart|move: Grassy Terrain|[from] ability: Grassy Surge|[of] p2a: Rillaboom
|move|p1a: Mew|Stealth Rock|p2a: Rillaboom
|-sidestart|p2: lt81yl gray|move: Stealth Rock
|
|-heal|p1a: Mew|32/100|[from] Grassy Terrain
|upkeep
|turn|3
|
|t:|1625585058
|switch|p1a: Melmetal|Melmetal|100/100
|move|p2a: Rillaboom|Grassy Glide|p1a: Melmetal
|-resisted|p1a: Melmetal
|-damage|p1a: Melmetal|82/100
|-damage|p2a: Rillaboom|91/100|[from] item: Life Orb
|
|-heal|p2a: Rillaboom|97/100|[from] Grassy Terrain
|-heal|p1a: Melmetal|88/100|[from] Grassy Terrain
|upkeep
|turn|4
|l| IPF
|
|t:|1625585068
|switch|p2a: Urshifu|Urshifu-Rapid-Strike, M|100/100
|-damage|p2a: Urshifu|94/100|[from] Stealth Rock
|move|p1a: Melmetal|Double Iron Bash|p2a: Urshifu
|-resisted|p2a: Urshifu
|-damage|p2a: Urshifu|73/100
|-resisted|p2a: Urshifu
|-damage|p2a: Urshifu|51/100
|-hitcount|p2a: Urshifu|2
|
|-heal|p2a: Urshifu|57/100|[from] Grassy Terrain
|-heal|p1a: Melmetal|94/100|[from] Grassy Terrain
|upkeep
|turn|5
|j| livin so zambian
|
|t:|1625585077
|switch|p1a: Mew|Mew|32/100
|move|p2a: Urshifu|Surging Strikes|p1a: Mew
|-crit|p1a: Mew
|-damage|p1a: Mew|6/100
|-crit|p1a: Mew
|-damage|p1a: Mew|0 fnt
|faint|p1a: Mew
|-hitcount|p1: Mew|2
|
|-heal|p2a: Urshifu|63/100|[from] Grassy Terrain
|upkeep
|j| ironwater
|
|t:|1625585085
|switch|p1a: Regieleki|Regieleki|100/100
|turn|6
|l| livin so zambian
|
|t:|1625585094
|switch|p2a: Landorus|Landorus-Therian, M|100/100
|-damage|p2a: Landorus|88/100|[from] Stealth Rock
|-ability|p2a: Landorus|Intimidate|boost
|-unboost|p1a: Regieleki|atk|1
|move|p1a: Regieleki|Volt Switch|p2a: Landorus
|-immune|p2a: Landorus
|
|-heal|p2a: Landorus|94/100|[from] item: Leftovers
|-fieldend|move: Grassy Terrain
|upkeep
|turn|7
|j| andreasmang
|
|t:|1625585100
|switch|p1a: Dragonite|Dragonite, M|100/100
|move|p2a: Landorus|Stealth Rock|p1a: Dragonite
|-sidestart|p1: lonietzzz|move: Stealth Rock
|
|-heal|p2a: Landorus|99/100|[from] item: Leftovers
|upkeep
|turn|8
|
|t:|1625585109
|switch|p2a: Urshifu|Urshifu-Rapid-Strike, M|63/100
|-damage|p2a: Urshifu|57/100|[from] Stealth Rock
|move|p1a: Dragonite|Dragon Dance|p1a: Dragonite
|-boost|p1a: Dragonite|atk|1
|-boost|p1a: Dragonite|spe|1
|
|upkeep
|turn|9
|
|t:|1625585116
|switch|p2a: Landorus|Landorus-Therian, M|99/100
|-damage|p2a: Landorus|88/100|[from] Stealth Rock
|-ability|p2a: Landorus|Intimidate|boost
|-unboost|p1a: Dragonite|atk|1
|move|p1a: Dragonite|Dragon Dance|p1a: Dragonite
|-boost|p1a: Dragonite|atk|1
|-boost|p1a: Dragonite|spe|1
|
|-heal|p2a: Landorus|94/100|[from] item: Leftovers
|upkeep
|turn|10
|
|t:|1625585121
|move|p1a: Dragonite|Ice Punch|p2a: Landorus
|-supereffective|p2a: Landorus
|-damage|p2a: Landorus|0 fnt
|faint|p2a: Landorus
|
|upkeep
|
|t:|1625585128
|switch|p2a: Kartana|Kartana|100/100 par
|-damage|p2a: Kartana|94/100 par|[from] Stealth Rock
|turn|11
|
|t:|1625585132
|move|p1a: Dragonite|Dragon Dance|p1a: Dragonite
|-boost|p1a: Dragonite|atk|1
|-boost|p1a: Dragonite|spe|1
|cant|p2a: Kartana|par
|
|upkeep
|turn|12
|j| eblurb
|
|t:|1625585138
|move|p1a: Dragonite|Dragon Dance|p1a: Dragonite
|-boost|p1a: Dragonite|atk|1
|-boost|p1a: Dragonite|spe|1
|move|p2a: Kartana|Smart Strike|p1a: Dragonite
|-damage|p1a: Dragonite|72/100
|
|upkeep
|turn|13
|j| LT81YL HAX
|l| eblurb
|
|t:|1625585145
|move|p1a: Dragonite|Roost|p1a: Dragonite
|-heal|p1a: Dragonite|100/100
|-singleturn|p1a: Dragonite|move: Roost
|move|p2a: Kartana|Knock Off|p1a: Dragonite
|-damage|p1a: Dragonite|74/100
|-enditem|p1a: Dragonite|Heavy-Duty Boots|[from] move: Knock Off|[of] p2a: Kartana
|
|upkeep
|turn|14
|j| sidjfauisbhfjhb
|-message|lt81yl gray forfeited.
|
|win|lonietzzz
|l|☆lt81yl gray
|raw|lonietzzz's rating: 1830 &rarr; <strong>1861</strong><br />(+31 for winning)
|raw|lt81yl gray's rating: 2048 &rarr; <strong>2017</strong><br />(-31 for losing)
|j| croo
|l| Plasmeek
|j| eebsofresh
|j| badalakazam
|j| LT81YL crying
|j| LT81YL stareal
|l| badalakazam
|l| LT81YL stareal
||Ladder isn't responding, score probably updated but might not have (Request timeout).
