|j|☆Snurke
|j|☆Elite4Donovan
|t:|1658927384
|gametype|singles
|player|p1|Snurke|2|1719
|player|p2|Elite4Donovan|lucas|1751
|teamsize|p1|6
|teamsize|p2|6
|gen|8
|tier|[Gen 8] OU
|rated|
|rule|Sleep Clause Mod: Limit one foe put to sleep
|rule|Species Clause: Limit one of each Pokémon
|rule|OHKO Clause: OHKO moves are banned
|rule|Evasion Moves Clause: Evasion moves are banned
|rule|Endless Battle Clause: Forcing endless battles is banned
|rule|HP Percentage Mod: HP is shown in percentages
|rule|Dynamax Clause: You cannot dynamax
|clearpoke
|poke|p1|Pelipper, F|
|poke|p1|Barraskewda, M|
|poke|p1|Ferrothorn, M|
|poke|p1|Tornadus-Therian, M|
|poke|p1|Zeraora|
|poke|p1|Kingdra, F|
|poke|p2|Corviknight, F|
|poke|p2|Snorlax, F|
|poke|p2|Pincurchin, F|
|poke|p2|Rillaboom, M|
|poke|p2|Cramorant, M|
|poke|p2|Heatmor, F|
|teampreview
|inactive|Battle timer is ON: inactive players will automatically lose when time's up. (requested by Snurke)
|
|t:|1658927426
|start
|switch|p1a: Draymond Green|Ferrothorn, M|100/100
|switch|p2a: Pincurchin|Pincurchin, F|100/100
|turn|1
|
|t:|1658927438
|switch|p2a: Heatmor|Heatmor, F|100/100
|move|p1a: Draymond Green|Stealth Rock|p2a: Heatmor
|-sidestart|p2: Elite4Donovan|move: Stealth Rock
|
|upkeep
|turn|2
|
|t:|1658927443
|switch|p1a: Klay Thompson|Pelipper, F, shiny|100/100
|-weather|RainDance|[from] ability: Drizzle|[of] p1a: Klay Thompson
|move|p2a: Heatmor|Knock Off|p1a: Klay Thompson
|-damage|p1a: Klay Thompson|85/100
|-enditem|p1a: Klay Thompson|Damp Rock|[from] move: Knock Off|[of] p2a: Heatmor
|
|-weather|RainDance|[upkeep]
|upkeep
|turn|3
|
|t:|1658927463
|move|p2a: Heatmor|Giga Drain|p1a: Klay Thompson
|-damage|p1a: Klay Thompson|50/100
|move|p1a: Klay Thompson|Scald|p2a: Heatmor
|-supereffective|p2a: Heatmor
|-damage|p2a: Heatmor|0 fnt
|faint|p2a: Heatmor
|
|-weather|RainDance|[upkeep]
|upkeep
|
|t:|1658927470
|switch|p2a: Cramorant|Cramorant, M|100/100
|-damage|p2a: Cramorant|76/100|[from] Stealth Rock
|turn|4
|
|t:|1658927485
|move|p2a: Cramorant|Hurricane|p1a: Klay Thompson
|-damage|p1a: Klay Thompson|0 fnt
|faint|p1a: Klay Thompson
|
|-weather|RainDance|[upkeep]
|upkeep
|
|t:|1658927490
|switch|p1a: Looney|Zeraora, shiny|100/100
|turn|5
|
|t:|1658927498
|switch|p2a: Pincurchin|Pincurchin, F|100/100
|-damage|p2a: Pincurchin|88/100|[from] Stealth Rock
|move|p1a: Looney|Knock Off|p2a: Pincurchin
|-damage|p2a: Pincurchin|49/100
|-enditem|p2a: Pincurchin|Leftovers|[from] move: Knock Off|[of] p1a: Looney
|
|-weather|RainDance|[upkeep]
|upkeep
|turn|6
|
|t:|1658927520
|move|p1a: Looney|Bulk Up|p1a: Looney
|-boost|p1a: Looney|atk|1
|-boost|p1a: Looney|def|1
|move|p2a: Pincurchin|Recover|p2a: Pincurchin
|-heal|p2a: Pincurchin|99/100
|
|-weather|RainDance|[upkeep]
|upkeep
|turn|7
|
|t:|1658927525
|move|p1a: Looney|Bulk Up|p1a: Looney
|-boost|p1a: Looney|atk|1
|-boost|p1a: Looney|def|1
|move|p2a: Pincurchin|Scald|p1a: Looney
|-damage|p1a: Looney|67/100
|
|-weather|RainDance|[upkeep]
|upkeep
|turn|8
|
|t:|1658927534
|move|p1a: Looney|Close Combat|p2a: Pincurchin
|-crit|p2a: Pincurchin
|-damage|p2a: Pincurchin|0 fnt
|-unboost|p1a: Looney|def|1
|-unboost|p1a: Looney|spd|1
|faint|p2a: Pincurchin
|
|-weather|RainDance|[upkeep]
|upkeep
|
|t:|1658927538
|switch|p2a: Cramorant|Cramorant, M|76/100
|-damage|p2a: Cramorant|51/100|[from] Stealth Rock
|turn|9
|
|t:|1658927548
|move|p2a: Cramorant|Surf|p1a: Looney
|-formechange|p2a: Cramorant|Cramorant-Gulping|
|-crit|p1a: Looney
|-damage|p1a: Looney|0 fnt
|faint|p1a: Looney
|
|-weather|none
|upkeep
|
|t:|1658927557
|switch|p1a: Draymond Green|Ferrothorn, M|100/100
|turn|10
|
|t:|1658927565
|switch|p2a: Corviknight|Corviknight, F|100/100
|-damage|p2a: Corviknight|88/100|[from] Stealth Rock
|-ability|p2a: Corviknight|Pressure
|move|p1a: Draymond Green|Leech Seed|p2a: Corviknight
|-start|p2a: Corviknight|move: Leech Seed
|
|-heal|p2a: Corviknight|94/100|[from] item: Leftovers
|-damage|p2a: Corviknight|82/100|[from] Leech Seed|[of] p1a: Draymond Green
|upkeep
|turn|11
|
|t:|1658927577
|switch|p1a: Steph Curry|Barraskewda, M, shiny|100/100
|move|p2a: Corviknight|Defog|p1a: Steph Curry
|-unboost|p1a: Steph Curry|evasion|1
|-sideend|p2: Elite4Donovan|Stealth Rock|[from] move: Defog|[of] p2a: Corviknight
|
|-heal|p2a: Corviknight|88/100|[from] item: Leftovers
|-damage|p2a: Corviknight|75/100|[from] Leech Seed|[of] p1a: Steph Curry
|upkeep
|turn|12
|
|t:|1658927585
|move|p1a: Steph Curry|Liquidation|p2a: Corviknight
|-damage|p2a: Corviknight|34/100
|move|p2a: Corviknight|U-turn|p1a: Steph Curry
|-damage|p1a: Steph Curry|74/100
|
|t:|1658927590
|switch|p2a: Cramorant|Cramorant, M|51/100|[from]move: U-turn
|
|upkeep
|turn|13
|
|t:|1658927596
|switch|p1a: Draymond Green|Ferrothorn, M|100/100
|move|p2a: Cramorant|Hurricane|p1a: Draymond Green
|-damage|p1a: Draymond Green|66/100
|
|-heal|p1a: Draymond Green|72/100|[from] item: Leftovers
|upkeep
|turn|14
|
|t:|1658927608
|move|p2a: Cramorant|Hurricane|p1a: Draymond Green
|-damage|p1a: Draymond Green|37/100
|-start|p1a: Draymond Green|confusion
|-activate|p1a: Draymond Green|confusion
|move|p1a: Draymond Green|Stealth Rock|p2a: Cramorant
|-sidestart|p2: Elite4Donovan|move: Stealth Rock
|
|-heal|p1a: Draymond Green|44/100|[from] item: Leftovers
|upkeep
|turn|15
|
|t:|1658927614
|-activate|p1a: Draymond Green|confusion
|move|p1a: Draymond Green|Protect|p1a: Draymond Green
|-singleturn|p1a: Draymond Green|Protect
|move|p2a: Cramorant|Hurricane|p1a: Draymond Green
|-activate|p1a: Draymond Green|move: Protect
|
|-heal|p1a: Draymond Green|50/100|[from] item: Leftovers
|upkeep
|turn|16
|
|t:|1658927621
|move|p2a: Cramorant|Hurricane|p1a: Draymond Green|[miss]
|-miss|p2a: Cramorant|p1a: Draymond Green
|-end|p1a: Draymond Green|confusion
|move|p1a: Draymond Green|Leech Seed|p2a: Cramorant
|-start|p2a: Cramorant|move: Leech Seed
|
|-heal|p1a: Draymond Green|56/100|[from] item: Leftovers
|-damage|p2a: Cramorant|38/100|[from] Leech Seed|[of] p1a: Draymond Green
|-heal|p1a: Draymond Green|66/100|[silent]
|upkeep
|turn|17
|
|t:|1658927633
|switch|p2a: Rillaboom|Rillaboom, M|100/100
|-damage|p2a: Rillaboom|88/100|[from] Stealth Rock
|-fieldstart|move: Grassy Terrain|[from] ability: Grassy Surge|[of] p2a: Rillaboom
|move|p1a: Draymond Green|Body Press|p2a: Rillaboom
|-damage|p2a: Rillaboom|53/100
|
|-heal|p2a: Rillaboom|59/100|[from] Grassy Terrain
|-heal|p1a: Draymond Green|72/100|[from] Grassy Terrain
|-heal|p1a: Draymond Green|79/100|[from] item: Leftovers
|upkeep
|turn|18
|
|t:|1658927647
|move|p2a: Rillaboom|Swords Dance|p2a: Rillaboom
|-boost|p2a: Rillaboom|atk|2
|move|p1a: Draymond Green|Body Press|p2a: Rillaboom
|-damage|p2a: Rillaboom|27/100
|
|-heal|p2a: Rillaboom|33/100|[from] Grassy Terrain
|-heal|p1a: Draymond Green|85/100|[from] Grassy Terrain
|-heal|p1a: Draymond Green|91/100|[from] item: Leftovers
|upkeep
|turn|19
|j| Bug-T
|
|t:|1658927663
|move|p2a: Rillaboom|Knock Off|p1a: Draymond Green
|-damage|p1a: Draymond Green|37/100
|-damage|p2a: Rillaboom|20/100|[from] ability: Iron Barbs|[of] p1a: Draymond Green
|-enditem|p1a: Draymond Green|Leftovers|[from] move: Knock Off|[of] p2a: Rillaboom
|-damage|p2a: Rillaboom|10/100|[from] item: Life Orb
|move|p1a: Draymond Green|Body Press|p2a: Rillaboom
|-damage|p2a: Rillaboom|0 fnt
|faint|p2a: Rillaboom
|
|-heal|p1a: Draymond Green|43/100|[from] Grassy Terrain
|upkeep
|
|t:|1658927668
|switch|p2a: Snorlax|Snorlax, F|100/100
|-damage|p2a: Snorlax|88/100|[from] Stealth Rock
|turn|20
|
|t:|1658927681
|move|p2a: Snorlax|Curse|p2a: Snorlax
|-unboost|p2a: Snorlax|spe|1
|-boost|p2a: Snorlax|atk|1
|-boost|p2a: Snorlax|def|1
|move|p1a: Draymond Green|Leech Seed|p2a: Snorlax
|-start|p2a: Snorlax|move: Leech Seed
|
|-heal|p1a: Draymond Green|50/100|[from] Grassy Terrain
|-heal|p2a: Snorlax|94/100|[from] Grassy Terrain
|-heal|p2a: Snorlax|99/100|[from] item: Leftovers
|-damage|p2a: Snorlax|88/100|[from] Leech Seed|[of] p1a: Draymond Green
|-heal|p1a: Draymond Green|66/100|[silent]
|upkeep
|turn|21
|
|t:|1658927688
|move|p1a: Draymond Green|Body Press|p2a: Snorlax
|-supereffective|p2a: Snorlax
|-damage|p2a: Snorlax|57/100
|move|p2a: Snorlax|Curse|p2a: Snorlax
|-unboost|p2a: Snorlax|spe|1
|-boost|p2a: Snorlax|atk|1
|-boost|p2a: Snorlax|def|1
|
|-heal|p1a: Draymond Green|72/100|[from] Grassy Terrain
|-heal|p2a: Snorlax|63/100|[from] Grassy Terrain
|-heal|p2a: Snorlax|69/100|[from] item: Leftovers
|-damage|p2a: Snorlax|57/100|[from] Leech Seed|[of] p1a: Draymond Green
|-heal|p1a: Draymond Green|88/100|[silent]
|-fieldend|move: Grassy Terrain
|upkeep
|turn|22
|
|t:|1658927700
|move|p1a: Draymond Green|Body Press|p2a: Snorlax
|-supereffective|p2a: Snorlax
|-damage|p2a: Snorlax|34/100
|move|p2a: Snorlax|Curse|p2a: Snorlax
|-unboost|p2a: Snorlax|spe|1
|-boost|p2a: Snorlax|atk|1
|-boost|p2a: Snorlax|def|1
|
|-heal|p2a: Snorlax|40/100|[from] item: Leftovers
|-damage|p2a: Snorlax|28/100|[from] Leech Seed|[of] p1a: Draymond Green
|-heal|p1a: Draymond Green|100/100|[silent]
|upkeep
|turn|23
|
|t:|1658927711
|switch|p1a: Jordan Poole|Kingdra, F, shiny|100/100
|move|p2a: Snorlax|Rest|p2a: Snorlax
|-status|p2a: Snorlax|slp|[from] move: Rest
|-heal|p2a: Snorlax|100/100 slp|[silent]
|
|-damage|p2a: Snorlax|88/100 slp|[from] Leech Seed|[of] p1a: Jordan Poole
|upkeep
|turn|24
|j| Venositile
|
|t:|1658927716
|move|p1a: Jordan Poole|Focus Energy|p1a: Jordan Poole
|-start|p1a: Jordan Poole|move: Focus Energy
|cant|p2a: Snorlax|slp
|
|-heal|p2a: Snorlax|94/100 slp|[from] item: Leftovers
|-damage|p2a: Snorlax|82/100 slp|[from] Leech Seed|[of] p1a: Jordan Poole
|upkeep
|turn|25
|
|t:|1658927721
|move|p1a: Jordan Poole|Draco Meteor|p2a: Snorlax
|-crit|p2a: Snorlax
|-damage|p2a: Snorlax|13/100 slp
|-unboost|p1a: Jordan Poole|spa|2
|cant|p2a: Snorlax|slp
|
|-heal|p2a: Snorlax|19/100 slp|[from] item: Leftovers
|-damage|p2a: Snorlax|7/100 slp|[from] Leech Seed|[of] p1a: Jordan Poole
|upkeep
|turn|26
|c|☆Elite4Donovan|gg
|
|t:|1658927731
|move|p1a: Jordan Poole|Surf|p2a: Snorlax
|-crit|p2a: Snorlax
|-damage|p2a: Snorlax|0 fnt
|faint|p2a: Snorlax
|
|upkeep
|-message|Elite4Donovan forfeited.
|
|win|Snurke
|raw|Snurke's rating: 1719 &rarr; <strong>1741</strong><br />(+22 for winning)
|raw|Elite4Donovan's rating: 1751 &rarr; <strong>1729</strong><br />(-22 for losing)
|l|☆Elite4Donovan
||Ladder isn't responding, score probably updated but might not have (Request timeout).
