|j|☆Cerpy
|j|‽goran el draco
|player|p1|Cerpy|hilda-dueldisk|1834
|player|p2|goran el draco|n|1785
|teamsize|p1|6
|teamsize|p2|6
|gametype|singles
|gen|8
|tier|[Gen 8] OU
|rated|
|html|<div class="broadcast-blue"><strong>OU is currently suspecting Dracovish! For information on how to participate check out the <a href="https://www.smogon.com/forums/threads/3664521/">suspect thread</a>.</strong></div>
|clearpoke
|poke|p1|Tyranitar, M|
|poke|p1|Primarina, M|
|poke|p1|Excadrill, M|
|poke|p1|Toxapex, M|
|poke|p1|Ferrothorn, F|
|poke|p1|Zeraora|
|poke|p2|Obstagoon, M|
|poke|p2|Clefable, M|
|poke|p2|Salazzle, F|
|poke|p2|Conkeldurr, M|
|poke|p2|Kommo-o, M|
|poke|p2|Primarina, F|
|rule|Sleep Clause Mod: Limit one foe put to sleep
|rule|Species Clause: Limit one of each Pokémon
|rule|OHKO Clause: OHKO moves are banned
|rule|Evasion Moves Clause: Evasion moves are banned
|rule|Endless Battle Clause: Forcing endless battles is banned
|rule|HP Percentage Mod: HP is shown in percentages
|rule|Dynamax Clause: You cannot dynamax
|teampreview
|inactive|Battle timer is ON: inactive players will automatically lose when time's up. (requested by goran el draco)
|inactive|Cerpy has 120 seconds left.
|j| IDHB
|
|start
|switch|p1a: Toxapex|Toxapex, M|100/100
|switch|p2a: Salazzle|Salazzle, F|100/100
|turn|1
|
|move|p2a: Salazzle|Toxic|p1a: Toxapex
|-status|p1a: Toxapex|tox
|move|p1a: Toxapex|Knock Off|p2a: Salazzle
|-damage|p2a: Salazzle|76/100
|-enditem|p2a: Salazzle|Heavy-Duty Boots|[from] move: Knock Off|[of] p1a: Toxapex
|
|-damage|p1a: Toxapex|94/100 tox|[from] psn
|upkeep
|turn|2
|
|switch|p2a: Primarina|Primarina, F|100/100
|move|p1a: Toxapex|Knock Off|p2a: Primarina
|-resisted|p2a: Primarina
|-damage|p2a: Primarina|91/100
|-enditem|p2a: Primarina|Leftovers|[from] move: Knock Off|[of] p1a: Toxapex
|
|-heal|p1a: Toxapex|100/100 tox|[from] item: Black Sludge
|-damage|p1a: Toxapex|88/100 tox|[from] psn
|upkeep
|turn|3
|
|move|p2a: Primarina|Substitute|p2a: Primarina
|-start|p2a: Primarina|Substitute
|-damage|p2a: Primarina|67/100
|move|p1a: Toxapex|Toxic Spikes|p2a: Primarina
|-sidestart|p2: goran el draco|move: Toxic Spikes
|
|-heal|p1a: Toxapex|94/100 tox|[from] item: Black Sludge
|-damage|p1a: Toxapex|75/100 tox|[from] psn
|upkeep
|turn|4
|
|switch|p1a: Tyranitar|Tyranitar, M|100/100
|-weather|Sandstorm|[from] ability: Sand Stream|[of] p1a: Tyranitar
|move|p2a: Primarina|Calm Mind|p2a: Primarina
|-boost|p2a: Primarina|spa|1
|-boost|p2a: Primarina|spd|1
|
|-weather|Sandstorm|[upkeep]
|-damage|p2a: Primarina|61/100|[from] Sandstorm
|upkeep
|turn|5
|
|switch|p1a: Toxapex|Toxapex, M|100/100 tox
|move|p2a: Primarina|Scald|p1a: Toxapex
|-resisted|p1a: Toxapex
|-damage|p1a: Toxapex|73/100 tox
|
|-weather|Sandstorm|[upkeep]
|-damage|p2a: Primarina|55/100|[from] Sandstorm
|-damage|p1a: Toxapex|67/100 tox|[from] Sandstorm
|-heal|p1a: Toxapex|73/100 tox|[from] item: Black Sludge
|-damage|p1a: Toxapex|67/100 tox|[from] psn
|upkeep
|turn|6
|j| Coronavirus EUW
|
|move|p2a: Primarina|Psychic|p1a: Toxapex
|-supereffective|p1a: Toxapex
|-damage|p1a: Toxapex|0 fnt
|faint|p1a: Toxapex
|
|-weather|Sandstorm|[upkeep]
|-damage|p2a: Primarina|49/100|[from] Sandstorm
|upkeep
|
|switch|p1a: Primarina|Primarina, M|100/100
|turn|7
|
|move|p1a: Primarina|Calm Mind|p1a: Primarina
|-boost|p1a: Primarina|spa|1
|-boost|p1a: Primarina|spd|1
|move|p2a: Primarina|Scald|p1a: Primarina
|-resisted|p1a: Primarina
|-damage|p1a: Primarina|84/100
|
|-weather|Sandstorm|[upkeep]
|-damage|p2a: Primarina|42/100|[from] Sandstorm
|-damage|p1a: Primarina|78/100|[from] Sandstorm
|-heal|p1a: Primarina|84/100|[from] item: Leftovers
|upkeep
|turn|8
|
|move|p1a: Primarina|Substitute|p1a: Primarina
|-start|p1a: Primarina|Substitute
|-damage|p1a: Primarina|59/100
|move|p2a: Primarina|Calm Mind|p2a: Primarina
|-boost|p2a: Primarina|spa|1
|-boost|p2a: Primarina|spd|1
|
|-weather|none
|-heal|p1a: Primarina|66/100|[from] item: Leftovers
|upkeep
|turn|9
|
|move|p1a: Primarina|Moonblast|p2a: Primarina
|-end|p2a: Primarina|Substitute
|move|p2a: Primarina|Psychic|p1a: Primarina
|-end|p1a: Primarina|Substitute
|
|-heal|p1a: Primarina|72/100|[from] item: Leftovers
|upkeep
|turn|10
|
|move|p1a: Primarina|Moonblast|p2a: Primarina
|-damage|p2a: Primarina|17/100
|move|p2a: Primarina|Psychic|p1a: Primarina
|-damage|p1a: Primarina|40/100
|
|-heal|p1a: Primarina|46/100|[from] item: Leftovers
|upkeep
|turn|11
|j| Shimeon91
|
|move|p2a: Primarina|Psychic|p1a: Primarina
|-damage|p1a: Primarina|11/100
|move|p1a: Primarina|Moonblast|p2a: Primarina
|-damage|p2a: Primarina|0 fnt
|faint|p2a: Primarina
|
|-heal|p1a: Primarina|17/100|[from] item: Leftovers
|upkeep
|
|switch|p2a: Salazzle|Salazzle, F|76/100
|-sideend|p2: goran el draco|move: Toxic Spikes|[of] p2a: Salazzle
|turn|12
|
|switch|p1a: Tyranitar|Tyranitar, M|100/100
|-weather|Sandstorm|[from] ability: Sand Stream|[of] p1a: Tyranitar
|move|p2a: Salazzle|Toxic|p1a: Tyranitar
|-status|p1a: Tyranitar|tox
|
|-weather|Sandstorm|[upkeep]
|-damage|p2a: Salazzle|69/100|[from] Sandstorm
|-damage|p1a: Tyranitar|94/100 tox|[from] psn
|upkeep
|turn|13
|
|switch|p2a: Kommo-o|Kommo-o, M|100/100
|move|p1a: Tyranitar|Stealth Rock|p2a: Kommo-o
|-sidestart|p2: goran el draco|move: Stealth Rock
|
|-weather|Sandstorm|[upkeep]
|-damage|p2a: Kommo-o|94/100|[from] Sandstorm
|-heal|p1a: Tyranitar|100/100 tox|[from] item: Leftovers
|-heal|p2a: Kommo-o|100/100|[from] item: Leftovers
|-damage|p1a: Tyranitar|88/100 tox|[from] psn
|upkeep
|turn|14
|
|switch|p1a: Ferrothorn|Ferrothorn, F|100/100
|move|p2a: Kommo-o|Stealth Rock|p1a: Ferrothorn
|-sidestart|p1: Cerpy|move: Stealth Rock
|
|-weather|Sandstorm|[upkeep]
|-damage|p2a: Kommo-o|94/100|[from] Sandstorm
|-heal|p2a: Kommo-o|100/100|[from] item: Leftovers
|upkeep
|turn|15
|
|move|p2a: Kommo-o|Iron Defense|p2a: Kommo-o
|-boost|p2a: Kommo-o|def|2
|move|p1a: Ferrothorn|Leech Seed|p2a: Kommo-o
|-start|p2a: Kommo-o|move: Leech Seed
|
|-weather|Sandstorm|[upkeep]
|-damage|p2a: Kommo-o|94/100|[from] Sandstorm
|-heal|p2a: Kommo-o|100/100|[from] item: Leftovers
|-damage|p2a: Kommo-o|88/100|[from] Leech Seed|[of] p1a: Ferrothorn
|upkeep
|turn|16
|-message|Cerpy forfeited.
|
|win|goran el draco
|l|☆Cerpy
|raw|Cerpy's rating: 1834 &rarr; <strong>1811</strong><br />(-23 for losing)
|raw|goran el draco's rating: 1785 &rarr; <strong>1807</strong><br />(+22 for winning)
|l| Shimeon91
|l|‽goran el draco
|l| Coronavirus EUW
