|j|☆Rorschach I
|j|☆Shotime303
|player|p1|Rorschach I|cynthia|1619
|player|p2|Shotime303|269|1530
|teamsize|p1|6
|teamsize|p2|6
|gametype|singles
|gen|8
|tier|[Gen 8] OU
|rated|
|clearpoke
|poke|p1|Terrakion|
|poke|p1|Volcarona, F|
|poke|p1|Aegislash, M|
|poke|p1|Crawdaunt, M|
|poke|p1|Togekiss, M|
|poke|p1|Zeraora|
|poke|p2|Urshifu, F|
|poke|p2|Ribombee, M|
|poke|p2|Zeraora|
|poke|p2|Aegislash, M|
|poke|p2|Azumarill, M|
|poke|p2|Dragapult, M|
|rule|Sleep Clause Mod: Limit one foe put to sleep
|rule|Species Clause: Limit one of each Pokémon
|rule|OHKO Clause: OHKO moves are banned
|rule|Evasion Moves Clause: Evasion moves are banned
|rule|Endless Battle Clause: Forcing endless battles is banned
|rule|HP Percentage Mod: HP is shown in percentages
|rule|Dynamax Clause: You cannot dynamax
|teampreview
|inactive|Battle timer is ON: inactive players will automatically lose when time's up. (requested by Shotime303)
|j| igy jf hj
|l| igy jf hj
|
|start
|switch|p1a: Aegislash|Aegislash, M|100/100
|switch|p2a: Ribombee|Ribombee, M|100/100
|-item|p1a: Aegislash|Air Balloon
|turn|1
|
|move|p2a: Ribombee|Stun Spore|p1a: Aegislash
|-status|p1a: Aegislash|par
|-formechange|p1a: Aegislash|Aegislash-Blade||[from] ability: Stance Change
|move|p1a: Aegislash|Iron Head|p2a: Ribombee
|-supereffective|p2a: Ribombee
|-enditem|p2a: Ribombee|Focus Sash
|-damage|p2a: Ribombee|1/100
|
|upkeep
|turn|2
|
|cant|p1a: Aegislash|par
|move|p2a: Ribombee|U-turn|p1a: Aegislash
|-resisted|p1a: Aegislash
|-damage|p1a: Aegislash|94/100 par
|-enditem|p1a: Aegislash|Air Balloon
|
|switch|p2a: Zeraora|Zeraora|100/100|[from]move: U-turn
|
|upkeep
|turn|3
|
|switch|p1a: Zeraora|Zeraora|100/100
|move|p2a: Zeraora|Knock Off|p1a: Zeraora
|-damage|p1a: Zeraora|50/100
|-enditem|p1a: Zeraora|Life Orb|[from] move: Knock Off|[of] p2a: Zeraora
|-damage|p2a: Zeraora|91/100|[from] item: Life Orb
|
|upkeep
|turn|4
|
|move|p2a: Zeraora|Plasma Fists|p1a: Zeraora
|-heal|p1a: Zeraora|75/100|[from] ability: Volt Absorb|[of] p2a: Zeraora
|move|p1a: Zeraora|Play Rough|p2a: Zeraora
|-damage|p2a: Zeraora|55/100
|
|upkeep
|turn|5
|
|move|p2a: Zeraora|Close Combat|p1a: Zeraora
|-damage|p1a: Zeraora|6/100
|-unboost|p2a: Zeraora|def|1
|-unboost|p2a: Zeraora|spd|1
|-damage|p2a: Zeraora|45/100|[from] item: Life Orb
|move|p1a: Zeraora|Bulk Up|p1a: Zeraora
|-boost|p1a: Zeraora|atk|1
|-boost|p1a: Zeraora|def|1
|
|upkeep
|turn|6
|
|move|p2a: Zeraora|Knock Off|p1a: Zeraora
|-damage|p1a: Zeraora|0 fnt
|-damage|p2a: Zeraora|36/100|[from] item: Life Orb
|faint|p1a: Zeraora
|
|upkeep
|
|switch|p1a: Togekiss|Togekiss, M|100/100
|turn|7
|
|switch|p2a: Ribombee|Ribombee, M|1/100
|move|p1a: Togekiss|Air Slash|p2a: Ribombee|[miss]
|-miss|p1a: Togekiss|p2a: Ribombee
|
|upkeep
|turn|8
|
|move|p1a: Togekiss|Air Slash|p2a: Ribombee
|-supereffective|p2a: Ribombee
|-damage|p2a: Ribombee|0 fnt
|faint|p2a: Ribombee
|
|upkeep
|
|switch|p2a: Aegislash|Aegislash, M, shiny|100/100
|turn|9
|
|switch|p1a: Crawdaunt|Crawdaunt, M|100/100
|-formechange|p2a: Aegislash|Aegislash-Blade||[from] ability: Stance Change
|move|p2a: Aegislash|Shadow Ball|p1a: Crawdaunt
|-resisted|p1a: Crawdaunt
|-damage|p1a: Crawdaunt|23/100
|
|upkeep
|turn|10
|
|move|p1a: Crawdaunt|Knock Off|p2a: Aegislash
|-supereffective|p2a: Aegislash
|-damage|p2a: Aegislash|0 fnt
|-enditem|p2a: Aegislash|Choice Specs|[from] move: Knock Off|[of] p1a: Crawdaunt
|-damage|p1a: Crawdaunt|14/100|[from] item: Life Orb
|faint|p2a: Aegislash
|
|upkeep
|
|switch|p2a: Azumarill|Azumarill, M, shiny|100/100
|turn|11
|
|move|p1a: Crawdaunt|Aqua Jet|p2a: Azumarill
|-resisted|p2a: Azumarill
|-damage|p2a: Azumarill|80/100
|-damage|p1a: Crawdaunt|4/100|[from] item: Life Orb
|move|p2a: Azumarill|Belly Drum|p2a: Azumarill
|-damage|p2a: Azumarill|31/100
|-setboost|p2a: Azumarill|atk|6|[from] move: Belly Drum
|-enditem|p2a: Azumarill|Sitrus Berry|[eat]
|-heal|p2a: Azumarill|56/100|[from] item: Sitrus Berry
|
|upkeep
|turn|12
|
|move|p1a: Crawdaunt|Aqua Jet|p2a: Azumarill
|-resisted|p2a: Azumarill
|-damage|p2a: Azumarill|34/100
|-damage|p1a: Crawdaunt|0 fnt|[from] item: Life Orb
|faint|p1a: Crawdaunt
|move|p2a: Azumarill|Aqua Jet|p1: Crawdaunt|[notarget]
|-fail|p2a: Azumarill
|
|upkeep
|inactive|Rorschach I has 120 seconds left.
|inactive|Rorschach I has 90 seconds left.
|
|switch|p1a: Terrakion|Terrakion|100/100
|turn|13
|inactive|Rorschach I has 90 seconds left.
|
|move|p2a: Azumarill|Aqua Jet|p1a: Terrakion
|-supereffective|p1a: Terrakion
|-enditem|p1a: Terrakion|Focus Sash
|-damage|p1a: Terrakion|1/100
|move|p1a: Terrakion|Rock Tomb|p2a: Azumarill
|-damage|p2a: Azumarill|3/100
|-unboost|p2a: Azumarill|spe|1
|
|upkeep
|turn|14
|inactive|Rorschach I has 90 seconds left.
|
|move|p2a: Azumarill|Aqua Jet|p1a: Terrakion
|-supereffective|p1a: Terrakion
|-damage|p1a: Terrakion|0 fnt
|faint|p1a: Terrakion
|
|upkeep
|
|switch|p1a: Aegislash|Aegislash, M|94/100 par
|turn|15
|
|-formechange|p1a: Aegislash|Aegislash-Blade||[from] ability: Stance Change
|move|p1a: Aegislash|Shadow Sneak|p2a: Azumarill
|-damage|p2a: Azumarill|0 fnt
|faint|p2a: Azumarill
|
|upkeep
|
|switch|p2a: Urshifu|Urshifu, F|100/100
|turn|16
|
|move|p2a: Urshifu|Poison Jab|p1a: Aegislash
|-immune|p1a: Aegislash
|move|p1a: Aegislash|Iron Head|p2a: Urshifu
|-damage|p2a: Urshifu|52/100
|
|-heal|p2a: Urshifu|58/100|[from] item: Leftovers
|upkeep
|turn|17
|
|move|p2a: Urshifu|Wicked Blow|p1a: Aegislash
|-supereffective|p1a: Aegislash
|-crit|p1a: Aegislash
|-damage|p1a: Aegislash|0 fnt
|faint|p1a: Aegislash
|
|-heal|p2a: Urshifu|64/100|[from] item: Leftovers
|upkeep
|
|switch|p1a: Togekiss|Togekiss, M|100/100
|turn|18
|
|move|p1a: Togekiss|Air Slash|p2a: Urshifu
|-supereffective|p2a: Urshifu
|-damage|p2a: Urshifu|0 fnt
|faint|p2a: Urshifu
|
|upkeep
|
|switch|p2a: Zeraora|Zeraora|36/100
|turn|19
|
|move|p1a: Togekiss|Air Slash|p2a: Zeraora
|-resisted|p2a: Zeraora
|-damage|p2a: Zeraora|11/100
|move|p2a: Zeraora|Plasma Fists|p1a: Togekiss
|-supereffective|p1a: Togekiss
|-damage|p1a: Togekiss|0 fnt
|-fieldactivate|move: Ion Deluge
|-damage|p2a: Zeraora|1/100|[from] item: Life Orb
|faint|p1a: Togekiss
|
|upkeep
|
|switch|p1a: Volcarona|Volcarona, F|100/100
|turn|20
|
|move|p2a: Zeraora|Plasma Fists|p1a: Volcarona
|-damage|p1a: Volcarona|0 fnt
|-fieldactivate|move: Ion Deluge
|-damage|p2a: Zeraora|0 fnt|[from] item: Life Orb
|faint|p1a: Volcarona
|faint|p2a: Zeraora
|
|win|Shotime303
|raw|Rorschach I's rating: 1619 &rarr; <strong>1594</strong><br />(-25 for losing)
|raw|Shotime303's rating: 1530 &rarr; <strong>1555</strong><br />(+25 for winning)
|l|☆Rorschach I
