|html|<div class="broadcast-blue"><strong>[Gen 8] OU is currently suspecting Urshifu-S! For information on how to participate check out the <a href="https://www.smogon.com/forums/threads/np-ss-ou-suspect-process-round-8-aint-no-rest-for-the-wicked.3675310/">suspect thread</a>.</strong></div>
|j|☆I'M AT MY LIMIT
|j|☆BillyTheFlash
|t:|1610128333
|player|p1|I'M AT MY LIMIT|hilda|
|player|p2|BillyTheFlash|hiker-gen4|
|teamsize|p1|6
|teamsize|p2|6
|gametype|singles
|gen|8
|tier|[Gen 8] OU
|clearpoke
|poke|p1|Marowak-Alola, F|
|poke|p1|Magearna|
|poke|p1|Weezing-Galar, F|
|poke|p1|Audino, F|
|poke|p1|Thundurus-Therian, M|
|poke|p1|Slowking-Galar, M|
|poke|p2|Cinderace, M|
|poke|p2|Excadrill, M|
|poke|p2|Slowbro, M|
|poke|p2|Clefable, M|
|poke|p2|Dragapult, M|
|poke|p2|Mandibuzz, F|
|rule|Sleep Clause Mod: Limit one foe put to sleep
|rule|Species Clause: Limit one of each Pokémon
|rule|OHKO Clause: OHKO moves are banned
|rule|Evasion Moves Clause: Evasion moves are banned
|rule|Endless Battle Clause: Forcing endless battles is banned
|rule|HP Percentage Mod: HP is shown in percentages
|rule|Dynamax Clause: You cannot dynamax
|teampreview
|inactive|Battle timer is ON: inactive players will automatically lose when time's up. (requested by I'M AT MY LIMIT)
|
|t:|1610128343
|start
|switch|p1a: Zapados v|Thundurus-Therian, M, shiny|100/100
|switch|p2a: CinderBage|Cinderace, M|100/100
|turn|1
|j| effectvolume
|
|t:|1610128358
|switch|p2a: E|Dragapult, M|100/100
|switch|p1a: 5ica0ex|Marowak-Alola, F|100/100
|
|upkeep
|turn|2
|
|t:|1610128365
|switch|p1a: Biatchhh🤰|Audino, F, shiny|100/100
|move|p2a: E|Thunder Wave|p1a: Biatchhh🤰|[miss]
|-miss|p2a: E|p1a: Biatchhh🤰
|
|upkeep
|turn|3
|
|t:|1610128371
|move|p2a: E|U-turn|p1a: Biatchhh🤰
|-damage|p1a: Biatchhh🤰|86/100
|
|t:|1610128374
|switch|p2a: ExcaHotie|Excadrill, M|100/100|[from]move: U-turn
|-ability|p2a: ExcaHotie|Mold Breaker
|move|p1a: Biatchhh🤰|Knock Off|p2a: ExcaHotie
|-damage|p2a: ExcaHotie|79/100
|-enditem|p2a: ExcaHotie|Leftovers|[from] move: Knock Off|[of] p1a: Biatchhh🤰
|
|upkeep
|turn|4
|
|t:|1610128383
|switch|p1a: Zapados v|Thundurus-Therian, M, shiny|100/100
|move|p2a: ExcaHotie|Stealth Rock|p1a: Zapados v
|-sidestart|p1: I'M AT MY LIMIT|move: Stealth Rock
|
|upkeep
|turn|5
|
|t:|1610128389
|move|p1a: Zapados v|Focus Blast|p2a: ExcaHotie
|-supereffective|p2a: ExcaHotie
|-damage|p2a: ExcaHotie|0 fnt
|faint|p2a: ExcaHotie
|
|upkeep
|
|t:|1610128399
|switch|p2a: Baton pass|Mandibuzz, F|100/100
|turn|6
|
|t:|1610128407
|switch|p2a: E|Dragapult, M|100/100
|move|p1a: Zapados v|Volt Switch|p2a: E
|-resisted|p2a: E
|-damage|p2a: E|74/100
|
|t:|1610128412
|switch|p1a: One hit wonder|Magearna|100/100|[from]move: Volt Switch
|-damage|p1a: One hit wonder|95/100|[from] Stealth Rock
|
|upkeep
|turn|7
|
|t:|1610128415
|move|p2a: E|Thunder Wave|p1a: One hit wonder
|-status|p1a: One hit wonder|par
|move|p1a: One hit wonder|Fleur Cannon|p2a: E
|-supereffective|p2a: E
|-damage|p2a: E|0 fnt
|-unboost|p1a: One hit wonder|spa|2
|faint|p2a: E
|-ability|p1a: One hit wonder|Soul-Heart|boost
|-boost|p1a: One hit wonder|spa|1
|
|upkeep
|
|t:|1610128420
|switch|p2a: Uh walter|Clefable, M|100/100
|turn|8
|
|t:|1610128425
|switch|p1a: The king 👑💅👰|Slowking-Galar, M, shiny|100/100
|-damage|p1a: The king 👑💅👰|88/100|[from] Stealth Rock
|move|p2a: Uh walter|Knock Off|p1a: The king 👑💅👰
|-supereffective|p1a: The king 👑💅👰
|-damage|p1a: The king 👑💅👰|56/100
|-enditem|p1a: The king 👑💅👰|Assault Vest|[from] move: Knock Off|[of] p2a: Uh walter
|
|upkeep
|turn|9
|
|t:|1610128433
|move|p2a: Uh walter|Moonblast|p1a: The king 👑💅👰
|-resisted|p1a: The king 👑💅👰
|-damage|p1a: The king 👑💅👰|44/100
|move|p1a: The king 👑💅👰|Sludge Bomb|p2a: Uh walter
|-supereffective|p2a: Uh walter
|-damage|p2a: Uh walter|23/100
|-status|p2a: Uh walter|psn
|
|-heal|p2a: Uh walter|29/100 psn|[from] item: Leftovers
|upkeep
|turn|10
|
|t:|1610128440
|move|p2a: Uh walter|Soft-Boiled|p2a: Uh walter
|-heal|p2a: Uh walter|79/100 psn
|move|p1a: The king 👑💅👰|Sludge Bomb|p2a: Uh walter
|-supereffective|p2a: Uh walter
|-damage|p2a: Uh walter|7/100 psn
|
|-heal|p2a: Uh walter|13/100 psn|[from] item: Leftovers
|upkeep
|turn|11
|
|t:|1610128443
|move|p2a: Uh walter|Soft-Boiled|p2a: Uh walter
|-heal|p2a: Uh walter|63/100 psn
|move|p1a: The king 👑💅👰|Sludge Bomb|p2a: Uh walter
|-supereffective|p2a: Uh walter
|-damage|p2a: Uh walter|0 fnt
|faint|p2a: Uh walter
|
|upkeep
|
|t:|1610128446
|switch|p2a: CinderBage|Cinderace, M|100/100
|turn|12
|
|t:|1610128450
|move|p2a: CinderBage|U-turn|p1a: The king 👑💅👰
|-start|p2a: CinderBage|typechange|Bug|[from] ability: Libero
|-damage|p1a: The king 👑💅👰|11/100
|
|t:|1610128454
|switch|p2a: Mommy 😘😍😘😶|Slowbro, M|100/100|[from]move: U-turn
|move|p1a: The king 👑💅👰|Scald|p2a: Mommy 😘😍😘😶
|-resisted|p2a: Mommy 😘😍😘😶
|-damage|p2a: Mommy 😘😍😘😶|89/100
|-status|p2a: Mommy 😘😍😘😶|brn
|
|-damage|p2a: Mommy 😘😍😘😶|83/100 brn|[from] brn
|upkeep
|turn|13
|
|t:|1610128460
|switch|p1a: Zapados v|Thundurus-Therian, M, shiny|100/100
|move|p2a: Mommy 😘😍😘😶|Future Sight|p1a: Zapados v
|-start|p2a: Mommy 😘😍😘😶|move: Future Sight
|
|-damage|p2a: Mommy 😘😍😘😶|77/100 brn|[from] brn
|upkeep
|turn|14
|
|t:|1610128464
|switch|p2a: CinderBage|Cinderace, M|100/100
|move|p1a: Zapados v|Volt Switch|p2a: CinderBage
|-damage|p2a: CinderBage|40/100
|
|t:|1610128469
|switch|p1a: The king 👑💅👰|Slowking-Galar, M, shiny|44/100|[from]move: Volt Switch
|-damage|p1a: The king 👑💅👰|32/100|[from] Stealth Rock
|
|upkeep
|turn|15
|
|t:|1610128490
|move|p2a: CinderBage|U-turn|p1a: The king 👑💅👰
|-start|p2a: CinderBage|typechange|Bug|[from] ability: Libero
|-damage|p1a: The king 👑💅👰|0 fnt
|faint|p1a: The king 👑💅👰
|
|t:|1610128496
|switch|p2a: Mommy 😘😍😘😶|Slowbro, M|100/100 brn|[from]move: U-turn
|
|-hint|Future Sight did not hit because the target is fainted.
|-damage|p2a: Mommy 😘😍😘😶|94/100 brn|[from] brn
|upkeep
|
|t:|1610128499
|switch|p1a: One hit wonder|Magearna|95/100 par
|-damage|p1a: One hit wonder|89/100 par|[from] Stealth Rock
|turn|16
|
|t:|1610128504
|move|p1a: One hit wonder|Volt Switch|p2a: Mommy 😘😍😘😶
|-supereffective|p2a: Mommy 😘😍😘😶
|-damage|p2a: Mommy 😘😍😘😶|8/100 brn
|
|t:|1610128508
|switch|p1a: Zapados v|Thundurus-Therian, M, shiny|100/100|[from]move: Volt Switch
|move|p2a: Mommy 😘😍😘😶|Future Sight|p1a: Zapados v
|-start|p2a: Mommy 😘😍😘😶|move: Future Sight
|
|-damage|p2a: Mommy 😘😍😘😶|2/100 brn|[from] brn
|upkeep
|turn|17
|
|t:|1610128510
|switch|p2a: Baton pass|Mandibuzz, F|100/100
|move|p1a: Zapados v|Volt Switch|p2a: Baton pass
|-supereffective|p2a: Baton pass
|-damage|p2a: Baton pass|47/100
|
|t:|1610128513
|switch|p1a: One hit wonder|Magearna|89/100 par|[from]move: Volt Switch
|-damage|p1a: One hit wonder|83/100 par|[from] Stealth Rock
|
|upkeep
|turn|18
|
|t:|1610128520
|move|p2a: Baton pass|U-turn|p1a: One hit wonder
|-resisted|p1a: One hit wonder
|-damage|p1a: One hit wonder|80/100 par
|
|t:|1610128523
|switch|p2a: CinderBage|Cinderace, M|40/100|[from]move: U-turn
|move|p1a: One hit wonder|Volt Switch|p2a: CinderBage
|-damage|p2a: CinderBage|0 fnt
|faint|p2a: CinderBage
|-ability|p1a: One hit wonder|Soul-Heart|boost
|-boost|p1a: One hit wonder|spa|1
|
|t:|1610128533
|switch|p1a: Biatchhh🤰|Audino, F, shiny|100/100|[from]move: Volt Switch
|
|-end|p1a: Biatchhh🤰|move: Future Sight
|-damage|p1a: Biatchhh🤰|74/100
|upkeep
|
|t:|1610128536
|switch|p2a: Mommy 😘😍😘😶|Slowbro, M|35/100 brn
|turn|19
|
|t:|1610128542
|switch|p1a: 5ica0ex|Marowak-Alola, F|100/100
|-damage|p1a: 5ica0ex|76/100|[from] Stealth Rock
|move|p2a: Mommy 😘😍😘😶|Future Sight|p1a: 5ica0ex
|-start|p2a: Mommy 😘😍😘😶|move: Future Sight
|
|-damage|p2a: Mommy 😘😍😘😶|29/100 brn|[from] brn
|upkeep
|turn|20
|
|t:|1610128545
|move|p1a: 5ica0ex|Poltergeist|p2a: Mommy 😘😍😘😶
|-activate|p2a: Mommy 😘😍😘😶|move: Poltergeist|Heavy-Duty Boots
|-supereffective|p2a: Mommy 😘😍😘😶
|-damage|p2a: Mommy 😘😍😘😶|0 fnt
|faint|p2a: Mommy 😘😍😘😶
|
|upkeep
|
|t:|1610128548
|switch|p2a: Baton pass|Mandibuzz, F|47/100
|turn|21
|
|t:|1610128550
|move|p2a: Baton pass|Foul Play|p1a: 5ica0ex
|-supereffective|p1a: 5ica0ex
|-damage|p1a: 5ica0ex|0 fnt
|faint|p1a: 5ica0ex
|
|-hint|Future Sight did not hit because the target is fainted.
|upkeep
|
|t:|1610128553
|switch|p1a: Zapados v|Thundurus-Therian, M, shiny|100/100
|turn|22
|
|t:|1610128558
|move|p1a: Zapados v|Volt Switch|p2a: Baton pass
|-supereffective|p2a: Baton pass
|-damage|p2a: Baton pass|0 fnt
|faint|p2a: Baton pass
|
|win|I'M AT MY LIMIT
