|html|<div class="broadcast-blue"><strong>[Gen 8] OU is currently suspecting Melmetal! For information on how to participate check out the <a href="https://www.smogon.com/forums/threads/np-ss-ou-suspect-process-round-12-monster-mash.3709234/">suspect thread</a>.</strong></div>
|j|☆God Kohl
|j|☆cump8
|t:|1666314619
|gametype|singles
|player|p1|God Kohl|shadowtriad|1597
|player|p2|cump8|schoolkid-gen4|1728
|teamsize|p1|6
|teamsize|p2|6
|gen|8
|tier|[Gen 8] OU
|rated|
|rule|Sleep Clause Mod: Limit one foe put to sleep
|rule|Species Clause: Limit one of each Pokémon
|rule|OHKO Clause: OHKO moves are banned
|rule|Evasion Items Clause: Evasion items are banned
|rule|Evasion Moves Clause: Evasion moves are banned
|rule|Endless Battle Clause: Forcing endless battles is banned
|rule|HP Percentage Mod: HP is shown in percentages
|rule|Dynamax Clause: You cannot dynamax
|clearpoke
|poke|p1|Regieleki|
|poke|p1|Victini|
|poke|p1|Tapu Koko|
|poke|p1|Landorus-Therian, M|
|poke|p1|Buzzwole|
|poke|p1|Ferrothorn, F|
|poke|p2|Hippowdon, F|
|poke|p2|Mandibuzz, F|
|poke|p2|Slowking, M|
|poke|p2|Magnezone|
|poke|p2|Comfey, F|
|poke|p2|Kartana|
|teampreview
|c|☆cump8|hf
|c|☆God Kohl|hf
|
|t:|1666314635
|start
|switch|p1a: Victini|Victini|100/100
|switch|p2a: Slowking|Slowking, M, shiny|100/100
|turn|1
|
|t:|1666314641
|move|p1a: Victini|Bolt Strike|p2a: Slowking
|-supereffective|p2a: Slowking
|-damage|p2a: Slowking|17/100
|move|p2a: Slowking|Teleport|p2a: Slowking
|
|t:|1666314645
|switch|p2a: Hippowdon|Hippowdon, F|100/100|[from]move: Teleport
|-weather|Sandstorm|[from] ability: Sand Stream|[of] p2a: Hippowdon
|
|-weather|Sandstorm|[upkeep]
|-damage|p1a: Victini|94/100|[from] Sandstorm
|upkeep
|turn|2
|
|t:|1666314651
|move|p1a: Victini|Trick|p2a: Hippowdon
|-activate|p1a: Victini|move: Trick|[of] p2a: Hippowdon
|-item|p2a: Hippowdon|Ring Target|[from] move: Trick
|-item|p1a: Victini|Leftovers|[from] move: Trick
|move|p2a: Hippowdon|Earthquake|p1a: Victini
|-supereffective|p1a: Victini
|-damage|p1a: Victini|16/100
|
|-weather|Sandstorm|[upkeep]
|-damage|p1a: Victini|10/100|[from] Sandstorm
|-heal|p1a: Victini|16/100|[from] item: Leftovers
|upkeep
|turn|3
|
|t:|1666314660
|move|p1a: Victini|U-turn|p2a: Hippowdon
|-damage|p2a: Hippowdon|85/100
|
|t:|1666314665
|switch|p1a: Landorus|Landorus-Therian, M|100/100|[from]move: U-turn
|-ability|p1a: Landorus|Intimidate|boost
|-unboost|p2a: Hippowdon|atk|1
|move|p2a: Hippowdon|Slack Off|p2a: Hippowdon
|-heal|p2a: Hippowdon|100/100
|
|-weather|Sandstorm|[upkeep]
|upkeep
|turn|4
|
|t:|1666314668
|switch|p2a: Mandibuzz|Mandibuzz, F|100/100
|move|p1a: Landorus|Toxic|p2a: Mandibuzz
|-status|p2a: Mandibuzz|tox
|
|-weather|Sandstorm|[upkeep]
|-damage|p2a: Mandibuzz|94/100 tox|[from] psn
|upkeep
|turn|5
|
|t:|1666314672
|move|p1a: Landorus|U-turn|p2a: Mandibuzz
|-damage|p2a: Mandibuzz|81/100 tox
|
|t:|1666314675
|switch|p1a: Ferrothorn|Ferrothorn, F|100/100|[from]move: U-turn
|move|p2a: Mandibuzz|U-turn|p1a: Ferrothorn
|-damage|p1a: Ferrothorn|91/100
|-damage|p2a: Mandibuzz|69/100 tox|[from] ability: Iron Barbs|[of] p1a: Ferrothorn
|j| user141
|
|t:|1666314678
|switch|p2a: Magnezone|Magnezone, shiny|100/100|[from]move: U-turn
|
|-weather|none
|-heal|p1a: Ferrothorn|97/100|[from] item: Leftovers
|upkeep
|turn|6
|
|t:|1666314690
|move|p2a: Magnezone|Iron Defense|p2a: Magnezone
|-boost|p2a: Magnezone|def|2
|move|p1a: Ferrothorn|Spikes|p2a: Magnezone
|-sidestart|p2: cump8|Spikes
|
|-heal|p1a: Ferrothorn|100/100|[from] item: Leftovers
|upkeep
|turn|7
|
|t:|1666314692
|move|p2a: Magnezone|Iron Defense|p2a: Magnezone
|-boost|p2a: Magnezone|def|2
|move|p1a: Ferrothorn|Leech Seed|p2a: Magnezone
|-start|p2a: Magnezone|move: Leech Seed
|
|-damage|p2a: Magnezone|88/100|[from] Leech Seed|[of] p1a: Ferrothorn
|upkeep
|turn|8
|
|t:|1666314695
|move|p2a: Magnezone|Iron Defense|p2a: Magnezone
|-boost|p2a: Magnezone|def|2
|move|p1a: Ferrothorn|Spikes|p2a: Magnezone
|-sidestart|p2: cump8|Spikes
|
|-damage|p2a: Magnezone|75/100|[from] Leech Seed|[of] p1a: Ferrothorn
|upkeep
|turn|9
|
|t:|1666314698
|move|p2a: Magnezone|Body Press|p1a: Ferrothorn
|-supereffective|p1a: Ferrothorn
|-damage|p1a: Ferrothorn|0 fnt
|-damage|p2a: Magnezone|63/100|[from] ability: Iron Barbs|[of] p1a: Ferrothorn
|faint|p1a: Ferrothorn
|
|upkeep
|
|t:|1666314702
|switch|p1a: Landorus|Landorus-Therian, M|100/100
|-ability|p1a: Landorus|Intimidate|boost
|-unboost|p2a: Magnezone|atk|1
|turn|10
|
|t:|1666314706
|switch|p2a: Mandibuzz|Mandibuzz, F|69/100 tox
|move|p1a: Landorus|Earthquake|p2a: Mandibuzz
|-immune|p2a: Mandibuzz
|
|-damage|p2a: Mandibuzz|62/100 tox|[from] psn
|upkeep
|turn|11
|
|t:|1666314712
|move|p1a: Landorus|U-turn|p2a: Mandibuzz
|-damage|p2a: Mandibuzz|49/100 tox
|
|t:|1666314714
|switch|p1a: Tapu Koko|Tapu Koko|100/100|[from]move: U-turn
|-fieldstart|move: Electric Terrain|[from] ability: Electric Surge|[of] p1a: Tapu Koko
|move|p2a: Mandibuzz|Defog|p1a: Tapu Koko
|-unboost|p1a: Tapu Koko|evasion|1
|-sideend|p2: cump8|Spikes|[from] move: Defog|[of] p2a: Mandibuzz
|-fieldend|move: Electric Terrain
|
|-damage|p2a: Mandibuzz|36/100 tox|[from] psn
|upkeep
|turn|12
|
|t:|1666314721
|switch|p2a: Magnezone|Magnezone, shiny|63/100
|move|p1a: Tapu Koko|Thunderbolt|p2a: Magnezone
|-resisted|p2a: Magnezone
|-damage|p2a: Magnezone|42/100
|
|upkeep
|turn|13
|
|t:|1666314729
|switch|p2a: Slowking|Slowking, M, shiny|50/100
|move|p1a: Tapu Koko|U-turn|p2a: Slowking
|-supereffective|p2a: Slowking
|-damage|p2a: Slowking|14/100
|
|t:|1666314731
|switch|p1a: Landorus|Landorus-Therian, M|100/100|[from]move: U-turn
|-ability|p1a: Landorus|Intimidate|boost
|-unboost|p2a: Slowking|atk|1
|
|upkeep
|turn|14
|
|t:|1666314734
|switch|p2a: Mandibuzz|Mandibuzz, F|36/100 tox
|move|p1a: Landorus|Stealth Rock|p2a: Mandibuzz
|-sidestart|p2: cump8|move: Stealth Rock
|
|-damage|p2a: Mandibuzz|30/100 tox|[from] psn
|upkeep
|turn|15
|
|t:|1666314738
|move|p1a: Landorus|U-turn|p2a: Mandibuzz
|-damage|p2a: Mandibuzz|17/100 tox
|
|t:|1666314741
|switch|p1a: Tapu Koko|Tapu Koko|100/100|[from]move: U-turn
|-fieldstart|move: Electric Terrain|[from] ability: Electric Surge|[of] p1a: Tapu Koko
|move|p2a: Mandibuzz|Defog|p1a: Tapu Koko
|-unboost|p1a: Tapu Koko|evasion|1
|-sideend|p2: cump8|Stealth Rock|[from] move: Defog|[of] p2a: Mandibuzz
|-fieldend|move: Electric Terrain
|
|-damage|p2a: Mandibuzz|4/100 tox|[from] psn
|upkeep
|turn|16
|
|t:|1666314745
|switch|p2a: Hippowdon|Hippowdon, F|100/100
|-weather|Sandstorm|[from] ability: Sand Stream|[of] p2a: Hippowdon
|move|p1a: Tapu Koko|U-turn|p2a: Hippowdon
|-damage|p2a: Hippowdon|89/100
|
|t:|1666314747
|switch|p1a: Landorus|Landorus-Therian, M|100/100|[from]move: U-turn
|-ability|p1a: Landorus|Intimidate|boost
|-unboost|p2a: Hippowdon|atk|1
|
|-weather|Sandstorm|[upkeep]
|upkeep
|turn|17
|
|t:|1666314751
|move|p1a: Landorus|Stealth Rock|p2a: Hippowdon
|-sidestart|p2: cump8|move: Stealth Rock
|move|p2a: Hippowdon|Toxic|p1a: Landorus
|-status|p1a: Landorus|tox
|
|-weather|Sandstorm|[upkeep]
|-damage|p1a: Landorus|94/100 tox|[from] psn
|upkeep
|turn|18
|
|t:|1666314756
|switch|p2a: Magnezone|Magnezone, shiny|42/100
|-damage|p2a: Magnezone|36/100|[from] Stealth Rock
|move|p1a: Landorus|Toxic|p2a: Magnezone|[miss]
|-miss|p1a: Landorus|p2a: Magnezone
|
|-weather|Sandstorm|[upkeep]
|-heal|p1a: Landorus|100/100 tox|[from] item: Leftovers
|-damage|p1a: Landorus|88/100 tox|[from] psn
|upkeep
|turn|19
|
|t:|1666314763
|switch|p1a: Tapu Koko|Tapu Koko|100/100
|-fieldstart|move: Electric Terrain|[from] ability: Electric Surge|[of] p1a: Tapu Koko
|switch|p2a: Mandibuzz|Mandibuzz, F|4/100 tox
|
|-weather|Sandstorm|[upkeep]
|-damage|p1a: Tapu Koko|94/100|[from] Sandstorm
|-damage|p2a: Mandibuzz|0 fnt|[from] psn
|faint|p2a: Mandibuzz
|upkeep
|
|t:|1666314766
|switch|p2a: Kartana|Kartana, shiny|100/100
|-damage|p2a: Kartana|94/100|[from] Stealth Rock
|turn|20
|
|t:|1666314772
|switch|p2a: Comfey|Comfey, F|100/100
|-damage|p2a: Comfey|88/100|[from] Stealth Rock
|switch|p1a: Buzzwole|Buzzwole|100/100
|
|-weather|none
|-heal|p2a: Comfey|94/100|[from] item: Leftovers
|upkeep
|turn|21
|
|t:|1666314777
|switch|p1a: Regieleki|Regieleki|100/100
|move|p2a: Comfey|Substitute|p2a: Comfey
|-start|p2a: Comfey|Substitute
|-damage|p2a: Comfey|70/100
|
|-heal|p2a: Comfey|76/100|[from] item: Leftovers
|upkeep
|turn|22
|
|t:|1666314780
|move|p1a: Regieleki|Rising Voltage|p2a: Comfey
|-hint|Rising Voltage's BP doubled on grounded target.
|-end|p2a: Comfey|Substitute
|move|p2a: Comfey|Substitute|p2a: Comfey
|-start|p2a: Comfey|Substitute
|-damage|p2a: Comfey|51/100
|
|-heal|p2a: Comfey|57/100|[from] item: Leftovers
|upkeep
|turn|23
|
|t:|1666314785
|move|p1a: Regieleki|Rising Voltage|p2a: Comfey
|-hint|Rising Voltage's BP doubled on grounded target.
|-end|p2a: Comfey|Substitute
|move|p2a: Comfey|Leech Seed|p1a: Regieleki
|-start|p1a: Regieleki|move: Leech Seed
|
|-heal|p2a: Comfey|63/100|[from] item: Leftovers
|-damage|p1a: Regieleki|88/100|[from] Leech Seed|[of] p2a: Comfey
|-heal|p2a: Comfey|79/100|[silent]
|-fieldend|move: Electric Terrain
|upkeep
|turn|24
|
|t:|1666314795
|switch|p1a: Landorus|Landorus-Therian, M|88/100 tox
|-ability|p1a: Landorus|Intimidate|boost
|-unboost|p2a: Comfey|atk|1
|switch|p2a: Magnezone|Magnezone, shiny|36/100
|-damage|p2a: Magnezone|30/100|[from] Stealth Rock
|
|-heal|p1a: Landorus|94/100 tox|[from] item: Leftovers
|-damage|p1a: Landorus|88/100 tox|[from] psn
|upkeep
|turn|25
|
|t:|1666314803
|move|p1a: Landorus|U-turn|p2a: Magnezone
|-resisted|p2a: Magnezone
|-damage|p2a: Magnezone|22/100
|-damage|p1a: Landorus|72/100 tox|[from] item: Rocky Helmet|[of] p2a: Magnezone
|
|t:|1666314811
|switch|p1a: Victini|Victini|16/100|[from]move: U-turn
|move|p2a: Magnezone|Body Press|p1a: Victini
|-resisted|p1a: Victini
|-damage|p1a: Victini|3/100
|
|-heal|p1a: Victini|9/100|[from] item: Leftovers
|upkeep
|turn|26
|
|t:|1666314818
|switch|p1a: Landorus|Landorus-Therian, M|72/100 tox
|-ability|p1a: Landorus|Intimidate|boost
|-unboost|p2a: Magnezone|atk|1
|move|p2a: Magnezone|Body Press|p1a: Landorus
|-resisted|p1a: Landorus
|-damage|p1a: Landorus|58/100 tox
|
|-heal|p1a: Landorus|64/100 tox|[from] item: Leftovers
|-damage|p1a: Landorus|58/100 tox|[from] psn
|upkeep
|turn|27
|
|t:|1666314830
|move|p1a: Landorus|Earthquake|p2a: Magnezone
|-supereffective|p2a: Magnezone
|-damage|p2a: Magnezone|0 fnt
|faint|p2a: Magnezone
|
|-heal|p1a: Landorus|64/100 tox|[from] item: Leftovers
|-damage|p1a: Landorus|52/100 tox|[from] psn
|upkeep
|
|t:|1666314833
|switch|p2a: Kartana|Kartana, shiny|94/100
|-damage|p2a: Kartana|88/100|[from] Stealth Rock
|turn|28
|
|t:|1666314840
|switch|p2a: Comfey|Comfey, F|79/100
|-damage|p2a: Comfey|66/100|[from] Stealth Rock
|switch|p1a: Buzzwole|Buzzwole|100/100
|
|-heal|p2a: Comfey|73/100|[from] item: Leftovers
|upkeep
|turn|29
|
|t:|1666314848
|switch|p1a: Tapu Koko|Tapu Koko|94/100
|-fieldstart|move: Electric Terrain|[from] ability: Electric Surge|[of] p1a: Tapu Koko
|move|p2a: Comfey|Substitute|p2a: Comfey
|-start|p2a: Comfey|Substitute
|-damage|p2a: Comfey|48/100
|
|-heal|p2a: Comfey|54/100|[from] item: Leftovers
|upkeep
|turn|30
|
|t:|1666314850
|move|p1a: Tapu Koko|Thunderbolt|p2a: Comfey
|-end|p2a: Comfey|Substitute
|move|p2a: Comfey|Calm Mind|p2a: Comfey
|-boost|p2a: Comfey|spa|1
|-boost|p2a: Comfey|spd|1
|
|-heal|p2a: Comfey|60/100|[from] item: Leftovers
|upkeep
|turn|31
|
|t:|1666314854
|move|p1a: Tapu Koko|U-turn|p2a: Comfey
|-resisted|p2a: Comfey
|-damage|p2a: Comfey|52/100
|
|t:|1666314859
|switch|p1a: Regieleki|Regieleki|88/100|[from]move: U-turn
|move|p2a: Comfey|Leech Seed|p1a: Regieleki
|-start|p1a: Regieleki|move: Leech Seed
|
|-heal|p2a: Comfey|59/100|[from] item: Leftovers
|-damage|p1a: Regieleki|76/100|[from] Leech Seed|[of] p2a: Comfey
|-heal|p2a: Comfey|74/100|[silent]
|upkeep
|turn|32
|
|t:|1666314865
|move|p2a: Comfey|Draining Kiss|p1a: Regieleki
|-damage|p1a: Regieleki|24/100
|-heal|p2a: Comfey|100/100|[from] drain|[of] p1a: Regieleki
|move|p1a: Regieleki|Rising Voltage|p2a: Comfey
|-hint|Rising Voltage's BP doubled on grounded target.
|-damage|p2a: Comfey|0 fnt
|faint|p2a: Comfey
|
|upkeep
|
|t:|1666314872
|switch|p2a: Kartana|Kartana, shiny|88/100
|-damage|p2a: Kartana|82/100|[from] Stealth Rock
|turn|33
|
|t:|1666314877
|switch|p1a: Buzzwole|Buzzwole|100/100
|move|p2a: Kartana|Knock Off|p1a: Buzzwole
|-resisted|p1a: Buzzwole
|-damage|p1a: Buzzwole|86/100
|-damage|p2a: Kartana|65/100|[from] item: Rocky Helmet|[of] p1a: Buzzwole
|-enditem|p1a: Buzzwole|Rocky Helmet|[from] move: Knock Off|[of] p2a: Kartana
|
|-fieldend|move: Electric Terrain
|upkeep
|turn|34
|c|☆cump8|gg
|-message|cump8 forfeited.
|
|win|God Kohl
|raw|God Kohl's rating: 1597 &rarr; <strong>1624</strong><br />(+27 for winning)
|raw|cump8's rating: 1728 &rarr; <strong>1701</strong><br />(-27 for losing)
|l|☆cump8
|c|☆God Kohl|gg
||Ladder isn't responding, score probably updated but might not have (Request timeout).
