|html|<div class="broadcast-blue"><strong>[Gen 8] OU is currently suspecting Urshifu-S! For information on how to participate check out the <a href="https://www.smogon.com/forums/threads/np-ss-ou-suspect-process-round-8-aint-no-rest-for-the-wicked.3675310/">suspect thread</a>.</strong></div>
|j|☆legitteambuilder
|j|☆ayevon
|t:|1609546214
|player|p1|legitteambuilder|lance|1812
|player|p2|ayevon|102|1682
|teamsize|p1|6
|teamsize|p2|6
|gametype|singles
|gen|8
|tier|[Gen 8] OU
|rated|
|clearpoke
|poke|p1|Azumarill, M|
|poke|p1|Regieleki|
|poke|p1|Buzzwole|
|poke|p1|Spectrier|
|poke|p1|Landorus-Therian, M|
|poke|p1|Kartana|
|poke|p2|Tyranitar, M|
|poke|p2|Excadrill, F|
|poke|p2|Garchomp, M|
|poke|p2|Kartana|
|poke|p2|Zapdos|
|poke|p2|Toxapex, F|
|rule|Sleep Clause Mod: Limit one foe put to sleep
|rule|Species Clause: Limit one of each Pokémon
|rule|OHKO Clause: OHKO moves are banned
|rule|Evasion Moves Clause: Evasion moves are banned
|rule|Endless Battle Clause: Forcing endless battles is banned
|rule|HP Percentage Mod: HP is shown in percentages
|rule|Dynamax Clause: You cannot dynamax
|teampreview
|j| Daddy Vaush
|
|t:|1609546241
|start
|switch|p1a: Mr Rager|Landorus-Therian, M, shiny|100/100
|switch|p2a: Toxapex|Toxapex, F|100/100
|-ability|p1a: Mr Rager|Intimidate|boost
|-unboost|p2a: Toxapex|atk|1
|turn|1
|
|t:|1609546254
|move|p1a: Mr Rager|Earthquake|p2a: Toxapex
|-supereffective|p2a: Toxapex
|-damage|p2a: Toxapex|37/100
|move|p2a: Toxapex|Toxic Spikes|p1a: Mr Rager
|-sidestart|p1: legitteambuilder|move: Toxic Spikes
|
|upkeep
|turn|2
|
|t:|1609546261
|switch|p2a: Zapdos|Zapdos|100/100
|-ability|p2a: Zapdos|Pressure
|move|p1a: Mr Rager|Swords Dance|p1a: Mr Rager
|-boost|p1a: Mr Rager|atk|2
|
|upkeep
|turn|3
|j| thatboigreedy
|
|t:|1609546264
|move|p2a: Zapdos|Substitute|p2a: Zapdos
|-start|p2a: Zapdos|Substitute
|-damage|p2a: Zapdos|76/100
|move|p1a: Mr Rager|Stealth Rock|p2a: Zapdos
|-sidestart|p2: ayevon|move: Stealth Rock
|
|upkeep
|turn|4
|
|t:|1609546277
|switch|p1a: Electro kid|Regieleki|100/100
|-status|p1a: Electro kid|psn
|move|p2a: Zapdos|Hurricane|p1a: Electro kid
|-resisted|p1a: Electro kid
|-damage|p1a: Electro kid|41/100 psn
|-start|p1a: Electro kid|confusion
|
|-damage|p1a: Electro kid|28/100 psn|[from] psn
|upkeep
|turn|5
|
|t:|1609546287
|-activate|p1a: Electro kid|confusion
|move|p1a: Electro kid|Volt Switch|p2a: Zapdos
|-end|p2a: Zapdos|Substitute
|
|t:|1609546294
|switch|p1a: Mr Rager|Landorus-Therian, M, shiny|100/100|[from]move: Volt Switch
|-ability|p1a: Mr Rager|Intimidate|boost
|-unboost|p2a: Zapdos|atk|1
|move|p2a: Zapdos|Substitute|p2a: Zapdos
|-start|p2a: Zapdos|Substitute
|-damage|p2a: Zapdos|51/100
|
|upkeep
|turn|6
|j| Vessev
|
|t:|1609546296
|move|p2a: Zapdos|Roost|p2a: Zapdos
|-heal|p2a: Zapdos|100/100
|-singleturn|p2a: Zapdos|move: Roost
|move|p1a: Mr Rager|Explosion|p2a: Zapdos
|-end|p2a: Zapdos|Substitute
|faint|p1a: Mr Rager
|
|upkeep
|
|t:|1609546304
|switch|p1a: Electro kid|Regieleki|28/100 psn
|turn|7
|
|t:|1609546320
|switch|p2a: Excadrill|Excadrill, F|100/100
|-damage|p2a: Excadrill|97/100|[from] Stealth Rock
|move|p1a: Electro kid|Light Screen|p1a: Electro kid
|-sidestart|p1: legitteambuilder|move: Light Screen
|
|-heal|p2a: Excadrill|100/100|[from] item: Leftovers
|-damage|p1a: Electro kid|16/100 psn|[from] psn
|upkeep
|turn|8
|
|t:|1609546325
|move|p1a: Electro kid|Reflect|p1a: Electro kid
|-sidestart|p1: legitteambuilder|Reflect
|move|p2a: Excadrill|Rapid Spin|p1a: Electro kid
|-damage|p1a: Electro kid|0 fnt
|-boost|p2a: Excadrill|spe|1
|-sideend|p2: ayevon|Stealth Rock|[from] move: Rapid Spin|[of] p2a: Excadrill
|faint|p1a: Electro kid
|
|upkeep
|
|t:|1609546335
|switch|p1a: Prince|Spectrier|100/100
|-status|p1a: Prince|psn
|turn|9
|
|t:|1609546339
|switch|p2a: Tyranitar|Tyranitar, M|100/100
|-weather|Sandstorm|[from] ability: Sand Stream|[of] p2a: Tyranitar
|move|p1a: Prince|Will-O-Wisp|p2a: Tyranitar
|-status|p2a: Tyranitar|brn
|
|-weather|Sandstorm|[upkeep]
|-damage|p1a: Prince|94/100 psn|[from] Sandstorm
|-heal|p1a: Prince|100/100 psn|[from] item: Leftovers
|-damage|p1a: Prince|88/100 psn|[from] psn
|-damage|p2a: Tyranitar|94/100 brn|[from] brn
|upkeep
|turn|10
|
|t:|1609546346
|move|p1a: Prince|Substitute|p1a: Prince
|-start|p1a: Prince|Substitute
|-damage|p1a: Prince|63/100 psn
|move|p2a: Tyranitar|Stealth Rock|p1a: Prince
|-sidestart|p1: legitteambuilder|move: Stealth Rock
|
|-weather|Sandstorm|[upkeep]
|-damage|p1a: Prince|57/100 psn|[from] Sandstorm
|-heal|p1a: Prince|63/100 psn|[from] item: Leftovers
|-heal|p2a: Tyranitar|100/100 brn|[from] item: Leftovers
|-damage|p1a: Prince|50/100 psn|[from] psn
|-damage|p2a: Tyranitar|94/100 brn|[from] brn
|upkeep
|turn|11
|
|t:|1609546350
|move|p1a: Prince|Calm Mind|p1a: Prince
|-boost|p1a: Prince|spa|1
|-boost|p1a: Prince|spd|1
|move|p2a: Tyranitar|Rock Blast|p1a: Prince
|-activate|p1a: Prince|move: Substitute|[damage]
|-activate|p1a: Prince|move: Substitute|[damage]
|-hitcount|p1a: Prince|2
|
|-weather|Sandstorm|[upkeep]
|-damage|p1a: Prince|44/100 psn|[from] Sandstorm
|-heal|p1a: Prince|50/100 psn|[from] item: Leftovers
|-heal|p2a: Tyranitar|100/100 brn|[from] item: Leftovers
|-damage|p1a: Prince|38/100 psn|[from] psn
|-damage|p2a: Tyranitar|94/100 brn|[from] brn
|upkeep
|turn|12
|
|t:|1609546354
|move|p1a: Prince|Hex|p2a: Tyranitar
|-resisted|p2a: Tyranitar
|-damage|p2a: Tyranitar|76/100 brn
|move|p2a: Tyranitar|Rock Blast|p1a: Prince
|-activate|p1a: Prince|move: Substitute|[damage]
|-activate|p1a: Prince|move: Substitute|[damage]
|-hitcount|p1a: Prince|2
|
|-weather|Sandstorm|[upkeep]
|-damage|p1a: Prince|32/100 psn|[from] Sandstorm
|-heal|p1a: Prince|38/100 psn|[from] item: Leftovers
|-heal|p2a: Tyranitar|82/100 brn|[from] item: Leftovers
|-damage|p1a: Prince|25/100 psn|[from] psn
|-damage|p2a: Tyranitar|76/100 brn|[from] brn
|upkeep
|turn|13
|
|t:|1609546359
|move|p1a: Prince|Hex|p2a: Tyranitar
|-resisted|p2a: Tyranitar
|-damage|p2a: Tyranitar|56/100 brn
|move|p2a: Tyranitar|Rock Blast|p1a: Prince
|-activate|p1a: Prince|move: Substitute|[damage]
|-activate|p1a: Prince|move: Substitute|[damage]
|-activate|p1a: Prince|move: Substitute|[damage]
|-activate|p1a: Prince|move: Substitute|[damage]
|-hitcount|p1a: Prince|4
|
|-weather|none
|-heal|p1a: Prince|32/100 psn|[from] item: Leftovers
|-heal|p2a: Tyranitar|62/100 brn|[from] item: Leftovers
|-damage|p1a: Prince|19/100 psn|[from] psn
|-damage|p2a: Tyranitar|56/100 brn|[from] brn
|upkeep
|turn|14
|
|t:|1609546364
|move|p1a: Prince|Hex|p2a: Tyranitar
|-resisted|p2a: Tyranitar
|-damage|p2a: Tyranitar|29/100 brn
|move|p2a: Tyranitar|Rock Blast|p1a: Prince
|-activate|p1a: Prince|move: Substitute|[damage]
|-end|p1a: Prince|Substitute
|-damage|p1a: Prince|17/100 psn
|-hitcount|p1a: Prince|3
|
|-heal|p1a: Prince|23/100 psn|[from] item: Leftovers
|-heal|p2a: Tyranitar|35/100 brn|[from] item: Leftovers
|-damage|p1a: Prince|10/100 psn|[from] psn
|-damage|p2a: Tyranitar|29/100 brn|[from] brn
|-sideend|p1: legitteambuilder|move: Light Screen
|upkeep
|turn|15
|
|t:|1609546368
|move|p2a: Tyranitar|Protect|p2a: Tyranitar
|-singleturn|p2a: Tyranitar|Protect
|move|p1a: Prince|Hex|p2a: Tyranitar
|-activate|p2a: Tyranitar|move: Protect
|
|-heal|p1a: Prince|16/100 psn|[from] item: Leftovers
|-heal|p2a: Tyranitar|35/100 brn|[from] item: Leftovers
|-damage|p1a: Prince|4/100 psn|[from] psn
|-damage|p2a: Tyranitar|29/100 brn|[from] brn
|-sideend|p1: legitteambuilder|Reflect
|upkeep
|turn|16
|
|t:|1609546374
|move|p2a: Tyranitar|Protect||[still]
|-fail|p2a: Tyranitar
|move|p1a: Prince|Will-O-Wisp|p2a: Tyranitar
|-fail|p2a: Tyranitar|brn
|
|-heal|p1a: Prince|10/100 psn|[from] item: Leftovers
|-heal|p2a: Tyranitar|35/100 brn|[from] item: Leftovers
|-damage|p1a: Prince|0 fnt|[from] psn
|faint|p1a: Prince
|-damage|p2a: Tyranitar|29/100 brn|[from] brn
|upkeep
|
|t:|1609546381
|switch|p1a: it's ova|Kartana, shiny|100/100
|-damage|p1a: it's ova|94/100|[from] Stealth Rock
|turn|17
|
|t:|1609546383
|switch|p2a: Toxapex|Toxapex, F|70/100
|move|p1a: it's ova|Swords Dance|p1a: it's ova
|-boost|p1a: it's ova|atk|2
|
|upkeep
|turn|18
|
|t:|1609546386
|move|p1a: it's ova|Swords Dance|p1a: it's ova
|-boost|p1a: it's ova|atk|2
|move|p2a: Toxapex|Scald|p1a: it's ova
|-resisted|p1a: it's ova
|-damage|p1a: it's ova|80/100
|-status|p1a: it's ova|brn
|
|-damage|p1a: it's ova|74/100 brn|[from] brn
|upkeep
|turn|19
|
|t:|1609546390
|switch|p2a: Tyranitar|Tyranitar, M|29/100 brn
|-weather|Sandstorm|[from] ability: Sand Stream|[of] p2a: Tyranitar
|move|p1a: it's ova|Swords Dance|p1a: it's ova
|-boost|p1a: it's ova|atk|2
|
|-weather|Sandstorm|[upkeep]
|-heal|p2a: Tyranitar|35/100 brn|[from] item: Leftovers
|-damage|p1a: it's ova|68/100 brn|[from] brn
|-damage|p2a: Tyranitar|29/100 brn|[from] brn
|upkeep
|turn|20
|
|t:|1609546395
|move|p1a: it's ova|Smart Strike|p2a: Tyranitar
|-supereffective|p2a: Tyranitar
|-damage|p2a: Tyranitar|0 fnt
|faint|p2a: Tyranitar
|-ability|p1a: it's ova|Beast Boost|boost
|-boost|p1a: it's ova|spe|1
|
|-weather|Sandstorm|[upkeep]
|-damage|p1a: it's ova|62/100 brn|[from] brn
|upkeep
|c| Daddy Vaush|oh shit
|
|t:|1609546398
|switch|p2a: Excadrill|Excadrill, F|100/100
|turn|21
|c| Daddy Vaush|immortal Prince
|inactive|Battle timer is ON: inactive players will automatically lose when time's up. (requested by ayevon)
|
|t:|1609546427
|move|p2a: Excadrill|Earthquake|p1a: it's ova
|-damage|p1a: it's ova|8/100 brn
|move|p1a: it's ova|Leaf Blade|p2a: Excadrill
|-damage|p2a: Excadrill|0 fnt
|faint|p2a: Excadrill
|-ability|p1a: it's ova|Beast Boost|boost
|-boost|p1a: it's ova|spe|1
|
|-weather|Sandstorm|[upkeep]
|-damage|p1a: it's ova|2/100 brn|[from] brn
|upkeep
|
|t:|1609546437
|switch|p2a: Garchomp|Garchomp, M|100/100
|turn|22
|
|t:|1609546440
|move|p1a: it's ova|Knock Off|p2a: Garchomp
|-damage|p2a: Garchomp|41/100
|-activate|p2a: Garchomp|ability: Rough Skin
|-activate|p1a: it's ova|item: Protective Pads
|-enditem|p2a: Garchomp|Leftovers|[from] move: Knock Off|[of] p1a: it's ova
|move|p2a: Garchomp|Swords Dance|p2a: Garchomp
|-boost|p2a: Garchomp|atk|2
|
|-weather|Sandstorm|[upkeep]
|-damage|p1a: it's ova|0 fnt|[from] brn
|faint|p1a: it's ova
|upkeep
|
|t:|1609546452
|switch|p1a: NBAYB listener|Buzzwole|100/100
|-status|p1a: NBAYB listener|psn
|-damage|p1a: NBAYB listener|88/100 psn|[from] Stealth Rock
|turn|23
|
|t:|1609546455
|move|p2a: Garchomp|Scale Shot|p1a: NBAYB listener
|-damage|p1a: NBAYB listener|72/100 psn
|-damage|p1a: NBAYB listener|54/100 psn
|-damage|p1a: NBAYB listener|38/100 psn
|-hitcount|p1a: NBAYB listener|3
|-unboost|p2a: Garchomp|def|1
|-boost|p2a: Garchomp|spe|1
|move|p1a: NBAYB listener|Drain Punch|p2a: Garchomp
|-damage|p2a: Garchomp|0 fnt
|-heal|p1a: NBAYB listener|55/100 psn|[from] drain|[of] p2a: Garchomp
|-damage|p1a: NBAYB listener|42/100 psn|[from] ability: Rough Skin|[of] p2a: Garchomp
|faint|p2a: Garchomp
|-ability|p1a: NBAYB listener|Beast Boost|boost
|-boost|p1a: NBAYB listener|atk|1
|
|-weather|none
|-heal|p1a: NBAYB listener|49/100 psn|[from] item: Leftovers
|-damage|p1a: NBAYB listener|36/100 psn|[from] psn
|upkeep
|
|t:|1609546458
|switch|p2a: Zapdos|Zapdos|100/100
|-ability|p2a: Zapdos|Pressure
|turn|24
|
|t:|1609546460
|move|p2a: Zapdos|Discharge|p1a: NBAYB listener
|-damage|p1a: NBAYB listener|0 fnt
|faint|p1a: NBAYB listener
|
|upkeep
|
|t:|1609546463
|switch|p1a: Awoomarill|Azumarill, M, shiny|100/100
|-damage|p1a: Awoomarill|88/100|[from] Stealth Rock
|-status|p1a: Awoomarill|psn
|turn|25
|
|t:|1609546466
|move|p2a: Zapdos|Discharge|p1a: Awoomarill
|-supereffective|p1a: Awoomarill
|-damage|p1a: Awoomarill|0 fnt
|faint|p1a: Awoomarill
|
|win|ayevon
|l|☆legitteambuilder
|raw|legitteambuilder's rating: 1829 &rarr; <strong>1801</strong><br />(-28 for losing)
|raw|ayevon's rating: 1682 &rarr; <strong>1710</strong><br />(+28 for winning)
|l|☆ayevon
|l| Daddy Vaush
