|html|<div class="broadcast-blue"><strong>[Gen 8] OU is currently suspecting Melmetal! For information on how to participate check out the <a href="https://www.smogon.com/forums/threads/np-ss-ou-suspect-process-round-12-monster-mash.3709234/">suspect thread</a>.</strong></div>
|j|☆dddjfdw
|j|☆SystemAdminX
|t:|1666244626
|gametype|singles
|player|p1|dddjfdw|2|1299
|player|p2|SystemAdminX|ingo|1288
|teamsize|p1|6
|teamsize|p2|6
|gen|8
|tier|[Gen 8] OU
|rated|
|rule|Sleep Clause Mod: Limit one foe put to sleep
|rule|Species Clause: Limit one of each Pokémon
|rule|OHKO Clause: OHKO moves are banned
|rule|Evasion Items Clause: Evasion items are banned
|rule|Evasion Moves Clause: Evasion moves are banned
|rule|Endless Battle Clause: Forcing endless battles is banned
|rule|HP Percentage Mod: HP is shown in percentages
|rule|Dynamax Clause: You cannot dynamax
|clearpoke
|poke|p1|Landorus-Therian, M|
|poke|p1|Heatran, F|
|poke|p1|Slowbro, M|
|poke|p1|Urshifu-*, M|
|poke|p1|Zapdos|
|poke|p1|Rillaboom, M|
|poke|p2|Tapu Koko|
|poke|p2|Kartana|
|poke|p2|Urshifu-*, M|
|poke|p2|Hawlucha, M|
|poke|p2|Ferrothorn, M|
|poke|p2|Bisharp, M|
|teampreview
|inactive|Battle timer is ON: inactive players will automatically lose when time's up. (requested by SystemAdminX)
|c|☆SystemAdminX|gl
|c|☆SystemAdminX|LANDO-T
|c|☆SystemAdminX|IS GAY
|
|t:|1666244651
|start
|switch|p1a: Urshifu|Urshifu-Rapid-Strike, M|100/100
|switch|p2a: Thorne|Ferrothorn, M|100/100
|turn|1
|
|t:|1666244659
|switch|p2a: Eclipse|Tapu Koko, shiny|100/100
|-fieldstart|move: Electric Terrain|[from] ability: Electric Surge|[of] p2a: Eclipse
|move|p1a: Urshifu|Close Combat|p2a: Eclipse
|-resisted|p2a: Eclipse
|-damage|p2a: Eclipse|35/100
|-unboost|p1a: Urshifu|def|1
|-unboost|p1a: Urshifu|spd|1
|
|upkeep
|turn|2
|
|t:|1666244668
|switch|p1a: Landorus|Landorus-Therian, M|100/100
|-ability|p1a: Landorus|Intimidate|boost
|-unboost|p2a: Eclipse|atk|1
|move|p2a: Eclipse|Volt Switch|p1a: Landorus
|-immune|p1a: Landorus
|
|upkeep
|turn|3
|
|t:|1666244678
|switch|p2a: Thorne|Ferrothorn, M|100/100
|move|p1a: Landorus|U-turn|p2a: Thorne
|-damage|p2a: Thorne|88/100
|-damage|p1a: Landorus|88/100|[from] ability: Iron Barbs|[of] p2a: Thorne
|-damage|p1a: Landorus|72/100|[from] item: Rocky Helmet|[of] p2a: Thorne
|
|t:|1666244682
|switch|p1a: Heatran|Heatran, F|100/100|[from]move: U-turn
|
|upkeep
|turn|4
|
|t:|1666244689
|switch|p2a: Defender|Urshifu-Rapid-Strike, M|100/100
|move|p1a: Heatran|Magma Storm|p2a: Defender
|-resisted|p2a: Defender
|-damage|p2a: Defender|71/100
|-activate|p2a: Defender|move: Magma Storm|[of] p1a: Heatran
|
|-damage|p2a: Defender|58/100|[from] move: Magma Storm|[partiallytrapped]
|upkeep
|turn|5
|
|t:|1666244701
|switch|p1a: Slowbro|Slowbro, M|100/100
|move|p2a: Defender|Surging Strikes|p1a: Slowbro
|-resisted|p1a: Slowbro
|-crit|p1a: Slowbro
|-damage|p1a: Slowbro|91/100
|-resisted|p1a: Slowbro
|-crit|p1a: Slowbro
|-damage|p1a: Slowbro|82/100
|-resisted|p1a: Slowbro
|-crit|p1a: Slowbro
|-damage|p1a: Slowbro|73/100
|-hitcount|p1a: Slowbro|3
|
|-end|p2a: Defender|Magma Storm|[partiallytrapped]|[silent]
|-fieldend|move: Electric Terrain
|upkeep
|turn|6
|
|t:|1666244716
|switch|p2a: Paper Knife|Kartana|100/100
|move|p1a: Slowbro|Future Sight|p2a: Paper Knife
|-start|p1a: Slowbro|move: Future Sight
|
|upkeep
|turn|7
|
|t:|1666244726
|switch|p1a: Landorus|Landorus-Therian, M|72/100
|-ability|p1a: Landorus|Intimidate|boost
|-unboost|p2a: Paper Knife|atk|1
|move|p2a: Paper Knife|X-Scissor|p1a: Landorus
|-resisted|p1a: Landorus
|-damage|p1a: Landorus|54/100
|
|-heal|p1a: Landorus|60/100|[from] item: Leftovers
|upkeep
|turn|8
|
|t:|1666244740
|switch|p2a: Thorne|Ferrothorn, M|88/100
|move|p1a: Landorus|Stealth Rock|p2a: Thorne
|-sidestart|p2: SystemAdminX|move: Stealth Rock
|
|-end|p2a: Thorne|move: Future Sight
|-resisted|p2a: Thorne
|-crit|p2a: Thorne
|-damage|p2a: Thorne|63/100
|-heal|p1a: Landorus|66/100|[from] item: Leftovers
|upkeep
|turn|9
|
|t:|1666244749
|switch|p1a: Heatran|Heatran, F|100/100
|move|p2a: Thorne|Power Whip|p1a: Heatran
|-resisted|p1a: Heatran
|-crit|p1a: Heatran
|-damage|p1a: Heatran|88/100
|
|-heal|p1a: Heatran|94/100|[from] item: Leftovers
|upkeep
|turn|10
|
|t:|1666244757
|move|p1a: Heatran|Magma Storm|p2a: Thorne
|-supereffective|p2a: Thorne
|-damage|p2a: Thorne|0 fnt
|faint|p2a: Thorne
|
|-heal|p1a: Heatran|100/100|[from] item: Leftovers
|upkeep
|
|t:|1666244759
|switch|p2a: Defender|Urshifu-Rapid-Strike, M|58/100
|-damage|p2a: Defender|52/100|[from] Stealth Rock
|turn|11
|
|t:|1666244768
|switch|p1a: Zapdos|Zapdos|100/100
|move|p2a: Defender|Poison Jab|p1a: Zapdos
|-damage|p1a: Zapdos|52/100
|
|upkeep
|turn|12
|
|t:|1666244775
|move|p1a: Zapdos|Roost|p1a: Zapdos
|-heal|p1a: Zapdos|100/100
|-singleturn|p1a: Zapdos|move: Roost
|move|p2a: Defender|Poison Jab|p1a: Zapdos
|-damage|p1a: Zapdos|50/100
|
|upkeep
|turn|13
|
|t:|1666244783
|move|p1a: Zapdos|Volt Switch|p2a: Defender
|-supereffective|p2a: Defender
|-damage|p2a: Defender|0 fnt
|faint|p2a: Defender
|
|t:|1666244792
|switch|p1a: Heatran|Heatran, F|100/100|[from]move: Volt Switch
|
|upkeep
|
|t:|1666244796
|switch|p2a: Paper Knife|Kartana|100/100
|-damage|p2a: Paper Knife|94/100|[from] Stealth Rock
|turn|14
|
|t:|1666244800
|move|p2a: Paper Knife|Sacred Sword|p1a: Heatran
|-supereffective|p1a: Heatran
|-damage|p1a: Heatran|5/100
|move|p1a: Heatran|Magma Storm|p2a: Paper Knife|[miss]
|-miss|p1a: Heatran|p2a: Paper Knife
|
|-heal|p1a: Heatran|11/100|[from] item: Leftovers
|upkeep
|turn|15
|
|t:|1666244813
|move|p1a: Heatran|Protect|p1a: Heatran
|-singleturn|p1a: Heatran|Protect
|move|p2a: Paper Knife|Sacred Sword|p1a: Heatran
|-activate|p1a: Heatran|move: Protect
|
|-heal|p1a: Heatran|17/100|[from] item: Leftovers
|upkeep
|turn|16
|
|t:|1666244819
|switch|p1a: Landorus|Landorus-Therian, M|66/100
|-ability|p1a: Landorus|Intimidate|boost
|-unboost|p2a: Paper Knife|atk|1
|move|p2a: Paper Knife|Sacred Sword|p1a: Landorus
|-resisted|p1a: Landorus
|-damage|p1a: Landorus|45/100
|
|-heal|p1a: Landorus|51/100|[from] item: Leftovers
|upkeep
|turn|17
|
|t:|1666244835
|switch|p2a: Shogun|Bisharp, M|100/100
|-damage|p2a: Shogun|95/100|[from] Stealth Rock
|move|p1a: Landorus|U-turn|p2a: Shogun
|-damage|p2a: Shogun|71/100
|
|t:|1666244844
|switch|p1a: Urshifu|Urshifu-Rapid-Strike, M|100/100|[from]move: U-turn
|
|upkeep
|turn|18
|
|t:|1666244848
|move|p1a: Urshifu|Close Combat|p2a: Shogun
|-supereffective|p2a: Shogun
|-damage|p2a: Shogun|0 fnt
|-unboost|p1a: Urshifu|def|1
|-unboost|p1a: Urshifu|spd|1
|faint|p2a: Shogun
|
|upkeep
|
|t:|1666244851
|switch|p2a: Eclipse|Tapu Koko, shiny|35/100
|-damage|p2a: Eclipse|23/100|[from] Stealth Rock
|-fieldstart|move: Electric Terrain|[from] ability: Electric Surge|[of] p2a: Eclipse
|turn|19
|
|t:|1666244857
|switch|p1a: Landorus|Landorus-Therian, M|51/100
|-ability|p1a: Landorus|Intimidate|boost
|-unboost|p2a: Eclipse|atk|1
|move|p2a: Eclipse|Grass Knot|p1a: Landorus
|-damage|p1a: Landorus|15/100
|
|-heal|p1a: Landorus|21/100|[from] item: Leftovers
|upkeep
|turn|20
|
|t:|1666244872
|move|p2a: Eclipse|Grass Knot|p1a: Landorus
|-damage|p1a: Landorus|0 fnt
|faint|p1a: Landorus
|
|upkeep
|
|t:|1666244881
|switch|p1a: Rillaboom|Rillaboom, M|100/100
|-fieldstart|move: Grassy Terrain|[from] ability: Grassy Surge|[of] p1a: Rillaboom
|turn|21
|
|t:|1666244892
|switch|p2a: Paper Knife|Kartana|94/100
|-damage|p2a: Paper Knife|88/100|[from] Stealth Rock
|move|p1a: Rillaboom|U-turn|p2a: Paper Knife
|-damage|p2a: Paper Knife|49/100
|
|t:|1666244901
|switch|p1a: Zapdos|Zapdos|50/100|[from]move: U-turn
|
|-heal|p2a: Paper Knife|55/100|[from] Grassy Terrain
|upkeep
|turn|22
|
|t:|1666244912
|switch|p1a: Urshifu|Urshifu-Rapid-Strike, M|100/100
|move|p2a: Paper Knife|Psycho Cut|p1a: Urshifu
|-supereffective|p1a: Urshifu
|-damage|p1a: Urshifu|3/100
|
|-heal|p2a: Paper Knife|62/100|[from] Grassy Terrain
|-heal|p1a: Urshifu|9/100|[from] Grassy Terrain
|upkeep
|turn|23
|
|t:|1666244923
|switch|p1a: Slowbro|Slowbro, M|100/100
|move|p2a: Paper Knife|Psycho Cut|p1a: Slowbro
|-resisted|p1a: Slowbro
|-damage|p1a: Slowbro|87/100
|
|-heal|p2a: Paper Knife|68/100|[from] Grassy Terrain
|-heal|p1a: Slowbro|93/100|[from] Grassy Terrain
|upkeep
|turn|24
|
|t:|1666244932
|move|p2a: Paper Knife|Psycho Cut|p1a: Slowbro
|-resisted|p1a: Slowbro
|-damage|p1a: Slowbro|78/100
|move|p1a: Slowbro|Future Sight|p2a: Paper Knife
|-start|p1a: Slowbro|move: Future Sight
|
|-heal|p2a: Paper Knife|74/100|[from] Grassy Terrain
|-heal|p1a: Slowbro|85/100|[from] Grassy Terrain
|upkeep
|turn|25
|
|t:|1666244937
|move|p2a: Paper Knife|Psycho Cut|p1a: Slowbro
|-resisted|p1a: Slowbro
|-damage|p1a: Slowbro|70/100
|move|p1a: Slowbro|Thunder Wave|p2a: Paper Knife
|-status|p2a: Paper Knife|par
|
|-heal|p2a: Paper Knife|80/100 par|[from] Grassy Terrain
|-heal|p1a: Slowbro|76/100|[from] Grassy Terrain
|-fieldend|move: Grassy Terrain
|upkeep
|turn|26
|
|t:|1666244945
|move|p2a: Paper Knife|Psycho Cut|p1a: Slowbro
|-resisted|p1a: Slowbro
|-crit|p1a: Slowbro
|-damage|p1a: Slowbro|57/100
|move|p1a: Slowbro|Scald|p2a: Paper Knife
|-resisted|p2a: Paper Knife
|-damage|p2a: Paper Knife|34/100 par
|
|-end|p2a: Paper Knife|move: Future Sight
|-resisted|p2a: Paper Knife
|-damage|p2a: Paper Knife|0 fnt
|faint|p2a: Paper Knife
|upkeep
|
|t:|1666244956
|switch|p2a: Eclipse|Tapu Koko, shiny|23/100
|-damage|p2a: Eclipse|10/100|[from] Stealth Rock
|-fieldstart|move: Electric Terrain|[from] ability: Electric Surge|[of] p2a: Eclipse
|turn|27
|
|t:|1666244966
|switch|p1a: Rillaboom|Rillaboom, M|100/100
|-fieldstart|move: Grassy Terrain|[from] ability: Grassy Surge|[of] p1a: Rillaboom
|move|p2a: Eclipse|Grass Knot|p1a: Rillaboom
|-resisted|p1a: Rillaboom
|-crit|p1a: Rillaboom
|-damage|p1a: Rillaboom|61/100
|
|-heal|p2a: Eclipse|16/100|[from] Grassy Terrain
|-heal|p1a: Rillaboom|68/100|[from] Grassy Terrain
|upkeep
|turn|28
|
|t:|1666244973
|move|p1a: Rillaboom|Grassy Glide|p2a: Eclipse
|-damage|p2a: Eclipse|0 fnt
|faint|p2a: Eclipse
|
|-heal|p1a: Rillaboom|74/100|[from] Grassy Terrain
|upkeep
|
|t:|1666244976
|switch|p2a: Jade|Hawlucha, M|100/100
|-damage|p2a: Jade|88/100|[from] Stealth Rock
|turn|29
|
|t:|1666244982
|switch|p1a: Zapdos|Zapdos|50/100
|move|p2a: Jade|Acrobatics|p1a: Zapdos
|-resisted|p1a: Zapdos
|-damage|p1a: Zapdos|34/100
|-status|p2a: Jade|par|[from] ability: Static|[of] p1a: Zapdos
|
|upkeep
|turn|30
|
|t:|1666244989
|move|p1a: Zapdos|Roost|p1a: Zapdos
|-heal|p1a: Zapdos|84/100
|-singleturn|p1a: Zapdos|move: Roost
|move|p2a: Jade|Stone Edge|p1a: Zapdos
|-damage|p1a: Zapdos|44/100
|
|-heal|p1a: Zapdos|51/100|[from] Grassy Terrain
|upkeep
|turn|31
|
|t:|1666244997
|move|p1a: Zapdos|Roost|p1a: Zapdos
|-heal|p1a: Zapdos|100/100
|-singleturn|p1a: Zapdos|move: Roost
|cant|p2a: Jade|par
|
|-fieldend|move: Grassy Terrain
|upkeep
|turn|32
|
|t:|1666245002
|move|p1a: Zapdos|Hurricane|p2a: Jade
|-supereffective|p2a: Jade
|-damage|p2a: Jade|0 fnt
|faint|p2a: Jade
|
|win|dddjfdw
|raw|dddjfdw's rating: 1299 &rarr; <strong>1323</strong><br />(+24 for winning)
|raw|SystemAdminX's rating: 1288 &rarr; <strong>1264</strong><br />(-24 for losing)
