|j|☆64j3t3hrt3h
|j|☆JoJo Reference #10
|t:|1664757117
|gametype|singles
|player|p1|64j3t3hrt3h|170|1667
|player|p2|JoJo Reference #10|266|1689
|teamsize|p1|6
|teamsize|p2|6
|gen|8
|tier|[Gen 8] OU
|rated|
|rule|Sleep Clause Mod: Limit one foe put to sleep
|rule|Species Clause: Limit one of each Pokémon
|rule|OHKO Clause: OHKO moves are banned
|rule|Evasion Items Clause: Evasion items are banned
|rule|Evasion Moves Clause: Evasion moves are banned
|rule|Endless Battle Clause: Forcing endless battles is banned
|rule|HP Percentage Mod: HP is shown in percentages
|rule|Dynamax Clause: You cannot dynamax
|clearpoke
|poke|p1|Buzzwole|
|poke|p1|Landorus-Therian, M|
|poke|p1|Magnezone|
|poke|p1|Tyranitar, F|
|poke|p1|Tapu Lele|
|poke|p1|Toxapex, M|
|poke|p2|Nihilego|
|poke|p2|Landorus-Therian, M|
|poke|p2|Volcanion|
|poke|p2|Dragapult, M|
|poke|p2|Volcarona, F|
|poke|p2|Tapu Lele|
|teampreview
|
|t:|1664757136
|start
|switch|p1a: Tapu Lele|Tapu Lele, shiny|100/100
|switch|p2a: Landorus|Landorus-Therian, M|100/100
|-fieldstart|move: Psychic Terrain|[from] ability: Psychic Surge|[of] p1a: Tapu Lele
|-ability|p2a: Landorus|Intimidate|boost
|-unboost|p1a: Tapu Lele|atk|1
|turn|1
|
|t:|1664757145
|move|p1a: Tapu Lele|Psyshock|p2a: Landorus
|-damage|p2a: Landorus|14/100
|move|p2a: Landorus|Knock Off|p1a: Tapu Lele
|-damage|p1a: Tapu Lele|53/100
|-enditem|p1a: Tapu Lele|Choice Specs|[from] move: Knock Off|[of] p2a: Landorus
|
|-heal|p2a: Landorus|20/100|[from] item: Leftovers
|upkeep
|turn|2
|
|t:|1664757160
|move|p1a: Tapu Lele|Psyshock|p2a: Landorus
|-damage|p2a: Landorus|0 fnt
|faint|p2a: Landorus
|
|upkeep
|
|t:|1664757161
|switch|p2a: Tapu Lele|Tapu Lele|100/100
|turn|3
|
|t:|1664757164
|move|p2a: Tapu Lele|Moonblast|p1a: Tapu Lele
|-damage|p1a: Tapu Lele|0 fnt
|faint|p1a: Tapu Lele
|
|upkeep
|
|t:|1664757170
|switch|p1a: Landorus|Landorus-Therian, M|100/100
|-ability|p1a: Landorus|Intimidate|boost
|-unboost|p2a: Tapu Lele|atk|1
|turn|4
|
|t:|1664757177
|switch|p2a: Dragapult|Dragapult, M|100/100
|move|p1a: Landorus|Knock Off|p2a: Dragapult
|-supereffective|p2a: Dragapult
|-damage|p2a: Dragapult|13/100
|-enditem|p2a: Dragapult|Choice Scarf|[from] move: Knock Off|[of] p1a: Landorus
|
|upkeep
|turn|5
|j| emo705
|
|t:|1664757182
|move|p2a: Dragapult|Dragon Darts|p1a: Landorus
|-damage|p1a: Landorus|75/100
|-anim|p2a: Dragapult|Dragon Darts|p1a: Landorus
|-damage|p1a: Landorus|52/100
|move|p1a: Landorus|U-turn|p2a: Dragapult
|-resisted|p2a: Dragapult
|-damage|p2a: Dragapult|0 fnt
|faint|p2a: Dragapult
|
|t:|1664757187
|switch|p1a: Tyranitar|Tyranitar, F|100/100|[from]move: U-turn
|-weather|Sandstorm|[from] ability: Sand Stream|[of] p1a: Tyranitar
|
|-weather|Sandstorm|[upkeep]
|-fieldend|move: Psychic Terrain
|upkeep
|
|t:|1664757194
|switch|p2a: Volcanion|Volcanion|100/100
|turn|6
|
|t:|1664757198
|switch|p1a: Landorus|Landorus-Therian, M|52/100
|-ability|p1a: Landorus|Intimidate|boost
|-unboost|p2a: Volcanion|atk|1
|move|p2a: Volcanion|Steam Eruption|p1a: Landorus
|-supereffective|p1a: Landorus
|-damage|p1a: Landorus|0 fnt
|faint|p1a: Landorus
|
|-weather|Sandstorm|[upkeep]
|-damage|p2a: Volcanion|95/100|[from] Sandstorm
|upkeep
|
|t:|1664757202
|switch|p1a: Magnezone|Magnezone|100/100
|turn|7
|
|t:|1664757204
|move|p2a: Volcanion|Earth Power|p1a: Magnezone
|-supereffective|p1a: Magnezone
|-damage|p1a: Magnezone|0 fnt
|faint|p1a: Magnezone
|
|-weather|Sandstorm|[upkeep]
|-damage|p2a: Volcanion|89/100|[from] Sandstorm
|upkeep
|
|t:|1664757210
|switch|p1a: Buzzwole|Buzzwole|100/100
|turn|8
|
|t:|1664757213
|move|p1a: Buzzwole|Earthquake|p2a: Volcanion
|-supereffective|p2a: Volcanion
|-damage|p2a: Volcanion|19/100
|move|p2a: Volcanion|Overheat|p1a: Buzzwole
|-supereffective|p1a: Buzzwole
|-damage|p1a: Buzzwole|0 fnt
|-unboost|p2a: Volcanion|spa|2
|faint|p1a: Buzzwole
|
|-weather|Sandstorm|[upkeep]
|-damage|p2a: Volcanion|13/100|[from] Sandstorm
|upkeep
|-message|64j3t3hrt3h forfeited.
|
|win|JoJo Reference #10
|raw|64j3t3hrt3h's rating: 1667 &rarr; <strong>1648</strong><br />(-19 for losing)
|raw|JoJo Reference #10's rating: 1689 &rarr; <strong>1708</strong><br />(+19 for winning)
|l|☆64j3t3hrt3h
