|j|☆brettfavreguilty
|j|☆Geenobe
|t:|1667457940
|gametype|singles
|player|p1|brettfavreguilty|harlequin|1738
|player|p2|Geenobe|266|1753
|teamsize|p1|6
|teamsize|p2|6
|gen|8
|tier|[Gen 8] OU
|rated|
|rule|Sleep Clause Mod: Limit one foe put to sleep
|rule|Species Clause: Limit one of each Pokémon
|rule|OHKO Clause: OHKO moves are banned
|rule|Evasion Items Clause: Evasion items are banned
|rule|Evasion Moves Clause: Evasion moves are banned
|rule|Endless Battle Clause: Forcing endless battles is banned
|rule|HP Percentage Mod: HP is shown in percentages
|rule|Dynamax Clause: You cannot dynamax
|clearpoke
|poke|p1|Pelipper, F|
|poke|p1|Melmetal|
|poke|p1|Inteleon, F|
|poke|p1|Ferrothorn, F|
|poke|p1|Barraskewda, F|
|poke|p1|Seismitoad, M|
|poke|p2|Volcanion|
|poke|p2|Landorus-Therian, M|
|poke|p2|Ninetales-Alola, F|
|poke|p2|Corviknight, F|
|poke|p2|Arctozolt|
|poke|p2|Tornadus-Therian, M|
|teampreview
|inactive|Battle timer is ON: inactive players will automatically lose when time's up. (requested by brettfavreguilty)
|
|t:|1667457951
|start
|switch|p1a: Ferrothorn|Ferrothorn, F|100/100
|switch|p2a: Volcanion|Volcanion|100/100
|turn|1
|
|t:|1667457956
|move|p2a: Volcanion|Flamethrower|p1a: Ferrothorn
|-supereffective|p1a: Ferrothorn
|-damage|p1a: Ferrothorn|0 fnt
|faint|p1a: Ferrothorn
|
|upkeep
|
|t:|1667457963
|switch|p1a: Pelipper|Pelipper, F|100/100
|-weather|RainDance|[from] ability: Drizzle|[of] p1a: Pelipper
|turn|2
|
|t:|1667457966
|switch|p2a: Ninetales|Ninetales-Alola, F|100/100
|-weather|Hail|[from] ability: Snow Warning|[of] p2a: Ninetales
|move|p1a: Pelipper|U-turn|p2a: Ninetales
|-resisted|p2a: Ninetales
|-damage|p2a: Ninetales|96/100
|
|t:|1667457969
|switch|p1a: Melmetal|Melmetal|100/100|[from]move: U-turn
|
|-weather|Hail|[upkeep]
|-damage|p1a: Melmetal|94/100|[from] Hail
|upkeep
|turn|3
|j| alzqy
|
|t:|1667457979
|switch|p2a: Corviknight|Corviknight, F|100/100
|-ability|p2a: Corviknight|Pressure
|move|p1a: Melmetal|Double Iron Bash|p2a: Corviknight
|-resisted|p2a: Corviknight
|-damage|p2a: Corviknight|78/100
|-resisted|p2a: Corviknight
|-damage|p2a: Corviknight|58/100
|-hitcount|p2a: Corviknight|2
|
|-weather|Hail|[upkeep]
|-damage|p2a: Corviknight|52/100|[from] Hail
|-damage|p1a: Melmetal|88/100|[from] Hail
|-heal|p2a: Corviknight|58/100|[from] item: Leftovers
|upkeep
|turn|4
|
|t:|1667457987
|switch|p1a: Pelipper|Pelipper, F|100/100
|-weather|RainDance|[from] ability: Drizzle|[of] p1a: Pelipper
|move|p2a: Corviknight|Body Press|p1a: Pelipper
|-resisted|p1a: Pelipper
|-damage|p1a: Pelipper|92/100
|
|-weather|RainDance|[upkeep]
|-heal|p2a: Corviknight|64/100|[from] item: Leftovers
|upkeep
|turn|5
|
|t:|1667457993
|move|p2a: Corviknight|Roost|p2a: Corviknight
|-heal|p2a: Corviknight|100/100
|-singleturn|p2a: Corviknight|move: Roost
|move|p1a: Pelipper|U-turn|p2a: Corviknight
|-resisted|p2a: Corviknight
|-damage|p2a: Corviknight|98/100
|
|t:|1667457996
|switch|p1a: GALARIAN SNIPER|Inteleon, F|100/100|[from]move: U-turn
|
|-weather|RainDance|[upkeep]
|-heal|p2a: Corviknight|100/100|[from] item: Leftovers
|upkeep
|turn|6
|
|t:|1667458003
|switch|p2a: Volcanion|Volcanion|100/100
|move|p1a: GALARIAN SNIPER|Focus Energy|p1a: GALARIAN SNIPER
|-start|p1a: GALARIAN SNIPER|move: Focus Energy
|
|-weather|RainDance|[upkeep]
|upkeep
|turn|7
|l|☆brettfavreguilty
|inactive|brettfavreguilty disconnected and has a minute to reconnect!
|player|p1|
|
|t:|1667458028
|move|p1a: GALARIAN SNIPER|Hyper Beam|p2a: Volcanion
|-crit|p2a: Volcanion
|-damage|p2a: Volcanion|0 fnt
|-mustrecharge|p1a: GALARIAN SNIPER
|faint|p2a: Volcanion
|
|-weather|RainDance|[upkeep]
|upkeep
|j|☆brettfavreguilty
|inactive|brettfavreguilty reconnected.
|player|p1|brettfavreguilty|harlequin
|
|t:|1667458034
|switch|p2a: Arctozolt|Arctozolt|100/100
|turn|8
|
|t:|1667458039
|cant|p1a: GALARIAN SNIPER|recharge
|move|p2a: Arctozolt|Freeze-Dry|p1a: GALARIAN SNIPER
|-supereffective|p1a: GALARIAN SNIPER
|-damage|p1a: GALARIAN SNIPER|26/100
|
|-weather|RainDance|[upkeep]
|upkeep
|turn|9
|
|t:|1667458051
|switch|p2a: Corviknight|Corviknight, F|100/100
|-ability|p2a: Corviknight|Pressure
|move|p1a: GALARIAN SNIPER|Snipe Shot|p2a: Corviknight
|-crit|p2a: Corviknight
|-damage|p2a: Corviknight|0 fnt
|faint|p2a: Corviknight
|
|-weather|RainDance|[upkeep]
|upkeep
|-message|Geenobe forfeited.
|
|win|brettfavreguilty
|raw|brettfavreguilty's rating: 1738 &rarr; <strong>1759</strong><br />(+21 for winning)
|raw|Geenobe's rating: 1753 &rarr; <strong>1732</strong><br />(-21 for losing)
|l|☆Geenobe
