|j|☆aauha
|j|☆toon arctozolt
|t:|1663117992
|gametype|singles
|player|p1|aauha|bruno-gen3|1615
|player|p2|toon arctozolt|harlequin|1584
|teamsize|p1|6
|teamsize|p2|6
|gen|8
|tier|[Gen 8] OU
|rated|
|rule|Sleep Clause Mod: Limit one foe put to sleep
|rule|Species Clause: Limit one of each Pokémon
|rule|OHKO Clause: OHKO moves are banned
|rule|Evasion Items Clause: Evasion items are banned
|rule|Evasion Moves Clause: Evasion moves are banned
|rule|Endless Battle Clause: Forcing endless battles is banned
|rule|HP Percentage Mod: HP is shown in percentages
|rule|Dynamax Clause: You cannot dynamax
|clearpoke
|poke|p1|Azelf|
|poke|p1|Nihilego|
|poke|p1|Garchomp, M|
|poke|p1|Reuniclus, M|
|poke|p1|Blaziken, F|
|poke|p1|Necrozma|
|poke|p2|Zapdos|
|poke|p2|Pelipper, F|
|poke|p2|Ferrothorn, F|
|poke|p2|Barraskewda, F|
|poke|p2|Urshifu-*, M|
|poke|p2|Seismitoad, M|
|teampreview
|inactive|Battle timer is ON: inactive players will automatically lose when time's up. (requested by toon arctozolt)
|
|t:|1663118008
|start
|switch|p1a: Azelf|Azelf|100/100
|switch|p2a: Pelipper|Pelipper, F|100/100
|-weather|RainDance|[from] ability: Drizzle|[of] p2a: Pelipper
|turn|1
|
|t:|1663118011
|move|p1a: Azelf|Light Screen|p1a: Azelf
|-sidestart|p1: aauha|move: Light Screen
|move|p2a: Pelipper|U-turn|p1a: Azelf
|-supereffective|p1a: Azelf
|-damage|p1a: Azelf|70/100
|
|t:|1663118014
|switch|p2a: Barraskewda|Barraskewda, F|100/100|[from]move: U-turn
|
|-weather|RainDance|[upkeep]
|upkeep
|turn|2
|
|t:|1663118018
|move|p2a: Barraskewda|Liquidation|p1a: Azelf
|-damage|p1a: Azelf|0 fnt
|faint|p1a: Azelf
|
|-weather|RainDance|[upkeep]
|upkeep
|
|t:|1663118029
|switch|p1a: Necrozma|Necrozma|100/100
|turn|3
|
|t:|1663118031
|move|p2a: Barraskewda|Liquidation|p1a: Necrozma
|-damage|p1a: Necrozma|0 fnt
|faint|p1a: Necrozma
|
|-weather|RainDance|[upkeep]
|upkeep
|
|t:|1663118038
|switch|p1a: Reuniclus|Reuniclus, M|100/100
|turn|4
|
|t:|1663118040
|move|p2a: Barraskewda|Liquidation|p1a: Reuniclus
|-damage|p1a: Reuniclus|23/100
|move|p1a: Reuniclus|Acid Armor|p1a: Reuniclus
|-boost|p1a: Reuniclus|def|2
|
|-weather|RainDance|[upkeep]
|-heal|p1a: Reuniclus|30/100|[from] item: Leftovers
|upkeep
|turn|5
|
|t:|1663118043
|move|p2a: Barraskewda|Liquidation|p1a: Reuniclus
|-damage|p1a: Reuniclus|0 fnt
|faint|p1a: Reuniclus
|
|-weather|RainDance|[upkeep]
|upkeep
|
|t:|1663118049
|switch|p1a: Garchomp|Garchomp, M|100/100
|turn|6
|
|t:|1663118050
|move|p2a: Barraskewda|Liquidation|p1a: Garchomp
|-damage|p1a: Garchomp|0 fnt
|-damage|p2a: Barraskewda|88/100|[from] ability: Rough Skin|[of] p1a: Garchomp
|faint|p1a: Garchomp
|
|-weather|RainDance|[upkeep]
|upkeep
|
|t:|1663118054
|switch|p1a: Blaziken|Blaziken, F|100/100
|turn|7
|
|t:|1663118055
|move|p2a: Barraskewda|Liquidation|p1a: Blaziken
|-supereffective|p1a: Blaziken
|-damage|p1a: Blaziken|0 fnt
|faint|p1a: Blaziken
|
|-weather|RainDance|[upkeep]
|upkeep
|
|t:|1663118057
|switch|p1a: Nihilego|Nihilego|100/100
|turn|8
|
|t:|1663118058
|move|p2a: Barraskewda|Liquidation|p1a: Nihilego
|-supereffective|p1a: Nihilego
|-damage|p1a: Nihilego|0 fnt
|faint|p1a: Nihilego
|
|win|toon arctozolt
|raw|aauha's rating: 1615 &rarr; <strong>1593</strong><br />(-22 for losing)
|raw|toon arctozolt's rating: 1584 &rarr; <strong>1606</strong><br />(+22 for winning)
|l|☆aauha
