|j|☆ou make me yawn
|j|☆IM AT MY LIMIT
|t:|1620017716
|gametype|singles
|player|p1|ou make me yawn|101|
|player|p2|IM AT MY LIMIT|dawn|
|teamsize|p1|6
|teamsize|p2|6
|gen|8
|tier|[Gen 8] OU
|clearpoke
|poke|p1|Melmetal|
|poke|p1|Clefable, M|
|poke|p1|Ditto|
|poke|p1|Zapdos|
|poke|p1|Hippowdon, F|
|poke|p1|Dragapult, M|
|poke|p2|Weezing-Galar, F|
|poke|p2|Melmetal|
|poke|p2|Marowak-Alola, F|
|poke|p2|Audino, F|
|poke|p2|Hydreigon, F|
|poke|p2|Slowbro, F|
|rule|Sleep Clause Mod: Limit one foe put to sleep
|rule|Species Clause: Limit one of each Pokémon
|rule|OHKO Clause: OHKO moves are banned
|rule|Evasion Moves Clause: Evasion moves are banned
|rule|Endless Battle Clause: Forcing endless battles is banned
|rule|HP Percentage Mod: HP is shown in percentages
|rule|Dynamax Clause: You cannot dynamax
|teampreview
|inactive|Battle timer is ON: inactive players will automatically lose when time's up. (requested by IM AT MY LIMIT)
|c|☆ou make me yawn|i feel like i remember watching him play with this too tbh
|j| i'mPhoenix
|c|☆IM AT MY LIMIT|Yeahh
|inactive|ou make me yawn has 270 seconds left.
|c|☆ou make me yawn|mfw i can't win this mu
|c|☆ou make me yawn|lets see
|c|☆IM AT MY LIMIT|Idk havnet played tr in awhile
|c|☆ou make me yawn|i don't think i have breakers well enough but maybe
|inactive|ou make me yawn has 240 seconds left.
|
|t:|1620017779
|start
|switch|p1a: Hippowdon|Hippowdon, F|100/100
|switch|p2a: SMOKIN OP PACK|Marowak-Alola, F, shiny|100/100
|-weather|Sandstorm|[from] ability: Sand Stream|[of] p1a: Hippowdon
|turn|1
|c|☆IM AT MY LIMIT|We'll see
|c|☆IM AT MY LIMIT|Is that toxic hippo
|
|t:|1620017807
|switch|p2a: THATS A FREE THROW|Weezing-Galar, F|100/100
|move|p1a: Hippowdon|Earthquake|p2a: THATS A FREE THROW
|-immune|p2a: THATS A FREE THROW|[from] ability: Levitate
|
|-weather|Sandstorm|[upkeep]
|-damage|p2a: THATS A FREE THROW|95/100|[from] Sandstorm
|-heal|p2a: THATS A FREE THROW|100/100|[from] item: Black Sludge
|upkeep
|turn|2
|c|☆ou make me yawn|ye
|
|t:|1620017820
|switch|p1a: Clefable|Clefable, M|100/100
|move|p2a: THATS A FREE THROW|Will-O-Wisp|p1a: Clefable
|-status|p1a: Clefable|brn
|
|-weather|Sandstorm|[upkeep]
|-damage|p2a: THATS A FREE THROW|95/100|[from] Sandstorm
|-heal|p2a: THATS A FREE THROW|100/100|[from] item: Black Sludge
|upkeep
|turn|3
|c|☆IM AT MY LIMIT|Magic guard!!!
|inactive|IM AT MY LIMIT has 270 seconds left.
|c|☆IM AT MY LIMIT|*gaurd
|c|☆ou make me yawn|i've changed bro
|c|☆IM AT MY LIMIT|Whyy
|c|☆IM AT MY LIMIT|No more unaware?
|c|☆ou make me yawn|because
|c|☆IM AT MY LIMIT|Or is ferro that annoying
|c|☆IM AT MY LIMIT|Lol
|c|☆ou make me yawn|it freaking sucks at countering pult
|inactive|IM AT MY LIMIT has 240 seconds left.
|c|☆ou make me yawn|i hate losing to freaking pult
|c|☆IM AT MY LIMIT|Truth
|
|t:|1620017883
|switch|p2a: NECK LIKE A KILO|Audino, F, shiny|100/100
|move|p1a: Clefable|Teleport|p1a: Clefable
|
|t:|1620017889
|switch|p1a: Melmetal|Melmetal|100/100|[from]move: Teleport
|
|-weather|Sandstorm|[upkeep]
|-damage|p2a: NECK LIKE A KILO|94/100|[from] Sandstorm
|-heal|p2a: NECK LIKE A KILO|100/100|[from] item: Leftovers
|upkeep
|turn|4
|
|t:|1620017896
|move|p2a: NECK LIKE A KILO|Protect|p2a: NECK LIKE A KILO
|-singleturn|p2a: NECK LIKE A KILO|Protect
|move|p1a: Melmetal|Thunder Wave|p2a: NECK LIKE A KILO
|-activate|p2a: NECK LIKE A KILO|move: Protect
|
|-weather|Sandstorm|[upkeep]
|-damage|p2a: NECK LIKE A KILO|94/100|[from] Sandstorm
|-heal|p2a: NECK LIKE A KILO|100/100|[from] item: Leftovers
|upkeep
|turn|5
|inactive|IM AT MY LIMIT has 240 seconds left.
|
|t:|1620017904
|switch|p2a: WATER ON ME HOE|Slowbro, F, shiny|100/100
|move|p1a: Melmetal|Double Iron Bash|p2a: WATER ON ME HOE
|-resisted|p2a: WATER ON ME HOE
|-crit|p2a: WATER ON ME HOE
|-damage|p2a: WATER ON ME HOE|80/100
|-resisted|p2a: WATER ON ME HOE
|-damage|p2a: WATER ON ME HOE|66/100
|-hitcount|p2a: WATER ON ME HOE|2
|
|-weather|none
|upkeep
|turn|6
|
|t:|1620017912
|move|p1a: Melmetal|Double Iron Bash|p2a: WATER ON ME HOE
|-resisted|p2a: WATER ON ME HOE
|-damage|p2a: WATER ON ME HOE|53/100
|-resisted|p2a: WATER ON ME HOE
|-damage|p2a: WATER ON ME HOE|38/100
|-hitcount|p2a: WATER ON ME HOE|2
|move|p2a: WATER ON ME HOE|Scald|p1a: Melmetal
|-crit|p1a: Melmetal
|-damage|p1a: Melmetal|56/100
|-status|p1a: Melmetal|brn
|
|-heal|p1a: Melmetal|62/100 brn|[from] item: Leftovers
|-damage|p1a: Melmetal|56/100 brn|[from] brn
|upkeep
|turn|7
|
|t:|1620017924
|switch|p1a: Ditto|Ditto|100/100
|-transform|p1a: Ditto|p2a: WATER ON ME HOE|[from] ability: Imposter
|move|p2a: WATER ON ME HOE|Teleport|p2a: WATER ON ME HOE
|
|t:|1620017933
|switch|p2a: RUN TO POLICE THO|Hydreigon, F|100/100|[from]move: Teleport
|
|upkeep
|turn|8
|
|t:|1620017937
|switch|p1a: Clefable|Clefable, M|100/100 brn
|move|p2a: RUN TO POLICE THO|Dark Pulse|p1a: Clefable
|-resisted|p1a: Clefable
|-damage|p1a: Clefable|89/100 brn
|
|-heal|p1a: Clefable|95/100 brn|[from] item: Leftovers
|upkeep
|turn|9
|inactive|IM AT MY LIMIT has 270 seconds left.
|
|t:|1620017944
|switch|p2a: NECK LIKE A KILO|Audino, F, shiny|100/100
|switch|p1a: Ditto|Ditto|100/100
|-transform|p1a: Ditto|p2a: NECK LIKE A KILO|[from] ability: Imposter
|
|upkeep
|turn|10
|c|☆ou make me yawn|well
|c|☆ou make me yawn|i lost my breaker
|c|☆ou make me yawn|tried to go too fast
|c|☆ou make me yawn|im so sad rn
|inactive|IM AT MY LIMIT has 270 seconds left.
|c|☆ou make me yawn|wait
|c|☆ou make me yawn|lmao
|c|☆ou make me yawn|thanks fam
|c|☆IM AT MY LIMIT|;(
|c|☆ou make me yawn|click knock off
|
|t:|1620017969
|switch|p2a: WATER ON ME HOE|Slowbro, F, shiny|72/100
|move|p1a: Ditto|Heal Bell|p1a: Ditto
|-activate|p1a: Ditto|move: Heal Bell
|-curestatus|p1: Melmetal|brn|[msg]
|-curestatus|p1: Clefable|brn|[msg]
|
|upkeep
|turn|11
|c|☆ou make me yawn|you won't
|c|☆ou make me yawn|walk!
|
|t:|1620017978
|switch|p1a: Clefable|Clefable, M|95/100
|move|p2a: WATER ON ME HOE|Teleport|p2a: WATER ON ME HOE
|
|t:|1620017982
|switch|p2a: SMOKIN OP PACK|Marowak-Alola, F, shiny|100/100|[from]move: Teleport
|
|-heal|p1a: Clefable|100/100|[from] item: Leftovers
|upkeep
|turn|12
|
|t:|1620017985
|switch|p1a: Hippowdon|Hippowdon, F|100/100
|-weather|Sandstorm|[from] ability: Sand Stream|[of] p1a: Hippowdon
|move|p2a: SMOKIN OP PACK|Stealth Rock|p1a: Hippowdon
|-sidestart|p1: ou make me yawn|move: Stealth Rock
|
|-weather|Sandstorm|[upkeep]
|-damage|p2a: SMOKIN OP PACK|94/100|[from] Sandstorm
|upkeep
|turn|13
|c|☆ou make me yawn|???????
|c|☆ou make me yawn|who is clicking defog my man?
|
|t:|1620017998
|switch|p2a: THATS A FREE THROW|Weezing-Galar, F|100/100
|move|p1a: Hippowdon|Stealth Rock|p2a: THATS A FREE THROW
|-sidestart|p2: IM AT MY LIMIT|move: Stealth Rock
|
|-weather|Sandstorm|[upkeep]
|-damage|p2a: THATS A FREE THROW|95/100|[from] Sandstorm
|-heal|p2a: THATS A FREE THROW|100/100|[from] item: Black Sludge
|upkeep
|turn|14
|
|t:|1620018007
|switch|p1a: Clefable|Clefable, M|100/100
|move|p2a: THATS A FREE THROW|Will-O-Wisp|p1a: Clefable
|-status|p1a: Clefable|brn
|
|-weather|Sandstorm|[upkeep]
|-damage|p2a: THATS A FREE THROW|95/100|[from] Sandstorm
|-heal|p2a: THATS A FREE THROW|100/100|[from] item: Black Sludge
|upkeep
|turn|15
|c|☆IM AT MY LIMIT|OH
|
|t:|1620018017
|move|p1a: Clefable|Wish|p1a: Clefable
|move|p2a: THATS A FREE THROW|Defog|p1a: Clefable
|-unboost|p1a: Clefable|evasion|1
|-sideend|p1: ou make me yawn|Stealth Rock|[from] move: Defog|[of] p2a: THATS A FREE THROW
|-sideend|p2: IM AT MY LIMIT|Stealth Rock|[from] move: Defog|[of] p2a: THATS A FREE THROW
|
|-weather|Sandstorm|[upkeep]
|-damage|p2a: THATS A FREE THROW|95/100|[from] Sandstorm
|-heal|p2a: THATS A FREE THROW|100/100|[from] item: Black Sludge
|upkeep
|turn|16
|c|☆ou make me yawn|kekw
|
|t:|1620018023
|switch|p2a: SMOKIN OP PACK|Marowak-Alola, F, shiny|94/100
|move|p1a: Clefable|Teleport|p1a: Clefable
|
|t:|1620018025
|switch|p1a: Melmetal|Melmetal|56/100|[from]move: Teleport
|
|-weather|none
|-heal|p1a: Melmetal|97/100|[from] move: Wish|[wisher] Clefable
|-heal|p1a: Melmetal|100/100|[from] item: Leftovers
|upkeep
|turn|17
|l| i'mPhoenix
|
|t:|1620018042
|switch|p1a: Hippowdon|Hippowdon, F|100/100
|-weather|Sandstorm|[from] ability: Sand Stream|[of] p1a: Hippowdon
|move|p2a: SMOKIN OP PACK|Fire Punch|p1a: Hippowdon
|-damage|p1a: Hippowdon|69/100
|-damage|p2a: SMOKIN OP PACK|78/100|[from] item: Rocky Helmet|[of] p1a: Hippowdon
|
|-weather|Sandstorm|[upkeep]
|-damage|p2a: SMOKIN OP PACK|71/100|[from] Sandstorm
|upkeep
|turn|18
|c|☆ou make me yawn|bro
|c|☆ou make me yawn|that doesn't
|c|☆ou make me yawn|even kill me
|c|☆ou make me yawn|you almost
|c|☆ou make me yawn|got blown back
|inactive|IM AT MY LIMIT has 270 seconds left.
|c|☆IM AT MY LIMIT|💪💪💪
|
|t:|1620018073
|switch|p2a: THATS A FREE THROW|Weezing-Galar, F|100/100
|move|p1a: Hippowdon|Slack Off|p1a: Hippowdon
|-heal|p1a: Hippowdon|100/100
|
|-weather|Sandstorm|[upkeep]
|-damage|p2a: THATS A FREE THROW|95/100|[from] Sandstorm
|-heal|p2a: THATS A FREE THROW|100/100|[from] item: Black Sludge
|upkeep
|turn|19
|inactive|IM AT MY LIMIT has 270 seconds left.
|
|t:|1620018096
|switch|p2a: YALL BROKE REPO|Melmetal, shiny|100/100
|switch|p1a: Clefable|Clefable, M|100/100 brn
|
|-weather|Sandstorm|[upkeep]
|upkeep
|turn|20
|c|☆ou make me yawn|you keep playing these games
|
|t:|1620018111
|move|p1a: Clefable|Protect|p1a: Clefable
|-singleturn|p1a: Clefable|Protect
|move|p2a: YALL BROKE REPO|Ice Punch|p1a: Clefable
|-activate|p1a: Clefable|move: Protect
|
|-weather|Sandstorm|[upkeep]
|upkeep
|turn|21
|
|t:|1620018120
|switch|p1a: Melmetal|Melmetal|100/100
|move|p2a: YALL BROKE REPO|Ice Punch|p1a: Melmetal
|-resisted|p1a: Melmetal
|-damage|p1a: Melmetal|91/100
|
|-weather|none
|-heal|p1a: Melmetal|98/100|[from] item: Leftovers
|upkeep
|turn|22
|inactive|IM AT MY LIMIT has 270 seconds left.
|c|☆ou make me yawn|yum
|
|t:|1620018141
|switch|p2a: WATER ON ME HOE|Slowbro, F, shiny|100/100
|move|p1a: Melmetal|Thunder Wave|p2a: WATER ON ME HOE
|-status|p2a: WATER ON ME HOE|par
|
|-heal|p1a: Melmetal|100/100|[from] item: Leftovers
|upkeep
|turn|23
|c|☆ou make me yawn|free
|
|t:|1620018152
|switch|p1a: Hippowdon|Hippowdon, F|100/100
|-weather|Sandstorm|[from] ability: Sand Stream|[of] p1a: Hippowdon
|cant|p2a: WATER ON ME HOE|par
|
|-weather|Sandstorm|[upkeep]
|-damage|p2a: WATER ON ME HOE|94/100 par|[from] Sandstorm
|upkeep
|turn|24
|inactive|IM AT MY LIMIT has 270 seconds left.
|c|☆ou make me yawn|i ain't scared
|
|t:|1620018159
|move|p1a: Hippowdon|Stealth Rock|p2a: WATER ON ME HOE
|-sidestart|p2: IM AT MY LIMIT|move: Stealth Rock
|cant|p2a: WATER ON ME HOE|par
|
|-weather|Sandstorm|[upkeep]
|-damage|p2a: WATER ON ME HOE|88/100 par|[from] Sandstorm
|upkeep
|turn|25
|c|☆ou make me yawn|YEP
|
|t:|1620018164
|switch|p1a: Dragapult|Dragapult, M|100/100
|move|p2a: WATER ON ME HOE|Scald|p1a: Dragapult
|-resisted|p1a: Dragapult
|-damage|p1a: Dragapult|80/100
|
|-weather|Sandstorm|[upkeep]
|-damage|p1a: Dragapult|74/100|[from] Sandstorm
|-damage|p2a: WATER ON ME HOE|82/100 par|[from] Sandstorm
|upkeep
|turn|26
|
|t:|1620018170
|switch|p1a: Melmetal|Melmetal|100/100
|switch|p2a: NECK LIKE A KILO|Audino, F, shiny|100/100
|-damage|p2a: NECK LIKE A KILO|88/100|[from] Stealth Rock
|
|-weather|Sandstorm|[upkeep]
|-damage|p2a: NECK LIKE A KILO|82/100|[from] Sandstorm
|-heal|p2a: NECK LIKE A KILO|88/100|[from] item: Leftovers
|upkeep
|turn|27
|c|☆ou make me yawn|ok
|c|☆ou make me yawn|i
|c|☆ou make me yawn|i didn't think this throuh
|
|t:|1620018190
|switch|p1a: Ditto|Ditto|100/100
|-transform|p1a: Ditto|p2a: NECK LIKE A KILO|[from] ability: Imposter
|move|p2a: NECK LIKE A KILO|Protect||[still]
|-fail|p2a: NECK LIKE A KILO
|
|-weather|none
|-heal|p2a: NECK LIKE A KILO|94/100|[from] item: Leftovers
|upkeep
|turn|28
|c|☆ou make me yawn|jk
|c|☆ou make me yawn|FREE KNOCK
|
|t:|1620018197
|move|p1a: Ditto|Knock Off|p2a: NECK LIKE A KILO
|-damage|p2a: NECK LIKE A KILO|80/100
|-enditem|p2a: NECK LIKE A KILO|Leftovers|[from] move: Knock Off|[of] p1a: Ditto
|move|p2a: NECK LIKE A KILO|Heal Bell|p2a: NECK LIKE A KILO
|-activate|p2a: NECK LIKE A KILO|move: Heal Bell
|-curestatus|p2: WATER ON ME HOE|par|[msg]
|
|upkeep
|turn|29
|c|☆ou make me yawn|where you going
|
|t:|1620018204
|move|p1a: Ditto|Knock Off|p2a: NECK LIKE A KILO
|-damage|p2a: NECK LIKE A KILO|70/100
|move|p2a: NECK LIKE A KILO|Wish|p2a: NECK LIKE A KILO
|
|upkeep
|turn|30
|c|☆ou make me yawn|that's 3
|c|☆ou make me yawn|free pp
|
|t:|1620018223
|move|p2a: NECK LIKE A KILO|Protect|p2a: NECK LIKE A KILO
|-singleturn|p2a: NECK LIKE A KILO|Protect
|move|p1a: Ditto|Knock Off|p2a: NECK LIKE A KILO
|-activate|p2a: NECK LIKE A KILO|move: Protect
|
|-heal|p2a: NECK LIKE A KILO|100/100|[from] move: Wish|[wisher] NECK LIKE A KILO
|upkeep
|turn|31
|
|t:|1620018236
|switch|p1a: Zapdos|Zapdos|100/100
|move|p2a: NECK LIKE A KILO|Wish|p2a: NECK LIKE A KILO
|
|upkeep
|turn|32
|c|☆ou make me yawn|you don't have it like i do
|
|t:|1620018246
|switch|p1a: Ditto|Ditto|100/100
|-transform|p1a: Ditto|p2a: NECK LIKE A KILO|[from] ability: Imposter
|switch|p2a: SMOKIN OP PACK|Marowak-Alola, F, shiny|71/100
|-damage|p2a: SMOKIN OP PACK|46/100|[from] Stealth Rock
|
|-heal|p2a: SMOKIN OP PACK|100/100|[from] move: Wish|[wisher] NECK LIKE A KILO
|upkeep
|turn|33
|
|t:|1620018255
|switch|p2a: NECK LIKE A KILO|Audino, F, shiny|100/100
|-damage|p2a: NECK LIKE A KILO|88/100|[from] Stealth Rock
|move|p1a: Ditto|Knock Off|p2a: NECK LIKE A KILO
|-damage|p2a: NECK LIKE A KILO|78/100
|
|upkeep
|turn|34
|
|t:|1620018269
|switch|p1a: Hippowdon|Hippowdon, F|100/100
|-weather|Sandstorm|[from] ability: Sand Stream|[of] p1a: Hippowdon
|move|p2a: NECK LIKE A KILO|Protect||[still]
|-fail|p2a: NECK LIKE A KILO
|
|-weather|Sandstorm|[upkeep]
|-damage|p2a: NECK LIKE A KILO|72/100|[from] Sandstorm
|upkeep
|turn|35
|c|☆ou make me yawn|free chip ok
|
|t:|1620018278
|switch|p2a: WATER ON ME HOE|Slowbro, F, shiny|100/100
|switch|p1a: Ditto|Ditto|100/100
|-transform|p1a: Ditto|p2a: WATER ON ME HOE|[from] ability: Imposter
|
|-weather|Sandstorm|[upkeep]
|-damage|p1a: Ditto|94/100|[from] Sandstorm
|-damage|p2a: WATER ON ME HOE|94/100|[from] Sandstorm
|upkeep
|turn|36
|c|☆ou make me yawn|what the
|c|☆ou make me yawn|WHY AM I SLOWER
|c|☆ou make me yawn|rigged
|
|t:|1620018293
|move|p1a: Ditto|Future Sight|p2a: WATER ON ME HOE
|-start|p1a: Ditto|move: Future Sight
|move|p2a: WATER ON ME HOE|Teleport|p2a: WATER ON ME HOE
|c|☆IM AT MY LIMIT|What
|c|☆ou make me yawn|bro
|
|t:|1620018301
|switch|p2a: RUN TO POLICE THO|Hydreigon, F|100/100|[from]move: Teleport
|-damage|p2a: RUN TO POLICE THO|88/100|[from] Stealth Rock
|
|-weather|Sandstorm|[upkeep]
|-damage|p2a: RUN TO POLICE THO|82/100|[from] Sandstorm
|-damage|p1a: Ditto|88/100|[from] Sandstorm
|-heal|p2a: RUN TO POLICE THO|88/100|[from] item: Leftovers
|upkeep
|turn|37
|c|☆ou make me yawn|where is my win con
|c|☆ou make me yawn|HELP
|
|t:|1620018310
|switch|p1a: Clefable|Clefable, M|100/100 brn
|move|p2a: RUN TO POLICE THO|Defog|p1a: Clefable
|-unboost|p1a: Clefable|evasion|1
|-sideend|p2: IM AT MY LIMIT|Stealth Rock|[from] move: Defog|[of] p2a: RUN TO POLICE THO
|
|-weather|Sandstorm|[upkeep]
|-damage|p2a: RUN TO POLICE THO|82/100|[from] Sandstorm
|-heal|p2a: RUN TO POLICE THO|88/100|[from] item: Leftovers
|upkeep
|turn|38
|c|☆ou make me yawn|DOUBLE DEFOG
|c|☆IM AT MY LIMIT|Dude idk
|c|☆ou make me yawn|WHY
|c|☆IM AT MY LIMIT|??
|c|☆IM AT MY LIMIT|WJA
|c|☆ou make me yawn|bro im messaging skip the drip
|c|☆ou make me yawn|rn
|inactive|IM AT MY LIMIT has 270 seconds left.
|
|t:|1620018341
|switch|p2a: WATER ON ME HOE|Slowbro, F, shiny|100/100
|move|p1a: Clefable|Moonblast|p2a: WATER ON ME HOE
|-damage|p2a: WATER ON ME HOE|69/100
|
|-weather|none
|-end|p2a: WATER ON ME HOE|move: Future Sight
|-resisted|p2a: WATER ON ME HOE
|-damage|p2a: WATER ON ME HOE|62/100
|upkeep
|turn|39
|c|☆ou make me yawn|imagine
|c|☆ou make me yawn|if i actually had knock off
|inactive|IM AT MY LIMIT has 270 seconds left.
|c|☆ou make me yawn|:pensive:
|c|☆IM AT MY LIMIT|You have knock?
|c|☆ou make me yawn|i have knock when you go audino
|c|☆IM AT MY LIMIT|Oh im dumb LOL
|
|t:|1620018378
|switch|p1a: Ditto|Ditto|100/100
|-transform|p1a: Ditto|p2a: WATER ON ME HOE|[from] ability: Imposter
|move|p2a: WATER ON ME HOE|Teleport|p2a: WATER ON ME HOE
|
|t:|1620018382
|switch|p2a: RUN TO POLICE THO|Hydreigon, F|88/100|[from]move: Teleport
|
|-heal|p2a: RUN TO POLICE THO|94/100|[from] item: Leftovers
|upkeep
|turn|40
|
|t:|1620018387
|switch|p2a: SMOKIN OP PACK|Marowak-Alola, F, shiny|100/100
|switch|p1a: Clefable|Clefable, M|100/100 brn
|
|upkeep
|turn|41
|
|t:|1620018391
|switch|p1a: Hippowdon|Hippowdon, F|100/100
|-weather|Sandstorm|[from] ability: Sand Stream|[of] p1a: Hippowdon
|move|p2a: SMOKIN OP PACK|Poltergeist|p1a: Hippowdon
|-activate|p1a: Hippowdon|move: Poltergeist|Rocky Helmet
|-damage|p1a: Hippowdon|51/100
|
|-weather|Sandstorm|[upkeep]
|-damage|p2a: SMOKIN OP PACK|94/100|[from] Sandstorm
|upkeep
|turn|42
|c|☆ou make me yawn|i can do this for a long time
|c|☆IM AT MY LIMIT|Aye
|c|☆ou make me yawn|you think
|c|☆ou make me yawn|you got me
|inactive|IM AT MY LIMIT has 270 seconds left.
|c|☆IM AT MY LIMIT|Wait
|c|☆IM AT MY LIMIT|Uhm
|c|☆IM AT MY LIMIT|Was that a high roll or low roll
|c|☆IM AT MY LIMIT|Fml
|c|☆IM AT MY LIMIT|LOL
|inactive|ou make me yawn has 270 seconds left.
|inactive|IM AT MY LIMIT has 240 seconds left.
|inactive|ou make me yawn has 240 seconds left.
|c|☆ou make me yawn|fuck it im calcing in a friendly
|c|☆IM AT MY LIMIT|LOL
|inactive|IM AT MY LIMIT has 210 seconds left.
|inactive|ou make me yawn has 210 seconds left.
|l|☆IM AT MY LIMIT
|inactive|IM AT MY LIMIT disconnected and has 300 seconds to reconnect!
|player|p2|
|c|☆ou make me yawn|ggs
|c|☆ou make me yawn|good looks
|inactive|IM AT MY LIMIT has 270 seconds to reconnect!
|j|☆IM AT MY LIMIT
|inactive|IM AT MY LIMIT reconnected and has 190 seconds left.
|player|p2|IM AT MY LIMIT|dawn
|inactive|IM AT MY LIMIT has 180 seconds left.
|
|t:|1620018577
|move|p1a: Hippowdon|Earthquake|p2a: SMOKIN OP PACK
|-supereffective|p2a: SMOKIN OP PACK
|-damage|p2a: SMOKIN OP PACK|17/100
|move|p2a: SMOKIN OP PACK|Poltergeist|p1a: Hippowdon
|-activate|p1a: Hippowdon|move: Poltergeist|Rocky Helmet
|-damage|p1a: Hippowdon|7/100
|
|-weather|Sandstorm|[upkeep]
|-damage|p2a: SMOKIN OP PACK|10/100|[from] Sandstorm
|upkeep
|turn|43
|c|☆IM AT MY LIMIT|AYO?#??#
|inactive|ou make me yawn has 210 seconds left.
|inactive|IM AT MY LIMIT has 180 seconds left.
|c|☆IM AT MY LIMIT|Oh well
|c|☆ou make me yawn|what
|c|☆ou make me yawn|bro
|c|☆ou make me yawn|how
|c|☆ou make me yawn|did you live
|inactive|ou make me yawn has 180 seconds left.
|c|☆ou make me yawn|what the heck
|
|t:|1620018623
|switch|p1a: Zapdos|Zapdos|100/100
|switch|p2a: WATER ON ME HOE|Slowbro, F, shiny|95/100
|
|-weather|Sandstorm|[upkeep]
|-damage|p1a: Zapdos|94/100|[from] Sandstorm
|-damage|p2a: WATER ON ME HOE|89/100|[from] Sandstorm
|upkeep
|turn|44
|inactive|ou make me yawn has 180 seconds left.
|inactive|IM AT MY LIMIT has 180 seconds left.
|c|☆ou make me yawn|switch ins?
|c|☆IM AT MY LIMIT|2
|c|☆ou make me yawn|0
|inactive|ou make me yawn has 150 seconds left.
|c|☆IM AT MY LIMIT|3
|c|☆IM AT MY LIMIT|What world are you in lol
|inactive|IM AT MY LIMIT has 150 seconds left.
|
|t:|1620018674
|switch|p2a: RUN TO POLICE THO|Hydreigon, F|94/100
|move|p1a: Zapdos|Discharge|p2a: RUN TO POLICE THO
|-resisted|p2a: RUN TO POLICE THO
|-damage|p2a: RUN TO POLICE THO|79/100
|-status|p2a: RUN TO POLICE THO|par
|
|-weather|Sandstorm|[upkeep]
|-damage|p1a: Zapdos|88/100|[from] Sandstorm
|-damage|p2a: RUN TO POLICE THO|73/100 par|[from] Sandstorm
|-heal|p2a: RUN TO POLICE THO|79/100 par|[from] item: Leftovers
|upkeep
|turn|45
|c|☆ou make me yawn|mfw the math is off
|c|☆ou make me yawn|so sad
|inactive|ou make me yawn has 150 seconds left.
|c|☆ou make me yawn|free para btw
|inactive|IM AT MY LIMIT has 150 seconds left.
|c|☆IM AT MY LIMIT|Para ;/
|
|t:|1620018687
|switch|p1a: Clefable|Clefable, M|100/100 brn
|switch|p2a: YALL BROKE REPO|Melmetal, shiny|100/100
|
|-weather|none
|upkeep
|turn|46
|c|☆ou make me yawn|you think
|inactive|ou make me yawn has 150 seconds left.
|c|☆ou make me yawn|you are nice?
|inactive|IM AT MY LIMIT has 150 seconds left.
|
|t:|1620018698
|move|p1a: Clefable|Protect|p1a: Clefable
|-singleturn|p1a: Clefable|Protect
|move|p2a: YALL BROKE REPO|Double Iron Bash|p1a: Clefable
|-activate|p1a: Clefable|move: Protect
|
|upkeep
|turn|47
|inactive|IM AT MY LIMIT has 150 seconds left.
|
|t:|1620018708
|switch|p1a: Melmetal|Melmetal|100/100
|move|p2a: YALL BROKE REPO|Earthquake|p1a: Melmetal
|-supereffective|p1a: Melmetal
|-damage|p1a: Melmetal|60/100
|
|-heal|p1a: Melmetal|67/100|[from] item: Leftovers
|upkeep
|turn|48
|c|☆ou make me yawn|oh you aren't even real
|
|t:|1620018726
|move|p2a: YALL BROKE REPO|Earthquake|p1a: Melmetal
|-supereffective|p1a: Melmetal
|-damage|p1a: Melmetal|25/100
|move|p1a: Melmetal|Thunder Wave|p2a: YALL BROKE REPO
|-status|p2a: YALL BROKE REPO|par
|
|-heal|p1a: Melmetal|31/100|[from] item: Leftovers
|upkeep
|turn|49
|
|t:|1620018732
|move|p1a: Melmetal|Double Iron Bash|p2a: YALL BROKE REPO
|-resisted|p2a: YALL BROKE REPO
|-damage|p2a: YALL BROKE REPO|87/100 par
|-resisted|p2a: YALL BROKE REPO
|-damage|p2a: YALL BROKE REPO|73/100 par
|-hitcount|p2a: YALL BROKE REPO|2
|cant|p2a: YALL BROKE REPO|flinch
|
|-heal|p1a: Melmetal|37/100|[from] item: Leftovers
|upkeep
|turn|50
|c|☆ou make me yawn|free
|
|t:|1620018738
|move|p1a: Melmetal|Double Iron Bash|p2a: YALL BROKE REPO
|-resisted|p2a: YALL BROKE REPO
|-damage|p2a: YALL BROKE REPO|60/100 par
|-resisted|p2a: YALL BROKE REPO
|-damage|p2a: YALL BROKE REPO|46/100 par
|-hitcount|p2a: YALL BROKE REPO|2
|cant|p2a: YALL BROKE REPO|par
|
|-heal|p1a: Melmetal|44/100|[from] item: Leftovers
|upkeep
|turn|51
|c|☆IM AT MY LIMIT|Para flinch
|inactive|IM AT MY LIMIT has 180 seconds left.
|c|☆ou make me yawn|free
|c|☆IM AT MY LIMIT|Dub
|inactive|ou make me yawn has 150 seconds left.
|
|t:|1620018781
|switch|p1a: Zapdos|Zapdos|88/100
|switch|p2a: WATER ON ME HOE|Slowbro, F, shiny|100/100
|
|upkeep
|turn|52
|c|☆ou make me yawn|not today
|c|☆ou make me yawn|sorry friend
|
|t:|1620018794
|switch|p1a: Clefable|Clefable, M|100/100 brn
|switch|p2a: RUN TO POLICE THO|Hydreigon, F|79/100 par
|
|-heal|p2a: RUN TO POLICE THO|85/100 par|[from] item: Leftovers
|upkeep
|turn|53
|c|☆ou make me yawn|would you like to pay with cash or credit?
|c|☆IM AT MY LIMIT|Lol
|inactive|ou make me yawn has 120 seconds left.
|
|t:|1620018821
|switch|p2a: YALL BROKE REPO|Melmetal, shiny|46/100 par
|move|p1a: Clefable|Wish|p1a: Clefable
|
|upkeep
|turn|54
|inactive|ou make me yawn has 120 seconds left.
|c|☆ou make me yawn|bro
|c|☆ou make me yawn|you wrong for that one
|c|☆ou make me yawn|didn't even make any sense
|
|t:|1620018847
|switch|p1a: Melmetal|Melmetal|44/100
|move|p2a: YALL BROKE REPO|Earthquake|p1a: Melmetal
|-supereffective|p1a: Melmetal
|-damage|p1a: Melmetal|0 fnt
|faint|p1a: Melmetal
|
|upkeep
|
|t:|1620018853
|switch|p1a: Hippowdon|Hippowdon, F|7/100
|-weather|Sandstorm|[from] ability: Sand Stream|[of] p1a: Hippowdon
|turn|55
|c|☆ou make me yawn|lucky
|c|☆IM AT MY LIMIT|Outa here
|c|☆ou make me yawn|lucky
|c|☆ou make me yawn|lucky
|
|t:|1620018864
|move|p1a: Hippowdon|Slack Off|p1a: Hippowdon
|-heal|p1a: Hippowdon|57/100
|move|p2a: YALL BROKE REPO|Ice Punch|p1a: Hippowdon
|-supereffective|p1a: Hippowdon
|-crit|p1a: Hippowdon
|-damage|p1a: Hippowdon|0 fnt
|-damage|p2a: YALL BROKE REPO|30/100 par|[from] item: Rocky Helmet|[of] p1a: Hippowdon
|faint|p1a: Hippowdon
|
|-weather|Sandstorm|[upkeep]
|upkeep
|c|☆IM AT MY LIMIT|OUT OF HERE
|c|☆IM AT MY LIMIT|GODDAMNN
|
|t:|1620018884
|switch|p1a: Zapdos|Zapdos|88/100
|turn|56
|c|☆IM AT MY LIMIT|SLACK ON THESE NUTS
|inactive|IM AT MY LIMIT has 210 seconds left.
|
|t:|1620018894
|switch|p2a: NECK LIKE A KILO|Audino, F, shiny|100/100
|move|p1a: Zapdos|Discharge|p2a: NECK LIKE A KILO
|-damage|p2a: NECK LIKE A KILO|79/100
|
|-weather|Sandstorm|[upkeep]
|-damage|p1a: Zapdos|82/100|[from] Sandstorm
|-damage|p2a: NECK LIKE A KILO|73/100|[from] Sandstorm
|upkeep
|turn|57
|
|t:|1620018897
|move|p1a: Zapdos|Discharge|p2a: NECK LIKE A KILO
|-damage|p2a: NECK LIKE A KILO|51/100
|move|p2a: NECK LIKE A KILO|Heal Bell|p2a: NECK LIKE A KILO
|-activate|p2a: NECK LIKE A KILO|move: Heal Bell
|-curestatus|p2: RUN TO POLICE THO|par|[msg]
|-curestatus|p2: YALL BROKE REPO|par|[msg]
|
|-weather|Sandstorm|[upkeep]
|-damage|p1a: Zapdos|76/100|[from] Sandstorm
|-damage|p2a: NECK LIKE A KILO|45/100|[from] Sandstorm
|upkeep
|turn|58
|
|t:|1620018901
|move|p1a: Zapdos|Discharge|p2a: NECK LIKE A KILO
|-damage|p2a: NECK LIKE A KILO|21/100
|-status|p2a: NECK LIKE A KILO|par
|move|p2a: NECK LIKE A KILO|Wish|p2a: NECK LIKE A KILO
|
|-weather|Sandstorm|[upkeep]
|-damage|p1a: Zapdos|70/100|[from] Sandstorm
|-damage|p2a: NECK LIKE A KILO|15/100 par|[from] Sandstorm
|upkeep
|turn|59
|
|t:|1620018911
|switch|p2a: YALL BROKE REPO|Melmetal, shiny|30/100
|move|p1a: Zapdos|Heat Wave|p2a: YALL BROKE REPO
|-supereffective|p2a: YALL BROKE REPO
|-damage|p2a: YALL BROKE REPO|1/100
|
|-weather|none
|-heal|p2a: YALL BROKE REPO|51/100|[from] move: Wish|[wisher] NECK LIKE A KILO
|upkeep
|turn|60
|inactive|ou make me yawn has 150 seconds left.
|
|t:|1620018920
|switch|p2a: RUN TO POLICE THO|Hydreigon, F|85/100
|move|p1a: Zapdos|Heat Wave|p2a: RUN TO POLICE THO
|-resisted|p2a: RUN TO POLICE THO
|-damage|p2a: RUN TO POLICE THO|71/100
|
|-heal|p2a: RUN TO POLICE THO|77/100|[from] item: Leftovers
|upkeep
|turn|61
|
|t:|1620018923
|switch|p1a: Ditto|Ditto|100/100
|-transform|p1a: Ditto|p2a: RUN TO POLICE THO|[from] ability: Imposter
|move|p2a: RUN TO POLICE THO|Dark Pulse|p1a: Ditto
|-resisted|p1a: Ditto
|-damage|p1a: Ditto|79/100
|
|-heal|p2a: RUN TO POLICE THO|83/100|[from] item: Leftovers
|upkeep
|turn|62
|
|t:|1620018929
|switch|p2a: THATS A FREE THROW|Weezing-Galar, F|100/100
|move|p1a: Ditto|Dark Pulse|p2a: THATS A FREE THROW
|-resisted|p2a: THATS A FREE THROW
|-damage|p2a: THATS A FREE THROW|74/100
|
|-heal|p2a: THATS A FREE THROW|80/100|[from] item: Black Sludge
|upkeep
|turn|63
|c|☆ou make me yawn|fuck this shit
|c|☆ou make me yawn|bg
|c|☆ou make me yawn|bg
|c|☆ou make me yawn|bg
|c|☆ou make me yawn|bg
|c|☆ou make me yawn|bg
|c|☆ou make me yawn|bg
|c|☆ou make me yawn|b
|c|☆ou make me yawn|g
|c|☆IM AT MY LIMIT|Nahhh gg
|inactive|ou make me yawn has 150 seconds left.
|c|☆IM AT MY LIMIT|I desrve all those after that para flnich bullshit
|inactive|ou make me yawn has 120 seconds left.
|c|☆IM AT MY LIMIT|llyt tho no homo 😂
|inactive|ou make me yawn has 90 seconds left.
|inactive|ou make me yawn has 60 seconds left.
|inactive|ou make me yawn has 30 seconds left.
|inactive|ou make me yawn has 20 seconds left.
|inactive|ou make me yawn has 15 seconds left.
|inactive|ou make me yawn has 10 seconds left.
|inactive|ou make me yawn has 5 seconds left.
|-message|ou make me yawn lost due to inactivity.
|
|win|IM AT MY LIMIT
