|j|☆minimax_ai
|j|☆BiteSizeEgg
|t:|1667985975
|gametype|singles
|player|p1|minimax_ai|169|1622
|player|p2|BiteSizeEgg|dawn-gen4pt|1672
|teamsize|p1|6
|teamsize|p2|6
|gen|8
|tier|[Gen 8] OU
|rated|
|rule|Sleep Clause Mod: Limit one foe put to sleep
|rule|Species Clause: Limit one of each Pokémon
|rule|OHKO Clause: OHKO moves are banned
|rule|Evasion Items Clause: Evasion items are banned
|rule|Evasion Moves Clause: Evasion moves are banned
|rule|Endless Battle Clause: Forcing endless battles is banned
|rule|HP Percentage Mod: HP is shown in percentages
|rule|Dynamax Clause: You cannot dynamax
|clearpoke
|poke|p1|Rotom-Wash|
|poke|p1|Weavile, M|
|poke|p1|Landorus-Therian, M|
|poke|p1|Heatran, M|
|poke|p1|Tangrowth, F|
|poke|p1|Melmetal|
|poke|p2|Excadrill, F|
|poke|p2|Gigalith, F|
|poke|p2|Ferrothorn, M|
|poke|p2|Jellicent, M|
|poke|p2|Landorus-Therian, M|
|poke|p2|Victini|
|teampreview
|inactive|Battle timer is ON: inactive players will automatically lose when time's up. (requested by BiteSizeEgg)
|c|☆minimax_ai|hf
|inactive|minimax_ai also wants the timer to be on.
|j| Gamer Genom
|j| RedRusher
|
|t:|1667985999
|start
|switch|p1a: Heatran|Heatran, M|100/100
|switch|p2a: Ferrothorn|Ferrothorn, M|100/100
|-item|p1a: Heatran|Air Balloon
|turn|1
|
|t:|1667986005
|switch|p2a: Jellicent|Jellicent, M, shiny|100/100
|move|p1a: Heatran|Magma Storm|p2a: Jellicent
|-resisted|p2a: Jellicent
|-damage|p2a: Jellicent|78/100
|-activate|p2a: Jellicent|move: Magma Storm|[of] p1a: Heatran
|
|-damage|p2a: Jellicent|66/100|[from] move: Magma Storm|[partiallytrapped]
|upkeep
|turn|2
|
|t:|1667986008
|move|p1a: Heatran|Magma Storm|p2a: Jellicent
|-resisted|p2a: Jellicent
|-damage|p2a: Jellicent|45/100
|move|p2a: Jellicent|Hex|p1a: Heatran
|-damage|p1a: Heatran|81/100
|-enditem|p1a: Heatran|Air Balloon
|
|-damage|p2a: Jellicent|33/100|[from] move: Magma Storm|[partiallytrapped]
|upkeep
|turn|3
|
|t:|1667986010
|move|p1a: Heatran|Stealth Rock|p2a: Jellicent
|-sidestart|p2: BiteSizeEgg|move: Stealth Rock
|move|p2a: Jellicent|Recover|p2a: Jellicent
|-heal|p2a: Jellicent|83/100
|
|-damage|p2a: Jellicent|70/100|[from] move: Magma Storm|[partiallytrapped]
|upkeep
|turn|4
|
|t:|1667986012
|switch|p1a: rotomwash|Rotom-Wash|100/100
|move|p2a: Jellicent|Recover|p2a: Jellicent
|-heal|p2a: Jellicent|100/100
|
|-end|p2a: Jellicent|Magma Storm|[partiallytrapped]|[silent]
|upkeep
|turn|5
|
|t:|1667986016
|move|p1a: rotomwash|Nasty Plot|p1a: rotomwash
|-boost|p1a: rotomwash|spa|2
|move|p2a: Jellicent|Will-O-Wisp|p1a: rotomwash
|-status|p1a: rotomwash|brn
|
|-damage|p1a: rotomwash|94/100 brn|[from] brn
|upkeep
|turn|6
|
|t:|1667986019
|switch|p2a: Ferrothorn|Ferrothorn, M|100/100
|-damage|p2a: Ferrothorn|94/100|[from] Stealth Rock
|move|p1a: rotomwash|Hydro Pump|p2a: Ferrothorn|[miss]
|-miss|p1a: rotomwash|p2a: Ferrothorn
|
|-heal|p1a: rotomwash|100/100 brn|[from] item: Leftovers
|-heal|p2a: Ferrothorn|100/100|[from] item: Leftovers
|-damage|p1a: rotomwash|94/100 brn|[from] brn
|upkeep
|turn|7
|
|t:|1667986022
|switch|p1a: Heatran|Heatran, M|81/100
|move|p2a: Ferrothorn|Leech Seed|p1a: Heatran
|-start|p1a: Heatran|move: Leech Seed
|
|-damage|p1a: Heatran|69/100|[from] Leech Seed|[of] p2a: Ferrothorn
|upkeep
|turn|8
|
|t:|1667986025
|switch|p2a: Jellicent|Jellicent, M, shiny|100/100
|move|p1a: Heatran|Magma Storm|p2a: Jellicent|[miss]
|-miss|p1a: Heatran|p2a: Jellicent
|
|-damage|p1a: Heatran|56/100|[from] Leech Seed|[of] p2a: Jellicent
|upkeep
|turn|9
|
|t:|1667986035
|switch|p1a: rotomwash|Rotom-Wash|94/100 brn
|move|p2a: Jellicent|Will-O-Wisp|p1a: rotomwash
|-fail|p1a: rotomwash|brn
|
|-heal|p1a: rotomwash|100/100 brn|[from] item: Leftovers
|-damage|p1a: rotomwash|94/100 brn|[from] brn
|upkeep
|turn|10
|
|t:|1667986037
|switch|p2a: Ferrothorn|Ferrothorn, M|100/100
|-damage|p2a: Ferrothorn|94/100|[from] Stealth Rock
|move|p1a: rotomwash|Thunderbolt|p2a: Ferrothorn
|-resisted|p2a: Ferrothorn
|-damage|p2a: Ferrothorn|79/100
|
|-heal|p1a: rotomwash|100/100 brn|[from] item: Leftovers
|-heal|p2a: Ferrothorn|85/100|[from] item: Leftovers
|-damage|p1a: rotomwash|94/100 brn|[from] brn
|upkeep
|turn|11
|
|t:|1667986039
|switch|p1a: Tangrowth|Tangrowth, F|100/100
|move|p2a: Ferrothorn|Spikes|p1a: Tangrowth
|-sidestart|p1: minimax_ai|Spikes
|
|-heal|p2a: Ferrothorn|92/100|[from] item: Leftovers
|upkeep
|turn|12
|
|t:|1667986044
|move|p1a: Tangrowth|Focus Blast|p2a: Ferrothorn|[miss]
|-miss|p1a: Tangrowth|p2a: Ferrothorn
|move|p2a: Ferrothorn|Knock Off|p1a: Tangrowth
|-damage|p1a: Tangrowth|89/100
|-damage|p2a: Ferrothorn|75/100|[from] item: Rocky Helmet|[of] p1a: Tangrowth
|-enditem|p1a: Tangrowth|Rocky Helmet|[from] move: Knock Off|[of] p2a: Ferrothorn
|
|-heal|p2a: Ferrothorn|81/100|[from] item: Leftovers
|upkeep
|turn|13
|
|t:|1667986047
|switch|p2a: Victini|Victini|100/100
|move|p1a: Tangrowth|Focus Blast|p2a: Victini
|-resisted|p2a: Victini
|-damage|p2a: Victini|84/100
|
|upkeep
|turn|14
|
|t:|1667986051
|move|p2a: Victini|V-create|p1a: Tangrowth
|-supereffective|p1a: Tangrowth
|-damage|p1a: Tangrowth|10/100
|-unboost|p2a: Victini|spe|1
|-unboost|p2a: Victini|def|1
|-unboost|p2a: Victini|spd|1
|move|p1a: Tangrowth|Knock Off|p2a: Victini
|-supereffective|p2a: Victini
|-damage|p2a: Victini|12/100
|-enditem|p2a: Victini|Heavy-Duty Boots|[from] move: Knock Off|[of] p1a: Tangrowth
|
|upkeep
|turn|15
|
|t:|1667986054
|switch|p1a: Weavile|Weavile, M|100/100
|-damage|p1a: Weavile|88/100|[from] Spikes
|-ability|p1a: Weavile|Pressure
|move|p2a: Victini|U-turn|p1a: Weavile
|-supereffective|p1a: Weavile
|-damage|p1a: Weavile|15/100
|
|t:|1667986058
|switch|p2a: Gigalith|Gigalith, F, shiny|100/100|[from]move: U-turn
|-damage|p2a: Gigalith|88/100|[from] Stealth Rock
|-weather|Sandstorm|[from] ability: Sand Stream|[of] p2a: Gigalith
|
|-weather|Sandstorm|[upkeep]
|-damage|p1a: Weavile|9/100|[from] Sandstorm
|-heal|p2a: Gigalith|94/100|[from] item: Leftovers
|upkeep
|turn|16
|
|t:|1667986060
|move|p2a: Gigalith|Protect|p2a: Gigalith
|-singleturn|p2a: Gigalith|Protect
|move|p1a: Weavile|Knock Off|p2a: Gigalith
|-activate|p2a: Gigalith|move: Protect
|
|-weather|Sandstorm|[upkeep]
|-damage|p1a: Weavile|3/100|[from] Sandstorm
|-heal|p2a: Gigalith|100/100|[from] item: Leftovers
|upkeep
|turn|17
|
|t:|1667986066
|switch|p1a: landorustherian|Landorus-Therian, M|100/100
|-ability|p1a: landorustherian|Intimidate|boost
|-unboost|p2a: Gigalith|atk|1
|move|p2a: Gigalith|Stealth Rock|p1a: landorustherian
|-sidestart|p1: minimax_ai|move: Stealth Rock
|
|-weather|Sandstorm|[upkeep]
|upkeep
|turn|18
|
|t:|1667986069
|move|p1a: landorustherian|Defog|p2a: Gigalith
|-unboost|p2a: Gigalith|evasion|1
|-sideend|p2: BiteSizeEgg|Stealth Rock|[from] move: Defog|[of] p1a: landorustherian
|-sideend|p1: minimax_ai|Spikes|[from] move: Defog|[of] p1a: landorustherian
|-sideend|p1: minimax_ai|Stealth Rock|[from] move: Defog|[of] p1a: landorustherian
|move|p2a: Gigalith|Toxic|p1a: landorustherian
|-status|p1a: landorustherian|tox
|
|-weather|Sandstorm|[upkeep]
|-damage|p1a: landorustherian|94/100 tox|[from] psn
|upkeep
|turn|19
|
|t:|1667986073
|move|p2a: Gigalith|Protect|p2a: Gigalith
|-singleturn|p2a: Gigalith|Protect
|move|p1a: landorustherian|Toxic|p2a: Gigalith
|-activate|p2a: Gigalith|move: Protect
|
|-weather|none
|-heal|p1a: landorustherian|100/100 tox|[from] item: Leftovers
|-damage|p1a: landorustherian|88/100 tox|[from] psn
|upkeep
|turn|20
|
|t:|1667986076
|switch|p1a: Tangrowth|Tangrowth, F|43/100
|switch|p2a: Ferrothorn|Ferrothorn, M|81/100
|
|-heal|p2a: Ferrothorn|88/100|[from] item: Leftovers
|upkeep
|turn|21
|
|t:|1667986081
|switch|p1a: Heatran|Heatran, M|56/100
|switch|p2a: Gigalith|Gigalith, F, shiny|100/100
|-weather|Sandstorm|[from] ability: Sand Stream|[of] p2a: Gigalith
|
|-weather|Sandstorm|[upkeep]
|upkeep
|turn|22
|
|t:|1667986084
|switch|p1a: Melmetal|Melmetal|100/100
|move|p2a: Gigalith|Stealth Rock|p1a: Melmetal
|-sidestart|p1: minimax_ai|move: Stealth Rock
|
|-weather|Sandstorm|[upkeep]
|upkeep
|turn|23
|
|t:|1667986086
|move|p2a: Gigalith|Protect|p2a: Gigalith
|-singleturn|p2a: Gigalith|Protect
|move|p1a: Melmetal|Ice Punch|p2a: Gigalith
|-activate|p2a: Gigalith|move: Protect
|
|-weather|Sandstorm|[upkeep]
|upkeep
|turn|24
|
|t:|1667986089
|switch|p2a: Jellicent|Jellicent, M, shiny|100/100
|move|p1a: Melmetal|Ice Punch|p2a: Jellicent
|-resisted|p2a: Jellicent
|-damage|p2a: Jellicent|87/100
|
|-weather|Sandstorm|[upkeep]
|-damage|p2a: Jellicent|81/100|[from] Sandstorm
|upkeep
|turn|25
|
|t:|1667986093
|switch|p1a: landorustherian|Landorus-Therian, M|88/100 tox
|-damage|p1a: landorustherian|76/100 tox|[from] Stealth Rock
|-ability|p1a: landorustherian|Intimidate|boost
|-unboost|p2a: Jellicent|atk|1
|move|p2a: Jellicent|Will-O-Wisp||[still]
|-fail|p2a: Jellicent
|
|-weather|none
|-heal|p1a: landorustherian|82/100 tox|[from] item: Leftovers
|-damage|p1a: landorustherian|76/100 tox|[from] psn
|upkeep
|turn|26
|
|t:|1667986096
|move|p1a: landorustherian|Defog|p2a: Jellicent
|-unboost|p2a: Jellicent|evasion|1
|-sideend|p1: minimax_ai|Stealth Rock|[from] move: Defog|[of] p1a: landorustherian
|move|p2a: Jellicent|Hex|p1a: landorustherian
|-damage|p1a: landorustherian|44/100 tox
|
|-heal|p1a: landorustherian|50/100 tox|[from] item: Leftovers
|-damage|p1a: landorustherian|38/100 tox|[from] psn
|upkeep
|turn|27
|
|t:|1667986099
|switch|p1a: Tangrowth|Tangrowth, F|76/100
|switch|p2a: Ferrothorn|Ferrothorn, M|88/100
|
|-heal|p2a: Ferrothorn|94/100|[from] item: Leftovers
|upkeep
|turn|28
|
|t:|1667986103
|switch|p1a: Heatran|Heatran, M|56/100
|switch|p2a: Landorus|Landorus-Therian, M|100/100
|-ability|p2a: Landorus|Intimidate|boost
|-unboost|p1a: Heatran|atk|1
|
|upkeep
|turn|29
|
|t:|1667986105
|switch|p1a: landorustherian|Landorus-Therian, M|38/100 tox
|-ability|p1a: landorustherian|Intimidate|boost
|-unboost|p2a: Landorus|atk|1
|move|p2a: Landorus|Earthquake|p1a: landorustherian
|-immune|p1a: landorustherian
|
|-heal|p1a: landorustherian|44/100 tox|[from] item: Leftovers
|-damage|p1a: landorustherian|38/100 tox|[from] psn
|upkeep
|turn|30
|
|t:|1667986108
|switch|p2a: Ferrothorn|Ferrothorn, M|94/100
|move|p1a: landorustherian|Earthquake|p2a: Ferrothorn
|-damage|p2a: Ferrothorn|67/100
|
|-heal|p1a: landorustherian|44/100 tox|[from] item: Leftovers
|-heal|p2a: Ferrothorn|74/100|[from] item: Leftovers
|-damage|p1a: landorustherian|32/100 tox|[from] psn
|upkeep
|turn|31
|
|t:|1667986111
|move|p1a: landorustherian|U-turn|p2a: Ferrothorn
|-damage|p2a: Ferrothorn|60/100
|-damage|p1a: landorustherian|20/100 tox|[from] ability: Iron Barbs|[of] p2a: Ferrothorn
|
|t:|1667986111
|switch|p1a: Tangrowth|Tangrowth, F|100/100|[from]move: U-turn
|move|p2a: Ferrothorn|Spikes|p1a: Tangrowth
|-sidestart|p1: minimax_ai|Spikes
|
|-heal|p2a: Ferrothorn|66/100|[from] item: Leftovers
|upkeep
|turn|32
|
|t:|1667986119
|switch|p2a: Landorus|Landorus-Therian, M|100/100
|-ability|p2a: Landorus|Intimidate|boost
|-unboost|p1a: Tangrowth|atk|1
|move|p1a: Tangrowth|Focus Blast|p2a: Landorus|[miss]
|-miss|p1a: Tangrowth|p2a: Landorus
|
|upkeep
|turn|33
|
|t:|1667986121
|switch|p1a: landorustherian|Landorus-Therian, M|20/100 tox
|-ability|p1a: landorustherian|Intimidate|boost
|-unboost|p2a: Landorus|atk|1
|move|p2a: Landorus|U-turn|p1a: landorustherian
|-resisted|p1a: landorustherian
|-damage|p1a: landorustherian|12/100 tox
|
|t:|1667986130
|switch|p2a: Victini|Victini|12/100|[from]move: U-turn
|
|-heal|p1a: landorustherian|18/100 tox|[from] item: Leftovers
|-damage|p1a: landorustherian|12/100 tox|[from] psn
|upkeep
|turn|34
|
|t:|1667986133
|move|p2a: Victini|V-create|p1a: landorustherian
|-damage|p1a: landorustherian|0 fnt
|-unboost|p2a: Victini|spe|1
|-unboost|p2a: Victini|def|1
|-unboost|p2a: Victini|spd|1
|faint|p1a: landorustherian
|
|upkeep
|
|t:|1667986133
|switch|p1a: Heatran|Heatran, M|56/100
|-damage|p1a: Heatran|44/100|[from] Spikes
|turn|35
|
|t:|1667986139
|switch|p2a: Gigalith|Gigalith, F, shiny|100/100
|-weather|Sandstorm|[from] ability: Sand Stream|[of] p2a: Gigalith
|move|p1a: Heatran|Magma Storm|p2a: Gigalith
|-resisted|p2a: Gigalith
|-damage|p2a: Gigalith|87/100
|-activate|p2a: Gigalith|move: Magma Storm|[of] p1a: Heatran
|
|-weather|Sandstorm|[upkeep]
|-heal|p2a: Gigalith|94/100|[from] item: Leftovers
|-damage|p2a: Gigalith|81/100|[from] move: Magma Storm|[partiallytrapped]
|upkeep
|turn|36
|
|t:|1667986142
|switch|p1a: rotomwash|Rotom-Wash|94/100 brn
|move|p2a: Gigalith|Stealth Rock|p1a: rotomwash
|-sidestart|p1: minimax_ai|move: Stealth Rock
|
|-weather|Sandstorm|[upkeep]
|-damage|p1a: rotomwash|88/100 brn|[from] Sandstorm
|-heal|p1a: rotomwash|94/100 brn|[from] item: Leftovers
|-heal|p2a: Gigalith|87/100|[from] item: Leftovers
|-damage|p1a: rotomwash|88/100 brn|[from] brn
|-end|p2a: Gigalith|Magma Storm|[partiallytrapped]|[silent]
|upkeep
|turn|37
|
|t:|1667986145
|move|p1a: rotomwash|Thunderbolt|p2a: Gigalith
|-damage|p2a: Gigalith|71/100
|move|p2a: Gigalith|Rock Blast|p1a: rotomwash
|-damage|p1a: rotomwash|76/100 brn
|-damage|p1a: rotomwash|65/100 brn
|-damage|p1a: rotomwash|54/100 brn
|-damage|p1a: rotomwash|41/100 brn
|-hitcount|p1a: rotomwash|4
|
|-weather|Sandstorm|[upkeep]
|-damage|p1a: rotomwash|35/100 brn|[from] Sandstorm
|-heal|p1a: rotomwash|41/100 brn|[from] item: Leftovers
|-heal|p2a: Gigalith|77/100|[from] item: Leftovers
|-damage|p1a: rotomwash|35/100 brn|[from] brn
|upkeep
|turn|38
|
|t:|1667986149
|switch|p2a: Ferrothorn|Ferrothorn, M|66/100
|move|p1a: rotomwash|Hydro Pump|p2a: Ferrothorn|[miss]
|-miss|p1a: rotomwash|p2a: Ferrothorn
|
|-weather|Sandstorm|[upkeep]
|-damage|p1a: rotomwash|29/100 brn|[from] Sandstorm
|-heal|p1a: rotomwash|35/100 brn|[from] item: Leftovers
|-heal|p2a: Ferrothorn|72/100|[from] item: Leftovers
|-damage|p1a: rotomwash|29/100 brn|[from] brn
|upkeep
|turn|39
|
|t:|1667986150
|switch|p1a: Tangrowth|Tangrowth, F|100/100
|-damage|p1a: Tangrowth|88/100|[from] Spikes
|-damage|p1a: Tangrowth|76/100|[from] Stealth Rock
|move|p2a: Ferrothorn|Leech Seed|p1a: Tangrowth
|-immune|p1a: Tangrowth
|
|-weather|none
|-heal|p2a: Ferrothorn|78/100|[from] item: Leftovers
|upkeep
|turn|40
|
|t:|1667986155
|switch|p2a: Landorus|Landorus-Therian, M|100/100
|-ability|p2a: Landorus|Intimidate|boost
|-unboost|p1a: Tangrowth|atk|1
|move|p1a: Tangrowth|Knock Off|p2a: Landorus
|-damage|p2a: Landorus|84/100
|-enditem|p2a: Landorus|Choice Scarf|[from] move: Knock Off|[of] p1a: Tangrowth
|
|upkeep
|turn|41
|
|t:|1667986158
|move|p2a: Landorus|U-turn|p1a: Tangrowth
|-supereffective|p1a: Tangrowth
|-damage|p1a: Tangrowth|49/100
|
|t:|1667986162
|switch|p2a: Gigalith|Gigalith, F, shiny|77/100|[from]move: U-turn
|-weather|Sandstorm|[from] ability: Sand Stream|[of] p2a: Gigalith
|move|p1a: Tangrowth|Giga Drain|p2a: Gigalith
|-supereffective|p2a: Gigalith
|-damage|p2a: Gigalith|48/100
|-heal|p1a: Tangrowth|62/100|[from] drain|[of] p2a: Gigalith
|
|-weather|Sandstorm|[upkeep]
|-damage|p1a: Tangrowth|56/100|[from] Sandstorm
|-heal|p2a: Gigalith|54/100|[from] item: Leftovers
|upkeep
|turn|42
|
|t:|1667986164
|move|p1a: Tangrowth|Giga Drain|p2a: Gigalith
|-supereffective|p2a: Gigalith
|-damage|p2a: Gigalith|26/100
|-heal|p1a: Tangrowth|69/100|[from] drain|[of] p2a: Gigalith
|move|p2a: Gigalith|Toxic|p1a: Tangrowth
|-status|p1a: Tangrowth|tox
|
|-weather|Sandstorm|[upkeep]
|-damage|p1a: Tangrowth|62/100 tox|[from] Sandstorm
|-heal|p2a: Gigalith|32/100|[from] item: Leftovers
|-damage|p1a: Tangrowth|56/100 tox|[from] psn
|upkeep
|turn|43
|
|t:|1667986167
|switch|p1a: Melmetal|Melmetal|100/100
|-damage|p1a: Melmetal|88/100|[from] Spikes
|-damage|p1a: Melmetal|82/100|[from] Stealth Rock
|move|p2a: Gigalith|Protect||[still]
|-fail|p2a: Gigalith
|
|-weather|Sandstorm|[upkeep]
|-heal|p2a: Gigalith|38/100|[from] item: Leftovers
|upkeep
|turn|44
|
|t:|1667986169
|move|p2a: Gigalith|Protect|p2a: Gigalith
|-singleturn|p2a: Gigalith|Protect
|move|p1a: Melmetal|Earthquake|p2a: Gigalith
|-activate|p2a: Gigalith|move: Protect
|
|-weather|Sandstorm|[upkeep]
|-heal|p2a: Gigalith|45/100|[from] item: Leftovers
|upkeep
|turn|45
|
|t:|1667986171
|switch|p2a: Landorus|Landorus-Therian, M|84/100
|-ability|p2a: Landorus|Intimidate|boost
|-unboost|p1a: Melmetal|atk|1
|move|p1a: Melmetal|Earthquake|p2a: Landorus
|-immune|p2a: Landorus
|
|-weather|none
|upkeep
|turn|46
|
|t:|1667986174
|move|p2a: Landorus|Earthquake|p1a: Melmetal
|-supereffective|p1a: Melmetal
|-damage|p1a: Melmetal|14/100
|move|p1a: Melmetal|Ice Punch|p2a: Landorus
|-supereffective|p2a: Landorus
|-damage|p2a: Landorus|0 fnt
|faint|p2a: Landorus
|
|upkeep
|
|t:|1667986183
|switch|p2a: Excadrill|Excadrill, F|100/100
|turn|47
|
|t:|1667986184
|move|p2a: Excadrill|Earthquake|p1a: Melmetal
|-supereffective|p1a: Melmetal
|-damage|p1a: Melmetal|0 fnt
|faint|p1a: Melmetal
|-damage|p2a: Excadrill|91/100|[from] item: Life Orb
|
|upkeep
|
|t:|1667986184
|switch|p1a: Heatran|Heatran, M|44/100
|-damage|p1a: Heatran|31/100|[from] Spikes
|-damage|p1a: Heatran|19/100|[from] Stealth Rock
|turn|48
|
|t:|1667986186
|move|p1a: Heatran|Magma Storm|p2a: Excadrill|[miss]
|-miss|p1a: Heatran|p2a: Excadrill
|move|p2a: Excadrill|Earthquake|p1a: Heatran
|-supereffective|p1a: Heatran
|-damage|p1a: Heatran|0 fnt
|faint|p1a: Heatran
|-damage|p2a: Excadrill|81/100|[from] item: Life Orb
|
|upkeep
|
|t:|1667986186
|switch|p1a: Tangrowth|Tangrowth, F|89/100 tox
|-damage|p1a: Tangrowth|77/100 tox|[from] Spikes
|-damage|p1a: Tangrowth|65/100 tox|[from] Stealth Rock
|turn|49
|
|t:|1667986191
|move|p2a: Excadrill|Iron Head|p1a: Tangrowth
|-damage|p1a: Tangrowth|29/100 tox
|-damage|p2a: Excadrill|71/100|[from] item: Life Orb
|move|p1a: Tangrowth|Focus Blast|p2a: Excadrill
|-supereffective|p2a: Excadrill
|-damage|p2a: Excadrill|0 fnt
|faint|p2a: Excadrill
|
|-damage|p1a: Tangrowth|23/100 tox|[from] psn
|upkeep
|
|t:|1667986193
|switch|p2a: Victini|Victini|12/100
|turn|50
|
|t:|1667986195
|switch|p1a: Weavile|Weavile, M|3/100
|-damage|p1a: Weavile|0 fnt|[from] Spikes
|faint|p1a: Weavile
|move|p2a: Victini|U-turn|p1: Weavile|[notarget]
|-fail|p2a: Victini
|
|upkeep
|
|t:|1667986195
|switch|p1a: Tangrowth|Tangrowth, F|56/100 tox
|-damage|p1a: Tangrowth|44/100 tox|[from] Spikes
|-damage|p1a: Tangrowth|32/100 tox|[from] Stealth Rock
|turn|51
|
|t:|1667986197
|move|p2a: Victini|U-turn|p1a: Tangrowth
|-supereffective|p1a: Tangrowth
|-damage|p1a: Tangrowth|10/100 tox
|
|t:|1667986200
|switch|p2a: Gigalith|Gigalith, F, shiny|45/100|[from]move: U-turn
|-weather|Sandstorm|[from] ability: Sand Stream|[of] p2a: Gigalith
|move|p1a: Tangrowth|Giga Drain|p2a: Gigalith
|-supereffective|p2a: Gigalith
|-damage|p2a: Gigalith|14/100
|-heal|p1a: Tangrowth|25/100 tox|[from] drain|[of] p2a: Gigalith
|
|-weather|Sandstorm|[upkeep]
|-damage|p1a: Tangrowth|19/100 tox|[from] Sandstorm
|-heal|p2a: Gigalith|20/100|[from] item: Leftovers
|-damage|p1a: Tangrowth|12/100 tox|[from] psn
|upkeep
|turn|52
|
|t:|1667986202
|move|p2a: Gigalith|Protect|p2a: Gigalith
|-singleturn|p2a: Gigalith|Protect
|move|p1a: Tangrowth|Knock Off|p2a: Gigalith
|-activate|p2a: Gigalith|move: Protect
|
|-weather|Sandstorm|[upkeep]
|-damage|p1a: Tangrowth|6/100 tox|[from] Sandstorm
|-heal|p2a: Gigalith|26/100|[from] item: Leftovers
|-damage|p1a: Tangrowth|0 fnt|[from] psn
|faint|p1a: Tangrowth
|upkeep
|
|t:|1667986202
|switch|p1a: rotomwash|Rotom-Wash|29/100 brn
|-damage|p1a: rotomwash|16/100 brn|[from] Stealth Rock
|turn|53
|
|t:|1667986205
|move|p1a: rotomwash|Thunderbolt|p2a: Gigalith
|-damage|p2a: Gigalith|7/100
|move|p2a: Gigalith|Rock Blast|p1a: rotomwash
|-damage|p1a: rotomwash|4/100 brn
|-damage|p1a: rotomwash|0 fnt
|faint|p1a: rotomwash
|-hitcount|p1: rotomwash|2
|
|win|BiteSizeEgg
|raw|minimax_ai's rating: 1595 &rarr; <strong>1579</strong><br />(-16 for losing)
|raw|BiteSizeEgg's rating: 1672 &rarr; <strong>1688</strong><br />(+16 for winning)
|c|☆minimax_ai|gg
