|j|☆ColtonGulliver
|j|☆playeraccount
|t:|1661344525
|gametype|singles
|player|p1|ColtonGulliver|169|1014
|player|p2|playeraccount|1|1000
|teamsize|p1|6
|teamsize|p2|6
|gen|8
|tier|[Gen 8] OU
|rated|
|rule|Sleep Clause Mod: Limit one foe put to sleep
|rule|Species Clause: Limit one of each Pokémon
|rule|OHKO Clause: OHKO moves are banned
|rule|Evasion Items Clause: Evasion items are banned
|rule|Evasion Moves Clause: Evasion moves are banned
|rule|Endless Battle Clause: Forcing endless battles is banned
|rule|HP Percentage Mod: HP is shown in percentages
|rule|Dynamax Clause: You cannot dynamax
|clearpoke
|poke|p1|Obstagoon, M|
|poke|p1|Comfey, F|
|poke|p1|Cramorant, M|
|poke|p1|Jirachi|
|poke|p1|Mew|
|poke|p1|Morpeko, F|
|poke|p2|Pelipper, M|
|poke|p2|Regieleki|
|poke|p2|Kommo-o, M|
|poke|p2|Scizor, M|
|poke|p2|Urshifu-*, F|
|poke|p2|Sableye, F|
|teampreview
|inactive|Battle timer is ON: inactive players will automatically lose when time's up. (requested by playeraccount)
|
|t:|1661344536
|start
|switch|p1a: Cramorant|Cramorant, M|100/100
|switch|p2a: Pelipper|Pelipper, M|100/100
|-weather|RainDance|[from] ability: Drizzle|[of] p2a: Pelipper
|turn|1
|
|t:|1661344547
|move|p1a: Cramorant|Surf|p2a: Pelipper
|-formechange|p1a: Cramorant|Cramorant-Gulping|
|-resisted|p2a: Pelipper
|-damage|p2a: Pelipper|73/100
|move|p2a: Pelipper|U-turn|p1a: Cramorant
|-resisted|p1a: Cramorant
|-damage|p1a: Cramorant|93/100
|-damage|p2a: Pelipper|48/100|[from] ability: Gulp Missile|[of] p1a: Cramorant
|-unboost|p2a: Pelipper|def|1
|-formechange|p1a: Cramorant|Cramorant|
|
|t:|1661344554
|switch|p2a: Regieleki|Regieleki|100/100|[from]move: U-turn
|
|-weather|RainDance|[upkeep]
|-heal|p1a: Cramorant|99/100|[from] item: Leftovers
|upkeep
|turn|2
|
|t:|1661344561
|switch|p1a: Pekopeko|Morpeko, F, shiny|100/100
|move|p2a: Regieleki|Volt Switch|p1a: Pekopeko
|-resisted|p1a: Pekopeko
|-crit|p1a: Pekopeko
|-damage|p1a: Pekopeko|34/100
|
|t:|1661344574
|switch|p2a: Scizor|Scizor, M|100/100|[from]move: Volt Switch
|
|-weather|RainDance|[upkeep]
|-formechange|p1a: Pekopeko|Morpeko-Hangry||[from] ability: Hunger Switch
|upkeep
|turn|3
|
|t:|1661344578
|move|p1a: Pekopeko|Fake Out|p2a: Scizor
|-resisted|p2a: Scizor
|-damage|p2a: Scizor|93/100
|cant|p2a: Scizor|flinch
|
|-weather|RainDance|[upkeep]
|-formechange|p1a: Pekopeko|Morpeko||[from] ability: Hunger Switch
|upkeep
|turn|4
|
|t:|1661344582
|move|p1a: Pekopeko|Aura Wheel|p2a: Scizor
|-damage|p2a: Scizor|41/100
|-boost|p1a: Pekopeko|spe|1
|move|p2a: Scizor|Swords Dance|p2a: Scizor
|-boost|p2a: Scizor|atk|2
|
|-weather|RainDance|[upkeep]
|-formechange|p1a: Pekopeko|Morpeko-Hangry||[from] ability: Hunger Switch
|upkeep
|turn|5
|
|t:|1661344589
|move|p2a: Scizor|Bullet Punch|p1a: Pekopeko
|-resisted|p1a: Pekopeko
|-damage|p1a: Pekopeko|0 fnt
|-damage|p2a: Scizor|25/100|[from] item: Rocky Helmet|[of] p1a: Pekopeko
|faint|p1a: Pekopeko
|-damage|p2a: Scizor|15/100|[from] item: Life Orb
|
|-weather|none
|upkeep
|
|t:|1661344601
|switch|p1a: Mew|Mew, shiny|100/100
|turn|6
|
|t:|1661344606
|move|p2a: Scizor|Bullet Punch|p1a: Mew
|-damage|p1a: Mew|11/100
|-damage|p2a: Scizor|5/100|[from] item: Life Orb
|move|p1a: Mew|Crunch|p2a: Scizor
|-damage|p2a: Scizor|0 fnt
|faint|p2a: Scizor
|-damage|p1a: Mew|1/100|[from] item: Life Orb
|
|upkeep
|
|t:|1661344613
|switch|p2a: Regieleki|Regieleki|100/100
|turn|7
|
|t:|1661344623
|move|p2a: Regieleki|Volt Switch|p1a: Mew
|-damage|p1a: Mew|0 fnt
|faint|p1a: Mew
|
|t:|1661344627
|switch|p2a: Pelipper|Pelipper, M|48/100|[from]move: Volt Switch
|-weather|RainDance|[from] ability: Drizzle|[of] p2a: Pelipper
|
|-weather|RainDance|[upkeep]
|upkeep
|
|t:|1661344631
|switch|p1a: Jirachi|Jirachi|100/100
|turn|8
|
|t:|1661344642
|move|p1a: Jirachi|Cosmic Power|p1a: Jirachi
|-boost|p1a: Jirachi|def|1
|-boost|p1a: Jirachi|spd|1
|move|p2a: Pelipper|Hydro Pump|p1a: Jirachi|[miss]
|-miss|p2a: Pelipper|p1a: Jirachi
|
|-weather|RainDance|[upkeep]
|upkeep
|turn|9
|
|t:|1661344648
|move|p1a: Jirachi|Cosmic Power|p1a: Jirachi
|-boost|p1a: Jirachi|def|1
|-boost|p1a: Jirachi|spd|1
|move|p2a: Pelipper|Hydro Pump|p1a: Jirachi
|-damage|p1a: Jirachi|56/100
|
|-weather|RainDance|[upkeep]
|upkeep
|turn|10
|
|t:|1661344656
|move|p1a: Jirachi|Cosmic Power|p1a: Jirachi
|-boost|p1a: Jirachi|def|1
|-boost|p1a: Jirachi|spd|1
|move|p2a: Pelipper|Hydro Pump|p1a: Jirachi
|-damage|p1a: Jirachi|19/100
|
|-weather|RainDance|[upkeep]
|upkeep
|turn|11
|
|t:|1661344662
|move|p1a: Jirachi|Rest|p1a: Jirachi
|-status|p1a: Jirachi|slp|[from] move: Rest
|-heal|p1a: Jirachi|100/100 slp|[silent]
|move|p2a: Pelipper|Hydro Pump|p1a: Jirachi|[miss]
|-miss|p2a: Pelipper|p1a: Jirachi
|
|-weather|none
|upkeep
|turn|12
|
|t:|1661344668
|switch|p2a: Kommo-o|Kommo-o, M|100/100
|cant|p1a: Jirachi|slp
|move|p1a: Jirachi|Snore|p2a: Kommo-o
|-damage|p2a: Kommo-o|81/100
|
|upkeep
|turn|13
|
|t:|1661344673
|move|p2a: Kommo-o|Clangorous Soul|p2a: Kommo-o
|-boost|p2a: Kommo-o|atk|1
|-boost|p2a: Kommo-o|def|1
|-boost|p2a: Kommo-o|spa|1
|-boost|p2a: Kommo-o|spd|1
|-boost|p2a: Kommo-o|spe|1
|-damage|p2a: Kommo-o|48/100
|-enditem|p2a: Kommo-o|Throat Spray
|-boost|p2a: Kommo-o|spa|1|[from] item: Throat Spray
|cant|p1a: Jirachi|slp
|move|p1a: Jirachi|Snore|p2a: Kommo-o
|-damage|p2a: Kommo-o|37/100
|
|upkeep
|turn|14
|
|t:|1661344679
|move|p2a: Kommo-o|Clanging Scales|p1a: Jirachi
|-resisted|p1a: Jirachi
|-damage|p1a: Jirachi|85/100 slp
|-unboost|p2a: Kommo-o|def|1
|-curestatus|p1a: Jirachi|slp|[msg]
|move|p1a: Jirachi|Stored Power|p2a: Kommo-o
|-supereffective|p2a: Kommo-o
|-damage|p2a: Kommo-o|0 fnt
|faint|p2a: Kommo-o
|
|upkeep
|
|t:|1661344684
|switch|p2a: Sableye|Sableye, F|100/100
|turn|15
|
|t:|1661344689
|move|p2a: Sableye|Will-O-Wisp|p1a: Jirachi
|-status|p1a: Jirachi|brn
|move|p1a: Jirachi|Cosmic Power|p1a: Jirachi
|-boost|p1a: Jirachi|def|1
|-boost|p1a: Jirachi|spd|1
|
|-damage|p1a: Jirachi|79/100 brn|[from] brn
|upkeep
|turn|16
|
|t:|1661344694
|move|p1a: Jirachi|Cosmic Power|p1a: Jirachi
|-boost|p1a: Jirachi|def|1
|-boost|p1a: Jirachi|spd|1
|move|p2a: Sableye|Foul Play|p1a: Jirachi
|-supereffective|p1a: Jirachi
|-damage|p1a: Jirachi|64/100 brn
|-enditem|p1a: Jirachi|Weakness Policy
|-boost|p1a: Jirachi|atk|2|[from] item: Weakness Policy
|-boost|p1a: Jirachi|spa|2|[from] item: Weakness Policy
|
|-damage|p1a: Jirachi|58/100 brn|[from] brn
|upkeep
|turn|17
|
|t:|1661344707
|switch|p2a: Urshifu|Urshifu-Rapid-Strike, F|100/100
|move|p1a: Jirachi|Rest|p1a: Jirachi
|-status|p1a: Jirachi|slp|[from] move: Rest
|-heal|p1a: Jirachi|100/100 slp|[silent]
|
|upkeep
|turn|18
|
|t:|1661344710
|move|p2a: Urshifu|Surging Strikes|p1a: Jirachi
|-crit|p1a: Jirachi
|-damage|p1a: Jirachi|84/100 slp
|-crit|p1a: Jirachi
|-damage|p1a: Jirachi|67/100 slp
|-crit|p1a: Jirachi
|-damage|p1a: Jirachi|49/100 slp
|-hitcount|p1a: Jirachi|3
|cant|p1a: Jirachi|slp
|move|p1a: Jirachi|Snore|p2a: Urshifu
|-damage|p2a: Urshifu|70/100
|
|upkeep
|turn|19
|
|t:|1661344717
|move|p2a: Urshifu|Surging Strikes|p1a: Jirachi
|-crit|p1a: Jirachi
|-damage|p1a: Jirachi|33/100 slp
|-crit|p1a: Jirachi
|-damage|p1a: Jirachi|15/100 slp
|-crit|p1a: Jirachi
|-damage|p1a: Jirachi|0 fnt
|faint|p1a: Jirachi
|-hitcount|p1: Jirachi|3
|
|upkeep
|
|t:|1661344722
|switch|p1a: Cramorant|Cramorant, M|99/100
|turn|20
|
|t:|1661344739
|switch|p2a: Sableye|Sableye, F|100/100
|move|p1a: Cramorant|Surf|p2a: Sableye
|-formechange|p1a: Cramorant|Cramorant-Gulping|
|-damage|p2a: Sableye|68/100
|
|-heal|p1a: Cramorant|100/100|[from] item: Leftovers
|upkeep
|turn|21
|
|t:|1661344746
|move|p2a: Sableye|Toxic|p1a: Cramorant
|-status|p1a: Cramorant|tox
|move|p1a: Cramorant|Agility|p1a: Cramorant
|-boost|p1a: Cramorant|spe|2
|
|-damage|p1a: Cramorant|94/100 tox|[from] psn
|upkeep
|turn|22
|
|t:|1661344754
|move|p2a: Sableye|Recover|p2a: Sableye
|-heal|p2a: Sableye|100/100
|move|p1a: Cramorant|Drill Peck|p2a: Sableye
|-damage|p2a: Sableye|69/100
|
|-heal|p1a: Cramorant|100/100 tox|[from] item: Leftovers
|-damage|p1a: Cramorant|88/100 tox|[from] psn
|upkeep
|turn|23
|
|t:|1661344758
|move|p1a: Cramorant|Surf|p2a: Sableye
|-damage|p2a: Sableye|39/100
|move|p2a: Sableye|Foul Play|p1a: Cramorant
|-damage|p1a: Cramorant|32/100 tox
|-damage|p2a: Sableye|14/100|[from] ability: Gulp Missile|[of] p1a: Cramorant
|-unboost|p2a: Sableye|def|1
|-formechange|p1a: Cramorant|Cramorant|
|
|-heal|p1a: Cramorant|39/100 tox|[from] item: Leftovers
|-damage|p1a: Cramorant|20/100 tox|[from] psn
|upkeep
|turn|24
|
|t:|1661344763
|move|p2a: Sableye|Recover|p2a: Sableye
|-heal|p2a: Sableye|64/100
|move|p1a: Cramorant|Roost|p1a: Cramorant
|-heal|p1a: Cramorant|70/100 tox
|-singleturn|p1a: Cramorant|move: Roost
|
|-heal|p1a: Cramorant|76/100 tox|[from] item: Leftovers
|-damage|p1a: Cramorant|52/100 tox|[from] psn
|upkeep
|turn|25
|
|t:|1661344772
|move|p2a: Sableye|Recover|p2a: Sableye
|-heal|p2a: Sableye|100/100
|move|p1a: Cramorant|Surf|p2a: Sableye
|-formechange|p1a: Cramorant|Cramorant-Gulping|
|-damage|p2a: Sableye|72/100
|
|-heal|p1a: Cramorant|58/100 tox|[from] item: Leftovers
|-damage|p1a: Cramorant|28/100 tox|[from] psn
|upkeep
|turn|26
|
|t:|1661344778
|move|p2a: Sableye|Recover|p2a: Sableye
|-heal|p2a: Sableye|100/100
|move|p1a: Cramorant|Roost|p1a: Cramorant
|-heal|p1a: Cramorant|78/100 tox
|-singleturn|p1a: Cramorant|move: Roost
|
|-heal|p1a: Cramorant|84/100 tox|[from] item: Leftovers
|-damage|p1a: Cramorant|47/100 tox|[from] psn
|upkeep
|turn|27
|
|t:|1661344789
|move|p2a: Sableye|Recover||[still]
|-fail|p2a: Sableye|heal
|move|p1a: Cramorant|Drill Peck|p2a: Sableye
|-damage|p2a: Sableye|52/100
|
|-heal|p1a: Cramorant|53/100 tox|[from] item: Leftovers
|-damage|p1a: Cramorant|10/100 tox|[from] psn
|upkeep
|turn|28
|
|t:|1661344794
|move|p2a: Sableye|Recover|p2a: Sableye
|-heal|p2a: Sableye|100/100
|move|p1a: Cramorant|Roost|p1a: Cramorant
|-heal|p1a: Cramorant|60/100 tox
|-singleturn|p1a: Cramorant|move: Roost
|
|-heal|p1a: Cramorant|66/100 tox|[from] item: Leftovers
|-damage|p1a: Cramorant|18/100 tox|[from] psn
|upkeep
|turn|29
|
|t:|1661344806
|move|p2a: Sableye|Toxic|p1a: Cramorant
|-fail|p1a: Cramorant|tox
|move|p1a: Cramorant|Drill Peck|p2a: Sableye
|-damage|p2a: Sableye|52/100
|
|-heal|p1a: Cramorant|24/100 tox|[from] item: Leftovers
|-damage|p1a: Cramorant|0 fnt|[from] psn
|faint|p1a: Cramorant
|upkeep
|
|t:|1661344811
|switch|p1a: Obstagoon|Obstagoon, M, shiny|100/100
|turn|30
|
|t:|1661344819
|move|p2a: Sableye|Toxic|p1a: Obstagoon
|-hint|Since gen 7, Dark is immune to Prankster moves.
|-immune|p1a: Obstagoon
|move|p1a: Obstagoon|Knock Off|p2a: Sableye
|-damage|p2a: Sableye|0 fnt
|-enditem|p2a: Sableye|Focus Sash|[from] move: Knock Off|[of] p1a: Obstagoon
|faint|p2a: Sableye
|
|-status|p1a: Obstagoon|brn|[from] item: Flame Orb
|upkeep
|
|t:|1661344832
|switch|p2a: Pelipper|Pelipper, M|48/100
|-weather|RainDance|[from] ability: Drizzle|[of] p2a: Pelipper
|turn|31
|
|t:|1661344838
|move|p1a: Obstagoon|Knock Off|p2a: Pelipper
|-damage|p2a: Pelipper|0 fnt
|-enditem|p2a: Pelipper|Choice Specs|[from] move: Knock Off|[of] p1a: Obstagoon
|faint|p2a: Pelipper
|
|-weather|RainDance|[upkeep]
|-damage|p1a: Obstagoon|94/100 brn|[from] brn
|upkeep
|
|t:|1661344842
|switch|p2a: Urshifu|Urshifu-Rapid-Strike, F|70/100
|turn|32
|
|t:|1661344854
|move|p1a: Obstagoon|Facade|p2a: Urshifu
|-damage|p2a: Urshifu|0 fnt
|faint|p2a: Urshifu
|
|-weather|RainDance|[upkeep]
|-damage|p1a: Obstagoon|88/100 brn|[from] brn
|upkeep
|
|t:|1661344859
|switch|p2a: Regieleki|Regieleki|100/100
|turn|33
|
|t:|1661344863
|move|p2a: Regieleki|Thunderbolt|p1a: Obstagoon
|-crit|p1a: Obstagoon
|-damage|p1a: Obstagoon|0 fnt
|faint|p1a: Obstagoon
|
|-weather|RainDance|[upkeep]
|upkeep
|
|t:|1661344865
|switch|p1a: Comfey|Comfey, F|100/100
|turn|34
|
|t:|1661344871
|move|p2a: Regieleki|Thunderbolt|p1a: Comfey
|-damage|p1a: Comfey|30/100
|move|p1a: Comfey|Calm Mind|p1a: Comfey
|-boost|p1a: Comfey|spa|1
|-boost|p1a: Comfey|spd|1
|
|-weather|RainDance|[upkeep]
|upkeep
|turn|35
|
|t:|1661344877
|move|p1a: Comfey|Giga Drain|p2a: Regieleki
|-damage|p2a: Regieleki|27/100
|-heal|p1a: Comfey|75/100|[from] drain|[of] p2a: Regieleki
|-damage|p1a: Comfey|65/100|[from] item: Life Orb
|move|p2a: Regieleki|Thunderbolt|p1a: Comfey
|-damage|p1a: Comfey|14/100
|
|-weather|none
|upkeep
|turn|36
|
|t:|1661344885
|move|p1a: Comfey|Draining Kiss|p2a: Regieleki
|-damage|p2a: Regieleki|0 fnt
|-heal|p1a: Comfey|39/100|[from] drain|[of] p2a: Regieleki
|faint|p2a: Regieleki
|-damage|p1a: Comfey|29/100|[from] item: Life Orb
|
|win|ColtonGulliver
|raw|ColtonGulliver's rating: 1014 &rarr; <strong>1050</strong><br />(+36 for winning)
|raw|playeraccount's rating: 1000 &rarr; <strong>1000</strong><br />(+0 for losing)
|l|☆playeraccount
||Ladder isn't responding, score probably updated but might not have (Request timeout).
