|j|☆Wheezer
|j|☆HIFOOT
|inactive|Battle timer is ON: inactive players will automatically lose when time's up.
|t:|1660272361
|gametype|singles
|player|p1|Wheezer|petrel|
|player|p2|HIFOOT|cameraman|
|teamsize|p1|3
|teamsize|p2|3
|gen|8
|tier|[Gen 8] OU
|rated|Tournament battle
|rule|Sleep Clause Mod: Limit one foe put to sleep
|rule|OHKO Clause: OHKO moves are banned
|rule|Evasion Items Clause: Evasion items are banned
|rule|Evasion Moves Clause: Evasion moves are banned
|rule|Endless Battle Clause: Forcing endless battles is banned
|rule|HP Percentage Mod: HP is shown in percentages
|rule|Dynamax Clause: You cannot dynamax
|clearpoke
|poke|p1|Skorupi, F|
|poke|p1|Skorupi, M|
|poke|p1|Skorupi, M|
|poke|p2|Skorupi, F|
|poke|p2|Skorupi, F|
|poke|p2|Skorupi, M|
|teampreview
|inactive|HIFOOT also wants the timer to be on.
|j| i76567
|j| Struntuz
|
|t:|1660272370
|start
|switch|p1a: Skorupi|Skorupi, M|100/100
|switch|p2a: Skorupi|Skorupi, F|100/100
|turn|1
|
|t:|1660272373
|move|p1a: Skorupi|Taunt|p2a: Skorupi
|-start|p2a: Skorupi|move: Taunt
|cant|p2a: Skorupi|move: Taunt|Acupressure
|
|upkeep
|turn|2
|
|t:|1660272376
|move|p1a: Skorupi|Scary Face|p2a: Skorupi
|-unboost|p2a: Skorupi|spe|2
|move|p2a: Skorupi|Rock Tomb|p1a: Skorupi
|-supereffective|p1a: Skorupi
|-damage|p1a: Skorupi|66/100
|-unboost|p1a: Skorupi|spe|1
|-enditem|p1a: Skorupi|Eject Button
|
|t:|1660272380
|switch|p1a: Skorupi|Skorupi, M, shiny|100/100
|
|upkeep
|turn|3
|
|t:|1660272384
|move|p1a: Skorupi|Substitute|p1a: Skorupi
|-start|p1a: Skorupi|Substitute
|-damage|p1a: Skorupi|76/100
|move|p2a: Skorupi|Rock Tomb|p1a: Skorupi
|-supereffective|p1a: Skorupi
|-activate|p1a: Skorupi|move: Substitute|[damage]
|
|-end|p2a: Skorupi|move: Taunt
|upkeep
|turn|4
|j|%htcl (>◡<)
|
|t:|1660272386
|move|p1a: Skorupi|Swords Dance|p1a: Skorupi
|-boost|p1a: Skorupi|atk|2
|move|p2a: Skorupi|Aerial Ace|p1a: Skorupi
|-supereffective|p1a: Skorupi
|-end|p1a: Skorupi|Substitute
|
|upkeep
|turn|5
|j| stone zorm
|
|t:|1660272391
|move|p1a: Skorupi|Aerial Ace|p2a: Skorupi
|-supereffective|p2a: Skorupi
|-damage|p2a: Skorupi|36/100
|move|p2a: Skorupi|Rock Tomb|p1a: Skorupi
|-supereffective|p1a: Skorupi
|-damage|p1a: Skorupi|55/100
|-unboost|p1a: Skorupi|spe|1
|
|-heal|p2a: Skorupi|42/100|[from] item: Black Sludge
|upkeep
|turn|6
|j| zone stome
|j| Rubiaa
|j|%Sww-Suwa
|
|t:|1660272405
|move|p1a: Skorupi|Aerial Ace|p2a: Skorupi
|-supereffective|p2a: Skorupi
|-damage|p2a: Skorupi|0 fnt
|faint|p2a: Skorupi
|
|upkeep
|c| stone zorm|Glad to see there's finally a good format in this game
|j| tiny banana 52
|j| StakaReset
|
|t:|1660272409
|switch|p2a: Skorupi|Skorupi, F|100/100
|turn|7
|c| zone stome|murdered
|
|t:|1660272412
|move|p1a: Skorupi|Aerial Ace|p2a: Skorupi
|-supereffective|p2a: Skorupi
|-damage|p2a: Skorupi|37/100
|move|p2a: Skorupi|Whirlwind|p1a: Skorupi
|drag|p1a: Skorupi|Skorupi, F, shiny|100/100
|
|-heal|p2a: Skorupi|43/100|[from] item: Black Sludge
|upkeep
|turn|8
|
|t:|1660272418
|move|p1a: Skorupi|Aerial Ace|p2a: Skorupi
|-supereffective|p2a: Skorupi
|-damage|p2a: Skorupi|9/100
|move|p2a: Skorupi|Rock Tomb|p1a: Skorupi
|-supereffective|p1a: Skorupi
|-damage|p1a: Skorupi|77/100
|-unboost|p1a: Skorupi|spe|1
|
|-heal|p2a: Skorupi|15/100|[from] item: Black Sludge
|upkeep
|turn|9
|c|%htcl (>◡<)|this format kinda mid
|
|t:|1660272422
|move|p2a: Skorupi|Rock Tomb|p1a: Skorupi
|-supereffective|p1a: Skorupi
|-damage|p1a: Skorupi|55/100
|-unboost|p1a: Skorupi|spe|1
|move|p1a: Skorupi|Aerial Ace|p2a: Skorupi
|-supereffective|p2a: Skorupi
|-damage|p2a: Skorupi|0 fnt
|faint|p2a: Skorupi
|
|upkeep
|
|t:|1660272423
|switch|p2a: Skorupi|Skorupi, M|100/100
|turn|10
|c|%htcl (>◡<)|we need to ban eviolite
|
|t:|1660272428
|move|p2a: Skorupi|Rock Tomb|p1a: Skorupi
|-supereffective|p1a: Skorupi
|-damage|p1a: Skorupi|31/100
|-unboost|p1a: Skorupi|spe|1
|move|p1a: Skorupi|Aerial Ace|p2a: Skorupi
|-supereffective|p2a: Skorupi
|-damage|p2a: Skorupi|67/100
|
|-heal|p2a: Skorupi|73/100|[from] item: Black Sludge
|upkeep
|turn|11
|c|%htcl (>◡<)|i liked the lickilicky one more
|c|%htcl (>◡<)|ngl
|
|t:|1660272433
|move|p2a: Skorupi|Aerial Ace|p1a: Skorupi
|-supereffective|p1a: Skorupi
|-damage|p1a: Skorupi|5/100
|move|p1a: Skorupi|Aerial Ace|p2a: Skorupi
|-supereffective|p2a: Skorupi
|-damage|p2a: Skorupi|37/100
|
|-heal|p2a: Skorupi|43/100|[from] item: Black Sludge
|upkeep
|turn|12
|
|t:|1660272435
|move|p2a: Skorupi|Aerial Ace|p1a: Skorupi
|-supereffective|p1a: Skorupi
|-damage|p1a: Skorupi|0 fnt
|faint|p1a: Skorupi
|
|-heal|p2a: Skorupi|49/100|[from] item: Black Sludge
|upkeep
|
|t:|1660272437
|switch|p1a: Skorupi|Skorupi, M|66/100
|turn|13
|
|t:|1660272445
|move|p1a: Skorupi|Aerial Ace|p2a: Skorupi
|-supereffective|p2a: Skorupi
|-damage|p2a: Skorupi|27/100
|move|p2a: Skorupi|Rock Tomb|p1a: Skorupi
|-supereffective|p1a: Skorupi
|-damage|p1a: Skorupi|34/100
|-unboost|p1a: Skorupi|spe|1
|
|-heal|p2a: Skorupi|33/100|[from] item: Black Sludge
|upkeep
|turn|14
|j| El Hueco Mundo
|
|t:|1660272447
|move|p1a: Skorupi|Aerial Ace|p2a: Skorupi
|-supereffective|p2a: Skorupi
|-damage|p2a: Skorupi|13/100
|move|p2a: Skorupi|Acupressure|p2a: Skorupi
|-boost|p2a: Skorupi|accuracy|2
|
|-heal|p2a: Skorupi|19/100|[from] item: Black Sludge
|upkeep
|turn|15
|
|t:|1660272451
|move|p1a: Skorupi|Aerial Ace|p2a: Skorupi
|-supereffective|p2a: Skorupi
|-damage|p2a: Skorupi|0 fnt
|faint|p2a: Skorupi
|
|win|Wheezer
|n|☆Wheezer|wheezer
|n|☆HIFOOT|hifoot
|n| i76567|i76567
|n| Struntuz|struntuz
|n| htcl (>◡<)|htcl
|n| stone zorm|stonezorm
|n| zone stome|zonestome
|n| Rubiaa|rubiaa
|n| Sww-Suwa|swwsuwa
|n| tiny banana 52|tinybanana52
|n| StakaReset|stakareset
|n| El Hueco Mundo|elhuecomundo
