|j|☆N30N3
|j|☆Sampoke19
|player|p1|N30N3|170|1804
|player|p2|Sampoke19|roxie|1784
|teamsize|p1|6
|teamsize|p2|6
|gametype|singles
|gen|8
|tier|[Gen 8] OU
|rated|
|clearpoke
|poke|p1|Mimikyu, F|
|poke|p1|Hippowdon, M|
|poke|p1|Excadrill, M|
|poke|p1|Tyranitar, F|
|poke|p1|Kyurem|
|poke|p1|Ferrothorn, F|
|poke|p2|Meowstic, M|
|poke|p2|Barbaracle, M|
|poke|p2|Polteageist|
|poke|p2|Kommo-o, F|
|poke|p2|Slurpuff, M|
|poke|p2|Vileplume, F|
|rule|Sleep Clause Mod: Limit one foe put to sleep
|rule|Species Clause: Limit one of each Pokémon
|rule|OHKO Clause: OHKO moves are banned
|rule|Evasion Moves Clause: Evasion moves are banned
|rule|Endless Battle Clause: Forcing endless battles is banned
|rule|HP Percentage Mod: HP is shown in percentages
|rule|Dynamax Clause: You cannot dynamax
|teampreview
|inactive|Battle timer is ON: inactive players will automatically lose when time's up. (requested by Sampoke19)
|
|start
|switch|p1a: Tyranitar|Tyranitar, F|100/100
|switch|p2a: KomoteEnganche|Kommo-o, F|100/100
|-weather|Sandstorm|[from] ability: Sand Stream|[of] p1a: Tyranitar
|turn|1
|
|move|p2a: KomoteEnganche|Dragon Dance|p2a: KomoteEnganche
|-boost|p2a: KomoteEnganche|atk|1
|-boost|p2a: KomoteEnganche|spe|1
|move|p1a: Tyranitar|Stealth Rock|p2a: KomoteEnganche
|-sidestart|p2: Sampoke19|move: Stealth Rock
|
|-weather|Sandstorm|[upkeep]
|-damage|p2a: KomoteEnganche|94/100|[from] Sandstorm
|upkeep
|turn|2
|
|switch|p1a: Hippowdon|Hippowdon, M|100/100
|move|p2a: KomoteEnganche|Earthquake|p1a: Hippowdon
|-crit|p1a: Hippowdon
|-damage|p1a: Hippowdon|60/100
|
|-weather|Sandstorm|[upkeep]
|-damage|p2a: KomoteEnganche|88/100|[from] Sandstorm
|upkeep
|turn|3
|
|move|p2a: KomoteEnganche|Close Combat|p1a: Hippowdon
|-damage|p1a: Hippowdon|8/100
|-unboost|p2a: KomoteEnganche|def|1
|-unboost|p2a: KomoteEnganche|spd|1
|move|p1a: Hippowdon|Whirlwind|p2a: KomoteEnganche
|drag|p2a: Vileplume|Vileplume, F|100/100
|-damage|p2a: Vileplume|88/100|[from] Stealth Rock
|
|-weather|Sandstorm|[upkeep]
|-damage|p2a: Vileplume|82/100|[from] Sandstorm
|upkeep
|turn|4
|
|switch|p1a: Excadrill|Excadrill, M|100/100
|move|p2a: Vileplume|Giga Drain|p1a: Excadrill
|-damage|p1a: Excadrill|63/100
|-heal|p2a: Vileplume|100/100|[from] drain|[of] p1a: Excadrill
|
|-weather|Sandstorm|[upkeep]
|-damage|p2a: Vileplume|94/100|[from] Sandstorm
|upkeep
|turn|5
|
|move|p1a: Excadrill|Earthquake|p2a: Vileplume
|-damage|p2a: Vileplume|21/100
|-damage|p1a: Excadrill|53/100|[from] item: Life Orb
|move|p2a: Vileplume|Infestation|p1a: Excadrill
|-resisted|p1a: Excadrill
|-damage|p1a: Excadrill|50/100
|-activate|p1a: Excadrill|move: Infestation|[of] p2a: Vileplume
|
|-weather|none
|-damage|p1a: Excadrill|38/100|[from] move: Infestation|[partiallytrapped]
|upkeep
|turn|6
|j| RedBeaver540
|
|move|p1a: Excadrill|Earthquake|p2a: Vileplume
|-damage|p2a: Vileplume|0 fnt
|-damage|p1a: Excadrill|28/100|[from] item: Life Orb
|faint|p2a: Vileplume
|
|-end|p1a: Excadrill|Infestation|[partiallytrapped]|[silent]
|upkeep
|
|switch|p2a: ElEje|Meowstic, M|100/100
|-damage|p2a: ElEje|88/100|[from] Stealth Rock
|turn|7
|inactive|N30N3 has 120 seconds left.
|inactive|N30N3 has 90 seconds left.
|j| HeavenStar
|inactive|N30N3 has 60 seconds left.
|
|switch|p1a: Tyranitar|Tyranitar, F|100/100
|-weather|Sandstorm|[from] ability: Sand Stream|[of] p1a: Tyranitar
|move|p2a: ElEje|Reflect|p2a: ElEje
|-sidestart|p2: Sampoke19|Reflect
|
|-weather|Sandstorm|[upkeep]
|-damage|p2a: ElEje|82/100|[from] Sandstorm
|upkeep
|turn|8
|
|switch|p2a: KomoteEnganche|Kommo-o, F|88/100
|-damage|p2a: KomoteEnganche|82/100|[from] Stealth Rock
|switch|p1a: Ferrothorn|Ferrothorn, F|100/100
|
|-weather|Sandstorm|[upkeep]
|-damage|p2a: KomoteEnganche|76/100|[from] Sandstorm
|upkeep
|turn|9
|
|move|p2a: KomoteEnganche|Dragon Dance|p2a: KomoteEnganche
|-boost|p2a: KomoteEnganche|atk|1
|-boost|p2a: KomoteEnganche|spe|1
|move|p1a: Ferrothorn|Spikes|p2a: KomoteEnganche
|-sidestart|p2: Sampoke19|Spikes
|
|-weather|Sandstorm|[upkeep]
|-damage|p2a: KomoteEnganche|70/100|[from] Sandstorm
|upkeep
|turn|10
|
|switch|p1a: Hippowdon|Hippowdon, M|8/100
|move|p2a: KomoteEnganche|Close Combat|p1a: Hippowdon
|-damage|p1a: Hippowdon|0 fnt
|-unboost|p2a: KomoteEnganche|def|1
|-unboost|p2a: KomoteEnganche|spd|1
|faint|p1a: Hippowdon
|
|-weather|Sandstorm|[upkeep]
|-damage|p2a: KomoteEnganche|63/100|[from] Sandstorm
|upkeep
|
|switch|p1a: Mimikyu|Mimikyu, F|100/100
|turn|11
|j| AlexTheGreat VA
|
|move|p2a: KomoteEnganche|Earthquake|p1a: Mimikyu
|-activate|p1a: Mimikyu|ability: Disguise
|-damage|p1a: Mimikyu|100/100
|detailschange|p1a: Mimikyu|Mimikyu-Busted, F
|-damage|p1a: Mimikyu|88/100|[from] pokemon: Mimikyu-Busted
|move|p1a: Mimikyu|Play Rough|p2a: KomoteEnganche
|-supereffective|p2a: KomoteEnganche
|-damage|p2a: KomoteEnganche|0 fnt
|-damage|p1a: Mimikyu|78/100|[from] item: Life Orb
|faint|p2a: KomoteEnganche
|
|-weather|none
|upkeep
|inactive|Sampoke19 has 120 seconds left.
|
|switch|p2a: Metalcore|Barbaracle, M, shiny|100/100
|-damage|p2a: Metalcore|88/100|[from] Stealth Rock
|-damage|p2a: Metalcore|76/100|[from] Spikes
|turn|12
|inactive|N30N3 has 90 seconds left.
|
|move|p1a: Mimikyu|Drain Punch|p2a: Metalcore
|-supereffective|p2a: Metalcore
|-damage|p2a: Metalcore|46/100
|-heal|p1a: Mimikyu|95/100|[from] drain|[of] p2a: Metalcore
|-damage|p1a: Mimikyu|85/100|[from] item: Life Orb
|move|p2a: Metalcore|Shell Smash|p2a: Metalcore
|-unboost|p2a: Metalcore|def|1
|-unboost|p2a: Metalcore|spd|1
|-boost|p2a: Metalcore|atk|2
|-boost|p2a: Metalcore|spa|2
|-boost|p2a: Metalcore|spe|2
|-enditem|p2a: Metalcore|White Herb
|-clearnegativeboost|p2a: Metalcore|[silent]
|
|upkeep
|turn|13
|
|switch|p1a: Tyranitar|Tyranitar, F|100/100
|-weather|Sandstorm|[from] ability: Sand Stream|[of] p1a: Tyranitar
|move|p2a: Metalcore|Stone Edge|p1a: Tyranitar|[miss]
|-miss|p2a: Metalcore|p1a: Tyranitar
|
|-weather|Sandstorm|[upkeep]
|upkeep
|turn|14
|
|switch|p1a: Ferrothorn|Ferrothorn, F|100/100
|move|p2a: Metalcore|Shell Smash|p2a: Metalcore
|-unboost|p2a: Metalcore|def|1
|-unboost|p2a: Metalcore|spd|1
|-boost|p2a: Metalcore|atk|2
|-boost|p2a: Metalcore|spa|2
|-boost|p2a: Metalcore|spe|2
|
|-weather|Sandstorm|[upkeep]
|-sideend|p2: Sampoke19|Reflect
|upkeep
|turn|15
|inactive|N30N3 has 90 seconds left.
|
|move|p2a: Metalcore|Low Kick|p1a: Ferrothorn
|-supereffective|p1a: Ferrothorn
|-damage|p1a: Ferrothorn|0 fnt
|-damage|p2a: Metalcore|34/100|[from] ability: Iron Barbs|[of] p1a: Ferrothorn
|faint|p1a: Ferrothorn
|
|-weather|Sandstorm|[upkeep]
|upkeep
|inactive|N30N3 has 90 seconds left.
|
|switch|p1a: Mimikyu|Mimikyu-Busted, F|85/100
|turn|16
|
|move|p1a: Mimikyu|Shadow Sneak|p2a: Metalcore
|-damage|p2a: Metalcore|0 fnt
|-damage|p1a: Mimikyu|75/100|[from] item: Life Orb
|faint|p2a: Metalcore
|
|-weather|Sandstorm|[upkeep]
|-damage|p1a: Mimikyu|69/100|[from] Sandstorm
|upkeep
|
|switch|p2a: ElEje|Meowstic, M|82/100
|-damage|p2a: ElEje|69/100|[from] Spikes
|-damage|p2a: ElEje|57/100|[from] Stealth Rock
|turn|17
|
|move|p2a: ElEje|Reflect|p2a: ElEje
|-sidestart|p2: Sampoke19|Reflect
|move|p1a: Mimikyu|Swords Dance|p1a: Mimikyu
|-boost|p1a: Mimikyu|atk|2
|
|-weather|none
|upkeep
|turn|18
|
|move|p2a: ElEje|Yawn|p1a: Mimikyu
|-start|p1a: Mimikyu|move: Yawn|[of] p2a: ElEje
|move|p1a: Mimikyu|Swords Dance|p1a: Mimikyu
|-boost|p1a: Mimikyu|atk|2
|
|upkeep
|turn|19
|inactive|N30N3 has 120 seconds left.
|
|switch|p1a: Tyranitar|Tyranitar, F|100/100
|-weather|Sandstorm|[from] ability: Sand Stream|[of] p1a: Tyranitar
|switch|p2a: DeathMetal|Polteageist, shiny|100/100
|-damage|p2a: DeathMetal|88/100|[from] Stealth Rock
|-damage|p2a: DeathMetal|76/100|[from] Spikes
|
|-weather|Sandstorm|[upkeep]
|-damage|p2a: DeathMetal|70/100|[from] Sandstorm
|upkeep
|turn|20
|
|move|p1a: Tyranitar|Crunch|p2a: DeathMetal
|-supereffective|p2a: DeathMetal
|-damage|p2a: DeathMetal|0 fnt
|faint|p2a: DeathMetal
|
|-weather|Sandstorm|[upkeep]
|upkeep
|
|switch|p2a: PastelitoAtómico|Slurpuff, M|100/100
|-damage|p2a: PastelitoAtómico|88/100|[from] Spikes
|-damage|p2a: PastelitoAtómico|76/100|[from] Stealth Rock
|turn|21
|
|switch|p1a: Excadrill|Excadrill, M|28/100
|move|p2a: PastelitoAtómico|Cotton Guard|p2a: PastelitoAtómico
|-boost|p2a: PastelitoAtómico|def|3
|
|-weather|Sandstorm|[upkeep]
|-damage|p2a: PastelitoAtómico|69/100|[from] Sandstorm
|upkeep
|turn|22
|
|move|p1a: Excadrill|Iron Head|p2a: PastelitoAtómico
|-supereffective|p2a: PastelitoAtómico
|-damage|p2a: PastelitoAtómico|35/100
|-enditem|p2a: PastelitoAtómico|Sitrus Berry|[eat]
|-heal|p2a: PastelitoAtómico|60/100|[from] item: Sitrus Berry
|-damage|p1a: Excadrill|18/100|[from] item: Life Orb
|move|p2a: PastelitoAtómico|Belly Drum|p2a: PastelitoAtómico
|-damage|p2a: PastelitoAtómico|10/100
|-setboost|p2a: PastelitoAtómico|atk|6|[from] move: Belly Drum
|
|-weather|Sandstorm|[upkeep]
|-damage|p2a: PastelitoAtómico|4/100|[from] Sandstorm
|upkeep
|turn|23
|
|move|p1a: Excadrill|Iron Head|p2a: PastelitoAtómico
|-supereffective|p2a: PastelitoAtómico
|-crit|p2a: PastelitoAtómico
|-damage|p2a: PastelitoAtómico|0 fnt
|-damage|p1a: Excadrill|8/100|[from] item: Life Orb
|faint|p2a: PastelitoAtómico
|
|-weather|none
|upkeep
|j| general_newb
|-message|Sampoke19 forfeited.
|
|win|N30N3
|l|☆Sampoke19
|raw|N30N3's rating: 1782 &rarr; <strong>1801</strong><br />(+19 for winning)
|raw|Sampoke19's rating: 1760 &rarr; <strong>1742</strong><br />(-18 for losing)
