|j|☆Serp IV
|j|☆return nirvana
|inactive|Battle timer is ON: inactive players will automatically lose when time's up.
|t:|1654657797
|gametype|singles
|player|p1|Serp IV|rosa|
|player|p2|return nirvana|gambler-gen1|
|teamsize|p1|6
|teamsize|p2|6
|gen|8
|tier|[Gen 8] OU
|rated|Tournament battle
|rule|Sleep Clause Mod: Limit one foe put to sleep
|rule|Species Clause: Limit one of each Pokémon
|rule|OHKO Clause: OHKO moves are banned
|rule|Evasion Moves Clause: Evasion moves are banned
|rule|Endless Battle Clause: Forcing endless battles is banned
|rule|HP Percentage Mod: HP is shown in percentages
|rule|Dynamax Clause: You cannot dynamax
|clearpoke
|poke|p1|Decidueye, M|
|poke|p1|Dragapult, M|
|poke|p1|Tapu Fini|
|poke|p1|Swampert, M|
|poke|p1|Corviknight, F|
|poke|p1|Umbreon, F|
|poke|p2|Syclant, F|
|poke|p2|Magnezone|
|poke|p2|Nihilego|
|poke|p2|Ferrothorn, F|
|poke|p2|Landorus-Therian, M|
|poke|p2|Tapu Fini|
|teampreview
|j| yaboiAshK.
|j| Aurellapiz
|j| mdchrisss
|
|t:|1654657807
|start
|switch|p1a: Tapu Fini|Tapu Fini|100/100
|switch|p2a: Nihilego|Nihilego, shiny|100/100
|-fieldstart|move: Misty Terrain|[from] ability: Misty Surge|[of] p1a: Tapu Fini
|turn|1
|j| 1-800-CallMyBluff
|j| knexhawk2
|
|t:|1654657815
|move|p2a: Nihilego|Stealth Rock|p1a: Tapu Fini
|-sidestart|p1: Serp IV|move: Stealth Rock
|move|p1a: Tapu Fini|Whirlpool|p2a: Nihilego
|-supereffective|p2a: Nihilego
|-damage|p2a: Nihilego|85/100
|-activate|p2a: Nihilego|move: Whirlpool|[of] p1a: Tapu Fini
|
|-damage|p2a: Nihilego|73/100|[from] move: Whirlpool|[partiallytrapped]
|upkeep
|turn|2
|
|t:|1654657819
|move|p2a: Nihilego|Meteor Beam||[still]
|-prepare|p2a: Nihilego|Meteor Beam
|-boost|p2a: Nihilego|spa|1
|-enditem|p2a: Nihilego|Power Herb
|-anim|p2a: Nihilego|Meteor Beam|p1a: Tapu Fini
|-damage|p1a: Tapu Fini|36/100
|move|p1a: Tapu Fini|Nature's Madness|p2a: Nihilego
|-damage|p2a: Nihilego|37/100
|
|-heal|p1a: Tapu Fini|42/100|[from] item: Leftovers
|-damage|p2a: Nihilego|24/100|[from] move: Whirlpool|[partiallytrapped]
|upkeep
|turn|3
|j| lunariz3
|
|t:|1654657826
|switch|p1a: Corviknight|Corviknight, F|100/100
|-damage|p1a: Corviknight|88/100|[from] Stealth Rock
|-ability|p1a: Corviknight|Pressure
|move|p2a: Nihilego|Sludge Wave|p1a: Corviknight
|-immune|p1a: Corviknight
|
|-end|p2a: Nihilego|Whirlpool|[partiallytrapped]|[silent]
|upkeep
|turn|4
|
|t:|1654657833
|move|p2a: Nihilego|Power Gem|p1a: Corviknight
|-damage|p1a: Corviknight|38/100
|move|p1a: Corviknight|U-turn|p2a: Nihilego
|-resisted|p2a: Nihilego
|-crit|p2a: Nihilego
|-damage|p2a: Nihilego|5/100
|
|t:|1654657836
|switch|p1a: Dragapult|Dragapult, M|100/100|[from]move: U-turn
|-damage|p1a: Dragapult|88/100|[from] Stealth Rock
|
|upkeep
|turn|5
|l| lunariz3
|
|t:|1654657841
|switch|p2a: Landorus|Landorus-Therian, M, shiny|100/100
|-ability|p2a: Landorus|Intimidate|boost
|-unboost|p1a: Dragapult|atk|1
|move|p1a: Dragapult|Shadow Ball|p2a: Landorus
|-damage|p2a: Landorus|59/100
|
|-heal|p2a: Landorus|65/100|[from] item: Leftovers
|-fieldend|Misty Terrain
|upkeep
|turn|6
|
|t:|1654657845
|move|p1a: Dragapult|Shadow Ball|p2a: Landorus
|-damage|p2a: Landorus|23/100
|move|p2a: Landorus|Knock Off|p1a: Dragapult
|-supereffective|p1a: Dragapult
|-damage|p1a: Dragapult|5/100
|-enditem|p1a: Dragapult|Choice Specs|[from] move: Knock Off|[of] p2a: Landorus
|
|-heal|p2a: Landorus|29/100|[from] item: Leftovers
|upkeep
|turn|7
|
|t:|1654657849
|switch|p2a: Nihilego|Nihilego, shiny|5/100
|move|p1a: Dragapult|Shadow Ball|p2a: Nihilego
|-crit|p2a: Nihilego
|-damage|p2a: Nihilego|0 fnt
|faint|p2a: Nihilego
|
|upkeep
|
|t:|1654657851
|switch|p2a: Syclant|Syclant, F|100/100
|turn|8
|
|t:|1654657854
|move|p2a: Syclant|Ice Shard|p1a: Dragapult
|-supereffective|p1a: Dragapult
|-damage|p1a: Dragapult|0 fnt
|faint|p1a: Dragapult
|
|upkeep
|
|t:|1654657859
|switch|p1a: Tapu Fini|Tapu Fini|42/100
|-damage|p1a: Tapu Fini|30/100|[from] Stealth Rock
|-fieldstart|move: Misty Terrain|[from] ability: Misty Surge|[of] p1a: Tapu Fini
|turn|9
|
|t:|1654657867
|move|p2a: Syclant|Swords Dance|p2a: Syclant
|-boost|p2a: Syclant|atk|2
|move|p1a: Tapu Fini|Nature's Madness|p2a: Syclant
|-damage|p2a: Syclant|51/100
|
|-heal|p1a: Tapu Fini|36/100|[from] item: Leftovers
|upkeep
|turn|10
|
|t:|1654657877
|switch|p1a: Corviknight|Corviknight, F|38/100
|-damage|p1a: Corviknight|26/100|[from] Stealth Rock
|-ability|p1a: Corviknight|Pressure
|move|p2a: Syclant|Triple Axel|p1a: Corviknight
|-damage|p1a: Corviknight|15/100
|-damage|p1a: Corviknight|0 fnt
|faint|p1a: Corviknight
|-hitcount|p1: Corviknight|2
|
|upkeep
|
|t:|1654657890
|switch|p1a: Swampert|Swampert, M|100/100
|-damage|p1a: Swampert|94/100|[from] Stealth Rock
|turn|11
|
|t:|1654657894
|move|p2a: Syclant|U-turn|p1a: Swampert
|-damage|p1a: Swampert|36/100
|
|t:|1654657896
|switch|p2a: Ferrothorn|Ferrothorn, F, shiny|100/100|[from]move: U-turn
|move|p1a: Swampert|Flip Turn|p2a: Ferrothorn
|-resisted|p2a: Ferrothorn
|-damage|p2a: Ferrothorn|94/100
|-damage|p1a: Swampert|24/100|[from] ability: Iron Barbs|[of] p2a: Ferrothorn
|-damage|p1a: Swampert|7/100|[from] item: Rocky Helmet|[of] p2a: Ferrothorn
|
|t:|1654657900
|switch|p1a: Tapu Fini|Tapu Fini|36/100|[from]move: Flip Turn
|-damage|p1a: Tapu Fini|23/100|[from] Stealth Rock
|
|-heal|p1a: Tapu Fini|29/100|[from] item: Leftovers
|upkeep
|turn|12
|
|t:|1654657907
|move|p1a: Tapu Fini|Nature's Madness|p2a: Ferrothorn
|-damage|p2a: Ferrothorn|47/100
|move|p2a: Ferrothorn|Power Whip|p1a: Tapu Fini
|-supereffective|p1a: Tapu Fini
|-damage|p1a: Tapu Fini|0 fnt
|faint|p1a: Tapu Fini
|
|upkeep
|
|t:|1654657911
|switch|p1a: Decidueye|Decidueye, M|100/100
|-damage|p1a: Decidueye|88/100|[from] Stealth Rock
|turn|13
|
|t:|1654657917
|move|p1a: Decidueye|Poltergeist|p2a: Ferrothorn
|-activate|p2a: Ferrothorn|move: Poltergeist|Rocky Helmet
|-damage|p2a: Ferrothorn|0 fnt
|faint|p2a: Ferrothorn
|
|-fieldend|Misty Terrain
|upkeep
|
|t:|1654657919
|switch|p2a: Syclant|Syclant, F|51/100
|turn|14
|
|t:|1654657924
|switch|p1a: Swampert|Swampert, M|7/100
|-damage|p1a: Swampert|1/100|[from] Stealth Rock
|move|p2a: Syclant|U-turn|p1a: Swampert
|-damage|p1a: Swampert|0 fnt
|faint|p1a: Swampert
|
|t:|1654657927
|switch|p2a: Magnezone|Magnezone, shiny|100/100|[from]move: U-turn
|-item|p2a: Magnezone|Air Balloon
|
|upkeep
|
|t:|1654657931
|switch|p1a: Decidueye|Decidueye, M|88/100
|-damage|p1a: Decidueye|76/100|[from] Stealth Rock
|turn|15
|
|t:|1654657934
|move|p1a: Decidueye|Poltergeist|p2a: Magnezone
|-activate|p2a: Magnezone|move: Poltergeist|Air Balloon
|-damage|p2a: Magnezone|38/100
|-enditem|p2a: Magnezone|Air Balloon
|move|p2a: Magnezone|Iron Defense|p2a: Magnezone
|-boost|p2a: Magnezone|def|2
|
|upkeep
|turn|16
|
|t:|1654657939
|move|p1a: Decidueye|Poltergeist||[still]
|-fail|p1a: Decidueye
|move|p2a: Magnezone|Body Press|p1a: Decidueye
|-immune|p1a: Decidueye
|
|upkeep
|turn|17
|
|t:|1654657942
|switch|p1a: Umbreon|Umbreon, F|100/100
|-damage|p1a: Umbreon|88/100|[from] Stealth Rock
|move|p2a: Magnezone|Body Press|p1a: Umbreon
|-supereffective|p1a: Umbreon
|-damage|p1a: Umbreon|1/100
|
|-heal|p1a: Umbreon|7/100|[from] item: Leftovers
|upkeep
|turn|18
|
|t:|1654657944
|move|p2a: Magnezone|Thunderbolt|p1a: Umbreon
|-damage|p1a: Umbreon|0 fnt
|faint|p1a: Umbreon
|
|upkeep
|
|t:|1654657946
|switch|p1a: Decidueye|Decidueye, M|76/100
|-damage|p1a: Decidueye|63/100|[from] Stealth Rock
|turn|19
|
|t:|1654657948
|move|p1a: Decidueye|Shadow Sneak|p2a: Magnezone
|-damage|p2a: Magnezone|25/100
|move|p2a: Magnezone|Thunderbolt|p1a: Decidueye
|-resisted|p1a: Decidueye
|-damage|p1a: Decidueye|42/100
|
|upkeep
|turn|20
|
|t:|1654657949
|move|p1a: Decidueye|Shadow Sneak|p2a: Magnezone
|-damage|p2a: Magnezone|13/100
|move|p2a: Magnezone|Thunderbolt|p1a: Decidueye
|-resisted|p1a: Decidueye
|-damage|p1a: Decidueye|21/100
|
|upkeep
|turn|21
|
|t:|1654657951
|move|p1a: Decidueye|Shadow Sneak|p2a: Magnezone
|-damage|p2a: Magnezone|1/100
|move|p2a: Magnezone|Thunderbolt|p1a: Decidueye
|-resisted|p1a: Decidueye
|-damage|p1a: Decidueye|0 fnt
|faint|p1a: Decidueye
|
|win|return nirvana
|n|☆Serp IV|serpiv
|n|☆return nirvana|returnnirvana
|n| yaboiAshK.|yaboiashk
|n| Aurellapiz|aurellapiz
|n| mdchrisss|mdchrisss
|n| 1-800-CallMyBluff|1800callmybluff
|n| knexhawk2|knexhawk2
|l|☆Serp IV
|c|☆return nirvana|gg
|c|☆return nirvana|ez win
|j| Casino Boi
