|raw|<div class="broadcast-blue"><strong>This battle is required to be public due to a player having a name prefixed by 'LT71LX'.</div>
|j|☆cclm
|j|☆LT71LX John W
|t:|1597184316
|player|p1|cclm|sisandbro|2085
|player|p2|LT71LX John W|266|2140
|teamsize|p1|6
|teamsize|p2|6
|gametype|singles
|gen|8
|tier|[Gen 8] OU
|rated|
|clearpoke
|poke|p1|Clefable, M|
|poke|p1|Mandibuzz, F|
|poke|p1|Gardevoir, F|
|poke|p1|Tangrowth, M|
|poke|p1|Dragalge, M|
|poke|p1|Jirachi|
|poke|p2|Kyurem|
|poke|p2|Corviknight, F|
|poke|p2|Ditto|
|poke|p2|Toxapex, M|
|poke|p2|Clefable, F|
|poke|p2|Blissey, F|
|rule|Sleep Clause Mod: Limit one foe put to sleep
|rule|Species Clause: Limit one of each Pokémon
|rule|OHKO Clause: OHKO moves are banned
|rule|Evasion Moves Clause: Evasion moves are banned
|rule|Endless Battle Clause: Forcing endless battles is banned
|rule|HP Percentage Mod: HP is shown in percentages
|rule|Dynamax Clause: You cannot dynamax
|teampreview
|j| lt71lx fendi
|j| outu dac
|j| LT71LX Storm
|j|+Cdumas
|j| LT71LX wd
|j| egalvanc
|j| met gala
|j| Tace
|j| LT71LX Gura
|j| mofuke
|j| Tuononda
|j| outu23
|j| LT71LX ayouko
|j| Forresterr♣
|j| LT71LX Analytic
|j| MS3D
|j| Theo Mani Fan Club
|j| HYper
|j| WG Hitman
|c| Theo Mani Fan Club|ok
|j| Askov
|j|@Finchinator
|j| Neon
|j| lebronjaimesbrazil
|j| LT71LXJaggermaster
|
|t:|1597184367
|start
|switch|p1a: Tangrowth|Tangrowth, M|100/100
|switch|p2a: Ditto|Ditto, shiny|100/100
|-transform|p2a: Ditto|p1a: Tangrowth|[from] ability: Imposter
|turn|1
|j| LT71LX Cha
|j| Chati.s
|j| Vertex
|
|t:|1597184388
|move|p2a: Ditto|Knock Off|p1a: Tangrowth
|-damage|p1a: Tangrowth|89/100
|-damage|p2a: Ditto|84/100|[from] item: Rocky Helmet|[of] p1a: Tangrowth
|-enditem|p1a: Tangrowth|Rocky Helmet|[from] move: Knock Off|[of] p2a: Ditto
|move|p1a: Tangrowth|Leech Seed|p2a: Ditto
|-immune|p2a: Ditto
|
|upkeep
|turn|2
|j| LT71LX LE K
|
|t:|1597184412
|move|p2a: Ditto|Knock Off|p1a: Tangrowth
|-damage|p1a: Tangrowth|81/100
|move|p1a: Tangrowth|Sleep Powder|p2a: Ditto
|-immune|p2a: Ditto
|
|upkeep
|turn|3
|j| mamba9
|j| LT71LX Ash
|j| LT71LX uto
|j| she is summer
|
|t:|1597184420
|switch|p2a: Blissey|Blissey, F|100/100
|move|p1a: Tangrowth|Sleep Powder|p2a: Blissey
|-status|p2a: Blissey|slp|[from] move: Sleep Powder
|
|upkeep
|turn|4
|
|t:|1597184428
|switch|p2a: Ditto|Ditto, shiny|100/100
|-transform|p2a: Ditto|p1a: Tangrowth|[from] ability: Imposter
|switch|p1a: Gardevoir|Gardevoir, F|100/100
|-ability|p1a: Gardevoir|Regenerator|[from] ability: Trace|[of] p2a: Ditto
|
|upkeep
|turn|5
|j| LT71LX Pancake
|j| lt71lx ACII
|j| Tech-tical
|l| lebronjaimesbrazil
|
|t:|1597184497
|switch|p2a: Corviknight|Corviknight, F|100/100
|-ability|p2a: Corviknight|Pressure
|move|p1a: Gardevoir|Mystical Fire|p2a: Corviknight
|-supereffective|p2a: Corviknight
|-damage|p2a: Corviknight|24/100
|-unboost|p2a: Corviknight|spa|1
|
|upkeep
|turn|6
|j| big_knots
|
|t:|1597184512
|switch|p2a: Clefable|Clefable, F|100/100
|move|p1a: Gardevoir|Mystical Fire|p2a: Clefable
|-damage|p2a: Clefable|59/100
|-unboost|p2a: Clefable|spa|1
|
|-heal|p2a: Clefable|65/100|[from] item: Leftovers
|upkeep
|turn|7
|j| yugiohvn
|l| lt71lx ACII
|j| FerZs
|
|t:|1597184521
|switch|p1a: Clefable|Clefable, M|100/100
|move|p2a: Clefable|Soft-Boiled|p2a: Clefable
|-heal|p2a: Clefable|100/100
|
|upkeep
|turn|8
|j| Devil Patchy
|
|t:|1597184530
|move|p1a: Clefable|Moonblast|p2a: Clefable
|-damage|p2a: Clefable|50/100
|-unboost|p2a: Clefable|spa|1
|move|p2a: Clefable|Knock Off|p1a: Clefable
|-resisted|p1a: Clefable
|-damage|p1a: Clefable|91/100
|-enditem|p1a: Clefable|Life Orb|[from] move: Knock Off|[of] p2a: Clefable
|
|-heal|p2a: Clefable|56/100|[from] item: Leftovers
|upkeep
|turn|9
|
|t:|1597184535
|switch|p1a: Dragalge|Dragalge, M|100/100
|move|p2a: Clefable|Soft-Boiled|p2a: Clefable
|-heal|p2a: Clefable|100/100
|
|upkeep
|turn|10
|l| outu23
|l| yugiohvn
|j| LingvaeX
|
|t:|1597184546
|move|p2a: Clefable|Stealth Rock|p1a: Dragalge
|-sidestart|p1: cclm|move: Stealth Rock
|move|p1a: Dragalge|Flip Turn|p2a: Clefable
|-crit|p2a: Clefable
|-damage|p2a: Clefable|89/100
|
|t:|1597184549
|switch|p1a: Jirachi|Jirachi|100/100|[from]move: Flip Turn
|-damage|p1a: Jirachi|94/100|[from] Stealth Rock
|
|-heal|p1a: Jirachi|100/100|[from] item: Leftovers
|-heal|p2a: Clefable|95/100|[from] item: Leftovers
|upkeep
|turn|11
|j| Leo
|j| Pidgey Gordito
|j| Bddm
|
|t:|1597184567
|switch|p2a: Ditto|Ditto, shiny|100/100
|-transform|p2a: Ditto|p1a: Jirachi|[from] ability: Imposter
|move|p1a: Jirachi|U-turn|p2a: Ditto
|-damage|p2a: Ditto|82/100
|j| LT71LX Sks
|
|t:|1597184572
|switch|p1a: Dragalge|Dragalge, M|100/100|[from]move: U-turn
|-damage|p1a: Dragalge|88/100|[from] Stealth Rock
|
|-heal|p1a: Dragalge|94/100|[from] item: Black Sludge
|upkeep
|turn|12
|
|t:|1597184579
|move|p1a: Dragalge|Protect|p1a: Dragalge
|-singleturn|p1a: Dragalge|Protect
|move|p2a: Ditto|Iron Head|p1a: Dragalge
|-activate|p1a: Dragalge|move: Protect
|
|-heal|p1a: Dragalge|99/100|[from] item: Black Sludge
|upkeep
|turn|13
|l| LT71LX Sks
|
|t:|1597184585
|move|p2a: Ditto|Iron Head|p1a: Dragalge
|-damage|p1a: Dragalge|71/100
|move|p1a: Dragalge|Flip Turn|p2a: Ditto
|-damage|p2a: Ditto|70/100
|l| LingvaeX
|
|t:|1597184592
|switch|p1a: Jirachi|Jirachi|100/100|[from]move: Flip Turn
|-damage|p1a: Jirachi|94/100|[from] Stealth Rock
|
|-heal|p1a: Jirachi|100/100|[from] item: Leftovers
|upkeep
|turn|14
|
|t:|1597184601
|switch|p2a: Toxapex|Toxapex, M|100/100
|move|p1a: Jirachi|U-turn|p2a: Toxapex
|-resisted|p2a: Toxapex
|-damage|p2a: Toxapex|96/100
|-damage|p1a: Jirachi|84/100|[from] item: Rocky Helmet|[of] p2a: Toxapex
|j| RokRocket
|
|t:|1597184603
|switch|p1a: Gardevoir|Gardevoir, F|100/100|[from]move: U-turn
|-damage|p1a: Gardevoir|88/100|[from] Stealth Rock
|-ability|p1a: Gardevoir|Regenerator|[from] ability: Trace|[of] p2a: Toxapex
|
|upkeep
|turn|15
|j| lt71lx empo
|
|t:|1597184617
|switch|p2a: Blissey|Blissey, F|100/100
|move|p1a: Gardevoir|Psyshock|p2a: Blissey
|-damage|p2a: Blissey|41/100
|
|upkeep
|turn|16
|j| MexicanGaymer
|j| LT71LX JOKERDOG
|j| Mairyuwu
|j| AAA_Batteriess
|l| Neon
|j| Waylaid
|l| Forresterr♣
|
|t:|1597184697
|switch|p2a: Ditto|Ditto, shiny|70/100
|-transform|p2a: Ditto|p1a: Gardevoir|[from] ability: Imposter
|move|p1a: Gardevoir|Psyshock|p2a: Ditto
|-resisted|p2a: Ditto
|-damage|p2a: Ditto|16/100
|
|upkeep
|turn|17
|inactive|Battle timer is ON: inactive players will automatically lose when time's up. (requested by cclm)
|
|t:|1597184721
|move|p2a: Ditto|Moonblast|p1a: Gardevoir
|-damage|p1a: Gardevoir|33/100
|move|p1a: Gardevoir|Psyshock|p2a: Ditto
|-resisted|p2a: Ditto
|-damage|p2a: Ditto|0 fnt
|faint|p2a: Ditto
|
|upkeep
|
|t:|1597184729
|switch|p2a: Clefable|Clefable, F|95/100
|turn|18
|
|t:|1597184733
|switch|p1a: Clefable|Clefable, M|91/100
|move|p2a: Clefable|Knock Off|p1a: Clefable
|-resisted|p1a: Clefable
|-crit|p1a: Clefable
|-damage|p1a: Clefable|82/100
|
|-heal|p2a: Clefable|100/100|[from] item: Leftovers
|upkeep
|turn|19
|n| Waylaid|waylaid
|
|t:|1597184741
|switch|p2a: Blissey|Blissey, F|41/100
|move|p1a: Clefable|Moonblast|p2a: Blissey
|-damage|p2a: Blissey|27/100
|
|upkeep
|turn|20
|
|t:|1597184746
|switch|p1a: Jirachi|Jirachi|84/100
|-damage|p1a: Jirachi|78/100|[from] Stealth Rock
|move|p2a: Blissey|Soft-Boiled|p2a: Blissey
|-heal|p2a: Blissey|77/100
|
|-heal|p1a: Jirachi|84/100|[from] item: Leftovers
|upkeep
|turn|21
|j| BoomBoomBoo
|j| cum stained
|n| fredo $antana|lt71lxfendi
|
|t:|1597184757
|switch|p2a: Corviknight|Corviknight, F|24/100
|-ability|p2a: Corviknight|Pressure
|move|p1a: Jirachi|Iron Head|p2a: Corviknight
|-resisted|p2a: Corviknight
|-damage|p2a: Corviknight|17/100
|
|-heal|p1a: Jirachi|90/100|[from] item: Leftovers
|upkeep
|turn|22
|l| fredo $antana
|j| Sificon
|
|t:|1597184765
|move|p1a: Jirachi|Wish|p1a: Jirachi
|move|p2a: Corviknight|Roost|p2a: Corviknight
|-heal|p2a: Corviknight|67/100
|-singleturn|p2a: Corviknight|move: Roost
|
|-heal|p1a: Jirachi|96/100|[from] item: Leftovers
|upkeep
|turn|23
|j| hipster garbage
|l| hipster garbage
|
|t:|1597184775
|move|p1a: Jirachi|U-turn|p2a: Corviknight
|-resisted|p2a: Corviknight
|-damage|p2a: Corviknight|65/100
|
|t:|1597184777
|switch|p1a: Dragalge|Dragalge, M|71/100|[from]move: U-turn
|-damage|p1a: Dragalge|59/100|[from] Stealth Rock
|move|p2a: Corviknight|U-turn|p1a: Dragalge
|-resisted|p1a: Dragalge
|-damage|p1a: Dragalge|51/100
|
|t:|1597184781
|switch|p2a: Kyurem|Kyurem|100/100|[from]move: U-turn
|-ability|p2a: Kyurem|Pressure
|
|-heal|p1a: Dragalge|100/100|[from] move: Wish|[wisher] Jirachi
|upkeep
|turn|24
|
|t:|1597184785
|switch|p1a: Jirachi|Jirachi|96/100
|-damage|p1a: Jirachi|90/100|[from] Stealth Rock
|move|p2a: Kyurem|Freeze-Dry|p1a: Jirachi
|-resisted|p1a: Jirachi
|-damage|p1a: Jirachi|80/100
|
|-heal|p1a: Jirachi|87/100|[from] item: Leftovers
|upkeep
|turn|25
|j| bro im
|j| Kaitlen
|j| Free Swimming
|j| lt71lx ACII
|l|wghitman
|l| Kaitlen
|inactive|LT71LX John W has 120 seconds left.
|
|t:|1597184817
|switch|p2a: Corviknight|Corviknight, F|65/100
|-ability|p2a: Corviknight|Pressure
|move|p1a: Jirachi|U-turn|p2a: Corviknight
|-resisted|p2a: Corviknight
|-damage|p2a: Corviknight|62/100
|
|t:|1597184823
|switch|p1a: Gardevoir|Gardevoir, F|66/100|[from]move: U-turn
|-damage|p1a: Gardevoir|54/100|[from] Stealth Rock
|-ability|p1a: Gardevoir|Pressure|[from] ability: Trace|[of] p2a: Corviknight
|-ability|p1a: Gardevoir|Pressure
|
|upkeep
|turn|26
|j| ddosing
|l| Sificon
|inactive|LT71LX John W has 120 seconds left.
|
|t:|1597184845
|switch|p2a: Clefable|Clefable, F|100/100
|move|p1a: Gardevoir|Mystical Fire|p2a: Clefable
|-crit|p2a: Clefable
|-damage|p2a: Clefable|38/100
|-unboost|p2a: Clefable|spa|1
|
|-heal|p2a: Clefable|44/100|[from] item: Leftovers
|upkeep
|turn|27
|j|+Emeri ✿@!
|inactive|LT71LX John W has 120 seconds left.
|
|t:|1597184854
|move|p1a: Gardevoir|Mystical Fire|p2a: Clefable
|-damage|p2a: Clefable|8/100
|-unboost|p2a: Clefable|spa|1
|move|p2a: Clefable|Soft-Boiled|p2a: Clefable
|-heal|p2a: Clefable|58/100
|
|-heal|p2a: Clefable|64/100|[from] item: Leftovers
|upkeep
|turn|28
|l| LT71LX Pancake
|l| LT71LX wd
|j| Ctiretinti
|
|t:|1597184863
|switch|p1a: Tangrowth|Tangrowth, M|100/100
|-damage|p1a: Tangrowth|88/100|[from] Stealth Rock
|move|p2a: Clefable|Soft-Boiled|p2a: Clefable
|-heal|p2a: Clefable|100/100
|
|upkeep
|turn|29
|j| TheOnlyGhads
|n|+Emeri ✿|emeri
|l| Bddm
|l| lt71lx empo
|inactive|LT71LX John W has 120 seconds left.
|
|t:|1597184878
|switch|p2a: Blissey|Blissey, F|77/100
|move|p1a: Tangrowth|Sleep Powder|p2a: Blissey|[miss]
|-miss|p1a: Tangrowth|p2a: Blissey
|
|upkeep
|turn|30
|
|t:|1597184887
|switch|p1a: Clefable|Clefable, M|82/100
|move|p2a: Blissey|Seismic Toss|p1a: Clefable
|-damage|p1a: Clefable|55/100
|
|upkeep
|turn|31
|
|t:|1597184891
|move|p1a: Clefable|Soft-Boiled|p1a: Clefable
|-heal|p1a: Clefable|100/100
|move|p2a: Blissey|Seismic Toss|p1a: Clefable
|-damage|p1a: Clefable|74/100
|
|upkeep
|turn|32
|
|t:|1597184896
|move|p1a: Clefable|Moonblast|p2a: Blissey
|-damage|p2a: Blissey|64/100
|move|p2a: Blissey|Seismic Toss|p1a: Clefable
|-damage|p1a: Clefable|47/100
|
|upkeep
|turn|33
|
|t:|1597184899
|move|p1a: Clefable|Soft-Boiled|p1a: Clefable
|-heal|p1a: Clefable|98/100
|move|p2a: Blissey|Seismic Toss|p1a: Clefable
|-damage|p1a: Clefable|71/100
|
|upkeep
|turn|34
|
|t:|1597184902
|switch|p1a: Tangrowth|Tangrowth, M|100/100
|-damage|p1a: Tangrowth|88/100|[from] Stealth Rock
|move|p2a: Blissey|Soft-Boiled|p2a: Blissey
|-heal|p2a: Blissey|100/100
|
|upkeep
|turn|35
|l| she is summer
|j| Shimeon91
|
|t:|1597184906
|move|p2a: Blissey|Seismic Toss|p1a: Tangrowth
|-damage|p1a: Tangrowth|63/100
|move|p1a: Tangrowth|Leech Seed|p2a: Blissey
|-start|p2a: Blissey|move: Leech Seed
|
|-damage|p2a: Blissey|88/100|[from] Leech Seed|[of] p1a: Tangrowth
|-heal|p1a: Tangrowth|85/100|[silent]
|upkeep
|turn|36
|
|t:|1597184913
|move|p1a: Tangrowth|Sleep Powder|p2a: Blissey
|-status|p2a: Blissey|slp|[from] move: Sleep Powder
|cant|p2a: Blissey|slp
|
|-damage|p2a: Blissey|76/100 slp|[from] Leech Seed|[of] p1a: Tangrowth
|-heal|p1a: Tangrowth|100/100|[silent]
|upkeep
|turn|37
|j| a rabbit
|
|t:|1597184919
|-curestatus|p2a: Blissey|slp|[from] ability: Natural Cure
|switch|p2a: Corviknight|Corviknight, F|62/100
|-ability|p2a: Corviknight|Pressure
|move|p1a: Tangrowth|Sleep Powder|p2a: Corviknight
|-status|p2a: Corviknight|slp|[from] move: Sleep Powder
|
|upkeep
|turn|38
|
|t:|1597184933
|switch|p2a: Blissey|Blissey, F|76/100
|move|p1a: Tangrowth|Knock Off|p2a: Blissey
|-damage|p2a: Blissey|54/100
|-enditem|p2a: Blissey|Heavy-Duty Boots|[from] move: Knock Off|[of] p1a: Tangrowth
|
|upkeep
|turn|39
|l| met gala
|l| AAA_Batteriess
|
|t:|1597184938
|move|p2a: Blissey|Soft-Boiled|p2a: Blissey
|-heal|p2a: Blissey|100/100
|move|p1a: Tangrowth|Leech Seed|p2a: Blissey|[miss]
|-miss|p1a: Tangrowth|p2a: Blissey
|
|upkeep
|turn|40
|j| damn·com
|c| Mairyuwu|that iq
|
|t:|1597184944
|move|p2a: Blissey|Toxic|p1a: Tangrowth|[miss]
|-miss|p2a: Blissey|p1a: Tangrowth
|move|p1a: Tangrowth|Knock Off|p2a: Blissey
|-damage|p2a: Blissey|87/100
|
|upkeep
|turn|41
|
|t:|1597184951
|switch|p1a: Jirachi|Jirachi|87/100
|-damage|p1a: Jirachi|80/100|[from] Stealth Rock
|move|p2a: Blissey|Teleport|p2a: Blissey
|
|t:|1597184959
|switch|p2a: Toxapex|Toxapex, M|100/100|[from]move: Teleport
|
|-heal|p1a: Jirachi|87/100|[from] item: Leftovers
|upkeep
|turn|42
|j| utah jasmine fo
|
|t:|1597184962
|switch|p1a: Clefable|Clefable, M|71/100
|move|p2a: Toxapex|Knock Off|p1a: Clefable
|-resisted|p1a: Clefable
|-damage|p1a: Clefable|65/100
|
|upkeep
|turn|43
|
|t:|1597184967
|switch|p1a: Gardevoir|Gardevoir, F|54/100
|-damage|p1a: Gardevoir|42/100|[from] Stealth Rock
|-ability|p1a: Gardevoir|Regenerator|[from] ability: Trace|[of] p2a: Toxapex
|move|p2a: Toxapex|Knock Off|p1a: Gardevoir
|-damage|p1a: Gardevoir|15/100
|-enditem|p1a: Gardevoir|Choice Specs|[from] move: Knock Off|[of] p2a: Toxapex
|
|upkeep
|turn|44
|j| met gala
|
|t:|1597184979
|switch|p1a: Tangrowth|Tangrowth, M|100/100
|-damage|p1a: Tangrowth|88/100|[from] Stealth Rock
|move|p2a: Toxapex|Knock Off|p1a: Tangrowth
|-damage|p1a: Tangrowth|82/100
|
|upkeep
|turn|45
|j| Jytcampbell
|j| Stall Sucks Bro✝
|
|t:|1597184990
|switch|p1a: Gardevoir|Gardevoir, F|48/100
|-damage|p1a: Gardevoir|36/100|[from] Stealth Rock
|-ability|p1a: Gardevoir|Regenerator|[from] ability: Trace|[of] p2a: Toxapex
|move|p2a: Toxapex|Scald|p1a: Gardevoir
|-damage|p1a: Gardevoir|20/100
|-status|p1a: Gardevoir|brn
|
|-damage|p1a: Gardevoir|14/100 brn|[from] brn
|upkeep
|turn|46
|j|+SFG
|
|t:|1597185000
|switch|p1a: Tangrowth|Tangrowth, M|100/100
|-damage|p1a: Tangrowth|88/100|[from] Stealth Rock
|switch|p2a: Blissey|Blissey, F|87/100
|
|upkeep
|turn|47
|
|t:|1597185005
|switch|p1a: Clefable|Clefable, M|65/100
|move|p2a: Blissey|Seismic Toss|p1a: Clefable
|-damage|p1a: Clefable|39/100
|
|upkeep
|turn|48
|
|t:|1597185007
|move|p1a: Clefable|Soft-Boiled|p1a: Clefable
|-heal|p1a: Clefable|89/100
|move|p2a: Blissey|Seismic Toss|p1a: Clefable
|-damage|p1a: Clefable|63/100
|
|upkeep
|turn|49
|
|t:|1597185010
|move|p1a: Clefable|Soft-Boiled|p1a: Clefable
|-heal|p1a: Clefable|100/100
|move|p2a: Blissey|Seismic Toss|p1a: Clefable
|-damage|p1a: Clefable|74/100
|
|upkeep
|turn|50
|
|t:|1597185016
|move|p1a: Clefable|Moonblast|p2a: Blissey
|-crit|p2a: Blissey
|-damage|p2a: Blissey|64/100
|-unboost|p2a: Blissey|spa|1
|move|p2a: Blissey|Teleport|p2a: Blissey
|
|t:|1597185025
|switch|p2a: Toxapex|Toxapex, M|100/100|[from]move: Teleport
|
|upkeep
|turn|51
|
|t:|1597185029
|switch|p2a: Blissey|Blissey, F|64/100
|move|p1a: Clefable|Thunder|p2a: Blissey|[miss]
|-miss|p1a: Clefable|p2a: Blissey
|
|upkeep
|turn|52
|l| lt71lx ACII
|
|t:|1597185040
|switch|p1a: Jirachi|Jirachi|87/100
|-damage|p1a: Jirachi|80/100|[from] Stealth Rock
|move|p2a: Blissey|Soft-Boiled|p2a: Blissey
|-heal|p2a: Blissey|100/100
|
|-heal|p1a: Jirachi|87/100|[from] item: Leftovers
|upkeep
|turn|53
|
|t:|1597185046
|switch|p2a: Toxapex|Toxapex, M|100/100
|move|p1a: Jirachi|Wish|p1a: Jirachi
|
|-heal|p1a: Jirachi|93/100|[from] item: Leftovers
|upkeep
|turn|54
|l| LT71LX Analytic
|
|t:|1597185056
|switch|p1a: Gardevoir|Gardevoir, F|47/100 brn
|-damage|p1a: Gardevoir|35/100 brn|[from] Stealth Rock
|-ability|p1a: Gardevoir|Regenerator|[from] ability: Trace|[of] p2a: Toxapex
|move|p2a: Toxapex|Knock Off|p1a: Gardevoir
|-damage|p1a: Gardevoir|17/100 brn
|
|-heal|p1a: Gardevoir|90/100 brn|[from] move: Wish|[wisher] Jirachi
|-damage|p1a: Gardevoir|84/100 brn|[from] brn
|upkeep
|turn|55
|j| LT71LX Analytic
|
|t:|1597185069
|move|p1a: Gardevoir|Psychic|p2a: Toxapex
|-supereffective|p2a: Toxapex
|-damage|p2a: Toxapex|31/100
|move|p2a: Toxapex|Recover|p2a: Toxapex
|-heal|p2a: Toxapex|81/100
|
|-damage|p1a: Gardevoir|78/100 brn|[from] brn
|upkeep
|turn|56
|
|t:|1597185074
|switch|p2a: Blissey|Blissey, F|100/100
|move|p1a: Gardevoir|Psychic|p2a: Blissey
|-damage|p2a: Blissey|83/100
|
|-damage|p1a: Gardevoir|72/100 brn|[from] brn
|upkeep
|turn|57
|
|t:|1597185081
|switch|p1a: Jirachi|Jirachi|93/100
|-damage|p1a: Jirachi|87/100|[from] Stealth Rock
|move|p2a: Blissey|Soft-Boiled|p2a: Blissey
|-heal|p2a: Blissey|100/100
|
|-heal|p1a: Jirachi|93/100|[from] item: Leftovers
|upkeep
|turn|58
|
|t:|1597185088
|switch|p1a: Tangrowth|Tangrowth, M|100/100
|-damage|p1a: Tangrowth|88/100|[from] Stealth Rock
|move|p2a: Blissey|Seismic Toss|p1a: Tangrowth
|-damage|p1a: Tangrowth|63/100
|
|upkeep
|turn|59
|
|t:|1597185096
|move|p2a: Blissey|Seismic Toss|p1a: Tangrowth
|-damage|p1a: Tangrowth|39/100
|move|p1a: Tangrowth|Knock Off|p2a: Blissey
|-damage|p2a: Blissey|87/100
|
|upkeep
|turn|60
|l|+SFG
|
|t:|1597185100
|switch|p1a: Clefable|Clefable, M|74/100
|move|p2a: Blissey|Seismic Toss|p1a: Clefable
|-damage|p1a: Clefable|47/100
|
|upkeep
|turn|61
|
|t:|1597185103
|move|p1a: Clefable|Soft-Boiled|p1a: Clefable
|-heal|p1a: Clefable|98/100
|move|p2a: Blissey|Seismic Toss|p1a: Clefable
|-damage|p1a: Clefable|71/100
|
|upkeep
|turn|62
|
|t:|1597185108
|switch|p1a: Tangrowth|Tangrowth, M|72/100
|-damage|p1a: Tangrowth|59/100|[from] Stealth Rock
|move|p2a: Blissey|Seismic Toss|p1a: Tangrowth
|-damage|p1a: Tangrowth|35/100
|
|upkeep
|turn|63
|
|t:|1597185112
|switch|p1a: Clefable|Clefable, M|71/100
|move|p2a: Blissey|Seismic Toss|p1a: Clefable
|-damage|p1a: Clefable|45/100
|
|upkeep
|turn|64
|
|t:|1597185117
|move|p1a: Clefable|Soft-Boiled|p1a: Clefable
|-heal|p1a: Clefable|95/100
|move|p2a: Blissey|Seismic Toss|p1a: Clefable
|-damage|p1a: Clefable|68/100
|
|upkeep
|turn|65
|
|t:|1597185121
|switch|p1a: Jirachi|Jirachi|93/100
|-damage|p1a: Jirachi|87/100|[from] Stealth Rock
|move|p2a: Blissey|Seismic Toss|p1a: Jirachi
|-damage|p1a: Jirachi|62/100
|
|-heal|p1a: Jirachi|68/100|[from] item: Leftovers
|upkeep
|turn|66
|
|t:|1597185126
|switch|p2a: Toxapex|Toxapex, M|100/100
|move|p1a: Jirachi|Protect||[still]
|-fail|p1a: Jirachi
|
|-heal|p1a: Jirachi|74/100|[from] item: Leftovers
|upkeep
|turn|67
|
|t:|1597185141
|switch|p1a: Clefable|Clefable, M|68/100
|switch|p2a: Kyurem|Kyurem|100/100
|-ability|p2a: Kyurem|Pressure
|
|upkeep
|turn|68
|
|t:|1597185149
|switch|p2a: Blissey|Blissey, F|87/100
|switch|p1a: Jirachi|Jirachi|74/100
|-damage|p1a: Jirachi|68/100|[from] Stealth Rock
|
|-heal|p1a: Jirachi|74/100|[from] item: Leftovers
|upkeep
|turn|69
|
|t:|1597185158
|switch|p1a: Clefable|Clefable, M|68/100
|switch|p2a: Toxapex|Toxapex, M|100/100
|
|upkeep
|turn|70
|
|t:|1597185163
|switch|p2a: Blissey|Blissey, F|87/100
|move|p1a: Clefable|Soft-Boiled|p1a: Clefable
|-heal|p1a: Clefable|100/100
|
|upkeep
|turn|71
|
|t:|1597185167
|move|p1a: Clefable|Moonblast|p2a: Blissey
|-damage|p2a: Blissey|74/100
|move|p2a: Blissey|Toxic|p1a: Clefable
|-status|p1a: Clefable|tox
|
|upkeep
|turn|72
|j| Astral Step
|
|t:|1597185172
|move|p1a: Clefable|Flamethrower|p2a: Blissey
|-damage|p2a: Blissey|65/100
|-status|p2a: Blissey|brn
|move|p2a: Blissey|Soft-Boiled|p2a: Blissey
|-heal|p2a: Blissey|100/100 brn
|
|-damage|p2a: Blissey|94/100 brn|[from] brn
|upkeep
|turn|73
|
|t:|1597185178
|move|p1a: Clefable|Flamethrower|p2a: Blissey
|-damage|p2a: Blissey|85/100 brn
|move|p2a: Blissey|Teleport|p2a: Blissey
|l| Pidgey Gordito
|
|t:|1597185182
|-curestatus|p2a: Blissey|brn|[from] ability: Natural Cure
|switch|p2a: Clefable|Clefable, F|100/100|[from]move: Teleport
|
|upkeep
|turn|74
|
|t:|1597185187
|move|p1a: Clefable|Moonblast|p2a: Clefable
|-damage|p2a: Clefable|61/100
|move|p2a: Clefable|Moonblast|p1a: Clefable
|-damage|p1a: Clefable|67/100 tox
|
|-heal|p2a: Clefable|68/100|[from] item: Leftovers
|upkeep
|turn|75
|
|t:|1597185193
|switch|p1a: Dragalge|Dragalge, M|100/100
|-damage|p1a: Dragalge|88/100|[from] Stealth Rock
|move|p2a: Clefable|Soft-Boiled|p2a: Clefable
|-heal|p2a: Clefable|100/100
|
|-heal|p1a: Dragalge|94/100|[from] item: Black Sludge
|upkeep
|turn|76
|
|t:|1597185203
|switch|p2a: Toxapex|Toxapex, M|100/100
|move|p1a: Dragalge|Sludge Bomb|p2a: Toxapex
|-resisted|p2a: Toxapex
|-damage|p2a: Toxapex|86/100
|
|-heal|p1a: Dragalge|99/100|[from] item: Black Sludge
|upkeep
|turn|77
|
|t:|1597185212
|switch|p1a: Gardevoir|Gardevoir, F|100/100 brn
|-damage|p1a: Gardevoir|88/100 brn|[from] Stealth Rock
|-ability|p1a: Gardevoir|Regenerator|[from] ability: Trace|[of] p2a: Toxapex
|move|p2a: Toxapex|Knock Off|p1a: Gardevoir
|-damage|p1a: Gardevoir|69/100 brn
|
|-damage|p1a: Gardevoir|63/100 brn|[from] brn
|upkeep
|turn|78
|j| hipster garbage
|l| Chati.s
|
|t:|1597185223
|move|p1a: Gardevoir|Psyshock|p2a: Toxapex
|-supereffective|p2a: Toxapex
|-damage|p2a: Toxapex|24/100
|move|p2a: Toxapex|Knock Off|p1a: Gardevoir
|-damage|p1a: Gardevoir|44/100 brn
|
|-damage|p1a: Gardevoir|38/100 brn|[from] brn
|upkeep
|turn|79
|
|t:|1597185231
|switch|p2a: Clefable|Clefable, F|100/100
|move|p1a: Gardevoir|Mystical Fire|p2a: Clefable
|-damage|p2a: Clefable|76/100
|-unboost|p2a: Clefable|spa|1
|
|-heal|p2a: Clefable|82/100|[from] item: Leftovers
|-damage|p1a: Gardevoir|32/100 brn|[from] brn
|upkeep
|turn|80
|j| Obssesive ADHD
|
|t:|1597185241
|switch|p1a: Dragalge|Dragalge, M|99/100
|-damage|p1a: Dragalge|88/100|[from] Stealth Rock
|move|p2a: Clefable|Moonblast|p1a: Dragalge
|-damage|p1a: Dragalge|73/100
|
|-heal|p2a: Clefable|88/100|[from] item: Leftovers
|-heal|p1a: Dragalge|79/100|[from] item: Black Sludge
|upkeep
|turn|81
|
|t:|1597185254
|switch|p2a: Blissey|Blissey, F|85/100
|move|p1a: Dragalge|Sludge Bomb|p2a: Blissey
|-damage|p2a: Blissey|70/100
|
|-heal|p1a: Dragalge|85/100|[from] item: Black Sludge
|upkeep
|turn|82
|
|t:|1597185260
|move|p1a: Dragalge|Flip Turn|p2a: Blissey
|-damage|p2a: Blissey|61/100
|
|t:|1597185264
|switch|p1a: Clefable|Clefable, M|67/100 tox|[from]move: Flip Turn
|move|p2a: Blissey|Teleport|p2a: Blissey
|
|t:|1597185268
|switch|p2a: Clefable|Clefable, F|88/100|[from]move: Teleport
|
|-heal|p2a: Clefable|94/100|[from] item: Leftovers
|upkeep
|turn|83
|
|t:|1597185272
|move|p1a: Clefable|Soft-Boiled|p1a: Clefable
|-heal|p1a: Clefable|100/100 tox
|move|p2a: Clefable|Moonblast|p1a: Clefable
|-damage|p1a: Clefable|68/100 tox
|
|-heal|p2a: Clefable|99/100|[from] item: Leftovers
|upkeep
|turn|84
|
|t:|1597185275
|move|p1a: Clefable|Thunder|p2a: Clefable|[miss]
|-miss|p1a: Clefable|p2a: Clefable
|move|p2a: Clefable|Moonblast|p1a: Clefable
|-damage|p1a: Clefable|37/100 tox
|
|-heal|p2a: Clefable|100/100|[from] item: Leftovers
|upkeep
|turn|85
|
|t:|1597185278
|move|p1a: Clefable|Soft-Boiled|p1a: Clefable
|-heal|p1a: Clefable|87/100 tox
|move|p2a: Clefable|Moonblast|p1a: Clefable
|-damage|p1a: Clefable|57/100 tox
|
|upkeep
|turn|86
|
|t:|1597185281
|switch|p1a: Jirachi|Jirachi|74/100
|-damage|p1a: Jirachi|68/100|[from] Stealth Rock
|move|p2a: Clefable|Moonblast|p1a: Jirachi
|-resisted|p1a: Jirachi
|-damage|p1a: Jirachi|58/100
|
|-heal|p1a: Jirachi|64/100|[from] item: Leftovers
|upkeep
|turn|87
|
|t:|1597185285
|move|p1a: Jirachi|Iron Head|p2a: Clefable
|-supereffective|p2a: Clefable
|-damage|p2a: Clefable|56/100
|move|p2a: Clefable|Knock Off|p1a: Jirachi
|-supereffective|p1a: Jirachi
|-damage|p1a: Jirachi|39/100
|-enditem|p1a: Jirachi|Leftovers|[from] move: Knock Off|[of] p2a: Clefable
|
|-heal|p2a: Clefable|62/100|[from] item: Leftovers
|upkeep
|turn|88
|
|t:|1597185294
|move|p1a: Jirachi|Wish|p1a: Jirachi
|move|p2a: Clefable|Soft-Boiled|p2a: Clefable
|-heal|p2a: Clefable|100/100
|
|upkeep
|turn|89
|j| Mengy 乁㋛ㄏ
|
|t:|1597185300
|switch|p2a: Toxapex|Toxapex, M|57/100
|move|p1a: Jirachi|Protect||[still]
|-fail|p1a: Jirachi
|
|-heal|p1a: Jirachi|89/100|[from] move: Wish|[wisher] Jirachi
|upkeep
|turn|90
|
|t:|1597185307
|switch|p1a: Clefable|Clefable, M|57/100 tox
|switch|p2a: Clefable|Clefable, F|100/100
|
|upkeep
|turn|91
|
|t:|1597185313
|switch|p1a: Jirachi|Jirachi|89/100
|-damage|p1a: Jirachi|83/100|[from] Stealth Rock
|move|p2a: Clefable|Moonblast|p1a: Jirachi
|-resisted|p1a: Jirachi
|-damage|p1a: Jirachi|73/100
|
|upkeep
|turn|92
|
|t:|1597185318
|switch|p1a: Clefable|Clefable, M|57/100 tox
|switch|p2a: Toxapex|Toxapex, M|90/100
|
|upkeep
|turn|93
|j| baconeatinassassin
|l| Askov
|
|t:|1597185324
|switch|p2a: Clefable|Clefable, F|100/100
|move|p1a: Clefable|Soft-Boiled|p1a: Clefable
|-heal|p1a: Clefable|100/100 tox
|
|upkeep
|turn|94
|j| NevilleLovegood
|l| LT71LX Cha
|j| LT71LX INSULT
|j| reje
|l| Mengy 乁㋛ㄏ
|n|☆LT71LX John W|lt71lxjohnw
|inactive|LT71LX John W has 120 seconds left.
|
|t:|1597185360
|switch|p2a: Blissey|Blissey, F|61/100
|move|p1a: Clefable|Thunder|p2a: Blissey
|-damage|p2a: Blissey|51/100
|
|upkeep
|turn|95
|
|t:|1597185365
|switch|p1a: Tangrowth|Tangrowth, M|68/100
|-damage|p1a: Tangrowth|55/100|[from] Stealth Rock
|move|p2a: Blissey|Soft-Boiled|p2a: Blissey
|-heal|p2a: Blissey|100/100
|
|upkeep
|turn|96
|
|t:|1597185370
|switch|p1a: Clefable|Clefable, M|100/100 tox
|move|p2a: Blissey|Toxic|p1a: Clefable
|-fail|p1a: Clefable|tox
|
|upkeep
|turn|97
|n|+Analytic|lt71lxanalytic
|
|t:|1597185375
|switch|p1a: Tangrowth|Tangrowth, M|89/100
|-damage|p1a: Tangrowth|76/100|[from] Stealth Rock
|move|p2a: Blissey|Toxic|p1a: Tangrowth
|-status|p1a: Tangrowth|tox
|
|-damage|p1a: Tangrowth|70/100 tox|[from] psn
|upkeep
|turn|98
|
|t:|1597185382
|switch|p1a: Clefable|Clefable, M|100/100 tox
|move|p2a: Blissey|Seismic Toss|p1a: Clefable
|-damage|p1a: Clefable|74/100 tox
|
|upkeep
|turn|99
|
|t:|1597185387
|switch|p1a: Tangrowth|Tangrowth, M|100/100 tox
|-damage|p1a: Tangrowth|88/100 tox|[from] Stealth Rock
|move|p2a: Blissey|Teleport|p2a: Blissey
|
|t:|1597185390
|switch|p2a: Clefable|Clefable, F|100/100|[from]move: Teleport
|
|-damage|p1a: Tangrowth|82/100 tox|[from] psn
|upkeep
|turn|100
|
|t:|1597185394
|switch|p2a: Blissey|Blissey, F|100/100
|switch|p1a: Jirachi|Jirachi|73/100
|-damage|p1a: Jirachi|67/100|[from] Stealth Rock
|
|upkeep
|turn|101
|j| AAA_Batteriess
|
|t:|1597185399
|move|p1a: Jirachi|Wish|p1a: Jirachi
|move|p2a: Blissey|Seismic Toss|p1a: Jirachi
|-damage|p1a: Jirachi|42/100
|
|upkeep
|turn|102
|j| LT71LX VTFroakies
|
|t:|1597185403
|switch|p2a: Toxapex|Toxapex, M|100/100
|move|p1a: Jirachi|Protect||[still]
|-fail|p1a: Jirachi
|
|-heal|p1a: Jirachi|92/100|[from] move: Wish|[wisher] Jirachi
|upkeep
|turn|103
|l| LT71LX VTFroakies
|
|t:|1597185409
|switch|p1a: Clefable|Clefable, M|74/100 tox
|move|p2a: Toxapex|Knock Off|p1a: Clefable
|-resisted|p1a: Clefable
|-crit|p1a: Clefable
|-damage|p1a: Clefable|64/100 tox
|
|upkeep
|turn|104
|
|t:|1597185413
|switch|p1a: Tangrowth|Tangrowth, M|100/100 tox
|-damage|p1a: Tangrowth|88/100 tox|[from] Stealth Rock
|switch|p2a: Blissey|Blissey, F|100/100
|
|-damage|p1a: Tangrowth|82/100 tox|[from] psn
|upkeep
|turn|105
|
|t:|1597185423
|switch|p1a: Clefable|Clefable, M|64/100 tox
|move|p2a: Blissey|Seismic Toss|p1a: Clefable
|-damage|p1a: Clefable|38/100 tox
|
|upkeep
|turn|106
|
|t:|1597185427
|move|p1a: Clefable|Soft-Boiled|p1a: Clefable
|-heal|p1a: Clefable|88/100 tox
|move|p2a: Blissey|Seismic Toss|p1a: Clefable
|-damage|p1a: Clefable|62/100 tox
|
|upkeep
|turn|107
|
|t:|1597185433
|move|p1a: Clefable|Flamethrower|p2a: Blissey
|-damage|p2a: Blissey|91/100
|move|p2a: Blissey|Teleport|p2a: Blissey
|j| TNI Jake M
|
|t:|1597185436
|switch|p2a: Clefable|Clefable, F|100/100|[from]move: Teleport
|
|upkeep
|turn|108
|
|t:|1597185440
|switch|p1a: Jirachi|Jirachi|92/100
|-damage|p1a: Jirachi|86/100|[from] Stealth Rock
|move|p2a: Clefable|Moonblast|p1a: Jirachi
|-resisted|p1a: Jirachi
|-damage|p1a: Jirachi|76/100
|-unboost|p1a: Jirachi|spa|1
|
|upkeep
|turn|109
|
|t:|1597185444
|switch|p1a: Clefable|Clefable, M|62/100 tox
|move|p2a: Clefable|Knock Off|p1a: Clefable
|-resisted|p1a: Clefable
|-damage|p1a: Clefable|56/100 tox
|
|upkeep
|turn|110
|
|t:|1597185450
|switch|p1a: Tangrowth|Tangrowth, M|100/100 tox
|-damage|p1a: Tangrowth|88/100 tox|[from] Stealth Rock
|switch|p2a: Blissey|Blissey, F|91/100
|
|-damage|p1a: Tangrowth|82/100 tox|[from] psn
|upkeep
|turn|111
|
|t:|1597185459
|move|p1a: Tangrowth|Leech Seed|p2a: Blissey
|-start|p2a: Blissey|move: Leech Seed
|move|p2a: Blissey|Teleport|p2a: Blissey
|
|t:|1597185461
|switch|p2a: Kyurem|Kyurem|100/100|[from]move: Teleport
|-ability|p2a: Kyurem|Pressure
|
|-damage|p1a: Tangrowth|70/100 tox|[from] psn
|upkeep
|turn|112
|
|t:|1597185466
|switch|p1a: Jirachi|Jirachi|76/100
|-damage|p1a: Jirachi|70/100|[from] Stealth Rock
|move|p2a: Kyurem|Freeze-Dry|p1a: Jirachi
|-resisted|p1a: Jirachi
|-damage|p1a: Jirachi|60/100
|
|upkeep
|turn|113
|j| March Fires
|
|t:|1597185469
|move|p2a: Kyurem|Substitute|p2a: Kyurem
|-start|p2a: Kyurem|Substitute
|-damage|p2a: Kyurem|76/100
|move|p1a: Jirachi|Wish|p1a: Jirachi
|
|upkeep
|turn|114
|
|t:|1597185477
|move|p1a: Jirachi|Protect|p1a: Jirachi
|-singleturn|p1a: Jirachi|Protect
|move|p2a: Kyurem|Freeze-Dry|p1a: Jirachi
|-activate|p1a: Jirachi|move: Protect
|
|-heal|p1a: Jirachi|100/100|[from] move: Wish|[wisher] Jirachi
|upkeep
|turn|115
|
|t:|1597185479
|move|p2a: Kyurem|Freeze-Dry|p1a: Jirachi
|-resisted|p1a: Jirachi
|-damage|p1a: Jirachi|91/100
|move|p1a: Jirachi|Iron Head|p2a: Kyurem
|-supereffective|p2a: Kyurem
|-end|p2a: Kyurem|Substitute
|
|upkeep
|turn|116
|
|t:|1597185486
|switch|p2a: Toxapex|Toxapex, M|100/100
|move|p1a: Jirachi|U-turn|p2a: Toxapex
|-resisted|p2a: Toxapex
|-damage|p2a: Toxapex|95/100
|-damage|p1a: Jirachi|74/100|[from] item: Rocky Helmet|[of] p2a: Toxapex
|
|t:|1597185490
|switch|p1a: Gardevoir|Gardevoir, F|65/100 brn|[from]move: U-turn
|-damage|p1a: Gardevoir|52/100 brn|[from] Stealth Rock
|-ability|p1a: Gardevoir|Regenerator|[from] ability: Trace|[of] p2a: Toxapex
|
|-damage|p1a: Gardevoir|46/100 brn|[from] brn
|upkeep
|turn|117
|
|t:|1597185494
|switch|p1a: Clefable|Clefable, M|56/100 tox
|move|p2a: Toxapex|Knock Off|p1a: Clefable
|-resisted|p1a: Clefable
|-damage|p1a: Clefable|50/100 tox
|
|upkeep
|turn|118
|
|t:|1597185500
|switch|p1a: Tangrowth|Tangrowth, M|100/100 tox
|-damage|p1a: Tangrowth|88/100 tox|[from] Stealth Rock
|move|p2a: Toxapex|Scald|p1a: Tangrowth
|-resisted|p1a: Tangrowth
|-damage|p1a: Tangrowth|78/100 tox
|
|-damage|p1a: Tangrowth|72/100 tox|[from] psn
|upkeep
|turn|119
|l| March Fires
|
|t:|1597185503
|switch|p1a: Clefable|Clefable, M|50/100 tox
|switch|p2a: Blissey|Blissey, F|91/100
|
|upkeep
|turn|120
|
|t:|1597185506
|switch|p1a: Tangrowth|Tangrowth, M|100/100 tox
|-damage|p1a: Tangrowth|88/100 tox|[from] Stealth Rock
|move|p2a: Blissey|Teleport|p2a: Blissey
|
|t:|1597185508
|switch|p2a: Kyurem|Kyurem|76/100|[from]move: Teleport
|-ability|p2a: Kyurem|Pressure
|
|-damage|p1a: Tangrowth|82/100 tox|[from] psn
|upkeep
|turn|121
|
|t:|1597185512
|switch|p1a: Jirachi|Jirachi|74/100
|-damage|p1a: Jirachi|68/100|[from] Stealth Rock
|move|p2a: Kyurem|Freeze-Dry|p1a: Jirachi
|-resisted|p1a: Jirachi
|-damage|p1a: Jirachi|57/100
|
|upkeep
|turn|122
|
|t:|1597185515
|move|p2a: Kyurem|Freeze-Dry|p1a: Jirachi
|-resisted|p1a: Jirachi
|-damage|p1a: Jirachi|47/100
|move|p1a: Jirachi|Wish|p1a: Jirachi
|
|upkeep
|turn|123
|
|t:|1597185522
|switch|p2a: Toxapex|Toxapex, M|100/100
|move|p1a: Jirachi|Protect||[still]
|-fail|p1a: Jirachi
|
|-heal|p1a: Jirachi|97/100|[from] move: Wish|[wisher] Jirachi
|upkeep
|turn|124
|
|t:|1597185527
|switch|p1a: Tangrowth|Tangrowth, M|100/100 tox
|-damage|p1a: Tangrowth|88/100 tox|[from] Stealth Rock
|move|p2a: Toxapex|Knock Off|p1a: Tangrowth
|-damage|p1a: Tangrowth|82/100 tox
|
|-damage|p1a: Tangrowth|76/100 tox|[from] psn
|upkeep
|turn|125
|
|t:|1597185532
|move|p1a: Tangrowth|Knock Off|p2a: Toxapex
|-damage|p2a: Toxapex|87/100
|-damage|p1a: Tangrowth|59/100 tox|[from] item: Rocky Helmet|[of] p2a: Toxapex
|-enditem|p2a: Toxapex|Rocky Helmet|[from] move: Knock Off|[of] p1a: Tangrowth
|move|p2a: Toxapex|Knock Off|p1a: Tangrowth
|-damage|p1a: Tangrowth|54/100 tox
|
|-damage|p1a: Tangrowth|42/100 tox|[from] psn
|upkeep
|turn|126
|j| mawilemt
|
|t:|1597185535
|switch|p1a: Clefable|Clefable, M|50/100 tox
|switch|p2a: Blissey|Blissey, F|91/100
|
|upkeep
|turn|127
|
|t:|1597185541
|move|p1a: Clefable|Soft-Boiled|p1a: Clefable
|-heal|p1a: Clefable|100/100 tox
|move|p2a: Blissey|Teleport|p2a: Blissey
|
|t:|1597185543
|switch|p2a: Clefable|Clefable, F|100/100|[from]move: Teleport
|
|upkeep
|turn|128
|
|t:|1597185548
|switch|p2a: Blissey|Blissey, F|91/100
|move|p1a: Clefable|Thunder|p2a: Blissey
|-damage|p2a: Blissey|80/100
|-status|p2a: Blissey|par
|
|upkeep
|turn|129
|l| MexicanGaymer
|
|t:|1597185553
|switch|p1a: Dragalge|Dragalge, M|85/100
|-damage|p1a: Dragalge|72/100|[from] Stealth Rock
|move|p2a: Blissey|Teleport|p2a: Blissey
|l| AAA_Batteriess
|
|t:|1597185557
|-curestatus|p2a: Blissey|par|[from] ability: Natural Cure
|switch|p2a: Toxapex|Toxapex, M|100/100|[from]move: Teleport
|
|-heal|p1a: Dragalge|78/100|[from] item: Black Sludge
|upkeep
|turn|130
|
|t:|1597185562
|move|p1a: Dragalge|Protect|p1a: Dragalge
|-singleturn|p1a: Dragalge|Protect
|move|p2a: Toxapex|Knock Off|p1a: Dragalge
|-activate|p1a: Dragalge|move: Protect
|
|-heal|p1a: Dragalge|84/100|[from] item: Black Sludge
|upkeep
|turn|131
|
|t:|1597185565
|switch|p1a: Tangrowth|Tangrowth, M|75/100 tox
|-damage|p1a: Tangrowth|63/100 tox|[from] Stealth Rock
|move|p2a: Toxapex|Knock Off|p1a: Tangrowth
|-damage|p1a: Tangrowth|57/100 tox
|
|-damage|p1a: Tangrowth|51/100 tox|[from] psn
|upkeep
|turn|132
|
|t:|1597185570
|switch|p1a: Clefable|Clefable, M|100/100 tox
|move|p2a: Toxapex|Scald|p1a: Clefable
|-damage|p1a: Clefable|85/100 tox
|
|upkeep
|turn|133
|
|t:|1597185573
|switch|p1a: Tangrowth|Tangrowth, M|84/100 tox
|-damage|p1a: Tangrowth|72/100 tox|[from] Stealth Rock
|switch|p2a: Blissey|Blissey, F|80/100
|
|-damage|p1a: Tangrowth|65/100 tox|[from] psn
|upkeep
|turn|134
|
|t:|1597185581
|switch|p1a: Clefable|Clefable, M|85/100 tox
|move|p2a: Blissey|Teleport|p2a: Blissey
|l| met gala
|
|t:|1597185584
|switch|p2a: Clefable|Clefable, F|100/100|[from]move: Teleport
|
|upkeep
|turn|135
|j| Sificon
|
|t:|1597185587
|switch|p1a: Tangrowth|Tangrowth, M|99/100 tox
|-damage|p1a: Tangrowth|86/100 tox|[from] Stealth Rock
|switch|p2a: Blissey|Blissey, F|80/100
|
|-damage|p1a: Tangrowth|80/100 tox|[from] psn
|upkeep
|turn|136
|l| bro im
|
|t:|1597185591
|switch|p1a: Clefable|Clefable, M|85/100 tox
|move|p2a: Blissey|Seismic Toss|p1a: Clefable
|-damage|p1a: Clefable|59/100 tox
|
|upkeep
|turn|137
|j| LT71LX Sks
|
|t:|1597185596
|move|p1a: Clefable|Moonblast|p2a: Blissey
|-damage|p2a: Blissey|65/100
|move|p2a: Blissey|Teleport|p2a: Blissey
|
|t:|1597185598
|switch|p2a: Clefable|Clefable, F|100/100|[from]move: Teleport
|
|upkeep
|turn|138
|
|t:|1597185601
|switch|p1a: Tangrowth|Tangrowth, M|100/100 tox
|-damage|p1a: Tangrowth|88/100 tox|[from] Stealth Rock
|move|p2a: Clefable|Moonblast|p1a: Tangrowth
|-damage|p1a: Tangrowth|41/100 tox
|
|-damage|p1a: Tangrowth|34/100 tox|[from] psn
|upkeep
|turn|139
|l| hipster garbage
|
|t:|1597185604
|switch|p1a: Clefable|Clefable, M|59/100 tox
|move|p2a: Clefable|Knock Off|p1a: Clefable
|-resisted|p1a: Clefable
|-damage|p1a: Clefable|53/100 tox
|
|upkeep
|turn|140
|
|t:|1597185608
|switch|p1a: Jirachi|Jirachi|97/100
|-damage|p1a: Jirachi|90/100|[from] Stealth Rock
|move|p2a: Clefable|Moonblast|p1a: Jirachi
|-resisted|p1a: Jirachi
|-damage|p1a: Jirachi|81/100
|
|upkeep
|turn|141
|j| edugamer100
|l| BoomBoomBoo
|
|t:|1597185611
|switch|p1a: Clefable|Clefable, M|53/100 tox
|move|p2a: Clefable|Knock Off|p1a: Clefable
|-resisted|p1a: Clefable
|-damage|p1a: Clefable|47/100 tox
|
|upkeep
|turn|142
|
|t:|1597185616
|switch|p2a: Blissey|Blissey, F|65/100
|move|p1a: Clefable|Soft-Boiled|p1a: Clefable
|-heal|p1a: Clefable|97/100 tox
|
|upkeep
|turn|143
|j| AAA_Batteriess
|
|t:|1597185620
|switch|p1a: Mandibuzz|Mandibuzz, F|100/100
|move|p2a: Blissey|Teleport|p2a: Blissey
|
|t:|1597185623
|switch|p2a: Clefable|Clefable, F|100/100|[from]move: Teleport
|
|upkeep
|turn|144
|
|t:|1597185629
|switch|p1a: Tangrowth|Tangrowth, M|68/100 tox
|-damage|p1a: Tangrowth|55/100 tox|[from] Stealth Rock
|move|p2a: Clefable|Moonblast|p1a: Tangrowth
|-damage|p1a: Tangrowth|11/100 tox
|
|-damage|p1a: Tangrowth|5/100 tox|[from] psn
|upkeep
|turn|145
|
|t:|1597185639
|switch|p1a: Clefable|Clefable, M|97/100 tox
|move|p2a: Clefable|Moonblast|p1a: Clefable
|-damage|p1a: Clefable|65/100 tox
|
|upkeep
|turn|146
|j| lt71lx ACII
|
|t:|1597185645
|switch|p2a: Blissey|Blissey, F|65/100
|move|p1a: Clefable|Moonblast|p2a: Blissey
|-damage|p2a: Blissey|51/100
|
|upkeep
|turn|147
|
|t:|1597185650
|switch|p1a: Dragalge|Dragalge, M|84/100
|-damage|p1a: Dragalge|72/100|[from] Stealth Rock
|move|p2a: Blissey|Soft-Boiled|p2a: Blissey
|-heal|p2a: Blissey|100/100
|
|-heal|p1a: Dragalge|78/100|[from] item: Black Sludge
|upkeep
|turn|148
|
|t:|1597185653
|move|p1a: Dragalge|Protect|p1a: Dragalge
|-singleturn|p1a: Dragalge|Protect
|move|p2a: Blissey|Teleport|p2a: Blissey
|l| lt71lx ACII
|
|t:|1597185657
|switch|p2a: Kyurem|Kyurem|76/100|[from]move: Teleport
|-ability|p2a: Kyurem|Pressure
|
|-heal|p1a: Dragalge|84/100|[from] item: Black Sludge
|upkeep
|turn|149
|
|t:|1597185661
|move|p2a: Kyurem|Substitute|p2a: Kyurem
|-start|p2a: Kyurem|Substitute
|-damage|p2a: Kyurem|51/100
|move|p1a: Dragalge|Sludge Bomb|p2a: Kyurem
|-end|p2a: Kyurem|Substitute
|
|-heal|p1a: Dragalge|90/100|[from] item: Black Sludge
|upkeep
|turn|150
|
|t:|1597185666
|switch|p2a: Toxapex|Toxapex, M|100/100
|move|p1a: Dragalge|Sludge Bomb|p2a: Toxapex
|-resisted|p2a: Toxapex
|-damage|p2a: Toxapex|84/100
|
|-heal|p1a: Dragalge|96/100|[from] item: Black Sludge
|upkeep
|turn|151
|
|t:|1597185673
|move|p1a: Dragalge|Protect|p1a: Dragalge
|-singleturn|p1a: Dragalge|Protect
|move|p2a: Toxapex|Knock Off|p1a: Dragalge
|-activate|p1a: Dragalge|move: Protect
|
|-heal|p1a: Dragalge|100/100|[from] item: Black Sludge
|upkeep
|turn|152
|
|t:|1597185677
|switch|p1a: Clefable|Clefable, M|65/100 tox
|move|p2a: Toxapex|Knock Off|p1a: Clefable
|-resisted|p1a: Clefable
|-damage|p1a: Clefable|59/100 tox
|
|upkeep
|turn|153
|
|t:|1597185681
|switch|p1a: Tangrowth|Tangrowth, M|38/100 tox
|-damage|p1a: Tangrowth|26/100 tox|[from] Stealth Rock
|switch|p2a: Blissey|Blissey, F|100/100
|
|-damage|p1a: Tangrowth|20/100 tox|[from] psn
|upkeep
|turn|154
|
|t:|1597185685
|switch|p1a: Clefable|Clefable, M|59/100 tox
|move|p2a: Blissey|Seismic Toss|p1a: Clefable
|-damage|p1a: Clefable|32/100 tox
|
|upkeep
|turn|155
|
|t:|1597185690
|move|p1a: Clefable|Soft-Boiled|p1a: Clefable
|-heal|p1a: Clefable|82/100 tox
|move|p2a: Blissey|Seismic Toss|p1a: Clefable
|-damage|p1a: Clefable|56/100 tox
|
|upkeep
|turn|156
|
|t:|1597185697
|switch|p1a: Mandibuzz|Mandibuzz, F|100/100
|move|p2a: Blissey|Teleport|p2a: Blissey
|j| prada shoes
|
|t:|1597185700
|switch|p2a: Clefable|Clefable, F|100/100|[from]move: Teleport
|
|upkeep
|turn|157
|j| met gala
|
|t:|1597185704
|switch|p1a: Jirachi|Jirachi|81/100
|-damage|p1a: Jirachi|75/100|[from] Stealth Rock
|move|p2a: Clefable|Knock Off|p1a: Jirachi
|-supereffective|p1a: Jirachi
|-damage|p1a: Jirachi|58/100
|
|upkeep
|turn|158
|
|t:|1597185707
|move|p1a: Jirachi|Iron Head|p2a: Clefable
|-supereffective|p2a: Clefable
|-damage|p2a: Clefable|57/100
|cant|p2a: Clefable|flinch
|
|-heal|p2a: Clefable|63/100|[from] item: Leftovers
|upkeep
|turn|159
|
|t:|1597185715
|switch|p1a: Gardevoir|Gardevoir, F|80/100 brn
|-damage|p1a: Gardevoir|67/100 brn|[from] Stealth Rock
|-ability|p1a: Gardevoir|Magic Guard|[from] ability: Trace|[of] p2a: Clefable
|switch|p2a: Toxapex|Toxapex, M|100/100
|
|upkeep
|turn|160
|
|t:|1597185721
|move|p1a: Gardevoir|Psyshock|p2a: Toxapex
|-supereffective|p2a: Toxapex
|-damage|p2a: Toxapex|36/100
|move|p2a: Toxapex|Knock Off|p1a: Gardevoir
|-damage|p1a: Gardevoir|48/100 brn
|
|upkeep
|turn|161
|
|t:|1597185728
|switch|p2a: Blissey|Blissey, F|100/100
|move|p1a: Gardevoir|Psyshock|p2a: Blissey
|-damage|p2a: Blissey|61/100
|
|upkeep
|turn|162
|l| LT71LX Sks
|
|t:|1597185739
|move|p1a: Gardevoir|Psyshock|p2a: Blissey
|-damage|p2a: Blissey|21/100
|move|p2a: Blissey|Soft-Boiled|p2a: Blissey
|-heal|p2a: Blissey|71/100
|
|upkeep
|turn|163
|
|t:|1597185749
|move|p1a: Gardevoir|Psyshock|p2a: Blissey
|-damage|p2a: Blissey|28/100
|move|p2a: Blissey|Soft-Boiled|p2a: Blissey
|-heal|p2a: Blissey|78/100
|
|upkeep
|turn|164
|j| LT71LX Sks
|
|t:|1597185768
|move|p1a: Gardevoir|Psyshock|p2a: Blissey
|-crit|p2a: Blissey
|-damage|p2a: Blissey|14/100
|move|p2a: Blissey|Soft-Boiled|p2a: Blissey
|-heal|p2a: Blissey|64/100
|
|upkeep
|turn|165
|
|t:|1597185773
|move|p1a: Gardevoir|Psyshock|p2a: Blissey
|-damage|p2a: Blissey|17/100
|move|p2a: Blissey|Soft-Boiled|p2a: Blissey
|-heal|p2a: Blissey|67/100
|
|upkeep
|turn|166
|
|t:|1597185779
|move|p1a: Gardevoir|Psyshock|p2a: Blissey
|-damage|p2a: Blissey|21/100
|move|p2a: Blissey|Teleport|p2a: Blissey
|l| utah jasmine fo
|
|t:|1597185781
|switch|p2a: Kyurem|Kyurem|51/100|[from]move: Teleport
|-ability|p2a: Kyurem|Pressure
|
|upkeep
|turn|167
|
|t:|1597185788
|switch|p1a: Jirachi|Jirachi|58/100
|-damage|p1a: Jirachi|51/100|[from] Stealth Rock
|move|p2a: Kyurem|Icicle Spear|p1a: Jirachi
|-resisted|p1a: Jirachi
|-damage|p1a: Jirachi|46/100
|-resisted|p1a: Jirachi
|-damage|p1a: Jirachi|41/100
|-hitcount|p1a: Jirachi|2
|
|upkeep
|turn|168
|l| outu dac
|
|t:|1597185792
|move|p2a: Kyurem|Roost|p2a: Kyurem
|-heal|p2a: Kyurem|100/100
|-singleturn|p2a: Kyurem|move: Roost
|move|p1a: Jirachi|Wish|p1a: Jirachi
|
|upkeep
|turn|169
|l| cum stained
|
|t:|1597185794
|move|p2a: Kyurem|Substitute|p2a: Kyurem
|-start|p2a: Kyurem|Substitute
|-damage|p2a: Kyurem|76/100
|move|p1a: Jirachi|Iron Head|p2a: Kyurem
|-supereffective|p2a: Kyurem
|-end|p2a: Kyurem|Substitute
|
|-heal|p1a: Jirachi|91/100|[from] move: Wish|[wisher] Jirachi
|upkeep
|turn|170
|
|t:|1597185804
|move|p2a: Kyurem|Freeze-Dry|p1a: Jirachi
|-resisted|p1a: Jirachi
|-damage|p1a: Jirachi|79/100
|move|p1a: Jirachi|Wish|p1a: Jirachi
|
|upkeep
|turn|171
|
|t:|1597185808
|move|p2a: Kyurem|Substitute|p2a: Kyurem
|-start|p2a: Kyurem|Substitute
|-damage|p2a: Kyurem|51/100
|move|p1a: Jirachi|U-turn|p2a: Kyurem
|-activate|p2a: Kyurem|move: Substitute|[damage]
|
|t:|1597185811
|switch|p1a: Gardevoir|Gardevoir, F|48/100 brn|[from]move: U-turn
|-damage|p1a: Gardevoir|36/100 brn|[from] Stealth Rock
|-ability|p1a: Gardevoir|Pressure|[from] ability: Trace|[of] p2a: Kyurem
|-ability|p1a: Gardevoir|Pressure
|
|-heal|p1a: Gardevoir|100/100 brn|[from] move: Wish|[wisher] Jirachi
|-damage|p1a: Gardevoir|94/100 brn|[from] brn
|upkeep
|turn|172
|
|t:|1597185814
|switch|p1a: Jirachi|Jirachi|79/100
|-damage|p1a: Jirachi|73/100|[from] Stealth Rock
|move|p2a: Kyurem|Freeze-Dry|p1a: Jirachi
|-resisted|p1a: Jirachi
|-damage|p1a: Jirachi|62/100
|
|upkeep
|turn|173
|
|t:|1597185817
|move|p2a: Kyurem|Freeze-Dry|p1a: Jirachi
|-resisted|p1a: Jirachi
|-damage|p1a: Jirachi|52/100
|move|p1a: Jirachi|Iron Head|p2a: Kyurem
|-supereffective|p2a: Kyurem
|-crit|p2a: Kyurem
|-end|p2a: Kyurem|Substitute
|
|upkeep
|turn|174
|
|t:|1597185821
|move|p2a: Kyurem|Roost|p2a: Kyurem
|-heal|p2a: Kyurem|100/100
|-singleturn|p2a: Kyurem|move: Roost
|move|p1a: Jirachi|Wish|p1a: Jirachi
|
|upkeep
|turn|175
|
|t:|1597185828
|move|p2a: Kyurem|Substitute|p2a: Kyurem
|-start|p2a: Kyurem|Substitute
|-damage|p2a: Kyurem|76/100
|move|p1a: Jirachi|Iron Head|p2a: Kyurem
|-supereffective|p2a: Kyurem
|-end|p2a: Kyurem|Substitute
|
|-heal|p1a: Jirachi|100/100|[from] move: Wish|[wisher] Jirachi
|upkeep
|turn|176
|l| Leo
|
|t:|1597185836
|move|p2a: Kyurem|Substitute|p2a: Kyurem
|-start|p2a: Kyurem|Substitute
|-damage|p2a: Kyurem|51/100
|move|p1a: Jirachi|Iron Head|p2a: Kyurem
|-supereffective|p2a: Kyurem
|-end|p2a: Kyurem|Substitute
|
|upkeep
|turn|177
|l| NevilleLovegood
|j| no 1 john w hater
|
|t:|1597185845
|move|p2a: Kyurem|Substitute|p2a: Kyurem
|-start|p2a: Kyurem|Substitute
|-damage|p2a: Kyurem|26/100
|move|p1a: Jirachi|Iron Head|p2a: Kyurem
|-supereffective|p2a: Kyurem
|-end|p2a: Kyurem|Substitute
|
|upkeep
|turn|178
|l| Obssesive ADHD
|
|t:|1597185855
|move|p2a: Kyurem|Roost|p2a: Kyurem
|-heal|p2a: Kyurem|76/100
|-singleturn|p2a: Kyurem|move: Roost
|move|p1a: Jirachi|U-turn|p2a: Kyurem
|-damage|p2a: Kyurem|59/100
|
|t:|1597185859
|switch|p1a: Clefable|Clefable, M|56/100 tox|[from]move: U-turn
|
|upkeep
|turn|179
|
|t:|1597185866
|switch|p2a: Toxapex|Toxapex, M|70/100
|move|p1a: Clefable|Moonblast|p2a: Toxapex
|-resisted|p2a: Toxapex
|-damage|p2a: Toxapex|56/100
|
|upkeep
|turn|180
|j| Obn Clef
|l| mawilemt
|inactive|LT71LX John W has 120 seconds left.
|j| jej idiota
|
|t:|1597185901
|move|p1a: Clefable|Moonblast|p2a: Toxapex
|-resisted|p2a: Toxapex
|-damage|p2a: Toxapex|40/100
|-unboost|p2a: Toxapex|spa|1
|move|p2a: Toxapex|Recover|p2a: Toxapex
|-heal|p2a: Toxapex|90/100
|
|upkeep
|turn|181
|l| no 1 john w hater
|
|t:|1597185915
|move|p1a: Clefable|Moonblast|p2a: Toxapex
|-resisted|p2a: Toxapex
|-damage|p2a: Toxapex|75/100
|-unboost|p2a: Toxapex|spa|1
|move|p2a: Toxapex|Scald|p1a: Clefable
|-damage|p1a: Clefable|48/100 tox
|
|upkeep
|turn|182
|j| yugiohvn
|j| Nacho Varga
|l| Sificon
|
|t:|1597185929
|move|p1a: Clefable|Moonblast|p2a: Toxapex
|-resisted|p2a: Toxapex
|-damage|p2a: Toxapex|61/100
|move|p2a: Toxapex|Recover|p2a: Toxapex
|-heal|p2a: Toxapex|100/100
|
|upkeep
|turn|183
|
|t:|1597185932
|move|p1a: Clefable|Thunder|p2a: Toxapex
|-supereffective|p2a: Toxapex
|-damage|p2a: Toxapex|56/100
|-status|p2a: Toxapex|par
|move|p2a: Toxapex|Haze|p2a: Toxapex
|-clearallboost
|
|upkeep
|turn|184
|l| Nacho Varga
|l| yugiohvn
|
|t:|1597185937
|switch|p1a: Gardevoir|Gardevoir, F|94/100 brn
|-damage|p1a: Gardevoir|82/100 brn|[from] Stealth Rock
|-ability|p1a: Gardevoir|Regenerator|[from] ability: Trace|[of] p2a: Toxapex
|move|p2a: Toxapex|Recover|p2a: Toxapex
|-heal|p2a: Toxapex|100/100 par
|
|-damage|p1a: Gardevoir|76/100 brn|[from] brn
|upkeep
|turn|185
|
|t:|1597185945
|move|p1a: Gardevoir|Psychic|p2a: Toxapex
|-supereffective|p2a: Toxapex
|-damage|p2a: Toxapex|25/100 par
|move|p2a: Toxapex|Recover|p2a: Toxapex
|-heal|p2a: Toxapex|75/100 par
|
|-damage|p1a: Gardevoir|70/100 brn|[from] brn
|upkeep
|turn|186
|
|t:|1597185951
|switch|p2a: Corviknight|Corviknight, F|62/100 slp
|-ability|p2a: Corviknight|Pressure
|move|p1a: Gardevoir|Psychic|p2a: Corviknight
|-resisted|p2a: Corviknight
|-damage|p2a: Corviknight|37/100 slp
|-unboost|p2a: Corviknight|spd|1
|
|-damage|p1a: Gardevoir|64/100 brn|[from] brn
|upkeep
|turn|187
|l| Tech-tical
|
|t:|1597185961
|move|p1a: Gardevoir|Psychic|p2a: Corviknight
|-resisted|p2a: Corviknight
|-damage|p2a: Corviknight|0 fnt
|faint|p2a: Corviknight
|
|-damage|p1a: Gardevoir|58/100 brn|[from] brn
|upkeep
|
|t:|1597185963
|switch|p2a: Kyurem|Kyurem|59/100
|-ability|p2a: Kyurem|Pressure
|turn|188
|l| prada shoes
|
|t:|1597185973
|switch|p1a: Jirachi|Jirachi|100/100
|-damage|p1a: Jirachi|94/100|[from] Stealth Rock
|move|p2a: Kyurem|Substitute|p2a: Kyurem
|-start|p2a: Kyurem|Substitute
|-damage|p2a: Kyurem|34/100
|
|upkeep
|turn|189
|n| WIEL|obnclef
|
|t:|1597185990
|move|p2a: Kyurem|Roost|p2a: Kyurem
|-heal|p2a: Kyurem|84/100
|-singleturn|p2a: Kyurem|move: Roost
|move|p1a: Jirachi|U-turn|p2a: Kyurem
|-activate|p2a: Kyurem|move: Substitute|[damage]
|
|t:|1597185993
|switch|p1a: Dragalge|Dragalge, M|100/100|[from]move: U-turn
|-damage|p1a: Dragalge|88/100|[from] Stealth Rock
|
|-heal|p1a: Dragalge|94/100|[from] item: Black Sludge
|upkeep
|turn|190
|
|t:|1597185996
|switch|p1a: Jirachi|Jirachi|94/100
|-damage|p1a: Jirachi|88/100|[from] Stealth Rock
|move|p2a: Kyurem|Icicle Spear|p1a: Jirachi
|-resisted|p1a: Jirachi
|-damage|p1a: Jirachi|83/100
|-resisted|p1a: Jirachi
|-damage|p1a: Jirachi|78/100
|-resisted|p1a: Jirachi
|-damage|p1a: Jirachi|73/100
|-resisted|p1a: Jirachi
|-damage|p1a: Jirachi|68/100
|-resisted|p1a: Jirachi
|-damage|p1a: Jirachi|62/100
|-hitcount|p1a: Jirachi|5
|
|upkeep
|turn|191
|j| hipster garbage
|
|t:|1597186000
|move|p2a: Kyurem|Icicle Spear|p1a: Jirachi
|-resisted|p1a: Jirachi
|-damage|p1a: Jirachi|56/100
|-resisted|p1a: Jirachi
|-damage|p1a: Jirachi|51/100
|-hitcount|p1a: Jirachi|2
|move|p1a: Jirachi|U-turn|p2a: Kyurem
|-end|p2a: Kyurem|Substitute
|
|t:|1597186003
|switch|p1a: Clefable|Clefable, M|48/100 tox|[from]move: U-turn
|
|upkeep
|turn|192
|
|t:|1597186014
|move|p2a: Kyurem|Icicle Spear|p1a: Clefable
|-crit|p1a: Clefable
|-damage|p1a: Clefable|25/100 tox
|-damage|p1a: Clefable|10/100 tox
|-damage|p1a: Clefable|0 fnt
|-hitcount|p1a: Clefable|3
|faint|p1a: Clefable
|
|upkeep
|j| sdfgcf gjg''
|l| hipster garbage
|
|t:|1597186027
|switch|p1a: Dragalge|Dragalge, M|94/100
|-damage|p1a: Dragalge|82/100|[from] Stealth Rock
|turn|193
|l| Jytcampbell
|
|t:|1597186032
|move|p2a: Kyurem|Icicle Spear|p1a: Dragalge
|-supereffective|p1a: Dragalge
|-crit|p1a: Dragalge
|-damage|p1a: Dragalge|41/100
|-supereffective|p1a: Dragalge
|-damage|p1a: Dragalge|14/100
|-hitcount|p1a: Dragalge|2
|move|p1a: Dragalge|Sludge Bomb|p2a: Kyurem
|-damage|p2a: Kyurem|44/100
|
|-heal|p1a: Dragalge|20/100|[from] item: Black Sludge
|upkeep
|turn|194
|j| hipster garbage
|c| LT71LX ayouko|;;
|inactive|LT71LX John W has 90 seconds left.
|
|t:|1597186043
|move|p2a: Kyurem|Icicle Spear|p1a: Dragalge
|-supereffective|p1a: Dragalge
|-damage|p1a: Dragalge|0 fnt
|-hitcount|p1a: Dragalge|1
|faint|p1a: Dragalge
|
|upkeep
|
|t:|1597186045
|switch|p1a: Jirachi|Jirachi|51/100
|-damage|p1a: Jirachi|45/100|[from] Stealth Rock
|turn|195
|
|t:|1597186048
|move|p2a: Kyurem|Roost|p2a: Kyurem
|-heal|p2a: Kyurem|94/100
|-singleturn|p2a: Kyurem|move: Roost
|move|p1a: Jirachi|Iron Head|p2a: Kyurem
|-supereffective|p2a: Kyurem
|-damage|p2a: Kyurem|36/100
|
|upkeep
|turn|196
|
|t:|1597186055
|move|p2a: Kyurem|Roost|p2a: Kyurem
|-heal|p2a: Kyurem|86/100
|-singleturn|p2a: Kyurem|move: Roost
|move|p1a: Jirachi|Iron Head|p2a: Kyurem
|-supereffective|p2a: Kyurem
|-damage|p2a: Kyurem|25/100
|
|upkeep
|turn|197
|inactive|LT71LX John W has 90 seconds left.
|
|t:|1597186066
|switch|p2a: Toxapex|Toxapex, M|100/100 par
|move|p1a: Jirachi|Iron Head|p2a: Toxapex
|-resisted|p2a: Toxapex
|-damage|p2a: Toxapex|92/100 par
|
|upkeep
|turn|198
|j| Jytcampbell
|inactive|cclm has 120 seconds left.
|l| AAA_Batteriess
|l|+Analytic
|
|t:|1597186101
|move|p1a: Jirachi|Iron Head|p2a: Toxapex
|-resisted|p2a: Toxapex
|-damage|p2a: Toxapex|82/100 par
|cant|p2a: Toxapex|flinch
|
|upkeep
|turn|199
|l| LT71LX Gura
|
|t:|1597186107
|move|p1a: Jirachi|U-turn|p2a: Toxapex
|-resisted|p2a: Toxapex
|-damage|p2a: Toxapex|76/100 par
|
|t:|1597186109
|switch|p1a: Gardevoir|Gardevoir, F|91/100 brn|[from]move: U-turn
|-damage|p1a: Gardevoir|78/100 brn|[from] Stealth Rock
|-ability|p1a: Gardevoir|Regenerator|[from] ability: Trace|[of] p2a: Toxapex
|move|p2a: Toxapex|Scald|p1a: Gardevoir
|-damage|p1a: Gardevoir|63/100 brn
|
|-damage|p1a: Gardevoir|57/100 brn|[from] brn
|upkeep
|turn|200
|n| RokRocket|rokrocket
|
|t:|1597186117
|switch|p2a: Blissey|Blissey, F|21/100
|move|p1a: Gardevoir|Psychic|p2a: Blissey
|-damage|p2a: Blissey|4/100
|
|-damage|p1a: Gardevoir|51/100 brn|[from] brn
|upkeep
|turn|201
|
|t:|1597186123
|move|p1a: Gardevoir|Psychic|p2a: Blissey
|-damage|p2a: Blissey|0 fnt
|faint|p2a: Blissey
|
|-damage|p1a: Gardevoir|45/100 brn|[from] brn
|upkeep
|inactive|LT71LX John W has 60 seconds left.
|j| Nacho Varga
|n| RokRocket|rokrocket
|inactive|LT71LX John W has 30 seconds left.
|
|t:|1597186165
|switch|p2a: Clefable|Clefable, F|63/100
|turn|202
|
|t:|1597186172
|move|p1a: Gardevoir|Moonblast|p2a: Clefable
|-damage|p2a: Clefable|16/100
|move|p2a: Clefable|Soft-Boiled|p2a: Clefable
|-heal|p2a: Clefable|66/100
|
|-heal|p2a: Clefable|72/100|[from] item: Leftovers
|-damage|p1a: Gardevoir|38/100 brn|[from] brn
|upkeep
|turn|203
|inactive|cclm has 120 seconds left.
|inactive|LT71LX John W has 30 seconds left.
|
|t:|1597186179
|switch|p1a: Jirachi|Jirachi|45/100
|-damage|p1a: Jirachi|38/100|[from] Stealth Rock
|move|p2a: Clefable|Moonblast|p1a: Jirachi
|-resisted|p1a: Jirachi
|-damage|p1a: Jirachi|28/100
|
|-heal|p2a: Clefable|78/100|[from] item: Leftovers
|upkeep
|turn|204
|
|t:|1597186183
|move|p1a: Jirachi|Wish|p1a: Jirachi
|move|p2a: Clefable|Knock Off|p1a: Jirachi
|-supereffective|p1a: Jirachi
|-damage|p1a: Jirachi|12/100
|
|-heal|p2a: Clefable|85/100|[from] item: Leftovers
|upkeep
|turn|205
|inactive|LT71LX John W has 30 seconds left.
|
|t:|1597186191
|move|p1a: Jirachi|Protect|p1a: Jirachi
|-singleturn|p1a: Jirachi|Protect
|move|p2a: Clefable|Moonblast|p1a: Jirachi
|-activate|p1a: Jirachi|move: Protect
|
|-heal|p1a: Jirachi|62/100|[from] move: Wish|[wisher] Jirachi
|-heal|p2a: Clefable|91/100|[from] item: Leftovers
|upkeep
|turn|206
|inactive|LT71LX John W has 30 seconds left.
|
|t:|1597186197
|move|p1a: Jirachi|Wish|p1a: Jirachi
|move|p2a: Clefable|Moonblast|p1a: Jirachi
|-resisted|p1a: Jirachi
|-damage|p1a: Jirachi|52/100
|
|-heal|p2a: Clefable|97/100|[from] item: Leftovers
|upkeep
|turn|207
|inactive|LT71LX John W has 30 seconds left this turn.
|
|t:|1597186203
|move|p1a: Jirachi|Protect|p1a: Jirachi
|-singleturn|p1a: Jirachi|Protect
|move|p2a: Clefable|Moonblast|p1a: Jirachi
|-activate|p1a: Jirachi|move: Protect
|
|-heal|p1a: Jirachi|100/100|[from] move: Wish|[wisher] Jirachi
|-heal|p2a: Clefable|100/100|[from] item: Leftovers
|upkeep
|turn|208
|inactive|cclm has 120 seconds left.
|
|t:|1597186218
|move|p1a: Jirachi|Wish|p1a: Jirachi
|move|p2a: Clefable|Knock Off|p1a: Jirachi
|-supereffective|p1a: Jirachi
|-damage|p1a: Jirachi|83/100
|
|upkeep
|turn|209
|
|t:|1597186221
|move|p1a: Jirachi|U-turn|p2a: Clefable
|-resisted|p2a: Clefable
|-damage|p2a: Clefable|94/100
|
|t:|1597186224
|switch|p1a: Gardevoir|Gardevoir, F|72/100 brn|[from]move: U-turn
|-damage|p1a: Gardevoir|59/100 brn|[from] Stealth Rock
|-ability|p1a: Gardevoir|Magic Guard|[from] ability: Trace|[of] p2a: Clefable
|move|p2a: Clefable|Moonblast|p1a: Gardevoir
|-damage|p1a: Gardevoir|25/100 brn
|-unboost|p1a: Gardevoir|spa|1
|
|-heal|p1a: Gardevoir|98/100 brn|[from] move: Wish|[wisher] Jirachi
|-heal|p2a: Clefable|100/100|[from] item: Leftovers
|upkeep
|turn|210
|inactive|cclm has 120 seconds left.
|
|t:|1597186234
|switch|p1a: Jirachi|Jirachi|83/100
|-damage|p1a: Jirachi|76/100|[from] Stealth Rock
|move|p2a: Clefable|Knock Off|p1a: Jirachi
|-supereffective|p1a: Jirachi
|-damage|p1a: Jirachi|60/100
|
|upkeep
|turn|211
|j| she is summer
|
|t:|1597186241
|move|p1a: Jirachi|Wish|p1a: Jirachi
|move|p2a: Clefable|Knock Off|p1a: Jirachi
|-supereffective|p1a: Jirachi
|-damage|p1a: Jirachi|44/100
|
|upkeep
|turn|212
|
|t:|1597186244
|move|p1a: Jirachi|Protect|p1a: Jirachi
|-singleturn|p1a: Jirachi|Protect
|move|p2a: Clefable|Knock Off|p1a: Jirachi
|-activate|p1a: Jirachi|move: Protect
|
|-heal|p1a: Jirachi|94/100|[from] move: Wish|[wisher] Jirachi
|upkeep
|turn|213
|
|t:|1597186249
|move|p1a: Jirachi|Wish|p1a: Jirachi
|move|p2a: Clefable|Knock Off|p1a: Jirachi
|-supereffective|p1a: Jirachi
|-damage|p1a: Jirachi|77/100
|
|upkeep
|turn|214
|
|t:|1597186253
|move|p1a: Jirachi|U-turn|p2a: Clefable
|-resisted|p2a: Clefable
|-damage|p2a: Clefable|94/100
|
|t:|1597186256
|switch|p1a: Gardevoir|Gardevoir, F|98/100 brn|[from]move: U-turn
|-damage|p1a: Gardevoir|85/100 brn|[from] Stealth Rock
|-ability|p1a: Gardevoir|Magic Guard|[from] ability: Trace|[of] p2a: Clefable
|move|p2a: Clefable|Knock Off|p1a: Gardevoir
|-damage|p1a: Gardevoir|67/100 brn
|
|-heal|p1a: Gardevoir|100/100 brn|[from] move: Wish|[wisher] Jirachi
|-heal|p2a: Clefable|99/100|[from] item: Leftovers
|upkeep
|turn|215
|inactive|cclm has 120 seconds left.
|
|t:|1597186267
|move|p1a: Gardevoir|Moonblast|p2a: Clefable
|-damage|p2a: Clefable|52/100
|move|p2a: Clefable|Soft-Boiled|p2a: Clefable
|-heal|p2a: Clefable|100/100
|
|upkeep
|turn|216
|l| mofuke
|
|t:|1597186285
|move|p1a: Gardevoir|Moonblast|p2a: Clefable
|-damage|p2a: Clefable|51/100
|move|p2a: Clefable|Moonblast|p1a: Gardevoir
|-damage|p1a: Gardevoir|65/100 brn
|
|-heal|p2a: Clefable|57/100|[from] item: Leftovers
|upkeep
|turn|217
|
|t:|1597186293
|move|p1a: Gardevoir|Moonblast|p2a: Clefable
|-damage|p2a: Clefable|9/100
|-unboost|p2a: Clefable|spa|1
|move|p2a: Clefable|Moonblast|p1a: Gardevoir
|-damage|p1a: Gardevoir|43/100 brn
|
|-heal|p2a: Clefable|15/100|[from] item: Leftovers
|upkeep
|turn|218
|inactive|cclm has 120 seconds left.
|
|t:|1597186300
|move|p1a: Gardevoir|Psychic|p2a: Clefable
|-damage|p2a: Clefable|0 fnt
|faint|p2a: Clefable
|
|upkeep
|
|t:|1597186304
|switch|p2a: Kyurem|Kyurem|25/100
|-ability|p2a: Kyurem|Pressure
|turn|219
|inactive|cclm has 120 seconds left.
|
|t:|1597186311
|switch|p1a: Tangrowth|Tangrowth, M|53/100 tox
|-damage|p1a: Tangrowth|40/100 tox|[from] Stealth Rock
|move|p2a: Kyurem|Icicle Spear|p1a: Tangrowth
|-supereffective|p1a: Tangrowth
|-damage|p1a: Tangrowth|28/100 tox
|-supereffective|p1a: Tangrowth
|-damage|p1a: Tangrowth|14/100 tox
|-supereffective|p1a: Tangrowth
|-damage|p1a: Tangrowth|1/100 tox
|-supereffective|p1a: Tangrowth
|-damage|p1a: Tangrowth|0 fnt
|-hitcount|p1a: Tangrowth|4
|faint|p1a: Tangrowth
|
|upkeep
|
|t:|1597186316
|switch|p1a: Mandibuzz|Mandibuzz, F|100/100
|turn|220
|
|t:|1597186328
|switch|p2a: Toxapex|Toxapex, M|100/100 par
|move|p1a: Mandibuzz|Toxic||[still]
|-fail|p1a: Mandibuzz
|
|upkeep
|turn|221
|j| chenchujia
|inactive|LT71LX John W has 30 seconds left.
|
|t:|1597186333
|move|p1a: Mandibuzz|Defog|p2a: Toxapex
|-unboost|p2a: Toxapex|evasion|1
|-sideend|p1: cclm|Stealth Rock|[from] move: Defog|[of] p1a: Mandibuzz
|move|p2a: Toxapex|Knock Off|p1a: Mandibuzz
|-resisted|p1a: Mandibuzz
|-damage|p1a: Mandibuzz|94/100
|-enditem|p1a: Mandibuzz|Heavy-Duty Boots|[from] move: Knock Off|[of] p2a: Toxapex
|
|upkeep
|turn|222
|inactive|cclm has 120 seconds left.
|inactive|LT71LX John W has 30 seconds left.
|
|t:|1597186339
|move|p1a: Mandibuzz|Toxic||[still]
|-fail|p1a: Mandibuzz
|move|p2a: Toxapex|Scald|p1a: Mandibuzz
|-damage|p1a: Mandibuzz|85/100
|
|upkeep
|turn|223
|inactive|LT71LX John W has 30 seconds left this turn.
|
|t:|1597186343
|move|p1a: Mandibuzz|Toxic||[still]
|-fail|p1a: Mandibuzz
|cant|p2a: Toxapex|par
|
|upkeep
|turn|224
|
|t:|1597186346
|move|p1a: Mandibuzz|Roost|p1a: Mandibuzz
|-heal|p1a: Mandibuzz|100/100
|-singleturn|p1a: Mandibuzz|move: Roost
|move|p2a: Toxapex|Scald|p1a: Mandibuzz
|-damage|p1a: Mandibuzz|92/100
|-status|p1a: Mandibuzz|brn
|
|-damage|p1a: Mandibuzz|86/100 brn|[from] brn
|upkeep
|turn|225
|
|t:|1597186349
|move|p1a: Mandibuzz|Foul Play|p2a: Toxapex
|-damage|p2a: Toxapex|93/100 par
|cant|p2a: Toxapex|par
|
|-damage|p1a: Mandibuzz|80/100 brn|[from] brn
|upkeep
|turn|226
|
|t:|1597186351
|move|p1a: Mandibuzz|Roost|p1a: Mandibuzz
|-heal|p1a: Mandibuzz|100/100 brn
|-singleturn|p1a: Mandibuzz|move: Roost
|move|p2a: Toxapex|Scald|p1a: Mandibuzz
|-damage|p1a: Mandibuzz|91/100 brn
|
|-damage|p1a: Mandibuzz|85/100 brn|[from] brn
|upkeep
|turn|227
|
|t:|1597186354
|move|p1a: Mandibuzz|Toxic||[still]
|-fail|p1a: Mandibuzz
|cant|p2a: Toxapex|par
|
|-damage|p1a: Mandibuzz|79/100 brn|[from] brn
|upkeep
|turn|228
|
|t:|1597186356
|move|p1a: Mandibuzz|Toxic||[still]
|-fail|p1a: Mandibuzz
|move|p2a: Toxapex|Knock Off|p1a: Mandibuzz
|-resisted|p1a: Mandibuzz
|-damage|p1a: Mandibuzz|75/100 brn
|
|-damage|p1a: Mandibuzz|69/100 brn|[from] brn
|upkeep
|turn|229
|
|t:|1597186358
|move|p1a: Mandibuzz|Roost|p1a: Mandibuzz
|-heal|p1a: Mandibuzz|100/100 brn
|-singleturn|p1a: Mandibuzz|move: Roost
|cant|p2a: Toxapex|par
|
|-damage|p1a: Mandibuzz|94/100 brn|[from] brn
|upkeep
|turn|230
|
|t:|1597186361
|move|p1a: Mandibuzz|Toxic||[still]
|-fail|p1a: Mandibuzz
|move|p2a: Toxapex|Scald|p1a: Mandibuzz
|-damage|p1a: Mandibuzz|86/100 brn
|
|-damage|p1a: Mandibuzz|80/100 brn|[from] brn
|upkeep
|turn|231
|
|t:|1597186363
|switch|p1a: Gardevoir|Gardevoir, F|43/100 brn
|-ability|p1a: Gardevoir|Regenerator|[from] ability: Trace|[of] p2a: Toxapex
|move|p2a: Toxapex|Haze|p2a: Toxapex
|-clearallboost
|
|-damage|p1a: Gardevoir|37/100 brn|[from] brn
|upkeep
|turn|232
|
|t:|1597186372
|move|p1a: Gardevoir|Psychic|p2a: Toxapex
|-supereffective|p2a: Toxapex
|-damage|p2a: Toxapex|14/100 par
|cant|p2a: Toxapex|par
|
|-damage|p1a: Gardevoir|31/100 brn|[from] brn
|upkeep
|turn|233
|
|t:|1597186377
|move|p1a: Gardevoir|Psychic|p2a: Toxapex
|-supereffective|p2a: Toxapex
|-damage|p2a: Toxapex|0 fnt
|faint|p2a: Toxapex
|
|-damage|p1a: Gardevoir|25/100 brn|[from] brn
|upkeep
|
|t:|1597186380
|switch|p2a: Kyurem|Kyurem|25/100
|-ability|p2a: Kyurem|Pressure
|turn|234
|j| outu why
|
|t:|1597186385
|move|p2a: Kyurem|Icicle Spear|p1a: Gardevoir
|-crit|p1a: Gardevoir
|-damage|p1a: Gardevoir|0 fnt
|-hitcount|p1a: Gardevoir|1
|faint|p1a: Gardevoir
|
|upkeep
|
|t:|1597186387
|switch|p1a: Mandibuzz|Mandibuzz, F|80/100 brn
|turn|235
|c|☆cclm|lets see now
|c| Theo Mani Fan Club|what a game
|j| SuperEpicAmpharos
|c|☆LT71LX John W|gg either way
|
|t:|1597186403
|move|p2a: Kyurem|Icicle Spear|p1a: Mandibuzz
|-supereffective|p1a: Mandibuzz
|-damage|p1a: Mandibuzz|61/100 brn
|-supereffective|p1a: Mandibuzz
|-damage|p1a: Mandibuzz|43/100 brn
|-supereffective|p1a: Mandibuzz
|-damage|p1a: Mandibuzz|22/100 brn
|-hitcount|p1a: Mandibuzz|3
|move|p1a: Mandibuzz|Toxic|p2a: Kyurem
|-status|p2a: Kyurem|tox
|
|-damage|p2a: Kyurem|19/100 tox|[from] psn
|-damage|p1a: Mandibuzz|16/100 brn|[from] brn
|upkeep
|turn|236
|c|☆cclm|yeah gg
|c| LT71LX Storm|this was such  gg
|c|☆LT71LX John W|gg
|
|t:|1597186412
|move|p2a: Kyurem|Icicle Spear|p1a: Mandibuzz
|-supereffective|p1a: Mandibuzz
|-damage|p1a: Mandibuzz|0 fnt
|-hitcount|p1a: Mandibuzz|1
|faint|p1a: Mandibuzz
|
|-damage|p2a: Kyurem|7/100 tox|[from] psn
|upkeep
|c| Theo Mani Fan Club|wow
|c| LT71LX Storm|such a gg*
|c| Theo Mani Fan Club|Gardevoir
|
|t:|1597186418
|switch|p1a: Jirachi|Jirachi|77/100
|turn|237
|c| Theo Mani Fan Club|what a beast
|l| hipster garbage
|
|t:|1597186427
|move|p2a: Kyurem|Freeze-Dry|p1a: Jirachi
|-resisted|p1a: Jirachi
|-damage|p1a: Jirachi|67/100
|move|p1a: Jirachi|Iron Head|p2a: Kyurem
|-supereffective|p2a: Kyurem
|-damage|p2a: Kyurem|0 fnt
|faint|p2a: Kyurem
|
|win|cclm
|c| big_knots|original team and great player
|l| met gala
|l| Devil Patchy
|l| outu why
|l| LT71LX ayouko
|l|+Emeri ✿
|l| Astral Step
|l| SuperEpicAmpharos
|l| damn·com
|raw|cclm's rating: 2061 &rarr; <strong>2086</strong><br />(+25 for winning)
|raw|LT71LX John W's rating: 2140 &rarr; <strong>2116</strong><br />(-24 for losing)
|l| LT71LX Storm
|c|☆cclm|got a bit of luck but
|l|☆LT71LX John W
|l| sdfgcf gjg''
|c|☆cclm|it was a good game
|c| Theo Mani Fan Club|with 237 turns
|l| she is summer
|c|☆cclm|feel like
|l| Tace
|j|☆LT71LX John W
|player|p2|LT71LX John W|266
|c| Theo Mani Fan Club|ud expect it
|l|+Cdumas
|c| Vertex|luck is bound for you when you are on the offensive
|l| MS3D
|c| Vertex|but this was a good ass game fr fr
|c| Vertex|good shit
|c|☆cclm|true enough
|l| LT71LX LE K
|l| LT71LX Sks
|l|☆cclm
|c|☆LT71LX John W|ye nw
|c|☆LT71LX John W|u played well
|c| Theo Mani Fan Club|trace worked od
|j|☆cclm
|player|p1|cclm|sisandbro
|l| Stall Sucks Bro✝
|l| jej idiota
|l| Shimeon91
|l| Vertex
|l| FerZs
|j| MS3D
|l|☆LT71LX John W
|player|p2|
|l| MS3D
|l| RokRocket
|l|☆cclm
|player|p1|
|l| mamba9
|l| Nacho Varga
|l| ddosing
|l| big_knots
|l| Theo Mani Fan Club
|l| chenchujia
|j| Forresterr♣
|j| D3C1B3L
|l| Forresterr♣
|l| Jytcampbell
|l| Waylaid
|j| Waylaid
|l| Waylaid
|l| egalvanc
|l| LT71LX uto
|l| Free Swimming
|j| 2 xs 2 Many
|j|☆cclm
|player|p1|cclm|sisandbro
|j| LT71LX LE K
|l| 2 xs 2 Many
|l| LT71LX LE K
|j| lt71lx neider
|l| lt71lx neider
|l| baconeatinassassin
|l| edugamer100
|l|☆cclm
|player|p1|
|l| a rabbit
|l| LT71LX JOKERDOG
|l| LT71LX Ash
|l| Mairyuwu
|l| WIEL
|l| reje
|j| X-Wing Fighter
