|j|☆Ragnarok1147
|j|☆Blacksponge
|t:|1655135450
|gametype|singles
|player|p1|Ragnarok1147|102|1410
|player|p2|Blacksponge|lucas|1430
|teamsize|p1|6
|teamsize|p2|6
|gen|8
|tier|[Gen 8] OU
|rated|
|rule|Sleep Clause Mod: Limit one foe put to sleep
|rule|Species Clause: Limit one of each Pokémon
|rule|OHKO Clause: OHKO moves are banned
|rule|Evasion Moves Clause: Evasion moves are banned
|rule|Endless Battle Clause: Forcing endless battles is banned
|rule|HP Percentage Mod: HP is shown in percentages
|rule|Dynamax Clause: You cannot dynamax
|clearpoke
|poke|p1|Hawlucha, M|
|poke|p1|Regieleki|
|poke|p1|Tapu Fini|
|poke|p1|Rillaboom, F|
|poke|p1|Dragapult, M|
|poke|p1|Heatran, F|
|poke|p2|Grimmsnarl, M|
|poke|p2|Victini|
|poke|p2|Tapu Koko|
|poke|p2|Dragapult, F|
|poke|p2|Hawlucha, F|
|poke|p2|Nidoking, M|
|teampreview
|inactive|Battle timer is ON: inactive players will automatically lose when time's up. (requested by Blacksponge)
|inactive|Blacksponge has 120 seconds left.
|
|t:|1655135489
|start
|switch|p1a: Tapu Fini|Tapu Fini|100/100
|switch|p2a: Dragapult|Dragapult, F|100/100
|-fieldstart|move: Misty Terrain|[from] ability: Misty Surge|[of] p1a: Tapu Fini
|turn|1
|
|t:|1655135504
|switch|p2a: Tapu Koko|Tapu Koko|100/100
|-fieldstart|move: Electric Terrain|[from] ability: Electric Surge|[of] p2a: Tapu Koko
|move|p1a: Tapu Fini|Ice Beam|p2a: Tapu Koko
|-damage|p2a: Tapu Koko|63/100
|
|upkeep
|turn|2
|
|t:|1655135516
|switch|p1a: Rillaboom|Rillaboom, F|100/100
|-fieldstart|move: Grassy Terrain|[from] ability: Grassy Surge|[of] p1a: Rillaboom
|move|p2a: Tapu Koko|Thunderbolt|p1a: Rillaboom
|-resisted|p1a: Rillaboom
|-damage|p1a: Rillaboom|77/100
|
|-heal|p2a: Tapu Koko|69/100|[from] Grassy Terrain
|-heal|p1a: Rillaboom|83/100|[from] Grassy Terrain
|upkeep
|turn|3
|
|t:|1655135537
|switch|p2a: Grimmsnarl|Grimmsnarl, M|100/100
|move|p1a: Rillaboom|U-turn|p2a: Grimmsnarl
|-damage|p2a: Grimmsnarl|63/100
|
|t:|1655135551
|switch|p1a: Tapu Fini|Tapu Fini|100/100|[from]move: U-turn
|-fieldstart|move: Misty Terrain|[from] ability: Misty Surge|[of] p1a: Tapu Fini
|
|upkeep
|turn|4
|
|t:|1655135558
|move|p2a: Grimmsnarl|Light Screen|p2a: Grimmsnarl
|-sidestart|p2: Blacksponge|move: Light Screen
|move|p1a: Tapu Fini|Moonblast|p2a: Grimmsnarl
|-supereffective|p2a: Grimmsnarl
|-damage|p2a: Grimmsnarl|26/100
|
|upkeep
|turn|5
|
|t:|1655135564
|switch|p2a: Nidoking|Nidoking, M|100/100
|move|p1a: Tapu Fini|Moonblast|p2a: Nidoking
|-resisted|p2a: Nidoking
|-damage|p2a: Nidoking|85/100
|-unboost|p2a: Nidoking|spa|1
|
|upkeep
|turn|6
|
|t:|1655135584
|move|p2a: Nidoking|Earth Power|p1a: Tapu Fini
|-damage|p1a: Tapu Fini|67/100
|move|p1a: Tapu Fini|Scald|p2a: Nidoking
|-supereffective|p2a: Nidoking
|-damage|p2a: Nidoking|40/100
|
|-heal|p1a: Tapu Fini|73/100|[from] item: Leftovers
|upkeep
|turn|7
|
|t:|1655135591
|move|p2a: Nidoking|Sludge Wave|p1a: Tapu Fini
|-supereffective|p1a: Tapu Fini
|-damage|p1a: Tapu Fini|0 fnt
|faint|p1a: Tapu Fini
|
|-fieldend|Misty Terrain
|upkeep
|
|t:|1655135601
|switch|p1a: Rillaboom|Rillaboom, F|83/100
|-fieldstart|move: Grassy Terrain|[from] ability: Grassy Surge|[of] p1a: Rillaboom
|turn|8
|
|t:|1655135607
|switch|p2a: Tapu Koko|Tapu Koko|69/100
|-fieldstart|move: Electric Terrain|[from] ability: Electric Surge|[of] p2a: Tapu Koko
|move|p1a: Rillaboom|Grassy Glide|p2a: Tapu Koko
|-damage|p2a: Tapu Koko|0 fnt
|faint|p2a: Tapu Koko
|
|upkeep
|
|t:|1655135613
|switch|p2a: Hawlucha|Hawlucha, F|100/100
|-enditem|p2a: Hawlucha|Electric Seed
|-boost|p2a: Hawlucha|def|1|[from] item: Electric Seed
|turn|9
|
|t:|1655135636
|switch|p1a: Heatran|Heatran, F|100/100
|move|p2a: Hawlucha|Swords Dance|p2a: Hawlucha
|-boost|p2a: Hawlucha|atk|2
|
|upkeep
|turn|10
|
|t:|1655135645
|move|p2a: Hawlucha|Close Combat|p1a: Heatran
|-supereffective|p1a: Heatran
|-damage|p1a: Heatran|0 fnt
|-unboost|p2a: Hawlucha|def|1
|-unboost|p2a: Hawlucha|spd|1
|faint|p1a: Heatran
|
|upkeep
|
|t:|1655135655
|switch|p1a: Dragapult|Dragapult, M|100/100
|turn|11
|
|t:|1655135669
|move|p2a: Hawlucha|Acrobatics|p1a: Dragapult
|-enditem|p1a: Dragapult|Focus Sash
|-damage|p1a: Dragapult|1/100
|move|p1a: Dragapult|Dragon Darts|p2a: Hawlucha
|-damage|p2a: Hawlucha|66/100
|-anim|p1a: Dragapult|Dragon Darts|p2a: Hawlucha
|-damage|p2a: Hawlucha|28/100
|
|-sideend|p2: Blacksponge|move: Light Screen
|upkeep
|turn|12
|
|t:|1655135681
|move|p2a: Hawlucha|Acrobatics|p1a: Dragapult
|-damage|p1a: Dragapult|0 fnt
|faint|p1a: Dragapult
|
|upkeep
|
|t:|1655135685
|switch|p1a: Rillaboom|Rillaboom, F|83/100
|-fieldstart|move: Grassy Terrain|[from] ability: Grassy Surge|[of] p1a: Rillaboom
|turn|13
|
|t:|1655135690
|move|p1a: Rillaboom|Grassy Glide|p2a: Hawlucha
|-resisted|p2a: Hawlucha
|-damage|p2a: Hawlucha|0 fnt
|faint|p2a: Hawlucha
|
|-heal|p1a: Rillaboom|89/100|[from] Grassy Terrain
|upkeep
|
|t:|1655135693
|switch|p2a: Victini|Victini|100/100
|turn|14
|
|t:|1655135706
|move|p1a: Rillaboom|Grassy Glide|p2a: Victini
|-resisted|p2a: Victini
|-damage|p2a: Victini|60/100
|move|p2a: Victini|Trick Room|p2a: Victini
|-fieldstart|move: Trick Room|[of] p2a: Victini
|
|-heal|p2a: Victini|66/100|[from] Grassy Terrain
|-heal|p1a: Rillaboom|96/100|[from] Grassy Terrain
|upkeep
|turn|15
|
|t:|1655135714
|move|p1a: Rillaboom|Grassy Glide|p2a: Victini
|-resisted|p2a: Victini
|-damage|p2a: Victini|27/100
|move|p2a: Victini|V-create|p1a: Rillaboom
|-supereffective|p1a: Rillaboom
|-damage|p1a: Rillaboom|0 fnt
|-unboost|p2a: Victini|spe|1
|-unboost|p2a: Victini|def|1
|-unboost|p2a: Victini|spd|1
|faint|p1a: Rillaboom
|-damage|p2a: Victini|17/100|[from] item: Life Orb
|
|-heal|p2a: Victini|23/100|[from] Grassy Terrain
|upkeep
|
|t:|1655135726
|switch|p1a: Hawlucha|Hawlucha, M|100/100
|-enditem|p1a: Hawlucha|Grassy Seed
|-boost|p1a: Hawlucha|def|1|[from] item: Grassy Seed
|turn|16
|
|t:|1655135746
|move|p2a: Victini|V-create|p1a: Hawlucha
|-damage|p1a: Hawlucha|25/100
|-unboost|p2a: Victini|spe|1
|-unboost|p2a: Victini|def|1
|-unboost|p2a: Victini|spd|1
|-damage|p2a: Victini|13/100|[from] item: Life Orb
|move|p1a: Hawlucha|Acrobatics|p2a: Victini
|-damage|p2a: Victini|0 fnt
|faint|p2a: Victini
|
|upkeep
|
|t:|1655135756
|switch|p2a: Dragapult|Dragapult, F|100/100
|turn|17
|
|t:|1655135768
|move|p2a: Dragapult|Dragon Darts|p1a: Hawlucha
|-damage|p1a: Hawlucha|7/100
|-anim|p2a: Dragapult|Dragon Darts|p1a: Hawlucha
|-damage|p1a: Hawlucha|0 fnt
|faint|p1a: Hawlucha
|
|-fieldend|move: Grassy Terrain
|upkeep
|
|t:|1655135775
|switch|p1a: Regieleki|Regieleki|100/100
|turn|18
|
|t:|1655135781
|move|p2a: Dragapult|Dragon Dance|p2a: Dragapult
|-boost|p2a: Dragapult|atk|1
|-boost|p2a: Dragapult|spe|1
|move|p1a: Regieleki|Ancient Power|p2a: Dragapult
|-damage|p2a: Dragapult|61/100
|
|-fieldend|move: Trick Room
|upkeep
|turn|19
|
|t:|1655135787
|move|p2a: Dragapult|Dragon Darts|p1a: Regieleki
|-damage|p1a: Regieleki|5/100
|-anim|p2a: Dragapult|Dragon Darts|p1a: Regieleki
|-damage|p1a: Regieleki|0 fnt
|faint|p1a: Regieleki
|
|win|Blacksponge
|raw|Ragnarok1147's rating: 1410 &rarr; <strong>1391</strong><br />(-19 for losing)
|raw|Blacksponge's rating: 1430 &rarr; <strong>1449</strong><br />(+19 for winning)
|l|☆Ragnarok1147
||Ladder isn't responding, score probably updated but might not have (Request timeout).
