|j|☆ElStefano
|j|☆Iceman8911
|t:|1655211582
|gametype|singles
|player|p1|ElStefano|266|1702
|player|p2|Iceman8911|allister|1717
|teamsize|p1|6
|teamsize|p2|6
|gen|8
|tier|[Gen 8] OU
|rated|
|rule|Sleep Clause Mod: Limit one foe put to sleep
|rule|Species Clause: Limit one of each Pokémon
|rule|OHKO Clause: OHKO moves are banned
|rule|Evasion Moves Clause: Evasion moves are banned
|rule|Endless Battle Clause: Forcing endless battles is banned
|rule|HP Percentage Mod: HP is shown in percentages
|rule|Dynamax Clause: You cannot dynamax
|clearpoke
|poke|p1|Reuniclus, M|
|poke|p1|Toxapex, M|
|poke|p1|Landorus-Therian, M|
|poke|p1|Hydreigon, F|
|poke|p1|Clefable, F|
|poke|p1|Ferrothorn, M|
|poke|p2|Weavile, M|
|poke|p2|Nidoking, M|
|poke|p2|Slowbro, M|
|poke|p2|Ferrothorn, F|
|poke|p2|Tornadus-Therian, M|
|poke|p2|Gastrodon, M|
|teampreview
|inactive|Battle timer is ON: inactive players will automatically lose when time's up. (requested by ElStefano)
|j| union boss
|
|t:|1655211618
|start
|switch|p1a: Hydreigon|Hydreigon, F|100/100
|switch|p2a: Tornadus|Tornadus-Therian, M|100/100
|turn|1
|j| tapu moxo
|
|t:|1655211633
|switch|p1a: Toxapex|Toxapex, M|100/100
|move|p2a: Tornadus|Knock Off|p1a: Toxapex
|-damage|p1a: Toxapex|89/100
|-damage|p2a: Tornadus|84/100|[from] item: Rocky Helmet|[of] p1a: Toxapex
|-enditem|p1a: Toxapex|Rocky Helmet|[from] move: Knock Off|[of] p2a: Tornadus
|
|upkeep
|turn|2
|j| LudicoloEnthusiast
|l| LudicoloEnthusiast
|
|t:|1655211642
|switch|p2a: Ferrothorn|Ferrothorn, F|100/100
|move|p1a: Toxapex|Knock Off|p2a: Ferrothorn
|-damage|p2a: Ferrothorn|87/100
|-damage|p1a: Toxapex|76/100|[from] ability: Iron Barbs|[of] p2a: Ferrothorn
|-enditem|p2a: Ferrothorn|Leftovers|[from] move: Knock Off|[of] p1a: Toxapex
|
|upkeep
|turn|3
|
|t:|1655211650
|switch|p1a: Ferrothorn|Ferrothorn, M|100/100
|move|p2a: Ferrothorn|Stealth Rock|p1a: Ferrothorn
|-sidestart|p1: ElStefano|move: Stealth Rock
|
|upkeep
|turn|4
|
|t:|1655211655
|move|p2a: Ferrothorn|Knock Off|p1a: Ferrothorn
|-damage|p1a: Ferrothorn|87/100
|-damage|p2a: Ferrothorn|75/100|[from] ability: Iron Barbs|[of] p1a: Ferrothorn
|-enditem|p1a: Ferrothorn|Leftovers|[from] move: Knock Off|[of] p2a: Ferrothorn
|move|p1a: Ferrothorn|Spikes|p2a: Ferrothorn
|-sidestart|p2: Iceman8911|Spikes
|
|upkeep
|turn|5
|
|t:|1655211662
|switch|p2a: Duuuddddeeee....|Slowbro, M|100/100
|-damage|p2a: Duuuddddeeee....|88/100|[from] Spikes
|move|p1a: Ferrothorn|Spikes|p2a: Duuuddddeeee....
|-sidestart|p2: Iceman8911|Spikes
|
|upkeep
|turn|6
|
|t:|1655211674
|move|p2a: Duuuddddeeee....|Future Sight|p1a: Ferrothorn
|-start|p2a: Duuuddddeeee....|move: Future Sight
|move|p1a: Ferrothorn|Leech Seed|p2a: Duuuddddeeee....
|-start|p2a: Duuuddddeeee....|move: Leech Seed
|
|-damage|p2a: Duuuddddeeee....|76/100|[from] Leech Seed|[of] p1a: Ferrothorn
|-heal|p1a: Ferrothorn|100/100|[silent]
|upkeep
|turn|7
|j| ibuyelo
|
|t:|1655211680
|move|p1a: Ferrothorn|Gyro Ball|p2a: Duuuddddeeee....
|-resisted|p2a: Duuuddddeeee....
|-damage|p2a: Duuuddddeeee....|72/100
|move|p2a: Duuuddddeeee....|Teleport|p2a: Duuuddddeeee....
|
|t:|1655211696
|switch|p2a: Ready To Get Rekt|Nidoking, M|100/100|[from]move: Teleport
|-damage|p2a: Ready To Get Rekt|84/100|[from] Spikes
|
|upkeep
|turn|8
|
|t:|1655211701
|switch|p1a: Reuniclus|Reuniclus, M, shiny|100/100
|move|p2a: Ready To Get Rekt|Flamethrower|p1a: Reuniclus
|-crit|p1a: Reuniclus
|-damage|p1a: Reuniclus|56/100
|
|-end|p1a: Reuniclus|move: Future Sight
|-resisted|p1a: Reuniclus
|-damage|p1a: Reuniclus|43/100
|-heal|p1a: Reuniclus|49/100|[from] item: Leftovers
|upkeep
|turn|9
|
|t:|1655211708
|move|p2a: Ready To Get Rekt|Sludge Wave|p1a: Reuniclus
|-damage|p1a: Reuniclus|3/100
|move|p1a: Reuniclus|Recover|p1a: Reuniclus
|-heal|p1a: Reuniclus|53/100
|
|-heal|p1a: Reuniclus|59/100|[from] item: Leftovers
|upkeep
|turn|10
|c|☆Iceman8911|how
|c|☆Iceman8911|is
|c|☆Iceman8911|this
|c|☆Iceman8911|possible
|c|☆Iceman8911|!dt reuniculc
No Pokémon, item, move, ability or nature named 'reuniculc' was found. Showing the data of 'Reuniclus' instead.
|raw|<div class="message"><ul class="utilichart"><li class="result"><span class="col numcol">RU</span> <span class="col iconcol"><psicon pokemon="reuniclus"/></span> <span class="col pokemonnamecol" style="white-space:nowrap"><a href="https://dex.pokemonshowdown.com/pokemon/reuniclus" target="_blank">Reuniclus</a></span> <span class="col typecol"><img src="https://play.pokemonshowdown.com/sprites/types/Psychic.png" alt="Psychic" height="14" width="32"></span> <span style="float:left;min-height:26px"><span class="col twoabilitycol">Overcoat<br />Magic Guard</span><span class="col abilitycol"><em>Regenerator</em></span></span><span style="float:left;min-height:26px"><span class="col statcol"><em>HP</em><br />110</span> <span class="col statcol"><em>Atk</em><br />65</span> <span class="col statcol"><em>Def</em><br />75</span> <span class="col statcol"><em>SpA</em><br />125</span> <span class="col statcol"><em>SpD</em><br />85</span> <span class="col statcol"><em>Spe</em><br />30</span> <span class="col bstcol"><em>BST<br />490</em></span> </span></li><li style="clear:both"></li></ul></div>
|raw|<font size="1"><font color="#686868">Dex#:</font> 579&nbsp;|&ThickSpace;<font color="#686868">Gen:</font> 5&nbsp;|&ThickSpace;<font color="#686868">Height:</font> 1 m&nbsp;|&ThickSpace;<font color="#686868">Weight:</font> 20.1 kg <em>(40 BP)</em>&nbsp;|&ThickSpace;<font color="#686868">Dex Colour:</font> Green&nbsp;|&ThickSpace;<font color="#686868">Egg Group(s):</font> Amorphous&nbsp;|&ThickSpace;<font color="#686868">Does Not Evolve</font></font>

|c|☆Iceman8911|lol
|
|t:|1655211734
|switch|p2a: Tornadus|Tornadus-Therian, M|100/100
|move|p1a: Reuniclus|Recover|p1a: Reuniclus
|-heal|p1a: Reuniclus|100/100
|
|upkeep
|turn|11
|
|t:|1655211741
|switch|p1a: Toxapex|Toxapex, M|100/100
|-damage|p1a: Toxapex|88/100|[from] Stealth Rock
|move|p2a: Tornadus|Defog|p1a: Toxapex
|-unboost|p1a: Toxapex|evasion|1
|-sideend|p1: ElStefano|Stealth Rock|[from] move: Defog|[of] p2a: Tornadus
|-sideend|p2: Iceman8911|Spikes|[from] move: Defog|[of] p2a: Tornadus
|
|upkeep
|turn|12
|
|t:|1655211749
|move|p2a: Tornadus|U-turn|p1a: Toxapex
|-resisted|p1a: Toxapex
|-damage|p1a: Toxapex|84/100
|
|t:|1655211752
|switch|p2a: Ferrothorn|Ferrothorn, F|75/100|[from]move: U-turn
|move|p1a: Toxapex|Knock Off|p2a: Ferrothorn
|-damage|p2a: Ferrothorn|67/100
|-damage|p1a: Toxapex|71/100|[from] ability: Iron Barbs|[of] p2a: Ferrothorn
|
|upkeep
|turn|13
|
|t:|1655211760
|switch|p1a: Ferrothorn|Ferrothorn, M|100/100
|switch|p2a: Ready To Get Rekt|Nidoking, M|84/100
|
|upkeep
|turn|14
|
|t:|1655211767
|switch|p1a: Reuniclus|Reuniclus, M, shiny|100/100
|move|p2a: Ready To Get Rekt|Sludge Wave|p1a: Reuniclus
|-damage|p1a: Reuniclus|55/100
|
|-heal|p1a: Reuniclus|61/100|[from] item: Leftovers
|upkeep
|turn|15
|
|t:|1655211772
|switch|p2a: Tornadus|Tornadus-Therian, M|100/100
|move|p1a: Reuniclus|Recover|p1a: Reuniclus
|-heal|p1a: Reuniclus|100/100
|
|upkeep
|turn|16
|
|t:|1655211781
|switch|p1a: Ferrothorn|Ferrothorn, M|100/100
|move|p2a: Tornadus|U-turn|p1a: Ferrothorn
|-damage|p1a: Ferrothorn|91/100
|-damage|p2a: Tornadus|88/100|[from] ability: Iron Barbs|[of] p1a: Ferrothorn
|
|t:|1655211787
|switch|p2a: Ready To Get Rekt|Nidoking, M|84/100|[from]move: U-turn
|
|upkeep
|turn|17
|
|t:|1655211795
|switch|p1a: Hydreigon|Hydreigon, F|100/100
|move|p2a: Ready To Get Rekt|Flamethrower|p1a: Hydreigon
|-resisted|p1a: Hydreigon
|-damage|p1a: Hydreigon|78/100
|
|upkeep
|turn|18
|
|t:|1655211810
|switch|p2a: Tornadus|Tornadus-Therian, M|100/100
|move|p1a: Hydreigon|Earth Power|p2a: Tornadus
|-immune|p2a: Tornadus
|
|upkeep
|turn|19
|
|t:|1655211816
|switch|p1a: Toxapex|Toxapex, M|100/100
|move|p2a: Tornadus|Hurricane|p1a: Toxapex
|-damage|p1a: Toxapex|66/100
|-start|p1a: Toxapex|confusion
|
|upkeep
|turn|20
|
|t:|1655211824
|move|p2a: Tornadus|U-turn|p1a: Toxapex
|-resisted|p1a: Toxapex
|-damage|p1a: Toxapex|61/100
|
|t:|1655211838
|switch|p2a: Duuuddddeeee....|Slowbro, M|100/100|[from]move: U-turn
|-activate|p1a: Toxapex|confusion
|-damage|p1a: Toxapex|57/100|[from] confusion
|
|upkeep
|turn|21
|
|t:|1655211845
|-activate|p1a: Toxapex|confusion
|move|p1a: Toxapex|Toxic Spikes|p2a: Duuuddddeeee....
|-sidestart|p2: Iceman8911|move: Toxic Spikes
|move|p2a: Duuuddddeeee....|Future Sight|p1a: Toxapex
|-start|p2a: Duuuddddeeee....|move: Future Sight
|
|upkeep
|turn|22
|
|t:|1655211851
|-end|p1a: Toxapex|confusion
|move|p1a: Toxapex|Knock Off|p2a: Duuuddddeeee....
|-supereffective|p2a: Duuuddddeeee....
|-enditem|p2a: Duuuddddeeee....|Colbur Berry|[eat]
|-enditem|p2a: Duuuddddeeee....|Colbur Berry|[weaken]
|-damage|p2a: Duuuddddeeee....|91/100
|move|p2a: Duuuddddeeee....|Teleport|p2a: Duuuddddeeee....
|j| Mel0nL0rd
|
|t:|1655211857
|switch|p2a: Ready To Get Rekt|Nidoking, M|84/100|[from]move: Teleport
|-sideend|p2: Iceman8911|move: Toxic Spikes|[of] p2a: Ready To Get Rekt
|
|upkeep
|turn|23
|
|t:|1655211863
|switch|p1a: Reuniclus|Reuniclus, M, shiny|100/100
|move|p2a: Ready To Get Rekt|Sludge Wave|p1a: Reuniclus
|-damage|p1a: Reuniclus|58/100
|
|-end|p1a: Reuniclus|move: Future Sight
|-resisted|p1a: Reuniclus
|-damage|p1a: Reuniclus|44/100
|-heal|p1a: Reuniclus|50/100|[from] item: Leftovers
|upkeep
|turn|24
|
|t:|1655211873
|switch|p2a: Tornadus|Tornadus-Therian, M|100/100
|move|p1a: Reuniclus|Recover|p1a: Reuniclus
|-heal|p1a: Reuniclus|99/100
|
|-heal|p1a: Reuniclus|100/100|[from] item: Leftovers
|upkeep
|turn|25
|
|t:|1655211886
|switch|p1a: Toxapex|Toxapex, M|90/100
|move|p2a: Tornadus|U-turn|p1a: Toxapex
|-resisted|p1a: Toxapex
|-damage|p1a: Toxapex|85/100
|j| OneTreeWaiting
|
|t:|1655211898
|switch|p2a: Duuuddddeeee....|Slowbro, M|100/100|[from]move: U-turn
|
|upkeep
|turn|26
|
|t:|1655211908
|switch|p1a: Ferrothorn|Ferrothorn, M|91/100
|move|p2a: Duuuddddeeee....|Future Sight|p1a: Ferrothorn
|-start|p2a: Duuuddddeeee....|move: Future Sight
|
|upkeep
|turn|27
|
|t:|1655211914
|move|p2a: Duuuddddeeee....|Body Press|p1a: Ferrothorn
|-supereffective|p1a: Ferrothorn
|-damage|p1a: Ferrothorn|58/100
|-damage|p2a: Duuuddddeeee....|88/100|[from] ability: Iron Barbs|[of] p1a: Ferrothorn
|move|p1a: Ferrothorn|Spikes|p2a: Duuuddddeeee....
|-sidestart|p2: Iceman8911|Spikes
|
|upkeep
|turn|28
|
|t:|1655211923
|move|p2a: Duuuddddeeee....|Body Press|p1a: Ferrothorn
|-supereffective|p1a: Ferrothorn
|-damage|p1a: Ferrothorn|22/100
|-damage|p2a: Duuuddddeeee....|76/100|[from] ability: Iron Barbs|[of] p1a: Ferrothorn
|move|p1a: Ferrothorn|Spikes|p2a: Duuuddddeeee....
|-sidestart|p2: Iceman8911|Spikes
|
|-end|p1a: Ferrothorn|move: Future Sight
|-resisted|p1a: Ferrothorn
|-damage|p1a: Ferrothorn|5/100
|upkeep
|turn|29
|
|t:|1655211936
|move|p1a: Ferrothorn|Leech Seed|p2a: Duuuddddeeee....
|-start|p2a: Duuuddddeeee....|move: Leech Seed
|move|p2a: Duuuddddeeee....|Teleport|p2a: Duuuddddeeee....
|
|t:|1655211939
|switch|p2a: Tornadus|Tornadus-Therian, M|100/100|[from]move: Teleport
|
|upkeep
|turn|30
|
|t:|1655211943
|move|p2a: Tornadus|Defog|p1a: Ferrothorn
|-unboost|p1a: Ferrothorn|evasion|1
|-sideend|p2: Iceman8911|Spikes|[from] move: Defog|[of] p2a: Tornadus
|move|p1a: Ferrothorn|Leech Seed|p2a: Tornadus
|-start|p2a: Tornadus|move: Leech Seed
|
|-damage|p2a: Tornadus|88/100|[from] Leech Seed|[of] p1a: Ferrothorn
|-heal|p1a: Ferrothorn|18/100|[silent]
|upkeep
|turn|31
|
|t:|1655211950
|move|p2a: Tornadus|U-turn|p1a: Ferrothorn
|-damage|p1a: Ferrothorn|10/100
|-damage|p2a: Tornadus|76/100|[from] ability: Iron Barbs|[of] p1a: Ferrothorn
|
|t:|1655211953
|switch|p2a: Duuuddddeeee....|Slowbro, M|100/100|[from]move: U-turn
|move|p1a: Ferrothorn|Gyro Ball|p2a: Duuuddddeeee....
|-resisted|p2a: Duuuddddeeee....
|-damage|p2a: Duuuddddeeee....|97/100
|
|upkeep
|turn|32
|
|t:|1655211963
|switch|p1a: Landorus|Landorus-Therian, M|100/100
|-ability|p1a: Landorus|Intimidate|boost
|-unboost|p2a: Duuuddddeeee....|atk|1
|move|p2a: Duuuddddeeee....|Body Press|p1a: Landorus
|-resisted|p1a: Landorus
|-damage|p1a: Landorus|87/100
|
|-heal|p1a: Landorus|93/100|[from] item: Leftovers
|upkeep
|turn|33
|
|t:|1655211971
|move|p1a: Landorus|Toxic|p2a: Duuuddddeeee....
|-status|p2a: Duuuddddeeee....|tox
|move|p2a: Duuuddddeeee....|Future Sight|p1a: Landorus
|-start|p2a: Duuuddddeeee....|move: Future Sight
|
|-heal|p1a: Landorus|99/100|[from] item: Leftovers
|-damage|p2a: Duuuddddeeee....|91/100 tox|[from] psn
|upkeep
|turn|34
|
|t:|1655211976
|move|p1a: Landorus|Stealth Rock|p2a: Duuuddddeeee....
|-sidestart|p2: Iceman8911|move: Stealth Rock
|move|p2a: Duuuddddeeee....|Teleport|p2a: Duuuddddeeee....
|
|t:|1655211982
|switch|p2a: Ready To Get Rekt|Nidoking, M|84/100|[from]move: Teleport
|-damage|p2a: Ready To Get Rekt|78/100|[from] Stealth Rock
|
|-heal|p1a: Landorus|100/100|[from] item: Leftovers
|upkeep
|turn|35
|
|t:|1655211990
|switch|p2a: Tornadus|Tornadus-Therian, M|100/100
|switch|p1a: Reuniclus|Reuniclus, M, shiny|100/100
|
|-end|p1a: Reuniclus|move: Future Sight
|-resisted|p1a: Reuniclus
|-crit|p1a: Reuniclus
|-damage|p1a: Reuniclus|79/100
|-heal|p1a: Reuniclus|85/100|[from] item: Leftovers
|upkeep
|turn|36
|
|t:|1655211994
|switch|p1a: Landorus|Landorus-Therian, M|100/100
|-ability|p1a: Landorus|Intimidate|boost
|-unboost|p2a: Tornadus|atk|1
|move|p2a: Tornadus|Defog|p1a: Landorus
|-unboost|p1a: Landorus|evasion|1
|-sideend|p2: Iceman8911|Stealth Rock|[from] move: Defog|[of] p2a: Tornadus
|
|upkeep
|turn|37
|
|t:|1655212002
|move|p2a: Tornadus|Knock Off|p1a: Landorus
|-damage|p1a: Landorus|87/100
|-enditem|p1a: Landorus|Leftovers|[from] move: Knock Off|[of] p2a: Tornadus
|move|p1a: Landorus|Stealth Rock|p2a: Tornadus
|-sidestart|p2: Iceman8911|move: Stealth Rock
|
|upkeep
|turn|38
|
|t:|1655212007
|move|p2a: Tornadus|U-turn|p1a: Landorus
|-resisted|p1a: Landorus
|-damage|p1a: Landorus|82/100
|
|t:|1655212009
|switch|p2a: Duuuddddeeee....|Slowbro, M|100/100 tox|[from]move: U-turn
|-damage|p2a: Duuuddddeeee....|88/100 tox|[from] Stealth Rock
|move|p1a: Landorus|Toxic|p2a: Duuuddddeeee....|[miss]
|-miss|p1a: Landorus|p2a: Duuuddddeeee....
|
|-damage|p2a: Duuuddddeeee....|82/100 tox|[from] psn
|upkeep
|turn|39
|
|t:|1655212016
|move|p1a: Landorus|U-turn|p2a: Duuuddddeeee....
|-supereffective|p2a: Duuuddddeeee....
|-damage|p2a: Duuuddddeeee....|55/100 tox
|
|t:|1655212019
|switch|p1a: Hydreigon|Hydreigon, F|78/100|[from]move: U-turn
|move|p2a: Duuuddddeeee....|Teleport|p2a: Duuuddddeeee....
|
|t:|1655212024
|switch|p2a: Tornadus|Tornadus-Therian, M|100/100|[from]move: Teleport
|
|upkeep
|turn|40
|
|t:|1655212029
|move|p1a: Hydreigon|Dark Pulse|p2a: Tornadus
|-damage|p2a: Tornadus|53/100
|move|p2a: Tornadus|Defog|p1a: Hydreigon
|-unboost|p1a: Hydreigon|evasion|1
|-sideend|p2: Iceman8911|Stealth Rock|[from] move: Defog|[of] p2a: Tornadus
|
|upkeep
|turn|41
|
|t:|1655212036
|switch|p2a: Gastrodon|Gastrodon, M|100/100
|move|p1a: Hydreigon|Dark Pulse|p2a: Gastrodon
|-damage|p2a: Gastrodon|72/100
|
|-heal|p2a: Gastrodon|78/100|[from] item: Leftovers
|upkeep
|turn|42
|
|t:|1655212042
|switch|p1a: Toxapex|Toxapex, M|100/100
|move|p2a: Gastrodon|Scald|p1a: Toxapex
|-resisted|p1a: Toxapex
|-damage|p1a: Toxapex|89/100
|-status|p1a: Toxapex|brn
|
|-heal|p2a: Gastrodon|84/100|[from] item: Leftovers
|-damage|p1a: Toxapex|82/100 brn|[from] brn
|upkeep
|turn|43
|
|t:|1655212049
|switch|p2a: Duuuddddeeee....|Slowbro, M|89/100 tox
|switch|p1a: Ferrothorn|Ferrothorn, M|10/100
|
|-damage|p2a: Duuuddddeeee....|83/100 tox|[from] psn
|upkeep
|turn|44
|
|t:|1655212055
|switch|p1a: Toxapex|Toxapex, M|100/100 brn
|move|p2a: Duuuddddeeee....|Body Press|p1a: Toxapex
|-resisted|p1a: Toxapex
|-damage|p1a: Toxapex|93/100 brn
|
|-damage|p2a: Duuuddddeeee....|70/100 tox|[from] psn
|-damage|p1a: Toxapex|87/100 brn|[from] brn
|upkeep
|turn|45
|
|t:|1655212061
|move|p1a: Toxapex|Toxic Spikes|p2a: Duuuddddeeee....
|-sidestart|p2: Iceman8911|move: Toxic Spikes
|move|p2a: Duuuddddeeee....|Teleport|p2a: Duuuddddeeee....
|
|t:|1655212064
|switch|p2a: Tornadus|Tornadus-Therian, M|86/100|[from]move: Teleport
|
|-damage|p1a: Toxapex|80/100 brn|[from] brn
|upkeep
|turn|46
|
|t:|1655212071
|move|p2a: Tornadus|U-turn|p1a: Toxapex
|-resisted|p1a: Toxapex
|-damage|p1a: Toxapex|76/100 brn
|
|t:|1655212075
|switch|p2a: Duuuddddeeee....|Slowbro, M|100/100 tox|[from]move: U-turn
|move|p1a: Toxapex|Knock Off|p2a: Duuuddddeeee....
|-supereffective|p2a: Duuuddddeeee....
|-damage|p2a: Duuuddddeeee....|94/100 tox
|
|-damage|p2a: Duuuddddeeee....|88/100 tox|[from] psn
|-damage|p1a: Toxapex|70/100 brn|[from] brn
|upkeep
|turn|47
|
|t:|1655212082
|switch|p1a: Ferrothorn|Ferrothorn, M|10/100
|move|p2a: Duuuddddeeee....|Teleport|p2a: Duuuddddeeee....
|
|t:|1655212084
|switch|p2a: Ready To Get Rekt|Nidoking, M|78/100|[from]move: Teleport
|-sideend|p2: Iceman8911|move: Toxic Spikes|[of] p2a: Ready To Get Rekt
|
|upkeep
|turn|48
|
|t:|1655212096
|switch|p1a: Toxapex|Toxapex, M|100/100 brn
|move|p2a: Ready To Get Rekt|Ice Beam|p1a: Toxapex
|-resisted|p1a: Toxapex
|-damage|p1a: Toxapex|84/100 brn
|
|-damage|p1a: Toxapex|77/100 brn|[from] brn
|upkeep
|turn|49
|
|t:|1655212108
|switch|p1a: Hydreigon|Hydreigon, F|78/100
|move|p2a: Ready To Get Rekt|Earth Power|p1a: Hydreigon
|-immune|p1a: Hydreigon|[from] ability: Levitate
|
|upkeep
|turn|50
|
|t:|1655212117
|switch|p2a: Tornadus|Tornadus-Therian, M|100/100
|move|p1a: Hydreigon|Dark Pulse|p2a: Tornadus
|-damage|p2a: Tornadus|53/100
|
|upkeep
|turn|51
|
|t:|1655212121
|switch|p2a: Gastrodon|Gastrodon, M|84/100
|move|p1a: Hydreigon|Dark Pulse|p2a: Gastrodon
|-damage|p2a: Gastrodon|57/100
|
|-heal|p2a: Gastrodon|63/100|[from] item: Leftovers
|upkeep
|turn|52
|
|t:|1655212125
|switch|p1a: Ferrothorn|Ferrothorn, M|10/100
|move|p2a: Gastrodon|Recover|p2a: Gastrodon
|-heal|p2a: Gastrodon|100/100
|
|upkeep
|turn|53
|j| havefun507
|
|t:|1655212132
|move|p2a: Gastrodon|Earthquake|p1a: Ferrothorn
|-damage|p1a: Ferrothorn|0 fnt
|faint|p1a: Ferrothorn
|
|upkeep
|
|t:|1655212138
|switch|p1a: Landorus|Landorus-Therian, M|82/100
|-ability|p1a: Landorus|Intimidate|boost
|-unboost|p2a: Gastrodon|atk|1
|turn|54
|
|t:|1655212144
|switch|p2a: Duuuddddeeee....|Slowbro, M|100/100 tox
|move|p1a: Landorus|Toxic|p2a: Duuuddddeeee....
|-fail|p2a: Duuuddddeeee....|tox
|
|-damage|p2a: Duuuddddeeee....|94/100 tox|[from] psn
|upkeep
|turn|55
|
|t:|1655212148
|move|p1a: Landorus|Stealth Rock|p2a: Duuuddddeeee....
|-sidestart|p2: Iceman8911|move: Stealth Rock
|move|p2a: Duuuddddeeee....|Future Sight|p1a: Landorus
|-start|p2a: Duuuddddeeee....|move: Future Sight
|
|-damage|p2a: Duuuddddeeee....|82/100 tox|[from] psn
|upkeep
|turn|56
|j| blancostoise
|l| ibuyelo
|
|t:|1655212153
|move|p1a: Landorus|U-turn|p2a: Duuuddddeeee....
|-supereffective|p2a: Duuuddddeeee....
|-damage|p2a: Duuuddddeeee....|55/100 tox
|
|t:|1655212157
|switch|p1a: Hydreigon|Hydreigon, F|78/100|[from]move: U-turn
|move|p2a: Duuuddddeeee....|Teleport|p2a: Duuuddddeeee....
|l| Mel0nL0rd
|
|t:|1655212161
|switch|p2a: Tornadus|Tornadus-Therian, M|86/100|[from]move: Teleport
|
|upkeep
|turn|57
|
|t:|1655212164
|move|p1a: Hydreigon|Dark Pulse|p2a: Tornadus
|-damage|p2a: Tornadus|42/100
|move|p2a: Tornadus|U-turn|p1a: Hydreigon
|-supereffective|p1a: Hydreigon
|-damage|p1a: Hydreigon|43/100
|
|t:|1655212170
|switch|p2a: Kneel To Vile|Weavile, M|100/100|[from]move: U-turn
|-ability|p2a: Kneel To Vile|Pressure
|
|-end|p1a: Hydreigon|move: Future Sight
|-immune|p1a: Hydreigon
|upkeep
|turn|58
|
|t:|1655212179
|switch|p1a: Toxapex|Toxapex, M|100/100 brn
|switch|p2a: Tornadus|Tornadus-Therian, M|76/100
|
|-damage|p1a: Toxapex|94/100 brn|[from] brn
|upkeep
|turn|59
|
|t:|1655212182
|move|p2a: Tornadus|U-turn|p1a: Toxapex
|-resisted|p1a: Toxapex
|-damage|p1a: Toxapex|90/100 brn
|
|t:|1655212185
|switch|p2a: Duuuddddeeee....|Slowbro, M|88/100 tox|[from]move: U-turn
|-damage|p2a: Duuuddddeeee....|76/100 tox|[from] Stealth Rock
|move|p1a: Toxapex|Knock Off|p2a: Duuuddddeeee....
|-supereffective|p2a: Duuuddddeeee....
|-damage|p2a: Duuuddddeeee....|69/100 tox
|
|-damage|p2a: Duuuddddeeee....|63/100 tox|[from] psn
|-damage|p1a: Toxapex|84/100 brn|[from] brn
|upkeep
|turn|60
|j| ghs777
|
|t:|1655212190
|switch|p1a: Hydreigon|Hydreigon, F|43/100
|move|p2a: Duuuddddeeee....|Teleport|p2a: Duuuddddeeee....
|
|t:|1655212197
|switch|p2a: Tornadus|Tornadus-Therian, M|100/100|[from]move: Teleport
|
|upkeep
|turn|61
|
|t:|1655212203
|move|p1a: Hydreigon|U-turn|p2a: Tornadus
|-resisted|p2a: Tornadus
|-damage|p2a: Tornadus|92/100
|
|t:|1655212210
|switch|p1a: Toxapex|Toxapex, M|100/100 brn|[from]move: U-turn
|move|p2a: Tornadus|Defog|p1a: Toxapex
|-unboost|p1a: Toxapex|evasion|1
|-sideend|p2: Iceman8911|Stealth Rock|[from] move: Defog|[of] p2a: Tornadus
|
|-damage|p1a: Toxapex|94/100 brn|[from] brn
|upkeep
|turn|62
|
|t:|1655212215
|move|p2a: Tornadus|U-turn|p1a: Toxapex
|-resisted|p1a: Toxapex
|-damage|p1a: Toxapex|90/100 brn
|
|t:|1655212217
|switch|p2a: Duuuddddeeee....|Slowbro, M|96/100 tox|[from]move: U-turn
|move|p1a: Toxapex|Scald|p2a: Duuuddddeeee....
|-resisted|p2a: Duuuddddeeee....
|-damage|p2a: Duuuddddeeee....|87/100 tox
|
|-damage|p2a: Duuuddddeeee....|81/100 tox|[from] psn
|-damage|p1a: Toxapex|84/100 brn|[from] brn
|upkeep
|turn|63
|
|t:|1655212220
|move|p1a: Toxapex|Toxic Spikes|p2a: Duuuddddeeee....
|-sidestart|p2: Iceman8911|move: Toxic Spikes
|move|p2a: Duuuddddeeee....|Future Sight|p1a: Toxapex
|-start|p2a: Duuuddddeeee....|move: Future Sight
|
|-damage|p2a: Duuuddddeeee....|69/100 tox|[from] psn
|-damage|p1a: Toxapex|78/100 brn|[from] brn
|upkeep
|turn|64
|
|t:|1655212238
|switch|p1a: Reuniclus|Reuniclus, M, shiny|85/100
|move|p2a: Duuuddddeeee....|Teleport|p2a: Duuuddddeeee....
|
|t:|1655212243
|switch|p2a: Ferrothorn|Ferrothorn, F|67/100|[from]move: Teleport
|
|-heal|p1a: Reuniclus|92/100|[from] item: Leftovers
|upkeep
|turn|65
|j| nightsuwu
|
|t:|1655212252
|move|p1a: Reuniclus|Calm Mind|p1a: Reuniclus
|-boost|p1a: Reuniclus|spa|1
|-boost|p1a: Reuniclus|spd|1
|move|p2a: Ferrothorn|Knock Off|p1a: Reuniclus
|-supereffective|p1a: Reuniclus
|-damage|p1a: Reuniclus|46/100
|-enditem|p1a: Reuniclus|Leftovers|[from] move: Knock Off|[of] p2a: Ferrothorn
|
|-end|p1a: Reuniclus|move: Future Sight
|-resisted|p1a: Reuniclus
|-damage|p1a: Reuniclus|37/100
|upkeep
|turn|66
|
|t:|1655212260
|move|p1a: Reuniclus|Recover|p1a: Reuniclus
|-heal|p1a: Reuniclus|87/100
|move|p2a: Ferrothorn|Power Whip|p1a: Reuniclus
|-damage|p1a: Reuniclus|47/100
|
|upkeep
|turn|67
|
|t:|1655212272
|move|p1a: Reuniclus|Iron Defense|p1a: Reuniclus
|-boost|p1a: Reuniclus|def|2
|move|p2a: Ferrothorn|Stealth Rock|p1a: Reuniclus
|-sidestart|p1: ElStefano|move: Stealth Rock
|
|upkeep
|turn|68
|
|t:|1655212287
|move|p1a: Reuniclus|Recover|p1a: Reuniclus
|-heal|p1a: Reuniclus|97/100
|move|p2a: Ferrothorn|Power Whip|p1a: Reuniclus
|-damage|p1a: Reuniclus|78/100
|
|upkeep
|turn|69
|l| nightsuwu
|c|☆Iceman8911|hmm
|
|t:|1655212297
|switch|p2a: Duuuddddeeee....|Slowbro, M|100/100 tox
|move|p1a: Reuniclus|Calm Mind|p1a: Reuniclus
|-boost|p1a: Reuniclus|spa|1
|-boost|p1a: Reuniclus|spd|1
|
|-damage|p2a: Duuuddddeeee....|94/100 tox|[from] psn
|upkeep
|turn|70
|
|t:|1655212301
|move|p1a: Reuniclus|Stored Power|p2a: Duuuddddeeee....
|-resisted|p2a: Duuuddddeeee....
|-damage|p2a: Duuuddddeeee....|38/100 tox
|move|p2a: Duuuddddeeee....|Teleport|p2a: Duuuddddeeee....
|
|t:|1655212305
|switch|p2a: Ready To Get Rekt|Nidoking, M|78/100|[from]move: Teleport
|-sideend|p2: Iceman8911|move: Toxic Spikes|[of] p2a: Ready To Get Rekt
|
|upkeep
|turn|71
|
|t:|1655212313
|switch|p2a: Kneel To Vile|Weavile, M|100/100
|-ability|p2a: Kneel To Vile|Pressure
|switch|p1a: Toxapex|Toxapex, M|100/100 brn
|-damage|p1a: Toxapex|88/100 brn|[from] Stealth Rock
|
|-damage|p1a: Toxapex|82/100 brn|[from] brn
|upkeep
|turn|72
|
|t:|1655212317
|switch|p2a: Duuuddddeeee....|Slowbro, M|71/100 tox
|move|p1a: Toxapex|Toxic Spikes|p2a: Duuuddddeeee....
|-sidestart|p2: Iceman8911|move: Toxic Spikes
|
|-damage|p2a: Duuuddddeeee....|65/100 tox|[from] psn
|-damage|p1a: Toxapex|75/100 brn|[from] brn
|upkeep
|turn|73
|
|t:|1655212325
|move|p1a: Toxapex|Toxic Spikes|p2a: Duuuddddeeee....
|-sidestart|p2: Iceman8911|move: Toxic Spikes
|move|p2a: Duuuddddeeee....|Future Sight|p1a: Toxapex
|-start|p2a: Duuuddddeeee....|move: Future Sight
|
|-damage|p2a: Duuuddddeeee....|53/100 tox|[from] psn
|-damage|p1a: Toxapex|69/100 brn|[from] brn
|upkeep
|turn|74
|
|t:|1655212328
|switch|p1a: Reuniclus|Reuniclus, M, shiny|78/100
|move|p2a: Duuuddddeeee....|Teleport|p2a: Duuuddddeeee....
|
|t:|1655212333
|switch|p2a: Ready To Get Rekt|Nidoking, M|78/100|[from]move: Teleport
|-sideend|p2: Iceman8911|move: Toxic Spikes|[of] p2a: Ready To Get Rekt
|
|upkeep
|turn|75
|
|t:|1655212340
|switch|p2a: Tornadus|Tornadus-Therian, M|100/100
|move|p1a: Reuniclus|Recover|p1a: Reuniclus
|-heal|p1a: Reuniclus|100/100
|
|-end|p1a: Reuniclus|move: Future Sight
|-resisted|p1a: Reuniclus
|-damage|p1a: Reuniclus|86/100
|upkeep
|turn|76
|
|t:|1655212351
|switch|p1a: Toxapex|Toxapex, M|100/100 brn
|-damage|p1a: Toxapex|88/100 brn|[from] Stealth Rock
|move|p2a: Tornadus|Hurricane|p1a: Toxapex
|-damage|p1a: Toxapex|52/100 brn
|-start|p1a: Toxapex|confusion
|
|-damage|p1a: Toxapex|46/100 brn|[from] brn
|upkeep
|turn|77
|
|t:|1655212358
|switch|p1a: Landorus|Landorus-Therian, M|82/100
|-damage|p1a: Landorus|70/100|[from] Stealth Rock
|-ability|p1a: Landorus|Intimidate|boost
|-unboost|p2a: Tornadus|atk|1
|move|p2a: Tornadus|Hurricane|p1a: Landorus
|-damage|p1a: Landorus|38/100
|
|upkeep
|turn|78
|
|t:|1655212371
|move|p2a: Tornadus|U-turn|p1a: Landorus
|-resisted|p1a: Landorus
|-damage|p1a: Landorus|33/100
|
|t:|1655212374
|switch|p2a: Duuuddddeeee....|Slowbro, M|86/100 tox|[from]move: U-turn
|move|p1a: Landorus|Toxic|p2a: Duuuddddeeee....
|-fail|p2a: Duuuddddeeee....|tox
|
|-damage|p2a: Duuuddddeeee....|80/100 tox|[from] psn
|upkeep
|turn|79
|
|t:|1655212383
|move|p1a: Landorus|Stealth Rock|p2a: Duuuddddeeee....
|-sidestart|p2: Iceman8911|move: Stealth Rock
|move|p2a: Duuuddddeeee....|Teleport|p2a: Duuuddddeeee....
|
|t:|1655212388
|switch|p2a: Kneel To Vile|Weavile, M|100/100|[from]move: Teleport
|-ability|p2a: Kneel To Vile|Pressure
|
|upkeep
|turn|80
|
|t:|1655212395
|switch|p1a: Toxapex|Toxapex, M|79/100 brn
|-damage|p1a: Toxapex|67/100 brn|[from] Stealth Rock
|move|p2a: Kneel To Vile|Triple Axel|p1a: Toxapex
|-resisted|p1a: Toxapex
|-damage|p1a: Toxapex|64/100 brn
|-resisted|p1a: Toxapex
|-damage|p1a: Toxapex|57/100 brn
|-resisted|p1a: Toxapex
|-damage|p1a: Toxapex|49/100 brn
|-hitcount|p1a: Toxapex|3
|
|-damage|p1a: Toxapex|42/100 brn|[from] brn
|upkeep
|turn|81
|inactive|Iceman8911 has 120 seconds left.
|j| animekingreal
|inactive|Iceman8911 has 90 seconds left.
|inactive|Iceman8911 has 60 seconds left.
|j| DubiousMeatNugget
|inactive|Iceman8911 has 30 seconds left.
|inactive|Iceman8911 has 20 seconds left.
|inactive|Iceman8911 has 15 seconds left.
|
|t:|1655212530
|switch|p2a: Duuuddddeeee....|Slowbro, M|100/100 tox
|-damage|p2a: Duuuddddeeee....|88/100 tox|[from] Stealth Rock
|switch|p1a: Clefable|Clefable, F|100/100
|
|-damage|p2a: Duuuddddeeee....|82/100 tox|[from] psn
|upkeep
|turn|82
|inactive|Iceman8911 has 20 seconds left this turn.
|l| tapu moxo
|c|☆Iceman8911|sorry
|
|t:|1655212545
|move|p1a: Clefable|Calm Mind|p1a: Clefable
|-boost|p1a: Clefable|spa|1
|-boost|p1a: Clefable|spd|1
|move|p2a: Duuuddddeeee....|Teleport|p2a: Duuuddddeeee....
|inactive|Iceman8911 has 25 seconds left this turn.
|c|☆Iceman8911|needed to get something
|
|t:|1655212549
|switch|p2a: Ready To Get Rekt|Nidoking, M|78/100|[from]move: Teleport
|-damage|p2a: Ready To Get Rekt|72/100|[from] Stealth Rock
|
|upkeep
|turn|83
|inactive|Iceman8911 has 30 seconds left this turn.
|
|t:|1655212557
|switch|p1a: Toxapex|Toxapex, M|75/100 brn
|-damage|p1a: Toxapex|63/100 brn|[from] Stealth Rock
|move|p2a: Ready To Get Rekt|Sludge Wave|p1a: Toxapex
|-resisted|p1a: Toxapex
|-damage|p1a: Toxapex|36/100 brn
|
|-damage|p1a: Toxapex|30/100 brn|[from] brn
|upkeep
|turn|84
|
|t:|1655212571
|switch|p1a: Reuniclus|Reuniclus, M, shiny|86/100
|move|p2a: Ready To Get Rekt|Earth Power|p1a: Reuniclus
|-damage|p1a: Reuniclus|44/100
|
|upkeep
|turn|85
|
|t:|1655212577
|move|p2a: Ready To Get Rekt|Sludge Wave|p1a: Reuniclus
|-damage|p1a: Reuniclus|1/100
|move|p1a: Reuniclus|Recover|p1a: Reuniclus
|-heal|p1a: Reuniclus|51/100
|
|upkeep
|turn|86
|
|t:|1655212583
|switch|p2a: Duuuddddeeee....|Slowbro, M|100/100 tox
|-damage|p2a: Duuuddddeeee....|88/100 tox|[from] Stealth Rock
|move|p1a: Reuniclus|Recover|p1a: Reuniclus
|-heal|p1a: Reuniclus|100/100
|
|-damage|p2a: Duuuddddeeee....|82/100 tox|[from] psn
|upkeep
|turn|87
|
|t:|1655212608
|switch|p1a: Clefable|Clefable, F|100/100
|move|p2a: Duuuddddeeee....|Future Sight|p1a: Clefable
|-start|p2a: Duuuddddeeee....|move: Future Sight
|
|-damage|p2a: Duuuddddeeee....|70/100 tox|[from] psn
|upkeep
|turn|88
|inactive|Iceman8911 has 30 seconds left.
|
|t:|1655212632
|move|p1a: Clefable|Moonblast|p2a: Duuuddddeeee....
|-damage|p2a: Duuuddddeeee....|36/100 tox
|move|p2a: Duuuddddeeee....|Teleport|p2a: Duuuddddeeee....
|
|t:|1655212636
|switch|p2a: Ready To Get Rekt|Nidoking, M|72/100|[from]move: Teleport
|-damage|p2a: Ready To Get Rekt|66/100|[from] Stealth Rock
|
|upkeep
|turn|89
|
|t:|1655212644
|switch|p1a: Reuniclus|Reuniclus, M, shiny|100/100
|move|p2a: Ready To Get Rekt|Sludge Wave|p1a: Reuniclus
|-damage|p1a: Reuniclus|58/100
|
|-end|p1a: Reuniclus|move: Future Sight
|-resisted|p1a: Reuniclus
|-damage|p1a: Reuniclus|44/100
|upkeep
|turn|90
|
|t:|1655212652
|switch|p2a: Kneel To Vile|Weavile, M|100/100
|-ability|p2a: Kneel To Vile|Pressure
|move|p1a: Reuniclus|Recover|p1a: Reuniclus
|-heal|p1a: Reuniclus|94/100
|
|upkeep
|turn|91
|
|t:|1655212659
|switch|p1a: Landorus|Landorus-Therian, M|33/100
|-damage|p1a: Landorus|21/100|[from] Stealth Rock
|-ability|p1a: Landorus|Intimidate|boost
|-unboost|p2a: Kneel To Vile|atk|1
|move|p2a: Kneel To Vile|Knock Off|p1a: Landorus
|-damage|p1a: Landorus|0 fnt
|faint|p1a: Landorus
|
|upkeep
|
|t:|1655212663
|switch|p1a: Clefable|Clefable, F|100/100
|turn|92
|inactive|Iceman8911 has 30 seconds left.
|inactive|Iceman8911 has 20 seconds left.
|inactive|Iceman8911 has 15 seconds left.
|inactive|Iceman8911 has 10 seconds left.
|
|t:|1655212712
|switch|p2a: Ferrothorn|Ferrothorn, F|67/100
|-damage|p2a: Ferrothorn|60/100|[from] Stealth Rock
|move|p1a: Clefable|Calm Mind|p1a: Clefable
|-boost|p1a: Clefable|spa|1
|-boost|p1a: Clefable|spd|1
|
|upkeep
|turn|93
|inactive|Iceman8911 has 15 seconds left this turn.
|
|t:|1655212721
|switch|p2a: Ready To Get Rekt|Nidoking, M|66/100
|-damage|p2a: Ready To Get Rekt|60/100|[from] Stealth Rock
|move|p1a: Clefable|Calm Mind|p1a: Clefable
|-boost|p1a: Clefable|spa|1
|-boost|p1a: Clefable|spd|1
|
|upkeep
|turn|94
|inactive|Iceman8911 has 20 seconds left this turn.
|
|t:|1655212727
|move|p2a: Ready To Get Rekt|Sludge Wave|p1a: Clefable
|-supereffective|p1a: Clefable
|-damage|p1a: Clefable|44/100
|move|p1a: Clefable|Moonblast|p2a: Ready To Get Rekt
|-resisted|p2a: Ready To Get Rekt
|-damage|p2a: Ready To Get Rekt|14/100
|
|upkeep
|turn|95
|inactive|Iceman8911 has 25 seconds left this turn.
|inactive|Iceman8911 has 20 seconds left.
|
|t:|1655212735
|switch|p1a: Reuniclus|Reuniclus, M, shiny|94/100
|move|p2a: Ready To Get Rekt|Sludge Wave|p1a: Reuniclus
|-damage|p1a: Reuniclus|48/100
|
|upkeep
|turn|96
|inactive|Iceman8911 has 25 seconds left this turn.
|inactive|Iceman8911 has 20 seconds left.
|
|t:|1655212742
|switch|p2a: Tornadus|Tornadus-Therian, M|100/100
|move|p1a: Reuniclus|Recover|p1a: Reuniclus
|-heal|p1a: Reuniclus|98/100
|
|upkeep
|turn|97
|inactive|Iceman8911 has 25 seconds left this turn.
|
|t:|1655212747
|switch|p1a: Toxapex|Toxapex, M|63/100 brn
|-damage|p1a: Toxapex|50/100 brn|[from] Stealth Rock
|move|p2a: Tornadus|Defog|p1a: Toxapex
|-unboost|p1a: Toxapex|evasion|1
|-sideend|p1: ElStefano|Stealth Rock|[from] move: Defog|[of] p2a: Tornadus
|-sideend|p2: Iceman8911|Stealth Rock|[from] move: Defog|[of] p2a: Tornadus
|
|-damage|p1a: Toxapex|44/100 brn|[from] brn
|upkeep
|turn|98
|inactive|Iceman8911 has 30 seconds left this turn.
|
|t:|1655212756
|move|p2a: Tornadus|U-turn|p1a: Toxapex
|-resisted|p1a: Toxapex
|-damage|p1a: Toxapex|40/100 brn
|
|t:|1655212760
|switch|p2a: Ferrothorn|Ferrothorn, F|60/100|[from]move: U-turn
|move|p1a: Toxapex|Recover|p1a: Toxapex
|-heal|p1a: Toxapex|90/100 brn
|
|-damage|p1a: Toxapex|83/100 brn|[from] brn
|upkeep
|turn|99
|
|t:|1655212766
|move|p1a: Toxapex|Scald|p2a: Ferrothorn
|-resisted|p2a: Ferrothorn
|-damage|p2a: Ferrothorn|55/100
|move|p2a: Ferrothorn|Stealth Rock|p1a: Toxapex
|-sidestart|p1: ElStefano|move: Stealth Rock
|
|-damage|p1a: Toxapex|77/100 brn|[from] brn
|upkeep
|turn|100
|
|t:|1655212770
|switch|p2a: Duuuddddeeee....|Slowbro, M|69/100 tox
|move|p1a: Toxapex|Scald|p2a: Duuuddddeeee....
|-resisted|p2a: Duuuddddeeee....
|-damage|p2a: Duuuddddeeee....|61/100 tox
|
|-damage|p2a: Duuuddddeeee....|55/100 tox|[from] psn
|-damage|p1a: Toxapex|71/100 brn|[from] brn
|upkeep
|turn|101
|
|t:|1655212776
|switch|p1a: Clefable|Clefable, F|44/100
|move|p2a: Duuuddddeeee....|Teleport|p2a: Duuuddddeeee....
|
|t:|1655212780
|switch|p2a: Ready To Get Rekt|Nidoking, M|14/100|[from]move: Teleport
|
|upkeep
|turn|102
|
|t:|1655212785
|switch|p1a: Reuniclus|Reuniclus, M, shiny|98/100
|move|p2a: Ready To Get Rekt|Sludge Wave|p1a: Reuniclus
|-damage|p1a: Reuniclus|53/100
|
|upkeep
|turn|103
|
|t:|1655212794
|switch|p2a: Duuuddddeeee....|Slowbro, M|89/100 tox
|move|p1a: Reuniclus|Recover|p1a: Reuniclus
|-heal|p1a: Reuniclus|100/100
|
|-damage|p2a: Duuuddddeeee....|82/100 tox|[from] psn
|upkeep
|turn|104
|
|t:|1655212800
|switch|p1a: Clefable|Clefable, F|44/100
|move|p2a: Duuuddddeeee....|Future Sight|p1a: Clefable
|-start|p2a: Duuuddddeeee....|move: Future Sight
|
|-damage|p2a: Duuuddddeeee....|70/100 tox|[from] psn
|upkeep
|turn|105
|inactive|Iceman8911 has 60 seconds left.
|
|t:|1655212805
|move|p1a: Clefable|Soft-Boiled|p1a: Clefable
|-heal|p1a: Clefable|94/100
|move|p2a: Duuuddddeeee....|Teleport|p2a: Duuuddddeeee....
|
|t:|1655212807
|switch|p2a: Ready To Get Rekt|Nidoking, M|14/100|[from]move: Teleport
|
|upkeep
|turn|106
|
|t:|1655212813
|switch|p1a: Reuniclus|Reuniclus, M, shiny|100/100
|move|p2a: Ready To Get Rekt|Sludge Wave|p1a: Reuniclus
|-damage|p1a: Reuniclus|55/100
|
|-end|p1a: Reuniclus|move: Future Sight
|-resisted|p1a: Reuniclus
|-damage|p1a: Reuniclus|39/100
|upkeep
|turn|107
|
|t:|1655212826
|switch|p1a: Hydreigon|Hydreigon, F|43/100
|-damage|p1a: Hydreigon|31/100|[from] Stealth Rock
|move|p2a: Ready To Get Rekt|Earth Power|p1a: Hydreigon
|-immune|p1a: Hydreigon|[from] ability: Levitate
|
|upkeep
|turn|108
|c|☆Iceman8911|lol
|
|t:|1655212833
|switch|p2a: Tornadus|Tornadus-Therian, M|100/100
|move|p1a: Hydreigon|U-turn|p2a: Tornadus
|-resisted|p2a: Tornadus
|-damage|p2a: Tornadus|92/100
|
|t:|1655212838
|switch|p1a: Reuniclus|Reuniclus, M, shiny|39/100|[from]move: U-turn
|
|upkeep
|turn|109
|
|t:|1655212843
|move|p2a: Tornadus|U-turn|p1a: Reuniclus
|-supereffective|p1a: Reuniclus
|-damage|p1a: Reuniclus|10/100
|l| union boss
|
|t:|1655212846
|switch|p2a: Duuuddddeeee....|Slowbro, M|100/100 tox|[from]move: U-turn
|move|p1a: Reuniclus|Recover|p1a: Reuniclus
|-heal|p1a: Reuniclus|60/100
|
|-damage|p2a: Duuuddddeeee....|94/100 tox|[from] psn
|upkeep
|turn|110
|
|t:|1655212855
|move|p1a: Reuniclus|Recover|p1a: Reuniclus
|-heal|p1a: Reuniclus|100/100
|move|p2a: Duuuddddeeee....|Future Sight|p1a: Reuniclus
|-start|p2a: Duuuddddeeee....|move: Future Sight
|
|-damage|p2a: Duuuddddeeee....|82/100 tox|[from] psn
|upkeep
|turn|111
|
|t:|1655212867
|switch|p1a: Clefable|Clefable, F|94/100
|move|p2a: Duuuddddeeee....|Teleport|p2a: Duuuddddeeee....
|
|t:|1655212889
|switch|p2a: Ready To Get Rekt|Nidoking, M|14/100|[from]move: Teleport
|
|upkeep
|turn|112
|
|t:|1655212897
|switch|p1a: Reuniclus|Reuniclus, M, shiny|100/100
|move|p2a: Ready To Get Rekt|Sludge Wave|p1a: Reuniclus
|-damage|p1a: Reuniclus|56/100
|
|-end|p1a: Reuniclus|move: Future Sight
|-resisted|p1a: Reuniclus
|-damage|p1a: Reuniclus|42/100
|upkeep
|turn|113
|
|t:|1655212902
|move|p2a: Ready To Get Rekt|Earth Power|p1a: Reuniclus
|-damage|p1a: Reuniclus|1/100
|move|p1a: Reuniclus|Recover|p1a: Reuniclus
|-heal|p1a: Reuniclus|51/100
|
|upkeep
|turn|114
|c|☆Iceman8911|ofc
|j| fazds
|
|t:|1655212917
|switch|p2a: Kneel To Vile|Weavile, M|100/100
|-ability|p2a: Kneel To Vile|Pressure
|move|p1a: Reuniclus|Stored Power|p2a: Kneel To Vile
|-immune|p2a: Kneel To Vile
|
|upkeep
|turn|115
|
|t:|1655212924
|switch|p1a: Toxapex|Toxapex, M|100/100 brn
|-damage|p1a: Toxapex|88/100 brn|[from] Stealth Rock
|move|p2a: Kneel To Vile|Knock Off|p1a: Toxapex
|-damage|p1a: Toxapex|70/100 brn
|
|-damage|p1a: Toxapex|64/100 brn|[from] brn
|upkeep
|turn|116
|
|t:|1655212930
|switch|p2a: Duuuddddeeee....|Slowbro, M|100/100 tox
|move|p1a: Toxapex|Recover|p1a: Toxapex
|-heal|p1a: Toxapex|100/100 brn
|
|-damage|p2a: Duuuddddeeee....|94/100 tox|[from] psn
|-damage|p1a: Toxapex|94/100 brn|[from] brn
|upkeep
|turn|117
|
|t:|1655212934
|switch|p1a: Reuniclus|Reuniclus, M, shiny|51/100
|move|p2a: Duuuddddeeee....|Teleport|p2a: Duuuddddeeee....
|
|t:|1655212946
|switch|p2a: Tornadus|Tornadus-Therian, M|100/100|[from]move: Teleport
|
|upkeep
|turn|118
|
|t:|1655212951
|move|p2a: Tornadus|Hurricane|p1a: Reuniclus
|-crit|p1a: Reuniclus
|-damage|p1a: Reuniclus|5/100
|-start|p1a: Reuniclus|confusion
|-activate|p1a: Reuniclus|confusion
|-damage|p1a: Reuniclus|0 fnt|[from] confusion
|faint|p1a: Reuniclus
|
|upkeep
|c|☆Iceman8911|well
|
|t:|1655212959
|switch|p1a: Clefable|Clefable, F|94/100
|turn|119
|c|☆Iceman8911|thats one way
|
|t:|1655212966
|move|p2a: Tornadus|Hurricane|p1a: Clefable|[miss]
|-miss|p2a: Tornadus|p1a: Clefable
|move|p1a: Clefable|Calm Mind|p1a: Clefable
|-boost|p1a: Clefable|spa|1
|-boost|p1a: Clefable|spd|1
|
|upkeep
|turn|120
|
|t:|1655212970
|move|p2a: Tornadus|Hurricane|p1a: Clefable
|-damage|p1a: Clefable|69/100
|-start|p1a: Clefable|confusion
|-activate|p1a: Clefable|confusion
|move|p1a: Clefable|Calm Mind|p1a: Clefable
|-boost|p1a: Clefable|spa|1
|-boost|p1a: Clefable|spd|1
|
|upkeep
|turn|121
|
|t:|1655212977
|move|p2a: Tornadus|U-turn|p1a: Clefable
|-resisted|p1a: Clefable
|-damage|p1a: Clefable|63/100
|
|t:|1655212981
|switch|p2a: Gastrodon|Gastrodon, M|100/100|[from]move: U-turn
|-activate|p1a: Clefable|confusion
|-damage|p1a: Clefable|59/100|[from] confusion
|
|upkeep
|turn|122
|
|t:|1655212986
|-activate|p1a: Clefable|confusion
|move|p1a: Clefable|Moonblast|p2a: Gastrodon
|-damage|p2a: Gastrodon|59/100
|move|p2a: Gastrodon|Earthquake|p1a: Clefable
|-damage|p1a: Clefable|37/100
|
|-heal|p2a: Gastrodon|65/100|[from] item: Leftovers
|upkeep
|turn|123
|
|t:|1655212993
|switch|p2a: Ready To Get Rekt|Nidoking, M|14/100
|-end|p1a: Clefable|confusion
|move|p1a: Clefable|Soft-Boiled|p1a: Clefable
|-heal|p1a: Clefable|87/100
|
|upkeep
|turn|124
|
|t:|1655212997
|move|p2a: Ready To Get Rekt|Sludge Wave|p1a: Clefable
|-supereffective|p1a: Clefable
|-damage|p1a: Clefable|31/100
|move|p1a: Clefable|Moonblast|p2a: Ready To Get Rekt
|-resisted|p2a: Ready To Get Rekt
|-damage|p2a: Ready To Get Rekt|0 fnt
|faint|p2a: Ready To Get Rekt
|
|upkeep
|
|t:|1655213001
|switch|p2a: Kneel To Vile|Weavile, M|100/100
|-ability|p2a: Kneel To Vile|Pressure
|turn|125
|
|t:|1655213007
|switch|p1a: Toxapex|Toxapex, M|100/100 brn
|-damage|p1a: Toxapex|88/100 brn|[from] Stealth Rock
|move|p2a: Kneel To Vile|Triple Axel|p1a: Toxapex
|-resisted|p1a: Toxapex
|-damage|p1a: Toxapex|85/100 brn
|-resisted|p1a: Toxapex
|-damage|p1a: Toxapex|79/100 brn
|-hitcount|p1a: Toxapex|2
|
|-damage|p1a: Toxapex|73/100 brn|[from] brn
|upkeep
|turn|126
|inactive|Iceman8911 has 120 seconds left.
|
|t:|1655213019
|move|p2a: Kneel To Vile|Triple Axel|p1a: Toxapex
|-resisted|p1a: Toxapex
|-damage|p1a: Toxapex|70/100 brn
|-resisted|p1a: Toxapex
|-damage|p1a: Toxapex|64/100 brn
|-resisted|p1a: Toxapex
|-damage|p1a: Toxapex|55/100 brn
|-hitcount|p1a: Toxapex|3
|move|p1a: Toxapex|Toxic Spikes|p2a: Kneel To Vile
|-sidestart|p2: Iceman8911|move: Toxic Spikes
|
|-damage|p1a: Toxapex|49/100 brn|[from] brn
|upkeep
|turn|127
|
|t:|1655213025
|switch|p2a: Duuuddddeeee....|Slowbro, M|100/100 tox
|move|p1a: Toxapex|Recover|p1a: Toxapex
|-heal|p1a: Toxapex|99/100 brn
|
|-damage|p2a: Duuuddddeeee....|94/100 tox|[from] psn
|-damage|p1a: Toxapex|92/100 brn|[from] brn
|upkeep
|turn|128
|
|t:|1655213030
|move|p1a: Toxapex|Toxic Spikes|p2a: Duuuddddeeee....
|-sidestart|p2: Iceman8911|move: Toxic Spikes
|move|p2a: Duuuddddeeee....|Teleport|p2a: Duuuddddeeee....
|
|t:|1655213038
|switch|p2a: Kneel To Vile|Weavile, M|100/100|[from]move: Teleport
|-ability|p2a: Kneel To Vile|Pressure
|
|-damage|p1a: Toxapex|86/100 brn|[from] brn
|upkeep
|turn|129
|
|t:|1655213044
|switch|p2a: Duuuddddeeee....|Slowbro, M|100/100 tox
|move|p1a: Toxapex|Recover|p1a: Toxapex
|-heal|p1a: Toxapex|100/100 brn
|
|-damage|p2a: Duuuddddeeee....|94/100 tox|[from] psn
|-damage|p1a: Toxapex|94/100 brn|[from] brn
|upkeep
|turn|130
|j| Mel0nL0rd
|
|t:|1655213059
|move|p1a: Toxapex|Knock Off|p2a: Duuuddddeeee....
|-supereffective|p2a: Duuuddddeeee....
|-damage|p2a: Duuuddddeeee....|88/100 tox
|move|p2a: Duuuddddeeee....|Teleport|p2a: Duuuddddeeee....
|
|t:|1655213062
|switch|p2a: Tornadus|Tornadus-Therian, M|100/100|[from]move: Teleport
|
|-damage|p1a: Toxapex|88/100 brn|[from] brn
|upkeep
|turn|131
|
|t:|1655213072
|move|p2a: Tornadus|Hurricane|p1a: Toxapex
|-damage|p1a: Toxapex|56/100 brn
|move|p1a: Toxapex|Knock Off|p2a: Tornadus
|-damage|p2a: Tornadus|93/100
|-enditem|p2a: Tornadus|Heavy-Duty Boots|[from] move: Knock Off|[of] p1a: Toxapex
|
|-damage|p1a: Toxapex|50/100 brn|[from] brn
|upkeep
|turn|132
|
|t:|1655213079
|move|p2a: Tornadus|Hurricane|p1a: Toxapex|[miss]
|-miss|p2a: Tornadus|p1a: Toxapex
|move|p1a: Toxapex|Recover|p1a: Toxapex
|-heal|p1a: Toxapex|99/100 brn
|
|-damage|p1a: Toxapex|94/100 brn|[from] brn
|upkeep
|turn|133
|
|t:|1655213082
|move|p2a: Tornadus|Hurricane|p1a: Toxapex
|-damage|p1a: Toxapex|57/100 brn
|move|p1a: Toxapex|Scald|p2a: Tornadus
|-damage|p2a: Tornadus|76/100
|
|-damage|p1a: Toxapex|50/100 brn|[from] brn
|upkeep
|turn|134
|
|t:|1655213088
|move|p2a: Tornadus|U-turn|p1a: Toxapex
|-resisted|p1a: Toxapex
|-damage|p1a: Toxapex|46/100 brn
|
|t:|1655213091
|switch|p2a: Duuuddddeeee....|Slowbro, M|100/100 tox|[from]move: U-turn
|move|p1a: Toxapex|Recover|p1a: Toxapex
|-heal|p1a: Toxapex|96/100 brn
|
|-damage|p2a: Duuuddddeeee....|94/100 tox|[from] psn
|-damage|p1a: Toxapex|89/100 brn|[from] brn
|upkeep
|turn|135
|
|t:|1655213099
|switch|p1a: Hydreigon|Hydreigon, F|31/100
|-damage|p1a: Hydreigon|18/100|[from] Stealth Rock
|move|p2a: Duuuddddeeee....|Future Sight|p1a: Hydreigon
|-start|p2a: Duuuddddeeee....|move: Future Sight
|
|-damage|p2a: Duuuddddeeee....|82/100 tox|[from] psn
|upkeep
|turn|136
|
|t:|1655213109
|switch|p2a: Tornadus|Tornadus-Therian, M|100/100
|move|p1a: Hydreigon|Dark Pulse|p2a: Tornadus
|-damage|p2a: Tornadus|50/100
|
|upkeep
|turn|137
|
|t:|1655213128
|switch|p2a: Kneel To Vile|Weavile, M|100/100
|-ability|p2a: Kneel To Vile|Pressure
|move|p1a: Hydreigon|Dark Pulse|p2a: Kneel To Vile
|-resisted|p2a: Kneel To Vile
|-damage|p2a: Kneel To Vile|67/100
|
|-end|p1a: Hydreigon|move: Future Sight
|-immune|p1a: Hydreigon
|upkeep
|turn|138
|c| OneTreeWaiting|you should go weavile first
|
|t:|1655213136
|switch|p1a: Toxapex|Toxapex, M|100/100 brn
|-damage|p1a: Toxapex|88/100 brn|[from] Stealth Rock
|move|p2a: Kneel To Vile|Knock Off|p1a: Toxapex
|-damage|p1a: Toxapex|70/100 brn
|
|-damage|p1a: Toxapex|64/100 brn|[from] brn
|upkeep
|turn|139
|c|☆Iceman8911|yeh
|c|☆Iceman8911|i just remebered
|c|☆Iceman8911|lol
|c| OneTreeWaiting|but he would draco
|
|t:|1655213162
|switch|p2a: Duuuddddeeee....|Slowbro, M|100/100 tox
|switch|p1a: Hydreigon|Hydreigon, F|18/100
|-damage|p1a: Hydreigon|6/100|[from] Stealth Rock
|
|-damage|p2a: Duuuddddeeee....|94/100 tox|[from] psn
|upkeep
|turn|140
|c|☆Iceman8911|or uturn
|
|t:|1655213170
|switch|p2a: Tornadus|Tornadus-Therian, M|84/100
|move|p1a: Hydreigon|Dark Pulse|p2a: Tornadus
|-damage|p2a: Tornadus|36/100
|
|upkeep
|turn|141
|
|t:|1655213176
|switch|p2a: Ferrothorn|Ferrothorn, F|55/100
|move|p1a: Hydreigon|Dark Pulse|p2a: Ferrothorn
|-damage|p2a: Ferrothorn|25/100
|
|upkeep
|turn|142
|
|t:|1655213181
|move|p1a: Hydreigon|Dark Pulse|p2a: Ferrothorn
|-damage|p2a: Ferrothorn|0 fnt
|faint|p2a: Ferrothorn
|
|upkeep
|
|t:|1655213183
|switch|p2a: Tornadus|Tornadus-Therian, M|70/100
|turn|143
|
|t:|1655213185
|move|p1a: Hydreigon|Dark Pulse|p2a: Tornadus
|-damage|p2a: Tornadus|27/100
|move|p2a: Tornadus|U-turn|p1a: Hydreigon
|-supereffective|p1a: Hydreigon
|-damage|p1a: Hydreigon|0 fnt
|faint|p1a: Hydreigon
|
|t:|1655213192
|switch|p2a: Kneel To Vile|Weavile, M|67/100|[from]move: U-turn
|-ability|p2a: Kneel To Vile|Pressure
|
|upkeep
|
|t:|1655213196
|switch|p1a: Toxapex|Toxapex, M|97/100 brn
|-damage|p1a: Toxapex|84/100 brn|[from] Stealth Rock
|turn|144
|
|t:|1655213205
|switch|p2a: Duuuddddeeee....|Slowbro, M|100/100 tox
|switch|p1a: Clefable|Clefable, F|31/100
|
|-damage|p2a: Duuuddddeeee....|94/100 tox|[from] psn
|upkeep
|turn|145
|c|☆Iceman8911|ofc
|
|t:|1655213212
|move|p1a: Clefable|Soft-Boiled|p1a: Clefable
|-heal|p1a: Clefable|81/100
|move|p2a: Duuuddddeeee....|Future Sight|p1a: Clefable
|-start|p2a: Duuuddddeeee....|move: Future Sight
|
|-damage|p2a: Duuuddddeeee....|82/100 tox|[from] psn
|upkeep
|turn|146
|c|☆Iceman8911|but
|
|t:|1655213229
|switch|p2a: Tornadus|Tornadus-Therian, M|60/100
|move|p1a: Clefable|Calm Mind|p1a: Clefable
|-boost|p1a: Clefable|spa|1
|-boost|p1a: Clefable|spd|1
|
|upkeep
|turn|147
|c|☆Iceman8911|i was fearing scald or knock
|
|t:|1655213234
|move|p2a: Tornadus|Hurricane|p1a: Clefable|[miss]
|-miss|p2a: Tornadus|p1a: Clefable
|move|p1a: Clefable|Soft-Boiled|p1a: Clefable
|-heal|p1a: Clefable|100/100
|
|-end|p1a: Clefable|move: Future Sight
|-damage|p1a: Clefable|73/100
|upkeep
|turn|148
|l| animekingreal
|
|t:|1655213241
|move|p2a: Tornadus|Defog|p1a: Clefable
|-unboost|p1a: Clefable|evasion|1
|-sideend|p1: ElStefano|Stealth Rock|[from] move: Defog|[of] p2a: Tornadus
|-sideend|p2: Iceman8911|Toxic Spikes|[from] move: Defog|[of] p2a: Tornadus
|move|p1a: Clefable|Calm Mind|p1a: Clefable
|-boost|p1a: Clefable|spa|1
|-boost|p1a: Clefable|spd|1
|
|upkeep
|turn|149
|
|t:|1655213246
|move|p2a: Tornadus|Hurricane|p1a: Clefable
|-damage|p1a: Clefable|54/100
|move|p1a: Clefable|Moonblast|p2a: Tornadus
|-damage|p2a: Tornadus|0 fnt
|faint|p2a: Tornadus
|
|upkeep
|
|t:|1655213252
|switch|p2a: Gastrodon|Gastrodon, M|65/100
|turn|150
|
|t:|1655213255
|move|p1a: Clefable|Moonblast|p2a: Gastrodon
|-damage|p2a: Gastrodon|23/100
|move|p2a: Gastrodon|Recover|p2a: Gastrodon
|-heal|p2a: Gastrodon|73/100
|
|-heal|p2a: Gastrodon|79/100|[from] item: Leftovers
|upkeep
|turn|151
|
|t:|1655213262
|move|p1a: Clefable|Calm Mind|p1a: Clefable
|-boost|p1a: Clefable|spa|1
|-boost|p1a: Clefable|spd|1
|move|p2a: Gastrodon|Earthquake|p1a: Clefable
|-damage|p1a: Clefable|30/100
|
|-heal|p2a: Gastrodon|85/100|[from] item: Leftovers
|upkeep
|turn|152
|
|t:|1655213266
|move|p1a: Clefable|Soft-Boiled|p1a: Clefable
|-heal|p1a: Clefable|80/100
|move|p2a: Gastrodon|Earthquake|p1a: Clefable
|-damage|p1a: Clefable|56/100
|
|-heal|p2a: Gastrodon|91/100|[from] item: Leftovers
|upkeep
|turn|153
|
|t:|1655213270
|move|p1a: Clefable|Moonblast|p2a: Gastrodon
|-damage|p2a: Gastrodon|42/100
|move|p2a: Gastrodon|Earthquake|p1a: Clefable
|-damage|p1a: Clefable|34/100
|
|-heal|p2a: Gastrodon|48/100|[from] item: Leftovers
|upkeep
|turn|154
|
|t:|1655213275
|move|p1a: Clefable|Soft-Boiled|p1a: Clefable
|-heal|p1a: Clefable|84/100
|move|p2a: Gastrodon|Recover|p2a: Gastrodon
|-heal|p2a: Gastrodon|98/100
|
|-heal|p2a: Gastrodon|100/100|[from] item: Leftovers
|upkeep
|turn|155
|
|t:|1655213280
|move|p1a: Clefable|Calm Mind|p1a: Clefable
|-boost|p1a: Clefable|spa|1
|-boost|p1a: Clefable|spd|1
|move|p2a: Gastrodon|Earthquake|p1a: Clefable
|-damage|p1a: Clefable|59/100
|
|upkeep
|turn|156
|
|t:|1655213283
|move|p1a: Clefable|Calm Mind|p1a: Clefable
|-boost|p1a: Clefable|spa|1
|-boost|p1a: Clefable|spd|1
|move|p2a: Gastrodon|Earthquake|p1a: Clefable
|-damage|p1a: Clefable|38/100
|
|upkeep
|turn|157
|
|t:|1655213292
|move|p1a: Clefable|Soft-Boiled|p1a: Clefable
|-heal|p1a: Clefable|88/100
|move|p2a: Gastrodon|Earthquake|p1a: Clefable
|-damage|p1a: Clefable|66/100
|
|upkeep
|turn|158
|
|t:|1655213296
|move|p1a: Clefable|Moonblast|p2a: Gastrodon
|-damage|p2a: Gastrodon|27/100
|-unboost|p2a: Gastrodon|spa|1
|move|p2a: Gastrodon|Earthquake|p1a: Clefable
|-damage|p1a: Clefable|45/100
|
|-heal|p2a: Gastrodon|33/100|[from] item: Leftovers
|upkeep
|turn|159
|
|t:|1655213300
|move|p1a: Clefable|Soft-Boiled|p1a: Clefable
|-heal|p1a: Clefable|95/100
|move|p2a: Gastrodon|Earthquake|p1a: Clefable
|-damage|p1a: Clefable|74/100
|
|-heal|p2a: Gastrodon|39/100|[from] item: Leftovers
|upkeep
|turn|160
|
|t:|1655213304
|move|p1a: Clefable|Soft-Boiled|p1a: Clefable
|-heal|p1a: Clefable|100/100
|move|p2a: Gastrodon|Earthquake|p1a: Clefable
|-damage|p1a: Clefable|77/100
|
|-heal|p2a: Gastrodon|45/100|[from] item: Leftovers
|upkeep
|turn|161
|
|t:|1655213307
|move|p1a: Clefable|Moonblast|p2a: Gastrodon
|-damage|p2a: Gastrodon|0 fnt
|faint|p2a: Gastrodon
|
|upkeep
|
|t:|1655213309
|switch|p2a: Kneel To Vile|Weavile, M|67/100
|-ability|p2a: Kneel To Vile|Pressure
|turn|162
|c|☆Iceman8911|gg
|
|t:|1655213314
|move|p2a: Kneel To Vile|Triple Axel|p1a: Clefable
|-damage|p1a: Clefable|70/100
|-damage|p1a: Clefable|54/100
|-damage|p1a: Clefable|32/100
|-hitcount|p1a: Clefable|3
|move|p1a: Clefable|Moonblast|p2a: Kneel To Vile
|-supereffective|p2a: Kneel To Vile
|-damage|p2a: Kneel To Vile|0 fnt
|faint|p2a: Kneel To Vile
|
|upkeep
|
|t:|1655213320
|switch|p2a: Duuuddddeeee....|Slowbro, M|100/100 tox
|turn|163
|
|t:|1655213323
|move|p1a: Clefable|Moonblast|p2a: Duuuddddeeee....
|-damage|p2a: Duuuddddeeee....|0 fnt
|faint|p2a: Duuuddddeeee....
|
|win|ElStefano
|raw|ElStefano's rating: 1702 &rarr; <strong>1723</strong><br />(+21 for winning)
|raw|Iceman8911's rating: 1717 &rarr; <strong>1696</strong><br />(-21 for losing)
|c|☆ElStefano|Gg
|l| OneTreeWaiting
|l| havefun507
|l| DubiousMeatNugget
|l| blancostoise
|l| fazds
||Ladder isn't responding, score probably updated but might not have (Request timeout).
|l|☆Iceman8911
