|raw|<div class="broadcast-blue"><strong>This battle is required to be public due to a player having a name starting with 'lt91bb'.</div>
|j|☆LT91BB xray
|j|☆Steve Omelette
|t:|1659085006
|gametype|singles
|player|p1|LT91BB xray|#npl2022ballermannbierbaren|1973
|player|p2|Steve Omelette|101|1938
|teamsize|p1|6
|teamsize|p2|6
|gen|8
|tier|[Gen 8] OU
|rated|
|rule|Sleep Clause Mod: Limit one foe put to sleep
|rule|Species Clause: Limit one of each Pokémon
|rule|OHKO Clause: OHKO moves are banned
|rule|Evasion Moves Clause: Evasion moves are banned
|rule|Endless Battle Clause: Forcing endless battles is banned
|rule|HP Percentage Mod: HP is shown in percentages
|rule|Dynamax Clause: You cannot dynamax
|clearpoke
|poke|p1|Tapu Lele|
|poke|p1|Tornadus-Therian, M|
|poke|p1|Buzzwole|
|poke|p1|Melmetal|
|poke|p1|Hippowdon, F|
|poke|p1|Toxapex, M|
|poke|p2|Ferrothorn, M|
|poke|p2|Rotom-Wash|
|poke|p2|Tyranitar, M|
|poke|p2|Excadrill, F|
|poke|p2|Clefable, M|
|poke|p2|Dragapult, F|
|teampreview
|j| El Pogo Loco
|c|☆LT91BB xray|hf
|c|☆Steve Omelette|same
|inactive|Battle timer is ON: inactive players will automatically lose when time's up. (requested by LT91BB xray)
|j| dafeibi
|
|t:|1659085030
|start
|switch|p1a: Tornadus|Tornadus-Therian, M|100/100
|switch|p2a: Rotom|Rotom-Wash|100/100
|turn|1
|
|t:|1659085033
|move|p1a: Tornadus|Knock Off|p2a: Rotom
|-damage|p2a: Rotom|78/100
|-enditem|p2a: Rotom|Leftovers|[from] move: Knock Off|[of] p1a: Tornadus
|move|p2a: Rotom|Toxic|p1a: Tornadus|[miss]
|-miss|p2a: Rotom|p1a: Tornadus
|
|upkeep
|turn|2
|j| LegendsOnly
|
|t:|1659085038
|move|p1a: Tornadus|U-turn|p2a: Rotom
|-damage|p2a: Rotom|63/100
|
|t:|1659085040
|switch|p1a: Toxapex|Toxapex, M|100/100|[from]move: U-turn
|move|p2a: Rotom|Toxic|p1a: Toxapex
|-immune|p1a: Toxapex
|
|upkeep
|turn|3
|j| RNN YasuKe
|j| LT91BB gostop
|j| LT91BB Ryuji
|j| yung dan schneider
|
|t:|1659085049
|move|p2a: Rotom|Volt Switch|p1a: Toxapex
|-supereffective|p1a: Toxapex
|-damage|p1a: Toxapex|69/100
|
|t:|1659085052
|switch|p2a: Clefable|Clefable, M|100/100|[from]move: Volt Switch
|move|p1a: Toxapex|Scald|p2a: Clefable
|-damage|p2a: Clefable|85/100
|
|upkeep
|turn|4
|j| Pazaldo
|j| LT91BB dragonnb
|j| LT91BB PDC
|j| CallMePrimal
|j| LT91BB Xxtarlit
|j| LT91BB Sicario
|j| LT91BB Ahsan
|j| Barracades
|l| LT91BB Sicario
|inactive|LT91BB xray has 120 seconds left.
|j| maeve68
|j| tesla roadster
|
|t:|1659085095
|switch|p1a: Hippowdon|Hippowdon, F|100/100
|-weather|Sandstorm|[from] ability: Sand Stream|[of] p1a: Hippowdon
|move|p2a: Clefable|Stealth Rock|p1a: Hippowdon
|-sidestart|p1: LT91BB xray|move: Stealth Rock
|
|-weather|Sandstorm|[upkeep]
|upkeep
|turn|5
|j| SnorlaxKing420
|j|+mushamu
|
|t:|1659085098
|move|p2a: Clefable|Knock Off|p1a: Hippowdon
|-damage|p1a: Hippowdon|90/100
|-enditem|p1a: Hippowdon|Leftovers|[from] move: Knock Off|[of] p2a: Clefable
|move|p1a: Hippowdon|Stealth Rock|p2a: Clefable
|-sidestart|p2: Steve Omelette|move: Stealth Rock
|
|-weather|Sandstorm|[upkeep]
|upkeep
|turn|6
|
|t:|1659085105
|switch|p2a: Ferrothorn|Ferrothorn, M|100/100
|-damage|p2a: Ferrothorn|95/100|[from] Stealth Rock
|move|p1a: Hippowdon|Earthquake|p2a: Ferrothorn
|-damage|p2a: Ferrothorn|73/100
|
|-weather|Sandstorm|[upkeep]
|-heal|p2a: Ferrothorn|79/100|[from] item: Leftovers
|upkeep
|turn|7
|j| Miss.mushroom
|l|+mushamu
|j| CM Reuniclus
|
|t:|1659085118
|move|p1a: Hippowdon|Earthquake|p2a: Ferrothorn
|-damage|p2a: Ferrothorn|55/100
|move|p2a: Ferrothorn|Leech Seed|p1a: Hippowdon
|-start|p1a: Hippowdon|move: Leech Seed
|
|-weather|Sandstorm|[upkeep]
|-heal|p2a: Ferrothorn|61/100|[from] item: Leftovers
|-damage|p1a: Hippowdon|77/100|[from] Leech Seed|[of] p2a: Ferrothorn
|-heal|p2a: Ferrothorn|76/100|[silent]
|upkeep
|turn|8
|
|t:|1659085122
|switch|p1a: Tornadus|Tornadus-Therian, M|100/100
|move|p2a: Ferrothorn|Leech Seed|p1a: Tornadus
|-start|p1a: Tornadus|move: Leech Seed
|
|-weather|none
|-heal|p2a: Ferrothorn|82/100|[from] item: Leftovers
|-damage|p1a: Tornadus|88/100|[from] Leech Seed|[of] p2a: Ferrothorn
|-heal|p2a: Ferrothorn|95/100|[silent]
|upkeep
|turn|9
|j| Zirpurze
|
|t:|1659085130
|move|p1a: Tornadus|Knock Off|p2a: Ferrothorn
|-damage|p2a: Ferrothorn|83/100
|-damage|p1a: Tornadus|76/100|[from] ability: Iron Barbs|[of] p2a: Ferrothorn
|-enditem|p2a: Ferrothorn|Leftovers|[from] move: Knock Off|[of] p1a: Tornadus
|move|p2a: Ferrothorn|Spikes|p1a: Tornadus
|-sidestart|p1: LT91BB xray|Spikes
|
|-damage|p1a: Tornadus|63/100|[from] Leech Seed|[of] p2a: Ferrothorn
|-heal|p2a: Ferrothorn|96/100|[silent]
|upkeep
|turn|10
|j| innovamania
|j| ClumsyClefable
|
|t:|1659085141
|move|p1a: Tornadus|Heat Wave|p2a: Ferrothorn
|-supereffective|p2a: Ferrothorn
|-damage|p2a: Ferrothorn|9/100
|move|p2a: Ferrothorn|Spikes|p1a: Tornadus
|-sidestart|p1: LT91BB xray|Spikes
|
|-damage|p1a: Tornadus|51/100|[from] Leech Seed|[of] p2a: Ferrothorn
|-heal|p2a: Ferrothorn|22/100|[silent]
|upkeep
|turn|11
|j| ownerfloor
|
|t:|1659085147
|move|p1a: Tornadus|Heat Wave|p2a: Ferrothorn
|-supereffective|p2a: Ferrothorn
|-damage|p2a: Ferrothorn|0 fnt
|faint|p2a: Ferrothorn
|
|upkeep
|j| thatoneguy5777
|
|t:|1659085149
|switch|p2a: Dragapult|Dragapult, F|100/100
|-damage|p2a: Dragapult|88/100|[from] Stealth Rock
|turn|12
|j| dadkadkfla
|j| LT91BB Mad Cow
|
|t:|1659085159
|switch|p1a: Toxapex|Toxapex, M|100/100
|-damage|p1a: Toxapex|88/100|[from] Stealth Rock
|-damage|p1a: Toxapex|72/100|[from] Spikes
|move|p2a: Dragapult|Shadow Ball|p1a: Toxapex
|-damage|p1a: Toxapex|37/100
|-unboost|p1a: Toxapex|spd|1
|
|upkeep
|turn|13
|c| LegendsOnly|steve wants to lose to the melmetal
|j| JJ09LIE
|c|☆LT91BB xray|hnnng
|c|☆Steve Omelette|i cant win after t1 tox miss
|
|t:|1659085187
|switch|p1a: Hippowdon|Hippowdon, F|77/100
|-damage|p1a: Hippowdon|71/100|[from] Stealth Rock
|-damage|p1a: Hippowdon|54/100|[from] Spikes
|-weather|Sandstorm|[from] ability: Sand Stream|[of] p1a: Hippowdon
|move|p2a: Dragapult|Shadow Ball|p1a: Hippowdon
|-crit|p1a: Hippowdon
|-damage|p1a: Hippowdon|0 fnt
|faint|p1a: Hippowdon
|
|-weather|Sandstorm|[upkeep]
|-damage|p2a: Dragapult|82/100|[from] Sandstorm
|upkeep
|
|t:|1659085195
|switch|p1a: Tornadus|Tornadus-Therian, M|84/100
|turn|14
|c| SnorlaxKing420|I have faith in you steve
|
|t:|1659085204
|move|p2a: Dragapult|Shadow Ball|p1a: Tornadus
|-damage|p1a: Tornadus|21/100
|move|p1a: Tornadus|Defog|p2a: Dragapult
|-unboost|p2a: Dragapult|evasion|1
|-sideend|p2: Steve Omelette|Stealth Rock|[from] move: Defog|[of] p1a: Tornadus
|-sideend|p1: LT91BB xray|Spikes|[from] move: Defog|[of] p1a: Tornadus
|-sideend|p1: LT91BB xray|Stealth Rock|[from] move: Defog|[of] p1a: Tornadus
|
|-weather|Sandstorm|[upkeep]
|-damage|p2a: Dragapult|76/100|[from] Sandstorm
|-damage|p1a: Tornadus|15/100|[from] Sandstorm
|upkeep
|turn|15
|
|t:|1659085212
|switch|p1a: Toxapex|Toxapex, M|70/100
|move|p2a: Dragapult|Shadow Ball|p1a: Toxapex
|-damage|p1a: Toxapex|37/100
|
|-weather|Sandstorm|[upkeep]
|-damage|p2a: Dragapult|70/100|[from] Sandstorm
|-damage|p1a: Toxapex|30/100|[from] Sandstorm
|upkeep
|turn|16
|
|t:|1659085215
|switch|p1a: Melmetal|Melmetal|100/100
|move|p2a: Dragapult|Shadow Ball|p1a: Melmetal
|-damage|p1a: Melmetal|47/100
|-unboost|p1a: Melmetal|spd|1
|
|-weather|Sandstorm|[upkeep]
|-damage|p2a: Dragapult|64/100|[from] Sandstorm
|-heal|p1a: Melmetal|53/100|[from] item: Leftovers
|upkeep
|turn|17
|l| maeve68
|
|t:|1659085218
|move|p1a: Melmetal|Protect|p1a: Melmetal
|-singleturn|p1a: Melmetal|Protect
|move|p2a: Dragapult|Shadow Ball|p1a: Melmetal
|-activate|p1a: Melmetal|move: Protect
|
|-weather|none
|-heal|p1a: Melmetal|59/100|[from] item: Leftovers
|upkeep
|turn|18
|c|☆LT91BB xray|.-.
|j| antarctozolt
|
|t:|1659085231
|switch|p1a: Tornadus|Tornadus-Therian, M|48/100
|move|p2a: Dragapult|Shadow Ball|p1a: Tornadus
|-damage|p1a: Tornadus|0 fnt
|faint|p1a: Tornadus
|
|upkeep
|
|t:|1659085233
|switch|p1a: Tapu Lele|Tapu Lele|100/100
|-fieldstart|move: Psychic Terrain|[from] ability: Psychic Surge|[of] p1a: Tapu Lele
|turn|19
|c| SnorlaxKing420|steve goin sicko mode
|
|t:|1659085249
|switch|p2a: Excadrill|Excadrill, F|100/100
|move|p1a: Tapu Lele|Moonblast|p2a: Excadrill
|-resisted|p2a: Excadrill
|-damage|p2a: Excadrill|47/100
|
|-heal|p2a: Excadrill|53/100|[from] item: Leftovers
|upkeep
|turn|20
|j| AcrOne
|j| irkd
|
|t:|1659085276
|move|p2a: Excadrill|Earthquake|p1a: Tapu Lele
|-damage|p1a: Tapu Lele|15/100
|move|p1a: Tapu Lele|Moonblast|p2a: Excadrill
|-resisted|p2a: Excadrill
|-damage|p2a: Excadrill|2/100
|-unboost|p2a: Excadrill|spa|1
|
|-heal|p2a: Excadrill|8/100|[from] item: Leftovers
|upkeep
|turn|21
|l| yung dan schneider
|
|t:|1659085283
|switch|p1a: Buzzwole|Buzzwole|100/100
|move|p2a: Excadrill|Earthquake|p1a: Buzzwole
|-resisted|p1a: Buzzwole
|-damage|p1a: Buzzwole|87/100
|
|-heal|p2a: Excadrill|14/100|[from] item: Leftovers
|upkeep
|turn|22
|
|t:|1659085295
|switch|p2a: Clefable|Clefable, M|85/100
|move|p1a: Buzzwole|Ice Punch|p2a: Clefable
|-damage|p2a: Clefable|68/100
|-damage|p1a: Buzzwole|70/100|[from] item: Rocky Helmet|[of] p2a: Clefable
|
|upkeep
|turn|23
|
|t:|1659085302
|switch|p1a: Toxapex|Toxapex, M|64/100
|move|p2a: Clefable|Stealth Rock|p1a: Toxapex
|-sidestart|p1: LT91BB xray|move: Stealth Rock
|
|-fieldend|move: Psychic Terrain
|upkeep
|turn|24
|
|t:|1659085310
|move|p2a: Clefable|Knock Off|p1a: Toxapex
|-damage|p1a: Toxapex|52/100
|-enditem|p1a: Toxapex|Shed Shell|[from] move: Knock Off|[of] p2a: Clefable
|move|p1a: Toxapex|Recover|p1a: Toxapex
|-heal|p1a: Toxapex|100/100
|
|upkeep
|turn|25
|
|t:|1659085329
|move|p2a: Clefable|Soft-Boiled|p2a: Clefable
|-heal|p2a: Clefable|100/100
|move|p1a: Toxapex|Scald|p2a: Clefable
|-damage|p2a: Clefable|87/100
|
|upkeep
|turn|26
|j| ripreckful
|
|t:|1659085333
|move|p2a: Clefable|Moonblast|p1a: Toxapex
|-resisted|p1a: Toxapex
|-damage|p1a: Toxapex|90/100
|move|p1a: Toxapex|Scald|p2a: Clefable
|-damage|p2a: Clefable|73/100
|
|upkeep
|turn|27
|
|t:|1659085337
|move|p2a: Clefable|Moonblast|p1a: Toxapex
|-resisted|p1a: Toxapex
|-damage|p1a: Toxapex|79/100
|move|p1a: Toxapex|Light Screen|p1a: Toxapex
|-sidestart|p1: LT91BB xray|move: Light Screen
|
|upkeep
|turn|28
|
|t:|1659085342
|move|p2a: Clefable|Knock Off|p1a: Toxapex
|-damage|p1a: Toxapex|72/100
|move|p1a: Toxapex|Scald|p2a: Clefable
|-damage|p2a: Clefable|58/100
|
|upkeep
|turn|29
|
|t:|1659085347
|move|p2a: Clefable|Knock Off|p1a: Toxapex
|-damage|p1a: Toxapex|63/100
|move|p1a: Toxapex|Scald|p2a: Clefable
|-damage|p2a: Clefable|42/100
|-status|p2a: Clefable|brn
|
|upkeep
|turn|30
|
|t:|1659085350
|switch|p1a: Melmetal|Melmetal|59/100
|-damage|p1a: Melmetal|53/100|[from] Stealth Rock
|move|p2a: Clefable|Knock Off|p1a: Melmetal
|-damage|p1a: Melmetal|49/100
|-enditem|p1a: Melmetal|Leftovers|[from] move: Knock Off|[of] p2a: Clefable
|
|upkeep
|turn|31
|j| LT91BB RL
|
|t:|1659085355
|switch|p2a: Rotom|Rotom-Wash|63/100
|move|p1a: Melmetal|Toxic|p2a: Rotom
|-status|p2a: Rotom|tox
|
|-damage|p2a: Rotom|56/100 tox|[from] psn
|-sideend|p1: LT91BB xray|move: Light Screen
|upkeep
|turn|32
|j| LT91BB Michy
|
|t:|1659085360
|move|p1a: Melmetal|Protect|p1a: Melmetal
|-singleturn|p1a: Melmetal|Protect
|move|p2a: Rotom|Hydro Pump|p1a: Melmetal
|-activate|p1a: Melmetal|move: Protect
|
|-damage|p2a: Rotom|44/100 tox|[from] psn
|upkeep
|turn|33
|
|t:|1659085367
|move|p2a: Rotom|Hydro Pump|p1a: Melmetal
|-damage|p1a: Melmetal|12/100
|move|p1a: Melmetal|Double Iron Bash|p2a: Rotom
|-resisted|p2a: Rotom
|-damage|p2a: Rotom|32/100 tox
|-resisted|p2a: Rotom
|-damage|p2a: Rotom|21/100 tox
|-hitcount|p2a: Rotom|2
|
|-damage|p2a: Rotom|2/100 tox|[from] psn
|upkeep
|turn|34
|
|t:|1659085380
|move|p1a: Melmetal|Protect|p1a: Melmetal
|-singleturn|p1a: Melmetal|Protect
|move|p2a: Rotom|Volt Switch|p1a: Melmetal
|-activate|p1a: Melmetal|move: Protect
|
|-damage|p2a: Rotom|0 fnt|[from] psn
|faint|p2a: Rotom
|upkeep
|
|t:|1659085390
|switch|p2a: Dragapult|Dragapult, F|64/100
|turn|35
|j| AsRda
|
|t:|1659085394
|switch|p1a: Toxapex|Toxapex, M|96/100
|-damage|p1a: Toxapex|84/100|[from] Stealth Rock
|move|p2a: Dragapult|Shadow Ball|p1a: Toxapex
|-damage|p1a: Toxapex|50/100
|
|upkeep
|turn|36
|
|t:|1659085399
|move|p2a: Dragapult|Shadow Ball|p1a: Toxapex
|-damage|p1a: Toxapex|15/100
|move|p1a: Toxapex|Recover|p1a: Toxapex
|-heal|p1a: Toxapex|65/100
|
|upkeep
|turn|37
|
|t:|1659085403
|switch|p2a: Clefable|Clefable, M|42/100 brn
|move|p1a: Toxapex|Recover|p1a: Toxapex
|-heal|p1a: Toxapex|100/100
|
|upkeep
|turn|38
|l| LT91BB Michy
|
|t:|1659085410
|move|p2a: Clefable|Soft-Boiled|p2a: Clefable
|-heal|p2a: Clefable|93/100 brn
|move|p1a: Toxapex|Haze|p1a: Toxapex
|-clearallboost
|
|upkeep
|turn|39
|
|t:|1659085418
|move|p2a: Clefable|Knock Off|p1a: Toxapex
|-damage|p1a: Toxapex|97/100
|move|p1a: Toxapex|Haze|p1a: Toxapex
|-clearallboost
|
|upkeep
|turn|40
|j| Amelza
|
|t:|1659085422
|move|p2a: Clefable|Moonblast|p1a: Toxapex
|-resisted|p1a: Toxapex
|-damage|p1a: Toxapex|86/100
|move|p1a: Toxapex|Light Screen|p1a: Toxapex
|-sidestart|p1: LT91BB xray|move: Light Screen
|
|upkeep
|turn|41
|
|t:|1659085428
|move|p2a: Clefable|Moonblast|p1a: Toxapex
|-resisted|p1a: Toxapex
|-damage|p1a: Toxapex|81/100
|move|p1a: Toxapex|Haze|p1a: Toxapex
|-clearallboost
|
|upkeep
|turn|42
|
|t:|1659085432
|move|p2a: Clefable|Knock Off|p1a: Toxapex
|-damage|p1a: Toxapex|77/100
|move|p1a: Toxapex|Scald|p2a: Clefable
|-damage|p2a: Clefable|77/100 brn
|
|upkeep
|turn|43
|j| LT91BB Hiko
|l| Amelza
|
|t:|1659085437
|move|p2a: Clefable|Moonblast|p1a: Toxapex
|-resisted|p1a: Toxapex
|-damage|p1a: Toxapex|72/100
|move|p1a: Toxapex|Haze|p1a: Toxapex
|-clearallboost
|
|upkeep
|turn|44
|j| Amelza
|
|t:|1659085441
|move|p2a: Clefable|Knock Off|p1a: Toxapex
|-damage|p1a: Toxapex|68/100
|move|p1a: Toxapex|Light Screen||[still]
|-fail|p1a: Toxapex
|
|-sideend|p1: LT91BB xray|move: Light Screen
|upkeep
|turn|45
|l| LT91BB dragonnb
|
|t:|1659085445
|move|p2a: Clefable|Soft-Boiled|p2a: Clefable
|-heal|p2a: Clefable|100/100 brn
|move|p1a: Toxapex|Scald|p2a: Clefable
|-damage|p2a: Clefable|86/100 brn
|
|upkeep
|turn|46
|j| LT91BB dragonnb
|
|t:|1659085452
|move|p2a: Clefable|Knock Off|p1a: Toxapex
|-damage|p1a: Toxapex|64/100
|move|p1a: Toxapex|Recover|p1a: Toxapex
|-heal|p1a: Toxapex|100/100
|
|upkeep
|turn|47
|
|t:|1659085461
|move|p2a: Clefable|Knock Off|p1a: Toxapex
|-damage|p1a: Toxapex|97/100
|move|p1a: Toxapex|Light Screen|p1a: Toxapex
|-sidestart|p1: LT91BB xray|move: Light Screen
|
|upkeep
|turn|48
|
|t:|1659085465
|move|p2a: Clefable|Knock Off|p1a: Toxapex
|-damage|p1a: Toxapex|92/100
|move|p1a: Toxapex|Haze|p1a: Toxapex
|-clearallboost
|
|upkeep
|turn|49
|
|t:|1659085474
|move|p2a: Clefable|Moonblast|p1a: Toxapex
|-resisted|p1a: Toxapex
|-damage|p1a: Toxapex|87/100
|move|p1a: Toxapex|Light Screen||[still]
|-fail|p1a: Toxapex
|
|upkeep
|turn|50
|
|t:|1659085478
|move|p2a: Clefable|Knock Off|p1a: Toxapex
|-damage|p1a: Toxapex|83/100
|move|p1a: Toxapex|Haze|p1a: Toxapex
|-clearallboost
|
|upkeep
|turn|51
|
|t:|1659085482
|move|p2a: Clefable|Knock Off|p1a: Toxapex
|-damage|p1a: Toxapex|80/100
|move|p1a: Toxapex|Haze|p1a: Toxapex
|-clearallboost
|
|-sideend|p1: LT91BB xray|move: Light Screen
|upkeep
|turn|52
|
|t:|1659085485
|move|p2a: Clefable|Moonblast|p1a: Toxapex
|-resisted|p1a: Toxapex
|-damage|p1a: Toxapex|70/100
|-unboost|p1a: Toxapex|spa|1
|move|p1a: Toxapex|Scald|p2a: Clefable
|-damage|p2a: Clefable|76/100 brn
|
|upkeep
|turn|53
|
|t:|1659085488
|move|p2a: Clefable|Moonblast|p1a: Toxapex
|-resisted|p1a: Toxapex
|-damage|p1a: Toxapex|60/100
|move|p1a: Toxapex|Scald|p2a: Clefable
|-damage|p2a: Clefable|67/100 brn
|
|upkeep
|turn|54
|
|t:|1659085490
|move|p2a: Clefable|Soft-Boiled|p2a: Clefable
|-heal|p2a: Clefable|100/100 brn
|move|p1a: Toxapex|Scald|p2a: Clefable
|-damage|p2a: Clefable|91/100 brn
|
|upkeep
|turn|55
|
|t:|1659085494
|switch|p2a: Tyranitar|Tyranitar, M|100/100
|-weather|Sandstorm|[from] ability: Sand Stream|[of] p2a: Tyranitar
|move|p1a: Toxapex|Recover|p1a: Toxapex
|-heal|p1a: Toxapex|100/100
|
|-weather|Sandstorm|[upkeep]
|-damage|p1a: Toxapex|94/100|[from] Sandstorm
|upkeep
|turn|56
|
|t:|1659085511
|switch|p1a: Buzzwole|Buzzwole|70/100
|-damage|p1a: Buzzwole|58/100|[from] Stealth Rock
|move|p2a: Tyranitar|Stone Edge|p1a: Buzzwole
|-crit|p1a: Buzzwole
|-damage|p1a: Buzzwole|0 fnt
|faint|p1a: Buzzwole
|
|-weather|Sandstorm|[upkeep]
|upkeep
|j| Altaria Love
|c|☆LT91BB xray|man
|inactive|LT91BB xray has 120 seconds left.
|l| LegendsOnly
|l| LT91BB Hiko
|j| LegendsOnly
|c|☆LT91BB xray|that doesnt even do 45
|l| dafeibi
|-message|LT91BB xray forfeited.
|
|win|Steve Omelette
|raw|LT91BB xray's rating: 1973 &rarr; <strong>1951</strong><br />(-22 for losing)
|raw|Steve Omelette's rating: 1938 &rarr; <strong>1960</strong><br />(+22 for winning)
|l|☆LT91BB xray
|l| thatoneguy5777
|l| Miss.mushroom
|c| SnorlaxKing420|steve did it
|l| ripreckful
|c|☆Steve Omelette|u had outs there
|c| SnorlaxKing420|what a legend
|c| LT91BB Ahsan|steve
|l| innovamania
|c|☆Steve Omelette|but gg
|l| LT91BB Ryuji
|l| El Pogo Loco
|l| LT91BB dragonnb
|l| Pazaldo
|l| LegendsOnly
|l| LT91BB gostop
|l| LT91BB Mad Cow
|l| irkd
||Ladder isn't responding, score probably updated but might not have (Request timeout).
|l|☆Steve Omelette
|l| LT91BB Ahsan
|l| LT91BB RL
|l| CM Reuniclus
|l| ownerfloor
|l| antarctozolt
|l| AcrOne
|l| Zirpurze
|l| ClumsyClefable
|j| fishunderwater
|l| AsRda
|j| Pokemh
|j| Separation
|l| Pokemh
|l| Separation
