|j|☆ultimategoogolplex
|j|☆Mamaw31180
|t:|1667347285
|gametype|singles
|player|p1|ultimategoogolplex|266|1732
|player|p2|Mamaw31180|lucas|1820
|teamsize|p1|6
|teamsize|p2|6
|gen|8
|tier|[Gen 8] OU
|rated|
|rule|Sleep Clause Mod: Limit one foe put to sleep
|rule|Species Clause: Limit one of each Pokémon
|rule|OHKO Clause: OHKO moves are banned
|rule|Evasion Items Clause: Evasion items are banned
|rule|Evasion Moves Clause: Evasion moves are banned
|rule|Endless Battle Clause: Forcing endless battles is banned
|rule|HP Percentage Mod: HP is shown in percentages
|rule|Dynamax Clause: You cannot dynamax
|clearpoke
|poke|p1|Weavile, F|
|poke|p1|Volcanion|
|poke|p1|Zapdos|
|poke|p1|Landorus-Therian, M|
|poke|p1|Kartana|
|poke|p1|Melmetal|
|poke|p2|Kartana|
|poke|p2|Blacephalon|
|poke|p2|Landorus-Therian, M|
|poke|p2|Slowbro, F|
|poke|p2|Zapdos|
|poke|p2|Tyranitar, M|
|teampreview
|inactive|Battle timer is ON: inactive players will automatically lose when time's up. (requested by ultimategoogolplex)
|
|t:|1667347295
|start
|switch|p1a: Landorus|Landorus-Therian, M|100/100
|switch|p2a: Slowbro|Slowbro, F|100/100
|-ability|p1a: Landorus|Intimidate|boost
|-unboost|p2a: Slowbro|atk|1
|turn|1
|
|t:|1667347301
|move|p1a: Landorus|U-turn|p2a: Slowbro
|-supereffective|p2a: Slowbro
|-damage|p2a: Slowbro|75/100
|
|t:|1667347307
|switch|p1a: Volcanion|Volcanion|100/100|[from]move: U-turn
|move|p2a: Slowbro|Ice Beam|p1a: Volcanion
|-resisted|p1a: Volcanion
|-damage|p1a: Volcanion|95/100
|
|upkeep
|turn|2
|
|t:|1667347316
|move|p1a: Volcanion|Steam Eruption|p2a: Slowbro
|-resisted|p2a: Slowbro
|-damage|p2a: Slowbro|28/100
|move|p2a: Slowbro|Teleport|p2a: Slowbro
|
|t:|1667347324
|switch|p2a: Zapdos|Zapdos|100/100|[from]move: Teleport
|
|upkeep
|turn|3
|
|t:|1667347328
|switch|p1a: Melmetal|Melmetal|100/100
|move|p2a: Zapdos|Volt Switch|p1a: Melmetal
|-damage|p1a: Melmetal|85/100
|
|t:|1667347331
|switch|p2a: Blacephalon|Blacephalon|100/100|[from]move: Volt Switch
|
|upkeep
|turn|4
|
|t:|1667347337
|move|p2a: Blacephalon|Overheat|p1a: Melmetal
|-supereffective|p1a: Melmetal
|-damage|p1a: Melmetal|0 fnt
|-unboost|p2a: Blacephalon|spa|2
|faint|p1a: Melmetal
|-ability|p2a: Blacephalon|Beast Boost|boost
|-boost|p2a: Blacephalon|spa|1
|
|upkeep
|
|t:|1667347344
|switch|p1a: Volcanion|Volcanion|95/100
|turn|5
|j| spacekowboi
|
|t:|1667347357
|switch|p2a: Tyranitar|Tyranitar, M|100/100
|-weather|Sandstorm|[from] ability: Sand Stream|[of] p2a: Tyranitar
|move|p1a: Volcanion|Steam Eruption|p2a: Tyranitar
|-supereffective|p2a: Tyranitar
|-damage|p2a: Tyranitar|0 fnt
|faint|p2a: Tyranitar
|
|-weather|Sandstorm|[upkeep]
|-damage|p1a: Volcanion|89/100|[from] Sandstorm
|upkeep
|
|t:|1667347359
|switch|p2a: Zapdos|Zapdos|100/100
|turn|6
|
|t:|1667347369
|switch|p1a: Zapdos|Zapdos|100/100
|move|p2a: Zapdos|Heat Wave|p1a: Zapdos
|-damage|p1a: Zapdos|76/100
|
|-weather|Sandstorm|[upkeep]
|-damage|p2a: Zapdos|94/100|[from] Sandstorm
|-damage|p1a: Zapdos|70/100|[from] Sandstorm
|upkeep
|turn|7
|
|t:|1667347380
|switch|p1a: Landorus|Landorus-Therian, M|100/100
|-ability|p1a: Landorus|Intimidate|boost
|-unboost|p2a: Zapdos|atk|1
|move|p2a: Zapdos|Volt Switch|p1a: Landorus
|-immune|p1a: Landorus
|
|-weather|Sandstorm|[upkeep]
|-damage|p2a: Zapdos|88/100|[from] Sandstorm
|upkeep
|turn|8
|
|t:|1667347389
|move|p2a: Zapdos|Heat Wave|p1a: Landorus
|-damage|p1a: Landorus|71/100
|move|p1a: Landorus|U-turn|p2a: Zapdos
|-resisted|p2a: Zapdos
|-damage|p2a: Zapdos|80/100
|
|t:|1667347394
|switch|p1a: Weavile|Weavile, F|100/100|[from]move: U-turn
|-ability|p1a: Weavile|Pressure
|
|-weather|Sandstorm|[upkeep]
|-damage|p1a: Weavile|94/100|[from] Sandstorm
|-damage|p2a: Zapdos|74/100|[from] Sandstorm
|upkeep
|turn|9
|
|t:|1667347401
|switch|p2a: Slowbro|Slowbro, F|61/100
|move|p1a: Weavile|Knock Off|p2a: Slowbro
|-supereffective|p2a: Slowbro
|-enditem|p2a: Slowbro|Colbur Berry|[eat]
|-enditem|p2a: Slowbro|Colbur Berry|[weaken]
|-damage|p2a: Slowbro|13/100
|
|-weather|none
|upkeep
|turn|10
|
|t:|1667347409
|switch|p2a: Landorus|Landorus-Therian, M|100/100
|-ability|p2a: Landorus|Intimidate|boost
|-unboost|p1a: Weavile|atk|1
|move|p1a: Weavile|Knock Off|p2a: Landorus
|-damage|p2a: Landorus|49/100
|-enditem|p2a: Landorus|Leftovers|[from] move: Knock Off|[of] p1a: Weavile
|
|upkeep
|turn|11
|
|t:|1667347423
|switch|p1a: Landorus|Landorus-Therian, M|71/100
|-ability|p1a: Landorus|Intimidate|boost
|-unboost|p2a: Landorus|atk|1
|move|p2a: Landorus|Stealth Rock|p1a: Landorus
|-sidestart|p1: ultimategoogolplex|move: Stealth Rock
|
|-heal|p1a: Landorus|77/100|[from] item: Leftovers
|upkeep
|turn|12
|
|t:|1667347434
|move|p1a: Landorus|U-turn|p2a: Landorus
|-resisted|p2a: Landorus
|-damage|p2a: Landorus|38/100
|
|t:|1667347441
|switch|p1a: Kartana|Kartana|100/100|[from]move: U-turn
|-damage|p1a: Kartana|94/100|[from] Stealth Rock
|move|p2a: Landorus|Knock Off|p1a: Kartana
|-damage|p1a: Kartana|71/100
|-enditem|p1a: Kartana|Choice Scarf|[from] move: Knock Off|[of] p2a: Landorus
|
|upkeep
|turn|13
|
|t:|1667347451
|switch|p1a: Zapdos|Zapdos|70/100
|switch|p2a: Zapdos|Zapdos|74/100
|
|upkeep
|turn|14
|j| hoodieboiactive
|
|t:|1667347457
|switch|p2a: Blacephalon|Blacephalon|100/100
|move|p1a: Zapdos|Defog|p2a: Blacephalon
|-unboost|p2a: Blacephalon|evasion|1
|-sideend|p1: ultimategoogolplex|Stealth Rock|[from] move: Defog|[of] p1a: Zapdos
|
|upkeep
|turn|15
|
|t:|1667347465
|switch|p1a: Weavile|Weavile, F|94/100
|-ability|p1a: Weavile|Pressure
|move|p2a: Blacephalon|Shadow Ball|p1a: Weavile
|-resisted|p1a: Weavile
|-damage|p1a: Weavile|42/100
|-unboost|p1a: Weavile|spd|1
|
|upkeep
|turn|16
|l| spacekowboi
|
|t:|1667347476
|switch|p2a: Slowbro|Slowbro, F|46/100
|move|p1a: Weavile|Triple Axel|p2a: Slowbro|[miss]
|-miss|p1a: Weavile|p2a: Slowbro
|
|upkeep
|turn|17
|
|t:|1667347492
|switch|p1a: Kartana|Kartana|71/100
|move|p2a: Slowbro|Teleport|p2a: Slowbro
|l| hoodieboiactive
|
|t:|1667347496
|switch|p2a: Zapdos|Zapdos|74/100|[from]move: Teleport
|
|upkeep
|turn|18
|
|t:|1667347500
|switch|p1a: Landorus|Landorus-Therian, M|77/100
|-ability|p1a: Landorus|Intimidate|boost
|-unboost|p2a: Zapdos|atk|1
|move|p2a: Zapdos|Heat Wave|p1a: Landorus
|-damage|p1a: Landorus|50/100
|
|-heal|p1a: Landorus|56/100|[from] item: Leftovers
|upkeep
|turn|19
|
|t:|1667347509
|switch|p2a: Slowbro|Slowbro, F|80/100
|move|p1a: Landorus|U-turn|p2a: Slowbro
|-supereffective|p2a: Slowbro
|-damage|p2a: Slowbro|55/100
|
|t:|1667347515
|switch|p1a: Weavile|Weavile, F|42/100|[from]move: U-turn
|-ability|p1a: Weavile|Pressure
|
|upkeep
|turn|20
|
|t:|1667347520
|move|p1a: Weavile|Knock Off|p2a: Slowbro
|-supereffective|p2a: Slowbro
|-damage|p2a: Slowbro|0 fnt
|faint|p2a: Slowbro
|
|upkeep
|
|t:|1667347524
|switch|p2a: Kartana|Kartana|100/100
|turn|21
|
|t:|1667347528
|switch|p2a: Blacephalon|Blacephalon|100/100
|switch|p1a: Zapdos|Zapdos|70/100
|
|upkeep
|turn|22
|
|t:|1667347540
|switch|p1a: Volcanion|Volcanion|89/100
|move|p2a: Blacephalon|Shadow Ball|p1a: Volcanion
|-damage|p1a: Volcanion|3/100
|-unboost|p1a: Volcanion|spd|1
|
|upkeep
|turn|23
|
|t:|1667347546
|move|p2a: Blacephalon|Shadow Ball|p1a: Volcanion
|-damage|p1a: Volcanion|0 fnt
|faint|p1a: Volcanion
|-ability|p2a: Blacephalon|Beast Boost|boost
|-boost|p2a: Blacephalon|spa|1
|
|upkeep
|
|t:|1667347553
|switch|p1a: Weavile|Weavile, F|42/100
|-ability|p1a: Weavile|Pressure
|turn|24
|
|t:|1667347558
|switch|p2a: Landorus|Landorus-Therian, M|38/100
|-ability|p2a: Landorus|Intimidate|boost
|-unboost|p1a: Weavile|atk|1
|move|p1a: Weavile|Knock Off|p2a: Landorus
|-damage|p2a: Landorus|5/100
|
|upkeep
|turn|25
|
|t:|1667347564
|switch|p2a: Zapdos|Zapdos|74/100
|move|p1a: Weavile|Knock Off|p2a: Zapdos
|-damage|p2a: Zapdos|31/100
|-enditem|p2a: Zapdos|Heavy-Duty Boots|[from] move: Knock Off|[of] p1a: Weavile
|
|upkeep
|turn|26
|
|t:|1667347571
|switch|p1a: Landorus|Landorus-Therian, M|56/100
|-ability|p1a: Landorus|Intimidate|boost
|-unboost|p2a: Zapdos|atk|1
|move|p2a: Zapdos|Roost|p2a: Zapdos
|-heal|p2a: Zapdos|81/100
|-singleturn|p2a: Zapdos|move: Roost
|
|-heal|p1a: Landorus|62/100|[from] item: Leftovers
|upkeep
|turn|27
|j| tapu moxo
|
|t:|1667347580
|switch|p2a: Blacephalon|Blacephalon|100/100
|move|p1a: Landorus|U-turn|p2a: Blacephalon
|-resisted|p2a: Blacephalon
|-damage|p2a: Blacephalon|88/100
|
|t:|1667347585
|switch|p1a: Weavile|Weavile, F|42/100|[from]move: U-turn
|-ability|p1a: Weavile|Pressure
|
|upkeep
|turn|28
|
|t:|1667347590
|switch|p2a: Landorus|Landorus-Therian, M|5/100
|-ability|p2a: Landorus|Intimidate|boost
|-unboost|p1a: Weavile|atk|1
|move|p1a: Weavile|Triple Axel|p2a: Landorus
|-supereffective|p2a: Landorus
|-damage|p2a: Landorus|0 fnt
|faint|p2a: Landorus
|-hitcount|p2: Landorus|1
|
|upkeep
|
|t:|1667347594
|switch|p2a: Blacephalon|Blacephalon|88/100
|turn|29
|
|t:|1667347609
|switch|p1a: Landorus|Landorus-Therian, M|62/100
|-ability|p1a: Landorus|Intimidate|boost
|-unboost|p2a: Blacephalon|atk|1
|move|p2a: Blacephalon|Flamethrower|p1a: Landorus
|-damage|p1a: Landorus|0 fnt
|faint|p1a: Landorus
|-ability|p2a: Blacephalon|Beast Boost|boost
|-boost|p2a: Blacephalon|spa|1
|
|upkeep
|
|t:|1667347618
|switch|p1a: Weavile|Weavile, F|42/100
|-ability|p1a: Weavile|Pressure
|turn|30
|
|t:|1667347623
|switch|p2a: Zapdos|Zapdos|81/100
|move|p1a: Weavile|Triple Axel|p2a: Zapdos
|-supereffective|p2a: Zapdos
|-damage|p2a: Zapdos|54/100
|-supereffective|p2a: Zapdos
|-damage|p2a: Zapdos|2/100
|-supereffective|p2a: Zapdos
|-damage|p2a: Zapdos|0 fnt
|faint|p2a: Zapdos
|-hitcount|p2: Zapdos|3
|
|upkeep
|
|t:|1667347628
|switch|p2a: Blacephalon|Blacephalon|88/100
|turn|31
|
|t:|1667347652
|move|p1a: Weavile|Triple Axel|p2a: Blacephalon
|-resisted|p2a: Blacephalon
|-damage|p2a: Blacephalon|67/100
|-resisted|p2a: Blacephalon
|-damage|p2a: Blacephalon|29/100
|-resisted|p2a: Blacephalon
|-damage|p2a: Blacephalon|0 fnt
|faint|p2a: Blacephalon
|-hitcount|p2: Blacephalon|3
|
|upkeep
|
|t:|1667347659
|switch|p2a: Kartana|Kartana|100/100
|turn|32
|
|t:|1667347668
|move|p2a: Kartana|Knock Off|p1a: Weavile
|-resisted|p1a: Weavile
|-damage|p1a: Weavile|7/100
|-enditem|p1a: Weavile|Choice Band|[from] move: Knock Off|[of] p2a: Kartana
|move|p1a: Weavile|Triple Axel|p2a: Kartana
|-damage|p2a: Kartana|90/100
|-crit|p2a: Kartana
|-damage|p2a: Kartana|58/100
|-damage|p2a: Kartana|23/100
|-hitcount|p2a: Kartana|3
|
|upkeep
|turn|33
|
|t:|1667347679
|move|p1a: Weavile|Ice Shard|p2a: Kartana
|-damage|p2a: Kartana|0 fnt
|faint|p2a: Kartana
|
|win|ultimategoogolplex
|raw|ultimategoogolplex's rating: 1732 &rarr; <strong>1757</strong><br />(+25 for winning)
|raw|Mamaw31180's rating: 1820 &rarr; <strong>1795</strong><br />(-25 for losing)
