|raw|<div class="broadcast-blue"><strong>This battle is required to be public due to a player having a name starting with 'lt82zw'.</div>
|j|☆roboPOKE
|j|☆LT82ZW GLASS
|t:|1626183606
|gametype|singles
|player|p1|roboPOKE|1|1708
|player|p2|LT82ZW GLASS|169|1783
|teamsize|p1|6
|teamsize|p2|6
|gen|8
|tier|[Gen 8] OU
|rated|
|rule|Sleep Clause Mod: Limit one foe put to sleep
|rule|Species Clause: Limit one of each Pokémon
|rule|OHKO Clause: OHKO moves are banned
|rule|Evasion Moves Clause: Evasion moves are banned
|rule|Endless Battle Clause: Forcing endless battles is banned
|rule|HP Percentage Mod: HP is shown in percentages
|rule|Dynamax Clause: You cannot dynamax
|clearpoke
|poke|p1|Ninetales-Alola, M|
|poke|p1|Garchomp, M|
|poke|p1|Bisharp, M|
|poke|p1|Rillaboom, F|
|poke|p1|Clefable, M|
|poke|p1|Dragapult, F|
|poke|p2|Landorus-Therian, M|
|poke|p2|Kartana|
|poke|p2|Hawlucha, F|
|poke|p2|Melmetal|
|poke|p2|Dragapult, F|
|poke|p2|Tapu Koko|
|teampreview
|inactive|Battle timer is ON: inactive players will automatically lose when time's up. (requested by LT82ZW GLASS)
|
|t:|1626183617
|start
|switch|p1a: Garchomp|Garchomp, M|100/100
|switch|p2a: Tapu Koko|Tapu Koko|100/100
|-fieldstart|move: Electric Terrain|[from] ability: Electric Surge|[of] p2a: Tapu Koko
|turn|1
|
|t:|1626183622
|switch|p2a: Landorus|Landorus-Therian, M|100/100
|-ability|p2a: Landorus|Intimidate|boost
|-unboost|p1a: Garchomp|atk|1
|move|p1a: Garchomp|Earthquake|p2a: Landorus
|-immune|p2a: Landorus
|
|upkeep
|turn|2
|
|t:|1626183627
|switch|p1a: Ninetales|Ninetales-Alola, M|100/100
|-weather|Hail|[from] ability: Snow Warning|[of] p1a: Ninetales
|move|p2a: Landorus|Earthquake|p1a: Ninetales
|-damage|p1a: Ninetales|7/100
|
|-weather|Hail|[upkeep]
|-damage|p2a: Landorus|94/100|[from] Hail
|upkeep
|turn|3
|
|t:|1626183634
|switch|p2a: Melmetal|Melmetal|100/100
|move|p1a: Ninetales|Aurora Veil|p1a: Ninetales
|-sidestart|p1: roboPOKE|move: Aurora Veil
|
|-weather|Hail|[upkeep]
|-damage|p2a: Melmetal|94/100|[from] Hail
|upkeep
|turn|4
|
|t:|1626183637
|switch|p1a: Garchomp|Garchomp, M|100/100
|move|p2a: Melmetal|Ice Punch|p1a: Garchomp
|-supereffective|p1a: Garchomp
|-damage|p1a: Garchomp|52/100
|-damage|p2a: Melmetal|82/100|[from] ability: Rough Skin|[of] p1a: Garchomp
|-damage|p2a: Melmetal|66/100|[from] item: Rocky Helmet|[of] p1a: Garchomp
|
|-weather|Hail|[upkeep]
|-damage|p1a: Garchomp|46/100|[from] Hail
|-damage|p2a: Melmetal|59/100|[from] Hail
|upkeep
|turn|5
|
|t:|1626183652
|switch|p1a: Bisharp|Bisharp, M|100/100
|move|p2a: Melmetal|Ice Punch|p1a: Bisharp
|-resisted|p1a: Bisharp
|-damage|p1a: Bisharp|89/100
|
|-weather|Hail|[upkeep]
|-damage|p1a: Bisharp|83/100|[from] Hail
|-damage|p2a: Melmetal|53/100|[from] Hail
|-fieldend|move: Electric Terrain
|upkeep
|turn|6
|
|t:|1626183660
|move|p1a: Bisharp|Knock Off|p2a: Melmetal
|-damage|p2a: Melmetal|18/100
|-enditem|p2a: Melmetal|Assault Vest|[from] move: Knock Off|[of] p1a: Bisharp
|-damage|p1a: Bisharp|73/100|[from] item: Life Orb
|move|p2a: Melmetal|Superpower|p1a: Bisharp
|-supereffective|p1a: Bisharp
|-damage|p1a: Bisharp|0 fnt
|-unboost|p2a: Melmetal|atk|1
|-unboost|p2a: Melmetal|def|1
|faint|p1a: Bisharp
|
|-weather|none
|upkeep
|
|t:|1626183672
|switch|p1a: Garchomp|Garchomp, M|46/100
|turn|7
|j| Nick251
|
|t:|1626183679
|switch|p2a: Landorus|Landorus-Therian, M|94/100
|-ability|p2a: Landorus|Intimidate|boost
|-unboost|p1a: Garchomp|atk|1
|move|p1a: Garchomp|Stealth Rock|p2a: Landorus
|-sidestart|p2: LT82ZW GLASS|move: Stealth Rock
|
|upkeep
|turn|8
|
|t:|1626183683
|move|p1a: Garchomp|Toxic|p2a: Landorus
|-status|p2a: Landorus|tox
|move|p2a: Landorus|Stealth Rock|p1a: Garchomp
|-sidestart|p1: roboPOKE|move: Stealth Rock
|
|-damage|p2a: Landorus|88/100 tox|[from] psn
|upkeep
|turn|9
|
|t:|1626183690
|switch|p1a: Clefable|Clefable, M|100/100
|move|p2a: Landorus|U-turn|p1a: Clefable
|-resisted|p1a: Clefable
|-damage|p1a: Clefable|94/100
|
|t:|1626183713
|switch|p2a: Kartana|Kartana|100/100|[from]move: U-turn
|-damage|p2a: Kartana|94/100|[from] Stealth Rock
|
|-heal|p1a: Clefable|99/100|[from] item: Leftovers
|upkeep
|turn|10
|
|t:|1626183719
|switch|p2a: Landorus|Landorus-Therian, M|88/100 tox
|-damage|p2a: Landorus|76/100 tox|[from] Stealth Rock
|-ability|p2a: Landorus|Intimidate|boost
|-unboost|p1a: Clefable|atk|1
|move|p1a: Clefable|Thunder Wave|p2a: Landorus
|-immune|p2a: Landorus
|
|-heal|p1a: Clefable|100/100|[from] item: Leftovers
|-damage|p2a: Landorus|70/100 tox|[from] psn
|-sideend|p1: roboPOKE|move: Aurora Veil
|upkeep
|turn|11
|
|t:|1626183722
|move|p2a: Landorus|Earthquake|p1a: Clefable
|-damage|p1a: Clefable|37/100
|move|p1a: Clefable|Soft-Boiled|p1a: Clefable
|-heal|p1a: Clefable|87/100
|
|-heal|p1a: Clefable|93/100|[from] item: Leftovers
|-damage|p2a: Landorus|58/100 tox|[from] psn
|upkeep
|turn|12
|
|t:|1626183727
|switch|p1a: Rillaboom|Rillaboom, F|100/100
|-fieldstart|move: Grassy Terrain|[from] ability: Grassy Surge|[of] p1a: Rillaboom
|move|p2a: Landorus|Earthquake|p1a: Rillaboom
|-resisted|p1a: Rillaboom
|-damage|p1a: Rillaboom|83/100
|
|-heal|p1a: Rillaboom|89/100|[from] Grassy Terrain
|-damage|p2a: Landorus|40/100 tox|[from] psn
|upkeep
|turn|13
|
|t:|1626183733
|move|p1a: Rillaboom|Grassy Glide|p2a: Landorus
|-damage|p2a: Landorus|0 fnt
|faint|p2a: Landorus
|
|-heal|p1a: Rillaboom|95/100|[from] Grassy Terrain
|upkeep
|
|t:|1626183746
|switch|p2a: Kartana|Kartana|94/100
|-damage|p2a: Kartana|88/100|[from] Stealth Rock
|turn|14
|
|t:|1626183751
|move|p2a: Kartana|Leaf Blade|p1a: Rillaboom
|-resisted|p1a: Rillaboom
|-damage|p1a: Rillaboom|43/100
|-damage|p2a: Kartana|78/100|[from] item: Life Orb
|move|p1a: Rillaboom|U-turn|p2a: Kartana
|-damage|p2a: Kartana|50/100
|
|t:|1626183758
|switch|p1a: Dragapult|Dragapult, F|100/100|[from]move: U-turn
|-damage|p1a: Dragapult|88/100|[from] Stealth Rock
|
|-heal|p1a: Dragapult|94/100|[from] Grassy Terrain
|-heal|p1a: Dragapult|99/100|[from] item: Leftovers
|-heal|p2a: Kartana|56/100|[from] Grassy Terrain
|upkeep
|turn|15
|
|t:|1626183762
|switch|p2a: Melmetal|Melmetal|18/100
|-damage|p2a: Melmetal|12/100|[from] Stealth Rock
|move|p1a: Dragapult|Substitute|p1a: Dragapult
|-start|p1a: Dragapult|Substitute
|-damage|p1a: Dragapult|75/100
|
|-heal|p1a: Dragapult|81/100|[from] Grassy Terrain
|-heal|p1a: Dragapult|87/100|[from] item: Leftovers
|-heal|p2a: Melmetal|18/100|[from] Grassy Terrain
|upkeep
|turn|16
|
|t:|1626183775
|switch|p2a: Tapu Koko|Tapu Koko|100/100
|-fieldstart|move: Electric Terrain|[from] ability: Electric Surge|[of] p2a: Tapu Koko
|move|p1a: Dragapult|Hex|p2a: Tapu Koko
|-damage|p2a: Tapu Koko|59/100
|
|-heal|p1a: Dragapult|93/100|[from] item: Leftovers
|upkeep
|turn|17
|
|t:|1626183779
|move|p1a: Dragapult|Hex|p2a: Tapu Koko
|-damage|p2a: Tapu Koko|16/100
|move|p2a: Tapu Koko|Roost|p2a: Tapu Koko
|-heal|p2a: Tapu Koko|66/100
|-singleturn|p2a: Tapu Koko|move: Roost
|
|-heal|p1a: Dragapult|99/100|[from] item: Leftovers
|upkeep
|turn|18
|
|t:|1626183782
|move|p1a: Dragapult|Hex|p2a: Tapu Koko
|-damage|p2a: Tapu Koko|27/100
|move|p2a: Tapu Koko|Roost|p2a: Tapu Koko
|-heal|p2a: Tapu Koko|77/100
|-singleturn|p2a: Tapu Koko|move: Roost
|
|-heal|p1a: Dragapult|100/100|[from] item: Leftovers
|upkeep
|turn|19
|
|t:|1626183784
|move|p1a: Dragapult|Hex|p2a: Tapu Koko
|-damage|p2a: Tapu Koko|34/100
|move|p2a: Tapu Koko|Roost|p2a: Tapu Koko
|-heal|p2a: Tapu Koko|84/100
|-singleturn|p2a: Tapu Koko|move: Roost
|
|upkeep
|turn|20
|
|t:|1626183786
|move|p1a: Dragapult|Hex|p2a: Tapu Koko
|-damage|p2a: Tapu Koko|42/100
|move|p2a: Tapu Koko|Roost|p2a: Tapu Koko
|-heal|p2a: Tapu Koko|93/100
|-singleturn|p2a: Tapu Koko|move: Roost
|
|-fieldend|move: Electric Terrain
|upkeep
|turn|21
|
|t:|1626183795
|move|p1a: Dragapult|Hex|p2a: Tapu Koko
|-damage|p2a: Tapu Koko|51/100
|move|p2a: Tapu Koko|Dazzling Gleam|p1a: Dragapult
|-supereffective|p1a: Dragapult
|-end|p1a: Dragapult|Substitute
|
|upkeep
|turn|22
|
|t:|1626183798
|move|p1a: Dragapult|Hex|p2a: Tapu Koko
|-damage|p2a: Tapu Koko|7/100
|move|p2a: Tapu Koko|Roost|p2a: Tapu Koko
|-heal|p2a: Tapu Koko|57/100
|-singleturn|p2a: Tapu Koko|move: Roost
|
|upkeep
|turn|23
|
|t:|1626183802
|switch|p1a: Rillaboom|Rillaboom, F|43/100
|-fieldstart|move: Grassy Terrain|[from] ability: Grassy Surge|[of] p1a: Rillaboom
|move|p2a: Tapu Koko|Roost|p2a: Tapu Koko
|-heal|p2a: Tapu Koko|100/100
|-singleturn|p2a: Tapu Koko|move: Roost
|
|-heal|p1a: Rillaboom|49/100|[from] Grassy Terrain
|upkeep
|turn|24
|
|t:|1626183818
|switch|p2a: Melmetal|Melmetal|18/100
|-damage|p2a: Melmetal|12/100|[from] Stealth Rock
|move|p1a: Rillaboom|U-turn|p2a: Melmetal
|-resisted|p2a: Melmetal
|-damage|p2a: Melmetal|5/100
|
|t:|1626183825
|switch|p1a: Garchomp|Garchomp, M|46/100|[from]move: U-turn
|-damage|p1a: Garchomp|40/100|[from] Stealth Rock
|
|-heal|p1a: Garchomp|46/100|[from] Grassy Terrain
|-heal|p2a: Melmetal|11/100|[from] Grassy Terrain
|upkeep
|turn|25
|
|t:|1626183828
|switch|p2a: Dragapult|Dragapult, F|100/100
|-damage|p2a: Dragapult|88/100|[from] Stealth Rock
|move|p1a: Garchomp|Earthquake|p2a: Dragapult
|-damage|p2a: Dragapult|57/100
|
|-heal|p2a: Dragapult|63/100|[from] Grassy Terrain
|-heal|p1a: Garchomp|52/100|[from] Grassy Terrain
|upkeep
|turn|26
|
|t:|1626183833
|switch|p1a: Clefable|Clefable, M|93/100
|move|p2a: Dragapult|Shadow Ball|p1a: Clefable
|-damage|p1a: Clefable|49/100
|
|-heal|p2a: Dragapult|69/100|[from] Grassy Terrain
|-heal|p1a: Clefable|55/100|[from] Grassy Terrain
|-heal|p1a: Clefable|61/100|[from] item: Leftovers
|upkeep
|turn|27
|l| Nick251
|
|t:|1626183849
|switch|p2a: Melmetal|Melmetal|11/100
|-damage|p2a: Melmetal|5/100|[from] Stealth Rock
|move|p1a: Clefable|Soft-Boiled|p1a: Clefable
|-heal|p1a: Clefable|100/100
|
|-heal|p2a: Melmetal|11/100|[from] Grassy Terrain
|-fieldend|move: Grassy Terrain
|upkeep
|turn|28
|
|t:|1626183855
|move|p1a: Clefable|Moonblast|p2a: Melmetal
|-resisted|p2a: Melmetal
|-damage|p2a: Melmetal|0 fnt
|faint|p2a: Melmetal
|
|upkeep
|
|t:|1626183864
|switch|p2a: Tapu Koko|Tapu Koko|100/100
|-fieldstart|move: Electric Terrain|[from] ability: Electric Surge|[of] p2a: Tapu Koko
|turn|29
|
|t:|1626183870
|move|p2a: Tapu Koko|Calm Mind|p2a: Tapu Koko
|-boost|p2a: Tapu Koko|spa|1
|-boost|p2a: Tapu Koko|spd|1
|move|p1a: Clefable|Moonblast|p2a: Tapu Koko
|-damage|p2a: Tapu Koko|68/100
|-unboost|p2a: Tapu Koko|spa|1
|
|upkeep
|turn|30
|
|t:|1626183875
|move|p2a: Tapu Koko|Roost|p2a: Tapu Koko
|-heal|p2a: Tapu Koko|100/100
|-singleturn|p2a: Tapu Koko|move: Roost
|move|p1a: Clefable|Healing Wish|p1a: Clefable
|faint|p1a: Clefable
|
|upkeep
|
|t:|1626183877
|switch|p1a: Ninetales|Ninetales-Alola, M|7/100
|-heal|p1a: Ninetales|100/100|[from] move: Healing Wish
|-damage|p1a: Ninetales|76/100|[from] Stealth Rock
|-weather|Hail|[from] ability: Snow Warning|[of] p1a: Ninetales
|turn|31
|
|t:|1626183895
|move|p2a: Tapu Koko|Calm Mind|p2a: Tapu Koko
|-boost|p2a: Tapu Koko|spa|1
|-boost|p2a: Tapu Koko|spd|1
|move|p1a: Ninetales|Aurora Veil|p1a: Ninetales
|-sidestart|p1: roboPOKE|move: Aurora Veil
|
|-weather|Hail|[upkeep]
|-damage|p2a: Tapu Koko|94/100|[from] Hail
|upkeep
|turn|32
|
|t:|1626183902
|move|p2a: Tapu Koko|Dazzling Gleam|p1a: Ninetales
|-damage|p1a: Ninetales|50/100
|move|p1a: Ninetales|Encore|p2a: Tapu Koko
|-start|p2a: Tapu Koko|Encore
|
|-weather|Hail|[upkeep]
|-damage|p2a: Tapu Koko|88/100|[from] Hail
|upkeep
|turn|33
|
|t:|1626183906
|move|p2a: Tapu Koko|Dazzling Gleam|p1a: Ninetales
|-damage|p1a: Ninetales|27/100
|move|p1a: Ninetales|Disable|p2a: Tapu Koko
|-start|p2a: Tapu Koko|Disable|Dazzling Gleam
|
|-weather|Hail|[upkeep]
|-damage|p2a: Tapu Koko|82/100|[from] Hail
|-fieldend|move: Electric Terrain
|upkeep
|turn|34
|
|t:|1626183911
|-activate|p2a: Tapu Koko|move: Struggle
|move|p2a: Tapu Koko|Struggle|p1a: Ninetales
|-damage|p1a: Ninetales|21/100
|-damage|p2a: Tapu Koko|57/100|[from] recoil
|move|p1a: Ninetales|Freeze-Dry|p2a: Tapu Koko
|-damage|p2a: Tapu Koko|42/100
|-status|p2a: Tapu Koko|frz
|
|-weather|Hail|[upkeep]
|-damage|p2a: Tapu Koko|36/100 frz|[from] Hail
|upkeep
|turn|35
|
|t:|1626183920
|switch|p1a: Dragapult|Dragapult, F|100/100
|-damage|p1a: Dragapult|88/100|[from] Stealth Rock
|-curestatus|p2a: Tapu Koko|frz|[msg]
|-activate|p2a: Tapu Koko|move: Struggle
|move|p2a: Tapu Koko|Struggle|p1a: Dragapult
|-damage|p1a: Dragapult|80/100
|-damage|p2a: Tapu Koko|12/100|[from] recoil
|
|-weather|none
|-heal|p1a: Dragapult|86/100|[from] item: Leftovers
|-end|p2a: Tapu Koko|Encore
|upkeep
|turn|36
|
|t:|1626183946
|switch|p2a: Kartana|Kartana|56/100
|-damage|p2a: Kartana|50/100|[from] Stealth Rock
|move|p1a: Dragapult|Hex|p2a: Kartana
|-damage|p2a: Kartana|0 fnt
|faint|p2a: Kartana
|
|-heal|p1a: Dragapult|92/100|[from] item: Leftovers
|upkeep
|
|t:|1626183952
|switch|p2a: Dragapult|Dragapult, F|69/100
|-damage|p2a: Dragapult|57/100|[from] Stealth Rock
|turn|37
|
|t:|1626183957
|move|p1a: Dragapult|Dragon Darts|p2a: Dragapult
|-supereffective|p2a: Dragapult
|-damage|p2a: Dragapult|0 fnt
|faint|p2a: Dragapult
|
|-heal|p1a: Dragapult|98/100|[from] item: Leftovers
|upkeep
|
|t:|1626183960
|switch|p2a: Tapu Koko|Tapu Koko|12/100
|-fieldstart|move: Electric Terrain|[from] ability: Electric Surge|[of] p2a: Tapu Koko
|turn|38
|
|t:|1626183975
|switch|p1a: Rillaboom|Rillaboom, F|49/100
|-fieldstart|move: Grassy Terrain|[from] ability: Grassy Surge|[of] p1a: Rillaboom
|move|p2a: Tapu Koko|Dazzling Gleam|p1a: Rillaboom
|-damage|p1a: Rillaboom|30/100
|
|-heal|p2a: Tapu Koko|18/100|[from] Grassy Terrain
|-heal|p1a: Rillaboom|36/100|[from] Grassy Terrain
|-sideend|p1: roboPOKE|move: Aurora Veil
|upkeep
|turn|39
|
|t:|1626183980
|move|p1a: Rillaboom|Grassy Glide|p2a: Tapu Koko
|-damage|p2a: Tapu Koko|0 fnt
|faint|p2a: Tapu Koko
|
|-heal|p1a: Rillaboom|43/100|[from] Grassy Terrain
|upkeep
|
|t:|1626183981
|switch|p2a: Hawlucha|Hawlucha, F|100/100
|-damage|p2a: Hawlucha|88/100|[from] Stealth Rock
|turn|40
|
|t:|1626183985
|move|p1a: Rillaboom|Grassy Glide|p2a: Hawlucha
|-resisted|p2a: Hawlucha
|-damage|p2a: Hawlucha|53/100
|move|p2a: Hawlucha|Swords Dance|p2a: Hawlucha
|-boost|p2a: Hawlucha|atk|2
|
|-heal|p1a: Rillaboom|49/100|[from] Grassy Terrain
|upkeep
|turn|41
|
|t:|1626183989
|move|p1a: Rillaboom|Grassy Glide|p2a: Hawlucha
|-resisted|p2a: Hawlucha
|-damage|p2a: Hawlucha|21/100
|move|p2a: Hawlucha|Roost|p2a: Hawlucha
|-heal|p2a: Hawlucha|71/100
|-singleturn|p2a: Hawlucha|move: Roost
|
|-heal|p2a: Hawlucha|77/100|[from] Grassy Terrain
|-heal|p1a: Rillaboom|55/100|[from] Grassy Terrain
|upkeep
|turn|42
|j| Nick251
|
|t:|1626184000
|move|p2a: Hawlucha|Swords Dance|p2a: Hawlucha
|-boost|p2a: Hawlucha|atk|2
|move|p1a: Rillaboom|U-turn|p2a: Hawlucha
|-resisted|p2a: Hawlucha
|-damage|p2a: Hawlucha|69/100
|
|t:|1626184003
|switch|p1a: Dragapult|Dragapult, F|98/100|[from]move: U-turn
|-damage|p1a: Dragapult|86/100|[from] Stealth Rock
|
|-heal|p1a: Dragapult|92/100|[from] Grassy Terrain
|-heal|p1a: Dragapult|98/100|[from] item: Leftovers
|-fieldend|move: Grassy Terrain
|upkeep
|turn|43
|
|t:|1626184010
|move|p1a: Dragapult|Dragon Darts|p2a: Hawlucha
|-damage|p2a: Hawlucha|41/100
|-anim|p1a: Dragapult|Dragon Darts|p2a: Hawlucha
|-damage|p2a: Hawlucha|11/100
|move|p2a: Hawlucha|Acrobatics|p1a: Dragapult
|-damage|p1a: Dragapult|0 fnt
|faint|p1a: Dragapult
|
|upkeep
|
|t:|1626184012
|switch|p1a: Rillaboom|Rillaboom, F|55/100
|-fieldstart|move: Grassy Terrain|[from] ability: Grassy Surge|[of] p1a: Rillaboom
|turn|44
|
|t:|1626184015
|move|p1a: Rillaboom|Grassy Glide|p2a: Hawlucha
|-resisted|p2a: Hawlucha
|-damage|p2a: Hawlucha|0 fnt
|faint|p2a: Hawlucha
|
|win|roboPOKE
|raw|roboPOKE's rating: 1708 &rarr; <strong>1732</strong><br />(+24 for winning)
|raw|LT82ZW GLASS's rating: 1783 &rarr; <strong>1759</strong><br />(-24 for losing)
|c|☆roboPOKE|gg
|l|☆LT82ZW GLASS
