|j|☆i know im horrible
|j|☆Libaa
|t:|1634136328
|gametype|singles
|player|p1|i know im horrible|170|1630
|player|p2|Libaa|bianca-pwt|1696
|teamsize|p1|6
|teamsize|p2|6
|gen|8
|tier|[Gen 8] OU
|rated|
|rule|Sleep Clause Mod: Limit one foe put to sleep
|rule|Species Clause: Limit one of each Pokémon
|rule|OHKO Clause: OHKO moves are banned
|rule|Evasion Moves Clause: Evasion moves are banned
|rule|Endless Battle Clause: Forcing endless battles is banned
|rule|HP Percentage Mod: HP is shown in percentages
|rule|Dynamax Clause: You cannot dynamax
|clearpoke
|poke|p1|Melmetal|
|poke|p1|Corviknight, M|
|poke|p1|Toxapex, F|
|poke|p1|Landorus-Therian, M|
|poke|p1|Blissey, F|
|poke|p1|Dragonite, M|
|poke|p2|Hatterene, F|
|poke|p2|Gyarados, M|
|poke|p2|Toxapex, M|
|poke|p2|Ferrothorn, M|
|poke|p2|Dragapult, M|
|poke|p2|Landorus-Therian, M|
|teampreview
|j| TortlesxRawr
|
|t:|1634136340
|start
|switch|p1a: Toxapex|Toxapex, F|100/100
|switch|p2a: Hatterene|Hatterene, F|100/100
|turn|1
|c|☆i know im horrible|gl hf
|c|☆Libaa|u2
|
|t:|1634136347
|switch|p1a: Melmetal|Melmetal|100/100
|move|p2a: Hatterene|Psyshock|p1a: Melmetal
|-resisted|p1a: Melmetal
|-damage|p1a: Melmetal|83/100
|
|upkeep
|turn|2
|
|t:|1634136351
|switch|p2a: Toxapex|Toxapex, M|100/100
|switch|p1a: Toxapex|Toxapex, F|100/100
|
|upkeep
|turn|3
|
|t:|1634136353
|switch|p2a: Hatterene|Hatterene, F|100/100
|move|p1a: Toxapex|Toxic Spikes|p2a: Hatterene
|move|p2a: Hatterene|Toxic Spikes|p1a: Toxapex|[from]ability: Magic Bounce
|-sidestart|p1: i know im horrible|move: Toxic Spikes
|
|upkeep
|turn|4
|
|t:|1634136359
|switch|p1a: Melmetal|Melmetal|83/100
|move|p2a: Hatterene|Psyshock|p1a: Melmetal
|-resisted|p1a: Melmetal
|-damage|p1a: Melmetal|63/100
|
|upkeep
|turn|5
|
|t:|1634136363
|switch|p2a: Toxapex|Toxapex, M|100/100
|move|p1a: Melmetal|Earthquake|p2a: Toxapex
|-supereffective|p2a: Toxapex
|-damage|p2a: Toxapex|53/100
|
|upkeep
|turn|6
|
|t:|1634136367
|switch|p1a: Toxapex|Toxapex, F|100/100
|-sideend|p1: i know im horrible|move: Toxic Spikes|[of] p1a: Toxapex
|move|p2a: Toxapex|Recover|p2a: Toxapex
|-heal|p2a: Toxapex|100/100
|
|upkeep
|turn|7
|
|t:|1634136379
|switch|p2a: Hatterene|Hatterene, F|100/100
|move|p1a: Toxapex|Toxic|p2a: Hatterene
|move|p2a: Hatterene|Toxic|p1a: Toxapex|[from]ability: Magic Bounce
|-immune|p1a: Toxapex
|
|upkeep
|turn|8
|
|t:|1634136385
|switch|p1a: Corviknight|Corviknight, M|100/100
|-ability|p1a: Corviknight|Pressure
|move|p2a: Hatterene|Psyshock|p1a: Corviknight
|-resisted|p1a: Corviknight
|-crit|p1a: Corviknight
|-damage|p1a: Corviknight|57/100
|
|-heal|p1a: Corviknight|63/100|[from] item: Leftovers
|upkeep
|turn|9
|
|t:|1634136388
|move|p1a: Corviknight|Roost|p1a: Corviknight
|-heal|p1a: Corviknight|100/100
|-singleturn|p1a: Corviknight|move: Roost
|move|p2a: Hatterene|Psyshock|p1a: Corviknight
|-resisted|p1a: Corviknight
|-damage|p1a: Corviknight|70/100
|
|-heal|p1a: Corviknight|76/100|[from] item: Leftovers
|upkeep
|turn|10
|
|t:|1634136393
|move|p1a: Corviknight|Bulk Up|p1a: Corviknight
|-boost|p1a: Corviknight|atk|1
|-boost|p1a: Corviknight|def|1
|move|p2a: Hatterene|Psyshock|p1a: Corviknight
|-resisted|p1a: Corviknight
|-damage|p1a: Corviknight|56/100
|
|-heal|p1a: Corviknight|62/100|[from] item: Leftovers
|upkeep
|turn|11
|
|t:|1634136396
|switch|p2a: Dragapult|Dragapult, M|100/100
|move|p1a: Corviknight|Roost|p1a: Corviknight
|-heal|p1a: Corviknight|100/100
|-singleturn|p1a: Corviknight|move: Roost
|
|upkeep
|turn|12
|
|t:|1634136401
|switch|p1a: Blissey|Blissey, F|100/100
|move|p2a: Dragapult|Flamethrower|p1a: Blissey
|-damage|p1a: Blissey|87/100
|
|upkeep
|turn|13
|
|t:|1634136405
|switch|p2a: Hatterene|Hatterene, F|100/100
|move|p1a: Blissey|Wish|p1a: Blissey
|
|upkeep
|turn|14
|
|t:|1634136409
|switch|p1a: Melmetal|Melmetal|63/100
|move|p2a: Hatterene|Mystical Fire|p1a: Melmetal
|-supereffective|p1a: Melmetal
|-damage|p1a: Melmetal|3/100
|-unboost|p1a: Melmetal|spa|1
|
|-heal|p1a: Melmetal|79/100|[from] move: Wish|[wisher] Blissey
|upkeep
|turn|15
|
|t:|1634136416
|switch|p2a: Toxapex|Toxapex, M|100/100
|switch|p1a: Toxapex|Toxapex, F|100/100
|
|upkeep
|turn|16
|
|t:|1634136422
|switch|p2a: Hatterene|Hatterene, F|100/100
|switch|p1a: Corviknight|Corviknight, M|100/100
|-ability|p1a: Corviknight|Pressure
|
|upkeep
|turn|17
|
|t:|1634136433
|move|p1a: Corviknight|Bulk Up|p1a: Corviknight
|-boost|p1a: Corviknight|atk|1
|-boost|p1a: Corviknight|def|1
|move|p2a: Hatterene|Mystical Fire|p1a: Corviknight
|-supereffective|p1a: Corviknight
|-damage|p1a: Corviknight|40/100
|-unboost|p1a: Corviknight|spa|1
|
|-heal|p1a: Corviknight|46/100|[from] item: Leftovers
|upkeep
|turn|18
|
|t:|1634136439
|switch|p2a: Gyarados|Gyarados, M|100/100
|move|p1a: Corviknight|Roost|p1a: Corviknight
|-heal|p1a: Corviknight|96/100
|-singleturn|p1a: Corviknight|move: Roost
|
|-heal|p1a: Corviknight|100/100|[from] item: Leftovers
|upkeep
|turn|19
|
|t:|1634136442
|move|p2a: Gyarados|Dragon Dance|p2a: Gyarados
|-boost|p2a: Gyarados|atk|1
|-boost|p2a: Gyarados|spe|1
|move|p1a: Corviknight|Bulk Up|p1a: Corviknight
|-boost|p1a: Corviknight|atk|1
|-boost|p1a: Corviknight|def|1
|
|upkeep
|turn|20
|
|t:|1634136445
|move|p2a: Gyarados|Dragon Dance|p2a: Gyarados
|-boost|p2a: Gyarados|atk|1
|-boost|p2a: Gyarados|spe|1
|move|p1a: Corviknight|Bulk Up|p1a: Corviknight
|-boost|p1a: Corviknight|atk|1
|-boost|p1a: Corviknight|def|1
|
|upkeep
|turn|21
|
|t:|1634136448
|move|p2a: Gyarados|Waterfall|p1a: Corviknight
|-damage|p1a: Corviknight|73/100
|move|p1a: Corviknight|Bulk Up|p1a: Corviknight
|-boost|p1a: Corviknight|atk|1
|-boost|p1a: Corviknight|def|1
|
|-heal|p1a: Corviknight|79/100|[from] item: Leftovers
|upkeep
|turn|22
|
|t:|1634136452
|switch|p2a: Dragapult|Dragapult, M|100/100
|move|p1a: Corviknight|Bulk Up|p1a: Corviknight
|-boost|p1a: Corviknight|atk|1
|-boost|p1a: Corviknight|def|1
|
|-heal|p1a: Corviknight|85/100|[from] item: Leftovers
|upkeep
|turn|23
|
|t:|1634136455
|move|p2a: Dragapult|Flamethrower|p1a: Corviknight
|-supereffective|p1a: Corviknight
|-damage|p1a: Corviknight|35/100
|-status|p1a: Corviknight|brn
|move|p1a: Corviknight|Brave Bird|p2a: Dragapult
|-damage|p2a: Dragapult|23/100
|-damage|p1a: Corviknight|15/100 brn|[from] Recoil
|
|-heal|p1a: Corviknight|21/100 brn|[from] item: Leftovers
|-damage|p1a: Corviknight|15/100 brn|[from] brn
|upkeep
|turn|24
|
|t:|1634136462
|switch|p1a: Blissey|Blissey, F|87/100
|move|p2a: Dragapult|Flamethrower|p1a: Blissey
|-damage|p1a: Blissey|72/100
|
|upkeep
|turn|25
|
|t:|1634136465
|switch|p2a: Hatterene|Hatterene, F|100/100
|move|p1a: Blissey|Heal Bell|p1a: Blissey
|-activate|p1a: Blissey|move: Heal Bell
|-curestatus|p1: Corviknight|brn|[msg]
|
|upkeep
|turn|26
|
|t:|1634136469
|move|p1a: Blissey|Soft-Boiled|p1a: Blissey
|-heal|p1a: Blissey|100/100
|move|p2a: Hatterene|Psyshock|p1a: Blissey
|-damage|p1a: Blissey|42/100
|
|upkeep
|turn|27
|
|t:|1634136480
|switch|p1a: Landorus|Landorus-Therian, M|100/100
|-ability|p1a: Landorus|Intimidate|boost
|-unboost|p2a: Hatterene|atk|1
|move|p2a: Hatterene|Psyshock|p1a: Landorus
|-damage|p1a: Landorus|48/100
|
|-heal|p1a: Landorus|54/100|[from] item: Leftovers
|upkeep
|turn|28
|
|t:|1634136483
|move|p1a: Landorus|Earthquake|p2a: Hatterene
|-damage|p2a: Hatterene|47/100
|move|p2a: Hatterene|Psyshock|p1a: Landorus
|-damage|p1a: Landorus|3/100
|
|-heal|p1a: Landorus|9/100|[from] item: Leftovers
|upkeep
|turn|29
|
|t:|1634136489
|move|p1a: Landorus|Stealth Rock|p2a: Hatterene
|move|p2a: Hatterene|Stealth Rock|p1a: Landorus|[from]ability: Magic Bounce
|-sidestart|p1: i know im horrible|move: Stealth Rock
|move|p2a: Hatterene|Psyshock|p1a: Landorus
|-damage|p1a: Landorus|0 fnt
|faint|p1a: Landorus
|
|upkeep
|
|t:|1634136495
|switch|p1a: Corviknight|Corviknight, M|15/100
|-damage|p1a: Corviknight|3/100|[from] Stealth Rock
|-ability|p1a: Corviknight|Pressure
|turn|30
|
|t:|1634136498
|switch|p2a: Dragapult|Dragapult, M|23/100
|move|p1a: Corviknight|Roost|p1a: Corviknight
|-heal|p1a: Corviknight|53/100
|-singleturn|p1a: Corviknight|move: Roost
|
|-heal|p1a: Corviknight|59/100|[from] item: Leftovers
|upkeep
|turn|31
|
|t:|1634136501
|switch|p1a: Toxapex|Toxapex, F|100/100
|-damage|p1a: Toxapex|88/100|[from] Stealth Rock
|move|p2a: Dragapult|Flamethrower|p1a: Toxapex
|-resisted|p1a: Toxapex
|-damage|p1a: Toxapex|71/100
|-status|p1a: Toxapex|brn
|
|-heal|p1a: Toxapex|77/100 brn|[from] item: Black Sludge
|-damage|p1a: Toxapex|71/100 brn|[from] brn
|upkeep
|turn|32
|
|t:|1634136509
|switch|p2a: Hatterene|Hatterene, F|47/100
|switch|p1a: Melmetal|Melmetal|79/100
|-damage|p1a: Melmetal|73/100|[from] Stealth Rock
|
|upkeep
|turn|33
|
|t:|1634136525
|switch|p2a: Toxapex|Toxapex, M|100/100
|move|p1a: Melmetal|Earthquake|p2a: Toxapex
|-supereffective|p2a: Toxapex
|-damage|p2a: Toxapex|53/100
|
|upkeep
|turn|34
|
|t:|1634136530
|switch|p1a: Blissey|Blissey, F|42/100
|move|p2a: Toxapex|Scald|p1a: Blissey
|-damage|p1a: Blissey|36/100
|
|upkeep
|turn|35
|
|t:|1634136534
|switch|p2a: Hatterene|Hatterene, F|47/100
|move|p1a: Blissey|Soft-Boiled|p1a: Blissey
|-heal|p1a: Blissey|86/100
|
|upkeep
|turn|36
|
|t:|1634136537
|move|p1a: Blissey|Seismic Toss|p2a: Hatterene
|-damage|p2a: Hatterene|15/100
|move|p2a: Hatterene|Psyshock|p1a: Blissey
|-damage|p1a: Blissey|26/100
|
|upkeep
|turn|37
|
|t:|1634136542
|move|p1a: Blissey|Soft-Boiled|p1a: Blissey
|-heal|p1a: Blissey|76/100
|move|p2a: Hatterene|Psyshock|p1a: Blissey
|-damage|p1a: Blissey|19/100
|
|upkeep
|turn|38
|
|t:|1634136544
|move|p1a: Blissey|Seismic Toss|p2a: Hatterene
|-damage|p2a: Hatterene|0 fnt
|faint|p2a: Hatterene
|
|upkeep
|
|t:|1634136551
|switch|p2a: Gyarados|Gyarados, M|100/100
|turn|39
|
|t:|1634136556
|switch|p1a: Toxapex|Toxapex, F|100/100 brn
|-damage|p1a: Toxapex|88/100 brn|[from] Stealth Rock
|move|p2a: Gyarados|Dragon Dance|p2a: Gyarados
|-boost|p2a: Gyarados|atk|1
|-boost|p2a: Gyarados|spe|1
|
|-heal|p1a: Toxapex|94/100 brn|[from] item: Black Sludge
|-damage|p1a: Toxapex|88/100 brn|[from] brn
|upkeep
|turn|40
|
|t:|1634136559
|move|p2a: Gyarados|Earthquake|p1a: Toxapex
|-supereffective|p1a: Toxapex
|-damage|p1a: Toxapex|18/100 brn
|move|p1a: Toxapex|Toxic|p2a: Gyarados
|-status|p2a: Gyarados|tox
|
|-heal|p1a: Toxapex|24/100 brn|[from] item: Black Sludge
|-damage|p2a: Gyarados|94/100 tox|[from] psn
|-damage|p1a: Toxapex|18/100 brn|[from] brn
|upkeep
|turn|41
|
|t:|1634136562
|switch|p1a: Dragonite|Dragonite, M|100/100
|move|p2a: Gyarados|Waterfall|p1a: Dragonite
|-resisted|p1a: Dragonite
|-damage|p1a: Dragonite|84/100
|
|-heal|p2a: Gyarados|100/100 tox|[from] item: Leftovers
|-damage|p2a: Gyarados|88/100 tox|[from] psn
|upkeep
|turn|42
|
|t:|1634136566
|move|p2a: Gyarados|Crunch|p1a: Dragonite
|-damage|p1a: Dragonite|34/100
|-unboost|p1a: Dragonite|def|1
|move|p1a: Dragonite|Roost|p1a: Dragonite
|-heal|p1a: Dragonite|84/100
|-singleturn|p1a: Dragonite|move: Roost
|
|-heal|p2a: Gyarados|94/100 tox|[from] item: Leftovers
|-damage|p2a: Gyarados|76/100 tox|[from] psn
|upkeep
|turn|43
|
|t:|1634136576
|move|p2a: Gyarados|Crunch|p1a: Dragonite
|-damage|p1a: Dragonite|13/100
|move|p1a: Dragonite|Roost|p1a: Dragonite
|-heal|p1a: Dragonite|63/100
|-singleturn|p1a: Dragonite|move: Roost
|
|-heal|p2a: Gyarados|82/100 tox|[from] item: Leftovers
|-damage|p2a: Gyarados|58/100 tox|[from] psn
|upkeep
|turn|44
|
|t:|1634136579
|switch|p1a: Toxapex|Toxapex, F|51/100 brn
|-damage|p1a: Toxapex|39/100 brn|[from] Stealth Rock
|move|p2a: Gyarados|Crunch|p1a: Toxapex
|-damage|p1a: Toxapex|13/100 brn
|
|-heal|p2a: Gyarados|64/100 tox|[from] item: Leftovers
|-heal|p1a: Toxapex|19/100 brn|[from] item: Black Sludge
|-damage|p2a: Gyarados|34/100 tox|[from] psn
|-damage|p1a: Toxapex|13/100 brn|[from] brn
|upkeep
|turn|45
|
|t:|1634136584
|switch|p1a: Dragonite|Dragonite, M|63/100
|move|p2a: Gyarados|Crunch|p1a: Dragonite
|-damage|p1a: Dragonite|13/100
|-unboost|p1a: Dragonite|def|1
|
|-heal|p2a: Gyarados|40/100 tox|[from] item: Leftovers
|-damage|p2a: Gyarados|4/100 tox|[from] psn
|upkeep
|turn|46
|
|t:|1634136591
|move|p2a: Gyarados|Crunch|p1a: Dragonite
|-damage|p1a: Dragonite|0 fnt
|faint|p1a: Dragonite
|-ability|p2a: Gyarados|Moxie|boost
|-boost|p2a: Gyarados|atk|1
|
|-heal|p2a: Gyarados|10/100 tox|[from] item: Leftovers
|-damage|p2a: Gyarados|0 fnt|[from] psn
|faint|p2a: Gyarados
|upkeep
|
|t:|1634136603
|switch|p1a: Toxapex|Toxapex, F|46/100 brn
|switch|p2a: Landorus|Landorus-Therian, M|100/100
|-ability|p2a: Landorus|Intimidate|boost
|-unboost|p1a: Toxapex|atk|1
|-damage|p1a: Toxapex|34/100 brn|[from] Stealth Rock
|turn|47
|
|t:|1634136606
|move|p1a: Toxapex|Baneful Bunker|p1a: Toxapex
|-singleturn|p1a: Toxapex|move: Protect
|move|p2a: Landorus|U-turn|p1a: Toxapex
|-activate|p1a: Toxapex|move: Protect
|-status|p2a: Landorus|psn
|
|-heal|p1a: Toxapex|40/100 brn|[from] item: Black Sludge
|-damage|p2a: Landorus|88/100 psn|[from] psn
|-damage|p1a: Toxapex|34/100 brn|[from] brn
|upkeep
|turn|48
|
|t:|1634136609
|move|p2a: Landorus|Earthquake|p1a: Toxapex
|-supereffective|p1a: Toxapex
|-damage|p1a: Toxapex|0 fnt
|faint|p1a: Toxapex
|
|-heal|p2a: Landorus|94/100 psn|[from] item: Leftovers
|-damage|p2a: Landorus|82/100 psn|[from] psn
|upkeep
|
|t:|1634136612
|switch|p1a: Corviknight|Corviknight, M|59/100
|-damage|p1a: Corviknight|47/100|[from] Stealth Rock
|-ability|p1a: Corviknight|Pressure
|turn|49
|
|t:|1634136617
|move|p2a: Landorus|U-turn|p1a: Corviknight
|-resisted|p1a: Corviknight
|-damage|p1a: Corviknight|42/100
|
|t:|1634136618
|switch|p2a: Dragapult|Dragapult, M|23/100|[from]move: U-turn
|move|p1a: Corviknight|Brave Bird|p2a: Dragapult
|-damage|p2a: Dragapult|0 fnt
|faint|p2a: Dragapult
|-damage|p1a: Corviknight|36/100|[from] Recoil
|
|-heal|p1a: Corviknight|42/100|[from] item: Leftovers
|upkeep
|
|t:|1634136623
|switch|p2a: Toxapex|Toxapex, M|86/100
|turn|50
|
|t:|1634136629
|switch|p1a: Blissey|Blissey, F|19/100
|switch|p2a: Landorus|Landorus-Therian, M|82/100 psn
|-ability|p2a: Landorus|Intimidate|boost
|-unboost|p1a: Blissey|atk|1
|
|-heal|p2a: Landorus|88/100 psn|[from] item: Leftovers
|-damage|p2a: Landorus|76/100 psn|[from] psn
|upkeep
|turn|51
|
|t:|1634136635
|switch|p1a: Corviknight|Corviknight, M|42/100
|-damage|p1a: Corviknight|30/100|[from] Stealth Rock
|-ability|p1a: Corviknight|Pressure
|move|p2a: Landorus|U-turn|p1a: Corviknight
|-resisted|p1a: Corviknight
|-damage|p1a: Corviknight|26/100
|
|t:|1634136638
|switch|p2a: Ferrothorn|Ferrothorn, M|100/100|[from]move: U-turn
|
|-heal|p1a: Corviknight|32/100|[from] item: Leftovers
|upkeep
|turn|52
|
|t:|1634136642
|move|p1a: Corviknight|Roost|p1a: Corviknight
|-heal|p1a: Corviknight|82/100
|-singleturn|p1a: Corviknight|move: Roost
|move|p2a: Ferrothorn|Knock Off|p1a: Corviknight
|-damage|p1a: Corviknight|66/100
|-enditem|p1a: Corviknight|Leftovers|[from] move: Knock Off|[of] p2a: Ferrothorn
|
|upkeep
|turn|53
|
|t:|1634136646
|move|p1a: Corviknight|Bulk Up|p1a: Corviknight
|-boost|p1a: Corviknight|atk|1
|-boost|p1a: Corviknight|def|1
|move|p2a: Ferrothorn|Leech Seed|p1a: Corviknight
|-start|p1a: Corviknight|move: Leech Seed
|
|-damage|p1a: Corviknight|53/100|[from] Leech Seed|[of] p2a: Ferrothorn
|upkeep
|turn|54
|
|t:|1634136650
|switch|p2a: Toxapex|Toxapex, M|100/100
|move|p1a: Corviknight|Bulk Up|p1a: Corviknight
|-boost|p1a: Corviknight|atk|1
|-boost|p1a: Corviknight|def|1
|
|-damage|p1a: Corviknight|41/100|[from] Leech Seed|[of] p2a: Toxapex
|upkeep
|turn|55
|
|t:|1634136654
|move|p1a: Corviknight|Roost|p1a: Corviknight
|-heal|p1a: Corviknight|91/100
|-singleturn|p1a: Corviknight|move: Roost
|move|p2a: Toxapex|Haze|p2a: Toxapex
|-clearallboost
|
|-damage|p1a: Corviknight|79/100|[from] Leech Seed|[of] p2a: Toxapex
|upkeep
|turn|56
|
|t:|1634136658
|switch|p1a: Blissey|Blissey, F|19/100
|switch|p2a: Landorus|Landorus-Therian, M|76/100 psn
|-ability|p2a: Landorus|Intimidate|boost
|-unboost|p1a: Blissey|atk|1
|
|-heal|p2a: Landorus|82/100 psn|[from] item: Leftovers
|-damage|p2a: Landorus|69/100 psn|[from] psn
|upkeep
|turn|57
|
|t:|1634136661
|switch|p1a: Corviknight|Corviknight, M|79/100
|-damage|p1a: Corviknight|67/100|[from] Stealth Rock
|-ability|p1a: Corviknight|Pressure
|move|p2a: Landorus|U-turn|p1a: Corviknight
|-resisted|p1a: Corviknight
|-damage|p1a: Corviknight|62/100
|
|t:|1634136665
|switch|p2a: Ferrothorn|Ferrothorn, M|100/100|[from]move: U-turn
|
|upkeep
|turn|58
|
|t:|1634136671
|move|p1a: Corviknight|Bulk Up|p1a: Corviknight
|-boost|p1a: Corviknight|atk|1
|-boost|p1a: Corviknight|def|1
|move|p2a: Ferrothorn|Leech Seed|p1a: Corviknight
|-start|p1a: Corviknight|move: Leech Seed
|
|-damage|p1a: Corviknight|50/100|[from] Leech Seed|[of] p2a: Ferrothorn
|upkeep
|turn|59
|
|t:|1634136676
|move|p1a: Corviknight|Roost|p1a: Corviknight
|-heal|p1a: Corviknight|99/100
|-singleturn|p1a: Corviknight|move: Roost
|move|p2a: Ferrothorn|Body Press|p1a: Corviknight
|-supereffective|p1a: Corviknight
|-damage|p1a: Corviknight|70/100
|
|-damage|p1a: Corviknight|58/100|[from] Leech Seed|[of] p2a: Ferrothorn
|upkeep
|turn|60
|
|t:|1634136679
|move|p1a: Corviknight|Bulk Up|p1a: Corviknight
|-boost|p1a: Corviknight|atk|1
|-boost|p1a: Corviknight|def|1
|move|p2a: Ferrothorn|Body Press|p1a: Corviknight
|-damage|p1a: Corviknight|47/100
|
|-damage|p1a: Corviknight|34/100|[from] Leech Seed|[of] p2a: Ferrothorn
|upkeep
|turn|61
|
|t:|1634136682
|switch|p2a: Toxapex|Toxapex, M|100/100
|move|p1a: Corviknight|Roost|p1a: Corviknight
|-heal|p1a: Corviknight|84/100
|-singleturn|p1a: Corviknight|move: Roost
|
|-damage|p1a: Corviknight|72/100|[from] Leech Seed|[of] p2a: Toxapex
|upkeep
|turn|62
|
|t:|1634136687
|move|p1a: Corviknight|Brave Bird|p2a: Toxapex
|-damage|p2a: Toxapex|63/100
|-damage|p1a: Corviknight|56/100|[from] item: Rocky Helmet|[of] p2a: Toxapex
|-damage|p1a: Corviknight|46/100|[from] Recoil
|move|p2a: Toxapex|Haze|p2a: Toxapex
|-clearallboost
|
|-damage|p1a: Corviknight|34/100|[from] Leech Seed|[of] p2a: Toxapex
|-heal|p2a: Toxapex|79/100|[silent]
|upkeep
|turn|63
|
|t:|1634136691
|switch|p1a: Blissey|Blissey, F|19/100
|switch|p2a: Landorus|Landorus-Therian, M|69/100 psn
|-ability|p2a: Landorus|Intimidate|boost
|-unboost|p1a: Blissey|atk|1
|
|-heal|p2a: Landorus|75/100 psn|[from] item: Leftovers
|-damage|p2a: Landorus|63/100 psn|[from] psn
|upkeep
|turn|64
|
|t:|1634136694
|switch|p1a: Corviknight|Corviknight, M|34/100
|-damage|p1a: Corviknight|22/100|[from] Stealth Rock
|-ability|p1a: Corviknight|Pressure
|move|p2a: Landorus|U-turn|p1a: Corviknight
|-resisted|p1a: Corviknight
|-damage|p1a: Corviknight|17/100
|
|t:|1634136698
|switch|p2a: Toxapex|Toxapex, M|100/100|[from]move: U-turn
|
|upkeep
|turn|65
|
|t:|1634136701
|move|p1a: Corviknight|Roost|p1a: Corviknight
|-heal|p1a: Corviknight|67/100
|-singleturn|p1a: Corviknight|move: Roost
|move|p2a: Toxapex|Scald|p1a: Corviknight
|-damage|p1a: Corviknight|56/100
|
|upkeep
|turn|66
|
|t:|1634136703
|switch|p1a: Blissey|Blissey, F|19/100
|switch|p2a: Landorus|Landorus-Therian, M|63/100 psn
|-ability|p2a: Landorus|Intimidate|boost
|-unboost|p1a: Blissey|atk|1
|
|-heal|p2a: Landorus|69/100 psn|[from] item: Leftovers
|-damage|p2a: Landorus|57/100 psn|[from] psn
|upkeep
|turn|67
|
|t:|1634136706
|switch|p1a: Corviknight|Corviknight, M|56/100
|-damage|p1a: Corviknight|43/100|[from] Stealth Rock
|-ability|p1a: Corviknight|Pressure
|move|p2a: Landorus|U-turn|p1a: Corviknight
|-resisted|p1a: Corviknight
|-damage|p1a: Corviknight|39/100
|
|t:|1634136707
|switch|p2a: Toxapex|Toxapex, M|100/100|[from]move: U-turn
|
|upkeep
|turn|68
|
|t:|1634136710
|switch|p1a: Blissey|Blissey, F|19/100
|switch|p2a: Landorus|Landorus-Therian, M|57/100 psn
|-ability|p2a: Landorus|Intimidate|boost
|-unboost|p1a: Blissey|atk|1
|
|-heal|p2a: Landorus|63/100 psn|[from] item: Leftovers
|-damage|p2a: Landorus|50/100 psn|[from] psn
|upkeep
|turn|69
|
|t:|1634136713
|switch|p1a: Melmetal|Melmetal|73/100
|-damage|p1a: Melmetal|67/100|[from] Stealth Rock
|move|p2a: Landorus|U-turn|p1a: Melmetal
|-resisted|p1a: Melmetal
|-damage|p1a: Melmetal|61/100
|
|t:|1634136716
|switch|p2a: Toxapex|Toxapex, M|100/100|[from]move: U-turn
|
|upkeep
|turn|70
|
|t:|1634136722
|switch|p1a: Blissey|Blissey, F|19/100
|move|p2a: Toxapex|Scald|p1a: Blissey
|-damage|p1a: Blissey|12/100
|-status|p1a: Blissey|brn
|
|-damage|p1a: Blissey|6/100 brn|[from] brn
|upkeep
|turn|71
|
|t:|1634136725
|switch|p2a: Landorus|Landorus-Therian, M|50/100 psn
|-ability|p2a: Landorus|Intimidate|boost
|-unboost|p1a: Blissey|atk|1
|move|p1a: Blissey|Soft-Boiled|p1a: Blissey
|-heal|p1a: Blissey|56/100 brn
|
|-heal|p2a: Landorus|57/100 psn|[from] item: Leftovers
|-damage|p2a: Landorus|44/100 psn|[from] psn
|-damage|p1a: Blissey|50/100 brn|[from] brn
|upkeep
|turn|72
|
|t:|1634136729
|-curestatus|p1a: Blissey|brn|[from] ability: Natural Cure
|switch|p1a: Corviknight|Corviknight, M|39/100
|-damage|p1a: Corviknight|27/100|[from] Stealth Rock
|-ability|p1a: Corviknight|Pressure
|move|p2a: Landorus|U-turn|p1a: Corviknight
|-resisted|p1a: Corviknight
|-damage|p1a: Corviknight|22/100
|
|t:|1634136731
|switch|p2a: Toxapex|Toxapex, M|100/100|[from]move: U-turn
|
|upkeep
|turn|73
|
|t:|1634136734
|move|p1a: Corviknight|Roost|p1a: Corviknight
|-heal|p1a: Corviknight|72/100
|-singleturn|p1a: Corviknight|move: Roost
|move|p2a: Toxapex|Scald|p1a: Corviknight
|-damage|p1a: Corviknight|61/100
|
|upkeep
|turn|74
|
|t:|1634136737
|switch|p2a: Ferrothorn|Ferrothorn, M|100/100
|move|p1a: Corviknight|Brave Bird|p2a: Ferrothorn
|-damage|p2a: Ferrothorn|77/100
|-damage|p1a: Corviknight|49/100|[from] ability: Iron Barbs|[of] p2a: Ferrothorn
|-damage|p1a: Corviknight|42/100|[from] Recoil
|
|-heal|p2a: Ferrothorn|84/100|[from] item: Leftovers
|upkeep
|turn|75
|
|t:|1634136744
|move|p1a: Corviknight|Bulk Up|p1a: Corviknight
|-boost|p1a: Corviknight|atk|1
|-boost|p1a: Corviknight|def|1
|move|p2a: Ferrothorn|Spikes|p1a: Corviknight
|-sidestart|p1: i know im horrible|Spikes
|
|-heal|p2a: Ferrothorn|90/100|[from] item: Leftovers
|upkeep
|turn|76
|
|t:|1634136748
|move|p1a: Corviknight|Roost|p1a: Corviknight
|-heal|p1a: Corviknight|92/100
|-singleturn|p1a: Corviknight|move: Roost
|move|p2a: Ferrothorn|Leech Seed|p1a: Corviknight|[miss]
|-miss|p2a: Ferrothorn|p1a: Corviknight
|
|-heal|p2a: Ferrothorn|96/100|[from] item: Leftovers
|upkeep
|turn|77
|
|t:|1634136751
|switch|p2a: Toxapex|Toxapex, M|100/100
|move|p1a: Corviknight|Body Press|p2a: Toxapex
|-resisted|p2a: Toxapex
|-damage|p2a: Toxapex|92/100
|-damage|p1a: Corviknight|76/100|[from] item: Rocky Helmet|[of] p2a: Toxapex
|
|upkeep
|turn|78
|
|t:|1634136755
|switch|p1a: Blissey|Blissey, F|50/100
|switch|p2a: Ferrothorn|Ferrothorn, M|96/100
|
|-heal|p2a: Ferrothorn|100/100|[from] item: Leftovers
|upkeep
|turn|79
|
|t:|1634136760
|switch|p1a: Corviknight|Corviknight, M|76/100
|-damage|p1a: Corviknight|64/100|[from] Stealth Rock
|-ability|p1a: Corviknight|Pressure
|move|p2a: Ferrothorn|Leech Seed|p1a: Corviknight
|-start|p1a: Corviknight|move: Leech Seed
|
|-damage|p1a: Corviknight|51/100|[from] Leech Seed|[of] p2a: Ferrothorn
|upkeep
|turn|80
|
|t:|1634136765
|move|p1a: Corviknight|Bulk Up|p1a: Corviknight
|-boost|p1a: Corviknight|atk|1
|-boost|p1a: Corviknight|def|1
|move|p2a: Ferrothorn|Spikes|p1a: Corviknight
|-sidestart|p1: i know im horrible|Spikes
|
|-damage|p1a: Corviknight|39/100|[from] Leech Seed|[of] p2a: Ferrothorn
|upkeep
|turn|81
|
|t:|1634136772
|move|p1a: Corviknight|Body Press|p2a: Ferrothorn
|-supereffective|p2a: Ferrothorn
|-damage|p2a: Ferrothorn|65/100
|-damage|p1a: Corviknight|27/100|[from] ability: Iron Barbs|[of] p2a: Ferrothorn
|move|p2a: Ferrothorn|Body Press|p1a: Corviknight
|-damage|p1a: Corviknight|13/100
|
|-heal|p2a: Ferrothorn|72/100|[from] item: Leftovers
|-damage|p1a: Corviknight|0 fnt|[from] Leech Seed|[of] p2a: Ferrothorn
|-heal|p2a: Ferrothorn|85/100|[silent]
|faint|p1a: Corviknight
|upkeep
|
|t:|1634136775
|switch|p1a: Melmetal|Melmetal|61/100
|-damage|p1a: Melmetal|44/100|[from] Spikes
|-damage|p1a: Melmetal|38/100|[from] Stealth Rock
|turn|82
|-message|i know im horrible forfeited.
|
|win|Libaa
|raw|i know im horrible's rating: 1630 &rarr; <strong>1614</strong><br />(-16 for losing)
|raw|Libaa's rating: 1696 &rarr; <strong>1712</strong><br />(+16 for winning)
|l|☆i know im horrible
