|j|☆isheavydead
|j|☆knexhawk
|inactive|Battle timer is ON: inactive players will automatically lose when time's up.
|t:|1616121558
|player|p1|isheavydead|ethan|
|player|p2|knexhawk|benga|
|teamsize|p1|6
|teamsize|p2|6
|gametype|singles
|gen|8
|tier|[Gen 8] OU
|rated|Tournament battle
|clearpoke
|poke|p1|Corviknight, F|
|poke|p1|Espeon, F|
|poke|p1|Tapu Lele|
|poke|p1|Polteageist|
|poke|p1|Cloyster, F|
|poke|p1|Omastar, M|
|poke|p2|Diancie|
|poke|p2|Hippowdon, F|
|poke|p2|Excadrill, M|
|poke|p2|Magnezone|
|poke|p2|Clefable, M|
|poke|p2|Latias, F|
|rule|Sleep Clause Mod: Limit one foe put to sleep
|rule|Species Clause: Limit one of each Pokémon
|rule|OHKO Clause: OHKO moves are banned
|rule|Evasion Moves Clause: Evasion moves are banned
|rule|Endless Battle Clause: Forcing endless battles is banned
|rule|HP Percentage Mod: HP is shown in percentages
|rule|Dynamax Clause: You cannot dynamax
|teampreview
|j|+epsilon_xd
|c|☆isheavydead|hf
|c|☆knexhawk|glhd
|c|☆knexhawk|hf*
|c|☆isheavydead|u2
|
|t:|1616121573
|start
|switch|p1a: Tapu Lele|Tapu Lele, shiny|100/100
|switch|p2a: Magnezone|Magnezone|100/100
|-fieldstart|move: Psychic Terrain|[from] ability: Psychic Surge|[of] p1a: Tapu Lele
|turn|1
|c|☆isheavydead|we're getting overshadowed by the real finals
|c|☆isheavydead|https://play.pokemonshowdown.com/battle-gen8ou-1304400482-095hnfi0kfdadb0xeza811a0qcthwkmpw
|
|t:|1616121588
|switch|p2a: Latias|Latias, F|100/100
|move|p1a: Tapu Lele|Future Sight|p2a: Latias
|-start|p1a: Tapu Lele|move: Future Sight
|
|upkeep
|turn|2
|j| buteko
|j| ketchup is savory
|c|☆knexhawk|lol
|inactive|knexhawk has 120 seconds left.
|
|t:|1616121621
|move|p1a: Tapu Lele|Moonblast|p2a: Latias
|-supereffective|p2a: Latias
|-damage|p2a: Latias|40/100
|move|p2a: Latias|Psyshock|p1a: Tapu Lele
|-resisted|p1a: Tapu Lele
|-damage|p1a: Tapu Lele|79/100
|
|-heal|p2a: Latias|46/100|[from] item: Leftovers
|upkeep
|turn|3
|inactive|knexhawk has 120 seconds left.
|
|t:|1616121635
|switch|p2a: Magnezone|Magnezone|100/100
|move|p1a: Tapu Lele|Moonblast|p2a: Magnezone
|-resisted|p2a: Magnezone
|-damage|p2a: Magnezone|71/100
|
|-end|p2a: Magnezone|move: Future Sight
|-resisted|p2a: Magnezone
|-damage|p2a: Magnezone|23/100
|upkeep
|turn|4
|j| PlzgoEZImaNoob
|
|t:|1616121643
|switch|p2a: Latias|Latias, F|46/100
|move|p1a: Tapu Lele|Moonblast|p2a: Latias
|-supereffective|p2a: Latias
|-damage|p2a: Latias|0 fnt
|faint|p2a: Latias
|
|upkeep
|j| jhoto shaman
|inactive|knexhawk has 120 seconds left.
|c|☆knexhawk|you know
|c|☆knexhawk|i was hoping this would be specs
|
|t:|1616121665
|switch|p2a: Excadrill|Excadrill, M|100/100
|turn|5
|c|☆isheavydead|rip
|
|t:|1616121673
|switch|p1a: Espeon|Espeon, F|100/100
|switch|p2a: Magnezone|Magnezone|23/100
|
|upkeep
|turn|6
|inactive|knexhawk has 120 seconds left.
|
|t:|1616121682
|switch|p2a: Excadrill|Excadrill, M|100/100
|move|p1a: Espeon|Expanding Force|p2a: Excadrill
|-resisted|p2a: Excadrill
|-damage|p2a: Excadrill|53/100
|
|upkeep
|turn|7
|
|t:|1616121690
|move|p1a: Espeon|Yawn|p2a: Excadrill
|-start|p2a: Excadrill|move: Yawn|[of] p1a: Espeon
|move|p2a: Excadrill|Rapid Spin|p1a: Espeon
|-damage|p1a: Espeon|48/100
|-boost|p2a: Excadrill|spe|1
|-enditem|p1a: Espeon|Eject Button
|-damage|p2a: Excadrill|43/100|[from] item: Life Orb
|c|☆knexhawk|god damn
|c|☆knexhawk|52 with rapid spin
|
|t:|1616121703
|switch|p1a: Omastar|Omastar, M|100/100
|
|upkeep
|turn|8
|
|t:|1616121713
|move|p2a: Excadrill|Earthquake|p1a: Omastar
|-supereffective|p1a: Omastar
|-enditem|p1a: Omastar|Focus Sash
|-damage|p1a: Omastar|1/100
|-ability|p1a: Omastar|Weak Armor|boost
|-unboost|p1a: Omastar|def|1
|-boost|p1a: Omastar|spe|2
|-damage|p2a: Excadrill|33/100|[from] item: Life Orb
|move|p1a: Omastar|Shell Smash|p1a: Omastar
|-unboost|p1a: Omastar|def|1
|-unboost|p1a: Omastar|spd|1
|-boost|p1a: Omastar|atk|2
|-boost|p1a: Omastar|spa|2
|-boost|p1a: Omastar|spe|2
|
|-end|p2a: Excadrill|move: Yawn|[silent]
|-status|p2a: Excadrill|slp
|-fieldend|move: Psychic Terrain
|upkeep
|turn|9
|
|t:|1616121719
|move|p1a: Omastar|Ice Beam|p2a: Excadrill
|-damage|p2a: Excadrill|0 fnt
|faint|p2a: Excadrill
|
|upkeep
|
|t:|1616121725
|switch|p2a: Clefable|Clefable, M|100/100
|turn|10
|
|t:|1616121727
|move|p1a: Omastar|Hydro Pump|p2a: Clefable|[miss]
|-miss|p1a: Omastar|p2a: Clefable
|move|p2a: Clefable|Knock Off|p1a: Omastar
|-damage|p1a: Omastar|0 fnt
|faint|p1a: Omastar
|
|upkeep
|c|☆isheavydead|rip
|c|☆knexhawk|sorry
|
|t:|1616121732
|switch|p1a: Tapu Lele|Tapu Lele, shiny|79/100
|-fieldstart|move: Psychic Terrain|[from] ability: Psychic Surge|[of] p1a: Tapu Lele
|turn|11
|c|☆knexhawk|did that kill
|c|☆isheavydead|prob not
|c|☆isheavydead|but i wanted it low
|
|t:|1616121746
|move|p1a: Tapu Lele|Future Sight|p2a: Clefable
|-start|p1a: Tapu Lele|move: Future Sight
|move|p2a: Clefable|Wish|p2a: Clefable
|
|upkeep
|turn|12
|c|☆knexhawk|fair
|
|t:|1616121751
|switch|p1a: Espeon|Espeon, F|48/100
|move|p2a: Clefable|Moonblast|p1a: Espeon
|-damage|p1a: Espeon|8/100
|-unboost|p1a: Espeon|spa|1
|
|upkeep
|turn|13
|l| jhoto shaman
|
|t:|1616121754
|move|p1a: Espeon|Yawn|p2a: Clefable
|-start|p2a: Clefable|move: Yawn|[of] p1a: Espeon
|move|p2a: Clefable|Knock Off|p1a: Espeon
|-supereffective|p1a: Espeon
|-damage|p1a: Espeon|0 fnt
|faint|p1a: Espeon
|
|-end|p2a: Clefable|move: Future Sight
|-damage|p2a: Clefable|24/100
|-heal|p2a: Clefable|30/100|[from] item: Leftovers
|upkeep
|
|t:|1616121763
|switch|p1a: Polteageist|Polteageist|100/100
|turn|14
|
|t:|1616121766
|move|p1a: Polteageist|Shell Smash|p1a: Polteageist
|-unboost|p1a: Polteageist|def|1
|-unboost|p1a: Polteageist|spd|1
|-boost|p1a: Polteageist|atk|2
|-boost|p1a: Polteageist|spa|2
|-boost|p1a: Polteageist|spe|2
|move|p2a: Clefable|Knock Off|p1a: Polteageist
|-supereffective|p1a: Polteageist
|-damage|p1a: Polteageist|9/100
|-ability|p1a: Polteageist|Weak Armor|boost
|-unboost|p1a: Polteageist|def|1
|-boost|p1a: Polteageist|spe|2
|-enditem|p1a: Polteageist|Focus Sash|[from] move: Knock Off|[of] p2a: Clefable
|
|-heal|p2a: Clefable|36/100|[from] item: Leftovers
|-end|p2a: Clefable|move: Yawn|[silent]
|-status|p2a: Clefable|slp
|upkeep
|turn|15
|j| Mikirae
|
|t:|1616121775
|move|p1a: Polteageist|Giga Drain|p2a: Clefable
|-damage|p2a: Clefable|0 fnt
|-heal|p1a: Polteageist|37/100|[from] drain|[of] p2a: Clefable
|faint|p2a: Clefable
|
|upkeep
|
|t:|1616121778
|switch|p2a: Diancie|Diancie|100/100
|turn|16
|c|☆knexhawk|you know
|c|☆knexhawk|this might live
|
|t:|1616121786
|move|p1a: Polteageist|Stored Power|p2a: Diancie
|-damage|p2a: Diancie|0 fnt
|faint|p2a: Diancie
|
|upkeep
|c|☆isheavydead|rip
|c|☆knexhawk|guess not
|j| Basselhoff
|j| Clamaad
|c|☆knexhawk|im gonna calc that rq
|c|☆isheavydead|diancie is bulky tho
|c|☆knexhawk|whats ur nature
|inactive|knexhawk has 120 seconds left.
|c|☆isheavydead|jolly
|c|☆knexhawk|tf?
|
|t:|1616121835
|switch|p2a: Hippowdon|Hippowdon, F|100/100
|-weather|Sandstorm|[from] ability: Sand Stream|[of] p2a: Hippowdon
|turn|17
|
|t:|1616121842
|move|p1a: Polteageist|Giga Drain|p2a: Hippowdon
|-supereffective|p2a: Hippowdon
|-damage|p2a: Hippowdon|0 fnt
|-heal|p1a: Polteageist|100/100|[from] drain|[of] p2a: Hippowdon
|faint|p2a: Hippowdon
|
|-weather|Sandstorm|[upkeep]
|-damage|p1a: Polteageist|94/100|[from] Sandstorm
|upkeep
|c|☆isheavydead|gg
|c|☆knexhawk|gg tho
|
|t:|1616121846
|switch|p2a: Magnezone|Magnezone|23/100
|turn|18
|
|t:|1616121848
|move|p1a: Polteageist|Shadow Ball|p2a: Magnezone
|-damage|p2a: Magnezone|0 fnt
|faint|p2a: Magnezone
|
|win|isheavydead
|n|☆isheavydead|isheavydead
|n|☆knexhawk|knexhawk
|n| epsilon_xd|epsilonxd
|n| buteko|buteko
|n| ketchup is savory|ketchupissavory
|n| PlzgoEZImaNoob|plzgoezimanoob
|n| Mikirae|mikirae
|n| Basselhoff|basselhoff
|n| Clamaad|clamaad
