|j|☆Thund3y
|j|☆Kaleor
|t:|1654165406
|gametype|singles
|player|p1|Thund3y|candice|1605
|player|p2|Kaleor|swimmer-gen4dp|1655
|teamsize|p1|6
|teamsize|p2|6
|gen|8
|tier|[Gen 8] OU
|rated|
|rule|Sleep Clause Mod: Limit one foe put to sleep
|rule|Species Clause: Limit one of each Pokémon
|rule|OHKO Clause: OHKO moves are banned
|rule|Evasion Moves Clause: Evasion moves are banned
|rule|Endless Battle Clause: Forcing endless battles is banned
|rule|HP Percentage Mod: HP is shown in percentages
|rule|Dynamax Clause: You cannot dynamax
|clearpoke
|poke|p1|Mr. Rime, F|
|poke|p1|Urshifu-*, F|
|poke|p1|Heatran, M|
|poke|p1|Hippowdon, M|
|poke|p1|Dracozolt|
|poke|p1|Mandibuzz, F|
|poke|p2|Slowking-Galar, M|
|poke|p2|Regieleki|
|poke|p2|Swampert, M|
|poke|p2|Corviknight, F|
|poke|p2|Dragapult, F|
|poke|p2|Zapdos-Galar|
|teampreview
|inactive|Battle timer is ON: inactive players will automatically lose when time's up. (requested by Kaleor)
|
|t:|1654165423
|start
|switch|p1a: Mr. Rime|Mr. Rime, F|100/100
|switch|p2a: Swampert|Swampert, M|100/100
|turn|1
|
|t:|1654165431
|move|p1a: Mr. Rime|Freeze-Dry|p2a: Swampert
|-supereffective|p2a: Swampert
|-damage|p2a: Swampert|0 fnt
|faint|p2a: Swampert
|
|upkeep
|
|t:|1654165441
|switch|p2a: Dragapult|Dragapult, F|100/100
|turn|2
|
|t:|1654165445
|switch|p1a: Mandibuzz|Mandibuzz, F|100/100
|move|p2a: Dragapult|U-turn|p1a: Mandibuzz
|-damage|p1a: Mandibuzz|88/100
|
|t:|1654165448
|switch|p2a: Regieleki|Regieleki|100/100|[from]move: U-turn
|
|upkeep
|turn|3
|
|t:|1654165455
|switch|p2a: Zapdos|Zapdos-Galar|100/100
|switch|p1a: Hippowdon|Hippowdon, M|100/100
|-weather|Sandstorm|[from] ability: Sand Stream|[of] p1a: Hippowdon
|
|-weather|Sandstorm|[upkeep]
|-damage|p2a: Zapdos|94/100|[from] Sandstorm
|upkeep
|turn|4
|
|t:|1654165466
|move|p2a: Zapdos|Thunderous Kick|p1a: Hippowdon
|-damage|p1a: Hippowdon|65/100
|-unboost|p1a: Hippowdon|def|1
|move|p1a: Hippowdon|Slack Off|p1a: Hippowdon
|-heal|p1a: Hippowdon|100/100
|
|-weather|Sandstorm|[upkeep]
|-damage|p2a: Zapdos|88/100|[from] Sandstorm
|upkeep
|turn|5
|
|t:|1654165479
|switch|p1a: Mr. Rime|Mr. Rime, F|100/100
|move|p2a: Zapdos|Thunderous Kick|p1a: Mr. Rime
|-damage|p1a: Mr. Rime|7/100
|-unboost|p1a: Mr. Rime|def|1
|
|-weather|Sandstorm|[upkeep]
|-damage|p2a: Zapdos|82/100|[from] Sandstorm
|-damage|p1a: Mr. Rime|0 fnt|[from] Sandstorm
|faint|p1a: Mr. Rime
|upkeep
|
|t:|1654165483
|switch|p1a: Dracozolt|Dracozolt|100/100
|turn|6
|
|t:|1654165495
|switch|p2a: Dragapult|Dragapult, F|100/100
|move|p1a: Dracozolt|Bolt Beak|p2a: Dragapult
|-resisted|p2a: Dragapult
|-damage|p2a: Dragapult|32/100
|-damage|p1a: Dracozolt|91/100|[from] item: Life Orb
|
|-weather|Sandstorm|[upkeep]
|-damage|p2a: Dragapult|26/100|[from] Sandstorm
|upkeep
|turn|7
|
|t:|1654165511
|move|p1a: Dracozolt|Bolt Beak|p2a: Dragapult
|-resisted|p2a: Dragapult
|-damage|p2a: Dragapult|0 fnt
|faint|p2a: Dragapult
|-damage|p1a: Dracozolt|81/100|[from] item: Life Orb
|
|-weather|Sandstorm|[upkeep]
|upkeep
|
|t:|1654165513
|switch|p2a: Regieleki|Regieleki|100/100
|turn|8
|inactive|Thund3y has 120 seconds left.
|inactive|Kaleor has 120 seconds left.
|
|t:|1654165547
|move|p2a: Regieleki|Ancient Power|p1a: Dracozolt
|-damage|p1a: Dracozolt|37/100
|-boost|p2a: Regieleki|atk|1
|-boost|p2a: Regieleki|def|1
|-boost|p2a: Regieleki|spa|1
|-boost|p2a: Regieleki|spd|1
|-boost|p2a: Regieleki|spe|1
|move|p1a: Dracozolt|Bolt Beak|p2a: Regieleki
|-resisted|p2a: Regieleki
|-damage|p2a: Regieleki|66/100
|-damage|p1a: Dracozolt|27/100|[from] item: Life Orb
|
|-weather|Sandstorm|[upkeep]
|-damage|p2a: Regieleki|60/100|[from] Sandstorm
|upkeep
|turn|9
|
|t:|1654165551
|switch|p1a: Hippowdon|Hippowdon, M|100/100
|move|p2a: Regieleki|Ancient Power|p1a: Hippowdon
|-resisted|p1a: Hippowdon
|-damage|p1a: Hippowdon|81/100
|
|-weather|Sandstorm|[upkeep]
|-damage|p2a: Regieleki|54/100|[from] Sandstorm
|upkeep
|turn|10
|
|t:|1654165557
|switch|p2a: Corviknight|Corviknight, F|100/100
|-ability|p2a: Corviknight|Pressure
|move|p1a: Hippowdon|Stealth Rock|p2a: Corviknight
|-sidestart|p2: Kaleor|move: Stealth Rock
|
|-weather|none
|upkeep
|turn|11
|
|t:|1654165561
|move|p2a: Corviknight|Defog|p1a: Hippowdon
|-unboost|p1a: Hippowdon|evasion|1
|-sideend|p2: Kaleor|Stealth Rock|[from] move: Defog|[of] p2a: Corviknight
|move|p1a: Hippowdon|Slack Off|p1a: Hippowdon
|-heal|p1a: Hippowdon|100/100
|
|upkeep
|turn|12
|
|t:|1654165565
|move|p2a: Corviknight|U-turn|p1a: Hippowdon
|-damage|p1a: Hippowdon|93/100
|
|t:|1654165567
|switch|p2a: Zapdos|Zapdos-Galar|82/100|[from]move: U-turn
|move|p1a: Hippowdon|Stealth Rock|p2a: Zapdos
|-sidestart|p2: Kaleor|move: Stealth Rock
|
|upkeep
|turn|13
|
|t:|1654165572
|switch|p1a: Mandibuzz|Mandibuzz, F|88/100
|move|p2a: Zapdos|Thunderous Kick|p1a: Mandibuzz
|-damage|p1a: Mandibuzz|37/100
|-unboost|p1a: Mandibuzz|def|1
|
|upkeep
|turn|14
|
|t:|1654165577
|switch|p1a: Hippowdon|Hippowdon, M|93/100
|-weather|Sandstorm|[from] ability: Sand Stream|[of] p1a: Hippowdon
|move|p2a: Zapdos|Thunderous Kick|p1a: Hippowdon
|-damage|p1a: Hippowdon|58/100
|-unboost|p1a: Hippowdon|def|1
|
|-weather|Sandstorm|[upkeep]
|-damage|p2a: Zapdos|76/100|[from] Sandstorm
|upkeep
|turn|15
|
|t:|1654165580
|switch|p1a: Mandibuzz|Mandibuzz, F|37/100
|move|p2a: Zapdos|Thunderous Kick|p1a: Mandibuzz
|-damage|p1a: Mandibuzz|0 fnt
|faint|p1a: Mandibuzz
|
|-weather|Sandstorm|[upkeep]
|-damage|p2a: Zapdos|69/100|[from] Sandstorm
|upkeep
|
|t:|1654165582
|switch|p1a: Dracozolt|Dracozolt|27/100
|turn|16
|
|t:|1654165586
|switch|p2a: Corviknight|Corviknight, F|100/100
|-damage|p2a: Corviknight|88/100|[from] Stealth Rock
|-ability|p2a: Corviknight|Pressure
|move|p1a: Dracozolt|Bolt Beak|p2a: Corviknight
|-supereffective|p2a: Corviknight
|-damage|p2a: Corviknight|0 fnt
|-damage|p1a: Dracozolt|11/100|[from] item: Rocky Helmet|[of] p2a: Corviknight
|faint|p2a: Corviknight
|-damage|p1a: Dracozolt|1/100|[from] item: Life Orb
|
|-weather|Sandstorm|[upkeep]
|upkeep
|
|t:|1654165592
|switch|p2a: Slowking|Slowking-Galar, M|100/100
|-damage|p2a: Slowking|88/100|[from] Stealth Rock
|turn|17
|
|t:|1654165595
|move|p1a: Dracozolt|Bolt Beak|p2a: Slowking
|-damage|p2a: Slowking|0 fnt
|faint|p2a: Slowking
|-damage|p1a: Dracozolt|0 fnt|[from] item: Life Orb
|faint|p1a: Dracozolt
|
|-weather|Sandstorm|[upkeep]
|upkeep
|
|t:|1654165608
|switch|p1a: Heatran|Heatran, M|100/100
|switch|p2a: Zapdos|Zapdos-Galar|69/100
|-damage|p2a: Zapdos|57/100|[from] Stealth Rock
|-item|p1a: Heatran|Air Balloon
|turn|18
|
|t:|1654165612
|move|p2a: Zapdos|Thunderous Kick|p1a: Heatran
|-supereffective|p1a: Heatran
|-damage|p1a: Heatran|0 fnt
|-enditem|p1a: Heatran|Air Balloon
|faint|p1a: Heatran
|
|-weather|Sandstorm|[upkeep]
|-damage|p2a: Zapdos|51/100|[from] Sandstorm
|upkeep
|
|t:|1654165614
|switch|p1a: Urshifu|Urshifu-Rapid-Strike, F|100/100
|turn|19
|
|t:|1654165622
|switch|p2a: Regieleki|Regieleki|54/100
|-damage|p2a: Regieleki|42/100|[from] Stealth Rock
|move|p1a: Urshifu|Surging Strikes|p2a: Regieleki
|-crit|p2a: Regieleki
|-damage|p2a: Regieleki|1/100
|-crit|p2a: Regieleki
|-damage|p2a: Regieleki|0 fnt
|faint|p2a: Regieleki
|-hitcount|p2: Regieleki|2
|
|-weather|Sandstorm|[upkeep]
|-damage|p1a: Urshifu|94/100|[from] Sandstorm
|upkeep
|
|t:|1654165625
|switch|p2a: Zapdos|Zapdos-Galar|51/100
|-damage|p2a: Zapdos|38/100|[from] Stealth Rock
|turn|20
|
|t:|1654165630
|move|p1a: Urshifu|Surging Strikes|p2a: Zapdos
|-crit|p2a: Zapdos
|-damage|p2a: Zapdos|14/100
|-crit|p2a: Zapdos
|-damage|p2a: Zapdos|0 fnt
|faint|p2a: Zapdos
|-hitcount|p2: Zapdos|2
|
|win|Thund3y
|raw|Thund3y's rating: 1605 &rarr; <strong>1628</strong><br />(+23 for winning)
|raw|Kaleor's rating: 1655 &rarr; <strong>1632</strong><br />(-23 for losing)
|l|☆Kaleor
