|j|☆Porygoulag.
|j|☆JaVpad1spi
|t:|1639604025
|gametype|singles
|player|p1|Porygoulag.|rocketgrunt|
|player|p2|JaVpad1spi|266|
|teamsize|p1|6
|teamsize|p2|6
|gen|8
|tier|[Gen 8] OU
|rule|Sleep Clause Mod: Limit one foe put to sleep
|rule|Species Clause: Limit one of each Pokémon
|rule|OHKO Clause: OHKO moves are banned
|rule|Evasion Moves Clause: Evasion moves are banned
|rule|Endless Battle Clause: Forcing endless battles is banned
|rule|HP Percentage Mod: HP is shown in percentages
|rule|Dynamax Clause: You cannot dynamax
|clearpoke
|poke|p1|Volcarona, F|
|poke|p1|Azelf|
|poke|p1|Kartana|
|poke|p1|Latios, M|
|poke|p1|Scizor, M|
|poke|p1|Polteageist|
|poke|p2|Cresselia, F|
|poke|p2|Bronzong|
|poke|p2|Hatterene, F|
|poke|p2|Marowak-Alola, F|
|poke|p2|Crawdaunt, M|
|poke|p2|Melmetal|
|teampreview
|c|☆JaVpad1spi|gl hf
|c|☆Porygoulag.|gl hf
|
|t:|1639604048
|start
|switch|p1a: Azelf|Azelf|100/100
|switch|p2a: Melmetal|Melmetal|100/100
|turn|1
|
|t:|1639604063
|move|p1a: Azelf|Trick|p2a: Melmetal
|-activate|p1a: Azelf|move: Trick|[of] p2a: Melmetal
|-item|p2a: Melmetal|Choice Scarf|[from] move: Trick
|-item|p1a: Azelf|Life Orb|[from] move: Trick
|move|p2a: Melmetal|Double Iron Bash|p1a: Azelf
|-damage|p1a: Azelf|36/100
|-damage|p1a: Azelf|0 fnt
|faint|p1a: Azelf
|-hitcount|p1: Azelf|2
|
|upkeep
|
|t:|1639604073
|switch|p1a: Kartana|Kartana|100/100
|turn|2
|
|t:|1639604082
|move|p1a: Kartana|Knock Off|p2a: Melmetal
|-damage|p2a: Melmetal|75/100
|-enditem|p2a: Melmetal|Choice Scarf|[from] move: Knock Off|[of] p1a: Kartana
|move|p2a: Melmetal|Double Iron Bash|p1a: Kartana
|-resisted|p1a: Kartana
|-damage|p1a: Kartana|77/100
|-resisted|p1a: Kartana
|-damage|p1a: Kartana|56/100
|-hitcount|p1a: Kartana|2
|
|upkeep
|turn|3
|
|t:|1639604090
|switch|p1a: Scizor|Scizor, M|100/100
|move|p2a: Melmetal|Earthquake|p1a: Scizor
|-crit|p1a: Scizor
|-damage|p1a: Scizor|56/100
|
|upkeep
|turn|4
|c|☆JaVpad1spi|sry
|
|t:|1639604104
|move|p1a: Scizor|U-turn|p2a: Melmetal
|-resisted|p2a: Melmetal
|-damage|p2a: Melmetal|62/100
|-damage|p1a: Scizor|47/100|[from] item: Life Orb
|
|t:|1639604109
|switch|p1a: Latios|Latios, M|100/100|[from]move: U-turn
|move|p2a: Melmetal|Superpower|p1a: Latios
|-resisted|p1a: Latios
|-damage|p1a: Latios|67/100
|-unboost|p2a: Melmetal|atk|1
|-unboost|p2a: Melmetal|def|1
|
|upkeep
|turn|5
|
|t:|1639604122
|switch|p2a: Bronzong|Bronzong|100/100
|move|p1a: Latios|Draco Meteor|p2a: Bronzong
|-resisted|p2a: Bronzong
|-damage|p2a: Bronzong|54/100
|-unboost|p1a: Latios|spa|2
|
|upkeep
|turn|6
|
|t:|1639604134
|switch|p1a: Kartana|Kartana|56/100
|move|p2a: Bronzong|Stealth Rock|p1a: Kartana
|-sidestart|p1: Porygoulag.|move: Stealth Rock
|
|upkeep
|turn|7
|
|t:|1639604141
|move|p1a: Kartana|Knock Off|p2a: Bronzong
|-supereffective|p2a: Bronzong
|-enditem|p2a: Bronzong|Colbur Berry|[eat]
|-enditem|p2a: Bronzong|Colbur Berry|[weaken]
|-damage|p2a: Bronzong|5/100
|move|p2a: Bronzong|Trick Room|p2a: Bronzong
|-fieldstart|move: Trick Room|[of] p2a: Bronzong
|
|upkeep
|turn|8
|
|t:|1639604148
|move|p2a: Bronzong|Explosion|p1a: Kartana
|-resisted|p1a: Kartana
|-damage|p1a: Kartana|21/100
|faint|p2a: Bronzong
|move|p1a: Kartana|Knock Off|p2: Bronzong|[notarget]
|-fail|p1a: Kartana
|
|upkeep
|c|☆JaVpad1spi|en vrai je joue bien la non
|
|t:|1639604158
|switch|p2a: Crawdaunt|Crawdaunt, M|100/100
|turn|9
|c|☆Porygoulag.|oui
|c|☆JaVpad1spi|merci
|
|t:|1639604167
|switch|p1a: Scizor|Scizor, M|47/100
|-damage|p1a: Scizor|34/100|[from] Stealth Rock
|move|p2a: Crawdaunt|Knock Off|p1a: Scizor
|-damage|p1a: Scizor|0 fnt
|-enditem|p1a: Scizor|Life Orb|[from] move: Knock Off|[of] p2a: Crawdaunt
|faint|p1a: Scizor
|-damage|p2a: Crawdaunt|90/100|[from] item: Life Orb
|
|upkeep
|
|t:|1639604172
|switch|p1a: Kartana|Kartana|21/100
|-damage|p1a: Kartana|15/100|[from] Stealth Rock
|turn|10
|
|t:|1639604175
|move|p2a: Crawdaunt|Knock Off|p1a: Kartana
|-damage|p1a: Kartana|0 fnt
|-enditem|p1a: Kartana|Choice Scarf|[from] move: Knock Off|[of] p2a: Crawdaunt
|faint|p1a: Kartana
|-damage|p2a: Crawdaunt|80/100|[from] item: Life Orb
|
|upkeep
|
|t:|1639604187
|switch|p1a: Volcarona|Volcarona, F|100/100
|-damage|p1a: Volcarona|51/100|[from] Stealth Rock
|turn|11
|
|t:|1639604190
|move|p2a: Crawdaunt|Crabhammer|p1a: Volcarona
|-supereffective|p1a: Volcarona
|-damage|p1a: Volcarona|0 fnt
|-status|p2a: Crawdaunt|brn|[from] ability: Flame Body|[of] p1a: Volcarona
|faint|p1a: Volcarona
|-damage|p2a: Crawdaunt|70/100 brn|[from] item: Life Orb
|
|-damage|p2a: Crawdaunt|64/100 brn|[from] brn
|-fieldend|move: Trick Room
|upkeep
|
|t:|1639604193
|switch|p1a: Latios|Latios, M|67/100
|-damage|p1a: Latios|54/100|[from] Stealth Rock
|turn|12
|
|t:|1639604203
|switch|p2a: Cresselia|Cresselia, F|100/100
|move|p1a: Latios|Defog|p2a: Cresselia
|-unboost|p2a: Cresselia|evasion|1
|-sideend|p1: Porygoulag.|Stealth Rock|[from] move: Defog|[of] p1a: Latios
|
|upkeep
|turn|13
|
|t:|1639604206
|switch|p1a: Polteageist|Polteageist|100/100
|move|p2a: Cresselia|Trick Room|p2a: Cresselia
|-fieldstart|move: Trick Room|[of] p2a: Cresselia
|
|upkeep
|turn|14
|
|t:|1639604211
|move|p2a: Cresselia|Toxic|p1a: Polteageist|[miss]
|-miss|p2a: Cresselia|p1a: Polteageist
|move|p1a: Polteageist|Shell Smash|p1a: Polteageist
|-unboost|p1a: Polteageist|def|1
|-unboost|p1a: Polteageist|spd|1
|-boost|p1a: Polteageist|atk|2
|-boost|p1a: Polteageist|spa|2
|-boost|p1a: Polteageist|spe|2
|
|upkeep
|turn|15
|
|t:|1639604214
|move|p2a: Cresselia|Toxic|p1a: Polteageist
|-status|p1a: Polteageist|tox
|move|p1a: Polteageist|Shadow Ball|p2a: Cresselia
|-supereffective|p2a: Cresselia
|-damage|p2a: Cresselia|0 fnt
|faint|p2a: Cresselia
|
|-damage|p1a: Polteageist|94/100 tox|[from] psn
|upkeep
|c|☆JaVpad1spi|ah
|
|t:|1639604219
|switch|p2a: Marowak|Marowak-Alola, F|100/100
|turn|16
|c|☆Porygoulag.|rip
|
|t:|1639604225
|move|p2a: Marowak|Flare Blitz|p1a: Polteageist
|-damage|p1a: Polteageist|0 fnt
|faint|p1a: Polteageist
|
|upkeep
|
|t:|1639604229
|switch|p1a: Latios|Latios, M|54/100
|turn|17
|c|☆Porygoulag.|gg
|c|☆JaVpad1spi|gg
|
|t:|1639604235
|move|p2a: Marowak|Poltergeist|p1a: Latios
|-activate|p1a: Latios|move: Poltergeist|Choice Specs
|-supereffective|p1a: Latios
|-damage|p1a: Latios|0 fnt
|faint|p1a: Latios
|
|win|JaVpad1spi
|l|☆Porygoulag.
