|j|☆I'M AT MY LIMIT!
|j|☆ChipmunkDavy
|t:|1606356622
|player|p1|I'M AT MY LIMIT!|youngcouple-gen4dp|1736
|player|p2|ChipmunkDavy|1|1786
|teamsize|p1|6
|teamsize|p2|6
|gametype|singles
|gen|8
|tier|[Gen 8] OU
|rated|
|clearpoke
|poke|p1|Buzzwole|
|poke|p1|Toxapex, M|
|poke|p1|Dragonite, M|
|poke|p1|Blissey, F|
|poke|p1|Quagsire, M|
|poke|p1|Ferrothorn, M|
|poke|p2|Rillaboom, M|
|poke|p2|Zapdos-Galar|
|poke|p2|Shuckle, M|
|poke|p2|Spectrier|
|poke|p2|Crawdaunt, M|
|poke|p2|Heatran, M|
|rule|Sleep Clause Mod: Limit one foe put to sleep
|rule|Species Clause: Limit one of each Pokémon
|rule|OHKO Clause: OHKO moves are banned
|rule|Evasion Moves Clause: Evasion moves are banned
|rule|Endless Battle Clause: Forcing endless battles is banned
|rule|HP Percentage Mod: HP is shown in percentages
|rule|Dynamax Clause: You cannot dynamax
|teampreview
|inactive|Battle timer is ON: inactive players will automatically lose when time's up. (requested by ChipmunkDavy)
|j| kjlkhfhsw
|
|t:|1606356642
|start
|switch|p1a: Toxapex|Toxapex, M|100/100
|switch|p2a: Shuckle|Shuckle, M|100/100
|turn|1
|
|t:|1606356647
|move|p1a: Toxapex|Scald|p2a: Shuckle
|-supereffective|p2a: Shuckle
|-damage|p2a: Shuckle|80/100
|move|p2a: Shuckle|Sticky Web|p1a: Toxapex
|-sidestart|p1: I'M AT MY LIMIT!|move: Sticky Web
|
|upkeep
|turn|2
|
|t:|1606356660
|move|p1a: Toxapex|Scald|p2a: Shuckle
|-supereffective|p2a: Shuckle
|-damage|p2a: Shuckle|58/100
|move|p2a: Shuckle|Stealth Rock|p1a: Toxapex
|-sidestart|p1: I'M AT MY LIMIT!|move: Stealth Rock
|
|upkeep
|turn|3
|
|t:|1606356664
|move|p1a: Toxapex|Scald|p2a: Shuckle
|-supereffective|p2a: Shuckle
|-damage|p2a: Shuckle|37/100
|-status|p2a: Shuckle|brn
|move|p2a: Shuckle|Encore|p1a: Toxapex
|-start|p1a: Toxapex|Encore
|
|-damage|p2a: Shuckle|31/100 brn|[from] brn
|upkeep
|turn|4
|
|t:|1606356667
|move|p1a: Toxapex|Scald|p2a: Shuckle
|-supereffective|p2a: Shuckle
|-damage|p2a: Shuckle|9/100 brn
|move|p2a: Shuckle|Final Gambit|p1a: Toxapex
|-damage|p1a: Toxapex|94/100
|faint|p2a: Shuckle
|
|upkeep
|j| Vessev
|
|t:|1606356677
|switch|p2a: Rillaboom|Rillaboom, M|100/100
|-fieldstart|move: Grassy Terrain|[from] ability: Grassy Surge|[of] p2a: Rillaboom
|turn|5
|
|t:|1606356681
|move|p2a: Rillaboom|Wood Hammer|p1a: Toxapex
|-damage|p1a: Toxapex|10/100
|-damage|p2a: Rillaboom|76/100|[from] Recoil
|move|p1a: Toxapex|Scald|p2a: Rillaboom
|-resisted|p2a: Rillaboom
|-damage|p2a: Rillaboom|66/100
|
|-heal|p2a: Rillaboom|72/100|[from] Grassy Terrain
|-heal|p1a: Toxapex|16/100|[from] Grassy Terrain
|upkeep
|turn|6
|
|t:|1606356686
|switch|p1a: Ferrothorn|Ferrothorn, M|100/100
|-activate|p1a: Ferrothorn|move: Sticky Web
|-unboost|p1a: Ferrothorn|spe|1
|-damage|p1a: Ferrothorn|94/100|[from] Stealth Rock
|move|p2a: Rillaboom|Wood Hammer|p1a: Ferrothorn
|-resisted|p1a: Ferrothorn
|-damage|p1a: Ferrothorn|76/100
|-damage|p2a: Rillaboom|60/100|[from] ability: Iron Barbs|[of] p1a: Ferrothorn
|-damage|p2a: Rillaboom|54/100|[from] Recoil
|
|-heal|p2a: Rillaboom|60/100|[from] Grassy Terrain
|-heal|p1a: Ferrothorn|83/100|[from] item: Leftovers
|-heal|p1a: Ferrothorn|89/100|[from] Grassy Terrain
|upkeep
|turn|7
|j| ppev
|
|t:|1606356693
|switch|p2a: Heatran|Heatran, M|100/100
|move|p1a: Ferrothorn|Gyro Ball|p2a: Heatran
|-resisted|p2a: Heatran
|-damage|p2a: Heatran|89/100
|
|-heal|p2a: Heatran|96/100|[from] Grassy Terrain
|-heal|p1a: Ferrothorn|95/100|[from] item: Leftovers
|-heal|p1a: Ferrothorn|100/100|[from] Grassy Terrain
|upkeep
|turn|8
|
|t:|1606356698
|switch|p1a: Dragonite|Dragonite, M|100/100
|move|p2a: Heatran|Eruption|p1a: Dragonite
|-resisted|p1a: Dragonite
|-damage|p1a: Dragonite|81/100
|
|-heal|p2a: Heatran|100/100|[from] Grassy Terrain
|upkeep
|turn|9
|
|t:|1606356703
|move|p2a: Heatran|Eruption|p1a: Dragonite
|-resisted|p1a: Dragonite
|-damage|p1a: Dragonite|38/100
|move|p1a: Dragonite|Defog|p2a: Heatran
|-unboost|p2a: Heatran|evasion|1
|-sideend|p1: I'M AT MY LIMIT!|Stealth Rock|[from] move: Defog|[of] p1a: Dragonite
|-sideend|p1: I'M AT MY LIMIT!|Sticky Web|[from] move: Defog|[of] p1a: Dragonite
|-fieldend|move: Grassy Terrain
|
|upkeep
|turn|10
|
|t:|1606356719
|move|p2a: Heatran|Eruption|p1a: Dragonite
|-resisted|p1a: Dragonite
|-damage|p1a: Dragonite|0 fnt
|faint|p1a: Dragonite
|
|upkeep
|
|t:|1606356724
|switch|p1a: Blissey|Blissey, F|100/100
|turn|11
|j| ayckid
|l| ayckid
|
|t:|1606356729
|move|p2a: Heatran|Eruption|p1a: Blissey
|-damage|p1a: Blissey|53/100
|move|p1a: Blissey|Soft-Boiled|p1a: Blissey
|-heal|p1a: Blissey|100/100
|
|upkeep
|turn|12
|
|t:|1606356735
|move|p2a: Heatran|Eruption|p1a: Blissey
|-damage|p1a: Blissey|55/100
|move|p1a: Blissey|Thunder Wave|p2a: Heatran
|-status|p2a: Heatran|par
|
|upkeep
|turn|13
|
|t:|1606356745
|switch|p2a: Zapdos|Zapdos-Galar|100/100
|move|p1a: Blissey|Soft-Boiled|p1a: Blissey
|-heal|p1a: Blissey|100/100
|
|upkeep
|turn|14
|
|t:|1606356752
|switch|p1a: Quagsire|Quagsire, M|100/100
|move|p2a: Zapdos|Brave Bird|p1a: Quagsire
|-damage|p1a: Quagsire|43/100
|-damage|p2a: Zapdos|77/100|[from] Recoil
|
|-heal|p1a: Quagsire|49/100|[from] item: Leftovers
|upkeep
|turn|15
|
|t:|1606356764
|move|p2a: Zapdos|Brave Bird|p1a: Quagsire
|-damage|p1a: Quagsire|0 fnt
|-damage|p2a: Zapdos|58/100|[from] Recoil
|faint|p1a: Quagsire
|
|upkeep
|
|t:|1606356766
|switch|p1a: Toxapex|Toxapex, M|49/100
|turn|16
|
|t:|1606356776
|switch|p1a: Ferrothorn|Ferrothorn, M|100/100
|move|p2a: Zapdos|Brave Bird|p1a: Ferrothorn
|-damage|p1a: Ferrothorn|54/100
|-damage|p2a: Zapdos|45/100|[from] ability: Iron Barbs|[of] p1a: Ferrothorn
|-damage|p2a: Zapdos|29/100|[from] Recoil
|
|-heal|p1a: Ferrothorn|61/100|[from] item: Leftovers
|upkeep
|turn|17
|
|t:|1606356779
|move|p2a: Zapdos|Close Combat|p1a: Ferrothorn
|-supereffective|p1a: Ferrothorn
|-damage|p1a: Ferrothorn|0 fnt
|-unboost|p2a: Zapdos|def|1
|-unboost|p2a: Zapdos|spd|1
|-damage|p2a: Zapdos|16/100|[from] ability: Iron Barbs|[of] p1a: Ferrothorn
|faint|p1a: Ferrothorn
|
|upkeep
|
|t:|1606356782
|switch|p1a: Toxapex|Toxapex, M|83/100
|turn|18
|
|t:|1606356786
|move|p2a: Zapdos|Brave Bird|p1a: Toxapex
|-damage|p1a: Toxapex|35/100
|-damage|p2a: Zapdos|1/100|[from] Recoil
|move|p1a: Toxapex|Scald|p2a: Zapdos
|-damage|p2a: Zapdos|0 fnt
|faint|p2a: Zapdos
|
|upkeep
|
|t:|1606356800
|switch|p2a: Crawdaunt|Crawdaunt, M|100/100
|turn|19
|
|t:|1606356803
|switch|p1a: Buzzwole|Buzzwole|100/100
|move|p2a: Crawdaunt|Crabhammer|p1a: Buzzwole
|-damage|p1a: Buzzwole|58/100
|-damage|p2a: Crawdaunt|84/100|[from] item: Rocky Helmet|[of] p1a: Buzzwole
|-damage|p2a: Crawdaunt|74/100|[from] item: Life Orb
|
|upkeep
|turn|20
|
|t:|1606356815
|switch|p2a: Spectrier|Spectrier|100/100
|move|p1a: Buzzwole|Roost|p1a: Buzzwole
|-heal|p1a: Buzzwole|100/100
|-singleturn|p1a: Buzzwole|move: Roost
|
|upkeep
|turn|21
|
|t:|1606356819
|switch|p2a: Crawdaunt|Crawdaunt, M|74/100
|move|p1a: Buzzwole|Protect||[still]
|-fail|p1a: Buzzwole
|
|upkeep
|turn|22
|
|t:|1606356826
|switch|p2a: Spectrier|Spectrier|100/100
|move|p1a: Buzzwole|Toxic|p2a: Spectrier
|-status|p2a: Spectrier|tox
|
|-damage|p2a: Spectrier|94/100 tox|[from] psn
|upkeep
|turn|23
|
|t:|1606356829
|switch|p2a: Heatran|Heatran, M|100/100 par
|move|p1a: Buzzwole|Protect||[still]
|-fail|p1a: Buzzwole
|
|upkeep
|turn|24
|
|t:|1606356836
|switch|p1a: Toxapex|Toxapex, M|68/100
|move|p2a: Heatran|Eruption|p1a: Toxapex
|-resisted|p1a: Toxapex
|-damage|p1a: Toxapex|14/100
|
|upkeep
|turn|25
|
|t:|1606356844
|switch|p2a: Crawdaunt|Crawdaunt, M|74/100
|switch|p1a: Blissey|Blissey, F|100/100
|
|upkeep
|turn|26
|
|t:|1606356849
|switch|p1a: Buzzwole|Buzzwole|100/100
|move|p2a: Crawdaunt|Crabhammer|p1a: Buzzwole
|-damage|p1a: Buzzwole|52/100
|-damage|p2a: Crawdaunt|58/100|[from] item: Rocky Helmet|[of] p1a: Buzzwole
|-damage|p2a: Crawdaunt|48/100|[from] item: Life Orb
|
|upkeep
|turn|27
|
|t:|1606356853
|move|p1a: Buzzwole|Roost|p1a: Buzzwole
|-heal|p1a: Buzzwole|100/100
|-singleturn|p1a: Buzzwole|move: Roost
|move|p2a: Crawdaunt|Crabhammer|p1a: Buzzwole
|-damage|p1a: Buzzwole|51/100
|-damage|p2a: Crawdaunt|32/100|[from] item: Rocky Helmet|[of] p1a: Buzzwole
|-damage|p2a: Crawdaunt|22/100|[from] item: Life Orb
|
|upkeep
|turn|28
|j| Trailblazer324
|l| Trailblazer324
|
|t:|1606356860
|move|p1a: Buzzwole|Drain Punch|p2a: Crawdaunt
|-supereffective|p2a: Crawdaunt
|-damage|p2a: Crawdaunt|0 fnt
|-heal|p1a: Buzzwole|58/100|[from] drain|[of] p2a: Crawdaunt
|faint|p2a: Crawdaunt
|-ability|p1a: Buzzwole|Beast Boost|boost
|-boost|p1a: Buzzwole|def|1
|
|upkeep
|
|t:|1606356865
|switch|p2a: Heatran|Heatran, M|100/100 par
|turn|29
|
|t:|1606356872
|move|p1a: Buzzwole|Protect|p1a: Buzzwole
|-singleturn|p1a: Buzzwole|Protect
|move|p2a: Heatran|Fire Blast|p1a: Buzzwole
|-activate|p1a: Buzzwole|move: Protect
|
|upkeep
|turn|30
|
|t:|1606356877
|switch|p1a: Blissey|Blissey, F|100/100
|cant|p2a: Heatran|par
|
|upkeep
|turn|31
|
|t:|1606356882
|move|p1a: Blissey|Seismic Toss|p2a: Heatran
|-damage|p2a: Heatran|70/100 par
|move|p2a: Heatran|Fire Blast|p1a: Blissey
|-damage|p1a: Blissey|67/100
|-status|p1a: Blissey|brn
|
|-damage|p1a: Blissey|61/100 brn|[from] brn
|upkeep
|turn|32
|
|t:|1606356890
|switch|p2a: Rillaboom|Rillaboom, M|60/100
|-fieldstart|move: Grassy Terrain|[from] ability: Grassy Surge|[of] p2a: Rillaboom
|move|p1a: Blissey|Soft-Boiled|p1a: Blissey
|-heal|p1a: Blissey|100/100 brn
|
|-heal|p2a: Rillaboom|66/100|[from] Grassy Terrain
|-damage|p1a: Blissey|94/100 brn|[from] brn
|upkeep
|turn|33
|
|t:|1606356896
|switch|p1a: Toxapex|Toxapex, M|47/100
|move|p2a: Rillaboom|U-turn|p1a: Toxapex
|-resisted|p1a: Toxapex
|-damage|p1a: Toxapex|34/100
|
|t:|1606356902
|switch|p2a: Heatran|Heatran, M|70/100 par|[from]move: U-turn
|
|-heal|p2a: Heatran|76/100 par|[from] Grassy Terrain
|-heal|p1a: Toxapex|40/100|[from] Grassy Terrain
|upkeep
|turn|34
|
|t:|1606356905
|switch|p1a: Blissey|Blissey, F|94/100
|cant|p2a: Heatran|par
|
|-heal|p1a: Blissey|100/100|[from] Grassy Terrain
|-heal|p2a: Heatran|82/100 par|[from] Grassy Terrain
|upkeep
|turn|35
|-message|ChipmunkDavy forfeited.
|
|win|I'M AT MY LIMIT!
|l|☆ChipmunkDavy
|l|☆I'M AT MY LIMIT!
|l| kjlkhfhsw
|raw|I&apos;M AT MY LIMIT!'s rating: 1729 &rarr; <strong>1752</strong><br />(+23 for winning)
|raw|ChipmunkDavy's rating: 1786 &rarr; <strong>1763</strong><br />(-23 for losing)
