|j|☆Sombra Diurna
|j|☆nina rosario
|t:|1644578018
|gametype|singles
|player|p1|Sombra Diurna|chili|1708
|player|p2|nina rosario|harlequin|1763
|teamsize|p1|6
|teamsize|p2|6
|gen|8
|tier|[Gen 8] OU
|rated|
|rule|Sleep Clause Mod: Limit one foe put to sleep
|rule|Species Clause: Limit one of each Pokémon
|rule|OHKO Clause: OHKO moves are banned
|rule|Evasion Moves Clause: Evasion moves are banned
|rule|Endless Battle Clause: Forcing endless battles is banned
|rule|HP Percentage Mod: HP is shown in percentages
|rule|Dynamax Clause: You cannot dynamax
|clearpoke
|poke|p1|Slowbro, F|
|poke|p1|Hatterene, F|
|poke|p1|Marowak-Alola, M|
|poke|p1|Ferrothorn, F|
|poke|p1|Garchomp, M|
|poke|p1|Drampa, M|
|poke|p2|Pelipper, F|
|poke|p2|Seismitoad, F|
|poke|p2|Barraskewda, F|
|poke|p2|Ferrothorn, M|
|poke|p2|Urshifu-*, M|
|poke|p2|Zapdos|
|teampreview
|inactive|Battle timer is ON: inactive players will automatically lose when time's up. (requested by nina rosario)
|
|t:|1644578041
|start
|switch|p1a: Thorns|Ferrothorn, F|100/100
|switch|p2a: Barraskewda|Barraskewda, F|100/100
|turn|1
|
|t:|1644578048
|switch|p1a: Sonso|Slowbro, F|100/100
|move|p2a: Barraskewda|Close Combat|p1a: Sonso
|-resisted|p1a: Sonso
|-damage|p1a: Sonso|81/100
|-unboost|p2a: Barraskewda|def|1
|-unboost|p2a: Barraskewda|spd|1
|
|upkeep
|turn|2
|
|t:|1644578055
|switch|p2a: Pelipper|Pelipper, F|100/100
|-weather|RainDance|[from] ability: Drizzle|[of] p2a: Pelipper
|move|p1a: Sonso|Scald|p2a: Pelipper
|-resisted|p2a: Pelipper
|-damage|p2a: Pelipper|73/100
|-status|p2a: Pelipper|brn
|
|-weather|RainDance|[upkeep]
|-damage|p2a: Pelipper|67/100 brn|[from] brn
|upkeep
|turn|3
|
|t:|1644578070
|move|p2a: Pelipper|Scald|p1a: Sonso
|-resisted|p1a: Sonso
|-damage|p1a: Sonso|60/100
|move|p1a: Sonso|Trick Room|p1a: Sonso
|-fieldstart|move: Trick Room|[of] p1a: Sonso
|
|-weather|RainDance|[upkeep]
|-damage|p2a: Pelipper|61/100 brn|[from] brn
|upkeep
|turn|4
|
|t:|1644578078
|switch|p1a: Falko|Drampa, M|100/100
|move|p2a: Pelipper|U-turn|p1a: Falko
|-damage|p1a: Falko|96/100
|
|t:|1644578081
|switch|p2a: Ferrothorn|Ferrothorn, M|100/100|[from]move: U-turn
|
|-weather|RainDance|[upkeep]
|upkeep
|turn|5
|
|t:|1644578086
|move|p1a: Falko|Focus Blast|p2a: Ferrothorn
|-supereffective|p2a: Ferrothorn
|-damage|p2a: Ferrothorn|24/100
|-unboost|p2a: Ferrothorn|spd|1
|-damage|p1a: Falko|86/100|[from] item: Life Orb
|move|p2a: Ferrothorn|Stealth Rock|p1a: Falko
|-sidestart|p1: Sombra Diurna|move: Stealth Rock
|
|-weather|RainDance|[upkeep]
|upkeep
|turn|6
|
|t:|1644578096
|move|p1a: Falko|Hyper Voice|p2a: Ferrothorn
|-resisted|p2a: Ferrothorn
|-damage|p2a: Ferrothorn|0 fnt
|faint|p2a: Ferrothorn
|-damage|p1a: Falko|76/100|[from] item: Life Orb
|
|-weather|RainDance|[upkeep]
|upkeep
|
|t:|1644578102
|switch|p2a: Zapdos|Zapdos|100/100
|turn|7
|
|t:|1644578106
|switch|p1a: Thorns|Ferrothorn, F|100/100
|-damage|p1a: Thorns|94/100|[from] Stealth Rock
|move|p2a: Zapdos|Hurricane|p1a: Thorns
|-damage|p1a: Thorns|67/100
|
|-weather|RainDance|[upkeep]
|-heal|p1a: Thorns|73/100|[from] item: Leftovers
|-fieldend|move: Trick Room
|upkeep
|turn|8
|
|t:|1644578116
|switch|p2a: Urshifu|Urshifu-Rapid-Strike, M|100/100
|move|p1a: Thorns|Stealth Rock|p2a: Urshifu
|-sidestart|p2: nina rosario|move: Stealth Rock
|
|-weather|RainDance|[upkeep]
|-heal|p1a: Thorns|79/100|[from] item: Leftovers
|upkeep
|turn|9
|
|t:|1644578123
|switch|p1a: Sonso|Slowbro, F|93/100
|-damage|p1a: Sonso|81/100|[from] Stealth Rock
|move|p2a: Urshifu|Bulk Up|p2a: Urshifu
|-boost|p2a: Urshifu|atk|1
|-boost|p2a: Urshifu|def|1
|
|-weather|none
|upkeep
|turn|10
|
|t:|1644578130
|move|p2a: Urshifu|Thunder Punch|p1a: Sonso
|-supereffective|p1a: Sonso
|-damage|p1a: Sonso|29/100
|move|p1a: Sonso|Trick Room|p1a: Sonso
|-fieldstart|move: Trick Room|[of] p1a: Sonso
|
|upkeep
|turn|11
|
|t:|1644578137
|switch|p1a: Thorns|Ferrothorn, F|79/100
|-damage|p1a: Thorns|73/100|[from] Stealth Rock
|move|p2a: Urshifu|Surging Strikes|p1a: Thorns
|-resisted|p1a: Thorns
|-crit|p1a: Thorns
|-damage|p1a: Thorns|61/100
|-activate|p1a: Thorns|ability: Iron Barbs
|-activate|p2a: Urshifu|item: Protective Pads
|-resisted|p1a: Thorns
|-crit|p1a: Thorns
|-damage|p1a: Thorns|48/100
|-activate|p1a: Thorns|ability: Iron Barbs
|-activate|p2a: Urshifu|item: Protective Pads
|-resisted|p1a: Thorns
|-crit|p1a: Thorns
|-damage|p1a: Thorns|36/100
|-activate|p1a: Thorns|ability: Iron Barbs
|-activate|p2a: Urshifu|item: Protective Pads
|-hitcount|p1a: Thorns|3
|
|-heal|p1a: Thorns|42/100|[from] item: Leftovers
|upkeep
|turn|12
|
|t:|1644578154
|switch|p2a: Zapdos|Zapdos|100/100
|move|p1a: Thorns|Power Whip|p2a: Zapdos
|-resisted|p2a: Zapdos
|-damage|p2a: Zapdos|85/100
|-status|p1a: Thorns|par|[from] ability: Static|[of] p2a: Zapdos
|
|-heal|p1a: Thorns|49/100 par|[from] item: Leftovers
|upkeep
|turn|13
|j| Byron Gym Leader
|
|t:|1644578166
|switch|p1a: Falko|Drampa, M|76/100
|-damage|p1a: Falko|64/100|[from] Stealth Rock
|move|p2a: Zapdos|Hurricane|p1a: Falko|[miss]
|-miss|p2a: Zapdos|p1a: Falko
|
|upkeep
|turn|14
|
|t:|1644578175
|switch|p1a: Sharpo|Garchomp, M|100/100
|-damage|p1a: Sharpo|94/100|[from] Stealth Rock
|move|p2a: Zapdos|Hurricane|p1a: Sharpo|[miss]
|-miss|p2a: Zapdos|p1a: Sharpo
|
|-heal|p1a: Sharpo|100/100|[from] item: Leftovers
|-fieldend|move: Trick Room
|upkeep
|turn|15
|
|t:|1644578184
|move|p1a: Sharpo|Stone Edge|p2a: Zapdos
|-supereffective|p2a: Zapdos
|-damage|p2a: Zapdos|23/100
|move|p2a: Zapdos|Hurricane|p1a: Sharpo|[miss]
|-miss|p2a: Zapdos|p1a: Sharpo
|
|upkeep
|turn|16
|c|☆Sombra Diurna|sorry
|
|t:|1644578194
|switch|p2a: Seismitoad|Seismitoad, F|100/100
|-damage|p2a: Seismitoad|94/100|[from] Stealth Rock
|move|p1a: Sharpo|Scale Shot|p2a: Seismitoad
|-damage|p2a: Seismitoad|76/100
|-damage|p2a: Seismitoad|58/100
|-crit|p2a: Seismitoad
|-damage|p2a: Seismitoad|34/100
|-damage|p2a: Seismitoad|17/100
|-hitcount|p2a: Seismitoad|4
|-unboost|p1a: Sharpo|def|1
|-boost|p1a: Sharpo|spe|1
|
|upkeep
|turn|17
|
|t:|1644578206
|switch|p2a: Pelipper|Pelipper, F|61/100 brn
|-damage|p2a: Pelipper|36/100 brn|[from] Stealth Rock
|-weather|RainDance|[from] ability: Drizzle|[of] p2a: Pelipper
|move|p1a: Sharpo|Scale Shot|p2a: Pelipper
|-damage|p2a: Pelipper|26/100 brn
|-damage|p2a: Pelipper|17/100 brn
|-damage|p2a: Pelipper|7/100 brn
|-damage|p2a: Pelipper|0 fnt
|faint|p2a: Pelipper
|-hitcount|p2: Pelipper|4
|-unboost|p1a: Sharpo|def|1
|-boost|p1a: Sharpo|spe|1
|
|-weather|RainDance|[upkeep]
|upkeep
|
|t:|1644578212
|switch|p2a: Barraskewda|Barraskewda, F|100/100
|-damage|p2a: Barraskewda|88/100|[from] Stealth Rock
|turn|18
|
|t:|1644578224
|switch|p1a: Thorns|Ferrothorn, F|49/100 par
|-damage|p1a: Thorns|42/100 par|[from] Stealth Rock
|move|p2a: Barraskewda|Flip Turn|p1a: Thorns
|-resisted|p1a: Thorns
|-damage|p1a: Thorns|16/100 par
|-damage|p2a: Barraskewda|76/100|[from] ability: Iron Barbs|[of] p1a: Thorns
|
|t:|1644578230
|switch|p2a: Urshifu|Urshifu-Rapid-Strike, M|100/100|[from]move: Flip Turn
|-damage|p2a: Urshifu|94/100|[from] Stealth Rock
|
|-weather|RainDance|[upkeep]
|-heal|p1a: Thorns|22/100 par|[from] item: Leftovers
|upkeep
|turn|19
|
|t:|1644578237
|move|p2a: Urshifu|Bulk Up|p2a: Urshifu
|-boost|p2a: Urshifu|atk|1
|-boost|p2a: Urshifu|def|1
|cant|p1a: Thorns|par
|
|-weather|RainDance|[upkeep]
|-heal|p1a: Thorns|28/100 par|[from] item: Leftovers
|upkeep
|turn|20
|
|t:|1644578244
|move|p2a: Urshifu|Surging Strikes|p1a: Thorns
|-resisted|p1a: Thorns
|-crit|p1a: Thorns
|-damage|p1a: Thorns|9/100 par
|-activate|p1a: Thorns|ability: Iron Barbs
|-activate|p2a: Urshifu|item: Protective Pads
|-resisted|p1a: Thorns
|-crit|p1a: Thorns
|-damage|p1a: Thorns|0 fnt
|-activate|p1a: Thorns|ability: Iron Barbs
|-activate|p2a: Urshifu|item: Protective Pads
|faint|p1a: Thorns
|-hitcount|p1: Thorns|2
|
|-weather|RainDance|[upkeep]
|upkeep
|
|t:|1644578255
|switch|p1a: Sonso|Slowbro, F|62/100
|-damage|p1a: Sonso|49/100|[from] Stealth Rock
|turn|21
|
|t:|1644578265
|switch|p1a: Sharpo|Garchomp, M|100/100
|-damage|p1a: Sharpo|94/100|[from] Stealth Rock
|move|p2a: Urshifu|Bulk Up|p2a: Urshifu
|-boost|p2a: Urshifu|atk|1
|-boost|p2a: Urshifu|def|1
|
|-weather|RainDance|[upkeep]
|-heal|p1a: Sharpo|100/100|[from] item: Leftovers
|upkeep
|turn|22
|
|t:|1644578281
|move|p1a: Sharpo|Swords Dance|p1a: Sharpo
|-boost|p1a: Sharpo|atk|2
|move|p2a: Urshifu|Bulk Up|p2a: Urshifu
|-boost|p2a: Urshifu|atk|1
|-boost|p2a: Urshifu|def|1
|
|-weather|RainDance|[upkeep]
|upkeep
|turn|23
|
|t:|1644578287
|move|p1a: Sharpo|Earthquake|p2a: Urshifu
|-damage|p2a: Urshifu|54/100
|move|p2a: Urshifu|Surging Strikes|p1a: Sharpo
|-crit|p1a: Sharpo
|-damage|p1a: Sharpo|24/100
|-activate|p1a: Sharpo|ability: Rough Skin
|-activate|p2a: Urshifu|item: Protective Pads
|-crit|p1a: Sharpo
|-damage|p1a: Sharpo|0 fnt
|-activate|p1a: Sharpo|ability: Rough Skin
|-activate|p2a: Urshifu|item: Protective Pads
|faint|p1a: Sharpo
|-hitcount|p1: Sharpo|2
|
|-weather|RainDance|[upkeep]
|upkeep
|
|t:|1644578299
|switch|p1a: Sonso|Slowbro, F|83/100
|-damage|p1a: Sonso|70/100|[from] Stealth Rock
|turn|24
|j| Hajime_chan2
|
|t:|1644578303
|move|p2a: Urshifu|Thunder Punch|p1a: Sonso
|-supereffective|p1a: Sonso
|-damage|p1a: Sonso|0 fnt
|faint|p1a: Sonso
|
|-weather|none
|upkeep
|
|t:|1644578308
|switch|p1a: Hatterene|Hatterene, F|100/100
|-damage|p1a: Hatterene|88/100|[from] Stealth Rock
|turn|25
|j| Qwexsugare
|
|t:|1644578312
|move|p2a: Urshifu|Surging Strikes|p1a: Hatterene
|-crit|p1a: Hatterene
|-damage|p1a: Hatterene|32/100
|-crit|p1a: Hatterene
|-damage|p1a: Hatterene|0 fnt
|faint|p1a: Hatterene
|-hitcount|p1: Hatterene|2
|
|upkeep
|-message|Sombra Diurna forfeited.
|
|win|nina rosario
|raw|Sombra Diurna's rating: 1708 &rarr; <strong>1691</strong><br />(-17 for losing)
|raw|nina rosario's rating: 1763 &rarr; <strong>1780</strong><br />(+17 for winning)
|l|☆Sombra Diurna
|l| Hajime_chan2
