|raw|<div class="broadcast-blue"><strong>This battle is required to be public due to a player having a name starting with 'lt91bb'.</div>
|j|☆LT91BB luna
|j|‽isheavydead
|t:|1658978005
|gametype|singles
|player|p1|LT91BB luna|cowgirl|1864
|player|p2|isheavydead|ballguy|1881
|teamsize|p1|6
|teamsize|p2|6
|gen|8
|tier|[Gen 8] OU
|rated|
|rule|Sleep Clause Mod: Limit one foe put to sleep
|rule|Species Clause: Limit one of each Pokémon
|rule|OHKO Clause: OHKO moves are banned
|rule|Evasion Moves Clause: Evasion moves are banned
|rule|Endless Battle Clause: Forcing endless battles is banned
|rule|HP Percentage Mod: HP is shown in percentages
|rule|Dynamax Clause: You cannot dynamax
|clearpoke
|poke|p1|Tornadus-Therian, M|
|poke|p1|Melmetal|
|poke|p1|Garchomp, F|
|poke|p1|Rillaboom, F|
|poke|p1|Blaziken, F|
|poke|p1|Slowbro, F|
|poke|p2|Corviknight, F|
|poke|p2|Espeon, M|
|poke|p2|Tapu Lele|
|poke|p2|Polteageist|
|poke|p2|Cloyster, F|
|poke|p2|Omastar, M|
|teampreview
|j| Don Grippa
|j| kayflockupnext
|j| For victry
|j| LantheClouds
|
|t:|1658978038
|start
|switch|p1a: Melmetal|Melmetal|100/100
|switch|p2a: Tapu Lele|Tapu Lele|100/100
|-fieldstart|move: Psychic Terrain|[from] ability: Psychic Surge|[of] p2a: Tapu Lele
|turn|1
|
|t:|1658978041
|switch|p1a: Tornadus|Tornadus-Therian, M|100/100
|move|p2a: Tapu Lele|Future Sight|p1a: Tornadus
|-start|p2a: Tapu Lele|move: Future Sight
|
|upkeep
|turn|2
|j| LT91BB ES
|j|+lax
|
|t:|1658978044
|move|p1a: Tornadus|Knock Off|p2a: Tapu Lele
|-damage|p2a: Tapu Lele|67/100
|-enditem|p2a: Tapu Lele|Terrain Extender|[from] move: Knock Off|[of] p1a: Tornadus
|move|p2a: Tapu Lele|Thunderbolt|p1a: Tornadus
|-supereffective|p1a: Tornadus
|-damage|p1a: Tornadus|39/100
|
|upkeep
|turn|3
|j| samurott champloo
|inactive|Battle timer is ON: inactive players will automatically lose when time's up. (requested by LT91BB luna)
|
|t:|1658978061
|move|p1a: Tornadus|U-turn|p2a: Tapu Lele
|-damage|p2a: Tapu Lele|45/100
|
|t:|1658978063
|switch|p1a: Slowbro|Slowbro, F|100/100|[from]move: U-turn
|move|p2a: Tapu Lele|Moonblast|p1a: Slowbro
|-damage|p1a: Slowbro|57/100
|-unboost|p1a: Slowbro|spa|1
|
|-end|p1a: Slowbro|move: Future Sight
|-resisted|p1a: Slowbro
|-damage|p1a: Slowbro|17/100
|upkeep
|turn|4
|
|t:|1658978068
|switch|p1a: Rillaboom|Rillaboom, F|100/100
|-fieldstart|move: Grassy Terrain|[from] ability: Grassy Surge|[of] p1a: Rillaboom
|move|p2a: Tapu Lele|Moonblast|p1a: Rillaboom
|-damage|p1a: Rillaboom|41/100
|
|-heal|p2a: Tapu Lele|51/100|[from] Grassy Terrain
|-heal|p1a: Rillaboom|47/100|[from] Grassy Terrain
|-heal|p1a: Rillaboom|53/100|[from] item: Leftovers
|upkeep
|turn|5
|
|t:|1658978072
|move|p1a: Rillaboom|Grassy Glide|p2a: Tapu Lele
|-damage|p2a: Tapu Lele|0 fnt
|faint|p2a: Tapu Lele
|
|-heal|p1a: Rillaboom|59/100|[from] Grassy Terrain
|-heal|p1a: Rillaboom|65/100|[from] item: Leftovers
|upkeep
|j|+AM
|j| D Great Dane
|
|t:|1658978076
|switch|p2a: Omastar|Omastar, M|100/100
|turn|6
|
|t:|1658978082
|move|p1a: Rillaboom|Grassy Glide|p2a: Omastar
|-supereffective|p2a: Omastar
|-enditem|p2a: Omastar|Focus Sash
|-damage|p2a: Omastar|1/100
|-ability|p2a: Omastar|Weak Armor|boost
|-unboost|p2a: Omastar|def|1
|-boost|p2a: Omastar|spe|2
|move|p2a: Omastar|Ice Beam|p1a: Rillaboom
|-supereffective|p1a: Rillaboom
|-damage|p1a: Rillaboom|0 fnt
|faint|p1a: Rillaboom
|
|-heal|p2a: Omastar|7/100|[from] Grassy Terrain
|upkeep
|j| CALL THE CREW
|
|t:|1658978087
|switch|p1a: Melmetal|Melmetal|100/100
|turn|7
|j| Luthier
|
|t:|1658978091
|move|p2a: Omastar|Earth Power|p1a: Melmetal
|-supereffective|p1a: Melmetal
|-damage|p1a: Melmetal|44/100
|-unboost|p1a: Melmetal|spd|1
|move|p1a: Melmetal|Earthquake|p2a: Omastar
|-supereffective|p2a: Omastar
|-crit|p2a: Omastar
|-damage|p2a: Omastar|0 fnt
|faint|p2a: Omastar
|
|-heal|p1a: Melmetal|50/100|[from] Grassy Terrain
|-heal|p1a: Melmetal|56/100|[from] item: Leftovers
|upkeep
|
|t:|1658978093
|switch|p2a: Espeon|Espeon, M|100/100
|turn|8
|j| LT91BB cuzzie
|c| Luthier|sup luna
|
|t:|1658978096
|switch|p1a: Slowbro|Slowbro, F|50/100
|move|p2a: Espeon|Yawn|p1a: Slowbro
|-start|p1a: Slowbro|move: Yawn|[of] p2a: Espeon
|
|-heal|p1a: Slowbro|56/100|[from] Grassy Terrain
|-fieldend|move: Grassy Terrain
|upkeep
|turn|9
|
|t:|1658978098
|move|p2a: Espeon|Calm Mind|p2a: Espeon
|-boost|p2a: Espeon|spa|1
|-boost|p2a: Espeon|spd|1
|move|p1a: Slowbro|Teleport|p1a: Slowbro
|j| LT91BB BBats
|l| LT91BB BBats
|
|t:|1658978108
|switch|p1a: Garchomp|Garchomp, F|100/100|[from]move: Teleport
|
|upkeep
|turn|10
|
|t:|1658978112
|move|p2a: Espeon|Yawn|p1a: Garchomp
|-start|p1a: Garchomp|move: Yawn|[of] p2a: Espeon
|move|p1a: Garchomp|Earthquake|p2a: Espeon
|-damage|p2a: Espeon|14/100
|-enditem|p2a: Espeon|Eject Button
|
|t:|1658978115
|switch|p2a: Polteageist|Polteageist|100/100
|
|upkeep
|turn|11
|j| uu12 smash
|
|t:|1658978122
|move|p1a: Garchomp|Toxic|p2a: Polteageist
|-status|p2a: Polteageist|tox
|move|p2a: Polteageist|Shell Smash|p2a: Polteageist
|-unboost|p2a: Polteageist|def|1
|-unboost|p2a: Polteageist|spd|1
|-boost|p2a: Polteageist|atk|2
|-boost|p2a: Polteageist|spa|2
|-boost|p2a: Polteageist|spe|2
|
|-damage|p2a: Polteageist|94/100 tox|[from] psn
|-end|p1a: Garchomp|move: Yawn|[silent]
|-status|p1a: Garchomp|slp
|upkeep
|turn|12
|
|t:|1658978133
|cant|p1a: Garchomp|slp
|move|p2a: Polteageist|Shell Smash|p2a: Polteageist
|-unboost|p2a: Polteageist|def|1
|-unboost|p2a: Polteageist|spd|1
|-boost|p2a: Polteageist|atk|2
|-boost|p2a: Polteageist|spa|2
|-boost|p2a: Polteageist|spe|2
|
|-damage|p2a: Polteageist|82/100 tox|[from] psn
|upkeep
|turn|13
|j| gyeonggido
|
|t:|1658978136
|cant|p1a: Garchomp|slp
|move|p2a: Polteageist|Stored Power|p1a: Garchomp
|-damage|p1a: Garchomp|0 fnt
|faint|p1a: Garchomp
|
|-damage|p2a: Polteageist|64/100 tox|[from] psn
|upkeep
|
|t:|1658978138
|switch|p1a: Melmetal|Melmetal|56/100
|turn|14
|
|t:|1658978140
|move|p1a: Melmetal|Protect|p1a: Melmetal
|-singleturn|p1a: Melmetal|Protect
|move|p2a: Polteageist|Stored Power|p1a: Melmetal
|-activate|p1a: Melmetal|move: Protect
|
|-heal|p1a: Melmetal|62/100|[from] item: Leftovers
|-damage|p2a: Polteageist|39/100 tox|[from] psn
|upkeep
|turn|15
|j|+zee
|
|t:|1658978143
|switch|p1a: Slowbro|Slowbro, F|89/100
|move|p2a: Polteageist|Stored Power|p1a: Slowbro
|-resisted|p1a: Slowbro
|-damage|p1a: Slowbro|0 fnt
|faint|p1a: Slowbro
|
|-damage|p2a: Polteageist|9/100 tox|[from] psn
|upkeep
|
|t:|1658978145
|switch|p1a: Melmetal|Melmetal|62/100
|turn|16
|j| surfnbird
|
|t:|1658978147
|switch|p2a: Corviknight|Corviknight, F|100/100
|-ability|p2a: Corviknight|Pressure
|move|p1a: Melmetal|Protect||[still]
|-fail|p1a: Melmetal
|
|-heal|p1a: Melmetal|68/100|[from] item: Leftovers
|upkeep
|turn|17
|
|t:|1658978149
|switch|p1a: Tornadus|Tornadus-Therian, M|72/100
|move|p2a: Corviknight|Substitute|p2a: Corviknight
|-start|p2a: Corviknight|Substitute
|-damage|p2a: Corviknight|75/100
|
|-heal|p2a: Corviknight|82/100|[from] item: Leftovers
|upkeep
|turn|18
|
|t:|1658978152
|move|p1a: Tornadus|Heat Wave|p2a: Corviknight
|-supereffective|p2a: Corviknight
|-end|p2a: Corviknight|Substitute
|move|p2a: Corviknight|Brave Bird|p1a: Tornadus
|-damage|p1a: Tornadus|32/100
|-damage|p2a: Corviknight|70/100|[from] Recoil
|
|-heal|p2a: Corviknight|76/100|[from] item: Leftovers
|upkeep
|turn|19
|j| asdlkjfh
|
|t:|1658978159
|switch|p2a: Polteageist|Polteageist|9/100 tox
|move|p1a: Tornadus|Knock Off|p2a: Polteageist
|-supereffective|p2a: Polteageist
|-damage|p2a: Polteageist|0 fnt
|-enditem|p2a: Polteageist|Focus Sash|[from] move: Knock Off|[of] p1a: Tornadus
|faint|p2a: Polteageist
|
|upkeep
|j| not mb
|j| thatoneguy5777
|l| D Great Dane
|
|t:|1658978177
|switch|p2a: Cloyster|Cloyster, F|100/100
|turn|20
|
|t:|1658978179
|move|p1a: Tornadus|Heat Wave|p2a: Cloyster
|-damage|p2a: Cloyster|42/100
|move|p2a: Cloyster|Shell Smash|p2a: Cloyster
|-unboost|p2a: Cloyster|def|1
|-unboost|p2a: Cloyster|spd|1
|-boost|p2a: Cloyster|atk|2
|-boost|p2a: Cloyster|spa|2
|-boost|p2a: Cloyster|spe|2
|
|upkeep
|turn|21
|
|t:|1658978182
|move|p2a: Cloyster|Icicle Spear|p1a: Tornadus
|-supereffective|p1a: Tornadus
|-damage|p1a: Tornadus|0 fnt
|faint|p1a: Tornadus
|-hitcount|p1: Tornadus|1
|
|upkeep
|
|t:|1658978184
|switch|p1a: Melmetal|Melmetal|68/100
|turn|22
|
|t:|1658978186
|move|p2a: Cloyster|Liquidation|p1a: Melmetal
|-damage|p1a: Melmetal|25/100
|move|p1a: Melmetal|Double Iron Bash|p2a: Cloyster
|-damage|p2a: Cloyster|0 fnt
|faint|p2a: Cloyster
|-hitcount|p2: Cloyster|1
|
|-heal|p1a: Melmetal|31/100|[from] item: Leftovers
|upkeep
|
|t:|1658978188
|switch|p2a: Corviknight|Corviknight, F|76/100
|-ability|p2a: Corviknight|Pressure
|turn|23
|
|t:|1658978191
|switch|p1a: Blaziken|Blaziken, F|100/100
|move|p2a: Corviknight|Bulk Up|p2a: Corviknight
|-boost|p2a: Corviknight|atk|1
|-boost|p2a: Corviknight|def|1
|
|-heal|p2a: Corviknight|82/100|[from] item: Leftovers
|upkeep
|turn|24
|
|t:|1658978194
|move|p1a: Blaziken|Flare Blitz|p2a: Corviknight
|-supereffective|p2a: Corviknight
|-damage|p2a: Corviknight|12/100
|-damage|p1a: Blaziken|70/100|[from] Recoil
|move|p2a: Corviknight|Brave Bird|p1a: Blaziken
|-supereffective|p1a: Blaziken
|-damage|p1a: Blaziken|0 fnt
|faint|p1a: Blaziken
|-damage|p2a: Corviknight|0 fnt|[from] Recoil
|faint|p2a: Corviknight
|
|upkeep
|j| dina maghreb
|
|t:|1658978198
|switch|p1a: Melmetal|Melmetal|31/100
|switch|p2a: Espeon|Espeon, M|14/100
|turn|25
|c| kayflockupnext|wait why not sub on melmetal
|
|t:|1658978208
|move|p2a: Espeon|Calm Mind|p2a: Espeon
|-boost|p2a: Espeon|spa|1
|-boost|p2a: Espeon|spd|1
|move|p1a: Melmetal|Double Iron Bash|p2a: Espeon
|-damage|p2a: Espeon|0 fnt
|faint|p2a: Espeon
|-hitcount|p2: Espeon|1
|
|win|LT91BB luna
|raw|LT91BB luna's rating: 1864 &rarr; <strong>1885</strong><br />(+21 for winning)
|raw|isheavydead's rating: 1889 &rarr; <strong>1868</strong><br />(-21 for losing)
|l| asdlkjfh
|l| kayflockupnext
|l|☆LT91BB luna
|l|+AM
|l| samurott champloo
|l|+lax
|l| surfnbird
|j|☆LT91BB luna
|player|p1|LT91BB luna|cowgirl
|l|☆LT91BB luna
|player|p1|
|l| thatoneguy5777
|j| isza
|l| For victry
|l| Don Grippa
|l| uu12 smash
|j| confusien
|j| surfnbird
|l| confusien
||Ladder isn't responding, score probably updated but might not have (Request timeout).
|l| surfnbird
|l| dina maghreb
|l|‽isheavydead
|l| LantheClouds
|l| LT91BB cuzzie
|l| LT91BB ES
