|j|☆galarian dragapult
|j|☆gotsnsd
|t:|1663834837
|gametype|singles
|player|p1|galarian dragapult|zinzolin|1681
|player|p2|gotsnsd|beauty-gen2jp|1661
|teamsize|p1|6
|teamsize|p2|6
|gen|8
|tier|[Gen 8] OU
|rated|
|rule|Sleep Clause Mod: Limit one foe put to sleep
|rule|Species Clause: Limit one of each Pokémon
|rule|OHKO Clause: OHKO moves are banned
|rule|Evasion Items Clause: Evasion items are banned
|rule|Evasion Moves Clause: Evasion moves are banned
|rule|Endless Battle Clause: Forcing endless battles is banned
|rule|HP Percentage Mod: HP is shown in percentages
|rule|Dynamax Clause: You cannot dynamax
|clearpoke
|poke|p1|Corviknight, M|
|poke|p1|Dragapult, F|
|poke|p1|Blissey, F|
|poke|p1|Victini|
|poke|p1|Tapu Fini|
|poke|p1|Nidoking, M|
|poke|p2|Nidoking, M|
|poke|p2|Dragapult, F|
|poke|p2|Clefable, F|
|poke|p2|Slowking, M|
|poke|p2|Kartana|
|poke|p2|Rotom-Heat|
|teampreview
|inactive|Battle timer is ON: inactive players will automatically lose when time's up. (requested by gotsnsd)
|inactive|galarian dragapult has 120 seconds left.
|
|t:|1663834911
|start
|switch|p1a: Tapu Fini|Tapu Fini|100/100
|switch|p2a: Dragapult|Dragapult, F|100/100
|-fieldstart|move: Misty Terrain|[from] ability: Misty Surge|[of] p1a: Tapu Fini
|turn|1
|
|t:|1663834930
|switch|p2a: Slowking|Slowking, M|100/100
|move|p1a: Tapu Fini|Trick|p2a: Slowking
|-activate|p1a: Tapu Fini|move: Trick|[of] p2a: Slowking
|-item|p2a: Slowking|Choice Scarf|[from] move: Trick
|-item|p1a: Tapu Fini|Shed Shell|[from] move: Trick
|
|upkeep
|turn|2
|
|t:|1663834953
|switch|p1a: Blissey|Blissey, F|100/100
|move|p2a: Slowking|Teleport|p2a: Slowking
|
|t:|1663834964
|switch|p2a: Clefable|Clefable, F|100/100|[from]move: Teleport
|
|upkeep
|turn|3
|
|t:|1663834966
|move|p2a: Clefable|Stealth Rock|p1a: Blissey
|-sidestart|p1: galarian dragapult|move: Stealth Rock
|move|p1a: Blissey|Stealth Rock|p2a: Clefable
|-sidestart|p2: gotsnsd|move: Stealth Rock
|
|upkeep
|turn|4
|
|t:|1663834971
|move|p2a: Clefable|Knock Off|p1a: Blissey
|-damage|p1a: Blissey|87/100
|-enditem|p1a: Blissey|Heavy-Duty Boots|[from] move: Knock Off|[of] p2a: Clefable
|move|p1a: Blissey|Seismic Toss|p2a: Clefable
|-damage|p2a: Clefable|75/100
|
|-heal|p2a: Clefable|81/100|[from] item: Leftovers
|upkeep
|turn|5
|
|t:|1663834977
|switch|p2a: Dragapult|Dragapult, F|100/100
|-damage|p2a: Dragapult|88/100|[from] Stealth Rock
|move|p1a: Blissey|Seismic Toss|p2a: Dragapult
|-immune|p2a: Dragapult
|
|-fieldend|Misty Terrain
|upkeep
|turn|6
|
|t:|1663834984
|switch|p1a: Corviknight|Corviknight, M|100/100
|-damage|p1a: Corviknight|88/100|[from] Stealth Rock
|-ability|p1a: Corviknight|Pressure
|move|p2a: Dragapult|U-turn|p1a: Corviknight
|-resisted|p1a: Corviknight
|-damage|p1a: Corviknight|83/100
|-damage|p2a: Dragapult|72/100|[from] item: Rocky Helmet|[of] p1a: Corviknight
|
|t:|1663834991
|switch|p2a: Rotom|Rotom-Heat|100/100|[from]move: U-turn
|
|upkeep
|turn|7
|
|t:|1663835009
|switch|p2a: Dragapult|Dragapult, F|72/100
|-damage|p2a: Dragapult|59/100|[from] Stealth Rock
|switch|p1a: Blissey|Blissey, F|87/100
|-damage|p1a: Blissey|74/100|[from] Stealth Rock
|
|upkeep
|turn|8
|
|t:|1663835020
|switch|p1a: Tapu Fini|Tapu Fini|100/100
|-damage|p1a: Tapu Fini|88/100|[from] Stealth Rock
|-fieldstart|move: Misty Terrain|[from] ability: Misty Surge|[of] p1a: Tapu Fini
|move|p2a: Dragapult|U-turn|p1a: Tapu Fini
|-resisted|p1a: Tapu Fini
|-damage|p1a: Tapu Fini|76/100
|
|t:|1663835038
|switch|p2a: Rotom|Rotom-Heat|100/100|[from]move: U-turn
|
|upkeep
|turn|9
|
|t:|1663835046
|switch|p1a: Blissey|Blissey, F|74/100
|-damage|p1a: Blissey|62/100|[from] Stealth Rock
|move|p2a: Rotom|Discharge|p1a: Blissey
|-damage|p1a: Blissey|51/100
|
|upkeep
|turn|10
|
|t:|1663835060
|switch|p2a: Kartana|Kartana|100/100
|-damage|p2a: Kartana|94/100|[from] Stealth Rock
|move|p1a: Blissey|Soft-Boiled|p1a: Blissey
|-heal|p1a: Blissey|100/100
|
|upkeep
|turn|11
|
|t:|1663835068
|switch|p1a: Corviknight|Corviknight, M|83/100
|-damage|p1a: Corviknight|71/100|[from] Stealth Rock
|-ability|p1a: Corviknight|Pressure
|move|p2a: Kartana|Sacred Sword|p1a: Corviknight
|-damage|p1a: Corviknight|46/100
|-damage|p2a: Kartana|78/100|[from] item: Rocky Helmet|[of] p1a: Corviknight
|
|upkeep
|turn|12
|
|t:|1663835084
|switch|p2a: Slowking|Slowking, M|100/100
|-damage|p2a: Slowking|88/100|[from] Stealth Rock
|move|p1a: Corviknight|Roost|p1a: Corviknight
|-heal|p1a: Corviknight|96/100
|-singleturn|p1a: Corviknight|move: Roost
|
|-fieldend|Misty Terrain
|upkeep
|turn|13
|
|t:|1663835111
|move|p1a: Corviknight|Defog|p2a: Slowking
|-unboost|p2a: Slowking|evasion|1
|-sideend|p2: gotsnsd|Stealth Rock|[from] move: Defog|[of] p1a: Corviknight
|-sideend|p1: galarian dragapult|Stealth Rock|[from] move: Defog|[of] p1a: Corviknight
|move|p2a: Slowking|Future Sight|p1a: Corviknight
|-start|p2a: Slowking|move: Future Sight
|
|upkeep
|turn|14
|
|t:|1663835120
|switch|p2a: Clefable|Clefable, F|81/100
|move|p1a: Corviknight|U-turn|p2a: Clefable
|-resisted|p2a: Clefable
|-damage|p2a: Clefable|75/100
|
|t:|1663835128
|switch|p1a: Dragapult|Dragapult, F|100/100|[from]move: U-turn
|
|-heal|p2a: Clefable|81/100|[from] item: Leftovers
|upkeep
|turn|15
|
|t:|1663835135
|move|p1a: Dragapult|U-turn|p2a: Clefable
|-resisted|p2a: Clefable
|-damage|p2a: Clefable|64/100
|
|t:|1663835137
|switch|p1a: Corviknight|Corviknight, M|96/100|[from]move: U-turn
|-ability|p1a: Corviknight|Pressure
|move|p2a: Clefable|Soft-Boiled|p2a: Clefable
|-heal|p2a: Clefable|100/100
|
|-end|p1a: Corviknight|move: Future Sight
|-resisted|p1a: Corviknight
|-damage|p1a: Corviknight|75/100
|upkeep
|turn|16
|
|t:|1663835145
|move|p2a: Clefable|Stealth Rock|p1a: Corviknight
|-sidestart|p1: galarian dragapult|move: Stealth Rock
|move|p1a: Corviknight|Body Press|p2a: Clefable
|-resisted|p2a: Clefable
|-damage|p2a: Clefable|89/100
|
|-heal|p2a: Clefable|95/100|[from] item: Leftovers
|upkeep
|turn|17
|
|t:|1663835149
|move|p2a: Clefable|Knock Off|p1a: Corviknight
|-damage|p1a: Corviknight|66/100
|-enditem|p1a: Corviknight|Rocky Helmet|[from] move: Knock Off|[of] p2a: Clefable
|move|p1a: Corviknight|Defog|p2a: Clefable
|-unboost|p2a: Clefable|evasion|1
|-sideend|p1: galarian dragapult|Stealth Rock|[from] move: Defog|[of] p1a: Corviknight
|
|-heal|p2a: Clefable|100/100|[from] item: Leftovers
|upkeep
|turn|18
|
|t:|1663835154
|move|p2a: Clefable|Stealth Rock|p1a: Corviknight
|-sidestart|p1: galarian dragapult|move: Stealth Rock
|move|p1a: Corviknight|Roost|p1a: Corviknight
|-heal|p1a: Corviknight|100/100
|-singleturn|p1a: Corviknight|move: Roost
|
|upkeep
|turn|19
|
|t:|1663835158
|switch|p2a: Slowking|Slowking, M|100/100
|move|p1a: Corviknight|Defog|p2a: Slowking
|-unboost|p2a: Slowking|evasion|1
|-sideend|p1: galarian dragapult|Stealth Rock|[from] move: Defog|[of] p1a: Corviknight
|
|upkeep
|turn|20
|
|t:|1663835161
|move|p1a: Corviknight|U-turn|p2a: Slowking
|-supereffective|p2a: Slowking
|-damage|p2a: Slowking|72/100
|
|t:|1663835164
|switch|p1a: Blissey|Blissey, F|100/100|[from]move: U-turn
|move|p2a: Slowking|Future Sight|p1a: Blissey
|-start|p2a: Slowking|move: Future Sight
|
|upkeep
|turn|21
|
|t:|1663835175
|switch|p2a: Dragapult|Dragapult, F|59/100
|move|p1a: Blissey|Stealth Rock|p2a: Dragapult
|-sidestart|p2: gotsnsd|move: Stealth Rock
|
|upkeep
|turn|22
|
|t:|1663835180
|move|p2a: Dragapult|U-turn|p1a: Blissey
|-damage|p1a: Blissey|70/100
|
|t:|1663835186
|switch|p2a: Rotom|Rotom-Heat|100/100|[from]move: U-turn
|move|p1a: Blissey|Soft-Boiled|p1a: Blissey
|-heal|p1a: Blissey|100/100
|
|-end|p1a: Blissey|move: Future Sight
|-damage|p1a: Blissey|86/100
|upkeep
|turn|23
|
|t:|1663835190
|move|p2a: Rotom|Defog|p1a: Blissey
|-unboost|p1a: Blissey|evasion|1
|-sideend|p2: gotsnsd|Stealth Rock|[from] move: Defog|[of] p2a: Rotom
|move|p1a: Blissey|Toxic|p2a: Rotom
|-status|p2a: Rotom|tox
|
|-damage|p2a: Rotom|95/100 tox|[from] psn
|upkeep
|turn|24
|
|t:|1663835204
|switch|p2a: Clefable|Clefable, F|100/100
|move|p1a: Blissey|Stealth Rock|p2a: Clefable
|-sidestart|p2: gotsnsd|move: Stealth Rock
|
|upkeep
|turn|25
|
|t:|1663835207
|switch|p1a: Corviknight|Corviknight, M|100/100
|-ability|p1a: Corviknight|Pressure
|move|p2a: Clefable|Stealth Rock|p1a: Corviknight
|-sidestart|p1: galarian dragapult|move: Stealth Rock
|
|upkeep
|turn|26
|
|t:|1663835210
|move|p2a: Clefable|Moonblast|p1a: Corviknight
|-resisted|p1a: Corviknight
|-damage|p1a: Corviknight|85/100
|move|p1a: Corviknight|Defog|p2a: Clefable
|-unboost|p2a: Clefable|evasion|1
|-sideend|p2: gotsnsd|Stealth Rock|[from] move: Defog|[of] p1a: Corviknight
|-sideend|p1: galarian dragapult|Stealth Rock|[from] move: Defog|[of] p1a: Corviknight
|
|upkeep
|turn|27
|
|t:|1663835222
|move|p2a: Clefable|Stealth Rock|p1a: Corviknight
|-sidestart|p1: galarian dragapult|move: Stealth Rock
|move|p1a: Corviknight|Body Press|p2a: Clefable
|-resisted|p2a: Clefable
|-damage|p2a: Clefable|90/100
|
|-heal|p2a: Clefable|96/100|[from] item: Leftovers
|upkeep
|turn|28
|
|t:|1663835229
|switch|p2a: Dragapult|Dragapult, F|59/100
|move|p1a: Corviknight|Defog|p2a: Dragapult
|-fail|p2a: Dragapult|unboost|[from] ability: Clear Body|[of] p2a: Dragapult
|-sideend|p1: galarian dragapult|Stealth Rock|[from] move: Defog|[of] p1a: Corviknight
|
|upkeep
|turn|29
|
|t:|1663835235
|switch|p1a: Blissey|Blissey, F|86/100
|move|p2a: Dragapult|U-turn|p1a: Blissey
|-damage|p1a: Blissey|56/100
|
|t:|1663835246
|switch|p2a: Kartana|Kartana|78/100|[from]move: U-turn
|
|upkeep
|turn|30
|
|t:|1663835258
|switch|p2a: Nidoking|Nidoking, M|100/100
|switch|p1a: Corviknight|Corviknight, M|85/100
|-ability|p1a: Corviknight|Pressure
|
|upkeep
|turn|31
|
|t:|1663835267
|switch|p2a: Dragapult|Dragapult, F|59/100
|switch|p1a: Blissey|Blissey, F|56/100
|
|upkeep
|turn|32
|
|t:|1663835271
|switch|p1a: Corviknight|Corviknight, M|85/100
|-ability|p1a: Corviknight|Pressure
|move|p2a: Dragapult|U-turn|p1a: Corviknight
|-resisted|p1a: Corviknight
|-damage|p1a: Corviknight|80/100
|
|t:|1663835280
|switch|p2a: Nidoking|Nidoking, M|100/100|[from]move: U-turn
|
|upkeep
|turn|33
|
|t:|1663835292
|switch|p1a: Blissey|Blissey, F|56/100
|move|p2a: Nidoking|Flamethrower|p1a: Blissey
|-damage|p1a: Blissey|40/100
|
|upkeep
|turn|34
|
|t:|1663835296
|switch|p2a: Dragapult|Dragapult, F|59/100
|move|p1a: Blissey|Soft-Boiled|p1a: Blissey
|-heal|p1a: Blissey|90/100
|
|upkeep
|turn|35
|
|t:|1663835300
|switch|p1a: Corviknight|Corviknight, M|80/100
|-ability|p1a: Corviknight|Pressure
|move|p2a: Dragapult|U-turn|p1a: Corviknight
|-resisted|p1a: Corviknight
|-damage|p1a: Corviknight|76/100
|
|t:|1663835302
|switch|p2a: Nidoking|Nidoking, M|100/100|[from]move: U-turn
|
|upkeep
|turn|36
|
|t:|1663835310
|switch|p1a: Blissey|Blissey, F|90/100
|move|p2a: Nidoking|Ice Beam|p1a: Blissey
|-damage|p1a: Blissey|75/100
|
|upkeep
|turn|37
|
|t:|1663835320
|switch|p2a: Clefable|Clefable, F|96/100
|move|p1a: Blissey|Stealth Rock|p2a: Clefable
|-sidestart|p2: gotsnsd|move: Stealth Rock
|
|-heal|p2a: Clefable|100/100|[from] item: Leftovers
|upkeep
|turn|38
|
|t:|1663835325
|switch|p1a: Corviknight|Corviknight, M|76/100
|-ability|p1a: Corviknight|Pressure
|move|p2a: Clefable|Stealth Rock|p1a: Corviknight
|-sidestart|p1: galarian dragapult|move: Stealth Rock
|
|upkeep
|turn|39
|
|t:|1663835330
|move|p2a: Clefable|Moonblast|p1a: Corviknight
|-resisted|p1a: Corviknight
|-damage|p1a: Corviknight|60/100
|-unboost|p1a: Corviknight|spa|1
|move|p1a: Corviknight|Defog|p2a: Clefable
|-unboost|p2a: Clefable|evasion|1
|-sideend|p2: gotsnsd|Stealth Rock|[from] move: Defog|[of] p1a: Corviknight
|-sideend|p1: galarian dragapult|Stealth Rock|[from] move: Defog|[of] p1a: Corviknight
|
|upkeep
|turn|40
|
|t:|1663835336
|switch|p2a: Nidoking|Nidoking, M|100/100
|move|p1a: Corviknight|Roost|p1a: Corviknight
|-heal|p1a: Corviknight|100/100
|-singleturn|p1a: Corviknight|move: Roost
|
|upkeep
|turn|41
|
|t:|1663835340
|switch|p1a: Blissey|Blissey, F|75/100
|move|p2a: Nidoking|Sludge Wave|p1a: Blissey
|-damage|p1a: Blissey|51/100
|
|upkeep
|turn|42
|
|t:|1663835347
|switch|p2a: Dragapult|Dragapult, F|59/100
|move|p1a: Blissey|Soft-Boiled|p1a: Blissey
|-heal|p1a: Blissey|100/100
|
|upkeep
|turn|43
|
|t:|1663835350
|switch|p1a: Corviknight|Corviknight, M|100/100
|-ability|p1a: Corviknight|Pressure
|move|p2a: Dragapult|U-turn|p1a: Corviknight
|-resisted|p1a: Corviknight
|-damage|p1a: Corviknight|95/100
|
|t:|1663835353
|switch|p2a: Nidoking|Nidoking, M|100/100|[from]move: U-turn
|
|upkeep
|turn|44
|
|t:|1663835355
|switch|p1a: Blissey|Blissey, F|100/100
|move|p2a: Nidoking|Flamethrower|p1a: Blissey
|-damage|p1a: Blissey|84/100
|
|upkeep
|turn|45
|
|t:|1663835363
|switch|p1a: Nidoking|Nidoking, M|100/100
|move|p2a: Nidoking|Sludge Wave|p1a: Nidoking
|-resisted|p1a: Nidoking
|-damage|p1a: Nidoking|76/100
|
|upkeep
|turn|46
|
|t:|1663835370
|switch|p1a: Blissey|Blissey, F|84/100
|move|p2a: Nidoking|Ice Beam|p1a: Blissey
|-crit|p1a: Blissey
|-damage|p1a: Blissey|58/100
|
|upkeep
|turn|47
|
|t:|1663835378
|switch|p2a: Dragapult|Dragapult, F|59/100
|move|p1a: Blissey|Soft-Boiled|p1a: Blissey
|-heal|p1a: Blissey|100/100
|
|upkeep
|turn|48
|
|t:|1663835383
|switch|p1a: Corviknight|Corviknight, M|95/100
|-ability|p1a: Corviknight|Pressure
|move|p2a: Dragapult|U-turn|p1a: Corviknight
|-resisted|p1a: Corviknight
|-damage|p1a: Corviknight|90/100
|
|t:|1663835387
|switch|p2a: Nidoking|Nidoking, M|100/100|[from]move: U-turn
|
|upkeep
|turn|49
|
|t:|1663835389
|switch|p1a: Blissey|Blissey, F|100/100
|move|p2a: Nidoking|Flamethrower|p1a: Blissey
|-damage|p1a: Blissey|84/100
|
|upkeep
|turn|50
|
|t:|1663835393
|move|p2a: Nidoking|Sludge Wave|p1a: Blissey
|-damage|p1a: Blissey|59/100
|move|p1a: Blissey|Stealth Rock|p2a: Nidoking
|-sidestart|p2: gotsnsd|move: Stealth Rock
|
|upkeep
|turn|51
|
|t:|1663835396
|switch|p2a: Clefable|Clefable, F|100/100
|move|p1a: Blissey|Soft-Boiled|p1a: Blissey
|-heal|p1a: Blissey|100/100
|
|upkeep
|turn|52
|
|t:|1663835399
|switch|p1a: Nidoking|Nidoking, M|76/100
|move|p2a: Clefable|Stealth Rock|p1a: Nidoking
|-sidestart|p1: galarian dragapult|move: Stealth Rock
|
|upkeep
|turn|53
|
|t:|1663835403
|switch|p2a: Slowking|Slowking, M|100/100
|-damage|p2a: Slowking|88/100|[from] Stealth Rock
|move|p1a: Nidoking|Sludge Wave|p2a: Slowking
|-damage|p2a: Slowking|51/100
|
|upkeep
|turn|54
|
|t:|1663835411
|move|p1a: Nidoking|Sludge Wave|p2a: Slowking
|-damage|p2a: Slowking|8/100
|move|p2a: Slowking|Scald|p1a: Nidoking
|-supereffective|p1a: Nidoking
|-damage|p1a: Nidoking|0 fnt
|faint|p1a: Nidoking
|
|upkeep
|
|t:|1663835416
|switch|p1a: Victini|Victini|100/100
|-damage|p1a: Victini|76/100|[from] Stealth Rock
|turn|55
|
|t:|1663835427
|switch|p2a: Clefable|Clefable, F|100/100
|move|p1a: Victini|Blue Flare|p2a: Clefable
|-crit|p2a: Clefable
|-damage|p2a: Clefable|28/100
|
|-heal|p2a: Clefable|34/100|[from] item: Leftovers
|upkeep
|turn|56
|inactive|gotsnsd has 120 seconds left.
|
|t:|1663835466
|switch|p2a: Rotom|Rotom-Heat|95/100 tox
|move|p1a: Victini|Blue Flare|p2a: Rotom
|-resisted|p2a: Rotom
|-damage|p2a: Rotom|63/100 tox
|
|-damage|p2a: Rotom|57/100 tox|[from] psn
|upkeep
|turn|57
|inactive|gotsnsd has 120 seconds left.
|
|t:|1663835488
|switch|p1a: Blissey|Blissey, F|100/100
|-damage|p1a: Blissey|88/100|[from] Stealth Rock
|switch|p2a: Slowking|Slowking, M|42/100
|-damage|p2a: Slowking|29/100|[from] Stealth Rock
|
|upkeep
|turn|58
|
|t:|1663835500
|switch|p2a: Kartana|Kartana|78/100
|-damage|p2a: Kartana|72/100|[from] Stealth Rock
|move|p1a: Blissey|Seismic Toss|p2a: Kartana
|-damage|p2a: Kartana|33/100
|
|upkeep
|turn|59
|
|t:|1663835511
|switch|p1a: Corviknight|Corviknight, M|90/100
|-damage|p1a: Corviknight|78/100|[from] Stealth Rock
|-ability|p1a: Corviknight|Pressure
|move|p2a: Kartana|Sacred Sword|p1a: Corviknight
|-damage|p1a: Corviknight|56/100
|
|upkeep
|turn|60
|
|t:|1663835518
|switch|p2a: Clefable|Clefable, F|34/100
|move|p1a: Corviknight|U-turn|p2a: Clefable
|-resisted|p2a: Clefable
|-damage|p2a: Clefable|27/100
|
|t:|1663835524
|switch|p1a: Victini|Victini|76/100|[from]move: U-turn
|-damage|p1a: Victini|51/100|[from] Stealth Rock
|
|-heal|p2a: Clefable|33/100|[from] item: Leftovers
|upkeep
|turn|61
|inactive|gotsnsd has 120 seconds left.
|
|t:|1663835538
|switch|p2a: Kartana|Kartana|33/100
|-damage|p2a: Kartana|27/100|[from] Stealth Rock
|move|p1a: Victini|Blue Flare|p2a: Kartana
|-supereffective|p2a: Kartana
|-damage|p2a: Kartana|0 fnt
|faint|p2a: Kartana
|
|upkeep
|
|t:|1663835542
|switch|p2a: Slowking|Slowking, M|63/100
|-damage|p2a: Slowking|50/100|[from] Stealth Rock
|turn|62
|
|t:|1663835550
|move|p1a: Victini|Thunder|p2a: Slowking
|-supereffective|p2a: Slowking
|-damage|p2a: Slowking|2/100
|move|p2a: Slowking|Teleport|p2a: Slowking
|
|t:|1663835559
|switch|p2a: Dragapult|Dragapult, F|59/100|[from]move: Teleport
|-damage|p2a: Dragapult|47/100|[from] Stealth Rock
|
|upkeep
|turn|63
|j| llkjo
|
|t:|1663835587
|switch|p1a: Tapu Fini|Tapu Fini|76/100
|-damage|p1a: Tapu Fini|64/100|[from] Stealth Rock
|-fieldstart|move: Misty Terrain|[from] ability: Misty Surge|[of] p1a: Tapu Fini
|move|p2a: Dragapult|U-turn|p1a: Tapu Fini
|-resisted|p1a: Tapu Fini
|-damage|p1a: Tapu Fini|51/100
|inactive|gotsnsd has 120 seconds left.
|
|t:|1663835610
|switch|p2a: Rotom|Rotom-Heat|57/100 tox|[from]move: U-turn
|
|-damage|p2a: Rotom|51/100 tox|[from] psn
|upkeep
|turn|64
|inactive|gotsnsd has 120 seconds left.
|j| xVill
|
|t:|1663835628
|move|p2a: Rotom|Discharge|p1a: Tapu Fini
|-supereffective|p1a: Tapu Fini
|-damage|p1a: Tapu Fini|4/100
|move|p1a: Tapu Fini|Hydro Pump|p2a: Rotom|[miss]
|-miss|p1a: Tapu Fini|p2a: Rotom
|
|-damage|p2a: Rotom|39/100 tox|[from] psn
|upkeep
|turn|65
|l| xVill
|inactive|galarian dragapult has 120 seconds left.
|inactive|gotsnsd has 90 seconds left.
|
|t:|1663835665
|switch|p1a: Blissey|Blissey, F|88/100
|-damage|p1a: Blissey|76/100|[from] Stealth Rock
|move|p2a: Rotom|Discharge|p1a: Blissey
|-damage|p1a: Blissey|66/100
|
|-damage|p2a: Rotom|21/100 tox|[from] psn
|upkeep
|turn|66
|inactive|gotsnsd has 90 seconds left.
|inactive|galarian dragapult has 120 seconds left.
|
|t:|1663835681
|switch|p2a: Dragapult|Dragapult, F|47/100
|-damage|p2a: Dragapult|35/100|[from] Stealth Rock
|switch|p1a: Victini|Victini|51/100
|-damage|p1a: Victini|26/100|[from] Stealth Rock
|
|upkeep
|turn|67
|
|t:|1663835685
|switch|p1a: Tapu Fini|Tapu Fini|4/100
|-damage|p1a: Tapu Fini|0 fnt|[from] Stealth Rock
|faint|p1a: Tapu Fini
|move|p2a: Dragapult|U-turn|p1: Tapu Fini|[notarget]
|-fail|p2a: Dragapult
|
|-fieldend|Misty Terrain
|upkeep
|
|t:|1663835687
|switch|p1a: Dragapult|Dragapult, F|100/100
|-damage|p1a: Dragapult|88/100|[from] Stealth Rock
|turn|68
|inactive|gotsnsd has 90 seconds left.
|
|t:|1663835715
|switch|p2a: Rotom|Rotom-Heat|21/100 tox
|move|p1a: Dragapult|U-turn|p2a: Rotom
|-resisted|p2a: Rotom
|-damage|p2a: Rotom|2/100 tox
|
|t:|1663835719
|switch|p1a: Blissey|Blissey, F|66/100|[from]move: U-turn
|-damage|p1a: Blissey|53/100|[from] Stealth Rock
|
|-damage|p2a: Rotom|0 fnt|[from] psn
|faint|p2a: Rotom
|upkeep
|inactive|gotsnsd has 90 seconds left.
|
|t:|1663835728
|switch|p2a: Dragapult|Dragapult, F|35/100
|-damage|p2a: Dragapult|23/100|[from] Stealth Rock
|turn|69
|
|t:|1663835738
|move|p2a: Dragapult|Dragon Darts|p1a: Blissey
|-damage|p1a: Blissey|22/100
|-anim|p2a: Dragapult|Dragon Darts|p1a: Blissey
|-damage|p1a: Blissey|0 fnt
|faint|p1a: Blissey
|
|upkeep
|
|t:|1663835740
|switch|p1a: Corviknight|Corviknight, M|56/100
|-damage|p1a: Corviknight|43/100|[from] Stealth Rock
|-ability|p1a: Corviknight|Pressure
|turn|70
|
|t:|1663835758
|switch|p2a: Clefable|Clefable, F|33/100
|move|p1a: Corviknight|Defog|p2a: Clefable
|-unboost|p2a: Clefable|evasion|1
|-sideend|p2: gotsnsd|Stealth Rock|[from] move: Defog|[of] p1a: Corviknight
|-sideend|p1: galarian dragapult|Stealth Rock|[from] move: Defog|[of] p1a: Corviknight
|
|-heal|p2a: Clefable|40/100|[from] item: Leftovers
|upkeep
|turn|71
|j| yuwenzhao
|
|t:|1663835776
|switch|p1a: Victini|Victini|26/100
|move|p2a: Clefable|Soft-Boiled|p2a: Clefable
|-heal|p2a: Clefable|90/100
|
|-heal|p2a: Clefable|96/100|[from] item: Leftovers
|upkeep
|turn|72
|j| Yio3Much
|
|t:|1663835785
|move|p1a: Victini|Thunder|p2a: Clefable
|-damage|p2a: Clefable|70/100
|move|p2a: Clefable|Knock Off|p1a: Victini
|-supereffective|p1a: Victini
|-damage|p1a: Victini|0 fnt
|-enditem|p1a: Victini|Expert Belt|[from] move: Knock Off|[of] p2a: Clefable
|faint|p1a: Victini
|
|-heal|p2a: Clefable|76/100|[from] item: Leftovers
|upkeep
|
|t:|1663835788
|switch|p1a: Dragapult|Dragapult, F|88/100
|turn|73
|
|t:|1663835791
|move|p1a: Dragapult|Phantom Force||[still]
|-prepare|p1a: Dragapult|Phantom Force
|move|p2a: Clefable|Moonblast|p1a: Dragapult|[miss]
|-miss|p2a: Clefable|p1a: Dragapult
|
|-heal|p2a: Clefable|82/100|[from] item: Leftovers
|upkeep
|turn|74
|
|t:|1663835794
|move|p1a: Dragapult|Phantom Force|p2a: Clefable|[from]lockedmove
|-damage|p2a: Clefable|20/100
|move|p2a: Clefable|Moonblast|p1a: Dragapult
|-supereffective|p1a: Dragapult
|-damage|p1a: Dragapult|6/100
|
|-heal|p2a: Clefable|26/100|[from] item: Leftovers
|upkeep
|turn|75
|
|t:|1663835798
|move|p1a: Dragapult|Phantom Force||[still]
|-prepare|p1a: Dragapult|Phantom Force
|move|p2a: Clefable|Soft-Boiled|p2a: Clefable
|-heal|p2a: Clefable|76/100
|
|-heal|p2a: Clefable|82/100|[from] item: Leftovers
|upkeep
|turn|76
|
|t:|1663835821
|switch|p2a: Slowking|Slowking, M|35/100
|move|p1a: Dragapult|Phantom Force|p2a: Slowking|[from]lockedmove
|-supereffective|p2a: Slowking
|-damage|p2a: Slowking|0 fnt
|faint|p2a: Slowking
|
|upkeep
|
|t:|1663835823
|switch|p2a: Clefable|Clefable, F|82/100
|turn|77
|
|t:|1663835826
|move|p1a: Dragapult|Phantom Force||[still]
|-prepare|p1a: Dragapult|Phantom Force
|move|p2a: Clefable|Moonblast|p1a: Dragapult|[miss]
|-miss|p2a: Clefable|p1a: Dragapult
|
|-heal|p2a: Clefable|88/100|[from] item: Leftovers
|upkeep
|turn|78
|
|t:|1663835830
|move|p1a: Dragapult|Phantom Force|p2a: Clefable|[from]lockedmove
|-damage|p2a: Clefable|20/100
|move|p2a: Clefable|Moonblast|p1a: Dragapult
|-supereffective|p1a: Dragapult
|-damage|p1a: Dragapult|0 fnt
|faint|p1a: Dragapult
|
|-heal|p2a: Clefable|26/100|[from] item: Leftovers
|upkeep
|j| Bar236
|-message|galarian dragapult forfeited.
|
|win|gotsnsd
|raw|galarian dragapult's rating: 1706 &rarr; <strong>1683</strong><br />(-23 for losing)
|raw|gotsnsd's rating: 1661 &rarr; <strong>1684</strong><br />(+23 for winning)
|l|☆galarian dragapult
|l| Bar236
|l| yuwenzhao
|l| llkjo
