|j|☆Typhlowsion
|j|☆FENDINI
|t:|1662048227
|gametype|singles
|player|p1|Typhlowsion|ethan|1548
|player|p2|FENDINI|ethan-masters|1614
|teamsize|p1|6
|teamsize|p2|6
|gen|8
|tier|[Gen 8] OU
|rated|
|rule|Sleep Clause Mod: Limit one foe put to sleep
|rule|Species Clause: Limit one of each Pokémon
|rule|OHKO Clause: OHKO moves are banned
|rule|Evasion Items Clause: Evasion items are banned
|rule|Evasion Moves Clause: Evasion moves are banned
|rule|Endless Battle Clause: Forcing endless battles is banned
|rule|HP Percentage Mod: HP is shown in percentages
|rule|Dynamax Clause: You cannot dynamax
|clearpoke
|poke|p1|Barraskewda, M|
|poke|p1|Pelipper, M|
|poke|p1|Ferrothorn, M|
|poke|p1|Crawdaunt, M|
|poke|p1|Zapdos|
|poke|p1|Nidoking, M|
|poke|p2|Rillaboom, F|
|poke|p2|Tornadus-Therian, M|
|poke|p2|Blaziken, F|
|poke|p2|Melmetal|
|poke|p2|Garchomp, F|
|poke|p2|Slowbro, F|
|teampreview
|inactive|Battle timer is ON: inactive players will automatically lose when time's up. (requested by FENDINI)
|
|t:|1662048240
|start
|switch|p1a: Nidoking|Nidoking, M|100/100
|switch|p2a: Tornadus|Tornadus-Therian, M|100/100
|turn|1
|
|t:|1662048244
|move|p2a: Tornadus|Knock Off|p1a: Nidoking
|-damage|p1a: Nidoking|68/100
|-enditem|p1a: Nidoking|Assault Vest|[from] move: Knock Off|[of] p2a: Tornadus
|move|p1a: Nidoking|Ice Beam|p2a: Tornadus
|-supereffective|p2a: Tornadus
|-damage|p2a: Tornadus|41/100
|
|upkeep
|turn|2
|j| BKong
|
|t:|1662048252
|move|p2a: Tornadus|U-turn|p1a: Nidoking
|-resisted|p1a: Nidoking
|-damage|p1a: Nidoking|58/100
|
|t:|1662048253
|switch|p2a: Slowbro|Slowbro, F|100/100|[from]move: U-turn
|move|p1a: Nidoking|Ice Beam|p2a: Slowbro
|-resisted|p2a: Slowbro
|-damage|p2a: Slowbro|85/100
|
|upkeep
|turn|3
|
|t:|1662048261
|switch|p1a: Crawdaunt|Crawdaunt, M|100/100
|move|p2a: Slowbro|Scald|p1a: Crawdaunt
|-resisted|p1a: Crawdaunt
|-damage|p1a: Crawdaunt|80/100
|
|upkeep
|turn|4
|
|t:|1662048275
|switch|p2a: Tornadus|Tornadus-Therian, M|75/100
|move|p1a: Crawdaunt|Knock Off|p2a: Tornadus
|-damage|p2a: Tornadus|0 fnt
|-enditem|p2a: Tornadus|Heavy-Duty Boots|[from] move: Knock Off|[of] p1a: Crawdaunt
|faint|p2a: Tornadus
|-damage|p1a: Crawdaunt|70/100|[from] item: Life Orb
|
|upkeep
|
|t:|1662048284
|switch|p2a: Rillaboom|Rillaboom, F|100/100
|-fieldstart|move: Grassy Terrain|[from] ability: Grassy Surge|[of] p2a: Rillaboom
|turn|5
|
|t:|1662048286
|switch|p1a: Ferrothorn|Ferrothorn, M|100/100
|move|p2a: Rillaboom|Swords Dance|p2a: Rillaboom
|-boost|p2a: Rillaboom|atk|2
|
|upkeep
|turn|6
|
|t:|1662048290
|switch|p1a: Pelipper|Pelipper, M|100/100
|-weather|RainDance|[from] ability: Drizzle|[of] p1a: Pelipper
|move|p2a: Rillaboom|Drain Punch|p1a: Pelipper
|-resisted|p1a: Pelipper
|-damage|p1a: Pelipper|80/100
|
|-weather|RainDance|[upkeep]
|upkeep
|turn|7
|
|t:|1662048292
|move|p2a: Rillaboom|Grassy Glide|p1a: Pelipper
|-damage|p1a: Pelipper|1/100
|move|p1a: Pelipper|Hurricane|p2a: Rillaboom
|-supereffective|p2a: Rillaboom
|-damage|p2a: Rillaboom|19/100
|
|-weather|RainDance|[upkeep]
|-heal|p2a: Rillaboom|26/100|[from] Grassy Terrain
|-heal|p2a: Rillaboom|32/100|[from] item: Leftovers
|upkeep
|turn|8
|
|t:|1662048314
|switch|p1a: Ferrothorn|Ferrothorn, M|100/100
|move|p2a: Rillaboom|Drain Punch|p1a: Ferrothorn
|-supereffective|p1a: Ferrothorn
|-damage|p1a: Ferrothorn|41/100
|-heal|p2a: Rillaboom|58/100|[from] drain|[of] p1a: Ferrothorn
|-damage|p2a: Rillaboom|46/100|[from] ability: Iron Barbs|[of] p1a: Ferrothorn
|
|-weather|RainDance|[upkeep]
|-heal|p2a: Rillaboom|52/100|[from] Grassy Terrain
|-heal|p2a: Rillaboom|58/100|[from] item: Leftovers
|-heal|p1a: Ferrothorn|47/100|[from] Grassy Terrain
|-heal|p1a: Ferrothorn|53/100|[from] item: Leftovers
|upkeep
|turn|9
|
|t:|1662048318
|move|p2a: Rillaboom|Drain Punch|p1a: Ferrothorn
|-supereffective|p1a: Ferrothorn
|-damage|p1a: Ferrothorn|0 fnt
|-heal|p2a: Rillaboom|81/100|[from] drain|[of] p1a: Ferrothorn
|-damage|p2a: Rillaboom|69/100|[from] ability: Iron Barbs|[of] p1a: Ferrothorn
|faint|p1a: Ferrothorn
|
|-weather|RainDance|[upkeep]
|-heal|p2a: Rillaboom|75/100|[from] Grassy Terrain
|-heal|p2a: Rillaboom|81/100|[from] item: Leftovers
|-fieldend|move: Grassy Terrain
|upkeep
|
|t:|1662048321
|switch|p1a: Zapdos|Zapdos|100/100
|turn|10
|
|t:|1662048330
|switch|p2a: Melmetal|Melmetal|100/100
|move|p1a: Zapdos|Hurricane|p2a: Melmetal
|-resisted|p2a: Melmetal
|-damage|p2a: Melmetal|71/100
|-damage|p1a: Zapdos|91/100|[from] item: Life Orb
|
|-weather|RainDance|[upkeep]
|-heal|p2a: Melmetal|77/100|[from] item: Leftovers
|upkeep
|turn|11
|
|t:|1662048334
|move|p1a: Zapdos|Thunder|p2a: Melmetal
|-damage|p2a: Melmetal|13/100
|-damage|p1a: Zapdos|81/100|[from] item: Life Orb
|move|p2a: Melmetal|Thunder Punch|p1a: Zapdos
|-damage|p1a: Zapdos|32/100
|-status|p2a: Melmetal|par|[from] ability: Static|[of] p1a: Zapdos
|
|-weather|RainDance|[upkeep]
|-heal|p2a: Melmetal|19/100 par|[from] item: Leftovers
|upkeep
|turn|12
|
|t:|1662048342
|move|p1a: Zapdos|Roost|p1a: Zapdos
|-heal|p1a: Zapdos|82/100
|-singleturn|p1a: Zapdos|move: Roost
|move|p2a: Melmetal|Thunder Punch|p1a: Zapdos
|-resisted|p1a: Zapdos
|-damage|p1a: Zapdos|61/100
|
|-weather|RainDance|[upkeep]
|-heal|p2a: Melmetal|25/100 par|[from] item: Leftovers
|upkeep
|turn|13
|
|t:|1662048346
|move|p1a: Zapdos|Weather Ball|p2a: Melmetal
|-damage|p2a: Melmetal|0 fnt
|faint|p2a: Melmetal
|-damage|p1a: Zapdos|51/100|[from] item: Life Orb
|
|-weather|none
|upkeep
|
|t:|1662048359
|switch|p2a: Blaziken|Blaziken, F|100/100
|turn|14
|
|t:|1662048361
|switch|p1a: Pelipper|Pelipper, M|1/100
|-weather|RainDance|[from] ability: Drizzle|[of] p1a: Pelipper
|move|p2a: Blaziken|Protect||[still]
|-fail|p2a: Blaziken
|
|-weather|RainDance|[upkeep]
|-ability|p2a: Blaziken|Speed Boost|boost
|-boost|p2a: Blaziken|spe|1
|upkeep
|turn|15
|
|t:|1662048371
|move|p2a: Blaziken|Flare Blitz|p1a: Pelipper
|-resisted|p1a: Pelipper
|-damage|p1a: Pelipper|0 fnt
|faint|p1a: Pelipper
|-damage|p2a: Blaziken|99/100|[from] Recoil
|
|-weather|RainDance|[upkeep]
|-heal|p2a: Blaziken|100/100|[from] item: Leftovers
|-ability|p2a: Blaziken|Speed Boost|boost
|-boost|p2a: Blaziken|spe|1
|upkeep
|
|t:|1662048377
|switch|p1a: Crawdaunt|Crawdaunt, M|70/100
|turn|16
|
|t:|1662048402
|move|p2a: Blaziken|Protect|p2a: Blaziken
|-singleturn|p2a: Blaziken|Protect
|move|p1a: Crawdaunt|Aqua Jet|p2a: Blaziken
|-activate|p2a: Blaziken|move: Protect
|
|-weather|RainDance|[upkeep]
|-ability|p2a: Blaziken|Speed Boost|boost
|-boost|p2a: Blaziken|spe|1
|upkeep
|turn|17
|
|t:|1662048407
|switch|p2a: Slowbro|Slowbro, F|100/100
|move|p1a: Crawdaunt|Knock Off|p2a: Slowbro
|-supereffective|p2a: Slowbro
|-damage|p2a: Slowbro|0 fnt
|-damage|p1a: Crawdaunt|53/100|[from] item: Rocky Helmet|[of] p2a: Slowbro
|-enditem|p2a: Slowbro|Rocky Helmet|[from] move: Knock Off|[of] p1a: Crawdaunt
|faint|p2a: Slowbro
|-damage|p1a: Crawdaunt|43/100|[from] item: Life Orb
|
|-weather|RainDance|[upkeep]
|upkeep
|
|t:|1662048413
|switch|p2a: Rillaboom|Rillaboom, F|81/100
|-fieldstart|move: Grassy Terrain|[from] ability: Grassy Surge|[of] p2a: Rillaboom
|turn|18
|
|t:|1662048423
|switch|p1a: Nidoking|Nidoking, M|58/100
|move|p2a: Rillaboom|Grassy Glide|p1a: Nidoking
|-damage|p1a: Nidoking|0 fnt
|faint|p1a: Nidoking
|
|-weather|RainDance|[upkeep]
|-heal|p2a: Rillaboom|88/100|[from] Grassy Terrain
|-heal|p2a: Rillaboom|94/100|[from] item: Leftovers
|upkeep
|
|t:|1662048425
|switch|p1a: Zapdos|Zapdos|51/100
|turn|19
|
|t:|1662048428
|switch|p2a: Garchomp|Garchomp, F|100/100
|move|p1a: Zapdos|Hurricane|p2a: Garchomp
|-damage|p2a: Garchomp|55/100
|-start|p2a: Garchomp|confusion
|-damage|p1a: Zapdos|41/100|[from] item: Life Orb
|
|-weather|RainDance|[upkeep]
|-heal|p2a: Garchomp|61/100|[from] Grassy Terrain
|-heal|p2a: Garchomp|67/100|[from] item: Leftovers
|upkeep
|turn|20
|
|t:|1662048434
|move|p1a: Zapdos|Roost|p1a: Zapdos
|-heal|p1a: Zapdos|91/100
|-singleturn|p1a: Zapdos|move: Roost
|-activate|p2a: Garchomp|confusion
|move|p2a: Garchomp|Toxic|p1a: Zapdos
|-status|p1a: Zapdos|tox
|
|-weather|RainDance|[upkeep]
|-heal|p1a: Zapdos|97/100 tox|[from] Grassy Terrain
|-heal|p2a: Garchomp|73/100|[from] Grassy Terrain
|-heal|p2a: Garchomp|80/100|[from] item: Leftovers
|-damage|p1a: Zapdos|91/100 tox|[from] psn
|upkeep
|turn|21
|
|t:|1662048440
|switch|p1a: Crawdaunt|Crawdaunt, M|43/100
|-activate|p2a: Garchomp|confusion
|move|p2a: Garchomp|Stealth Rock|p1a: Crawdaunt
|-sidestart|p1: Typhlowsion|move: Stealth Rock
|
|-weather|none
|-heal|p2a: Garchomp|86/100|[from] Grassy Terrain
|-heal|p2a: Garchomp|92/100|[from] item: Leftovers
|-heal|p1a: Crawdaunt|49/100|[from] Grassy Terrain
|upkeep
|turn|22
|
|t:|1662048454
|-end|p2a: Garchomp|confusion
|move|p2a: Garchomp|Earthquake|p1a: Crawdaunt
|-damage|p1a: Crawdaunt|22/100
|move|p1a: Crawdaunt|Knock Off|p2a: Garchomp
|-damage|p2a: Garchomp|15/100
|-damage|p1a: Crawdaunt|9/100|[from] ability: Rough Skin|[of] p2a: Garchomp
|-enditem|p2a: Garchomp|Leftovers|[from] move: Knock Off|[of] p1a: Crawdaunt
|-damage|p1a: Crawdaunt|0 fnt|[from] item: Life Orb
|faint|p1a: Crawdaunt
|
|-heal|p2a: Garchomp|22/100|[from] Grassy Terrain
|-fieldend|move: Grassy Terrain
|upkeep
|
|t:|1662048461
|switch|p1a: Barraskewda|Barraskewda, M|100/100
|-damage|p1a: Barraskewda|88/100|[from] Stealth Rock
|turn|23
|
|t:|1662048465
|move|p2a: Garchomp|Protect|p2a: Garchomp
|-singleturn|p2a: Garchomp|Protect
|move|p1a: Barraskewda|Flip Turn|p2a: Garchomp
|-activate|p2a: Garchomp|move: Protect
|
|upkeep
|turn|24
|
|t:|1662048467
|switch|p2a: Rillaboom|Rillaboom, F|94/100
|-fieldstart|move: Grassy Terrain|[from] ability: Grassy Surge|[of] p2a: Rillaboom
|move|p1a: Barraskewda|Flip Turn|p2a: Rillaboom
|-resisted|p2a: Rillaboom
|-damage|p2a: Rillaboom|70/100
|
|t:|1662048469
|switch|p1a: Zapdos|Zapdos|91/100 tox|[from]move: Flip Turn
|-damage|p1a: Zapdos|66/100 tox|[from] Stealth Rock
|
|-heal|p2a: Rillaboom|76/100|[from] Grassy Terrain
|-heal|p2a: Rillaboom|83/100|[from] item: Leftovers
|-damage|p1a: Zapdos|60/100 tox|[from] psn
|upkeep
|turn|25
|
|t:|1662048478
|switch|p2a: Garchomp|Garchomp, F|22/100
|move|p1a: Zapdos|Hurricane|p2a: Garchomp
|-damage|p2a: Garchomp|0 fnt
|faint|p2a: Garchomp
|-damage|p1a: Zapdos|50/100 tox|[from] item: Life Orb
|
|-damage|p1a: Zapdos|37/100 tox|[from] psn
|upkeep
|
|t:|1662048484
|switch|p2a: Blaziken|Blaziken, F|100/100
|turn|26
|
|t:|1662048497
|move|p1a: Zapdos|Roost|p1a: Zapdos
|-heal|p1a: Zapdos|87/100 tox
|-singleturn|p1a: Zapdos|move: Roost
|move|p2a: Blaziken|Flare Blitz|p1a: Zapdos
|-damage|p1a: Zapdos|7/100 tox
|-damage|p2a: Blaziken|75/100|[from] Recoil
|
|-heal|p1a: Zapdos|13/100 tox|[from] Grassy Terrain
|-heal|p2a: Blaziken|82/100|[from] Grassy Terrain
|-heal|p2a: Blaziken|88/100|[from] item: Leftovers
|-damage|p1a: Zapdos|0 fnt|[from] psn
|faint|p1a: Zapdos
|-ability|p2a: Blaziken|Speed Boost|boost
|-boost|p2a: Blaziken|spe|1
|upkeep
|
|t:|1662048500
|switch|p1a: Barraskewda|Barraskewda, M|88/100
|-damage|p1a: Barraskewda|76/100|[from] Stealth Rock
|turn|27
|c|☆Typhlowsion|Gg
|
|t:|1662048507
|move|p2a: Blaziken|Protect|p2a: Blaziken
|-singleturn|p2a: Blaziken|Protect
|move|p1a: Barraskewda|Liquidation|p2a: Blaziken
|-activate|p2a: Blaziken|move: Protect
|
|-heal|p1a: Barraskewda|82/100|[from] Grassy Terrain
|-heal|p2a: Blaziken|94/100|[from] Grassy Terrain
|-heal|p2a: Blaziken|99/100|[from] item: Leftovers
|-ability|p2a: Blaziken|Speed Boost|boost
|-boost|p2a: Blaziken|spe|1
|upkeep
|turn|28
|c|☆FENDINI|gg
|l| BKong
|
|t:|1662048521
|move|p2a: Blaziken|Close Combat|p1a: Barraskewda
|-damage|p1a: Barraskewda|0 fnt
|-unboost|p2a: Blaziken|def|1
|-unboost|p2a: Blaziken|spd|1
|faint|p1a: Barraskewda
|
|win|FENDINI
|raw|Typhlowsion's rating: 1548 &rarr; <strong>1532</strong><br />(-16 for losing)
|raw|FENDINI's rating: 1614 &rarr; <strong>1630</strong><br />(+16 for winning)
|l|☆Typhlowsion
