|html|<div class="broadcast-blue"><strong>[Gen 8] OU is currently suspecting Melmetal! For information on how to participate check out the <a href="https://www.smogon.com/forums/threads/np-ss-ou-suspect-process-round-12-monster-mash.3709234/">suspect thread</a>.</strong></div>
|j|☆Alu9204
|j|☆minimax_ai
|t:|1666591954
|gametype|singles
|player|p1|Alu9204|burglar|1449
|player|p2|minimax_ai|lusamine-nihilego|1464
|teamsize|p1|6
|teamsize|p2|6
|gen|8
|tier|[Gen 8] OU
|rated|
|rule|Sleep Clause Mod: Limit one foe put to sleep
|rule|Species Clause: Limit one of each Pokémon
|rule|OHKO Clause: OHKO moves are banned
|rule|Evasion Items Clause: Evasion items are banned
|rule|Evasion Moves Clause: Evasion moves are banned
|rule|Endless Battle Clause: Forcing endless battles is banned
|rule|HP Percentage Mod: HP is shown in percentages
|rule|Dynamax Clause: You cannot dynamax
|clearpoke
|poke|p1|Nidoking, M|
|poke|p1|Hydreigon, F|
|poke|p1|Melmetal|
|poke|p1|Volcarona, F|
|poke|p1|Urshifu-*, M|
|poke|p1|Dragapult, M|
|poke|p2|Rotom-Wash|
|poke|p2|Weavile, F|
|poke|p2|Landorus-Therian, M|
|poke|p2|Heatran, M|
|poke|p2|Tangrowth, F|
|poke|p2|Melmetal|
|teampreview
|c|☆minimax_ai|hf
|inactive|Battle timer is ON: inactive players will automatically lose when time's up. (requested by minimax_ai)
|
|t:|1666591975
|start
|switch|p1a: Hydreigon|Hydreigon, F|100/100
|switch|p2a: rotomwash|Rotom-Wash|100/100
|turn|1
|
|t:|1666591982
|switch|p2a: Melmetal|Melmetal|100/100
|move|p1a: Hydreigon|Dark Pulse|p2a: Melmetal
|-damage|p2a: Melmetal|77/100
|
|upkeep
|turn|2
|
|t:|1666592008
|switch|p1a: Nidoking|Nidoking, M|100/100
|move|p2a: Melmetal|Double Iron Bash|p1a: Nidoking
|-damage|p1a: Nidoking|42/100
|-damage|p1a: Nidoking|0 fnt
|faint|p1a: Nidoking
|-hitcount|p1: Nidoking|2
|
|upkeep
|
|t:|1666592015
|switch|p1a: Urshifu|Urshifu-Rapid-Strike, M|100/100
|turn|3
|
|t:|1666592018
|switch|p2a: Tangrowth|Tangrowth, F|100/100
|move|p1a: Urshifu|U-turn|p2a: Tangrowth
|-supereffective|p2a: Tangrowth
|-damage|p2a: Tangrowth|59/100
|-damage|p1a: Urshifu|84/100|[from] item: Rocky Helmet|[of] p2a: Tangrowth
|
|t:|1666592023
|switch|p1a: Volcarona|Volcarona, F|100/100|[from]move: U-turn
|
|upkeep
|turn|4
|
|t:|1666592033
|switch|p1a: Urshifu|Urshifu-Rapid-Strike, M|84/100
|switch|p2a: landorustherian|Landorus-Therian, M|100/100
|-ability|p2a: landorustherian|Intimidate|boost
|-unboost|p1a: Urshifu|atk|1
|
|upkeep
|turn|5
|
|t:|1666592039
|switch|p2a: Tangrowth|Tangrowth, F|92/100
|move|p1a: Urshifu|U-turn|p2a: Tangrowth
|-supereffective|p2a: Tangrowth
|-damage|p2a: Tangrowth|65/100
|-damage|p1a: Urshifu|68/100|[from] item: Rocky Helmet|[of] p2a: Tangrowth
|
|t:|1666592043
|switch|p1a: Dragapult|Dragapult, M|100/100|[from]move: U-turn
|
|upkeep
|turn|6
|
|t:|1666592055
|switch|p2a: Melmetal|Melmetal|77/100
|move|p1a: Dragapult|Shadow Ball|p2a: Melmetal
|-damage|p2a: Melmetal|45/100
|
|upkeep
|turn|7
|
|t:|1666592068
|switch|p1a: Melmetal|Melmetal|100/100
|move|p2a: Melmetal|Earthquake|p1a: Melmetal
|-supereffective|p1a: Melmetal
|-damage|p1a: Melmetal|56/100
|
|upkeep
|turn|8
|
|t:|1666592079
|switch|p2a: Tangrowth|Tangrowth, F|99/100
|move|p1a: Melmetal|Thunder Wave|p2a: Tangrowth
|-status|p2a: Tangrowth|par
|
|upkeep
|turn|9
|
|t:|1666592090
|switch|p1a: Hydreigon|Hydreigon, F|100/100
|move|p2a: Tangrowth|Sleep Powder|p1a: Hydreigon
|-status|p1a: Hydreigon|slp|[from] move: Sleep Powder
|
|upkeep
|turn|10
|
|t:|1666592097
|switch|p1a: Volcarona|Volcarona, F|100/100
|switch|p2a: landorustherian|Landorus-Therian, M|100/100
|-ability|p2a: landorustherian|Intimidate|boost
|-unboost|p1a: Volcarona|atk|1
|
|upkeep
|turn|11
|
|t:|1666592106
|switch|p1a: Hydreigon|Hydreigon, F|100/100 slp
|move|p2a: landorustherian|Earthquake|p1a: Hydreigon
|-immune|p1a: Hydreigon|[from] ability: Levitate
|
|upkeep
|turn|12
|
|t:|1666592113
|cant|p1a: Hydreigon|slp
|move|p2a: landorustherian|U-turn|p1a: Hydreigon
|-supereffective|p1a: Hydreigon
|-damage|p1a: Hydreigon|49/100 slp
|
|t:|1666592114
|switch|p2a: Weavile|Weavile, F|100/100|[from]move: U-turn
|-ability|p2a: Weavile|Pressure
|
|upkeep
|turn|13
|
|t:|1666592124
|switch|p1a: Urshifu|Urshifu-Rapid-Strike, M|68/100
|move|p2a: Weavile|Knock Off|p1a: Urshifu
|-resisted|p1a: Urshifu
|-damage|p1a: Urshifu|32/100
|-enditem|p1a: Urshifu|Choice Band|[from] move: Knock Off|[of] p2a: Weavile
|
|upkeep
|turn|14
|
|t:|1666592132
|switch|p2a: Tangrowth|Tangrowth, F|100/100 par
|move|p1a: Urshifu|U-turn|p2a: Tangrowth
|-supereffective|p2a: Tangrowth
|-damage|p2a: Tangrowth|76/100 par
|-damage|p1a: Urshifu|16/100|[from] item: Rocky Helmet|[of] p2a: Tangrowth
|
|t:|1666592139
|switch|p1a: Volcarona|Volcarona, F|100/100|[from]move: U-turn
|
|upkeep
|turn|15
|
|t:|1666592147
|switch|p1a: Melmetal|Melmetal|56/100
|switch|p2a: landorustherian|Landorus-Therian, M|100/100
|-ability|p2a: landorustherian|Intimidate|boost
|-unboost|p1a: Melmetal|atk|1
|
|upkeep
|turn|16
|
|t:|1666592154
|switch|p1a: Hydreigon|Hydreigon, F|49/100 slp
|move|p2a: landorustherian|U-turn|p1a: Hydreigon
|-supereffective|p1a: Hydreigon
|-damage|p1a: Hydreigon|0 fnt
|faint|p1a: Hydreigon
|
|t:|1666592154
|switch|p2a: Tangrowth|Tangrowth, F|100/100 par|[from]move: U-turn
|
|upkeep
|
|t:|1666592160
|switch|p1a: Dragapult|Dragapult, M|100/100
|turn|17
|
|t:|1666592164
|switch|p2a: landorustherian|Landorus-Therian, M|100/100
|-ability|p2a: landorustherian|Intimidate|boost
|-unboost|p1a: Dragapult|atk|1
|move|p1a: Dragapult|Shadow Ball|p2a: landorustherian
|-damage|p2a: landorustherian|60/100
|
|-heal|p2a: landorustherian|66/100|[from] item: Leftovers
|upkeep
|turn|18
|
|t:|1666592174
|move|p1a: Dragapult|Shadow Ball|p2a: landorustherian
|-damage|p2a: landorustherian|26/100
|move|p2a: landorustherian|Earthquake|p1a: Dragapult
|-damage|p1a: Dragapult|30/100
|
|-heal|p2a: landorustherian|32/100|[from] item: Leftovers
|upkeep
|turn|19
|
|t:|1666592183
|switch|p2a: Weavile|Weavile, F|100/100
|-ability|p2a: Weavile|Pressure
|move|p1a: Dragapult|Shadow Ball|p2a: Weavile
|-resisted|p2a: Weavile
|-damage|p2a: Weavile|60/100
|
|upkeep
|turn|20
|
|t:|1666592187
|switch|p1a: Urshifu|Urshifu-Rapid-Strike, M|16/100
|move|p2a: Weavile|Knock Off|p1a: Urshifu
|-resisted|p1a: Urshifu
|-damage|p1a: Urshifu|0 fnt
|faint|p1a: Urshifu
|
|upkeep
|
|t:|1666592197
|switch|p1a: Volcarona|Volcarona, F|100/100
|turn|21
|
|t:|1666592204
|move|p2a: Weavile|Knock Off|p1a: Volcarona
|-damage|p1a: Volcarona|0 fnt
|-enditem|p1a: Volcarona|Heavy-Duty Boots|[from] move: Knock Off|[of] p2a: Weavile
|faint|p1a: Volcarona
|
|upkeep
|-message|Alu9204 forfeited.
|
|win|minimax_ai
|raw|Alu9204's rating: 1449 &rarr; <strong>1430</strong><br />(-19 for losing)
|raw|minimax_ai's rating: 1464 &rarr; <strong>1483</strong><br />(+19 for winning)
|c|☆minimax_ai|gg
|l|☆Alu9204
