|j|☆Contorted Lies
|j|☆ByronGymLeader
|t:|1610495266
|player|p1|Contorted Lies|101|1867
|player|p2|ByronGymLeader|byron|1723
|teamsize|p1|6
|teamsize|p2|6
|gametype|singles
|gen|8
|tier|[Gen 8] OU
|rated|
|clearpoke
|poke|p1|Melmetal|
|poke|p1|Slowking-Galar, F|
|poke|p1|Rillaboom, M|
|poke|p1|Swampert, F|
|poke|p1|Mandibuzz, F|
|poke|p1|Dragapult, M|
|poke|p2|Kartana|
|poke|p2|Landorus-Therian, M|
|poke|p2|Porygon-Z|
|poke|p2|Dragonite, M|
|poke|p2|Milotic, F|
|poke|p2|Volcarona, F|
|rule|Sleep Clause Mod: Limit one foe put to sleep
|rule|Species Clause: Limit one of each Pokémon
|rule|OHKO Clause: OHKO moves are banned
|rule|Evasion Moves Clause: Evasion moves are banned
|rule|Endless Battle Clause: Forcing endless battles is banned
|rule|HP Percentage Mod: HP is shown in percentages
|rule|Dynamax Clause: You cannot dynamax
|teampreview
|j| apple juize
|j| Vessev
|j| testinsunny
|
|t:|1610495299
|start
|switch|p1a: Swampert|Swampert, F|100/100
|switch|p2a: Kartana|Kartana|100/100
|turn|1
|inactive|Battle timer is ON: inactive players will automatically lose when time's up. (requested by ByronGymLeader)
|
|t:|1610495303
|switch|p1a: Mandibuzz|Mandibuzz, F|100/100
|move|p2a: Kartana|Leaf Blade|p1a: Mandibuzz
|-resisted|p1a: Mandibuzz
|-crit|p1a: Mandibuzz
|-damage|p1a: Mandibuzz|77/100
|
|upkeep
|turn|2
|
|t:|1610495310
|switch|p2a: Landorus|Landorus-Therian, M|100/100
|-ability|p2a: Landorus|Intimidate|boost
|-unboost|p1a: Mandibuzz|atk|1
|move|p1a: Mandibuzz|Toxic|p2a: Landorus
|-status|p2a: Landorus|tox
|
|-damage|p2a: Landorus|94/100 tox|[from] psn
|upkeep
|turn|3
|
|t:|1610495319
|move|p1a: Mandibuzz|Foul Play|p2a: Landorus
|-damage|p2a: Landorus|64/100 tox
|-damage|p1a: Mandibuzz|60/100|[from] item: Rocky Helmet|[of] p2a: Landorus
|move|p2a: Landorus|Knock Off|p1a: Mandibuzz
|-resisted|p1a: Mandibuzz
|-damage|p1a: Mandibuzz|51/100
|-enditem|p1a: Mandibuzz|Heavy-Duty Boots|[from] move: Knock Off|[of] p2a: Landorus
|
|-damage|p2a: Landorus|52/100 tox|[from] psn
|upkeep
|turn|4
|
|t:|1610495327
|move|p1a: Mandibuzz|Roost|p1a: Mandibuzz
|-heal|p1a: Mandibuzz|100/100
|-singleturn|p1a: Mandibuzz|move: Roost
|move|p2a: Landorus|U-turn|p1a: Mandibuzz
|-supereffective|p1a: Mandibuzz
|-damage|p1a: Mandibuzz|77/100
|
|t:|1610495350
|switch|p2a: Volcarona|Volcarona, F|100/100|[from]move: U-turn
|
|upkeep
|turn|5
|
|t:|1610495355
|switch|p1a: Swampert|Swampert, F|100/100
|move|p2a: Volcarona|Quiver Dance|p2a: Volcarona
|-boost|p2a: Volcarona|spa|1
|-boost|p2a: Volcarona|spd|1
|-boost|p2a: Volcarona|spe|1
|
|upkeep
|turn|6
|
|t:|1610495363
|move|p2a: Volcarona|Bug Buzz|p1a: Swampert
|-damage|p1a: Swampert|56/100
|move|p1a: Swampert|Toxic|p2a: Volcarona
|-status|p2a: Volcarona|tox
|
|-heal|p1a: Swampert|62/100|[from] item: Leftovers
|-damage|p2a: Volcarona|94/100 tox|[from] psn
|upkeep
|turn|7
|
|t:|1610495371
|switch|p1a: Slowking|Slowking-Galar, F|100/100
|move|p2a: Volcarona|Bug Buzz|p1a: Slowking
|-damage|p1a: Slowking|63/100
|-unboost|p1a: Slowking|spd|1
|
|-damage|p2a: Volcarona|82/100 tox|[from] psn
|upkeep
|turn|8
|j| yogalpha
|
|t:|1610495378
|switch|p1a: Dragapult|Dragapult, M|100/100
|move|p2a: Volcarona|Bug Buzz|p1a: Dragapult
|-resisted|p1a: Dragapult
|-damage|p1a: Dragapult|54/100
|
|-damage|p2a: Volcarona|64/100 tox|[from] psn
|upkeep
|turn|9
|
|t:|1610495385
|switch|p1a: Slowking|Slowking-Galar, F|96/100
|move|p2a: Volcarona|Psychic|p1a: Slowking
|-damage|p1a: Slowking|72/100
|
|-damage|p2a: Volcarona|39/100 tox|[from] psn
|upkeep
|turn|10
|
|t:|1610495392
|move|p2a: Volcarona|Bug Buzz|p1a: Slowking
|-damage|p1a: Slowking|34/100
|move|p1a: Slowking|Future Sight|p2a: Volcarona
|-start|p1a: Slowking|move: Future Sight
|
|-damage|p2a: Volcarona|9/100 tox|[from] psn
|upkeep
|turn|11
|
|t:|1610495398
|switch|p1a: Dragapult|Dragapult, M|54/100
|move|p2a: Volcarona|Bug Buzz|p1a: Dragapult
|-resisted|p1a: Dragapult
|-damage|p1a: Dragapult|2/100
|
|-damage|p2a: Volcarona|0 fnt|[from] psn
|faint|p2a: Volcarona
|upkeep
|
|t:|1610495407
|switch|p2a: Milotic|Milotic, F|100/100
|turn|12
|
|t:|1610495411
|move|p1a: Dragapult|U-turn|p2a: Milotic
|-damage|p2a: Milotic|82/100
|
|t:|1610495413
|switch|p1a: Swampert|Swampert, F|62/100|[from]move: U-turn
|move|p2a: Milotic|Mirror Coat||[still]
|-fail|p2a: Milotic
|
|-end|p2a: Milotic|move: Future Sight
|-damage|p2a: Milotic|47/100
|-heal|p1a: Swampert|68/100|[from] item: Leftovers
|-heal|p2a: Milotic|53/100|[from] item: Leftovers
|upkeep
|turn|13
|
|t:|1610495422
|switch|p2a: Kartana|Kartana|100/100
|move|p1a: Swampert|Stealth Rock|p2a: Kartana
|-sidestart|p2: ByronGymLeader|move: Stealth Rock
|
|-heal|p1a: Swampert|75/100|[from] item: Leftovers
|upkeep
|turn|14
|
|t:|1610495428
|switch|p1a: Mandibuzz|Mandibuzz, F|77/100
|move|p2a: Kartana|Leaf Blade|p1a: Mandibuzz
|-resisted|p1a: Mandibuzz
|-crit|p1a: Mandibuzz
|-damage|p1a: Mandibuzz|53/100
|
|upkeep
|turn|15
|
|t:|1610495437
|move|p2a: Kartana|Swords Dance|p2a: Kartana
|-boost|p2a: Kartana|atk|2
|move|p1a: Mandibuzz|Roost|p1a: Mandibuzz
|-heal|p1a: Mandibuzz|100/100
|-singleturn|p1a: Mandibuzz|move: Roost
|
|upkeep
|turn|16
|
|t:|1610495443
|move|p2a: Kartana|Sacred Sword|p1a: Mandibuzz
|-damage|p1a: Mandibuzz|58/100
|move|p1a: Mandibuzz|Foul Play|p2a: Kartana
|-damage|p2a: Kartana|0 fnt
|faint|p2a: Kartana
|
|upkeep
|
|t:|1610495451
|switch|p2a: Landorus|Landorus-Therian, M|52/100 tox
|-damage|p2a: Landorus|39/100 tox|[from] Stealth Rock
|-ability|p2a: Landorus|Intimidate|boost
|-unboost|p1a: Mandibuzz|atk|1
|turn|17
|
|t:|1610495459
|move|p1a: Mandibuzz|Roost|p1a: Mandibuzz
|-heal|p1a: Mandibuzz|100/100
|-singleturn|p1a: Mandibuzz|move: Roost
|move|p2a: Landorus|Defog|p1a: Mandibuzz
|-unboost|p1a: Mandibuzz|evasion|1
|-sideend|p2: ByronGymLeader|Stealth Rock|[from] move: Defog|[of] p2a: Landorus
|
|-damage|p2a: Landorus|33/100 tox|[from] psn
|upkeep
|turn|18
|
|t:|1610495467
|move|p1a: Mandibuzz|Foul Play|p2a: Landorus
|-damage|p2a: Landorus|0 fnt
|-damage|p1a: Mandibuzz|84/100|[from] item: Rocky Helmet|[of] p2a: Landorus
|faint|p2a: Landorus
|
|upkeep
|
|t:|1610495473
|switch|p2a: Dragonite|Dragonite, M|100/100
|turn|19
|
|t:|1610495479
|move|p2a: Dragonite|Dragon Dance|p2a: Dragonite
|-boost|p2a: Dragonite|atk|1
|-boost|p2a: Dragonite|spe|1
|move|p1a: Mandibuzz|Toxic|p2a: Dragonite|[miss]
|-miss|p1a: Mandibuzz|p2a: Dragonite
|
|upkeep
|turn|20
|
|t:|1610495484
|move|p2a: Dragonite|Rock Slide|p1a: Mandibuzz
|-supereffective|p1a: Mandibuzz
|-damage|p1a: Mandibuzz|36/100
|move|p1a: Mandibuzz|Toxic|p2a: Dragonite|[miss]
|-miss|p1a: Mandibuzz|p2a: Dragonite
|
|upkeep
|turn|21
|
|t:|1610495491
|move|p2a: Dragonite|Rock Slide|p1a: Mandibuzz
|-supereffective|p1a: Mandibuzz
|-damage|p1a: Mandibuzz|0 fnt
|faint|p1a: Mandibuzz
|
|upkeep
|
|t:|1610495494
|switch|p1a: Melmetal|Melmetal|100/100
|turn|22
|
|t:|1610495497
|move|p2a: Dragonite|Dragon Dance|p2a: Dragonite
|-boost|p2a: Dragonite|atk|1
|-boost|p2a: Dragonite|spe|1
|move|p1a: Melmetal|Double Iron Bash|p2a: Dragonite
|-damage|p2a: Dragonite|76/100
|-damage|p2a: Dragonite|28/100
|-hitcount|p2a: Dragonite|2
|
|upkeep
|turn|23
|
|t:|1610495504
|move|p2a: Dragonite|Earthquake|p1a: Melmetal
|-supereffective|p1a: Melmetal
|-damage|p1a: Melmetal|24/100
|move|p1a: Melmetal|Double Iron Bash|p2a: Dragonite
|-damage|p2a: Dragonite|0 fnt
|-hitcount|p2a: Dragonite|1
|faint|p2a: Dragonite
|
|-heal|p1a: Melmetal|30/100|[from] item: Leftovers
|upkeep
|
|t:|1610495514
|switch|p2a: Porygon-Z|Porygon-Z|100/100
|turn|24
|
|t:|1610495531
|move|p2a: Porygon-Z|Shadow Ball|p1a: Melmetal
|-crit|p1a: Melmetal
|-damage|p1a: Melmetal|0 fnt
|faint|p1a: Melmetal
|
|upkeep
|
|t:|1610495540
|switch|p1a: Swampert|Swampert, F|75/100
|turn|25
|
|t:|1610495546
|switch|p2a: Milotic|Milotic, F|53/100
|move|p1a: Swampert|Earthquake|p2a: Milotic
|-damage|p2a: Milotic|13/100
|
|-heal|p1a: Swampert|81/100|[from] item: Leftovers
|-heal|p2a: Milotic|19/100|[from] item: Leftovers
|upkeep
|turn|26
|
|t:|1610495556
|move|p1a: Swampert|Flip Turn|p2a: Milotic
|-resisted|p2a: Milotic
|-damage|p2a: Milotic|7/100
|
|t:|1610495557
|switch|p1a: Slowking|Slowking-Galar, F|68/100|[from]move: Flip Turn
|move|p2a: Milotic|Flip Turn|p1a: Slowking
|-damage|p1a: Slowking|53/100
|
|t:|1610495563
|switch|p2a: Porygon-Z|Porygon-Z|100/100|[from]move: Flip Turn
|
|upkeep
|turn|27
|l| testinsunny
|
|t:|1610495567
|move|p2a: Porygon-Z|Shadow Ball|p1a: Slowking
|-supereffective|p1a: Slowking
|-damage|p1a: Slowking|20/100
|move|p1a: Slowking|Sludge Bomb|p2a: Porygon-Z
|-damage|p2a: Porygon-Z|34/100
|
|upkeep
|turn|28
|
|t:|1610495573
|switch|p1a: Swampert|Swampert, F|81/100
|move|p2a: Porygon-Z|Shadow Ball|p1a: Swampert
|-damage|p1a: Swampert|61/100
|
|-heal|p1a: Swampert|67/100|[from] item: Leftovers
|upkeep
|turn|29
|j| Commando 55
|-message|ByronGymLeader forfeited.
|
|win|Contorted Lies
|l|☆ByronGymLeader
|l| yogalpha
|l|☆Contorted Lies
|l| Commando 55
|l| Vessev
|raw|Contorted Lies's rating: 1867 &rarr; <strong>1879</strong><br />(+12 for winning)
|raw|ByronGymLeader's rating: 1701 &rarr; <strong>1690</strong><br />(-11 for losing)
