|raw|<div class="broadcast-blue"><strong>This battle is required to be public due to a player having a name starting with 'lt94je'.</div>
|j|☆wish kisser
|j|☆LT94JE 33321
|t:|1661539079
|gametype|singles
|player|p1|wish kisser|ethan|1800
|player|p2|LT94JE 33321|az|1901
|teamsize|p1|6
|teamsize|p2|6
|gen|8
|tier|[Gen 8] OU
|rated|
|rule|Sleep Clause Mod: Limit one foe put to sleep
|rule|Species Clause: Limit one of each Pokémon
|rule|OHKO Clause: OHKO moves are banned
|rule|Evasion Items Clause: Evasion items are banned
|rule|Evasion Moves Clause: Evasion moves are banned
|rule|Endless Battle Clause: Forcing endless battles is banned
|rule|HP Percentage Mod: HP is shown in percentages
|rule|Dynamax Clause: You cannot dynamax
|clearpoke
|poke|p1|Volcarona, M|
|poke|p1|Heatran, M|
|poke|p1|Kartana|
|poke|p1|Rillaboom, M|
|poke|p1|Zapdos|
|poke|p1|Zeraora|
|poke|p2|Ninetales-Alola, F|
|poke|p2|Garchomp, F|
|poke|p2|Arctozolt|
|poke|p2|Corviknight, F|
|poke|p2|Kartana|
|poke|p2|Dragonite, M|
|teampreview
|c|☆wish kisser|hf
|j| tolstoy
|c|☆LT94JE 33321|hF
|j| blarghlfarghl
|j| LIMITLESS LUNALAS
|inactive|Battle timer is ON: inactive players will automatically lose when time's up. (requested by LT94JE 33321)
|j| lt94jecindylaregia
|j| croo
|
|t:|1661539118
|start
|switch|p1a: Byakko|Zapdos, shiny|100/100
|switch|p2a: Garchomp|Garchomp, F|100/100
|turn|1
|
|t:|1661539131
|move|p2a: Garchomp|Stealth Rock|p1a: Byakko
|-sidestart|p1: wish kisser|move: Stealth Rock
|move|p1a: Byakko|Hurricane|p2a: Garchomp|[miss]
|-miss|p1a: Byakko|p2a: Garchomp
|
|upkeep
|turn|2
|j| Rubiaa
|
|t:|1661539135
|move|p2a: Garchomp|Swords Dance|p2a: Garchomp
|-boost|p2a: Garchomp|atk|2
|move|p1a: Byakko|Hurricane|p2a: Garchomp|[miss]
|-miss|p1a: Byakko|p2a: Garchomp
|
|upkeep
|turn|3
|j| WildWave ☾★
|j| 4funaccount
|
|t:|1661539140
|switch|p1a: Deathstroke|Kartana, shiny|100/100
|-damage|p1a: Deathstroke|94/100|[from] Stealth Rock
|move|p2a: Garchomp|Scale Shot|p1a: Deathstroke
|-resisted|p1a: Deathstroke
|-damage|p1a: Deathstroke|80/100
|-resisted|p1a: Deathstroke
|-damage|p1a: Deathstroke|67/100
|-resisted|p1a: Deathstroke
|-damage|p1a: Deathstroke|54/100
|-hitcount|p1a: Deathstroke|3
|-unboost|p2a: Garchomp|def|1
|-boost|p2a: Garchomp|spe|1
|
|upkeep
|turn|4
|j| LT94JE EclipseY
|
|t:|1661539148
|move|p1a: Deathstroke|Leaf Blade|p2a: Garchomp
|-damage|p2a: Garchomp|11/100
|-damage|p1a: Deathstroke|41/100|[from] ability: Rough Skin|[of] p2a: Garchomp
|move|p2a: Garchomp|Earthquake|p1a: Deathstroke
|-damage|p1a: Deathstroke|0 fnt
|faint|p1a: Deathstroke
|
|-heal|p2a: Garchomp|18/100|[from] item: Leftovers
|upkeep
|j| LT94JE Lore
|
|t:|1661539151
|switch|p1a: Kong|Rillaboom, M, shiny|100/100
|-damage|p1a: Kong|88/100|[from] Stealth Rock
|-fieldstart|move: Grassy Terrain|[from] ability: Grassy Surge|[of] p1a: Kong
|turn|5
|
|t:|1661539155
|switch|p2a: Corviknight|Corviknight, F|100/100
|-ability|p2a: Corviknight|Pressure
|move|p1a: Kong|Grassy Glide|p2a: Corviknight
|-resisted|p2a: Corviknight
|-damage|p2a: Corviknight|90/100
|-damage|p1a: Kong|71/100|[from] item: Rocky Helmet|[of] p2a: Corviknight
|
|-heal|p1a: Kong|78/100|[from] Grassy Terrain
|-heal|p1a: Kong|84/100|[from] item: Leftovers
|upkeep
|turn|6
|j| Uehdhdhdjdjjd
|
|t:|1661539158
|switch|p1a: Chaos|Heatran, M, shiny|100/100
|-damage|p1a: Chaos|88/100|[from] Stealth Rock
|move|p2a: Corviknight|U-turn|p1a: Chaos
|-resisted|p1a: Chaos
|-damage|p1a: Chaos|86/100
|
|t:|1661539164
|switch|p2a: Garchomp|Garchomp, F|18/100|[from]move: U-turn
|
|-heal|p2a: Garchomp|24/100|[from] Grassy Terrain
|-heal|p2a: Garchomp|30/100|[from] item: Leftovers
|-heal|p1a: Chaos|92/100|[from] Grassy Terrain
|-heal|p1a: Chaos|98/100|[from] item: Leftovers
|upkeep
|turn|7
|
|t:|1661539166
|move|p2a: Garchomp|Earthquake|p1a: Chaos
|-supereffective|p1a: Chaos
|-damage|p1a: Chaos|29/100
|move|p1a: Chaos|Toxic|p2a: Garchomp
|-status|p2a: Garchomp|tox
|
|-heal|p2a: Garchomp|36/100 tox|[from] Grassy Terrain
|-heal|p2a: Garchomp|42/100 tox|[from] item: Leftovers
|-heal|p1a: Chaos|35/100|[from] Grassy Terrain
|-heal|p1a: Chaos|41/100|[from] item: Leftovers
|-damage|p2a: Garchomp|36/100 tox|[from] psn
|upkeep
|turn|8
|
|t:|1661539171
|move|p1a: Chaos|Protect|p1a: Chaos
|-singleturn|p1a: Chaos|Protect
|move|p2a: Garchomp|Earthquake|p1a: Chaos
|-activate|p1a: Chaos|move: Protect
|
|-heal|p2a: Garchomp|42/100 tox|[from] Grassy Terrain
|-heal|p2a: Garchomp|48/100 tox|[from] item: Leftovers
|-heal|p1a: Chaos|47/100|[from] Grassy Terrain
|-heal|p1a: Chaos|53/100|[from] item: Leftovers
|-damage|p2a: Garchomp|36/100 tox|[from] psn
|upkeep
|turn|9
|j| Endless Catharsis
|
|t:|1661539177
|switch|p2a: Ninetales|Ninetales-Alola, F|100/100
|-weather|Hail|[from] ability: Snow Warning|[of] p2a: Ninetales
|move|p1a: Chaos|Lava Plume|p2a: Ninetales
|-supereffective|p2a: Ninetales
|-damage|p2a: Ninetales|17/100
|
|-weather|Hail|[upkeep]
|-damage|p1a: Chaos|47/100|[from] Hail
|-heal|p2a: Ninetales|23/100|[from] Grassy Terrain
|-heal|p1a: Chaos|53/100|[from] Grassy Terrain
|-heal|p1a: Chaos|60/100|[from] item: Leftovers
|-fieldend|move: Grassy Terrain
|upkeep
|turn|10
|c|☆wish kisser|no
|j| Currently building
|
|t:|1661539193
|move|p2a: Ninetales|Blizzard|p1a: Chaos
|-resisted|p1a: Chaos
|-damage|p1a: Chaos|51/100
|move|p1a: Chaos|Stealth Rock|p2a: Ninetales
|-sidestart|p2: LT94JE 33321|move: Stealth Rock
|
|-weather|Hail|[upkeep]
|-damage|p1a: Chaos|45/100|[from] Hail
|-heal|p1a: Chaos|51/100|[from] item: Leftovers
|upkeep
|turn|11
|
|t:|1661539197
|move|p2a: Ninetales|Blizzard|p1a: Chaos
|-resisted|p1a: Chaos
|-damage|p1a: Chaos|43/100
|-status|p1a: Chaos|frz
|cant|p1a: Chaos|frz
|
|-weather|Hail|[upkeep]
|-damage|p1a: Chaos|37/100 frz|[from] Hail
|-heal|p1a: Chaos|43/100 frz|[from] item: Leftovers
|upkeep
|turn|12
|c| Rubiaa|Lol
|
|t:|1661539209
|move|p2a: Ninetales|Blizzard|p1a: Chaos
|-resisted|p1a: Chaos
|-damage|p1a: Chaos|34/100 frz
|cant|p1a: Chaos|frz
|
|-weather|Hail|[upkeep]
|-damage|p1a: Chaos|28/100 frz|[from] Hail
|-heal|p1a: Chaos|34/100 frz|[from] item: Leftovers
|upkeep
|turn|13
|c|☆wish kisser|x:d:
|
|t:|1661539215
|move|p2a: Ninetales|Blizzard|p1a: Chaos
|-resisted|p1a: Chaos
|-damage|p1a: Chaos|26/100 frz
|cant|p1a: Chaos|frz
|
|-weather|Hail|[upkeep]
|-damage|p1a: Chaos|19/100 frz|[from] Hail
|-heal|p1a: Chaos|26/100 frz|[from] item: Leftovers
|upkeep
|turn|14
|c|☆wish kisser|damn
|
|t:|1661539219
|move|p2a: Ninetales|Blizzard|p1a: Chaos
|-resisted|p1a: Chaos
|-damage|p1a: Chaos|17/100 frz
|cant|p1a: Chaos|frz
|
|-weather|Hail|[upkeep]
|-damage|p1a: Chaos|10/100 frz|[from] Hail
|-heal|p1a: Chaos|17/100 frz|[from] item: Leftovers
|upkeep
|turn|15
|c| blarghlfarghl|lmao
|c| blarghlfarghl|smashed
|c|☆wish kisser|fuckin g tran
|c|☆wish kisser|being USEFUL
|c| tolstoy|is something funny blarghlfarghl?
|
|t:|1661539229
|move|p2a: Ninetales|Blizzard|p1a: Chaos
|-resisted|p1a: Chaos
|-damage|p1a: Chaos|8/100 frz
|-curestatus|p1a: Chaos|frz|[msg]
|move|p1a: Chaos|Lava Plume|p2a: Ninetales
|-supereffective|p2a: Ninetales
|-damage|p2a: Ninetales|0 fnt
|faint|p2a: Ninetales
|
|-weather|Hail|[upkeep]
|-damage|p1a: Chaos|2/100|[from] Hail
|-heal|p1a: Chaos|8/100|[from] item: Leftovers
|upkeep
|c| blarghlfarghl|indeed
|c|☆wish kisser|deserved
|c| Rubiaa|lessgo he thawed
|
|t:|1661539238
|switch|p2a: Arctozolt|Arctozolt|100/100
|turn|16
|
|t:|1661539244
|move|p2a: Arctozolt|Blizzard|p1a: Chaos
|-resisted|p1a: Chaos
|-damage|p1a: Chaos|1/100
|move|p1a: Chaos|Lava Plume|p2a: Arctozolt
|-supereffective|p2a: Arctozolt
|-damage|p2a: Arctozolt|0 fnt
|faint|p2a: Arctozolt
|
|-weather|none
|-heal|p1a: Chaos|8/100|[from] item: Leftovers
|upkeep
|c|☆wish kisser|LOL
|c| blarghlfarghl|nah i dont think taht was deserved
|c| blarghlfarghl|LMAO
|c| blarghlfarghl|this guy...
|
|t:|1661539255
|switch|p2a: Dragonite|Dragonite, M|100/100
|turn|17
|c| Rubiaa|LOL
|
|t:|1661539258
|move|p2a: Dragonite|Earthquake|p1a: Chaos
|-supereffective|p1a: Chaos
|-damage|p1a: Chaos|0 fnt
|faint|p1a: Chaos
|
|upkeep
|
|t:|1661539260
|switch|p1a: Byakko|Zapdos, shiny|100/100
|turn|18
|
|t:|1661539263
|switch|p2a: Corviknight|Corviknight, F|90/100
|-damage|p2a: Corviknight|78/100|[from] Stealth Rock
|-ability|p2a: Corviknight|Pressure
|move|p1a: Byakko|Hurricane|p2a: Corviknight|[miss]
|-miss|p1a: Byakko|p2a: Corviknight
|
|upkeep
|turn|19
|c| blarghlfarghl|wish kisser may i have the rank of roomvoice
|
|t:|1661539266
|move|p1a: Byakko|Thunderbolt|p2a: Corviknight
|-supereffective|p2a: Corviknight
|-damage|p2a: Corviknight|13/100
|move|p2a: Corviknight|U-turn|p1a: Byakko
|-resisted|p1a: Byakko
|-damage|p1a: Byakko|91/100
|
|t:|1661539272
|switch|p2a: Kartana|Kartana|100/100|[from]move: U-turn
|-damage|p2a: Kartana|94/100|[from] Stealth Rock
|
|upkeep
|turn|20
|c| blarghlfarghl|i have some important info to convey
|c|☆wish kisser|yes
|raw|<div class="broadcast-red"><strong>Moderated chat was set to +!</strong><br />Only users of rank + and higher can talk.</div>
|n|+blarghlfarghl|blarghlfarghl
|n|+blarghlfarghl|blarghlfarghl
|c|☆wish kisser|/log blarghlfarghl was promoted to Room Voice by wish kisser.
|n|+blarghlfarghl|blarghlfarghl
|c|+blarghlfarghl|!weak heatran
|c| blarghlfarghl|/raw <div class="infobox">Heatran (ignoring abilities):<br /><span class="message-effect-weak">Weaknesses</span>: Fighting, <b>Ground</b>, Water<br /><span class="message-effect-resist">Resistances</span>: <b>Bug</b>, Dragon, <b>Fairy</b>, Flying, <b>Grass</b>, <b>Ice</b>, Normal, Psychic, <b>Steel</b><br /><span class="message-effect-immune">Immunities</span>: Poison, Burn, Sandstorm damage, Toxic</div>
|c|+blarghlfarghl|hope this helps
|inactive|wish kisser has 120 seconds left.
|
|t:|1661539322
|switch|p1a: Zephyr|Zeraora, shiny|100/100
|move|p2a: Kartana|Knock Off|p1a: Zephyr
|-damage|p1a: Zephyr|28/100
|-enditem|p1a: Zephyr|Heavy-Duty Boots|[from] move: Knock Off|[of] p2a: Kartana
|-damage|p2a: Kartana|85/100|[from] item: Life Orb
|
|upkeep
|turn|21
|
|t:|1661539340
|switch|p2a: Garchomp|Garchomp, F|36/100 tox
|-damage|p2a: Garchomp|30/100 tox|[from] Stealth Rock
|move|p1a: Zephyr|Blaze Kick|p2a: Garchomp
|-resisted|p2a: Garchomp
|-damage|p2a: Garchomp|16/100 tox
|-damage|p1a: Zephyr|16/100|[from] ability: Rough Skin|[of] p2a: Garchomp
|
|-heal|p2a: Garchomp|22/100 tox|[from] item: Leftovers
|-damage|p2a: Garchomp|16/100 tox|[from] psn
|upkeep
|turn|22
|c|+blarghlfarghl|i see
|
|t:|1661539345
|switch|p2a: Corviknight|Corviknight, F|13/100
|-damage|p2a: Corviknight|0 fnt|[from] Stealth Rock
|faint|p2a: Corviknight
|move|p1a: Zephyr|Knock Off|p2: Corviknight|[notarget]
|-fail|p1a: Zephyr
|
|upkeep
|c|☆wish kisser|wut
|
|t:|1661539349
|switch|p2a: Dragonite|Dragonite, M|100/100
|turn|23
|
|t:|1661539353
|move|p2a: Dragonite|Extreme Speed|p1a: Zephyr
|-damage|p1a: Zephyr|0 fnt
|faint|p1a: Zephyr
|
|upkeep
|
|t:|1661539356
|switch|p1a: Byakko|Zapdos, shiny|91/100
|turn|24
|
|t:|1661539358
|switch|p2a: Garchomp|Garchomp, F|16/100 tox
|-damage|p2a: Garchomp|10/100 tox|[from] Stealth Rock
|move|p1a: Byakko|Thunderbolt|p2a: Garchomp
|-immune|p2a: Garchomp
|
|-heal|p2a: Garchomp|16/100 tox|[from] item: Leftovers
|-damage|p2a: Garchomp|10/100 tox|[from] psn
|upkeep
|turn|25
|
|t:|1661539364
|move|p2a: Garchomp|Swords Dance|p2a: Garchomp
|-boost|p2a: Garchomp|atk|2
|move|p1a: Byakko|Roost|p1a: Byakko
|-heal|p1a: Byakko|100/100
|-singleturn|p1a: Byakko|move: Roost
|
|-heal|p2a: Garchomp|16/100 tox|[from] item: Leftovers
|-damage|p2a: Garchomp|4/100 tox|[from] psn
|upkeep
|turn|26
|
|t:|1661539368
|switch|p1a: Amaterasu|Volcarona, M, shiny|100/100
|move|p2a: Garchomp|Scale Shot|p1a: Amaterasu
|-damage|p1a: Amaterasu|61/100
|-damage|p1a: Amaterasu|22/100
|-damage|p1a: Amaterasu|0 fnt
|faint|p1a: Amaterasu
|-hitcount|p1: Amaterasu|3
|-unboost|p2a: Garchomp|def|1
|-boost|p2a: Garchomp|spe|1
|
|-heal|p2a: Garchomp|10/100 tox|[from] item: Leftovers
|-damage|p2a: Garchomp|0 fnt|[from] psn
|faint|p2a: Garchomp
|upkeep
|c|+blarghlfarghl|your may be owned
|
|t:|1661539373
|switch|p2a: Kartana|Kartana|85/100
|switch|p1a: Kong|Rillaboom, M, shiny|84/100
|-damage|p2a: Kartana|78/100|[from] Stealth Rock
|-damage|p1a: Kong|71/100|[from] Stealth Rock
|-fieldstart|move: Grassy Terrain|[from] ability: Grassy Surge|[of] p1a: Kong
|turn|27
|
|t:|1661539383
|switch|p2a: Dragonite|Dragonite, M|100/100
|move|p1a: Kong|Superpower|p2a: Dragonite
|-resisted|p2a: Dragonite
|-damage|p2a: Dragonite|89/100
|-unboost|p1a: Kong|atk|1
|-unboost|p1a: Kong|def|1
|
|-heal|p1a: Kong|78/100|[from] Grassy Terrain
|-heal|p1a: Kong|84/100|[from] item: Leftovers
|upkeep
|turn|28
|
|t:|1661539385
|move|p2a: Dragonite|Dragon Dance|p2a: Dragonite
|-boost|p2a: Dragonite|atk|1
|-boost|p2a: Dragonite|spe|1
|move|p1a: Kong|Superpower|p2a: Dragonite
|-resisted|p2a: Dragonite
|-damage|p2a: Dragonite|74/100
|-unboost|p1a: Kong|atk|1
|-unboost|p1a: Kong|def|1
|
|-heal|p1a: Kong|90/100|[from] Grassy Terrain
|-heal|p1a: Kong|96/100|[from] item: Leftovers
|upkeep
|turn|29
|c|+blarghlfarghl|ok
|c|☆wish kisser|i got
|
|t:|1661539390
|switch|p1a: Byakko|Zapdos, shiny|100/100
|move|p2a: Dragonite|Dragon Dance|p2a: Dragonite
|-boost|p2a: Dragonite|atk|1
|-boost|p2a: Dragonite|spe|1
|
|upkeep
|turn|30
|c|+blarghlfarghl|LOL
|
|t:|1661539396
|move|p2a: Dragonite|Dragon Dance|p2a: Dragonite
|-boost|p2a: Dragonite|atk|1
|-boost|p2a: Dragonite|spe|1
|move|p1a: Byakko|Hurricane|p2a: Dragonite
|-damage|p2a: Dragonite|18/100
|
|upkeep
|turn|31
|
|t:|1661539399
|move|p2a: Dragonite|Dual Wingbeat|p1a: Byakko
|-resisted|p1a: Byakko
|-damage|p1a: Byakko|63/100
|-status|p2a: Dragonite|par|[from] ability: Static|[of] p1a: Byakko
|-resisted|p1a: Byakko
|-damage|p1a: Byakko|24/100
|-hitcount|p1a: Byakko|2
|move|p1a: Byakko|Roost|p1a: Byakko
|-heal|p1a: Byakko|74/100
|-singleturn|p1a: Byakko|move: Roost
|
|-heal|p1a: Byakko|81/100|[from] Grassy Terrain
|-fieldend|move: Grassy Terrain
|upkeep
|turn|32
|c|+blarghlfarghl|ok.
|c|☆wish kisser|no
|
|t:|1661539406
|move|p2a: Dragonite|Extreme Speed|p1a: Byakko
|-damage|p1a: Byakko|0 fnt
|faint|p1a: Byakko
|
|upkeep
|
|t:|1661539409
|switch|p1a: Kong|Rillaboom, M, shiny|96/100
|-damage|p1a: Kong|84/100|[from] Stealth Rock
|-fieldstart|move: Grassy Terrain|[from] ability: Grassy Surge|[of] p1a: Kong
|turn|33
|c|☆wish kisser|YES
|c|☆wish kisser|LOL
|
|t:|1661539414
|move|p2a: Dragonite|Extreme Speed|p1a: Kong
|-damage|p1a: Kong|17/100
|move|p1a: Kong|Grassy Glide|p2a: Dragonite
|-resisted|p2a: Dragonite
|-damage|p2a: Dragonite|3/100 par
|
|-heal|p1a: Kong|24/100|[from] Grassy Terrain
|-heal|p1a: Kong|30/100|[from] item: Leftovers
|upkeep
|turn|34
|c|+blarghlfarghl|kek
|c|+blarghlfarghl|i see
|
|t:|1661539420
|cant|p2a: Dragonite|par
|move|p1a: Kong|Swords Dance|p1a: Kong
|-boost|p1a: Kong|atk|2
|
|-heal|p1a: Kong|36/100|[from] Grassy Terrain
|-heal|p1a: Kong|42/100|[from] item: Leftovers
|upkeep
|turn|35
|c|☆wish kisser|wincond
|c|+blarghlfarghl|1
|c|☆wish kisser|for the freeze
|
|t:|1661539427
|cant|p2a: Dragonite|par
|move|p1a: Kong|Grassy Glide|p2a: Dragonite
|-resisted|p2a: Dragonite
|-damage|p2a: Dragonite|0 fnt
|faint|p2a: Dragonite
|
|-heal|p1a: Kong|48/100|[from] Grassy Terrain
|-heal|p1a: Kong|55/100|[from] item: Leftovers
|upkeep
|c|☆wish kisser|LOL
|c|+blarghlfarghl|oh?
|
|t:|1661539429
|switch|p2a: Kartana|Kartana|78/100
|-damage|p2a: Kartana|72/100|[from] Stealth Rock
|turn|36
|c|☆wish kisser|do sd
|c|☆wish kisser|dw
|
|t:|1661539441
|move|p2a: Kartana|Knock Off|p1a: Kong
|-damage|p1a: Kong|1/100
|-enditem|p1a: Kong|Leftovers|[from] move: Knock Off|[of] p2a: Kartana
|-damage|p2a: Kartana|63/100|[from] item: Life Orb
|move|p1a: Kong|Superpower|p2a: Kartana
|-supereffective|p2a: Kartana
|-damage|p2a: Kartana|0 fnt
|-unboost|p1a: Kong|atk|1
|-unboost|p1a: Kong|def|1
|faint|p2a: Kartana
|
|win|wish kisser
|raw|wish kisser's rating: 1800 &rarr; <strong>1826</strong><br />(+26 for winning)
|raw|LT94JE 33321's rating: 1901 &rarr; <strong>1875</strong><br />(-26 for losing)
|c|+blarghlfarghl|eved
|c|☆wish kisser|LOL
|l|☆LT94JE 33321
|c|+blarghlfarghl|excellent game
|l|+blarghlfarghl
|c|☆wish kisser|gg
||Ladder isn't responding, score probably updated but might not have (Request timeout).
