|j|☆Seigneur-Fou
|j|☆radicalfreeradical
|t:|1657999116
|gametype|singles
|player|p1|Seigneur-Fou|170|1387
|player|p2|radicalfreeradical|volkner|1343
|teamsize|p1|6
|teamsize|p2|6
|gen|8
|tier|[Gen 8] OU
|rated|
|rule|Sleep Clause Mod: Limit one foe put to sleep
|rule|Species Clause: Limit one of each Pokémon
|rule|OHKO Clause: OHKO moves are banned
|rule|Evasion Moves Clause: Evasion moves are banned
|rule|Endless Battle Clause: Forcing endless battles is banned
|rule|HP Percentage Mod: HP is shown in percentages
|rule|Dynamax Clause: You cannot dynamax
|clearpoke
|poke|p1|Landorus-Therian, M|
|poke|p1|Zapdos|
|poke|p1|Dragapult, M|
|poke|p1|Ferrothorn, F|
|poke|p1|Moltres|
|poke|p1|Tapu Lele|
|poke|p2|Landorus-Therian, M|
|poke|p2|Tangrowth, M|
|poke|p2|Conkeldurr, M|
|poke|p2|Blissey, F|
|poke|p2|Volcanion|
|poke|p2|Hydreigon, M|
|teampreview
|inactive|Battle timer is ON: inactive players will automatically lose when time's up. (requested by radicalfreeradical)
|inactive|Seigneur-Fou also wants the timer to be on.
|
|t:|1657999143
|start
|switch|p1a: Landorus|Landorus-Therian, M|100/100
|switch|p2a: Conkeldurr|Conkeldurr, M|100/100
|-ability|p1a: Landorus|Intimidate|boost
|-unboost|p2a: Conkeldurr|atk|1
|turn|1
|
|t:|1657999154
|switch|p1a: Zapdos|Zapdos|100/100
|move|p2a: Conkeldurr|Ice Punch|p1a: Zapdos
|-supereffective|p1a: Zapdos
|-damage|p1a: Zapdos|57/100
|
|upkeep
|turn|2
|
|t:|1657999160
|switch|p2a: Blissey|Blissey, F, shiny|100/100
|move|p1a: Zapdos|Roost|p1a: Zapdos
|-heal|p1a: Zapdos|100/100
|-singleturn|p1a: Zapdos|move: Roost
|
|upkeep
|turn|3
|
|t:|1657999167
|switch|p1a: Ferrothorn|Ferrothorn, F|100/100
|move|p2a: Blissey|Stealth Rock|p1a: Ferrothorn
|-sidestart|p1: Seigneur-Fou|move: Stealth Rock
|
|upkeep
|turn|4
|
|t:|1657999174
|switch|p2a: Volcanion|Volcanion|100/100
|move|p1a: Ferrothorn|Stealth Rock|p2a: Volcanion
|-sidestart|p2: radicalfreeradical|move: Stealth Rock
|
|upkeep
|turn|5
|
|t:|1657999186
|move|p2a: Volcanion|Heat Wave|p1a: Ferrothorn
|-supereffective|p1a: Ferrothorn
|-damage|p1a: Ferrothorn|0 fnt
|faint|p1a: Ferrothorn
|
|upkeep
|
|t:|1657999193
|switch|p1a: Zapdos|Zapdos|100/100
|turn|6
|
|t:|1657999198
|switch|p2a: Blissey|Blissey, F, shiny|100/100
|-damage|p2a: Blissey|88/100|[from] Stealth Rock
|move|p1a: Zapdos|Discharge|p2a: Blissey
|-damage|p2a: Blissey|78/100
|-status|p2a: Blissey|par
|
|-heal|p2a: Blissey|84/100 par|[from] item: Leftovers
|upkeep
|turn|7
|
|t:|1657999216
|move|p1a: Zapdos|Hurricane|p2a: Blissey|[miss]
|-miss|p1a: Zapdos|p2a: Blissey
|move|p2a: Blissey|Seismic Toss|p1a: Zapdos
|-damage|p1a: Zapdos|74/100
|
|-heal|p2a: Blissey|91/100 par|[from] item: Leftovers
|upkeep
|turn|8
|
|t:|1657999225
|move|p1a: Zapdos|Roost|p1a: Zapdos
|-heal|p1a: Zapdos|100/100
|-singleturn|p1a: Zapdos|move: Roost
|move|p2a: Blissey|Wish|p2a: Blissey
|
|-heal|p2a: Blissey|97/100 par|[from] item: Leftovers
|upkeep
|turn|9
|
|t:|1657999235
|switch|p1a: Dragapult|Dragapult, M|100/100
|-damage|p1a: Dragapult|88/100|[from] Stealth Rock
|-curestatus|p2a: Blissey|par|[from] ability: Natural Cure
|switch|p2a: Landorus|Landorus-Therian, M|100/100
|-damage|p2a: Landorus|88/100|[from] Stealth Rock
|-ability|p2a: Landorus|Intimidate|boost
|-unboost|p1a: Dragapult|atk|1
|
|-heal|p2a: Landorus|100/100|[from] move: Wish|[wisher] Blissey
|-heal|p1a: Dragapult|94/100|[from] item: Leftovers
|upkeep
|turn|10
|
|t:|1657999255
|switch|p1a: Landorus|Landorus-Therian, M|100/100
|-damage|p1a: Landorus|88/100|[from] Stealth Rock
|-ability|p1a: Landorus|Intimidate|boost
|-unboost|p2a: Landorus|atk|1
|move|p2a: Landorus|Rock Tomb|p1a: Landorus
|-damage|p1a: Landorus|72/100
|-unboost|p1a: Landorus|spe|1
|
|-heal|p1a: Landorus|78/100|[from] item: Leftovers
|upkeep
|turn|11
|
|t:|1657999272
|switch|p2a: Tangrowth|Tangrowth, M|100/100
|-damage|p2a: Tangrowth|88/100|[from] Stealth Rock
|move|p1a: Landorus|Substitute|p1a: Landorus
|-start|p1a: Landorus|Substitute
|-damage|p1a: Landorus|53/100
|
|-heal|p1a: Landorus|59/100|[from] item: Leftovers
|upkeep
|turn|12
|
|t:|1657999279
|move|p1a: Landorus|Stone Edge|p2a: Tangrowth
|-damage|p2a: Tangrowth|68/100
|move|p2a: Tangrowth|Giga Drain|p1a: Landorus
|-end|p1a: Landorus|Substitute
|-heal|p2a: Tangrowth|78/100|[from] drain|[of] p1a: Landorus
|
|-heal|p1a: Landorus|65/100|[from] item: Leftovers
|upkeep
|turn|13
|
|t:|1657999289
|switch|p1a: Moltres|Moltres|100/100
|move|p2a: Tangrowth|Knock Off|p1a: Moltres
|-crit|p1a: Moltres
|-damage|p1a: Moltres|78/100
|-status|p2a: Tangrowth|brn|[from] ability: Flame Body|[of] p1a: Moltres
|-enditem|p1a: Moltres|Heavy-Duty Boots|[from] move: Knock Off|[of] p2a: Tangrowth
|
|-damage|p2a: Tangrowth|72/100 brn|[from] brn
|upkeep
|turn|14
|
|t:|1657999308
|switch|p1a: Landorus|Landorus-Therian, M|65/100
|-damage|p1a: Landorus|53/100|[from] Stealth Rock
|-ability|p1a: Landorus|Intimidate|boost
|-unboost|p2a: Tangrowth|atk|1
|switch|p2a: Blissey|Blissey, F, shiny|97/100
|-damage|p2a: Blissey|84/100|[from] Stealth Rock
|
|-heal|p1a: Landorus|59/100|[from] item: Leftovers
|-heal|p2a: Blissey|90/100|[from] item: Leftovers
|upkeep
|turn|15
|
|t:|1657999321
|move|p1a: Landorus|Swords Dance|p1a: Landorus
|-boost|p1a: Landorus|atk|2
|move|p2a: Blissey|Seismic Toss|p1a: Landorus
|-damage|p1a: Landorus|28/100
|
|-heal|p1a: Landorus|34/100|[from] item: Leftovers
|-heal|p2a: Blissey|97/100|[from] item: Leftovers
|upkeep
|turn|16
|
|t:|1657999329
|switch|p2a: Tangrowth|Tangrowth, M|100/100 brn
|-damage|p2a: Tangrowth|88/100 brn|[from] Stealth Rock
|move|p1a: Landorus|Substitute|p1a: Landorus
|-start|p1a: Landorus|Substitute
|-damage|p1a: Landorus|9/100
|
|-heal|p1a: Landorus|15/100|[from] item: Leftovers
|-damage|p2a: Tangrowth|82/100 brn|[from] brn
|upkeep
|turn|17
|
|t:|1657999338
|move|p1a: Landorus|Stone Edge|p2a: Tangrowth
|-damage|p2a: Tangrowth|39/100 brn
|move|p2a: Tangrowth|Giga Drain|p1a: Landorus
|-end|p1a: Landorus|Substitute
|-heal|p2a: Tangrowth|49/100 brn|[from] drain|[of] p1a: Landorus
|
|-heal|p1a: Landorus|21/100|[from] item: Leftovers
|-damage|p2a: Tangrowth|43/100 brn|[from] brn
|upkeep
|turn|18
|
|t:|1657999347
|move|p1a: Landorus|Stone Edge|p2a: Tangrowth|[miss]
|-miss|p1a: Landorus|p2a: Tangrowth
|move|p2a: Tangrowth|Giga Drain|p1a: Landorus
|-damage|p1a: Landorus|0 fnt
|-heal|p2a: Tangrowth|51/100 brn|[from] drain|[of] p1a: Landorus
|faint|p1a: Landorus
|
|-damage|p2a: Tangrowth|45/100 brn|[from] brn
|upkeep
|
|t:|1657999358
|switch|p1a: Dragapult|Dragapult, M|94/100
|-damage|p1a: Dragapult|82/100|[from] Stealth Rock
|turn|19
|
|t:|1657999365
|move|p1a: Dragapult|Substitute|p1a: Dragapult
|-start|p1a: Dragapult|Substitute
|-damage|p1a: Dragapult|57/100
|move|p2a: Tangrowth|Knock Off|p1a: Dragapult
|-supereffective|p1a: Dragapult
|-end|p1a: Dragapult|Substitute
|
|-heal|p1a: Dragapult|63/100|[from] item: Leftovers
|-damage|p2a: Tangrowth|38/100 brn|[from] brn
|upkeep
|turn|20
|
|t:|1657999373
|move|p1a: Dragapult|Dragon Dance|p1a: Dragapult
|-boost|p1a: Dragapult|atk|1
|-boost|p1a: Dragapult|spe|1
|move|p2a: Tangrowth|Knock Off|p1a: Dragapult
|-supereffective|p1a: Dragapult
|-damage|p1a: Dragapult|34/100
|-enditem|p1a: Dragapult|Leftovers|[from] move: Knock Off|[of] p2a: Tangrowth
|
|-damage|p2a: Tangrowth|32/100 brn|[from] brn
|upkeep
|turn|21
|
|t:|1657999381
|move|p1a: Dragapult|Substitute|p1a: Dragapult
|-start|p1a: Dragapult|Substitute
|-damage|p1a: Dragapult|9/100
|move|p2a: Tangrowth|Sludge Bomb|p1a: Dragapult
|-resisted|p1a: Dragapult
|-activate|p1a: Dragapult|move: Substitute|[damage]
|
|-damage|p2a: Tangrowth|26/100 brn|[from] brn
|upkeep
|turn|22
|
|t:|1657999388
|move|p1a: Dragapult|Dragon Dance|p1a: Dragapult
|-boost|p1a: Dragapult|atk|1
|-boost|p1a: Dragapult|spe|1
|move|p2a: Tangrowth|Sludge Bomb|p1a: Dragapult
|-resisted|p1a: Dragapult
|-end|p1a: Dragapult|Substitute
|
|-damage|p2a: Tangrowth|20/100 brn|[from] brn
|upkeep
|turn|23
|
|t:|1657999397
|move|p1a: Dragapult|Dragon Darts|p2a: Tangrowth
|-damage|p2a: Tangrowth|0 fnt
|faint|p2a: Tangrowth
|
|upkeep
|
|t:|1657999411
|switch|p2a: Landorus|Landorus-Therian, M|100/100
|-damage|p2a: Landorus|88/100|[from] Stealth Rock
|-ability|p2a: Landorus|Intimidate|boost
|-unboost|p1a: Dragapult|atk|1
|turn|24
|
|t:|1657999420
|move|p1a: Dragapult|Dragon Darts|p2a: Landorus
|-damage|p2a: Landorus|54/100
|-anim|p1a: Dragapult|Dragon Darts|p2a: Landorus
|-damage|p2a: Landorus|17/100
|move|p2a: Landorus|Earthquake|p1a: Dragapult
|-damage|p1a: Dragapult|0 fnt
|faint|p1a: Dragapult
|
|-heal|p2a: Landorus|23/100|[from] item: Leftovers
|upkeep
|
|t:|1657999437
|switch|p1a: Moltres|Moltres|78/100
|-damage|p1a: Moltres|28/100|[from] Stealth Rock
|turn|25
|
|t:|1657999449
|move|p2a: Landorus|Rock Tomb|p1a: Moltres
|-supereffective|p1a: Moltres
|-damage|p1a: Moltres|0 fnt
|faint|p1a: Moltres
|
|-heal|p2a: Landorus|29/100|[from] item: Leftovers
|upkeep
|
|t:|1657999455
|switch|p1a: Tapu Lele|Tapu Lele|100/100
|-damage|p1a: Tapu Lele|88/100|[from] Stealth Rock
|-fieldstart|move: Psychic Terrain|[from] ability: Psychic Surge|[of] p1a: Tapu Lele
|turn|26
|
|t:|1657999461
|switch|p2a: Blissey|Blissey, F, shiny|97/100
|-damage|p2a: Blissey|84/100|[from] Stealth Rock
|move|p1a: Tapu Lele|Psyshock|p2a: Blissey
|-damage|p2a: Blissey|12/100
|
|-heal|p2a: Blissey|18/100|[from] item: Leftovers
|upkeep
|turn|27
|inactive|radicalfreeradical has 120 seconds left.
|
|t:|1657999503
|switch|p1a: Zapdos|Zapdos|100/100
|move|p2a: Blissey|Seismic Toss|p1a: Zapdos
|-damage|p1a: Zapdos|74/100
|-status|p2a: Blissey|par|[from] ability: Static|[of] p1a: Zapdos
|
|-heal|p2a: Blissey|24/100 par|[from] item: Leftovers
|upkeep
|turn|28
|
|t:|1657999512
|move|p1a: Zapdos|Discharge|p2a: Blissey
|-damage|p2a: Blissey|13/100 par
|move|p2a: Blissey|Soft-Boiled|p2a: Blissey
|-heal|p2a: Blissey|63/100 par
|
|-heal|p2a: Blissey|69/100 par|[from] item: Leftovers
|upkeep
|turn|29
|
|t:|1657999521
|switch|p1a: Tapu Lele|Tapu Lele|88/100
|-damage|p1a: Tapu Lele|76/100|[from] Stealth Rock
|move|p2a: Blissey|Seismic Toss|p1a: Tapu Lele
|-damage|p1a: Tapu Lele|40/100
|
|-heal|p2a: Blissey|75/100 par|[from] item: Leftovers
|upkeep
|turn|30
|
|t:|1657999533
|move|p1a: Tapu Lele|Moonblast|p2a: Blissey
|-damage|p2a: Blissey|58/100 par
|-unboost|p2a: Blissey|spa|1
|move|p2a: Blissey|Seismic Toss|p1a: Tapu Lele
|-damage|p1a: Tapu Lele|5/100
|
|-heal|p2a: Blissey|64/100 par|[from] item: Leftovers
|-fieldend|move: Psychic Terrain
|upkeep
|turn|31
|-message|Seigneur-Fou forfeited.
|
|win|radicalfreeradical
|raw|Seigneur-Fou's rating: 1387 &rarr; <strong>1364</strong><br />(-23 for losing)
|raw|radicalfreeradical's rating: 1343 &rarr; <strong>1366</strong><br />(+23 for winning)
|l|☆Seigneur-Fou
||Ladder isn't responding, score probably updated but might not have (Request timeout).
