|j|☆FuckboyCharmander
|j|☆2(H2O)
|t:|1663493243
|gametype|singles
|player|p1|FuckboyCharmander|169|1713
|player|p2|2(H2O)|chase|1754
|teamsize|p1|6
|teamsize|p2|6
|gen|8
|tier|[Gen 8] OU
|rated|
|rule|Sleep Clause Mod: Limit one foe put to sleep
|rule|Species Clause: Limit one of each Pokémon
|rule|OHKO Clause: OHKO moves are banned
|rule|Evasion Items Clause: Evasion items are banned
|rule|Evasion Moves Clause: Evasion moves are banned
|rule|Endless Battle Clause: Forcing endless battles is banned
|rule|HP Percentage Mod: HP is shown in percentages
|rule|Dynamax Clause: You cannot dynamax
|clearpoke
|poke|p1|Ninetales-Alola, F|
|poke|p1|Blaziken, F|
|poke|p1|Azumarill, F|
|poke|p1|Landorus-Therian, M|
|poke|p1|Rillaboom, M|
|poke|p1|Hawlucha, F|
|poke|p2|Hatterene, F|
|poke|p2|Cresselia, F|
|poke|p2|Porygon2|
|poke|p2|Torkoal, M|
|poke|p2|Marowak-Alola, F|
|poke|p2|Stakataka|
|teampreview
|
|t:|1663493247
|start
|switch|p1a: Ninetales|Ninetales-Alola, F|100/100
|switch|p2a: Hatterene|Hatterene, F, shiny|100/100
|-weather|Hail|[from] ability: Snow Warning|[of] p1a: Ninetales
|turn|1
|inactive|Battle timer is ON: inactive players will automatically lose when time's up. (requested by 2(H2O))
|
|t:|1663493252
|move|p1a: Ninetales|Aurora Veil|p1a: Ninetales
|-sidestart|p1: FuckboyCharmander|move: Aurora Veil
|move|p2a: Hatterene|Trick Room|p2a: Hatterene
|-fieldstart|move: Trick Room|[of] p2a: Hatterene
|
|-weather|Hail|[upkeep]
|-damage|p2a: Hatterene|95/100|[from] Hail
|upkeep
|turn|2
|
|t:|1663493256
|switch|p2a: Torkoal|Torkoal, M|100/100
|-weather|SunnyDay|[from] ability: Drought|[of] p2a: Torkoal
|switch|p1a: Azumarill|Azumarill, F|100/100
|
|-weather|SunnyDay|[upkeep]
|upkeep
|turn|3
|
|t:|1663493261
|move|p2a: Torkoal|Solar Beam||[still]
|-prepare|p2a: Torkoal|Solar Beam
|-anim|p2a: Torkoal|Solar Beam|p1a: Azumarill
|-supereffective|p1a: Azumarill
|-damage|p1a: Azumarill|45/100
|move|p1a: Azumarill|Knock Off|p2a: Torkoal
|-damage|p2a: Torkoal|59/100
|-enditem|p2a: Torkoal|Choice Specs|[from] move: Knock Off|[of] p1a: Azumarill
|-damage|p1a: Azumarill|35/100|[from] item: Life Orb
|
|-weather|SunnyDay|[upkeep]
|upkeep
|turn|4
|j| ydk916
|
|t:|1663493269
|move|p1a: Azumarill|Aqua Jet|p2a: Torkoal
|-supereffective|p2a: Torkoal
|-damage|p2a: Torkoal|35/100
|-damage|p1a: Azumarill|25/100|[from] item: Life Orb
|move|p2a: Torkoal|Solar Beam||[still]
|-prepare|p2a: Torkoal|Solar Beam
|-anim|p2a: Torkoal|Solar Beam|p1a: Azumarill
|-supereffective|p1a: Azumarill
|-damage|p1a: Azumarill|0 fnt
|faint|p1a: Azumarill
|
|-weather|SunnyDay|[upkeep]
|upkeep
|
|t:|1663493276
|switch|p1a: Landorus|Landorus-Therian, M|100/100
|-ability|p1a: Landorus|Intimidate|boost
|-unboost|p2a: Torkoal|atk|1
|turn|5
|
|t:|1663493279
|move|p2a: Torkoal|Weather Ball|p1a: Landorus
|-damage|p1a: Landorus|61/100
|move|p1a: Landorus|Earthquake|p2a: Torkoal
|-supereffective|p2a: Torkoal
|-damage|p2a: Torkoal|0 fnt
|faint|p2a: Torkoal
|
|-weather|SunnyDay|[upkeep]
|-fieldend|move: Trick Room
|upkeep
|
|t:|1663493287
|switch|p2a: Cresselia|Cresselia, F|100/100
|turn|6
|
|t:|1663493289
|move|p1a: Landorus|Stealth Rock|p2a: Cresselia
|-sidestart|p2: 2(H2O)|move: Stealth Rock
|move|p2a: Cresselia|Trick Room|p2a: Cresselia
|-fieldstart|move: Trick Room|[of] p2a: Cresselia
|
|-weather|none
|upkeep
|turn|7
|
|t:|1663493296
|switch|p2a: Hatterene|Hatterene, F, shiny|95/100
|-damage|p2a: Hatterene|82/100|[from] Stealth Rock
|switch|p1a: Ninetales|Ninetales-Alola, F|100/100
|-weather|Hail|[from] ability: Snow Warning|[of] p1a: Ninetales
|
|-weather|Hail|[upkeep]
|-damage|p2a: Hatterene|76/100|[from] Hail
|upkeep
|turn|8
|
|t:|1663493299
|move|p2a: Hatterene|Mystical Fire|p1a: Ninetales
|-supereffective|p1a: Ninetales
|-damage|p1a: Ninetales|68/100
|-unboost|p1a: Ninetales|spa|1
|move|p1a: Ninetales|Moonblast|p2a: Hatterene
|-damage|p2a: Hatterene|50/100
|
|-weather|Hail|[upkeep]
|-damage|p2a: Hatterene|44/100|[from] Hail
|-sideend|p1: FuckboyCharmander|move: Aurora Veil
|upkeep
|turn|9
|
|t:|1663493313
|move|p2a: Hatterene|Mystical Fire|p1a: Ninetales
|-supereffective|p1a: Ninetales
|-damage|p1a: Ninetales|4/100
|-unboost|p1a: Ninetales|spa|1
|move|p1a: Ninetales|Aurora Veil|p1a: Ninetales
|-sidestart|p1: FuckboyCharmander|move: Aurora Veil
|
|-weather|Hail|[upkeep]
|-damage|p2a: Hatterene|38/100|[from] Hail
|upkeep
|turn|10
|
|t:|1663493318
|move|p2a: Hatterene|Psyshock|p1a: Ninetales
|-crit|p1a: Ninetales
|-damage|p1a: Ninetales|0 fnt
|faint|p1a: Ninetales
|
|-weather|Hail|[upkeep]
|-damage|p2a: Hatterene|32/100|[from] Hail
|-fieldend|move: Trick Room
|upkeep
|
|t:|1663493320
|switch|p1a: Rillaboom|Rillaboom, M|100/100
|-fieldstart|move: Grassy Terrain|[from] ability: Grassy Surge|[of] p1a: Rillaboom
|turn|11
|
|t:|1663493324
|move|p1a: Rillaboom|Swords Dance|p1a: Rillaboom
|-boost|p1a: Rillaboom|atk|2
|move|p2a: Hatterene|Trick Room|p2a: Hatterene
|-fieldstart|move: Trick Room|[of] p2a: Hatterene
|
|-weather|none
|-heal|p2a: Hatterene|38/100|[from] Grassy Terrain
|upkeep
|turn|12
|
|t:|1663493329
|move|p1a: Rillaboom|Grassy Glide|p2a: Hatterene
|-damage|p2a: Hatterene|0 fnt
|faint|p2a: Hatterene
|-damage|p1a: Rillaboom|91/100|[from] item: Life Orb
|
|-heal|p1a: Rillaboom|97/100|[from] Grassy Terrain
|upkeep
|j| i-TigEr4
|
|t:|1663493332
|switch|p2a: Marowak|Marowak-Alola, F|100/100
|-damage|p2a: Marowak|76/100|[from] Stealth Rock
|turn|13
|
|t:|1663493336
|switch|p1a: Landorus|Landorus-Therian, M|61/100
|-ability|p1a: Landorus|Intimidate|boost
|-unboost|p2a: Marowak|atk|1
|move|p2a: Marowak|Flare Blitz|p1a: Landorus
|-damage|p1a: Landorus|23/100
|-damage|p2a: Marowak|59/100|[from] item: Rocky Helmet|[of] p1a: Landorus
|
|-heal|p2a: Marowak|66/100|[from] Grassy Terrain
|upkeep
|turn|14
|
|t:|1663493346
|switch|p1a: Blaziken|Blaziken, F|100/100
|move|p2a: Marowak|Flare Blitz|p1a: Blaziken
|-resisted|p1a: Blaziken
|-damage|p1a: Blaziken|76/100
|
|-heal|p2a: Marowak|72/100|[from] Grassy Terrain
|-heal|p1a: Blaziken|82/100|[from] Grassy Terrain
|upkeep
|turn|15
|
|t:|1663493351
|switch|p1a: Landorus|Landorus-Therian, M|23/100
|-ability|p1a: Landorus|Intimidate|boost
|-unboost|p2a: Marowak|atk|1
|move|p2a: Marowak|Earthquake|p1a: Landorus
|-immune|p1a: Landorus
|
|-heal|p2a: Marowak|78/100|[from] Grassy Terrain
|-fieldend|move: Trick Room
|-fieldend|move: Grassy Terrain
|upkeep
|turn|16
|
|t:|1663493354
|switch|p2a: Cresselia|Cresselia, F|100/100
|-damage|p2a: Cresselia|88/100|[from] Stealth Rock
|move|p1a: Landorus|Earthquake|p2a: Cresselia
|-immune|p2a: Cresselia|[from] ability: Levitate
|
|-sideend|p1: FuckboyCharmander|move: Aurora Veil
|upkeep
|turn|17
|
|t:|1663493357
|move|p1a: Landorus|Knock Off|p2a: Cresselia
|-supereffective|p2a: Cresselia
|-damage|p2a: Cresselia|50/100
|-enditem|p2a: Cresselia|Mental Herb|[from] move: Knock Off|[of] p1a: Landorus
|move|p2a: Cresselia|Trick Room|p2a: Cresselia
|-fieldstart|move: Trick Room|[of] p2a: Cresselia
|
|upkeep
|turn|18
|
|t:|1663493362
|move|p2a: Cresselia|Ice Beam|p1a: Landorus
|-supereffective|p1a: Landorus
|-damage|p1a: Landorus|0 fnt
|faint|p1a: Landorus
|
|upkeep
|
|t:|1663493365
|switch|p1a: Rillaboom|Rillaboom, M|97/100
|-fieldstart|move: Grassy Terrain|[from] ability: Grassy Surge|[of] p1a: Rillaboom
|turn|19
|
|t:|1663493373
|switch|p2a: Stakataka|Stakataka, shiny|100/100
|-damage|p2a: Stakataka|94/100|[from] Stealth Rock
|move|p1a: Rillaboom|Swords Dance|p1a: Rillaboom
|-boost|p1a: Rillaboom|atk|2
|
|-heal|p2a: Stakataka|100/100|[from] Grassy Terrain
|-heal|p1a: Rillaboom|100/100|[from] Grassy Terrain
|upkeep
|turn|20
|
|t:|1663493377
|move|p1a: Rillaboom|Grassy Glide|p2a: Stakataka
|-damage|p2a: Stakataka|14/100
|-damage|p1a: Rillaboom|91/100|[from] item: Life Orb
|move|p2a: Stakataka|Gyro Ball|p1a: Rillaboom
|-damage|p1a: Rillaboom|0 fnt
|faint|p1a: Rillaboom
|-ability|p2a: Stakataka|Beast Boost|boost
|-boost|p2a: Stakataka|atk|1
|-damage|p2a: Stakataka|4/100|[from] item: Life Orb
|
|-heal|p2a: Stakataka|11/100|[from] Grassy Terrain
|upkeep
|
|t:|1663493388
|switch|p1a: Blaziken|Blaziken, F|82/100
|turn|21
|
|t:|1663493396
|switch|p1a: Hawlucha|Hawlucha, F|100/100
|-enditem|p1a: Hawlucha|Grassy Seed
|-boost|p1a: Hawlucha|def|1|[from] item: Grassy Seed
|move|p2a: Stakataka|Earthquake|p1a: Hawlucha
|-immune|p1a: Hawlucha
|
|-heal|p2a: Stakataka|17/100|[from] Grassy Terrain
|-fieldend|move: Trick Room
|upkeep
|turn|22
|
|t:|1663493404
|move|p1a: Hawlucha|Swords Dance|p1a: Hawlucha
|-boost|p1a: Hawlucha|atk|2
|move|p2a: Stakataka|Gyro Ball|p1a: Hawlucha
|-damage|p1a: Hawlucha|0 fnt
|faint|p1a: Hawlucha
|-ability|p2a: Stakataka|Beast Boost|boost
|-boost|p2a: Stakataka|atk|1
|-damage|p2a: Stakataka|7/100|[from] item: Life Orb
|
|-heal|p2a: Stakataka|13/100|[from] Grassy Terrain
|upkeep
|-message|FuckboyCharmander forfeited.
|
|win|2(H2O)
|raw|FuckboyCharmander's rating: 1713 &rarr; <strong>1695</strong><br />(-18 for losing)
|raw|2(H2O)'s rating: 1754 &rarr; <strong>1772</strong><br />(+18 for winning)
|l|☆FuckboyCharmander
|l|☆2(H2O)
|l| ydk916
