|j|☆someidiot19
|j|☆2(H2O)
|t:|1664863262
|gametype|singles
|player|p1|someidiot19|teacher-gen2|1561
|player|p2|2(H2O)|chase|1846
|teamsize|p1|6
|teamsize|p2|6
|gen|8
|tier|[Gen 8] OU
|rated|
|rule|Sleep Clause Mod: Limit one foe put to sleep
|rule|Species Clause: Limit one of each Pokémon
|rule|OHKO Clause: OHKO moves are banned
|rule|Evasion Items Clause: Evasion items are banned
|rule|Evasion Moves Clause: Evasion moves are banned
|rule|Endless Battle Clause: Forcing endless battles is banned
|rule|HP Percentage Mod: HP is shown in percentages
|rule|Dynamax Clause: You cannot dynamax
|clearpoke
|poke|p1|Slowbro, F|
|poke|p1|Tapu Lele|
|poke|p1|Gardevoir, M|
|poke|p1|Jirachi|
|poke|p1|Indeedee, M|
|poke|p1|Claydol|
|poke|p2|Weavile, M|
|poke|p2|Blaziken, M|
|poke|p2|Rillaboom, M|
|poke|p2|Nihilego|
|poke|p2|Dragapult, M|
|poke|p2|Aegislash, M|
|teampreview
|inactive|Battle timer is ON: inactive players will automatically lose when time's up. (requested by someidiot19)
|
|t:|1664863267
|start
|switch|p1a: Gardevoir|Gardevoir, M|100/100
|switch|p2a: Nihilego|Nihilego|100/100
|-ability|p1a: Gardevoir|Beast Boost|[from] ability: Trace|[of] p2a: Nihilego
|turn|1
|
|t:|1664863273
|switch|p1a: Jirachi|Jirachi|100/100
|move|p2a: Nihilego|Stealth Rock|p1a: Jirachi
|-sidestart|p1: someidiot19|move: Stealth Rock
|
|upkeep
|turn|2
|
|t:|1664863283
|switch|p2a: Aegislash|Aegislash, M|100/100
|move|p1a: Jirachi|Iron Head|p2a: Aegislash
|-resisted|p2a: Aegislash
|-damage|p2a: Aegislash|90/100
|
|upkeep
|turn|3
|
|t:|1664863288
|move|p1a: Jirachi|Protect|p1a: Jirachi
|-singleturn|p1a: Jirachi|Protect
|move|p2a: Aegislash|Swords Dance|p2a: Aegislash
|-boost|p2a: Aegislash|atk|2
|
|upkeep
|turn|4
|
|t:|1664863296
|switch|p1a: Indeedee|Indeedee, M|100/100
|-damage|p1a: Indeedee|88/100|[from] Stealth Rock
|-fieldstart|move: Psychic Terrain|[from] ability: Psychic Surge|[of] p1a: Indeedee
|-formechange|p2a: Aegislash|Aegislash-Blade||[from] ability: Stance Change
|move|p2a: Aegislash|Shadow Sneak|p1a: Indeedee
|-activate|p1a: Indeedee|move: Psychic Terrain
|
|upkeep
|turn|5
|
|t:|1664863306
|switch|p2a: Leviathan|Dragapult, M, shiny|100/100
|move|p1a: Indeedee|Mystical Fire|p2a: Leviathan
|-resisted|p2a: Leviathan
|-damage|p2a: Leviathan|77/100
|
|upkeep
|turn|6
|
|t:|1664863317
|switch|p1a: Gardevoir|Gardevoir, M|100/100
|-damage|p1a: Gardevoir|88/100|[from] Stealth Rock
|-ability|p1a: Gardevoir|Clear Body|[from] ability: Trace|[of] p2a: Leviathan
|move|p2a: Leviathan|Dragon Darts|p1a: Gardevoir
|-immune|p1a: Gardevoir
|
|upkeep
|turn|7
|
|t:|1664863326
|switch|p2a: Aegislash|Aegislash, M|90/100
|move|p1a: Gardevoir|Expanding Force|p2a: Aegislash
|-resisted|p2a: Aegislash
|-damage|p2a: Aegislash|59/100
|
|upkeep
|turn|8
|
|t:|1664863335
|switch|p1a: Jirachi|Jirachi|100/100
|-damage|p1a: Jirachi|94/100|[from] Stealth Rock
|move|p2a: Aegislash|Swords Dance|p2a: Aegislash
|-boost|p2a: Aegislash|atk|2
|
|-fieldend|move: Psychic Terrain
|upkeep
|turn|9
|
|t:|1664863342
|-formechange|p2a: Aegislash|Aegislash-Blade||[from] ability: Stance Change
|move|p2a: Aegislash|Shadow Sneak|p1a: Jirachi
|-supereffective|p1a: Jirachi
|-enditem|p1a: Jirachi|Kasib Berry|[eat]
|-enditem|p1a: Jirachi|Kasib Berry|[weaken]
|-damage|p1a: Jirachi|55/100
|move|p1a: Jirachi|U-turn|p2a: Aegislash
|-resisted|p2a: Aegislash
|-crit|p2a: Aegislash
|-damage|p2a: Aegislash|48/100
|
|t:|1664863348
|switch|p1a: Indeedee|Indeedee, M|88/100|[from]move: U-turn
|-damage|p1a: Indeedee|76/100|[from] Stealth Rock
|-fieldstart|move: Psychic Terrain|[from] ability: Psychic Surge|[of] p1a: Indeedee
|
|upkeep
|turn|10
|
|t:|1664863353
|switch|p2a: Nihilego|Nihilego|100/100
|move|p1a: Indeedee|Expanding Force|p2a: Nihilego
|-supereffective|p2a: Nihilego
|-damage|p2a: Nihilego|0 fnt
|faint|p2a: Nihilego
|
|upkeep
|
|t:|1664863358
|switch|p2a: Bandit|Weavile, M, shiny|100/100
|-ability|p2a: Bandit|Pressure
|turn|11
|
|t:|1664863362
|switch|p1a: Slowbro|Slowbro, F|100/100
|-damage|p1a: Slowbro|88/100|[from] Stealth Rock
|move|p2a: Bandit|Knock Off|p1a: Slowbro
|-supereffective|p1a: Slowbro
|-enditem|p1a: Slowbro|Colbur Berry|[eat]
|-enditem|p1a: Slowbro|Colbur Berry|[weaken]
|-damage|p1a: Slowbro|49/100
|-damage|p2a: Bandit|91/100|[from] item: Life Orb
|
|upkeep
|turn|12
|
|t:|1664863368
|move|p2a: Bandit|Knock Off|p1a: Slowbro
|-supereffective|p1a: Slowbro
|-crit|p1a: Slowbro
|-damage|p1a: Slowbro|0 fnt
|faint|p1a: Slowbro
|-damage|p2a: Bandit|81/100|[from] item: Life Orb
|
|upkeep
|
|t:|1664863380
|switch|p1a: Gardevoir|Gardevoir, M|88/100
|-damage|p1a: Gardevoir|76/100|[from] Stealth Rock
|-ability|p1a: Gardevoir|Pressure|[from] ability: Trace|[of] p2a: Bandit
|-ability|p1a: Gardevoir|Pressure
|turn|13
|
|t:|1664863386
|move|p1a: Gardevoir|Moonblast|p2a: Bandit
|-supereffective|p2a: Bandit
|-damage|p2a: Bandit|0 fnt
|faint|p2a: Bandit
|
|-fieldend|move: Psychic Terrain
|upkeep
|
|t:|1664863391
|switch|p2a: Aegislash|Aegislash, M|48/100
|turn|14
|
|t:|1664863399
|switch|p1a: Jirachi|Jirachi|55/100
|-damage|p1a: Jirachi|49/100|[from] Stealth Rock
|-formechange|p2a: Aegislash|Aegislash-Blade||[from] ability: Stance Change
|move|p2a: Aegislash|Iron Head|p1a: Jirachi
|-resisted|p1a: Jirachi
|-damage|p1a: Jirachi|29/100
|
|upkeep
|turn|15
|
|t:|1664863402
|switch|p1a: Tapu Lele|Tapu Lele|100/100
|-damage|p1a: Tapu Lele|88/100|[from] Stealth Rock
|-fieldstart|move: Psychic Terrain|[from] ability: Psychic Surge|[of] p1a: Tapu Lele
|move|p2a: Aegislash|Iron Head|p1a: Tapu Lele
|-supereffective|p1a: Tapu Lele
|-damage|p1a: Tapu Lele|0 fnt
|faint|p1a: Tapu Lele
|
|upkeep
|
|t:|1664863407
|switch|p1a: Gardevoir|Gardevoir, M|76/100
|-damage|p1a: Gardevoir|64/100|[from] Stealth Rock
|turn|16
|
|t:|1664863413
|switch|p2a: Leviathan|Dragapult, M, shiny|77/100
|-ability|p1a: Gardevoir|Clear Body|[from] ability: Trace|[of] p2a: Leviathan
|move|p1a: Gardevoir|Expanding Force|p2a: Leviathan
|-damage|p2a: Leviathan|0 fnt
|faint|p2a: Leviathan
|
|upkeep
|
|t:|1664863420
|switch|p2a: Kong|Rillaboom, M, shiny|100/100
|-fieldstart|move: Grassy Terrain|[from] ability: Grassy Surge|[of] p2a: Kong
|turn|17
|
|t:|1664863426
|switch|p1a: Claydol|Claydol|100/100
|-damage|p1a: Claydol|94/100|[from] Stealth Rock
|move|p2a: Kong|Grassy Glide|p1a: Claydol
|-supereffective|p1a: Claydol
|-damage|p1a: Claydol|0 fnt
|faint|p1a: Claydol
|-damage|p2a: Kong|91/100|[from] item: Life Orb
|
|-heal|p2a: Kong|97/100|[from] Grassy Terrain
|upkeep
|
|t:|1664863428
|switch|p1a: Indeedee|Indeedee, M|76/100
|-damage|p1a: Indeedee|64/100|[from] Stealth Rock
|-fieldstart|move: Psychic Terrain|[from] ability: Psychic Surge|[of] p1a: Indeedee
|turn|18
|
|t:|1664863431
|move|p1a: Indeedee|Expanding Force|p2a: Kong
|-damage|p2a: Kong|0 fnt
|faint|p2a: Kong
|
|upkeep
|
|t:|1664863434
|switch|p2a: Destroyer|Blaziken, M, shiny|100/100
|turn|19
|
|t:|1664863440
|switch|p1a: Gardevoir|Gardevoir, M|64/100
|-damage|p1a: Gardevoir|51/100|[from] Stealth Rock
|-ability|p1a: Gardevoir|Speed Boost|[from] ability: Trace|[of] p2a: Destroyer
|move|p2a: Destroyer|Protect||[still]
|-fail|p2a: Destroyer
|
|-ability|p2a: Destroyer|Speed Boost|boost
|-boost|p2a: Destroyer|spe|1
|upkeep
|turn|20
|
|t:|1664863445
|move|p2a: Destroyer|Protect|p2a: Destroyer
|-singleturn|p2a: Destroyer|Protect
|move|p1a: Gardevoir|Expanding Force|p2a: Destroyer
|-activate|p2a: Destroyer|move: Protect
|
|-ability|p1a: Gardevoir|Speed Boost|boost
|-boost|p1a: Gardevoir|spe|1
|-ability|p2a: Destroyer|Speed Boost|boost
|-boost|p2a: Destroyer|spe|1
|upkeep
|turn|21
|
|t:|1664863448
|move|p1a: Gardevoir|Expanding Force|p2a: Destroyer
|-supereffective|p2a: Destroyer
|-damage|p2a: Destroyer|0 fnt
|faint|p2a: Destroyer
|
|-ability|p1a: Gardevoir|Speed Boost|boost
|-boost|p1a: Gardevoir|spe|1
|upkeep
|
|t:|1664863451
|switch|p2a: Aegislash|Aegislash, M|48/100
|turn|22
|
|t:|1664863453
|move|p1a: Gardevoir|Expanding Force|p2a: Aegislash
|-resisted|p2a: Aegislash
|-damage|p2a: Aegislash|15/100
|-formechange|p2a: Aegislash|Aegislash-Blade||[from] ability: Stance Change
|move|p2a: Aegislash|Iron Head|p1a: Gardevoir
|-supereffective|p1a: Gardevoir
|-damage|p1a: Gardevoir|0 fnt
|faint|p1a: Gardevoir
|
|-fieldend|move: Psychic Terrain
|upkeep
|
|t:|1664863455
|switch|p1a: Indeedee|Indeedee, M|64/100
|-damage|p1a: Indeedee|51/100|[from] Stealth Rock
|-fieldstart|move: Psychic Terrain|[from] ability: Psychic Surge|[of] p1a: Indeedee
|turn|23
|
|t:|1664863457
|move|p1a: Indeedee|Expanding Force|p2a: Aegislash
|-resisted|p2a: Aegislash
|-damage|p2a: Aegislash|0 fnt
|faint|p2a: Aegislash
|
|win|someidiot19
|raw|someidiot19's rating: 1561 &rarr; <strong>1595</strong><br />(+34 for winning)
|raw|2(H2O)'s rating: 1846 &rarr; <strong>1812</strong><br />(-34 for losing)
|l|☆2(H2O)
