|j|☆Kaleor
|j|☆chonk tom
|t:|1636355984
|gametype|singles
|player|p1|Kaleor|swimmer-gen4dp|1581
|player|p2|chonk tom|lucas|1631
|teamsize|p1|6
|teamsize|p2|6
|gen|8
|tier|[Gen 8] OU
|rated|
|rule|Sleep Clause Mod: Limit one foe put to sleep
|rule|Species Clause: Limit one of each Pokémon
|rule|OHKO Clause: OHKO moves are banned
|rule|Evasion Moves Clause: Evasion moves are banned
|rule|Endless Battle Clause: Forcing endless battles is banned
|rule|HP Percentage Mod: HP is shown in percentages
|rule|Dynamax Clause: You cannot dynamax
|clearpoke
|poke|p1|Landorus-Therian, M|
|poke|p1|Dragapult, M|
|poke|p1|Heatran, F|
|poke|p1|Bisharp, M|
|poke|p1|Mew|
|poke|p1|Blaziken, F|
|poke|p2|Cresselia, F|
|poke|p2|Hatterene, F|
|poke|p2|Porygon2|
|poke|p2|Marowak-Alola, F|
|poke|p2|Melmetal|
|poke|p2|Crawdaunt, M|
|teampreview
|inactive|Battle timer is ON: inactive players will automatically lose when time's up. (requested by Kaleor)
|
|t:|1636355996
|start
|switch|p1a: Heatran|Heatran, F|100/100
|switch|p2a: Hatterene|Hatterene, F|100/100
|turn|1
|
|t:|1636355999
|move|p1a: Heatran|Magma Storm|p2a: Hatterene|[miss]
|-miss|p1a: Heatran|p2a: Hatterene
|move|p2a: Hatterene|Trick Room|p2a: Hatterene
|-fieldstart|move: Trick Room|[of] p2a: Hatterene
|
|upkeep
|turn|2
|
|t:|1636356002
|move|p2a: Hatterene|Healing Wish|p2a: Hatterene
|faint|p2a: Hatterene
|move|p1a: Heatran|Magma Storm|p2: Hatterene|[notarget]
|-fail|p1a: Heatran
|
|upkeep
|
|t:|1636356006
|switch|p2a: Crawdaunt|Crawdaunt, M|100/100
|turn|3
|
|t:|1636356016
|move|p2a: Crawdaunt|Swords Dance|p2a: Crawdaunt
|-boost|p2a: Crawdaunt|atk|2
|move|p1a: Heatran|Lava Plume|p2a: Crawdaunt
|-resisted|p2a: Crawdaunt
|-damage|p2a: Crawdaunt|59/100
|-damage|p1a: Heatran|91/100|[from] item: Life Orb
|
|upkeep
|turn|4
|
|t:|1636356022
|switch|p1a: Mew|Mew|100/100
|move|p2a: Crawdaunt|Knock Off|p1a: Mew
|-supereffective|p1a: Mew
|-damage|p1a: Mew|0 fnt
|-enditem|p1a: Mew|Red Card|[from] move: Knock Off|[of] p2a: Crawdaunt
|faint|p1a: Mew
|-damage|p2a: Crawdaunt|49/100|[from] item: Life Orb
|
|upkeep
|
|t:|1636356032
|switch|p1a: Landorus|Landorus-Therian, M|100/100
|-ability|p1a: Landorus|Intimidate|boost
|-unboost|p2a: Crawdaunt|atk|1
|turn|5
|
|t:|1636356035
|switch|p1a: Dragapult|Dragapult, M|100/100
|move|p2a: Crawdaunt|Crabhammer|p1a: Dragapult
|-resisted|p1a: Dragapult
|-crit|p1a: Dragapult
|-damage|p1a: Dragapult|0 fnt
|faint|p1a: Dragapult
|-damage|p2a: Crawdaunt|39/100|[from] item: Life Orb
|
|-fieldend|move: Trick Room
|upkeep
|
|t:|1636356044
|switch|p1a: Blaziken|Blaziken, F|100/100
|turn|6
|
|t:|1636356046
|move|p2a: Crawdaunt|Aqua Jet|p1a: Blaziken
|-supereffective|p1a: Blaziken
|-crit|p1a: Blaziken
|-damage|p1a: Blaziken|0 fnt
|faint|p1a: Blaziken
|-damage|p2a: Crawdaunt|29/100|[from] item: Life Orb
|
|upkeep
|
|t:|1636356050
|switch|p1a: Bisharp|Bisharp, M|100/100
|turn|7
|
|t:|1636356056
|move|p2a: Crawdaunt|Aqua Jet|p1a: Bisharp
|-damage|p1a: Bisharp|32/100
|-damage|p2a: Crawdaunt|19/100|[from] item: Life Orb
|move|p1a: Bisharp|Swords Dance|p1a: Bisharp
|-boost|p1a: Bisharp|atk|2
|
|upkeep
|turn|8
|
|t:|1636356060
|move|p1a: Bisharp|Sucker Punch|p2a: Crawdaunt
|-resisted|p2a: Crawdaunt
|-damage|p2a: Crawdaunt|0 fnt
|faint|p2a: Crawdaunt
|
|upkeep
|
|t:|1636356062
|switch|p2a: Cresselia|Cresselia, F|100/100
|turn|9
|
|t:|1636356068
|move|p1a: Bisharp|Knock Off|p2a: Cresselia
|-supereffective|p2a: Cresselia
|-enditem|p2a: Cresselia|Colbur Berry|[eat]
|-enditem|p2a: Cresselia|Colbur Berry|[weaken]
|-damage|p2a: Cresselia|13/100
|move|p2a: Cresselia|Moonblast|p1a: Bisharp
|-crit|p1a: Bisharp
|-damage|p1a: Bisharp|0 fnt
|faint|p1a: Bisharp
|
|upkeep
|
|t:|1636356074
|switch|p1a: Landorus|Landorus-Therian, M|100/100
|-ability|p1a: Landorus|Intimidate|boost
|-unboost|p2a: Cresselia|atk|1
|turn|10
|
|t:|1636356079
|move|p1a: Landorus|Swords Dance|p1a: Landorus
|-boost|p1a: Landorus|atk|2
|move|p2a: Cresselia|Trick Room|p2a: Cresselia
|-fieldstart|move: Trick Room|[of] p2a: Cresselia
|
|upkeep
|turn|11
|
|t:|1636356082
|move|p2a: Cresselia|Lunar Dance|p2a: Cresselia
|faint|p2a: Cresselia
|move|p1a: Landorus|Stealth Rock|p2: Cresselia
|-sidestart|p2: chonk tom|move: Stealth Rock
|
|upkeep
|
|t:|1636356085
|switch|p2a: Melmetal|Melmetal|100/100
|-damage|p2a: Melmetal|94/100|[from] Stealth Rock
|turn|12
|
|t:|1636356088
|move|p2a: Melmetal|Double Iron Bash|p1a: Landorus
|-damage|p1a: Landorus|23/100
|-damage|p1a: Landorus|0 fnt
|faint|p1a: Landorus
|-hitcount|p1: Landorus|2
|
|upkeep
|
|t:|1636356091
|switch|p1a: Heatran|Heatran, F|91/100
|turn|13
|
|t:|1636356093
|switch|p2a: Porygon2|Porygon2|100/100
|-damage|p2a: Porygon2|88/100|[from] Stealth Rock
|-ability|p2a: Porygon2|Flash Fire|[from] ability: Trace|[of] p1a: Heatran
|move|p1a: Heatran|Lava Plume|p2a: Porygon2
|-start|p2a: Porygon2|ability: Flash Fire
|
|upkeep
|turn|14
|inactive|chonk tom has 120 seconds left.
|
|t:|1636356126
|move|p2a: Porygon2|Ice Beam|p1a: Heatran
|-resisted|p1a: Heatran
|-damage|p1a: Heatran|85/100
|move|p1a: Heatran|Flash Cannon|p2a: Porygon2
|-damage|p2a: Porygon2|64/100
|-damage|p1a: Heatran|75/100|[from] item: Life Orb
|
|-fieldend|move: Trick Room
|upkeep
|turn|15
|
|t:|1636356133
|move|p1a: Heatran|Flash Cannon|p2a: Porygon2
|-damage|p2a: Porygon2|40/100
|-damage|p1a: Heatran|66/100|[from] item: Life Orb
|move|p2a: Porygon2|Trick Room|p2a: Porygon2
|-fieldstart|move: Trick Room|[of] p2a: Porygon2
|
|upkeep
|turn|16
|
|t:|1636356136
|move|p1a: Heatran|Flash Cannon|p2a: Porygon2
|-damage|p2a: Porygon2|17/100
|-damage|p1a: Heatran|56/100|[from] item: Life Orb
|move|p2a: Porygon2|Teleport|p2a: Porygon2
|
|t:|1636356140
|-end|p2a: Porygon2|ability: Flash Fire|[silent]
|switch|p2a: Melmetal|Melmetal|94/100|[from]move: Teleport
|-heal|p2a: Melmetal|100/100|[from] move: Healing Wish
|-heal|p2a: Melmetal|100/100|[from] move: Lunar Dance
|-damage|p2a: Melmetal|94/100|[from] Stealth Rock
|
|upkeep
|turn|17
|
|t:|1636356142
|move|p2a: Melmetal|Earthquake|p1a: Heatran
|-supereffective|p1a: Heatran
|-damage|p1a: Heatran|0 fnt
|faint|p1a: Heatran
|
|win|chonk tom
|raw|Kaleor's rating: 1581 &rarr; <strong>1564</strong><br />(-17 for losing)
|raw|chonk tom's rating: 1631 &rarr; <strong>1648</strong><br />(+17 for winning)
|l|☆Kaleor
