|j|☆Lou dort
|j|☆ou dort
|inactive|Battle timer is ON: inactive players will automatically lose when time's up.
|t:|1659299217
|gametype|singles
|player|p1|Lou dort|volo-ginkgo|
|player|p2|ou dort|hiker|
|teamsize|p1|6
|teamsize|p2|6
|gen|8
|tier|[Gen 8] OU
|rated|Tournament battle
|rule|Sleep Clause Mod: Limit one foe put to sleep
|rule|Species Clause: Limit one of each Pokémon
|rule|OHKO Clause: OHKO moves are banned
|rule|Evasion Moves Clause: Evasion moves are banned
|rule|Endless Battle Clause: Forcing endless battles is banned
|rule|HP Percentage Mod: HP is shown in percentages
|rule|Dynamax Clause: You cannot dynamax
|clearpoke
|poke|p1|Aegislash, F|
|poke|p1|Buzzwole|
|poke|p1|Chansey, F|
|poke|p1|Gastrodon, M|
|poke|p1|Corviknight, F|
|poke|p1|Tapu Koko|
|poke|p2|Weavile, M|
|poke|p2|Kartana|
|poke|p2|Corviknight, M|
|poke|p2|Polteageist|
|poke|p2|Nihilego|
|poke|p2|Landorus-Therian, M|
|teampreview
|inactive|Lou dort also wants the timer to be on.
|j| packrat386
|j| LT91BB YDFWK
|j| meme0267
|j| NoTollsNoRolls
|c|☆ou dort|hf
|j| Pk Fire 2445
|c|☆Lou dort|ok
|c|☆ou dort|personally
|
|t:|1659299237
|start
|switch|p1a: Bodybuilder|Buzzwole, shiny|100/100
|switch|p2a: Landorus|Landorus-Therian, M, shiny|100/100
|-ability|p2a: Landorus|Intimidate|boost
|-unboost|p1a: Bodybuilder|atk|1
|turn|1
|c|☆ou dort|i would ff
|c|☆ou dort|rn
|j| Quilava0001
|c|☆Lou dort|same
|
|t:|1659299244
|move|p2a: Landorus|Stealth Rock|p1a: Bodybuilder
|-sidestart|p1: Lou dort|move: Stealth Rock
|move|p1a: Bodybuilder|Ice Punch|p2a: Landorus
|-supereffective|p2a: Landorus
|-crit|p2a: Landorus
|-damage|p2a: Landorus|0 fnt
|faint|p2a: Landorus
|-ability|p1a: Bodybuilder|Beast Boost|boost
|-boost|p1a: Bodybuilder|atk|1
|
|upkeep
|c|☆ou dort|nice crit
|j| Jvh 2
|c|☆Lou dort|thanks i worked hard 4 it
|j| dfghjnkm
|
|t:|1659299262
|switch|p2a: Weavile|Weavile, M, shiny|100/100
|-ability|p2a: Weavile|Pressure
|turn|2
|j| TheQzertz
|
|t:|1659299271
|move|p2a: Weavile|Knock Off|p1a: Bodybuilder
|-resisted|p1a: Bodybuilder
|-damage|p1a: Bodybuilder|83/100
|-enditem|p1a: Bodybuilder|Choice Band|[from] move: Knock Off|[of] p2a: Weavile
|move|p1a: Bodybuilder|Ice Punch|p2a: Weavile
|-resisted|p2a: Weavile
|-damage|p2a: Weavile|73/100
|
|upkeep
|turn|3
|j| ZzzGamerzzZ
|
|t:|1659299276
|move|p2a: Weavile|Psycho Cut|p1a: Bodybuilder
|-supereffective|p1a: Bodybuilder
|-damage|p1a: Bodybuilder|50/100
|move|p1a: Bodybuilder|Close Combat|p2a: Weavile
|-supereffective|p2a: Weavile
|-damage|p2a: Weavile|0 fnt
|-unboost|p1a: Bodybuilder|def|1
|-unboost|p1a: Bodybuilder|spd|1
|faint|p2a: Weavile
|-ability|p1a: Bodybuilder|Beast Boost|boost
|-boost|p1a: Bodybuilder|atk|1
|
|upkeep
|
|t:|1659299280
|switch|p2a: Nihilego|Nihilego, shiny|100/100
|turn|4
|
|t:|1659299282
|switch|p2a: Corviknight|Corviknight, M, shiny|100/100
|switch|p1a: Chemical|Chansey, F, shiny|100/100
|-damage|p1a: Chemical|88/100|[from] Stealth Rock
|
|upkeep
|turn|5
|
|t:|1659299286
|move|p2a: Corviknight|Bulk Up|p2a: Corviknight
|-boost|p2a: Corviknight|atk|1
|-boost|p2a: Corviknight|def|1
|move|p1a: Chemical|Wish|p1a: Chemical
|
|upkeep
|turn|6
|c| TheQzertz|banded zwole
|
|t:|1659299291
|switch|p1a: Thunder|Tapu Koko|100/100
|-fieldstart|move: Electric Terrain|[from] ability: Electric Surge|[of] p1a: Thunder
|move|p2a: Corviknight|Agility|p2a: Corviknight
|-boost|p2a: Corviknight|spe|2
|
|upkeep
|turn|7
|c| TheQzertz|what is this
|
|t:|1659299295
|move|p1a: Thunder|Calm Mind|p1a: Thunder
|-boost|p1a: Thunder|spa|1
|-boost|p1a: Thunder|spd|1
|move|p2a: Corviknight|Agility|p2a: Corviknight
|-boost|p2a: Corviknight|spe|2
|
|upkeep
|turn|8
|
|t:|1659299298
|move|p2a: Corviknight|Bulk Up|p2a: Corviknight
|-boost|p2a: Corviknight|atk|1
|-boost|p2a: Corviknight|def|1
|move|p1a: Thunder|Calm Mind|p1a: Thunder
|-boost|p1a: Thunder|spa|1
|-boost|p1a: Thunder|spd|1
|
|upkeep
|turn|9
|
|t:|1659299300
|move|p2a: Corviknight|Power Trip|p1a: Thunder
|-resisted|p1a: Thunder
|-damage|p1a: Thunder|50/100
|move|p1a: Thunder|Thunderbolt|p2a: Corviknight
|-supereffective|p2a: Corviknight
|-damage|p2a: Corviknight|0 fnt
|faint|p2a: Corviknight
|
|upkeep
|
|t:|1659299307
|switch|p2a: Kartana|Kartana, shiny|100/100
|turn|10
|j| Rubiaa
|
|t:|1659299310
|move|p2a: Kartana|Leaf Blade|p1a: Thunder
|-damage|p1a: Thunder|0 fnt
|faint|p1a: Thunder
|-ability|p2a: Kartana|Beast Boost|boost
|-boost|p2a: Kartana|atk|1
|
|-fieldend|move: Electric Terrain
|upkeep
|
|t:|1659299312
|switch|p1a: Metaknight|Corviknight, F, shiny|100/100
|-damage|p1a: Metaknight|88/100|[from] Stealth Rock
|-ability|p1a: Metaknight|Pressure
|turn|11
|
|t:|1659299315
|switch|p2a: Polteageist|Polteageist, shiny|100/100
|move|p1a: Metaknight|Defog|p2a: Polteageist
|-unboost|p2a: Polteageist|evasion|1
|-sideend|p1: Lou dort|Stealth Rock|[from] move: Defog|[of] p1a: Metaknight
|-enditem|p2a: Polteageist|White Herb
|-clearnegativeboost|p2a: Polteageist|[silent]
|
|-heal|p1a: Metaknight|94/100|[from] item: Leftovers
|upkeep
|turn|12
|
|t:|1659299318
|switch|p1a: Chemical|Chansey, F, shiny|88/100
|move|p2a: Polteageist|Shell Smash|p2a: Polteageist
|-unboost|p2a: Polteageist|def|1
|-unboost|p2a: Polteageist|spd|1
|-boost|p2a: Polteageist|atk|2
|-boost|p2a: Polteageist|spa|2
|-boost|p2a: Polteageist|spe|2
|
|upkeep
|turn|13
|c| LT91BB YDFWK|Only uncommon sets allowed xD
|
|t:|1659299323
|move|p2a: Polteageist|Substitute|p2a: Polteageist
|-start|p2a: Polteageist|Substitute
|-damage|p2a: Polteageist|76/100
|move|p1a: Chemical|Wish|p1a: Chemical
|
|upkeep
|turn|14
|c|☆Lou dort|nice
|c| Rubiaa|o wtf
|c|☆ou dort|gg
|c|☆Lou dort|bringing lame shit to the finals
|c| Rubiaa|fr
|c|☆ou dort|this is my
|c|☆ou dort|stall cteam
|c|☆Lou dort|this isnt stall though
|c|☆Lou dort|???
|inactive|Lou dort has 120 seconds left.
|
|t:|1659299357
|switch|p1a: the don|Gastrodon, M|100/100
|move|p2a: Polteageist|Shell Smash|p2a: Polteageist
|-unboost|p2a: Polteageist|def|1
|-unboost|p2a: Polteageist|spd|1
|-boost|p2a: Polteageist|atk|2
|-boost|p2a: Polteageist|spa|2
|-boost|p2a: Polteageist|spe|2
|
|upkeep
|turn|15
|c|☆ou dort|bro has wish chansey
|c|☆ou dort|x.x
|
|t:|1659299361
|move|p2a: Polteageist|Stored Power|p1a: the don
|-damage|p1a: the don|0 fnt
|faint|p1a: the don
|
|upkeep
|
|t:|1659299367
|switch|p1a: Excalibur|Aegislash, F, shiny|100/100
|turn|16
|
|t:|1659299370
|-formechange|p1a: Excalibur|Aegislash-Blade||[from] ability: Stance Change
|move|p1a: Excalibur|Shadow Sneak|p2a: Polteageist
|-supereffective|p2a: Polteageist
|-end|p2a: Polteageist|Substitute
|move|p2a: Polteageist|Shadow Ball|p1a: Excalibur
|-supereffective|p1a: Excalibur
|-damage|p1a: Excalibur|0 fnt
|faint|p1a: Excalibur
|
|upkeep
|c| Rubiaa|x.x
|c| Rubiaa|clips
|c|☆ou dort|gg
|c| Rubiaa|sub polteageist x.x
|c| LT91BB YDFWK|ahhha
|c| Rubiaa|kinda heat
|inactive|Lou dort has 120 seconds left.
|c| LT91BB YDFWK|I run sub blace
|c|☆Lou dort|i dont get this set its walled by ttar
|c|☆ou dort|i run shuca blace
|c|☆ou dort|yes but
|
|t:|1659299416
|switch|p1a: Metaknight|Corviknight, F, shiny|94/100
|-ability|p1a: Metaknight|Pressure
|turn|17
|c|☆ou dort|ttar stall doesnt exist
|
|t:|1659299421
|move|p2a: Polteageist|Substitute|p2a: Polteageist
|-start|p2a: Polteageist|Substitute
|-damage|p2a: Polteageist|51/100
|move|p1a: Metaknight|U-turn|p2a: Polteageist
|-resisted|p2a: Polteageist
|-crit|p2a: Polteageist
|-end|p2a: Polteageist|Substitute
|c| LT91BB YDFWK|Just play around ttar
|c| Rubiaa|lou dort every polteageist is p much walled by ttar x.x does giga drain even do enough?
|c|☆Lou dort|yeah
|c|☆Lou dort|it prob does like 60 to offensive
|c| Rubiaa|he also has kart and corv can p much pivot forever
|inactive|Lou dort has 90 seconds left.
|c| Rubiaa|and lando ig
|c|☆ou dort|life orb giga drain ohkos cb ttar
|c|☆Lou dort|this is why i hide replays
|c|☆ou dort|at +2
|c|☆ou dort|after rocks
|c|☆ou dort|or smth
|
|t:|1659299460
|switch|p1a: Chemical|Chansey, F, shiny|88/100|[from]move: U-turn
|
|upkeep
|turn|18
|c| Rubiaa|damn
|c| Rubiaa|in sand? i overestimated it ig
|
|t:|1659299476
|move|p2a: Polteageist|Substitute|p2a: Polteageist
|-start|p2a: Polteageist|Substitute
|-damage|p2a: Polteageist|26/100
|move|p1a: Chemical|Wish|p1a: Chemical
|
|upkeep
|turn|19
|c|☆ou dort|yeah like
|c|☆ou dort|it has
|c|☆ou dort|135 spatk lol
|
|t:|1659299483
|switch|p1a: Bodybuilder|Buzzwole, shiny|50/100
|move|p2a: Polteageist|Shell Smash|p2a: Polteageist
|-unboost|p2a: Polteageist|def|1
|-unboost|p2a: Polteageist|spd|1
|-boost|p2a: Polteageist|atk|2
|-boost|p2a: Polteageist|spa|2
|-boost|p2a: Polteageist|spe|2
|
|-heal|p1a: Bodybuilder|100/100|[from] move: Wish|[wisher] Chemical
|upkeep
|turn|20
|c|☆Lou dort|click shell smash 2 times in a row
|
|t:|1659299492
|move|p2a: Polteageist|Stored Power|p1a: Bodybuilder
|-supereffective|p1a: Bodybuilder
|-damage|p1a: Bodybuilder|0 fnt
|faint|p1a: Bodybuilder
|
|upkeep
|c| Rubiaa|+1 sand boost + its ttar lmao
|
|t:|1659299497
|switch|p1a: Metaknight|Corviknight, F, shiny|94/100
|-ability|p1a: Metaknight|Pressure
|turn|21
|c|☆ou dort|nolol
|
|t:|1659299501
|move|p2a: Polteageist|Shadow Ball|p1a: Metaknight
|-damage|p1a: Metaknight|0 fnt
|faint|p1a: Metaknight
|
|upkeep
|
|t:|1659299502
|switch|p1a: Chemical|Chansey, F, shiny|88/100
|turn|22
|
|t:|1659299505
|move|p2a: Polteageist|Stored Power|p1a: Chemical
|-damage|p1a: Chemical|0 fnt
|faint|p1a: Chemical
|
|win|ou dort
|n|☆Lou dort|loudort
|n|☆ou dort|oudort
|n| packrat386|packrat386
|n| LT91BB YDFWK|lt91bbydfwk
|n| meme0267|meme0267
|n| NoTollsNoRolls|notollsnorolls
|n| Pk Fire 2445|pkfire2445
|n| Quilava0001|quilava0001
|n| Jvh 2|jvh2
|n| dfghjnkm|dfghjnkm
|n| TheQzertz|theqzertz
|n| ZzzGamerzzZ|zzzgamerzzz
|n| Rubiaa|rubiaa
