|html|<div class="broadcast-blue"><strong>[Gen 8] OU is currently suspecting Melmetal! For information on how to participate check out the <a href="https://www.smogon.com/forums/threads/np-ss-ou-suspect-process-round-12-monster-mash.3709234/">suspect thread</a>.</strong></div>
|j|☆Huskothy
|j|‽minimax_ai
|t:|1665975007
|gametype|singles
|player|p1|Huskothy|lucas|1519
|player|p2|minimax_ai|265|1536
|teamsize|p1|6
|teamsize|p2|6
|gen|8
|tier|[Gen 8] OU
|rated|
|rule|Sleep Clause Mod: Limit one foe put to sleep
|rule|Species Clause: Limit one of each Pokémon
|rule|OHKO Clause: OHKO moves are banned
|rule|Evasion Items Clause: Evasion items are banned
|rule|Evasion Moves Clause: Evasion moves are banned
|rule|Endless Battle Clause: Forcing endless battles is banned
|rule|HP Percentage Mod: HP is shown in percentages
|rule|Dynamax Clause: You cannot dynamax
|clearpoke
|poke|p1|Aerodactyl, F|
|poke|p1|Tornadus-Therian, M|
|poke|p1|Scizor, M|
|poke|p1|Garchomp, M|
|poke|p1|Rotom-Wash|
|poke|p1|Dragapult, F|
|poke|p2|Rotom-Wash|
|poke|p2|Weavile, F|
|poke|p2|Landorus-Therian, M|
|poke|p2|Heatran, M|
|poke|p2|Tangrowth, F|
|poke|p2|Melmetal|
|teampreview
|inactive|Battle timer is ON: inactive players will automatically lose when time's up. (requested by minimax_ai)
|
|t:|1665975023
|start
|switch|p1a: Aerodactyl|Aerodactyl, F|100/100
|switch|p2a: Landorus|Landorus-Therian, M|100/100
|-ability|p1a: Aerodactyl|Pressure
|-ability|p2a: Landorus|Intimidate|boost
|-unboost|p1a: Aerodactyl|atk|1
|turn|1
|
|t:|1665975026
|move|p1a: Aerodactyl|Ice Fang|p2a: Landorus
|-supereffective|p2a: Landorus
|-damage|p2a: Landorus|28/100
|move|p2a: Landorus|Toxic|p1a: Aerodactyl
|-status|p1a: Aerodactyl|tox
|
|-heal|p2a: Landorus|34/100|[from] item: Leftovers
|-damage|p1a: Aerodactyl|95/100 tox|[from] psn
|upkeep
|turn|2
|
|t:|1665975029
|switch|p1a: Scizor|Scizor, M|100/100
|switch|p2a: Rotom|Rotom-Wash|100/100
|
|upkeep
|turn|3
|
|t:|1665975034
|move|p2a: Rotom|Thunderbolt|p1a: Scizor
|-damage|p1a: Scizor|65/100
|move|p1a: Scizor|U-turn|p2a: Rotom
|-damage|p2a: Rotom|67/100
|
|t:|1665975040
|switch|p1a: Dragapult|Dragapult, F|100/100|[from]move: U-turn
|
|-heal|p2a: Rotom|73/100|[from] item: Leftovers
|upkeep
|turn|4
|
|t:|1665975049
|switch|p2a: Melmetal|Melmetal|100/100
|move|p1a: Dragapult|Hex|p2a: Melmetal
|-damage|p2a: Melmetal|83/100
|
|upkeep
|turn|5
|
|t:|1665975055
|move|p1a: Dragapult|U-turn|p2a: Melmetal
|-resisted|p2a: Melmetal
|-damage|p2a: Melmetal|78/100
|
|t:|1665975056
|switch|p1a: Rotom|Rotom-Wash|100/100|[from]move: U-turn
|move|p2a: Melmetal|Thunder Punch|p1a: Rotom
|-damage|p1a: Rotom|64/100
|
|-heal|p1a: Rotom|71/100|[from] item: Leftovers
|upkeep
|turn|6
|
|t:|1665975059
|switch|p2a: Rotom|Rotom-Wash|73/100
|move|p1a: Rotom|Pain Split|p2a: Rotom
|-sethp|p2a: Rotom|72/100|[from] move: Pain Split|[silent]
|-sethp|p1a: Rotom|72/100|[from] move: Pain Split
|
|-heal|p2a: Rotom|78/100|[from] item: Leftovers
|-heal|p1a: Rotom|78/100|[from] item: Leftovers
|upkeep
|turn|7
|
|t:|1665975061
|move|p2a: Rotom|Thunderbolt|p1a: Rotom
|-crit|p1a: Rotom
|-damage|p1a: Rotom|30/100
|move|p1a: Rotom|Volt Switch|p2a: Rotom
|-damage|p2a: Rotom|52/100
|
|t:|1665975066
|switch|p1a: Dragapult|Dragapult, F|100/100|[from]move: Volt Switch
|
|-heal|p2a: Rotom|58/100|[from] item: Leftovers
|upkeep
|turn|8
|
|t:|1665975069
|switch|p2a: Melmetal|Melmetal|78/100
|move|p1a: Dragapult|U-turn|p2a: Melmetal
|-resisted|p2a: Melmetal
|-crit|p2a: Melmetal
|-damage|p2a: Melmetal|71/100
|
|t:|1665975071
|switch|p1a: Rotom|Rotom-Wash|30/100|[from]move: U-turn
|
|-heal|p1a: Rotom|36/100|[from] item: Leftovers
|upkeep
|turn|9
|
|t:|1665975072
|switch|p2a: Weavile|Weavile, F|100/100
|-ability|p2a: Weavile|Pressure
|move|p1a: Rotom|Volt Switch|p2a: Weavile
|-damage|p2a: Weavile|64/100
|
|t:|1665975075
|switch|p1a: Scizor|Scizor, M|65/100|[from]move: Volt Switch
|
|upkeep
|turn|10
|
|t:|1665975079
|switch|p2a: Heatran|Heatran, M|100/100
|-item|p2a: Heatran|Air Balloon
|move|p1a: Scizor|Roost|p1a: Scizor
|-heal|p1a: Scizor|100/100
|-singleturn|p1a: Scizor|move: Roost
|
|upkeep
|turn|11
|
|t:|1665975083
|switch|p1a: Dragapult|Dragapult, F|100/100
|move|p2a: Heatran|Eruption|p1a: Dragapult
|-resisted|p1a: Dragapult
|-damage|p1a: Dragapult|52/100
|
|upkeep
|turn|12
|
|t:|1665975088
|move|p1a: Dragapult|Hex|p2a: Heatran
|-damage|p2a: Heatran|65/100
|-enditem|p2a: Heatran|Air Balloon
|move|p2a: Heatran|Eruption|p1a: Dragapult
|-resisted|p1a: Dragapult
|-damage|p1a: Dragapult|18/100
|
|upkeep
|turn|13
|
|t:|1665975090
|move|p1a: Dragapult|U-turn|p2a: Heatran
|-resisted|p2a: Heatran
|-damage|p2a: Heatran|61/100
|
|t:|1665975093
|switch|p1a: Garchomp|Garchomp, M|100/100|[from]move: U-turn
|move|p2a: Heatran|Stealth Rock|p1a: Garchomp
|-sidestart|p1: Huskothy|move: Stealth Rock
|
|upkeep
|turn|14
|
|t:|1665975096
|switch|p2a: Tangrowth|Tangrowth, F|100/100
|move|p1a: Garchomp|Stealth Rock|p2a: Tangrowth
|-sidestart|p2: minimax_ai|move: Stealth Rock
|
|upkeep
|turn|15
|
|t:|1665975100
|switch|p1a: Tornadus|Tornadus-Therian, M|100/100
|-damage|p1a: Tornadus|76/100|[from] Stealth Rock
|move|p2a: Tangrowth|Sleep Powder|p1a: Tornadus|[miss]
|-miss|p2a: Tangrowth|p1a: Tornadus
|
|upkeep
|turn|16
|
|t:|1665975103
|switch|p2a: Melmetal|Melmetal|71/100
|-damage|p2a: Melmetal|65/100|[from] Stealth Rock
|move|p1a: Tornadus|Knock Off|p2a: Melmetal
|-damage|p2a: Melmetal|53/100
|-enditem|p2a: Melmetal|Assault Vest|[from] move: Knock Off|[of] p1a: Tornadus
|
|upkeep
|turn|17
|
|t:|1665975106
|move|p1a: Tornadus|U-turn|p2a: Melmetal
|-resisted|p2a: Melmetal
|-damage|p2a: Melmetal|49/100
|
|t:|1665975108
|switch|p1a: Scizor|Scizor, M|100/100|[from]move: U-turn
|-damage|p1a: Scizor|88/100|[from] Stealth Rock
|move|p2a: Melmetal|Ice Punch|p1a: Scizor
|-resisted|p1a: Scizor
|-damage|p1a: Scizor|75/100
|
|upkeep
|turn|18
|
|t:|1665975110
|move|p1a: Scizor|U-turn|p2a: Melmetal
|-resisted|p2a: Melmetal
|-damage|p2a: Melmetal|41/100
|
|t:|1665975116
|switch|p1a: Garchomp|Garchomp, M|100/100|[from]move: U-turn
|-damage|p1a: Garchomp|94/100|[from] Stealth Rock
|move|p2a: Melmetal|Ice Punch|p1a: Garchomp
|-supereffective|p1a: Garchomp
|-damage|p1a: Garchomp|0 fnt
|-damage|p2a: Melmetal|28/100|[from] ability: Rough Skin|[of] p1a: Garchomp
|faint|p1a: Garchomp
|
|upkeep
|
|t:|1665975123
|switch|p1a: Dragapult|Dragapult, F|18/100
|-damage|p1a: Dragapult|5/100|[from] Stealth Rock
|turn|19
|
|t:|1665975125
|move|p1a: Dragapult|Hex|p2a: Melmetal
|-damage|p2a: Melmetal|1/100
|move|p2a: Melmetal|Thunder Punch|p1a: Dragapult
|-resisted|p1a: Dragapult
|-damage|p1a: Dragapult|0 fnt
|faint|p1a: Dragapult
|
|upkeep
|
|t:|1665975131
|switch|p1a: Tornadus|Tornadus-Therian, M|100/100
|-damage|p1a: Tornadus|76/100|[from] Stealth Rock
|turn|20
|
|t:|1665975134
|switch|p2a: Rotom|Rotom-Wash|58/100
|-damage|p2a: Rotom|46/100|[from] Stealth Rock
|move|p1a: Tornadus|U-turn|p2a: Rotom
|-damage|p2a: Rotom|31/100
|
|t:|1665975139
|switch|p1a: Aerodactyl|Aerodactyl, F|95/100 tox|[from]move: U-turn
|-damage|p1a: Aerodactyl|70/100 tox|[from] Stealth Rock
|-ability|p1a: Aerodactyl|Pressure
|
|-heal|p2a: Rotom|37/100|[from] item: Leftovers
|-damage|p1a: Aerodactyl|64/100 tox|[from] psn
|upkeep
|turn|21
|
|t:|1665975141
|move|p1a: Aerodactyl|Stone Edge|p2a: Rotom
|-damage|p2a: Rotom|0 fnt
|faint|p2a: Rotom
|
|-damage|p1a: Aerodactyl|52/100 tox|[from] psn
|upkeep
|
|t:|1665975141
|switch|p2a: Tangrowth|Tangrowth, F|100/100
|-damage|p2a: Tangrowth|88/100|[from] Stealth Rock
|turn|22
|
|t:|1665975148
|switch|p1a: Tornadus|Tornadus-Therian, M|100/100
|-damage|p1a: Tornadus|76/100|[from] Stealth Rock
|move|p2a: Tangrowth|Sleep Powder|p1a: Tornadus
|-status|p1a: Tornadus|slp|[from] move: Sleep Powder
|
|upkeep
|turn|23
|
|t:|1665975152
|switch|p1a: Rotom|Rotom-Wash|36/100
|-damage|p1a: Rotom|24/100|[from] Stealth Rock
|move|p2a: Tangrowth|Knock Off|p1a: Rotom
|-damage|p1a: Rotom|1/100
|-enditem|p1a: Rotom|Leftovers|[from] move: Knock Off|[of] p2a: Tangrowth
|
|upkeep
|turn|24
|
|t:|1665975154
|move|p1a: Rotom|Pain Split|p2a: Tangrowth
|-sethp|p2a: Tangrowth|44/100|[from] move: Pain Split|[silent]
|-sethp|p1a: Rotom|59/100|[from] move: Pain Split
|move|p2a: Tangrowth|Giga Drain|p1a: Rotom
|-supereffective|p1a: Rotom
|-damage|p1a: Rotom|15/100
|-heal|p2a: Tangrowth|61/100|[from] drain|[of] p1a: Rotom
|
|upkeep
|turn|25
|
|t:|1665975157
|move|p1a: Rotom|Volt Switch|p2a: Tangrowth
|-resisted|p2a: Tangrowth
|-damage|p2a: Tangrowth|42/100
|
|t:|1665975160
|switch|p1a: Tornadus|Tornadus-Therian, M|100/100 slp|[from]move: Volt Switch
|-damage|p1a: Tornadus|76/100 slp|[from] Stealth Rock
|move|p2a: Tangrowth|Giga Drain|p1a: Tornadus
|-resisted|p1a: Tornadus
|-damage|p1a: Tornadus|67/100 slp
|-heal|p2a: Tangrowth|47/100|[from] drain|[of] p1a: Tornadus
|
|upkeep
|turn|26
|
|t:|1665975162
|switch|p2a: Heatran|Heatran, M|61/100
|-damage|p2a: Heatran|49/100|[from] Stealth Rock
|cant|p1a: Tornadus|slp
|
|upkeep
|turn|27
|
|t:|1665975164
|cant|p1a: Tornadus|slp
|move|p2a: Heatran|Magma Storm|p1a: Tornadus|[miss]
|-miss|p2a: Heatran|p1a: Tornadus
|
|upkeep
|turn|28
|
|t:|1665975168
|cant|p1a: Tornadus|slp
|move|p2a: Heatran|Magma Storm|p1a: Tornadus
|-damage|p1a: Tornadus|29/100 slp
|-activate|p1a: Tornadus|move: Magma Storm|[of] p2a: Heatran
|
|-damage|p1a: Tornadus|17/100 slp|[from] move: Magma Storm|[partiallytrapped]
|upkeep
|turn|29
|
|t:|1665975169
|-curestatus|p1a: Tornadus|slp|[msg]
|move|p1a: Tornadus|U-turn|p2a: Heatran
|-resisted|p2a: Heatran
|-damage|p2a: Heatran|45/100
|
|t:|1665975171
|switch|p1a: Rotom|Rotom-Wash|15/100|[from]move: U-turn
|-damage|p1a: Rotom|3/100|[from] Stealth Rock
|move|p2a: Heatran|Magma Storm|p1a: Rotom
|-resisted|p1a: Rotom
|-damage|p1a: Rotom|0 fnt
|faint|p1a: Rotom
|
|upkeep
|
|t:|1665975176
|switch|p1a: Aerodactyl|Aerodactyl, F|52/100 tox
|-damage|p1a: Aerodactyl|27/100 tox|[from] Stealth Rock
|-ability|p1a: Aerodactyl|Pressure
|turn|30
|
|t:|1665975179
|switch|p1a: Tornadus|Tornadus-Therian, M|50/100
|-damage|p1a: Tornadus|25/100|[from] Stealth Rock
|switch|p2a: Tangrowth|Tangrowth, F|80/100
|-damage|p2a: Tangrowth|67/100|[from] Stealth Rock
|
|upkeep
|turn|31
|
|t:|1665975182
|switch|p2a: Landorus|Landorus-Therian, M|34/100
|-damage|p2a: Landorus|22/100|[from] Stealth Rock
|-ability|p2a: Landorus|Intimidate|boost
|-unboost|p1a: Tornadus|atk|1
|move|p1a: Tornadus|Hurricane|p2a: Landorus
|-damage|p2a: Landorus|0 fnt
|faint|p2a: Landorus
|
|upkeep
|
|t:|1665975182
|switch|p2a: Weavile|Weavile, F|64/100
|-damage|p2a: Weavile|39/100|[from] Stealth Rock
|-ability|p2a: Weavile|Pressure
|turn|32
|
|t:|1665975185
|switch|p1a: Scizor|Scizor, M|75/100
|-damage|p1a: Scizor|63/100|[from] Stealth Rock
|move|p2a: Weavile|Knock Off|p1a: Scizor
|-damage|p1a: Scizor|27/100
|
|upkeep
|turn|33
|
|t:|1665975188
|switch|p2a: Heatran|Heatran, M|45/100
|-damage|p2a: Heatran|33/100|[from] Stealth Rock
|move|p1a: Scizor|Bullet Punch|p2a: Heatran
|-resisted|p2a: Heatran
|-damage|p2a: Heatran|26/100
|
|upkeep
|turn|34
|
|t:|1665975194
|switch|p1a: Tornadus|Tornadus-Therian, M|58/100
|-damage|p1a: Tornadus|33/100|[from] Stealth Rock
|move|p2a: Heatran|Eruption|p1a: Tornadus
|-damage|p1a: Tornadus|19/100
|
|upkeep
|turn|35
|
|t:|1665975196
|move|p1a: Tornadus|Knock Off|p2a: Heatran
|-damage|p2a: Heatran|12/100
|move|p2a: Heatran|Magma Storm|p1a: Tornadus
|-damage|p1a: Tornadus|0 fnt
|faint|p1a: Tornadus
|
|upkeep
|
|t:|1665975199
|switch|p1a: Aerodactyl|Aerodactyl, F|27/100 tox
|-damage|p1a: Aerodactyl|2/100 tox|[from] Stealth Rock
|-ability|p1a: Aerodactyl|Pressure
|turn|36
|
|t:|1665975205
|move|p1a: Aerodactyl|Earthquake|p2a: Heatran
|-supereffective|p2a: Heatran
|-damage|p2a: Heatran|0 fnt
|faint|p2a: Heatran
|
|-damage|p1a: Aerodactyl|0 fnt|[from] psn
|faint|p1a: Aerodactyl
|upkeep
|
|t:|1665975207
|switch|p1a: Scizor|Scizor, M|27/100
|switch|p2a: Tangrowth|Tangrowth, F|100/100
|-damage|p1a: Scizor|14/100|[from] Stealth Rock
|-damage|p2a: Tangrowth|88/100|[from] Stealth Rock
|turn|37
|
|t:|1665975209
|move|p1a: Scizor|Roost|p1a: Scizor
|-heal|p1a: Scizor|65/100
|-singleturn|p1a: Scizor|move: Roost
|move|p2a: Tangrowth|Sleep Powder|p1a: Scizor|[miss]
|-miss|p2a: Tangrowth|p1a: Scizor
|
|upkeep
|turn|38
|
|t:|1665975211
|move|p1a: Scizor|Swords Dance|p1a: Scizor
|-boost|p1a: Scizor|atk|2
|move|p2a: Tangrowth|Sleep Powder|p1a: Scizor|[miss]
|-miss|p2a: Tangrowth|p1a: Scizor
|
|upkeep
|turn|39
|
|t:|1665975216
|move|p1a: Scizor|Roost|p1a: Scizor
|-heal|p1a: Scizor|100/100
|-singleturn|p1a: Scizor|move: Roost
|move|p2a: Tangrowth|Sleep Powder|p1a: Scizor
|-status|p1a: Scizor|slp|[from] move: Sleep Powder
|
|upkeep
|turn|40
|
|t:|1665975217
|cant|p1a: Scizor|slp
|move|p2a: Tangrowth|Knock Off|p1a: Scizor
|-damage|p1a: Scizor|88/100 slp
|
|upkeep
|turn|41
|
|t:|1665975219
|cant|p1a: Scizor|slp
|move|p2a: Tangrowth|Knock Off|p1a: Scizor
|-damage|p1a: Scizor|77/100 slp
|
|upkeep
|turn|42
|
|t:|1665975221
|-curestatus|p1a: Scizor|slp|[msg]
|move|p1a: Scizor|Swords Dance|p1a: Scizor
|-boost|p1a: Scizor|atk|2
|move|p2a: Tangrowth|Knock Off|p1a: Scizor
|-damage|p1a: Scizor|65/100
|
|upkeep
|turn|43
|
|t:|1665975223
|switch|p2a: Melmetal|Melmetal|1/100
|-damage|p2a: Melmetal|0 fnt|[from] Stealth Rock
|faint|p2a: Melmetal
|move|p1a: Scizor|Roost|p1a: Scizor
|-heal|p1a: Scizor|100/100
|-singleturn|p1a: Scizor|move: Roost
|
|upkeep
|
|t:|1665975223
|switch|p2a: Weavile|Weavile, F|39/100
|-damage|p2a: Weavile|14/100|[from] Stealth Rock
|-ability|p2a: Weavile|Pressure
|turn|44
|
|t:|1665975225
|move|p2a: Weavile|Ice Shard|p1a: Scizor
|-resisted|p1a: Scizor
|-damage|p1a: Scizor|88/100
|move|p1a: Scizor|Bullet Punch|p2a: Weavile
|-supereffective|p2a: Weavile
|-damage|p2a: Weavile|0 fnt
|faint|p2a: Weavile
|
|upkeep
|
|t:|1665975225
|switch|p2a: Tangrowth|Tangrowth, F|100/100
|-damage|p2a: Tangrowth|88/100|[from] Stealth Rock
|turn|45
|
|t:|1665975227
|move|p1a: Scizor|U-turn|p2a: Tangrowth
|-supereffective|p2a: Tangrowth
|-damage|p2a: Tangrowth|0 fnt
|-damage|p1a: Scizor|72/100|[from] item: Rocky Helmet|[of] p2a: Tangrowth
|faint|p2a: Tangrowth
|
|win|Huskothy
|raw|Huskothy's rating: 1519 &rarr; <strong>1540</strong><br />(+21 for winning)
|raw|minimax_ai's rating: 1536 &rarr; <strong>1515</strong><br />(-21 for losing)
|l|‽minimax_ai
||Ladder isn't responding, score probably updated but might not have (Request timeout).
