|raw|<div class="broadcast-blue"><strong>This battle is required to be public due to a player having a name starting with 'lt93oq'.</div>
|j|☆cump1
|j|☆LT93OQ Neonarut
|t:|1660853912
|gametype|singles
|player|p1|cump1|doctor|1667
|player|p2|LT93OQ Neonarut|burglar-gen1rb|1848
|teamsize|p1|6
|teamsize|p2|6
|gen|8
|tier|[Gen 8] OU
|rated|
|rule|Sleep Clause Mod: Limit one foe put to sleep
|rule|Species Clause: Limit one of each Pokémon
|rule|OHKO Clause: OHKO moves are banned
|rule|Evasion Items Clause: Evasion items are banned
|rule|Evasion Moves Clause: Evasion moves are banned
|rule|Endless Battle Clause: Forcing endless battles is banned
|rule|HP Percentage Mod: HP is shown in percentages
|rule|Dynamax Clause: You cannot dynamax
|clearpoke
|poke|p1|Landorus-Therian, M|
|poke|p1|Ninetales-Alola, F|
|poke|p1|Reuniclus, M|
|poke|p1|Tapu Fini|
|poke|p1|Volcarona, F|
|poke|p1|Mew|
|poke|p2|Landorus-Therian, M|
|poke|p2|Ferrothorn, M|
|poke|p2|Tapu Koko|
|poke|p2|Dragonite, F|
|poke|p2|Darmanitan, M|
|poke|p2|Tyranitar, F|
|teampreview
|inactive|Battle timer is ON: inactive players will automatically lose when time's up. (requested by LT93OQ Neonarut)
|
|t:|1660853915
|start
|switch|p1a: Landorus|Landorus-Therian, M|100/100
|switch|p2a: Bernie Landers|Landorus-Therian, M|100/100
|-ability|p1a: Landorus|Intimidate|boost
|-unboost|p2a: Bernie Landers|atk|1
|-ability|p2a: Bernie Landers|Intimidate|boost
|-unboost|p1a: Landorus|atk|1
|turn|1
|
|t:|1660853925
|move|p1a: Landorus|Stealth Rock|p2a: Bernie Landers
|-sidestart|p2: LT93OQ Neonarut|move: Stealth Rock
|move|p2a: Bernie Landers|Toxic|p1a: Landorus
|-status|p1a: Landorus|tox
|
|-damage|p1a: Landorus|95/100 tox|[from] psn
|upkeep
|turn|2
|
|t:|1660853928
|switch|p1a: Ninetales|Ninetales-Alola, F, shiny|100/100
|-weather|Hail|[from] ability: Snow Warning|[of] p1a: Ninetales
|move|p2a: Bernie Landers|Stealth Rock|p1a: Ninetales
|-sidestart|p1: cump1|move: Stealth Rock
|
|-weather|Hail|[upkeep]
|-damage|p2a: Bernie Landers|94/100|[from] Hail
|upkeep
|turn|3
|inactive|LT93OQ Neonarut has 120 seconds left.
|inactive|LT93OQ Neonarut has 90 seconds left.
|
|t:|1660853996
|switch|p2a: DA LAST REX(3005)|Tyranitar, F|100/100
|-damage|p2a: DA LAST REX(3005)|88/100|[from] Stealth Rock
|-weather|Sandstorm|[from] ability: Sand Stream|[of] p2a: DA LAST REX(3005)
|move|p1a: Ninetales|Hail|p1a: Ninetales
|-weather|Hail
|
|-weather|Hail|[upkeep]
|-damage|p2a: DA LAST REX(3005)|82/100|[from] Hail
|upkeep
|turn|4
|
|t:|1660853998
|switch|p2a: VODECi|Tapu Koko|100/100
|-damage|p2a: VODECi|88/100|[from] Stealth Rock
|-fieldstart|move: Electric Terrain|[from] ability: Electric Surge|[of] p2a: VODECi
|move|p1a: Ninetales|Aurora Veil|p1a: Ninetales
|-sidestart|p1: cump1|move: Aurora Veil
|
|-weather|Hail|[upkeep]
|-damage|p2a: VODECi|82/100|[from] Hail
|upkeep
|turn|5
|
|t:|1660854006
|switch|p1a: Landorus|Landorus-Therian, M|95/100 tox
|-damage|p1a: Landorus|82/100 tox|[from] Stealth Rock
|-ability|p1a: Landorus|Intimidate|boost
|-unboost|p2a: VODECi|atk|1
|move|p2a: VODECi|Volt Switch|p1a: Landorus
|-immune|p1a: Landorus
|
|-weather|Hail|[upkeep]
|-damage|p2a: VODECi|76/100|[from] Hail
|-damage|p1a: Landorus|76/100 tox|[from] Hail
|-damage|p1a: Landorus|70/100 tox|[from] psn
|upkeep
|turn|6
|
|t:|1660854027
|switch|p2a: RX PAPi|Ferrothorn, M|100/100
|-damage|p2a: RX PAPi|94/100|[from] Stealth Rock
|switch|p1a: Mew|Mew, shiny|100/100
|-damage|p1a: Mew|88/100|[from] Stealth Rock
|
|-weather|Hail|[upkeep]
|-damage|p1a: Mew|82/100|[from] Hail
|-damage|p2a: RX PAPi|88/100|[from] Hail
|upkeep
|turn|7
|
|t:|1660854030
|move|p1a: Mew|Cosmic Power|p1a: Mew
|-boost|p1a: Mew|def|1
|-boost|p1a: Mew|spd|1
|move|p2a: RX PAPi|Toxic|p1a: Mew
|-status|p1a: Mew|tox
|-activate|p1a: Mew|ability: Synchronize
|-immune|p2a: RX PAPi
|
|-weather|none
|-damage|p1a: Mew|76/100 tox|[from] psn
|upkeep
|turn|8
|
|t:|1660854034
|move|p1a: Mew|Cosmic Power|p1a: Mew
|-boost|p1a: Mew|def|1
|-boost|p1a: Mew|spd|1
|move|p2a: RX PAPi|Leech Seed|p1a: Mew
|-start|p1a: Mew|move: Leech Seed
|
|-damage|p1a: Mew|63/100 tox|[from] Leech Seed|[of] p2a: RX PAPi
|-heal|p2a: RX PAPi|100/100|[silent]
|-damage|p1a: Mew|51/100 tox|[from] psn
|-fieldend|move: Electric Terrain
|upkeep
|turn|9
|
|t:|1660854036
|switch|p2a: Bernie Landers|Landorus-Therian, M|94/100
|-damage|p2a: Bernie Landers|82/100|[from] Stealth Rock
|-ability|p2a: Bernie Landers|Intimidate|boost
|-unboost|p1a: Mew|atk|1
|move|p1a: Mew|Cosmic Power|p1a: Mew
|-boost|p1a: Mew|def|1
|-boost|p1a: Mew|spd|1
|
|-damage|p1a: Mew|39/100 tox|[from] Leech Seed|[of] p2a: Bernie Landers
|-heal|p2a: Bernie Landers|95/100|[silent]
|-damage|p1a: Mew|20/100 tox|[from] psn
|upkeep
|turn|10
|
|t:|1660854039
|move|p1a: Mew|Rest|p1a: Mew
|-status|p1a: Mew|slp|[from] move: Rest
|-heal|p1a: Mew|100/100 slp|[silent]
|-enditem|p1a: Mew|Chesto Berry|[eat]
|-curestatus|p1a: Mew|slp|[msg]
|move|p2a: Bernie Landers|Knock Off|p1a: Mew
|-supereffective|p1a: Mew
|-damage|p1a: Mew|93/100
|
|-damage|p1a: Mew|80/100|[from] Leech Seed|[of] p2a: Bernie Landers
|-heal|p2a: Bernie Landers|100/100|[silent]
|upkeep
|turn|11
|
|t:|1660854043
|move|p1a: Mew|Cosmic Power|p1a: Mew
|-boost|p1a: Mew|def|1
|-boost|p1a: Mew|spd|1
|move|p2a: Bernie Landers|U-turn|p1a: Mew
|-supereffective|p1a: Mew
|-damage|p1a: Mew|73/100
|
|t:|1660854051
|switch|p2a: RX PAPi|Ferrothorn, M|100/100|[from]move: U-turn
|-damage|p2a: RX PAPi|94/100|[from] Stealth Rock
|
|-damage|p1a: Mew|61/100|[from] Leech Seed|[of] p2a: RX PAPi
|-heal|p2a: RX PAPi|100/100|[silent]
|-sideend|p1: cump1|move: Aurora Veil
|upkeep
|turn|12
|
|t:|1660854054
|move|p1a: Mew|Cosmic Power|p1a: Mew
|-boost|p1a: Mew|def|1
|-boost|p1a: Mew|spd|1
|move|p2a: RX PAPi|Toxic|p1a: Mew
|-status|p1a: Mew|tox
|-activate|p1a: Mew|ability: Synchronize
|-immune|p2a: RX PAPi
|
|-damage|p1a: Mew|49/100 tox|[from] Leech Seed|[of] p2a: RX PAPi
|-damage|p1a: Mew|42/100 tox|[from] psn
|upkeep
|turn|13
|inactive|LT93OQ Neonarut has 120 seconds left.
|
|t:|1660854087
|switch|p2a: VODECi|Tapu Koko|76/100
|-damage|p2a: VODECi|63/100|[from] Stealth Rock
|-fieldstart|move: Electric Terrain|[from] ability: Electric Surge|[of] p2a: VODECi
|move|p1a: Mew|Cosmic Power|p1a: Mew
|-boost|p1a: Mew|def|1
|-boost|p1a: Mew|spd|1
|
|-damage|p1a: Mew|30/100 tox|[from] Leech Seed|[of] p2a: VODECi
|-heal|p2a: VODECi|81/100|[silent]
|-damage|p1a: Mew|18/100 tox|[from] psn
|upkeep
|turn|14
|
|t:|1660854091
|move|p2a: VODECi|Thunderbolt|p1a: Mew
|-damage|p1a: Mew|0 fnt
|faint|p1a: Mew
|
|upkeep
|
|t:|1660854102
|switch|p1a: Landorus|Landorus-Therian, M|70/100 tox
|-damage|p1a: Landorus|58/100 tox|[from] Stealth Rock
|-ability|p1a: Landorus|Intimidate|boost
|-unboost|p2a: VODECi|atk|1
|turn|15
|
|t:|1660854119
|switch|p2a: RX PAPi|Ferrothorn, M|100/100
|-damage|p2a: RX PAPi|94/100|[from] Stealth Rock
|move|p1a: Landorus|Earthquake|p2a: RX PAPi
|-damage|p2a: RX PAPi|63/100
|
|-damage|p1a: Landorus|52/100 tox|[from] psn
|upkeep
|turn|16
|
|t:|1660854124
|move|p1a: Landorus|Earthquake|p2a: RX PAPi
|-damage|p2a: RX PAPi|30/100
|move|p2a: RX PAPi|Spikes|p1a: Landorus
|-sidestart|p1: cump1|Spikes
|
|-damage|p1a: Landorus|40/100 tox|[from] psn
|upkeep
|turn|17
|
|t:|1660854148
|move|p2a: RX PAPi|Protect|p2a: RX PAPi
|-singleturn|p2a: RX PAPi|Protect
|move|p1a: Landorus|Swords Dance|p1a: Landorus
|-boost|p1a: Landorus|atk|2
|
|-damage|p1a: Landorus|22/100 tox|[from] psn
|-fieldend|move: Electric Terrain
|upkeep
|turn|18
|
|t:|1660854151
|switch|p2a: Bernie Landers|Landorus-Therian, M|100/100
|-damage|p2a: Bernie Landers|88/100|[from] Stealth Rock
|-ability|p2a: Bernie Landers|Intimidate|boost
|-unboost|p1a: Landorus|atk|1
|move|p1a: Landorus|Explosion|p2a: Bernie Landers
|-damage|p2a: Bernie Landers|0 fnt
|faint|p1a: Landorus
|faint|p2a: Bernie Landers
|
|upkeep
|
|t:|1660854157
|switch|p1a: Ninetales|Ninetales-Alola, F, shiny|100/100
|switch|p2a: VODECi|Tapu Koko|81/100
|-damage|p2a: VODECi|69/100|[from] Stealth Rock
|-fieldstart|move: Electric Terrain|[from] ability: Electric Surge|[of] p2a: VODECi
|-damage|p1a: Ninetales|76/100|[from] Stealth Rock
|-damage|p1a: Ninetales|63/100|[from] Spikes
|-weather|Hail|[from] ability: Snow Warning|[of] p1a: Ninetales
|turn|19
|
|t:|1660854161
|move|p2a: VODECi|Thunderbolt|p1a: Ninetales
|-damage|p1a: Ninetales|0 fnt
|faint|p1a: Ninetales
|
|-weather|Hail|[upkeep]
|-damage|p2a: VODECi|63/100|[from] Hail
|upkeep
|
|t:|1660854165
|switch|p1a: Volcarona|Volcarona, F|100/100
|turn|20
|
|t:|1660854184
|move|p2a: VODECi|Thunderbolt|p1a: Volcarona
|-damage|p1a: Volcarona|26/100
|move|p1a: Volcarona|Quiver Dance|p1a: Volcarona
|-boost|p1a: Volcarona|spa|1
|-boost|p1a: Volcarona|spd|1
|-boost|p1a: Volcarona|spe|1
|
|-weather|Hail|[upkeep]
|-damage|p1a: Volcarona|19/100|[from] Hail
|-damage|p2a: VODECi|57/100|[from] Hail
|upkeep
|turn|21
|
|t:|1660854186
|switch|p2a: DA LAST REX(3005)|Tyranitar, F|82/100
|-damage|p2a: DA LAST REX(3005)|70/100|[from] Stealth Rock
|-weather|Sandstorm|[from] ability: Sand Stream|[of] p2a: DA LAST REX(3005)
|move|p1a: Volcarona|Flamethrower|p2a: DA LAST REX(3005)
|-resisted|p2a: DA LAST REX(3005)
|-crit|p2a: DA LAST REX(3005)
|-damage|p2a: DA LAST REX(3005)|56/100
|
|-weather|Sandstorm|[upkeep]
|-damage|p1a: Volcarona|13/100|[from] Sandstorm
|upkeep
|turn|22
|
|t:|1660854191
|move|p1a: Volcarona|Flamethrower|p2a: DA LAST REX(3005)
|-resisted|p2a: DA LAST REX(3005)
|-damage|p2a: DA LAST REX(3005)|48/100
|move|p2a: DA LAST REX(3005)|Stone Edge|p1a: Volcarona
|-supereffective|p1a: Volcarona
|-damage|p1a: Volcarona|0 fnt
|faint|p1a: Volcarona
|
|-weather|Sandstorm|[upkeep]
|upkeep
|
|t:|1660854194
|switch|p1a: Tapu Fini|Tapu Fini, shiny|100/100
|-damage|p1a: Tapu Fini|88/100|[from] Stealth Rock
|-damage|p1a: Tapu Fini|75/100|[from] Spikes
|-fieldstart|move: Misty Terrain|[from] ability: Misty Surge|[of] p1a: Tapu Fini
|turn|23
|inactive|LT93OQ Neonarut has 120 seconds left.
|
|t:|1660854244
|switch|p2a: VODECi|Tapu Koko|57/100
|-damage|p2a: VODECi|44/100|[from] Stealth Rock
|-fieldstart|move: Electric Terrain|[from] ability: Electric Surge|[of] p2a: VODECi
|move|p1a: Tapu Fini|Scald|p2a: VODECi
|-damage|p2a: VODECi|5/100
|
|-weather|Sandstorm|[upkeep]
|-damage|p2a: VODECi|0 fnt|[from] Sandstorm
|-damage|p1a: Tapu Fini|69/100|[from] Sandstorm
|faint|p2a: VODECi
|-heal|p1a: Tapu Fini|75/100|[from] item: Leftovers
|upkeep
|
|t:|1660854250
|switch|p2a: RX PAPi|Ferrothorn, M|30/100
|-damage|p2a: RX PAPi|24/100|[from] Stealth Rock
|turn|24
|
|t:|1660854261
|move|p1a: Tapu Fini|Taunt|p2a: RX PAPi
|-start|p2a: RX PAPi|move: Taunt
|cant|p2a: RX PAPi|move: Taunt|Toxic
|
|-weather|Sandstorm|[upkeep]
|-damage|p1a: Tapu Fini|69/100|[from] Sandstorm
|-heal|p1a: Tapu Fini|75/100|[from] item: Leftovers
|upkeep
|turn|25
|inactive|LT93OQ Neonarut has 120 seconds left.
|
|t:|1660854287
|switch|p2a: DA LAST REX(3005)|Tyranitar, F|48/100
|-damage|p2a: DA LAST REX(3005)|35/100|[from] Stealth Rock
|move|p1a: Tapu Fini|Scald|p2a: DA LAST REX(3005)
|-supereffective|p2a: DA LAST REX(3005)
|-damage|p2a: DA LAST REX(3005)|18/100
|
|-weather|none
|-heal|p1a: Tapu Fini|82/100|[from] item: Leftovers
|upkeep
|turn|26
|
|t:|1660854293
|move|p1a: Tapu Fini|Scald|p2a: DA LAST REX(3005)
|-supereffective|p2a: DA LAST REX(3005)
|-damage|p2a: DA LAST REX(3005)|0 fnt
|faint|p2a: DA LAST REX(3005)
|
|-heal|p1a: Tapu Fini|88/100|[from] item: Leftovers
|upkeep
|inactive|LT93OQ Neonarut has 90 seconds left.
|
|t:|1660854330
|switch|p2a: Fat Charizard|Dragonite, F, shiny|100/100
|turn|27
|
|t:|1660854333
|move|p2a: Fat Charizard|Dual Wingbeat|p1a: Tapu Fini
|-damage|p1a: Tapu Fini|70/100
|-damage|p1a: Tapu Fini|53/100
|-hitcount|p1a: Tapu Fini|2
|move|p1a: Tapu Fini|Calm Mind|p1a: Tapu Fini
|-boost|p1a: Tapu Fini|spa|1
|-boost|p1a: Tapu Fini|spd|1
|
|-heal|p1a: Tapu Fini|60/100|[from] item: Leftovers
|-fieldend|move: Electric Terrain
|upkeep
|turn|28
|
|t:|1660854336
|move|p2a: Fat Charizard|Dual Wingbeat|p1a: Tapu Fini
|-damage|p1a: Tapu Fini|45/100
|-damage|p1a: Tapu Fini|29/100
|-hitcount|p1a: Tapu Fini|2
|move|p1a: Tapu Fini|Draining Kiss|p2a: Fat Charizard
|-supereffective|p2a: Fat Charizard
|-damage|p2a: Fat Charizard|73/100
|-heal|p1a: Tapu Fini|49/100|[from] drain|[of] p2a: Fat Charizard
|
|-heal|p1a: Tapu Fini|55/100|[from] item: Leftovers
|upkeep
|turn|29
|
|t:|1660854360
|move|p2a: Fat Charizard|Dual Wingbeat|p1a: Tapu Fini
|-damage|p1a: Tapu Fini|37/100
|-damage|p1a: Tapu Fini|23/100
|-hitcount|p1a: Tapu Fini|2
|move|p1a: Tapu Fini|Scald|p2a: Fat Charizard
|-resisted|p2a: Fat Charizard
|-damage|p2a: Fat Charizard|53/100
|
|-heal|p1a: Tapu Fini|29/100|[from] item: Leftovers
|upkeep
|turn|30
|
|t:|1660854364
|move|p2a: Fat Charizard|Dual Wingbeat|p1a: Tapu Fini
|-crit|p1a: Tapu Fini
|-damage|p1a: Tapu Fini|6/100
|-damage|p1a: Tapu Fini|0 fnt
|faint|p1a: Tapu Fini
|-hitcount|p1: Tapu Fini|2
|
|upkeep
|
|t:|1660854367
|switch|p1a: Reuniclus|Reuniclus, M, shiny|100/100
|turn|31
|
|t:|1660854369
|switch|p2a: PURRP FOR SALE|Darmanitan, M|100/100
|move|p1a: Reuniclus|Acid Armor|p1a: Reuniclus
|-boost|p1a: Reuniclus|def|2
|
|upkeep
|turn|32
|
|t:|1660854375
|move|p2a: PURRP FOR SALE|Flare Blitz|p1a: Reuniclus
|-damage|p1a: Reuniclus|66/100
|-damage|p2a: PURRP FOR SALE|87/100|[from] Recoil
|move|p1a: Reuniclus|Stored Power|p2a: PURRP FOR SALE
|-damage|p2a: PURRP FOR SALE|48/100
|
|upkeep
|turn|33
|inactive|LT93OQ Neonarut has 120 seconds left.
|
|t:|1660854420
|move|p2a: PURRP FOR SALE|Flare Blitz|p1a: Reuniclus
|-damage|p1a: Reuniclus|29/100
|-damage|p2a: PURRP FOR SALE|33/100|[from] Recoil
|move|p1a: Reuniclus|Recover|p1a: Reuniclus
|-heal|p1a: Reuniclus|79/100
|
|upkeep
|turn|34
|
|t:|1660854424
|move|p2a: PURRP FOR SALE|U-turn|p1a: Reuniclus
|-supereffective|p1a: Reuniclus
|-crit|p1a: Reuniclus
|-damage|p1a: Reuniclus|20/100
|inactive|LT93OQ Neonarut has 90 seconds left.
|
|t:|1660854464
|switch|p2a: Fat Charizard|Dragonite, F, shiny|53/100|[from]move: U-turn
|move|p1a: Reuniclus|Recover|p1a: Reuniclus
|-heal|p1a: Reuniclus|70/100
|
|upkeep
|turn|35
|
|t:|1660854470
|move|p2a: Fat Charizard|Dragon Dance|p2a: Fat Charizard
|-boost|p2a: Fat Charizard|atk|1
|-boost|p2a: Fat Charizard|spe|1
|move|p1a: Reuniclus|Acid Armor|p1a: Reuniclus
|-boost|p1a: Reuniclus|def|2
|
|upkeep
|turn|36
|
|t:|1660854473
|move|p2a: Fat Charizard|Dual Wingbeat|p1a: Reuniclus
|-damage|p1a: Reuniclus|61/100
|-damage|p1a: Reuniclus|53/100
|-hitcount|p1a: Reuniclus|2
|move|p1a: Reuniclus|Acid Armor|p1a: Reuniclus
|-boost|p1a: Reuniclus|def|2
|
|upkeep
|turn|37
|inactive|LT93OQ Neonarut has 90 seconds left.
|-message|LT93OQ Neonarut forfeited.
|
|win|cump1
|raw|cump1's rating: 1667 &rarr; <strong>1696</strong><br />(+29 for winning)
|raw|LT93OQ Neonarut's rating: 1834 &rarr; <strong>1805</strong><br />(-29 for losing)
|l|☆LT93OQ Neonarut
|c|☆cump1|gg
||Ladder isn't responding, score probably updated but might not have (Request timeout).
