|j|☆Wheezer
|j|☆Kiraina
|inactive|Battle timer is ON: inactive players will automatically lose when time's up.
|t:|1634104619
|gametype|singles
|player|p1|Wheezer|petrel|
|player|p2|Kiraina|102|
|teamsize|p1|6
|teamsize|p2|6
|gen|8
|tier|[Gen 8] OU
|rated|Tournament battle
|rule|Sleep Clause Mod: Limit one foe put to sleep
|rule|Species Clause: Limit one of each Pokémon
|rule|OHKO Clause: OHKO moves are banned
|rule|Evasion Moves Clause: Evasion moves are banned
|rule|Endless Battle Clause: Forcing endless battles is banned
|rule|HP Percentage Mod: HP is shown in percentages
|rule|Dynamax Clause: You cannot dynamax
|clearpoke
|poke|p1|Hatterene, F|
|poke|p1|Slowbro, M|
|poke|p1|Marowak-Alola, F|
|poke|p1|Golurk|
|poke|p1|Mimikyu, M|
|poke|p1|Glastrier|
|poke|p2|Glastrier|
|poke|p2|Mandibuzz, F|
|poke|p2|Nidoking, M|
|poke|p2|Kyurem|
|poke|p2|Victini|
|poke|p2|Mew|
|teampreview
|j| shuang2
|j| Serp IV
|
|t:|1634104648
|start
|switch|p1a: Hatterene|Hatterene, F|100/100
|switch|p2a: Nidoquing|Nidoking, M, shiny|100/100
|turn|1
|inactive|Wheezer has 120 seconds left.
|j| HarryKane247
|inactive|Wheezer has 90 seconds left.
|j| Agency x Polo G
|
|t:|1634104708
|move|p2a: Nidoquing|Sludge Wave|p1a: Hatterene
|-supereffective|p1a: Hatterene
|-enditem|p1a: Hatterene|Focus Sash
|-damage|p1a: Hatterene|1/100
|move|p1a: Hatterene|Trick Room|p1a: Hatterene
|-fieldstart|move: Trick Room|[of] p1a: Hatterene
|
|upkeep
|turn|2
|c| Agency x Polo G|omari p
|c| Agency x Polo G|heat team
|j| PoobleMaster945
|
|t:|1634104720
|move|p1a: Hatterene|Healing Wish|p1a: Hatterene
|faint|p1a: Hatterene
|move|p2a: Nidoquing|Earth Power|p1: Hatterene|[notarget]
|-fail|p2a: Nidoquing
|
|upkeep
|c|☆Wheezer|huh
|inactive|Wheezer has 90 seconds left.
|inactive|Wheezer has 60 seconds left.
|
|t:|1634104782
|switch|p1a: Marowak|Marowak-Alola, F|100/100
|turn|3
|
|t:|1634104787
|move|p1a: Marowak|Flare Blitz|p2a: Nidoquing
|-enditem|p2a: Nidoquing|Focus Sash
|-damage|p2a: Nidoquing|1/100
|move|p2a: Nidoquing|Earth Power|p1a: Marowak
|-supereffective|p1a: Marowak
|-damage|p1a: Marowak|0 fnt
|faint|p1a: Marowak
|
|upkeep
|c|☆Wheezer|oh
|c|☆Wheezer|welp gg
|
|t:|1634104795
|switch|p1a: Glastrier|Glastrier|100/100
|turn|4
|
|t:|1634104799
|move|p1a: Glastrier|High Horsepower|p2a: Nidoquing
|-supereffective|p2a: Nidoquing
|-damage|p2a: Nidoquing|0 fnt
|faint|p2a: Nidoquing
|-ability|p1a: Glastrier|Chilling Neigh|boost
|-boost|p1a: Glastrier|atk|1
|-damage|p1a: Glastrier|91/100|[from] item: Life Orb
|
|upkeep
|
|t:|1634104807
|switch|p2a: Midbuzz|Mandibuzz, F, shiny|100/100
|turn|5
|
|t:|1634104810
|move|p1a: Glastrier|Icicle Crash|p2a: Midbuzz
|-supereffective|p2a: Midbuzz
|-damage|p2a: Midbuzz|0 fnt
|faint|p2a: Midbuzz
|-ability|p1a: Glastrier|Chilling Neigh|boost
|-boost|p1a: Glastrier|atk|1
|-damage|p1a: Glastrier|81/100|[from] item: Life Orb
|
|-fieldend|move: Trick Room
|upkeep
|
|t:|1634104817
|switch|p2a: VVining|Victini|100/100
|turn|6
|
|t:|1634104820
|switch|p1a: Slowbro|Slowbro, M|100/100
|move|p2a: VVining|V-create|p1a: Slowbro
|-resisted|p1a: Slowbro
|-damage|p1a: Slowbro|77/100
|-unboost|p2a: VVining|spe|1
|-unboost|p2a: VVining|def|1
|-unboost|p2a: VVining|spd|1
|
|upkeep
|turn|7
|
|t:|1634104828
|move|p2a: VVining|U-turn|p1a: Slowbro
|-supereffective|p1a: Slowbro
|-damage|p1a: Slowbro|54/100
|
|t:|1634104832
|switch|p2a: Mu|Mew, shiny|100/100|[from]move: U-turn
|move|p1a: Slowbro|Trick Room|p1a: Slowbro
|-fieldstart|move: Trick Room|[of] p1a: Slowbro
|
|upkeep
|turn|8
|c| shuang2|Who’s Omari p
|
|t:|1634104837
|move|p2a: Mu|Swords Dance|p2a: Mu
|-boost|p2a: Mu|atk|2
|move|p1a: Slowbro|Teleport|p1a: Slowbro
|c| Agency x Polo G|u fr lmao?
|c|☆Wheezer|oh this is sash too huh
|
|t:|1634104847
|switch|p1a: Golurk|Golurk|100/100|[from]move: Teleport
|
|upkeep
|turn|9
|c| Agency x Polo G|nah
|c| Agency x Polo G|its lo
|
|t:|1634104853
|move|p1a: Golurk|Poltergeist|p2a: Mu
|-activate|p2a: Mu|move: Poltergeist|Life Orb
|-supereffective|p2a: Mu
|-damage|p2a: Mu|0 fnt
|faint|p2a: Mu
|
|upkeep
|
|t:|1634104863
|switch|p2a: Ghast Tear|Glastrier|100/100
|turn|10
|
|t:|1634104868
|move|p2a: Ghast Tear|Icicle Crash|p1a: Golurk
|-supereffective|p1a: Golurk
|-damage|p1a: Golurk|0 fnt
|faint|p1a: Golurk
|-ability|p2a: Ghast Tear|Chilling Neigh|boost
|-boost|p2a: Ghast Tear|atk|1
|
|upkeep
|c|☆Wheezer|:/
|c|☆Wheezer|lame
|inactive|Wheezer has 120 seconds left.
|
|t:|1634104893
|switch|p1a: Slowbro|Slowbro, M|87/100
|-heal|p1a: Slowbro|100/100|[from] move: Healing Wish
|turn|11
|c| Agency x Polo G|shouldve stayed to the stall teams
|
|t:|1634104904
|move|p1a: Slowbro|Scald|p2a: Ghast Tear
|-damage|p2a: Ghast Tear|79/100
|move|p2a: Ghast Tear|Swords Dance|p2a: Ghast Tear
|-boost|p2a: Ghast Tear|atk|2
|
|-heal|p2a: Ghast Tear|86/100|[from] item: Leftovers
|-fieldend|move: Trick Room
|upkeep
|turn|12
|
|t:|1634104911
|move|p2a: Ghast Tear|High Horsepower|p1a: Slowbro
|-damage|p1a: Slowbro|45/100
|move|p1a: Slowbro|Scald|p2a: Ghast Tear
|-damage|p2a: Ghast Tear|63/100
|
|-heal|p2a: Ghast Tear|69/100|[from] item: Leftovers
|upkeep
|turn|13
|
|t:|1634104919
|move|p2a: Ghast Tear|High Horsepower|p1a: Slowbro
|-damage|p1a: Slowbro|0 fnt
|faint|p1a: Slowbro
|-ability|p2a: Ghast Tear|Chilling Neigh|boost
|-boost|p2a: Ghast Tear|atk|1
|
|-heal|p2a: Ghast Tear|75/100|[from] item: Leftovers
|upkeep
|
|t:|1634104922
|switch|p1a: Mimikyu|Mimikyu, M|100/100
|turn|14
|
|t:|1634104930
|move|p1a: Mimikyu|Swords Dance|p1a: Mimikyu
|-boost|p1a: Mimikyu|atk|2
|move|p2a: Ghast Tear|High Horsepower|p1a: Mimikyu
|-activate|p1a: Mimikyu|ability: Disguise
|-damage|p1a: Mimikyu|100/100
|detailschange|p1a: Mimikyu|Mimikyu-Busted, M
|-damage|p1a: Mimikyu|88/100|[from] pokemon: Mimikyu-Busted
|
|-heal|p2a: Ghast Tear|82/100|[from] item: Leftovers
|upkeep
|turn|15
|
|t:|1634104939
|move|p1a: Mimikyu|Play Rough|p2a: Ghast Tear
|-damage|p2a: Ghast Tear|15/100
|-damage|p1a: Mimikyu|78/100|[from] item: Life Orb
|move|p2a: Ghast Tear|High Horsepower|p1a: Mimikyu
|-damage|p1a: Mimikyu|0 fnt
|faint|p1a: Mimikyu
|-ability|p2a: Ghast Tear|Chilling Neigh|boost
|-boost|p2a: Ghast Tear|atk|1
|
|-heal|p2a: Ghast Tear|21/100|[from] item: Leftovers
|upkeep
|-message|Wheezer forfeited.
|
|win|Kiraina
|n|☆Wheezer|wheezer
|n|☆Kiraina|kiraina
|n| shuang2|shuang2
|n| Serp IV|serpiv
|n| HarryKane247|harrykane247
|n| Agency x Polo G|agencyxpolog
|n| PoobleMaster945|pooblemaster945
|l|☆Wheezer
|l| HarryKane247
|c|☆Kiraina|gg
|l| Serp IV
|l| Agency x Polo G
|l| PoobleMaster945
