|j|☆jawabarat
|j|☆ian_yo
|t:|1655471862
|gametype|singles
|player|p1|jawabarat|dawn|1696
|player|p2|ian_yo|skier|1743
|teamsize|p1|6
|teamsize|p2|6
|gen|8
|tier|[Gen 8] OU
|rated|
|rule|Sleep Clause Mod: Limit one foe put to sleep
|rule|Species Clause: Limit one of each Pokémon
|rule|OHKO Clause: OHKO moves are banned
|rule|Evasion Moves Clause: Evasion moves are banned
|rule|Endless Battle Clause: Forcing endless battles is banned
|rule|HP Percentage Mod: HP is shown in percentages
|rule|Dynamax Clause: You cannot dynamax
|clearpoke
|poke|p1|Kartana|
|poke|p1|Heatran, M|
|poke|p1|Landorus-Therian, M|
|poke|p1|Slowbro, F|
|poke|p1|Umbreon, M|
|poke|p1|Tapu Koko|
|poke|p2|Mew|
|poke|p2|Sharpedo, M|
|poke|p2|Garchomp, M|
|poke|p2|Moltres-Galar|
|poke|p2|Blastoise, F|
|poke|p2|Kartana|
|teampreview
|inactive|Battle timer is ON: inactive players will automatically lose when time's up. (requested by ian_yo)
|c|☆jawabarat|hf
|j| Swag like Ohio
|c|☆ian_yo|u2
|inactive|jawabarat has 120 seconds left.
|
|t:|1655471899
|start
|switch|p1a: Tapu Koko|Tapu Koko|100/100
|switch|p2a: Mew|Mew|100/100
|-fieldstart|move: Electric Terrain|[from] ability: Electric Surge|[of] p1a: Tapu Koko
|turn|1
|
|t:|1655471904
|move|p1a: Tapu Koko|Calm Mind|p1a: Tapu Koko
|-boost|p1a: Tapu Koko|spa|1
|-boost|p1a: Tapu Koko|spd|1
|move|p2a: Mew|Stealth Rock|p1a: Tapu Koko
|-sidestart|p1: jawabarat|move: Stealth Rock
|
|upkeep
|turn|2
|
|t:|1655471909
|move|p1a: Tapu Koko|Thunderbolt|p2a: Mew
|-damage|p2a: Mew|39/100
|move|p2a: Mew|Spikes|p1a: Tapu Koko
|-sidestart|p1: jawabarat|Spikes
|
|upkeep
|turn|3
|
|t:|1655471917
|move|p1a: Tapu Koko|Dazzling Gleam|p2a: Mew
|-damage|p2a: Mew|0 fnt
|faint|p2a: Mew
|
|upkeep
|
|t:|1655471920
|switch|p2a: Kartana|Kartana|100/100
|turn|4
|
|t:|1655471923
|move|p2a: Kartana|Smart Strike|p1a: Tapu Koko
|-damage|p1a: Tapu Koko|33/100
|move|p1a: Tapu Koko|Thunderbolt|p2a: Kartana
|-resisted|p2a: Kartana
|-damage|p2a: Kartana|0 fnt
|faint|p2a: Kartana
|
|upkeep
|
|t:|1655471931
|switch|p2a: Sharpedo|Sharpedo, M|100/100
|turn|5
|
|t:|1655471943
|switch|p1a: Landorus|Landorus-Therian, M|100/100
|-damage|p1a: Landorus|88/100|[from] Stealth Rock
|-ability|p1a: Landorus|Intimidate|boost
|-unboost|p2a: Sharpedo|atk|1
|move|p2a: Sharpedo|Protect||[still]
|-fail|p2a: Sharpedo
|
|-heal|p1a: Landorus|94/100|[from] item: Leftovers
|-fieldend|move: Electric Terrain
|-ability|p2a: Sharpedo|Speed Boost|boost
|-boost|p2a: Sharpedo|spe|1
|upkeep
|turn|6
|
|t:|1655471949
|switch|p1a: Slowbro|Slowbro, F|100/100
|move|p2a: Sharpedo|Hydro Pump|p1a: Slowbro
|-resisted|p1a: Slowbro
|-damage|p1a: Slowbro|78/100
|-damage|p2a: Sharpedo|91/100|[from] item: Life Orb
|
|-ability|p2a: Sharpedo|Speed Boost|boost
|-boost|p2a: Sharpedo|spe|1
|upkeep
|turn|7
|
|t:|1655471961
|switch|p1a: Umbreon|Umbreon, M|100/100
|-damage|p1a: Umbreon|88/100|[from] Stealth Rock
|-damage|p1a: Umbreon|76/100|[from] Spikes
|move|p2a: Sharpedo|Dark Pulse|p1a: Umbreon
|-resisted|p1a: Umbreon
|-crit|p1a: Umbreon
|-damage|p1a: Umbreon|51/100
|-damage|p2a: Sharpedo|81/100|[from] item: Life Orb
|
|-heal|p1a: Umbreon|57/100|[from] item: Leftovers
|-ability|p2a: Sharpedo|Speed Boost|boost
|-boost|p2a: Sharpedo|spe|1
|upkeep
|turn|8
|
|t:|1655471970
|move|p2a: Sharpedo|Hydro Pump|p1a: Umbreon
|-damage|p1a: Umbreon|15/100
|-damage|p2a: Sharpedo|71/100|[from] item: Life Orb
|move|p1a: Umbreon|Foul Play|p2a: Sharpedo
|-resisted|p2a: Sharpedo
|-damage|p2a: Sharpedo|35/100
|
|-heal|p1a: Umbreon|21/100|[from] item: Leftovers
|-ability|p2a: Sharpedo|Speed Boost|boost
|-boost|p2a: Sharpedo|spe|1
|upkeep
|turn|9
|
|t:|1655471978
|move|p1a: Umbreon|Protect|p1a: Umbreon
|-singleturn|p1a: Umbreon|Protect
|move|p2a: Sharpedo|Hydro Pump|p1a: Umbreon
|-activate|p1a: Umbreon|move: Protect
|
|-heal|p1a: Umbreon|27/100|[from] item: Leftovers
|-ability|p2a: Sharpedo|Speed Boost|boost
|-boost|p2a: Sharpedo|spe|1
|upkeep
|turn|10
|
|t:|1655471985
|switch|p1a: Slowbro|Slowbro, F|100/100
|move|p2a: Sharpedo|Hydro Pump|p1a: Slowbro
|-resisted|p1a: Slowbro
|-damage|p1a: Slowbro|79/100
|-damage|p2a: Sharpedo|25/100|[from] item: Life Orb
|
|-ability|p2a: Sharpedo|Speed Boost|boost
|-boost|p2a: Sharpedo|spe|1
|upkeep
|turn|11
|
|t:|1655471994
|move|p2a: Sharpedo|Dark Pulse|p1a: Slowbro
|-supereffective|p1a: Slowbro
|-damage|p1a: Slowbro|17/100
|-damage|p2a: Sharpedo|15/100|[from] item: Life Orb
|move|p1a: Slowbro|Slack Off|p1a: Slowbro
|-heal|p1a: Slowbro|67/100
|
|upkeep
|turn|12
|
|t:|1655472002
|move|p2a: Sharpedo|Dark Pulse|p1a: Slowbro
|-supereffective|p1a: Slowbro
|-damage|p1a: Slowbro|1/100
|-damage|p2a: Sharpedo|5/100|[from] item: Life Orb
|move|p1a: Slowbro|Scald|p2a: Sharpedo
|-resisted|p2a: Sharpedo
|-damage|p2a: Sharpedo|0 fnt
|faint|p2a: Sharpedo
|
|upkeep
|
|t:|1655472012
|switch|p2a: Moltres|Moltres-Galar|100/100
|turn|13
|
|t:|1655472017
|move|p2a: Moltres|Agility|p2a: Moltres
|-boost|p2a: Moltres|spe|2
|move|p1a: Slowbro|Teleport|p1a: Slowbro
|inactive|jawabarat has 120 seconds left.
|
|t:|1655472054
|switch|p1a: Landorus|Landorus-Therian, M|94/100|[from]move: Teleport
|-damage|p1a: Landorus|82/100|[from] Stealth Rock
|-ability|p1a: Landorus|Intimidate|boost
|-unboost|p2a: Moltres|atk|1
|
|-heal|p1a: Landorus|88/100|[from] item: Leftovers
|upkeep
|turn|14
|
|t:|1655472058
|move|p2a: Moltres|Nasty Plot|p2a: Moltres
|-boost|p2a: Moltres|spa|2
|move|p1a: Landorus|Toxic|p2a: Moltres
|-status|p2a: Moltres|tox
|
|-heal|p1a: Landorus|94/100|[from] item: Leftovers
|-damage|p2a: Moltres|94/100 tox|[from] psn
|upkeep
|turn|15
|inactive|jawabarat has 120 seconds left.
|
|t:|1655472075
|move|p2a: Moltres|Fiery Wrath|p1a: Landorus
|-damage|p1a: Landorus|34/100
|move|p1a: Landorus|U-turn|p2a: Moltres
|-damage|p2a: Moltres|67/100 tox
|inactive|jawabarat has 120 seconds left.
|
|t:|1655472082
|switch|p1a: Umbreon|Umbreon, M|27/100|[from]move: U-turn
|-damage|p1a: Umbreon|14/100|[from] Stealth Rock
|-damage|p1a: Umbreon|2/100|[from] Spikes
|
|-heal|p1a: Umbreon|8/100|[from] item: Leftovers
|-damage|p2a: Moltres|55/100 tox|[from] psn
|upkeep
|turn|16
|
|t:|1655472090
|move|p1a: Umbreon|Protect|p1a: Umbreon
|-singleturn|p1a: Umbreon|Protect
|move|p2a: Moltres|Fiery Wrath|p1a: Umbreon
|-activate|p1a: Umbreon|move: Protect
|
|-heal|p1a: Umbreon|14/100|[from] item: Leftovers
|-damage|p2a: Moltres|36/100 tox|[from] psn
|upkeep
|turn|17
|
|t:|1655472099
|move|p2a: Moltres|Fiery Wrath|p1a: Umbreon
|-resisted|p1a: Umbreon
|-damage|p1a: Umbreon|0 fnt
|faint|p1a: Umbreon
|
|-damage|p2a: Moltres|11/100 tox|[from] psn
|upkeep
|
|t:|1655472109
|switch|p1a: Heatran|Heatran, M|100/100
|-damage|p1a: Heatran|88/100|[from] Stealth Rock
|-damage|p1a: Heatran|76/100|[from] Spikes
|turn|18
|
|t:|1655472119
|switch|p1a: Slowbro|Slowbro, F|34/100
|move|p2a: Moltres|Fiery Wrath|p1a: Slowbro
|-supereffective|p1a: Slowbro
|-damage|p1a: Slowbro|0 fnt
|faint|p1a: Slowbro
|
|-damage|p2a: Moltres|0 fnt|[from] psn
|faint|p2a: Moltres
|upkeep
|
|t:|1655472122
|switch|p2a: Garchomp|Garchomp, M|100/100
|switch|p1a: Kartana|Kartana|100/100
|-damage|p1a: Kartana|94/100|[from] Stealth Rock
|-damage|p1a: Kartana|82/100|[from] Spikes
|turn|19
|
|t:|1655472128
|move|p1a: Kartana|Leaf Blade|p2a: Garchomp
|-damage|p2a: Garchomp|16/100
|-damage|p1a: Kartana|70/100|[from] ability: Rough Skin|[of] p2a: Garchomp
|move|p2a: Garchomp|Fire Fang|p1a: Kartana
|-supereffective|p1a: Kartana
|-damage|p1a: Kartana|0 fnt
|faint|p1a: Kartana
|
|-heal|p2a: Garchomp|23/100|[from] item: Leftovers
|upkeep
|
|t:|1655472137
|switch|p1a: Tapu Koko|Tapu Koko|33/100
|-fieldstart|move: Electric Terrain|[from] ability: Electric Surge|[of] p1a: Tapu Koko
|turn|20
|
|t:|1655472140
|move|p1a: Tapu Koko|Dazzling Gleam|p2a: Garchomp
|-supereffective|p2a: Garchomp
|-crit|p2a: Garchomp
|-damage|p2a: Garchomp|0 fnt
|faint|p2a: Garchomp
|
|upkeep
|
|t:|1655472142
|switch|p2a: Blastoise|Blastoise, F|100/100
|turn|21
|j| Ran Kob
|c|☆jawabarat|gg, cool team
|
|t:|1655472148
|move|p1a: Tapu Koko|Thunderbolt|p2a: Blastoise
|-supereffective|p2a: Blastoise
|-damage|p2a: Blastoise|0 fnt
|faint|p2a: Blastoise
|
|win|jawabarat
|raw|jawabarat's rating: 1696 &rarr; <strong>1719</strong><br />(+23 for winning)
|raw|ian_yo's rating: 1743 &rarr; <strong>1720</strong><br />(-23 for losing)
|c|☆ian_yo|gg
|l|☆ian_yo
|l| Swag like Ohio
||Ladder isn't responding, score probably updated but might not have (Request timeout).
