|j|☆tubiiiii
|j|☆PQPP214
|t:|1646195007
|gametype|singles
|player|p1|tubiiiii|roxie|1438
|player|p2|PQPP214|266|1398
|teamsize|p1|6
|teamsize|p2|6
|gen|8
|tier|[Gen 8] OU
|rated|
|rule|Sleep Clause Mod: Limit one foe put to sleep
|rule|Species Clause: Limit one of each Pokémon
|rule|OHKO Clause: OHKO moves are banned
|rule|Evasion Moves Clause: Evasion moves are banned
|rule|Endless Battle Clause: Forcing endless battles is banned
|rule|HP Percentage Mod: HP is shown in percentages
|rule|Dynamax Clause: You cannot dynamax
|clearpoke
|poke|p1|Landorus-Therian, M|
|poke|p1|Tornadus-Therian, M|
|poke|p1|Urshifu-*, F|
|poke|p1|Heatran, F|
|poke|p1|Dragapult, M|
|poke|p1|Regieleki|
|poke|p2|Landorus-Therian, M|
|poke|p2|Tornadus-Therian, M|
|poke|p2|Zeraora|
|poke|p2|Zapdos-Galar|
|poke|p2|Jirachi|
|poke|p2|Toxapex, M|
|teampreview
|inactive|Battle timer is ON: inactive players will automatically lose when time's up. (requested by tubiiiii)
|
|t:|1646195018
|start
|switch|p1a: Dragapult|Dragapult, M|100/100
|switch|p2a: Zapdos|Zapdos-Galar|100/100
|turn|1
|
|t:|1646195025
|move|p1a: Dragapult|Dragon Darts|p2a: Zapdos
|-damage|p2a: Zapdos|58/100
|-anim|p1a: Dragapult|Dragon Darts|p2a: Zapdos
|-damage|p2a: Zapdos|12/100
|move|p2a: Zapdos|Brave Bird|p1a: Dragapult
|-damage|p1a: Dragapult|0 fnt
|faint|p1a: Dragapult
|-damage|p2a: Zapdos|0 fnt|[from] Recoil
|faint|p2a: Zapdos
|
|upkeep
|
|t:|1646195039
|switch|p1a: Urshifu|Urshifu-Rapid-Strike, F|100/100
|switch|p2a: Landorus|Landorus-Therian, M, shiny|100/100
|-ability|p2a: Landorus|Intimidate|boost
|-unboost|p1a: Urshifu|atk|1
|turn|2
|
|t:|1646195047
|switch|p1a: Landorus|Landorus-Therian, M|100/100
|-ability|p1a: Landorus|Intimidate|boost
|-unboost|p2a: Landorus|atk|1
|switch|p2a: Toxapex|Toxapex, M, shiny|100/100
|
|upkeep
|turn|3
|
|t:|1646195054
|switch|p2a: Landorus|Landorus-Therian, M, shiny|100/100
|-ability|p2a: Landorus|Intimidate|boost
|-unboost|p1a: Landorus|atk|1
|move|p1a: Landorus|Knock Off|p2a: Landorus
|-damage|p2a: Landorus|77/100
|-enditem|p2a: Landorus|Leftovers|[from] move: Knock Off|[of] p1a: Landorus
|
|upkeep
|turn|4
|
|t:|1646195062
|move|p1a: Landorus|Toxic|p2a: Landorus
|-status|p2a: Landorus|tox
|move|p2a: Landorus|Toxic|p1a: Landorus
|-status|p1a: Landorus|tox
|
|-damage|p1a: Landorus|95/100 tox|[from] psn
|-damage|p2a: Landorus|71/100 tox|[from] psn
|upkeep
|turn|5
|
|t:|1646195069
|move|p1a: Landorus|U-turn|p2a: Landorus
|-resisted|p2a: Landorus
|-crit|p2a: Landorus
|-damage|p2a: Landorus|52/100 tox
|
|t:|1646195073
|switch|p1a: Tornadus|Tornadus-Therian, M|100/100|[from]move: U-turn
|move|p2a: Landorus|U-turn|p1a: Tornadus
|-resisted|p1a: Tornadus
|-damage|p1a: Tornadus|86/100
|
|t:|1646195077
|switch|p2a: Zeraora|Zeraora, shiny|100/100|[from]move: U-turn
|
|upkeep
|turn|6
|
|t:|1646195085
|switch|p1a: Landorus|Landorus-Therian, M|95/100 tox
|-ability|p1a: Landorus|Intimidate|boost
|-unboost|p2a: Zeraora|atk|1
|move|p2a: Zeraora|Knock Off|p1a: Landorus
|-damage|p1a: Landorus|72/100 tox
|-enditem|p1a: Landorus|Leftovers|[from] move: Knock Off|[of] p2a: Zeraora
|
|-damage|p1a: Landorus|66/100 tox|[from] psn
|upkeep
|turn|7
|
|t:|1646195101
|switch|p2a: Landorus|Landorus-Therian, M, shiny|52/100 tox
|-ability|p2a: Landorus|Intimidate|boost
|-unboost|p1a: Landorus|atk|1
|move|p1a: Landorus|U-turn|p2a: Landorus
|-resisted|p2a: Landorus
|-damage|p2a: Landorus|43/100 tox
|
|t:|1646195115
|switch|p1a: Tornadus|Tornadus-Therian, M|100/100|[from]move: U-turn
|
|-damage|p2a: Landorus|37/100 tox|[from] psn
|upkeep
|turn|8
|
|t:|1646195130
|switch|p2a: Zeraora|Zeraora, shiny|100/100
|move|p1a: Tornadus|Hurricane|p2a: Zeraora
|-resisted|p2a: Zeraora
|-damage|p2a: Zeraora|69/100
|-start|p2a: Zeraora|confusion
|
|upkeep
|turn|9
|
|t:|1646195154
|switch|p1a: Landorus|Landorus-Therian, M|66/100 tox
|-ability|p1a: Landorus|Intimidate|boost
|-unboost|p2a: Zeraora|atk|1
|-activate|p2a: Zeraora|confusion
|move|p2a: Zeraora|Plasma Fists|p1a: Landorus
|-immune|p1a: Landorus
|
|-damage|p1a: Landorus|60/100 tox|[from] psn
|upkeep
|turn|10
|
|t:|1646195173
|switch|p2a: Tornadus|Tornadus-Therian, M, shiny|100/100
|move|p1a: Landorus|Knock Off|p2a: Tornadus
|-damage|p2a: Tornadus|65/100
|-enditem|p2a: Tornadus|Heavy-Duty Boots|[from] move: Knock Off|[of] p1a: Landorus
|
|-damage|p1a: Landorus|48/100 tox|[from] psn
|upkeep
|turn|11
|
|t:|1646195191
|switch|p1a: Tornadus|Tornadus-Therian, M|100/100
|move|p2a: Tornadus|Hurricane|p1a: Tornadus
|-damage|p1a: Tornadus|55/100
|
|upkeep
|turn|12
|
|t:|1646195203
|move|p2a: Tornadus|U-turn|p1a: Tornadus
|-resisted|p1a: Tornadus
|-damage|p1a: Tornadus|45/100
|
|t:|1646195208
|switch|p2a: Jirachi|Jirachi, shiny|100/100|[from]move: U-turn
|move|p1a: Tornadus|Hurricane|p2a: Jirachi
|-resisted|p2a: Jirachi
|-damage|p2a: Jirachi|84/100
|
|-heal|p2a: Jirachi|90/100|[from] item: Leftovers
|upkeep
|turn|13
|
|t:|1646195217
|switch|p1a: Heatran|Heatran, F|100/100
|move|p2a: Jirachi|Stealth Rock|p1a: Heatran
|-sidestart|p1: tubiiiii|move: Stealth Rock
|
|-heal|p2a: Jirachi|97/100|[from] item: Leftovers
|upkeep
|turn|14
|
|t:|1646195226
|move|p2a: Jirachi|Healing Wish|p2a: Jirachi
|faint|p2a: Jirachi
|move|p1a: Heatran|Earth Power|p2: Jirachi|[notarget]
|-fail|p1a: Heatran
|
|upkeep
|
|t:|1646195232
|switch|p2a: Landorus|Landorus-Therian, M, shiny|37/100 tox
|-heal|p2a: Landorus|100/100|[from] move: Healing Wish
|-ability|p2a: Landorus|Intimidate|boost
|-unboost|p1a: Heatran|atk|1
|turn|15
|
|t:|1646195243
|switch|p1a: Tornadus|Tornadus-Therian, M|78/100
|move|p2a: Landorus|Earthquake|p1a: Tornadus
|-immune|p1a: Tornadus
|
|upkeep
|turn|16
|
|t:|1646195249
|switch|p2a: Tornadus|Tornadus-Therian, M, shiny|98/100
|move|p1a: Tornadus|U-turn|p2a: Tornadus
|-resisted|p2a: Tornadus
|-damage|p2a: Tornadus|89/100
|
|t:|1646195265
|switch|p1a: Regieleki|Regieleki|100/100|[from]move: U-turn
|-damage|p1a: Regieleki|88/100|[from] Stealth Rock
|
|upkeep
|turn|17
|
|t:|1646195274
|switch|p1a: Landorus|Landorus-Therian, M|48/100 tox
|-damage|p1a: Landorus|36/100 tox|[from] Stealth Rock
|-ability|p1a: Landorus|Intimidate|boost
|-unboost|p2a: Tornadus|atk|1
|switch|p2a: Landorus|Landorus-Therian, M, shiny|100/100
|-ability|p2a: Landorus|Intimidate|boost
|-unboost|p1a: Landorus|atk|1
|
|-damage|p1a: Landorus|30/100 tox|[from] psn
|upkeep
|turn|18
|
|t:|1646195284
|switch|p2a: Toxapex|Toxapex, M, shiny|100/100
|move|p1a: Landorus|Toxic|p2a: Toxapex|[miss]
|-miss|p1a: Landorus|p2a: Toxapex
|
|-damage|p1a: Landorus|18/100 tox|[from] psn
|upkeep
|turn|19
|
|t:|1646195292
|switch|p2a: Tornadus|Tornadus-Therian, M, shiny|100/100
|move|p1a: Landorus|Earthquake|p2a: Tornadus
|-immune|p2a: Tornadus
|
|-damage|p1a: Landorus|0 fnt|[from] psn
|faint|p1a: Landorus
|upkeep
|
|t:|1646195305
|switch|p1a: Tornadus|Tornadus-Therian, M|100/100
|turn|20
|
|t:|1646195314
|move|p2a: Tornadus|Knock Off|p1a: Tornadus
|-damage|p1a: Tornadus|73/100
|-enditem|p1a: Tornadus|Heavy-Duty Boots|[from] move: Knock Off|[of] p2a: Tornadus
|move|p1a: Tornadus|Hurricane|p2a: Tornadus
|-damage|p2a: Tornadus|51/100
|-start|p2a: Tornadus|confusion
|
|upkeep
|turn|21
|
|t:|1646195333
|switch|p2a: Toxapex|Toxapex, M, shiny|100/100
|move|p1a: Tornadus|Heat Wave|p2a: Toxapex
|-resisted|p2a: Toxapex
|-damage|p2a: Toxapex|89/100
|-status|p2a: Toxapex|brn
|-enditem|p2a: Toxapex|Eject Button
|
|t:|1646195339
|switch|p2a: Zeraora|Zeraora, shiny|69/100
|
|upkeep
|turn|22
|
|t:|1646195346
|switch|p1a: Heatran|Heatran, F|100/100
|-damage|p1a: Heatran|88/100|[from] Stealth Rock
|move|p2a: Zeraora|Plasma Fists|p1a: Heatran
|-damage|p1a: Heatran|53/100
|-fieldactivate|move: Ion Deluge
|-hint|Normal-type moves become Electric-type after using Plasma Fists.
|
|-heal|p1a: Heatran|59/100|[from] item: Leftovers
|upkeep
|turn|23
|
|t:|1646195356
|move|p2a: Zeraora|Close Combat|p1a: Heatran
|-supereffective|p1a: Heatran
|-damage|p1a: Heatran|0 fnt
|-unboost|p2a: Zeraora|def|1
|-unboost|p2a: Zeraora|spd|1
|faint|p1a: Heatran
|
|upkeep
|
|t:|1646195367
|switch|p1a: Urshifu|Urshifu-Rapid-Strike, F|100/100
|-damage|p1a: Urshifu|94/100|[from] Stealth Rock
|turn|24
|
|t:|1646195370
|switch|p2a: Toxapex|Toxapex, M, shiny|100/100 brn
|move|p1a: Urshifu|Aqua Jet|p2a: Toxapex
|-resisted|p2a: Toxapex
|-damage|p2a: Toxapex|91/100 brn
|
|-damage|p2a: Toxapex|85/100 brn|[from] brn
|upkeep
|turn|25
|
|t:|1646195378
|switch|p1a: Regieleki|Regieleki|88/100
|-damage|p1a: Regieleki|76/100|[from] Stealth Rock
|move|p2a: Toxapex|Knock Off|p1a: Regieleki
|-damage|p1a: Regieleki|63/100
|-enditem|p1a: Regieleki|Choice Specs|[from] move: Knock Off|[of] p2a: Toxapex
|
|-damage|p2a: Toxapex|79/100 brn|[from] brn
|upkeep
|turn|26
|
|t:|1646195388
|switch|p2a: Landorus|Landorus-Therian, M, shiny|100/100
|-ability|p2a: Landorus|Intimidate|boost
|-unboost|p1a: Regieleki|atk|1
|move|p1a: Regieleki|Hyper Beam|p2a: Landorus
|-damage|p2a: Landorus|64/100
|-mustrecharge|p1a: Regieleki
|
|upkeep
|turn|27
|
|t:|1646195395
|cant|p1a: Regieleki|recharge
|move|p2a: Landorus|Earthquake|p1a: Regieleki
|-supereffective|p1a: Regieleki
|-damage|p1a: Regieleki|0 fnt
|faint|p1a: Regieleki
|
|upkeep
|
|t:|1646195401
|switch|p1a: Urshifu|Urshifu-Rapid-Strike, F|94/100
|-damage|p1a: Urshifu|88/100|[from] Stealth Rock
|turn|28
|
|t:|1646195407
|switch|p2a: Toxapex|Toxapex, M, shiny|100/100 brn
|move|p1a: Urshifu|Surging Strikes|p2a: Toxapex
|-resisted|p2a: Toxapex
|-crit|p2a: Toxapex
|-damage|p2a: Toxapex|92/100 brn
|-resisted|p2a: Toxapex
|-crit|p2a: Toxapex
|-damage|p2a: Toxapex|82/100 brn
|-resisted|p2a: Toxapex
|-crit|p2a: Toxapex
|-damage|p2a: Toxapex|72/100 brn
|-hitcount|p2a: Toxapex|3
|
|-damage|p2a: Toxapex|66/100 brn|[from] brn
|upkeep
|turn|29
|
|t:|1646195418
|move|p1a: Urshifu|Surging Strikes|p2a: Toxapex
|-resisted|p2a: Toxapex
|-crit|p2a: Toxapex
|-damage|p2a: Toxapex|57/100 brn
|-resisted|p2a: Toxapex
|-crit|p2a: Toxapex
|-damage|p2a: Toxapex|48/100 brn
|-resisted|p2a: Toxapex
|-crit|p2a: Toxapex
|-damage|p2a: Toxapex|38/100 brn
|-hitcount|p2a: Toxapex|3
|move|p2a: Toxapex|Knock Off|p1a: Urshifu
|-resisted|p1a: Urshifu
|-damage|p1a: Urshifu|85/100
|-enditem|p1a: Urshifu|Choice Band|[from] move: Knock Off|[of] p2a: Toxapex
|
|-damage|p2a: Toxapex|33/100 brn|[from] brn
|upkeep
|turn|30
|
|t:|1646195430
|switch|p2a: Landorus|Landorus-Therian, M, shiny|64/100
|-ability|p2a: Landorus|Intimidate|boost
|-unboost|p1a: Urshifu|atk|1
|move|p1a: Urshifu|Surging Strikes|p2a: Landorus
|-supereffective|p2a: Landorus
|-crit|p2a: Landorus
|-damage|p2a: Landorus|26/100
|-supereffective|p2a: Landorus
|-crit|p2a: Landorus
|-damage|p2a: Landorus|0 fnt
|faint|p2a: Landorus
|-hitcount|p2: Landorus|2
|
|upkeep
|
|t:|1646195438
|switch|p2a: Zeraora|Zeraora, shiny|69/100
|turn|31
|
|t:|1646195443
|move|p2a: Zeraora|Plasma Fists|p1a: Urshifu
|-supereffective|p1a: Urshifu
|-damage|p1a: Urshifu|0 fnt
|-fieldactivate|move: Ion Deluge
|-hint|Normal-type moves become Electric-type after using Plasma Fists.
|faint|p1a: Urshifu
|
|upkeep
|-message|tubiiiii forfeited.
|
|win|PQPP214
|raw|tubiiiii's rating: 1438 &rarr; <strong>1416</strong><br />(-22 for losing)
|raw|PQPP214's rating: 1398 &rarr; <strong>1420</strong><br />(+22 for winning)
|l|☆tubiiiii
