|j|☆Contorted Lies
|j|☆Zaza Bitchulia
|t:|1607026115
|player|p1|Contorted Lies|102|1919
|player|p2|Zaza Bitchulia|lucas|1834
|teamsize|p1|6
|teamsize|p2|6
|gametype|singles
|gen|8
|tier|[Gen 8] OU
|rated|
|clearpoke
|poke|p1|Spectrier|
|poke|p1|Magnezone|
|poke|p1|Urshifu-*, M|
|poke|p1|Dragonite, M|
|poke|p1|Swampert, F|
|poke|p1|Clefable, M|
|poke|p2|Slowbro, F|
|poke|p2|Arctozolt|
|poke|p2|Vanilluxe, M|
|poke|p2|Cinderace, M|
|poke|p2|Swampert, F|
|poke|p2|Mandibuzz, F|
|rule|Sleep Clause Mod: Limit one foe put to sleep
|rule|Species Clause: Limit one of each Pokémon
|rule|OHKO Clause: OHKO moves are banned
|rule|Evasion Moves Clause: Evasion moves are banned
|rule|Endless Battle Clause: Forcing endless battles is banned
|rule|HP Percentage Mod: HP is shown in percentages
|rule|Dynamax Clause: You cannot dynamax
|teampreview
|j| dakingrulesz
|j| Grimmisnarl
|j| Bulbatran
|j| DomacVuk
|inactive|Battle timer is ON: inactive players will automatically lose when time's up. (requested by Zaza Bitchulia)
|
|t:|1607026143
|start
|switch|p1a: Swampert|Swampert, F|100/100
|switch|p2a: ice cream go brrr|Vanilluxe, M|100/100
|-weather|Hail|[from] ability: Snow Warning|[of] p2a: ice cream go brrr
|turn|1
|
|t:|1607026146
|switch|p1a: Magnezone|Magnezone|100/100
|move|p2a: ice cream go brrr|Freeze-Dry|p1a: Magnezone
|-resisted|p1a: Magnezone
|-damage|p1a: Magnezone|64/100
|-status|p1a: Magnezone|frz
|
|-weather|Hail|[upkeep]
|-damage|p1a: Magnezone|58/100 frz|[from] Hail
|upkeep
|turn|2
|
|t:|1607026150
|switch|p2a: Wetland|Swampert, F|100/100
|cant|p1a: Magnezone|frz
|
|-weather|Hail|[upkeep]
|-damage|p1a: Magnezone|52/100 frz|[from] Hail
|-damage|p2a: Wetland|94/100|[from] Hail
|-heal|p2a: Wetland|100/100|[from] item: Leftovers
|upkeep
|turn|3
|
|t:|1607026154
|switch|p1a: Clefable|Clefable, M|100/100
|move|p2a: Wetland|Flip Turn|p1a: Clefable
|-damage|p1a: Clefable|83/100
|j| Zombini62
|
|t:|1607026161
|switch|p2a: Ugly Duckling|Arctozolt|100/100|[from]move: Flip Turn
|
|-weather|Hail|[upkeep]
|-heal|p1a: Clefable|90/100|[from] item: Leftovers
|upkeep
|turn|4
|
|t:|1607026165
|switch|p1a: Swampert|Swampert, F|100/100
|move|p2a: Ugly Duckling|Bolt Beak|p1a: Swampert
|-immune|p1a: Swampert
|
|-weather|Hail|[upkeep]
|-damage|p1a: Swampert|94/100|[from] Hail
|-heal|p1a: Swampert|100/100|[from] item: Leftovers
|upkeep
|turn|5
|
|t:|1607026168
|switch|p2a: Wetland|Swampert, F|100/100
|move|p1a: Swampert|Stealth Rock|p2a: Wetland
|-sidestart|p2: Zaza Bitchulia|move: Stealth Rock
|
|-weather|none
|upkeep
|turn|6
|
|t:|1607026171
|move|p1a: Swampert|Toxic|p2a: Wetland
|-status|p2a: Wetland|tox
|move|p2a: Wetland|Stealth Rock|p1a: Swampert
|-sidestart|p1: Contorted Lies|move: Stealth Rock
|
|-damage|p2a: Wetland|94/100 tox|[from] psn
|upkeep
|turn|7
|
|t:|1607026174
|move|p1a: Swampert|Flip Turn|p2a: Wetland
|-damage|p2a: Wetland|74/100 tox
|
|t:|1607026175
|switch|p1a: Clefable|Clefable, M|90/100|[from]move: Flip Turn
|move|p2a: Wetland|Flip Turn|p1a: Clefable
|-damage|p1a: Clefable|71/100
|
|t:|1607026180
|switch|p2a: Ugly Duckling|Arctozolt|100/100|[from]move: Flip Turn
|
|-heal|p1a: Clefable|77/100|[from] item: Leftovers
|upkeep
|turn|8
|
|t:|1607026183
|switch|p1a: Swampert|Swampert, F|100/100
|-damage|p1a: Swampert|94/100|[from] Stealth Rock
|move|p2a: Ugly Duckling|Icicle Crash|p1a: Swampert
|-damage|p1a: Swampert|54/100
|
|-heal|p1a: Swampert|60/100|[from] item: Leftovers
|upkeep
|turn|9
|
|t:|1607026187
|switch|p2a: Derp|Slowbro, F|100/100
|-damage|p2a: Derp|88/100|[from] Stealth Rock
|move|p1a: Swampert|Flip Turn|p2a: Derp
|-resisted|p2a: Derp
|-crit|p2a: Derp
|-damage|p2a: Derp|78/100
|-damage|p1a: Swampert|44/100|[from] item: Rocky Helmet|[of] p2a: Derp
|
|t:|1607026189
|switch|p1a: Clefable|Clefable, M|77/100|[from]move: Flip Turn
|
|-heal|p1a: Clefable|83/100|[from] item: Leftovers
|upkeep
|turn|10
|
|t:|1607026191
|move|p1a: Clefable|Calm Mind|p1a: Clefable
|-boost|p1a: Clefable|spa|1
|-boost|p1a: Clefable|spd|1
|move|p2a: Derp|Future Sight|p1a: Clefable
|-start|p2a: Derp|move: Future Sight
|
|-heal|p1a: Clefable|89/100|[from] item: Leftovers
|upkeep
|turn|11
|j| Tuco Careca
|
|t:|1607026198
|move|p1a: Clefable|Thunder|p2a: Derp
|-supereffective|p2a: Derp
|-damage|p2a: Derp|3/100
|move|p2a: Derp|Teleport|p2a: Derp
|j| Dylanronpa
|c|☆Zaza Bitchulia|lmao
|l| Grimmisnarl
|c|☆Zaza Bitchulia|How did Slowbro live?
|
|t:|1607026219
|switch|p2a: Confidence|Cinderace, M|100/100|[from]move: Teleport
|
|-heal|p1a: Clefable|95/100|[from] item: Leftovers
|upkeep
|turn|12
|
|t:|1607026222
|switch|p1a: Magnezone|Magnezone|52/100 frz
|-damage|p1a: Magnezone|46/100 frz|[from] Stealth Rock
|move|p2a: Confidence|Pyro Ball|p1a: Magnezone
|-supereffective|p1a: Magnezone
|-damage|p1a: Magnezone|0 fnt
|faint|p1a: Magnezone
|
|-hint|Future Sight did not hit because the target is the user.
|upkeep
|
|t:|1607026233
|switch|p1a: Dragonite|Dragonite, M|100/100
|turn|13
|
|t:|1607026237
|move|p2a: Confidence|U-turn|p1a: Dragonite
|-start|p2a: Confidence|typechange|Bug|[from] ability: Libero
|-resisted|p1a: Dragonite
|-damage|p1a: Dragonite|91/100
|
|t:|1607026243
|switch|p2a: Mean Bird|Mandibuzz, F|100/100|[from]move: U-turn
|move|p1a: Dragonite|Dragon Dance|p1a: Dragonite
|-boost|p1a: Dragonite|atk|1
|-boost|p1a: Dragonite|spe|1
|
|upkeep
|turn|14
|
|t:|1607026246
|switch|p1a: Clefable|Clefable, M|95/100
|move|p2a: Mean Bird|Foul Play|p1a: Clefable
|-resisted|p1a: Clefable
|-damage|p1a: Clefable|89/100
|
|-heal|p1a: Clefable|95/100|[from] item: Leftovers
|upkeep
|turn|15
|
|t:|1607026251
|move|p2a: Mean Bird|U-turn|p1a: Clefable
|-resisted|p1a: Clefable
|-damage|p1a: Clefable|91/100
|
|t:|1607026253
|switch|p2a: ice cream go brrr|Vanilluxe, M|100/100|[from]move: U-turn
|-damage|p2a: ice cream go brrr|76/100|[from] Stealth Rock
|-weather|Hail|[from] ability: Snow Warning|[of] p2a: ice cream go brrr
|move|p1a: Clefable|Thunder|p2a: ice cream go brrr|[miss]
|-miss|p1a: Clefable|p2a: ice cream go brrr
|
|-weather|Hail|[upkeep]
|-heal|p1a: Clefable|97/100|[from] item: Leftovers
|upkeep
|turn|16
|
|t:|1607026262
|switch|p1a: Swampert|Swampert, F|44/100
|-damage|p1a: Swampert|38/100|[from] Stealth Rock
|move|p2a: ice cream go brrr|Blizzard|p1a: Swampert
|-damage|p1a: Swampert|0 fnt
|faint|p1a: Swampert
|
|-weather|Hail|[upkeep]
|upkeep
|
|t:|1607026263
|switch|p1a: Urshifu|Urshifu, M|100/100
|-damage|p1a: Urshifu|94/100|[from] Stealth Rock
|turn|17
|
|t:|1607026268
|switch|p2a: Wetland|Swampert, F|74/100 tox
|-damage|p2a: Wetland|68/100 tox|[from] Stealth Rock
|move|p1a: Urshifu|Close Combat|p2a: Wetland
|-damage|p2a: Wetland|0 fnt
|-unboost|p1a: Urshifu|def|1
|-unboost|p1a: Urshifu|spd|1
|faint|p2a: Wetland
|
|-weather|Hail|[upkeep]
|-damage|p1a: Urshifu|88/100|[from] Hail
|upkeep
|
|t:|1607026272
|switch|p2a: Ugly Duckling|Arctozolt|100/100
|turn|18
|
|t:|1607026301
|switch|p1a: Dragonite|Dragonite, M|91/100
|move|p2a: Ugly Duckling|Bolt Beak|p1a: Dragonite
|-damage|p1a: Dragonite|0 fnt
|faint|p1a: Dragonite
|
|-weather|Hail|[upkeep]
|upkeep
|
|t:|1607026307
|switch|p1a: Urshifu|Urshifu, M|88/100
|-damage|p1a: Urshifu|82/100|[from] Stealth Rock
|turn|19
|
|t:|1607026314
|switch|p2a: Derp|Slowbro, F|36/100
|-damage|p2a: Derp|24/100|[from] Stealth Rock
|move|p1a: Urshifu|Close Combat|p2a: Derp
|-resisted|p2a: Derp
|-damage|p2a: Derp|0 fnt
|-unboost|p1a: Urshifu|def|1
|-unboost|p1a: Urshifu|spd|1
|-damage|p1a: Urshifu|66/100|[from] item: Rocky Helmet|[of] p2a: Derp
|faint|p2a: Derp
|
|-weather|none
|upkeep
|j| kiki32
|
|t:|1607026320
|switch|p2a: Confidence|Cinderace, M|100/100
|turn|20
|
|t:|1607026324
|switch|p1a: Clefable|Clefable, M|97/100
|move|p2a: Confidence|Pyro Ball|p1a: Clefable
|-damage|p1a: Clefable|46/100
|
|-heal|p1a: Clefable|53/100|[from] item: Leftovers
|upkeep
|turn|21
|
|t:|1607026329
|move|p2a: Confidence|U-turn|p1a: Clefable
|-start|p2a: Confidence|typechange|Bug|[from] ability: Libero
|-resisted|p1a: Clefable
|-damage|p1a: Clefable|39/100
|
|t:|1607026330
|switch|p2a: ice cream go brrr|Vanilluxe, M|76/100|[from]move: U-turn
|-damage|p2a: ice cream go brrr|51/100|[from] Stealth Rock
|-weather|Hail|[from] ability: Snow Warning|[of] p2a: ice cream go brrr
|move|p1a: Clefable|Soft-Boiled|p1a: Clefable
|-heal|p1a: Clefable|89/100
|
|-weather|Hail|[upkeep]
|-heal|p1a: Clefable|95/100|[from] item: Leftovers
|upkeep
|turn|22
|
|t:|1607026333
|switch|p1a: Urshifu|Urshifu, M|66/100
|-damage|p1a: Urshifu|59/100|[from] Stealth Rock
|move|p2a: ice cream go brrr|Blizzard|p1a: Urshifu
|-damage|p1a: Urshifu|0 fnt
|faint|p1a: Urshifu
|
|-weather|Hail|[upkeep]
|upkeep
|
|t:|1607026335
|switch|p1a: Spectrier|Spectrier|100/100
|-damage|p1a: Spectrier|88/100|[from] Stealth Rock
|turn|23
|
|t:|1607026338
|switch|p2a: Mean Bird|Mandibuzz, F|100/100
|move|p1a: Spectrier|Substitute|p1a: Spectrier
|-start|p1a: Spectrier|Substitute
|-damage|p1a: Spectrier|63/100
|
|-weather|Hail|[upkeep]
|-damage|p1a: Spectrier|57/100|[from] Hail
|-heal|p1a: Spectrier|63/100|[from] item: Leftovers
|upkeep
|turn|24
|
|t:|1607026340
|move|p1a: Spectrier|Will-O-Wisp|p2a: Mean Bird|[miss]
|-miss|p1a: Spectrier|p2a: Mean Bird
|move|p2a: Mean Bird|Foul Play|p1a: Spectrier
|-supereffective|p1a: Spectrier
|-end|p1a: Spectrier|Substitute
|
|-weather|Hail|[upkeep]
|-damage|p1a: Spectrier|57/100|[from] Hail
|-heal|p1a: Spectrier|63/100|[from] item: Leftovers
|upkeep
|turn|25
|
|t:|1607026342
|move|p1a: Spectrier|Will-O-Wisp|p2a: Mean Bird
|-status|p2a: Mean Bird|brn
|move|p2a: Mean Bird|U-turn|p1a: Spectrier
|-resisted|p1a: Spectrier
|-damage|p1a: Spectrier|59/100
|j| Grimmisnarl
|
|t:|1607026345
|switch|p2a: Ugly Duckling|Arctozolt|100/100|[from]move: U-turn
|
|-weather|none
|-heal|p1a: Spectrier|65/100|[from] item: Leftovers
|upkeep
|turn|26
|
|t:|1607026348
|switch|p2a: Mean Bird|Mandibuzz, F|100/100 brn
|move|p1a: Spectrier|Will-O-Wisp|p2a: Mean Bird
|-fail|p2a: Mean Bird|brn
|
|-heal|p1a: Spectrier|71/100|[from] item: Leftovers
|-damage|p2a: Mean Bird|94/100 brn|[from] brn
|upkeep
|turn|27
|
|t:|1607026350
|move|p1a: Spectrier|Substitute|p1a: Spectrier
|-start|p1a: Spectrier|Substitute
|-damage|p1a: Spectrier|47/100
|move|p2a: Mean Bird|Foul Play|p1a: Spectrier
|-supereffective|p1a: Spectrier
|-crit|p1a: Spectrier
|-end|p1a: Spectrier|Substitute
|
|-heal|p1a: Spectrier|53/100|[from] item: Leftovers
|-damage|p2a: Mean Bird|88/100 brn|[from] brn
|upkeep
|turn|28
|l| kiki32
|
|t:|1607026358
|move|p1a: Spectrier|Nasty Plot|p1a: Spectrier
|-boost|p1a: Spectrier|spa|2
|move|p2a: Mean Bird|U-turn|p1a: Spectrier
|-resisted|p1a: Spectrier
|-damage|p1a: Spectrier|48/100
|
|t:|1607026363
|switch|p2a: ice cream go brrr|Vanilluxe, M|51/100|[from]move: U-turn
|-damage|p2a: ice cream go brrr|26/100|[from] Stealth Rock
|-weather|Hail|[from] ability: Snow Warning|[of] p2a: ice cream go brrr
|
|-weather|Hail|[upkeep]
|-damage|p1a: Spectrier|42/100|[from] Hail
|-heal|p1a: Spectrier|48/100|[from] item: Leftovers
|upkeep
|turn|29
|
|t:|1607026371
|move|p1a: Spectrier|Substitute|p1a: Spectrier
|-start|p1a: Spectrier|Substitute
|-damage|p1a: Spectrier|24/100
|move|p2a: ice cream go brrr|Blizzard|p1a: Spectrier
|-end|p1a: Spectrier|Substitute
|
|-weather|Hail|[upkeep]
|-damage|p1a: Spectrier|18/100|[from] Hail
|-heal|p1a: Spectrier|24/100|[from] item: Leftovers
|upkeep
|turn|30
|j| LT73IU slainey
|
|t:|1607026380
|switch|p2a: Confidence|Cinderace, M|100/100
|move|p1a: Spectrier|Hex|p2a: Confidence
|-damage|p2a: Confidence|3/100
|
|-weather|Hail|[upkeep]
|-damage|p1a: Spectrier|18/100|[from] Hail
|-damage|p2a: Confidence|0 fnt|[from] Hail
|faint|p2a: Confidence
|-heal|p1a: Spectrier|24/100|[from] item: Leftovers
|upkeep
|
|t:|1607026381
|switch|p2a: Ugly Duckling|Arctozolt|100/100
|turn|31
|
|t:|1607026389
|move|p2a: Ugly Duckling|Bolt Beak|p1a: Spectrier
|-damage|p1a: Spectrier|0 fnt
|faint|p1a: Spectrier
|
|-weather|Hail|[upkeep]
|upkeep
|
|t:|1607026391
|switch|p1a: Clefable|Clefable, M|95/100
|turn|32
|
|t:|1607026395
|move|p2a: Ugly Duckling|Bolt Beak|p1a: Clefable
|-damage|p1a: Clefable|35/100
|move|p1a: Clefable|Soft-Boiled|p1a: Clefable
|-heal|p1a: Clefable|85/100
|
|-weather|none
|-heal|p1a: Clefable|91/100|[from] item: Leftovers
|upkeep
|turn|33
|
|t:|1607026402
|move|p2a: Ugly Duckling|Bolt Beak|p1a: Clefable
|-damage|p1a: Clefable|27/100
|move|p1a: Clefable|Soft-Boiled|p1a: Clefable
|-heal|p1a: Clefable|77/100
|
|-heal|p1a: Clefable|83/100|[from] item: Leftovers
|upkeep
|turn|34
|
|t:|1607026405
|move|p2a: Ugly Duckling|Bolt Beak|p1a: Clefable
|-damage|p1a: Clefable|17/100
|move|p1a: Clefable|Soft-Boiled|p1a: Clefable
|-heal|p1a: Clefable|67/100
|
|-heal|p1a: Clefable|73/100|[from] item: Leftovers
|upkeep
|turn|35
|
|t:|1607026407
|move|p2a: Ugly Duckling|Bolt Beak|p1a: Clefable
|-damage|p1a: Clefable|7/100
|move|p1a: Clefable|Soft-Boiled|p1a: Clefable
|-heal|p1a: Clefable|57/100
|
|-heal|p1a: Clefable|63/100|[from] item: Leftovers
|upkeep
|turn|36
|
|t:|1607026408
|move|p2a: Ugly Duckling|Bolt Beak|p1a: Clefable
|-damage|p1a: Clefable|5/100
|move|p1a: Clefable|Soft-Boiled|p1a: Clefable
|-heal|p1a: Clefable|55/100
|
|-heal|p1a: Clefable|61/100|[from] item: Leftovers
|upkeep
|turn|37
|
|t:|1607026410
|move|p2a: Ugly Duckling|Bolt Beak|p1a: Clefable
|-damage|p1a: Clefable|0 fnt
|faint|p1a: Clefable
|
|win|Zaza Bitchulia
|l|☆Contorted Lies
|l| Grimmisnarl
|c|☆Zaza Bitchulia|thx Pinkacross
