|j|☆Pinks1ip
|j|☆vkhss
|inactive|Battle timer is ON: inactive players will automatically lose when time's up.
|t:|1652890495
|gametype|singles
|player|p1|Pinks1ip|skierf|
|player|p2|vkhss|clemont|
|teamsize|p1|6
|teamsize|p2|6
|gen|8
|tier|[Gen 8] OU
|rated|Tournament battle
|rule|Sleep Clause Mod: Limit one foe put to sleep
|rule|Species Clause: Limit one of each Pokémon
|rule|OHKO Clause: OHKO moves are banned
|rule|Evasion Moves Clause: Evasion moves are banned
|rule|Endless Battle Clause: Forcing endless battles is banned
|rule|HP Percentage Mod: HP is shown in percentages
|rule|Dynamax Clause: You cannot dynamax
|clearpoke
|poke|p1|Moltres-Galar|
|poke|p1|Aegislash, M|
|poke|p1|Garchomp, M|
|poke|p1|Tapu Koko|
|poke|p1|Landorus-Therian, M|
|poke|p1|Regieleki|
|poke|p2|Medicham-Mega, M|
|poke|p2|Garchomp-Mega, F|
|poke|p2|Mawile-Mega, F|
|poke|p2|Charizard-Mega-X, M|
|poke|p2|Diancie-Mega|
|poke|p2|Altaria-Mega, F|
|teampreview
|j|%htcl (>◡<)
|j| Zaza BitchuLia
|l| Zaza BitchuLia
|c|☆vkhss|where the megas at :c
|c|☆Pinks1ip|How did you get megas every time I tried to use one if rejected my team
|c|☆Pinks1ip|Yeah I know : (
|inactive|Pinks1ip has 120 seconds left.
|c|%htcl (>◡<)|u cant use the stones
|
|t:|1652890531
|start
|switch|p1a: Landorus|Landorus-Therian, M|100/100
|switch|p2a: Diancie|Diancie-Mega|100/100
|-ability|p1a: Landorus|Intimidate|boost
|-unboost|p2a: Diancie|atk|1
|turn|1
|c|%htcl (>◡<)|u have to use regular items
|c|%htcl (>◡<)|like leftovers
|c|%htcl (>◡<)|or boots
|c|%htcl (>◡<)|also some megas are banned
|c|☆Pinks1ip|ah
|c|%htcl (>◡<)|like mega zam
|c|%htcl (>◡<)|and mega stoise
|
|t:|1652890549
|move|p2a: Diancie|Diamond Storm|p1a: Landorus
|-damage|p1a: Landorus|55/100
|move|p1a: Landorus|Earthquake|p2a: Diancie
|-supereffective|p2a: Diancie
|-damage|p2a: Diancie|0 fnt
|faint|p2a: Diancie
|
|upkeep
|j| DA COME UP ★彡
|c|☆vkhss|meant to
|c|☆vkhss|ricks
|c|☆vkhss|rocks*
|inactive|vkhss has 120 seconds left.
|
|t:|1652890577
|switch|p2a: Charizard|Charizard-Mega-X, M|100/100
|turn|2
|inactive|vkhss has 120 seconds left.
|
|t:|1652890583
|move|p2a: Charizard|Flare Blitz|p1a: Landorus
|-damage|p1a: Landorus|0 fnt
|faint|p1a: Landorus
|-damage|p2a: Charizard|81/100|[from] Recoil
|-damage|p2a: Charizard|71/100|[from] item: Life Orb
|
|upkeep
|j|+sww suwa
|
|t:|1652890598
|switch|p1a: Garchomp|Garchomp, M|100/100
|turn|3
|
|t:|1652890601
|move|p1a: Garchomp|Earthquake|p2a: Charizard
|-supereffective|p2a: Charizard
|-damage|p2a: Charizard|0 fnt
|faint|p2a: Charizard
|
|upkeep
|
|t:|1652890608
|switch|p2a: Altaria|Altaria-Mega, F|100/100
|turn|4
|c|☆vkhss|i
|c|☆vkhss|!showset 6
|c| vkhss|/raw <div class="infobox">Altaria (Altaria-Mega) @ Leftovers  <br />Ability: Pixilate  <br />EVs: 252 HP &#x2f; 252 Atk &#x2f; 4 SpD  <br />Adamant Nature  <br />- Body Slam  <br />- Roost  <br />- Earthquake  <br /><br /></div>
|c|+sww suwa|why do all your megas lose to garchomp?
|inactive|vkhss has 120 seconds left.
|
|t:|1652890636
|switch|p1a: Tapu Koko|Tapu Koko|100/100
|-fieldstart|move: Electric Terrain|[from] ability: Electric Surge|[of] p1a: Tapu Koko
|move|p2a: Altaria|Body Slam|p1a: Tapu Koko
|-damage|p1a: Tapu Koko|46/100
|
|upkeep
|turn|5
|inactive|vkhss has 120 seconds left.
|
|t:|1652890650
|switch|p2a: Mawile|Mawile-Mega, F|100/100
|move|p1a: Tapu Koko|Reflect|p1a: Tapu Koko
|-sidestart|p1: Pinks1ip|Reflect
|
|upkeep
|turn|6
|inactive|vkhss has 120 seconds left.
|j|%ian_yo
|l| DA COME UP ★彡
|inactive|vkhss has 90 seconds left.
|
|t:|1652890705
|move|p1a: Tapu Koko|Taunt|p2a: Mawile
|-start|p2a: Mawile|move: Taunt
|move|p2a: Mawile|Play Rough|p1a: Tapu Koko
|-damage|p1a: Tapu Koko|0 fnt
|faint|p1a: Tapu Koko
|
|upkeep
|inactive|Pinks1ip has 120 seconds left.
|inactive|Pinks1ip has 90 seconds left.
|
|t:|1652890781
|switch|p1a: Regieleki|Regieleki|100/100
|turn|7
|inactive|vkhss has 90 seconds left.
|
|t:|1652890796
|switch|p2a: Garchomp|Garchomp-Mega, F|100/100
|move|p1a: Regieleki|Rising Voltage|p2a: Garchomp
|-immune|p2a: Garchomp
|
|upkeep
|turn|8
|inactive|vkhss has 90 seconds left.
|
|t:|1652890808
|switch|p1a: Moltres|Moltres-Galar|100/100
|move|p2a: Garchomp|Substitute|p2a: Garchomp
|-start|p2a: Garchomp|Substitute
|-damage|p2a: Garchomp|76/100
|
|-heal|p2a: Garchomp|82/100|[from] item: Leftovers
|-fieldend|move: Electric Terrain
|upkeep
|turn|9
|
|t:|1652890812
|move|p2a: Garchomp|Swords Dance|p2a: Garchomp
|-boost|p2a: Garchomp|atk|2
|move|p1a: Moltres|Agility|p1a: Moltres
|-boost|p1a: Moltres|spe|2
|
|-heal|p2a: Garchomp|88/100|[from] item: Leftovers
|upkeep
|turn|10
|
|t:|1652890815
|move|p1a: Moltres|Fiery Wrath|p2a: Garchomp
|-end|p2a: Garchomp|Substitute
|move|p2a: Garchomp|Scale Shot|p1a: Moltres
|-damage|p1a: Moltres|82/100
|-damage|p1a: Moltres|65/100
|-damage|p1a: Moltres|47/100
|-enditem|p1a: Moltres|Sitrus Berry|[eat]
|-heal|p1a: Moltres|72/100|[from] item: Sitrus Berry
|-hitcount|p1a: Moltres|3
|-unboost|p2a: Garchomp|def|1
|-boost|p2a: Garchomp|spe|1
|
|-heal|p2a: Garchomp|94/100|[from] item: Leftovers
|upkeep
|turn|11
|
|t:|1652890827
|move|p1a: Moltres|Fiery Wrath|p2a: Garchomp
|-damage|p2a: Garchomp|52/100
|move|p2a: Garchomp|Scale Shot|p1a: Moltres
|-damage|p1a: Moltres|54/100
|-damage|p1a: Moltres|37/100
|-damage|p1a: Moltres|18/100
|-hitcount|p1a: Moltres|3
|-ability|p1a: Moltres|Berserk|boost
|-boost|p1a: Moltres|spa|1
|-unboost|p2a: Garchomp|def|1
|-boost|p2a: Garchomp|spe|1
|
|-heal|p2a: Garchomp|58/100|[from] item: Leftovers
|upkeep
|turn|12
|
|t:|1652890835
|move|p2a: Garchomp|Scale Shot|p1a: Moltres
|-damage|p1a: Moltres|0 fnt
|faint|p1a: Moltres
|-hitcount|p1: Moltres|1
|-unboost|p2a: Garchomp|def|1
|-boost|p2a: Garchomp|spe|1
|
|-heal|p2a: Garchomp|64/100|[from] item: Leftovers
|-sideend|p1: Pinks1ip|Reflect
|upkeep
|
|t:|1652890838
|switch|p1a: Aegislash|Aegislash, M|100/100
|-item|p1a: Aegislash|Air Balloon
|turn|13
|
|t:|1652890842
|move|p2a: Garchomp|Scale Shot|p1a: Aegislash
|-resisted|p1a: Aegislash
|-damage|p1a: Aegislash|85/100
|-enditem|p1a: Aegislash|Air Balloon
|-resisted|p1a: Aegislash
|-damage|p1a: Aegislash|70/100
|-resisted|p1a: Aegislash
|-damage|p1a: Aegislash|53/100
|-resisted|p1a: Aegislash
|-damage|p1a: Aegislash|37/100
|-resisted|p1a: Aegislash
|-damage|p1a: Aegislash|21/100
|-hitcount|p1a: Aegislash|5
|-unboost|p2a: Garchomp|def|1
|-boost|p2a: Garchomp|spe|1
|move|p1a: Aegislash|Swords Dance|p1a: Aegislash
|-boost|p1a: Aegislash|atk|2
|
|-heal|p2a: Garchomp|71/100|[from] item: Leftovers
|upkeep
|turn|14
|
|t:|1652890846
|-formechange|p1a: Aegislash|Aegislash-Blade||[from] ability: Stance Change
|move|p1a: Aegislash|Shadow Sneak|p2a: Garchomp
|-damage|p2a: Garchomp|0 fnt
|faint|p2a: Garchomp
|
|upkeep
|
|t:|1652890852
|switch|p2a: Mawile|Mawile-Mega, F|100/100
|turn|15
|
|t:|1652890856
|move|p1a: Aegislash|Shadow Sneak|p2a: Mawile
|-damage|p2a: Mawile|50/100
|move|p2a: Mawile|Knock Off|p1a: Aegislash
|-supereffective|p1a: Aegislash
|-damage|p1a: Aegislash|0 fnt
|faint|p1a: Aegislash
|
|upkeep
|
|t:|1652890867
|switch|p1a: Garchomp|Garchomp, M|100/100
|turn|16
|
|t:|1652890872
|switch|p2a: Altaria|Altaria-Mega, F|100/100
|move|p1a: Garchomp|Earthquake|p2a: Altaria
|-crit|p2a: Altaria
|-damage|p2a: Altaria|30/100
|
|-heal|p2a: Altaria|36/100|[from] item: Leftovers
|upkeep
|turn|17
|
|t:|1652890876
|move|p1a: Garchomp|Earthquake|p2a: Altaria
|-damage|p2a: Altaria|0 fnt
|faint|p2a: Altaria
|
|upkeep
|
|t:|1652890877
|switch|p2a: Medicham|Medicham-Mega, M|100/100
|turn|18
|
|t:|1652890880
|move|p1a: Garchomp|Earthquake|p2a: Medicham
|-damage|p2a: Medicham|24/100
|move|p2a: Medicham|Ice Punch|p1a: Garchomp
|-supereffective|p1a: Garchomp
|-damage|p1a: Garchomp|0 fnt
|-damage|p2a: Medicham|12/100|[from] ability: Rough Skin|[of] p1a: Garchomp
|faint|p1a: Garchomp
|
|upkeep
|
|t:|1652890882
|switch|p1a: Regieleki|Regieleki|100/100
|turn|19
|
|t:|1652890884
|move|p1a: Regieleki|Thunderbolt|p2a: Medicham
|-damage|p2a: Medicham|0 fnt
|faint|p2a: Medicham
|
|upkeep
|
|t:|1652890885
|switch|p2a: Mawile|Mawile-Mega, F|50/100
|turn|20
|
|t:|1652890887
|move|p2a: Mawile|Sucker Punch|p1a: Regieleki
|-damage|p1a: Regieleki|0 fnt
|faint|p1a: Regieleki
|
|win|vkhss
|n|☆Pinks1ip|pinks1ip
|n|☆vkhss|vkhss
|n| htcl (>◡<)|htcl
|n| sww suwa|swwsuwa
|n| ian_yo|ianyo
