|raw|<div class="broadcast-blue"><strong>This battle is required to be public due to a player having a name starting with 'btlt200'.</div>
|j|☆BTLT200$ FILO
|j|☆Ayante
|t:|1668039266
|gametype|singles
|player|p1|BTLT200$ FILO|emma|1687
|player|p2|Ayante|unknown|1794
|teamsize|p1|6
|teamsize|p2|6
|gen|8
|tier|[Gen 8] OU
|rated|
|rule|Sleep Clause Mod: Limit one foe put to sleep
|rule|Species Clause: Limit one of each Pokémon
|rule|OHKO Clause: OHKO moves are banned
|rule|Evasion Items Clause: Evasion items are banned
|rule|Evasion Moves Clause: Evasion moves are banned
|rule|Endless Battle Clause: Forcing endless battles is banned
|rule|HP Percentage Mod: HP is shown in percentages
|rule|Dynamax Clause: You cannot dynamax
|clearpoke
|poke|p1|Weavile, M|
|poke|p1|Rillaboom, F|
|poke|p1|Blaziken, F|
|poke|p1|Kartana|
|poke|p1|Dragonite, M|
|poke|p1|Excadrill, M|
|poke|p2|Clefable, M|
|poke|p2|Ferrothorn, M|
|poke|p2|Rotom-Wash|
|poke|p2|Weavile, M|
|poke|p2|Dragapult, M|
|poke|p2|Landorus-Therian, M|
|teampreview
|l|☆Ayante
|player|p2|
|inactive|Battle timer is ON: inactive players will automatically lose when time's up. (requested by BTLT200$ FILO)
|j|☆Ayante
|inactive|Ayante reconnected and has 150 seconds left.
|player|p2|Ayante|unknown
|inactive|Ayante also wants the timer to be on.
|
|t:|1668039310
|start
|switch|p1a: Excadrill|Excadrill, M|100/100
|switch|p2a: Weavile|Weavile, M|100/100
|-ability|p2a: Weavile|Pressure
|-ability|p1a: Excadrill|Mold Breaker
|turn|1
|
|t:|1668039322
|move|p2a: Weavile|Knock Off|p1a: Excadrill
|-enditem|p1a: Excadrill|Focus Sash
|-damage|p1a: Excadrill|1/100
|move|p1a: Excadrill|Stealth Rock|p2a: Weavile
|-sidestart|p2: Ayante|move: Stealth Rock
|
|upkeep
|turn|2
|
|t:|1668039325
|move|p2a: Weavile|Knock Off|p1a: Excadrill
|-crit|p1a: Excadrill
|-damage|p1a: Excadrill|0 fnt
|faint|p1a: Excadrill
|
|upkeep
|
|t:|1668039328
|switch|p1a: Blaziken|Blaziken, F|100/100
|turn|3
|
|t:|1668039330
|move|p2a: Weavile|Knock Off|p1a: Blaziken
|-resisted|p1a: Blaziken
|-damage|p1a: Blaziken|49/100
|-enditem|p1a: Blaziken|Shuca Berry|[from] move: Knock Off|[of] p2a: Weavile
|move|p1a: Blaziken|Swords Dance|p1a: Blaziken
|-boost|p1a: Blaziken|atk|2
|
|-ability|p1a: Blaziken|Speed Boost|boost
|-boost|p1a: Blaziken|spe|1
|upkeep
|turn|4
|
|t:|1668039342
|switch|p2a: Clefable|Clefable, M|100/100
|move|p1a: Blaziken|Swords Dance|p1a: Blaziken
|-boost|p1a: Blaziken|atk|2
|
|-ability|p1a: Blaziken|Speed Boost|boost
|-boost|p1a: Blaziken|spe|1
|upkeep
|turn|5
|
|t:|1668039350
|move|p1a: Blaziken|Flare Blitz|p2a: Clefable
|-damage|p2a: Clefable|0 fnt
|-damage|p1a: Blaziken|32/100|[from] item: Rocky Helmet|[of] p2a: Clefable
|faint|p2a: Clefable
|-damage|p1a: Blaziken|0 fnt|[from] Recoil
|faint|p1a: Blaziken
|
|upkeep
|
|t:|1668039361
|switch|p1a: Weavile|Weavile, M|100/100
|switch|p2a: Dragapult|Dragapult, M|100/100
|-damage|p2a: Dragapult|88/100|[from] Stealth Rock
|turn|6
|
|t:|1668039369
|switch|p2a: Ferrothorn|Ferrothorn, M|100/100
|-damage|p2a: Ferrothorn|94/100|[from] Stealth Rock
|move|p1a: Weavile|Ice Shard|p2a: Ferrothorn
|-damage|p2a: Ferrothorn|75/100
|-damage|p1a: Weavile|91/100|[from] item: Life Orb
|
|-heal|p2a: Ferrothorn|82/100|[from] item: Leftovers
|upkeep
|turn|7
|
|t:|1668039377
|switch|p1a: Rillaboom|Rillaboom, F|100/100
|-fieldstart|move: Grassy Terrain|[from] ability: Grassy Surge|[of] p1a: Rillaboom
|move|p2a: Ferrothorn|Spikes|p1a: Rillaboom
|-sidestart|p1: BTLT200$ FILO|Spikes
|
|-heal|p2a: Ferrothorn|88/100|[from] Grassy Terrain
|-heal|p2a: Ferrothorn|94/100|[from] item: Leftovers
|upkeep
|turn|8
|
|t:|1668039381
|move|p1a: Rillaboom|Swords Dance|p1a: Rillaboom
|-boost|p1a: Rillaboom|atk|2
|move|p2a: Ferrothorn|Gyro Ball|p1a: Rillaboom
|-damage|p1a: Rillaboom|49/100
|
|-heal|p1a: Rillaboom|55/100|[from] Grassy Terrain
|-heal|p2a: Ferrothorn|100/100|[from] Grassy Terrain
|upkeep
|turn|9
|
|t:|1668039384
|switch|p2a: Landorus|Landorus-Therian, M|100/100
|-damage|p2a: Landorus|88/100|[from] Stealth Rock
|-ability|p2a: Landorus|Intimidate|boost
|-unboost|p1a: Rillaboom|atk|1
|move|p1a: Rillaboom|Superpower|p2a: Landorus
|-resisted|p2a: Landorus
|-damage|p2a: Landorus|39/100
|-unboost|p1a: Rillaboom|atk|1
|-unboost|p1a: Rillaboom|def|1
|-damage|p1a: Rillaboom|45/100|[from] item: Life Orb
|
|-heal|p2a: Landorus|45/100|[from] item: Leftovers
|-heal|p1a: Rillaboom|51/100|[from] Grassy Terrain
|upkeep
|turn|10
|
|t:|1668039390
|switch|p2a: Ferrothorn|Ferrothorn, M|100/100
|-damage|p2a: Ferrothorn|94/100|[from] Stealth Rock
|move|p1a: Rillaboom|Knock Off|p2a: Ferrothorn
|-damage|p2a: Ferrothorn|62/100
|-damage|p1a: Rillaboom|39/100|[from] ability: Iron Barbs|[of] p2a: Ferrothorn
|-enditem|p2a: Ferrothorn|Leftovers|[from] move: Knock Off|[of] p1a: Rillaboom
|-damage|p1a: Rillaboom|29/100|[from] item: Life Orb
|
|-heal|p1a: Rillaboom|35/100|[from] Grassy Terrain
|-heal|p2a: Ferrothorn|69/100|[from] Grassy Terrain
|upkeep
|turn|11
|
|t:|1668039402
|switch|p2a: Landorus|Landorus-Therian, M|45/100
|-damage|p2a: Landorus|33/100|[from] Stealth Rock
|-ability|p2a: Landorus|Intimidate|boost
|-unboost|p1a: Rillaboom|atk|1
|move|p1a: Rillaboom|Superpower|p2a: Landorus
|-resisted|p2a: Landorus
|-crit|p2a: Landorus
|-damage|p2a: Landorus|0 fnt
|-unboost|p1a: Rillaboom|atk|1
|-unboost|p1a: Rillaboom|def|1
|faint|p2a: Landorus
|-damage|p1a: Rillaboom|25/100|[from] item: Life Orb
|
|-heal|p1a: Rillaboom|31/100|[from] Grassy Terrain
|-fieldend|move: Grassy Terrain
|upkeep
|
|t:|1668039422
|switch|p2a: Dragapult|Dragapult, M|88/100
|-damage|p2a: Dragapult|76/100|[from] Stealth Rock
|turn|12
|j| bakjk
|j| Anoxx17
|
|t:|1668039428
|move|p2a: Dragapult|U-turn|p1a: Rillaboom
|-supereffective|p1a: Rillaboom
|-damage|p1a: Rillaboom|0 fnt
|faint|p1a: Rillaboom
|
|t:|1668039435
|switch|p2a: Ferrothorn|Ferrothorn, M|69/100|[from]move: U-turn
|-damage|p2a: Ferrothorn|62/100|[from] Stealth Rock
|
|upkeep
|j| darkcloud1986
|inactive|BTLT200$ FILO has 120 seconds left.
|
|t:|1668039482
|switch|p1a: Dragonite|Dragonite, M|100/100
|turn|13
|
|t:|1668039488
|switch|p2a: Rotom|Rotom-Wash|100/100
|-damage|p2a: Rotom|88/100|[from] Stealth Rock
|move|p1a: Dragonite|Dragon Dance|p1a: Dragonite
|-boost|p1a: Dragonite|atk|1
|-boost|p1a: Dragonite|spe|1
|
|-heal|p2a: Rotom|94/100|[from] item: Leftovers
|upkeep
|turn|14
|
|t:|1668039496
|move|p1a: Dragonite|Dragon Dance|p1a: Dragonite
|-boost|p1a: Dragonite|atk|1
|-boost|p1a: Dragonite|spe|1
|move|p2a: Rotom|Will-O-Wisp|p1a: Dragonite
|-status|p1a: Dragonite|brn
|
|-heal|p2a: Rotom|100/100|[from] item: Leftovers
|-damage|p1a: Dragonite|94/100 brn|[from] brn
|upkeep
|turn|15
|
|t:|1668039501
|move|p1a: Dragonite|Ice Punch|p2a: Rotom
|-resisted|p2a: Rotom
|-damage|p2a: Rotom|89/100
|move|p2a: Rotom|Volt Switch|p1a: Dragonite
|-damage|p1a: Dragonite|66/100 brn
|
|t:|1668039504
|switch|p2a: Weavile|Weavile, M|100/100|[from]move: Volt Switch
|-damage|p2a: Weavile|76/100|[from] Stealth Rock
|-ability|p2a: Weavile|Pressure
|
|-damage|p1a: Dragonite|60/100 brn|[from] brn
|upkeep
|turn|16
|
|t:|1668039507
|move|p2a: Weavile|Ice Shard|p1a: Dragonite
|-supereffective|p1a: Dragonite
|-damage|p1a: Dragonite|0 fnt
|faint|p1a: Dragonite
|
|upkeep
|
|t:|1668039510
|switch|p1a: Weavile|Weavile, M|91/100
|-damage|p1a: Weavile|78/100|[from] Spikes
|turn|17
|
|t:|1668039514
|switch|p2a: Ferrothorn|Ferrothorn, M|62/100
|-damage|p2a: Ferrothorn|56/100|[from] Stealth Rock
|move|p1a: Weavile|Swords Dance|p1a: Weavile
|-boost|p1a: Weavile|atk|2
|
|upkeep
|turn|18
|
|t:|1668039517
|move|p1a: Weavile|Triple Axel|p2a: Ferrothorn
|-damage|p2a: Ferrothorn|38/100
|-damage|p1a: Weavile|66/100|[from] ability: Iron Barbs|[of] p2a: Ferrothorn
|-damage|p2a: Ferrothorn|0 fnt
|-damage|p1a: Weavile|53/100|[from] ability: Iron Barbs|[of] p2a: Ferrothorn
|faint|p2a: Ferrothorn
|-hitcount|p2: Ferrothorn|2
|-damage|p1a: Weavile|43/100|[from] item: Life Orb
|
|upkeep
|
|t:|1668039521
|switch|p2a: Weavile|Weavile, M|76/100
|-damage|p2a: Weavile|51/100|[from] Stealth Rock
|-ability|p2a: Weavile|Pressure
|turn|19
|
|t:|1668039526
|move|p2a: Weavile|Knock Off|p1a: Weavile
|-resisted|p1a: Weavile
|-damage|p1a: Weavile|0 fnt
|-enditem|p1a: Weavile|Life Orb|[from] move: Knock Off|[of] p2a: Weavile
|faint|p1a: Weavile
|
|upkeep
|
|t:|1668039531
|switch|p1a: Kartana|Kartana|100/100
|-damage|p1a: Kartana|88/100|[from] Spikes
|turn|20
|j| BabyPigsAreLaughin
|j| Malanaki
|
|t:|1668039556
|move|p1a: Kartana|Leaf Blade|p2a: Weavile
|-crit|p2a: Weavile
|-damage|p2a: Weavile|0 fnt
|faint|p2a: Weavile
|-ability|p1a: Kartana|Beast Boost|boost
|-boost|p1a: Kartana|atk|1
|
|upkeep
|
|t:|1668039559
|switch|p2a: Dragapult|Dragapult, M|76/100
|-damage|p2a: Dragapult|64/100|[from] Stealth Rock
|turn|21
|
|t:|1668039560
|move|p1a: Kartana|Leaf Blade|p2a: Dragapult
|-resisted|p2a: Dragapult
|-damage|p2a: Dragapult|6/100
|move|p2a: Dragapult|Shadow Ball|p1a: Kartana
|-damage|p1a: Kartana|0 fnt
|faint|p1a: Kartana
|
|win|Ayante
|raw|BTLT200$ FILO's rating: 1687 &rarr; <strong>1673</strong><br />(-14 for losing)
|raw|Ayante's rating: 1794 &rarr; <strong>1808</strong><br />(+14 for winning)
|l|☆BTLT200$ FILO
|l| bakjk
|l| Anoxx17
|l| BabyPigsAreLaughin
||Ladder isn't responding, score probably updated but might not have (Request timeout).
