|j|‽Omari P alt
|j|☆Ladmaw
|t:|1667000796
|gametype|singles
|player|p1|Omari P alt|pokemonrangerf|1735
|player|p2|Ladmaw|lucas|1672
|teamsize|p1|6
|teamsize|p2|6
|gen|8
|tier|[Gen 8] OU
|rated|
|rule|Sleep Clause Mod: Limit one foe put to sleep
|rule|Species Clause: Limit one of each Pokémon
|rule|OHKO Clause: OHKO moves are banned
|rule|Evasion Items Clause: Evasion items are banned
|rule|Evasion Moves Clause: Evasion moves are banned
|rule|Endless Battle Clause: Forcing endless battles is banned
|rule|HP Percentage Mod: HP is shown in percentages
|rule|Dynamax Clause: You cannot dynamax
|clearpoke
|poke|p1|Porygon-Z|
|poke|p1|Tapu Lele|
|poke|p1|Darmanitan, M|
|poke|p1|Mandibuzz, F|
|poke|p1|Nidoking, M|
|poke|p1|Dragapult, F|
|poke|p2|Kartana|
|poke|p2|Blacephalon|
|poke|p2|Landorus-Therian, M|
|poke|p2|Slowbro, M|
|poke|p2|Zapdos|
|poke|p2|Tyranitar, M|
|teampreview
|inactive|Battle timer is ON: inactive players will automatically lose when time's up. (requested by Ladmaw)
|j| conrookman
|
|t:|1667000821
|start
|switch|p1a: Nidoking|Nidoking, M, shiny|100/100
|switch|p2a: Slowbro|Slowbro, M|100/100
|turn|1
|
|t:|1667000824
|move|p1a: Nidoking|Sludge Wave|p2a: Slowbro
|-damage|p2a: Slowbro|41/100
|move|p2a: Slowbro|Ice Beam|p1a: Nidoking
|-supereffective|p1a: Nidoking
|-damage|p1a: Nidoking|46/100
|
|upkeep
|turn|2
|
|t:|1667000839
|switch|p2a: Zapdos|Zapdos|100/100
|move|p1a: Nidoking|Stealth Rock|p2a: Zapdos
|-sidestart|p2: Ladmaw|move: Stealth Rock
|
|upkeep
|turn|3
|
|t:|1667000845
|move|p2a: Zapdos|Defog|p1a: Nidoking
|-unboost|p1a: Nidoking|evasion|1
|-sideend|p2: Ladmaw|Stealth Rock|[from] move: Defog|[of] p2a: Zapdos
|move|p1a: Nidoking|Ice Beam|p2a: Zapdos
|-supereffective|p2a: Zapdos
|-damage|p2a: Zapdos|31/100
|
|upkeep
|turn|4
|
|t:|1667000850
|switch|p2a: Blacephalon|Blacephalon|100/100
|move|p1a: Nidoking|Ice Beam|p2a: Blacephalon
|-resisted|p2a: Blacephalon
|-damage|p2a: Blacephalon|70/100
|
|upkeep
|turn|5
|
|t:|1667000855
|switch|p1a: Mandibuzz|Mandibuzz, F, shiny|100/100
|move|p2a: Blacephalon|Flamethrower|p1a: Mandibuzz
|-damage|p1a: Mandibuzz|32/100
|
|upkeep
|turn|6
|
|t:|1667000858
|switch|p1a: Dragapult|Dragapult, F|100/100
|move|p2a: Blacephalon|Flamethrower|p1a: Dragapult
|-resisted|p1a: Dragapult
|-damage|p1a: Dragapult|45/100
|
|upkeep
|turn|7
|
|t:|1667000861
|switch|p2a: Landorus|Landorus-Therian, M|100/100
|-ability|p2a: Landorus|Intimidate|boost
|-fail|p1a: Dragapult|unboost|[from] ability: Clear Body|[of] p1a: Dragapult
|move|p1a: Dragapult|Dragon Darts|p2a: Landorus
|-damage|p2a: Landorus|67/100
|-anim|p1a: Dragapult|Dragon Darts|p2a: Landorus
|-damage|p2a: Landorus|34/100
|-damage|p1a: Dragapult|35/100|[from] item: Life Orb
|
|-heal|p2a: Landorus|40/100|[from] item: Leftovers
|upkeep
|turn|8
|
|t:|1667000868
|switch|p1a: Nidoking|Nidoking, M, shiny|46/100
|move|p2a: Landorus|Knock Off|p1a: Nidoking
|-damage|p1a: Nidoking|4/100
|-enditem|p1a: Nidoking|Focus Sash|[from] move: Knock Off|[of] p2a: Landorus
|
|-heal|p2a: Landorus|46/100|[from] item: Leftovers
|upkeep
|turn|9
|
|t:|1667000872
|move|p1a: Nidoking|Stealth Rock|p2a: Landorus
|-sidestart|p2: Ladmaw|move: Stealth Rock
|move|p2a: Landorus|Earthquake|p1a: Nidoking
|-supereffective|p1a: Nidoking
|-damage|p1a: Nidoking|0 fnt
|faint|p1a: Nidoking
|
|-heal|p2a: Landorus|52/100|[from] item: Leftovers
|upkeep
|
|t:|1667000874
|switch|p1a: Darmanitan|Darmanitan, M|100/100
|turn|10
|
|t:|1667000877
|switch|p2a: Slowbro|Slowbro, M|74/100
|-damage|p2a: Slowbro|62/100|[from] Stealth Rock
|move|p1a: Darmanitan|Flare Blitz|p2a: Slowbro
|-resisted|p2a: Slowbro
|-damage|p2a: Slowbro|26/100
|-damage|p1a: Darmanitan|87/100|[from] Recoil
|
|upkeep
|turn|11
|
|t:|1667000880
|switch|p2a: Landorus|Landorus-Therian, M|52/100
|-damage|p2a: Landorus|40/100|[from] Stealth Rock
|-ability|p2a: Landorus|Intimidate|boost
|-unboost|p1a: Darmanitan|atk|1
|move|p1a: Darmanitan|Flare Blitz|p2a: Landorus
|-damage|p2a: Landorus|0 fnt
|faint|p2a: Landorus
|-damage|p1a: Darmanitan|73/100|[from] Recoil
|
|upkeep
|
|t:|1667000886
|switch|p2a: Slowbro|Slowbro, M|59/100
|-damage|p2a: Slowbro|47/100|[from] Stealth Rock
|turn|12
|
|t:|1667000889
|switch|p1a: Porygon-Z|Porygon-Z, shiny|100/100
|move|p2a: Slowbro|Slack Off|p2a: Slowbro
|-heal|p2a: Slowbro|97/100
|
|upkeep
|turn|13
|
|t:|1667000891
|move|p1a: Porygon-Z|Nasty Plot|p1a: Porygon-Z
|-boost|p1a: Porygon-Z|spa|2
|move|p2a: Slowbro|Teleport|p2a: Slowbro
|
|t:|1667000895
|switch|p2a: Tyranitar|Tyranitar, M|100/100|[from]move: Teleport
|-damage|p2a: Tyranitar|88/100|[from] Stealth Rock
|-weather|Sandstorm|[from] ability: Sand Stream|[of] p2a: Tyranitar
|
|-weather|Sandstorm|[upkeep]
|-damage|p1a: Porygon-Z|94/100|[from] Sandstorm
|upkeep
|turn|14
|
|t:|1667000897
|move|p1a: Porygon-Z|Tri Attack|p2a: Tyranitar
|-resisted|p2a: Tyranitar
|-crit|p2a: Tyranitar
|-damage|p2a: Tyranitar|7/100
|-damage|p1a: Porygon-Z|84/100|[from] item: Life Orb
|move|p2a: Tyranitar|Crunch|p1a: Porygon-Z
|-damage|p1a: Porygon-Z|0 fnt
|faint|p1a: Porygon-Z
|
|-weather|Sandstorm|[upkeep]
|upkeep
|
|t:|1667000901
|switch|p1a: Mandibuzz|Mandibuzz, F, shiny|32/100
|turn|15
|
|t:|1667000905
|switch|p2a: Zapdos|Zapdos|31/100
|move|p1a: Mandibuzz|Roost|p1a: Mandibuzz
|-heal|p1a: Mandibuzz|82/100
|-singleturn|p1a: Mandibuzz|move: Roost
|
|-weather|Sandstorm|[upkeep]
|-damage|p2a: Zapdos|25/100|[from] Sandstorm
|upkeep
|turn|16
|
|t:|1667000908
|switch|p1a: Darmanitan|Darmanitan, M|73/100
|move|p2a: Zapdos|Defog|p1a: Darmanitan
|-unboost|p1a: Darmanitan|evasion|1
|-sideend|p2: Ladmaw|Stealth Rock|[from] move: Defog|[of] p2a: Zapdos
|
|-weather|Sandstorm|[upkeep]
|-damage|p1a: Darmanitan|67/100|[from] Sandstorm
|-damage|p2a: Zapdos|19/100|[from] Sandstorm
|upkeep
|turn|17
|
|t:|1667000911
|switch|p2a: Slowbro|Slowbro, M|100/100
|move|p1a: Darmanitan|Toxic|p2a: Slowbro
|-status|p2a: Slowbro|tox
|
|-weather|none
|-damage|p2a: Slowbro|94/100 tox|[from] psn
|upkeep
|turn|18
|
|t:|1667000914
|switch|p1a: Dragapult|Dragapult, F|35/100
|move|p2a: Slowbro|Teleport|p2a: Slowbro
|
|t:|1667000917
|switch|p2a: Kartana|Kartana|100/100|[from]move: Teleport
|
|upkeep
|turn|19
|
|t:|1667000920
|switch|p1a: Mandibuzz|Mandibuzz, F, shiny|82/100
|move|p2a: Kartana|Smart Strike|p1a: Mandibuzz
|-damage|p1a: Mandibuzz|56/100
|-damage|p2a: Kartana|84/100|[from] item: Rocky Helmet|[of] p1a: Mandibuzz
|
|upkeep
|turn|20
|
|t:|1667000926
|switch|p2a: Tyranitar|Tyranitar, M|7/100
|-weather|Sandstorm|[from] ability: Sand Stream|[of] p2a: Tyranitar
|move|p1a: Mandibuzz|Roost|p1a: Mandibuzz
|-heal|p1a: Mandibuzz|100/100
|-singleturn|p1a: Mandibuzz|move: Roost
|
|-weather|Sandstorm|[upkeep]
|upkeep
|turn|21
|
|t:|1667000929
|move|p2a: Tyranitar|Stone Edge|p1a: Mandibuzz
|-supereffective|p1a: Mandibuzz
|-damage|p1a: Mandibuzz|8/100
|move|p1a: Mandibuzz|Foul Play|p2a: Tyranitar
|-resisted|p2a: Tyranitar
|-damage|p2a: Tyranitar|0 fnt
|faint|p2a: Tyranitar
|
|-weather|Sandstorm|[upkeep]
|upkeep
|
|t:|1667000939
|switch|p2a: Kartana|Kartana|84/100
|turn|22
|
|t:|1667000945
|move|p2a: Kartana|Knock Off|p1a: Mandibuzz
|-resisted|p1a: Mandibuzz
|-damage|p1a: Mandibuzz|0 fnt
|-damage|p2a: Kartana|67/100|[from] item: Rocky Helmet|[of] p1a: Mandibuzz
|-enditem|p1a: Mandibuzz|Rocky Helmet|[from] move: Knock Off|[of] p2a: Kartana
|faint|p1a: Mandibuzz
|-ability|p2a: Kartana|Beast Boost|boost
|-boost|p2a: Kartana|atk|1
|
|-weather|Sandstorm|[upkeep]
|upkeep
|
|t:|1667000947
|switch|p1a: Tapu Lele|Tapu Lele|100/100
|-fieldstart|move: Psychic Terrain|[from] ability: Psychic Surge|[of] p1a: Tapu Lele
|turn|23
|
|t:|1667000949
|switch|p2a: Zapdos|Zapdos|19/100
|move|p1a: Tapu Lele|Magic Room|p1a: Tapu Lele
|-fieldstart|move: Magic Room|[of] p1a: Tapu Lele
|
|-weather|Sandstorm|[upkeep]
|-damage|p1a: Tapu Lele|94/100|[from] Sandstorm
|-damage|p2a: Zapdos|13/100|[from] Sandstorm
|upkeep
|turn|24
|
|t:|1667000959
|move|p1a: Tapu Lele|Psychic|p2a: Zapdos
|-damage|p2a: Zapdos|0 fnt
|faint|p2a: Zapdos
|
|-weather|none
|upkeep
|
|t:|1667000962
|switch|p2a: Blacephalon|Blacephalon|70/100
|turn|25
|
|t:|1667000963
|move|p2a: Blacephalon|Shadow Ball|p1a: Tapu Lele
|-supereffective|p1a: Tapu Lele
|-damage|p1a: Tapu Lele|0 fnt
|faint|p1a: Tapu Lele
|-ability|p2a: Blacephalon|Beast Boost|boost
|-boost|p2a: Blacephalon|spa|1
|
|upkeep
|
|t:|1667000966
|switch|p1a: Dragapult|Dragapult, F|35/100
|turn|26
|
|t:|1667000977
|switch|p2a: Slowbro|Slowbro, M|100/100 tox
|move|p1a: Dragapult|Dragon Darts|p2a: Slowbro
|-damage|p2a: Slowbro|84/100 tox
|-anim|p1a: Dragapult|Dragon Darts|p2a: Slowbro
|-damage|p2a: Slowbro|70/100 tox
|
|-damage|p2a: Slowbro|64/100 tox|[from] psn
|upkeep
|turn|27
|
|t:|1667000981
|move|p1a: Dragapult|Dragon Dance|p1a: Dragapult
|-boost|p1a: Dragapult|atk|1
|-boost|p1a: Dragapult|spe|1
|move|p2a: Slowbro|Teleport|p2a: Slowbro
|
|t:|1667000985
|switch|p2a: Kartana|Kartana|67/100|[from]move: Teleport
|
|-fieldend|move: Magic Room|[of] p1: Tapu Lele
|-fieldend|move: Psychic Terrain
|upkeep
|turn|28
|
|t:|1667000987
|move|p1a: Dragapult|Phantom Force||[still]
|-prepare|p1a: Dragapult|Phantom Force
|move|p2a: Kartana|Knock Off|p1a: Dragapult|[miss]
|-miss|p2a: Kartana|p1a: Dragapult
|
|upkeep
|turn|29
|
|t:|1667000991
|move|p1a: Dragapult|Phantom Force|p2a: Kartana|[from]lockedmove
|-damage|p2a: Kartana|0 fnt
|faint|p2a: Kartana
|-damage|p1a: Dragapult|25/100|[from] item: Life Orb
|
|upkeep
|
|t:|1667001000
|switch|p2a: Blacephalon|Blacephalon|70/100
|turn|30
|
|t:|1667001003
|switch|p2a: Slowbro|Slowbro, M|97/100 tox
|move|p1a: Dragapult|Sucker Punch||[still]
|-fail|p1a: Dragapult
|
|-damage|p2a: Slowbro|91/100 tox|[from] psn
|upkeep
|turn|31
|
|t:|1667001017
|move|p1a: Dragapult|Phantom Force||[still]
|-prepare|p1a: Dragapult|Phantom Force
|move|p2a: Slowbro|Ice Beam|p1a: Dragapult|[miss]
|-miss|p2a: Slowbro|p1a: Dragapult
|
|-damage|p2a: Slowbro|79/100 tox|[from] psn
|upkeep
|turn|32
|
|t:|1667001022
|move|p1a: Dragapult|Phantom Force|p2a: Slowbro|[from]lockedmove
|-supereffective|p2a: Slowbro
|-damage|p2a: Slowbro|0 fnt
|faint|p2a: Slowbro
|-damage|p1a: Dragapult|15/100|[from] item: Life Orb
|
|upkeep
|-message|Ladmaw forfeited.
|
|win|Omari P alt
|raw|Omari P alt's rating: 1735 &rarr; <strong>1751</strong><br />(+16 for winning)
|raw|Ladmaw's rating: 1672 &rarr; <strong>1656</strong><br />(-16 for losing)
|l|☆Ladmaw
|l| conrookman
||Ladder isn't responding, score probably updated but might not have (Request timeout).
