|j|☆ThedebatableReaper
|j|☆LT73IU slainey
|t:|1605796761
|player|p1|ThedebatableReaper|266|1977
|player|p2|LT73IU slainey|maid-gen4|1861
|teamsize|p1|6
|teamsize|p2|6
|gametype|singles
|gen|8
|tier|[Gen 8] OU
|rated|
|clearpoke
|poke|p1|Latios, M|
|poke|p1|Urshifu-*, F|
|poke|p1|Heatran, M|
|poke|p1|Tapu Fini|
|poke|p1|Zapdos-Galar|
|poke|p1|Nidoking, M|
|poke|p2|Moltres-Galar|
|poke|p2|Pheromosa|
|poke|p2|Cinderace, M|
|poke|p2|Tapu Fini|
|poke|p2|Rillaboom, M|
|poke|p2|Landorus-Therian, M|
|rule|Sleep Clause Mod: Limit one foe put to sleep
|rule|Species Clause: Limit one of each Pokémon
|rule|OHKO Clause: OHKO moves are banned
|rule|Evasion Moves Clause: Evasion moves are banned
|rule|Endless Battle Clause: Forcing endless battles is banned
|rule|HP Percentage Mod: HP is shown in percentages
|rule|Dynamax Clause: You cannot dynamax
|teampreview
|c|☆LT73IU slainey|hf
|c|☆ThedebatableReaper|u too
|
|t:|1605796813
|start
|switch|p1a: Zapdos|Zapdos-Galar|100/100
|switch|p2a: 𒅃꧅꧅꧅꧅꧅꧅꧅꧅꧅꧅꧅꧅꧅꧅ ꧅|Landorus-Therian, M, shiny|100/100
|-ability|p2a: 𒅃꧅꧅꧅꧅꧅꧅꧅꧅꧅꧅꧅꧅꧅꧅ ꧅|Intimidate|boost
|-unboost|p1a: Zapdos|atk|1
|-ability|p1a: Zapdos|Defiant
|-boost|p1a: Zapdos|atk|2
|turn|1
|j| Harry2831
|j| assddff
|
|t:|1605796829
|move|p1a: Zapdos|Brave Bird|p2a: 𒅃꧅꧅꧅꧅꧅꧅꧅꧅꧅꧅꧅꧅꧅꧅ ꧅
|-crit|p2a: 𒅃꧅꧅꧅꧅꧅꧅꧅꧅꧅꧅꧅꧅꧅꧅ ꧅
|-enditem|p2a: 𒅃꧅꧅꧅꧅꧅꧅꧅꧅꧅꧅꧅꧅꧅꧅ ꧅|Focus Sash
|-damage|p2a: 𒅃꧅꧅꧅꧅꧅꧅꧅꧅꧅꧅꧅꧅꧅꧅ ꧅|1/100
|-damage|p1a: Zapdos|68/100|[from] Recoil
|move|p2a: 𒅃꧅꧅꧅꧅꧅꧅꧅꧅꧅꧅꧅꧅꧅꧅ ꧅|Stealth Rock|p1a: Zapdos
|-sidestart|p1: ThedebatableReaper|move: Stealth Rock
|
|upkeep
|turn|2
|
|t:|1605796837
|move|p1a: Zapdos|Brave Bird|p2a: 𒅃꧅꧅꧅꧅꧅꧅꧅꧅꧅꧅꧅꧅꧅꧅ ꧅
|-damage|p2a: 𒅃꧅꧅꧅꧅꧅꧅꧅꧅꧅꧅꧅꧅꧅꧅ ꧅|0 fnt
|-damage|p1a: Zapdos|67/100|[from] Recoil
|faint|p2a: 𒅃꧅꧅꧅꧅꧅꧅꧅꧅꧅꧅꧅꧅꧅꧅ ꧅
|
|upkeep
|
|t:|1605796843
|switch|p2a: 𒅃꧅꧅꧅꧅꧅꧅꧅꧅꧅꧅꧅꧅꧅꧅|Tapu Fini|100/100
|-fieldstart|move: Misty Terrain|[from] ability: Misty Surge|[of] p2a: 𒅃꧅꧅꧅꧅꧅꧅꧅꧅꧅꧅꧅꧅꧅꧅
|turn|3
|
|t:|1605796848
|switch|p1a: Nidoking|Nidoking, M|100/100
|-damage|p1a: Nidoking|95/100|[from] Stealth Rock
|move|p2a: 𒅃꧅꧅꧅꧅꧅꧅꧅꧅꧅꧅꧅꧅꧅꧅|Hydro Pump|p1a: Nidoking|[miss]
|-miss|p2a: 𒅃꧅꧅꧅꧅꧅꧅꧅꧅꧅꧅꧅꧅꧅꧅|p1a: Nidoking
|
|upkeep
|turn|4
|
|t:|1605796857
|switch|p1a: Tapu Fini|Tapu Fini|100/100
|-damage|p1a: Tapu Fini|88/100|[from] Stealth Rock
|move|p2a: 𒅃꧅꧅꧅꧅꧅꧅꧅꧅꧅꧅꧅꧅꧅꧅|Hydro Pump|p1a: Tapu Fini|[miss]
|-miss|p2a: 𒅃꧅꧅꧅꧅꧅꧅꧅꧅꧅꧅꧅꧅꧅꧅|p1a: Tapu Fini
|
|-heal|p1a: Tapu Fini|94/100|[from] item: Leftovers
|upkeep
|turn|5
|
|t:|1605796865
|switch|p2a: ꧅꧅꧅꧅꧅꧅꧅꧅꧅꧅꧅꧅꧅꧅|Rillaboom, M|100/100
|-fieldstart|move: Grassy Terrain|[from] ability: Grassy Surge|[of] p2a: ꧅꧅꧅꧅꧅꧅꧅꧅꧅꧅꧅꧅꧅꧅
|move|p1a: Tapu Fini|Defog|p2a: ꧅꧅꧅꧅꧅꧅꧅꧅꧅꧅꧅꧅꧅꧅
|-unboost|p2a: ꧅꧅꧅꧅꧅꧅꧅꧅꧅꧅꧅꧅꧅꧅|evasion|1
|-sideend|p1: ThedebatableReaper|Stealth Rock|[from] move: Defog|[of] p1a: Tapu Fini
|-fieldend|move: Grassy Terrain
|
|-heal|p1a: Tapu Fini|100/100|[from] item: Leftovers
|upkeep
|turn|6
|
|t:|1605796880
|switch|p1a: Zapdos|Zapdos-Galar|67/100
|move|p2a: ꧅꧅꧅꧅꧅꧅꧅꧅꧅꧅꧅꧅꧅꧅|Acrobatics|p1a: Zapdos
|-supereffective|p1a: Zapdos
|-damage|p1a: Zapdos|20/100
|
|upkeep
|turn|7
|
|t:|1605796892
|switch|p2a: 𒅃꧅꧅꧅꧅꧅꧅꧅꧅꧅꧅꧅꧅꧅꧅|Tapu Fini|100/100
|-fieldstart|move: Misty Terrain|[from] ability: Misty Surge|[of] p2a: 𒅃꧅꧅꧅꧅꧅꧅꧅꧅꧅꧅꧅꧅꧅꧅
|move|p1a: Zapdos|Drill Peck|p2a: 𒅃꧅꧅꧅꧅꧅꧅꧅꧅꧅꧅꧅꧅꧅꧅
|-damage|p2a: 𒅃꧅꧅꧅꧅꧅꧅꧅꧅꧅꧅꧅꧅꧅꧅|56/100
|
|upkeep
|turn|8
|
|t:|1605796907
|switch|p1a: Tapu Fini|Tapu Fini|100/100
|move|p2a: 𒅃꧅꧅꧅꧅꧅꧅꧅꧅꧅꧅꧅꧅꧅꧅|Hydro Pump|p1a: Tapu Fini
|-resisted|p1a: Tapu Fini
|-damage|p1a: Tapu Fini|81/100
|
|-heal|p1a: Tapu Fini|87/100|[from] item: Leftovers
|upkeep
|turn|9
|j| Justsayinghi
|j| nittestjaw ftit
|j| Lord UnderCrow
|j| dsadsadascc
|
|t:|1605796947
|switch|p2a: ꧅꧅꧅꧅꧅꧅꧅꧅꧅꧅꧅꧅꧅꧅|Rillaboom, M|100/100
|-fieldstart|move: Grassy Terrain|[from] ability: Grassy Surge|[of] p2a: ꧅꧅꧅꧅꧅꧅꧅꧅꧅꧅꧅꧅꧅꧅
|switch|p1a: Latios|Latios, M|100/100
|
|upkeep
|turn|10
|j| MuesliDeCombat
|
|t:|1605796956
|move|p2a: ꧅꧅꧅꧅꧅꧅꧅꧅꧅꧅꧅꧅꧅꧅|Grassy Glide|p1a: Latios
|-resisted|p1a: Latios
|-damage|p1a: Latios|72/100
|move|p1a: Latios|Draco Meteor|p2a: ꧅꧅꧅꧅꧅꧅꧅꧅꧅꧅꧅꧅꧅꧅
|-damage|p2a: ꧅꧅꧅꧅꧅꧅꧅꧅꧅꧅꧅꧅꧅꧅|0 fnt
|-unboost|p1a: Latios|spa|2
|faint|p2a: ꧅꧅꧅꧅꧅꧅꧅꧅꧅꧅꧅꧅꧅꧅
|
|upkeep
|
|t:|1605796959
|switch|p2a: 𒅃꧅꧅꧅꧅꧅꧅꧅꧅꧅꧅꧅꧅꧅꧅꧅꧅|Moltres-Galar|100/100
|turn|11
|
|t:|1605796970
|switch|p1a: Heatran|Heatran, M|100/100
|move|p2a: 𒅃꧅꧅꧅꧅꧅꧅꧅꧅꧅꧅꧅꧅꧅꧅꧅꧅|Agility|p2a: 𒅃꧅꧅꧅꧅꧅꧅꧅꧅꧅꧅꧅꧅꧅꧅꧅꧅
|-boost|p2a: 𒅃꧅꧅꧅꧅꧅꧅꧅꧅꧅꧅꧅꧅꧅꧅꧅꧅|spe|2
|
|upkeep
|turn|12
|
|t:|1605796976
|move|p2a: 𒅃꧅꧅꧅꧅꧅꧅꧅꧅꧅꧅꧅꧅꧅꧅꧅꧅|Nasty Plot|p2a: 𒅃꧅꧅꧅꧅꧅꧅꧅꧅꧅꧅꧅꧅꧅꧅꧅꧅
|-boost|p2a: 𒅃꧅꧅꧅꧅꧅꧅꧅꧅꧅꧅꧅꧅꧅꧅꧅꧅|spa|2
|move|p1a: Heatran|Taunt|p2a: 𒅃꧅꧅꧅꧅꧅꧅꧅꧅꧅꧅꧅꧅꧅꧅꧅꧅
|-start|p2a: 𒅃꧅꧅꧅꧅꧅꧅꧅꧅꧅꧅꧅꧅꧅꧅꧅꧅|move: Taunt
|
|upkeep
|turn|13
|j| Mcjizzletitties
|j| noir monkey
|
|t:|1605796982
|move|p2a: 𒅃꧅꧅꧅꧅꧅꧅꧅꧅꧅꧅꧅꧅꧅꧅꧅꧅|Fiery Wrath|p1a: Heatran
|-damage|p1a: Heatran|47/100
|move|p1a: Heatran|Magma Storm|p2a: 𒅃꧅꧅꧅꧅꧅꧅꧅꧅꧅꧅꧅꧅꧅꧅꧅꧅
|-damage|p2a: 𒅃꧅꧅꧅꧅꧅꧅꧅꧅꧅꧅꧅꧅꧅꧅꧅꧅|65/100
|-activate|p2a: 𒅃꧅꧅꧅꧅꧅꧅꧅꧅꧅꧅꧅꧅꧅꧅꧅꧅|move: Magma Storm|[of] p1a: Heatran
|
|-heal|p1a: Heatran|53/100|[from] item: Leftovers
|-heal|p1a: Heatran|60/100|[from] Grassy Terrain
|-fieldend|move: Grassy Terrain
|-damage|p2a: 𒅃꧅꧅꧅꧅꧅꧅꧅꧅꧅꧅꧅꧅꧅꧅꧅꧅|53/100|[from] move: Magma Storm|[partiallytrapped]
|upkeep
|turn|14
|
|t:|1605796996
|move|p2a: 𒅃꧅꧅꧅꧅꧅꧅꧅꧅꧅꧅꧅꧅꧅꧅꧅꧅|Fiery Wrath|p1a: Heatran
|-damage|p1a: Heatran|5/100
|move|p1a: Heatran|Magma Storm|p2a: 𒅃꧅꧅꧅꧅꧅꧅꧅꧅꧅꧅꧅꧅꧅꧅꧅꧅
|-damage|p2a: 𒅃꧅꧅꧅꧅꧅꧅꧅꧅꧅꧅꧅꧅꧅꧅꧅꧅|13/100
|-ability|p2a: 𒅃꧅꧅꧅꧅꧅꧅꧅꧅꧅꧅꧅꧅꧅꧅꧅꧅|Berserk|boost
|-boost|p2a: 𒅃꧅꧅꧅꧅꧅꧅꧅꧅꧅꧅꧅꧅꧅꧅꧅꧅|spa|1
|
|-heal|p1a: Heatran|11/100|[from] item: Leftovers
|-damage|p2a: 𒅃꧅꧅꧅꧅꧅꧅꧅꧅꧅꧅꧅꧅꧅꧅꧅꧅|1/100|[from] move: Magma Storm|[partiallytrapped]
|upkeep
|turn|15
|
|t:|1605797009
|move|p2a: 𒅃꧅꧅꧅꧅꧅꧅꧅꧅꧅꧅꧅꧅꧅꧅꧅꧅|Fiery Wrath|p1a: Heatran
|-damage|p1a: Heatran|0 fnt
|faint|p1a: Heatran
|
|-end|p2a: 𒅃꧅꧅꧅꧅꧅꧅꧅꧅꧅꧅꧅꧅꧅꧅꧅꧅|Magma Storm|[partiallytrapped]|[silent]
|-end|p2a: 𒅃꧅꧅꧅꧅꧅꧅꧅꧅꧅꧅꧅꧅꧅꧅꧅꧅|move: Taunt
|upkeep
|c|☆LT73IU slainey|1
|c|☆LT73IU slainey|%
|j| surprisepikachu123
|j| Coronavirus EUW
|j| RokRocket
|j| Hopopope
|l| Hopopope
|j| Hopopope
|l| Hopopope
|
|t:|1605797064
|switch|p1a: Urshifu|Urshifu, F|100/100
|turn|16
|j| Hopopope
|
|t:|1605797073
|move|p1a: Urshifu|Sucker Punch|p2a: 𒅃꧅꧅꧅꧅꧅꧅꧅꧅꧅꧅꧅꧅꧅꧅꧅꧅
|-resisted|p2a: 𒅃꧅꧅꧅꧅꧅꧅꧅꧅꧅꧅꧅꧅꧅꧅꧅꧅
|-damage|p2a: 𒅃꧅꧅꧅꧅꧅꧅꧅꧅꧅꧅꧅꧅꧅꧅꧅꧅|0 fnt
|-damage|p1a: Urshifu|91/100|[from] item: Life Orb
|faint|p2a: 𒅃꧅꧅꧅꧅꧅꧅꧅꧅꧅꧅꧅꧅꧅꧅꧅꧅
|
|upkeep
|j| isabela❤200⌐◼_◼
|l| RokRocket
|l| isabela❤200⌐◼_◼
|
|t:|1605797119
|switch|p2a: ꧅꧅꧅꧅꧅꧅꧅꧅꧅꧅꧅꧅꧅꧅꧅꧅|Cinderace, M|100/100
|turn|17
|
|t:|1605797126
|move|p1a: Urshifu|Sucker Punch||[still]
|-fail|p1a: Urshifu
|move|p2a: ꧅꧅꧅꧅꧅꧅꧅꧅꧅꧅꧅꧅꧅꧅꧅꧅|Bulk Up|p2a: ꧅꧅꧅꧅꧅꧅꧅꧅꧅꧅꧅꧅꧅꧅꧅꧅
|-start|p2a: ꧅꧅꧅꧅꧅꧅꧅꧅꧅꧅꧅꧅꧅꧅꧅꧅|typechange|Fighting|[from] ability: Libero
|-boost|p2a: ꧅꧅꧅꧅꧅꧅꧅꧅꧅꧅꧅꧅꧅꧅꧅꧅|atk|1
|-boost|p2a: ꧅꧅꧅꧅꧅꧅꧅꧅꧅꧅꧅꧅꧅꧅꧅꧅|def|1
|
|upkeep
|turn|18
|l| Coronavirus EUW
|c| Lord UnderCrow|nidoking scarf?
|
|t:|1605797195
|move|p2a: ꧅꧅꧅꧅꧅꧅꧅꧅꧅꧅꧅꧅꧅꧅꧅꧅|Bulk Up|p2a: ꧅꧅꧅꧅꧅꧅꧅꧅꧅꧅꧅꧅꧅꧅꧅꧅
|-boost|p2a: ꧅꧅꧅꧅꧅꧅꧅꧅꧅꧅꧅꧅꧅꧅꧅꧅|atk|1
|-boost|p2a: ꧅꧅꧅꧅꧅꧅꧅꧅꧅꧅꧅꧅꧅꧅꧅꧅|def|1
|move|p1a: Urshifu|Close Combat|p2a: ꧅꧅꧅꧅꧅꧅꧅꧅꧅꧅꧅꧅꧅꧅꧅꧅
|-damage|p2a: ꧅꧅꧅꧅꧅꧅꧅꧅꧅꧅꧅꧅꧅꧅꧅꧅|39/100
|-unboost|p1a: Urshifu|def|1
|-unboost|p1a: Urshifu|spd|1
|-damage|p1a: Urshifu|81/100|[from] item: Life Orb
|
|upkeep
|turn|19
|
|t:|1605797206
|move|p2a: ꧅꧅꧅꧅꧅꧅꧅꧅꧅꧅꧅꧅꧅꧅꧅꧅|Pyro Ball|p1a: Urshifu
|-start|p2a: ꧅꧅꧅꧅꧅꧅꧅꧅꧅꧅꧅꧅꧅꧅꧅꧅|typechange|Fire|[from] ability: Libero
|-damage|p1a: Urshifu|0 fnt
|-damage|p2a: ꧅꧅꧅꧅꧅꧅꧅꧅꧅꧅꧅꧅꧅꧅꧅꧅|29/100|[from] item: Life Orb
|faint|p1a: Urshifu
|
|upkeep
|
|t:|1605797213
|switch|p1a: Zapdos|Zapdos-Galar|20/100
|turn|20
|
|t:|1605797216
|move|p2a: ꧅꧅꧅꧅꧅꧅꧅꧅꧅꧅꧅꧅꧅꧅꧅꧅|Sucker Punch|p1a: Zapdos
|-start|p2a: ꧅꧅꧅꧅꧅꧅꧅꧅꧅꧅꧅꧅꧅꧅꧅꧅|typechange|Dark|[from] ability: Libero
|-resisted|p1a: Zapdos
|-damage|p1a: Zapdos|0 fnt
|-damage|p2a: ꧅꧅꧅꧅꧅꧅꧅꧅꧅꧅꧅꧅꧅꧅꧅꧅|19/100|[from] item: Life Orb
|faint|p1a: Zapdos
|
|upkeep
|
|t:|1605797224
|switch|p1a: Tapu Fini|Tapu Fini|87/100
|-fieldstart|move: Misty Terrain|[from] ability: Misty Surge|[of] p1a: Tapu Fini
|turn|21
|j| Boi 240
|j| menhera chan
|l| assddff
|c| Justsayinghi|Pyro ball is a physical move
|c| Justsayinghi|bruh
|j| Zenzo
|
|t:|1605797262
|switch|p1a: Nidoking|Nidoking, M|95/100
|move|p2a: ꧅꧅꧅꧅꧅꧅꧅꧅꧅꧅꧅꧅꧅꧅꧅꧅|Zen Headbutt|p1a: Nidoking
|-start|p2a: ꧅꧅꧅꧅꧅꧅꧅꧅꧅꧅꧅꧅꧅꧅꧅꧅|typechange|Psychic|[from] ability: Libero
|-supereffective|p1a: Nidoking
|-damage|p1a: Nidoking|0 fnt
|-damage|p2a: ꧅꧅꧅꧅꧅꧅꧅꧅꧅꧅꧅꧅꧅꧅꧅꧅|9/100|[from] item: Life Orb
|faint|p1a: Nidoking
|
|upkeep
|c| Lord UnderCrow|pfff
|c|☆LT73IU slainey|this is 1 close game
|n| Zenzo the great|zenzo
|
|t:|1605797299
|switch|p1a: Latios|Latios, M|72/100
|turn|22
|j| assddff
|c| Justsayinghi|Cinderace will go down of life orb
|
|t:|1605797326
|move|p2a: ꧅꧅꧅꧅꧅꧅꧅꧅꧅꧅꧅꧅꧅꧅꧅꧅|Sucker Punch|p1a: Latios
|-start|p2a: ꧅꧅꧅꧅꧅꧅꧅꧅꧅꧅꧅꧅꧅꧅꧅꧅|typechange|Dark|[from] ability: Libero
|-supereffective|p1a: Latios
|-damage|p1a: Latios|0 fnt
|-damage|p2a: ꧅꧅꧅꧅꧅꧅꧅꧅꧅꧅꧅꧅꧅꧅꧅꧅|0 fnt|[from] item: Life Orb
|faint|p1a: Latios
|faint|p2a: ꧅꧅꧅꧅꧅꧅꧅꧅꧅꧅꧅꧅꧅꧅꧅꧅
|
|upkeep
|
|t:|1605797338
|switch|p1a: Tapu Fini|Tapu Fini|87/100
|switch|p2a: 𒅃꧅꧅꧅꧅꧅꧅꧅꧅꧅꧅꧅꧅꧅꧅꧅|Pheromosa|100/100
|turn|23
|c| Lord UnderCrow|now the question
|c| Lord UnderCrow|is that finis calm mind set?
|c| Justsayinghi|Why phermosa?
|c| Lord UnderCrow|has pheromosa poison jab?!
|c|☆LT73IU slainey|if only i had gotten that kill on nido
|c| Justsayinghi|Maybe
|c|☆LT73IU slainey|thats 1 more hit for ace
|c|☆LT73IU slainey|dangit
|c|☆LT73IU slainey|cmon mosa
|c| Justsayinghi|Phermosa is faster
|
|t:|1605797420
|move|p2a: 𒅃꧅꧅꧅꧅꧅꧅꧅꧅꧅꧅꧅꧅꧅꧅꧅|Shock Wave|p1a: Tapu Fini
|-supereffective|p1a: Tapu Fini
|-damage|p1a: Tapu Fini|40/100
|-damage|p2a: 𒅃꧅꧅꧅꧅꧅꧅꧅꧅꧅꧅꧅꧅꧅꧅꧅|91/100|[from] item: Life Orb
|move|p1a: Tapu Fini|Calm Mind|p1a: Tapu Fini
|-boost|p1a: Tapu Fini|spa|1
|-boost|p1a: Tapu Fini|spd|1
|
|-heal|p1a: Tapu Fini|46/100|[from] item: Leftovers
|upkeep
|turn|24
|
|t:|1605797432
|move|p2a: 𒅃꧅꧅꧅꧅꧅꧅꧅꧅꧅꧅꧅꧅꧅꧅꧅|Shock Wave|p1a: Tapu Fini
|-supereffective|p1a: Tapu Fini
|-crit|p1a: Tapu Fini
|-damage|p1a: Tapu Fini|0 fnt
|-damage|p2a: 𒅃꧅꧅꧅꧅꧅꧅꧅꧅꧅꧅꧅꧅꧅꧅꧅|81/100|[from] item: Life Orb
|faint|p1a: Tapu Fini
|
|win|LT73IU slainey
|l| surprisepikachu123
|c| Lord UnderCrow|ñolololl
|c|☆ThedebatableReaper|damn
|c| Lord UnderCrow|sdjfksgs{g}ñdzhñn
|c|☆LT73IU slainey|gg
|c| Lord UnderCrow|zfgxj}ssfkdfg
|c|☆ThedebatableReaper|gg
|c| Lord UnderCrow|hahahaha
|l| noir monkey
|l| menhera chan
|l| nittestjaw ftit
|l| Zenzo the great
|c| Justsayinghi|the crit
|l| Hopopope
|c| Lord UnderCrow|the crit x2
|c| Justsayinghi|Wow
||Ladder (probably) updated, but score could not be retrieved (Request timeout).
|l|☆ThedebatableReaper
|l| Lord UnderCrow
|l| Justsayinghi
|l| MuesliDeCombat
|l|☆LT73IU slainey
|l| assddff
|l| Mcjizzletitties
|l| Boi 240
|l| dsadsadascc
