|j|☆Gurtrant
|j|☆Substantial flow
|t:|1645307281
|gametype|singles
|player|p1|Gurtrant|veteran|1688
|player|p2|Substantial flow|lucas|1718
|teamsize|p1|6
|teamsize|p2|6
|gen|8
|tier|[Gen 8] OU
|rated|
|rule|Sleep Clause Mod: Limit one foe put to sleep
|rule|Species Clause: Limit one of each Pokémon
|rule|OHKO Clause: OHKO moves are banned
|rule|Evasion Moves Clause: Evasion moves are banned
|rule|Endless Battle Clause: Forcing endless battles is banned
|rule|HP Percentage Mod: HP is shown in percentages
|rule|Dynamax Clause: You cannot dynamax
|clearpoke
|poke|p1|Pelipper, F|
|poke|p1|Heliolisk, M|
|poke|p1|Seismitoad, F|
|poke|p1|Barraskewda, M|
|poke|p1|Ferrothorn, F|
|poke|p1|Zapdos|
|poke|p2|Rillaboom, M|
|poke|p2|Hatterene, F|
|poke|p2|Heatran, F|
|poke|p2|Swampert, F|
|poke|p2|Buzzwole|
|poke|p2|Entei|
|teampreview
|inactive|Battle timer is ON: inactive players will automatically lose when time's up. (requested by Substantial flow)
|inactive|Gurtrant also wants the timer to be on.
|
|t:|1645307291
|start
|switch|p1a: Pelipper|Pelipper, F|100/100
|switch|p2a: Entei|Entei|100/100
|-weather|RainDance|[from] ability: Drizzle|[of] p1a: Pelipper
|turn|1
|
|t:|1645307302
|switch|p1a: Seismitoad|Seismitoad, F|100/100
|move|p2a: Entei|Stone Edge|p1a: Seismitoad
|-resisted|p1a: Seismitoad
|-damage|p1a: Seismitoad|71/100
|
|-weather|RainDance|[upkeep]
|upkeep
|turn|2
|
|t:|1645307309
|switch|p2a: Swampert|Swampert, F|100/100
|move|p1a: Seismitoad|Weather Ball|p2a: Swampert
|-damage|p2a: Swampert|47/100
|-damage|p1a: Seismitoad|61/100|[from] item: Life Orb
|
|-weather|RainDance|[upkeep]
|-heal|p2a: Swampert|53/100|[from] item: Leftovers
|upkeep
|turn|3
|
|t:|1645307321
|switch|p2a: Heatran|Heatran, F|100/100
|move|p1a: Seismitoad|Weather Ball|p2a: Heatran
|-supereffective|p2a: Heatran
|-damage|p2a: Heatran|0 fnt
|faint|p2a: Heatran
|-damage|p1a: Seismitoad|51/100|[from] item: Life Orb
|
|-weather|RainDance|[upkeep]
|upkeep
|
|t:|1645307324
|switch|p2a: Rillaboom|Rillaboom, M|100/100
|-fieldstart|move: Grassy Terrain|[from] ability: Grassy Surge|[of] p2a: Rillaboom
|turn|4
|
|t:|1645307327
|switch|p1a: Zapdos|Zapdos|100/100
|move|p2a: Rillaboom|U-turn|p1a: Zapdos
|-resisted|p1a: Zapdos
|-damage|p1a: Zapdos|85/100
|
|t:|1645307329
|switch|p2a: Swampert|Swampert, F|53/100|[from]move: U-turn
|
|-weather|RainDance|[upkeep]
|-heal|p2a: Swampert|59/100|[from] Grassy Terrain
|-heal|p2a: Swampert|66/100|[from] item: Leftovers
|upkeep
|turn|5
|
|t:|1645307332
|move|p1a: Zapdos|U-turn|p2a: Swampert
|-damage|p2a: Swampert|54/100
|
|t:|1645307338
|switch|p1a: Ferrothorn|Ferrothorn, F|100/100|[from]move: U-turn
|move|p2a: Swampert|Stealth Rock|p1a: Ferrothorn
|-sidestart|p1: Gurtrant|move: Stealth Rock
|
|-weather|RainDance|[upkeep]
|-heal|p2a: Swampert|60/100|[from] Grassy Terrain
|-heal|p2a: Swampert|67/100|[from] item: Leftovers
|upkeep
|turn|6
|
|t:|1645307341
|switch|p2a: Hatterene|Hatterene, F|100/100
|move|p1a: Ferrothorn|Knock Off|p2a: Hatterene
|-damage|p2a: Hatterene|84/100
|-enditem|p2a: Hatterene|Leftovers|[from] move: Knock Off|[of] p1a: Ferrothorn
|
|-weather|RainDance|[upkeep]
|-heal|p2a: Hatterene|90/100|[from] Grassy Terrain
|upkeep
|turn|7
|
|t:|1645307346
|move|p2a: Hatterene|Calm Mind|p2a: Hatterene
|-boost|p2a: Hatterene|spa|1
|-boost|p2a: Hatterene|spd|1
|move|p1a: Ferrothorn|Gyro Ball|p2a: Hatterene
|-supereffective|p2a: Hatterene
|-damage|p2a: Hatterene|54/100
|
|-weather|RainDance|[upkeep]
|-heal|p2a: Hatterene|60/100|[from] Grassy Terrain
|upkeep
|turn|8
|j| Alex1900
|
|t:|1645307352
|move|p2a: Hatterene|Mystical Fire|p1a: Ferrothorn
|-supereffective|p1a: Ferrothorn
|-damage|p1a: Ferrothorn|57/100
|-unboost|p1a: Ferrothorn|spa|1
|move|p1a: Ferrothorn|Gyro Ball|p2a: Hatterene
|-supereffective|p2a: Hatterene
|-damage|p2a: Hatterene|26/100
|
|-weather|none
|-heal|p2a: Hatterene|32/100|[from] Grassy Terrain
|-heal|p1a: Ferrothorn|64/100|[from] Grassy Terrain
|-heal|p1a: Ferrothorn|70/100|[from] item: Leftovers
|-fieldend|move: Grassy Terrain
|upkeep
|turn|9
|j| dytukgjk
|
|t:|1645307359
|move|p2a: Hatterene|Mystical Fire|p1a: Ferrothorn
|-supereffective|p1a: Ferrothorn
|-damage|p1a: Ferrothorn|0 fnt
|faint|p1a: Ferrothorn
|
|upkeep
|
|t:|1645307362
|switch|p1a: Barraskewda|Barraskewda, M|100/100
|-damage|p1a: Barraskewda|88/100|[from] Stealth Rock
|turn|10
|
|t:|1645307365
|move|p1a: Barraskewda|Liquidation|p2a: Hatterene
|-crit|p2a: Hatterene
|-damage|p2a: Hatterene|0 fnt
|faint|p2a: Hatterene
|
|upkeep
|c| Alex1900|Hello Substantial flow
|j| Shinkage5
|
|t:|1645307375
|switch|p2a: Rillaboom|Rillaboom, M|100/100
|-fieldstart|move: Grassy Terrain|[from] ability: Grassy Surge|[of] p2a: Rillaboom
|turn|11
|l| Shinkage5
|j| Shinkage5
|
|t:|1645307381
|switch|p1a: Zapdos|Zapdos|85/100
|move|p2a: Rillaboom|U-turn|p1a: Zapdos
|-resisted|p1a: Zapdos
|-damage|p1a: Zapdos|72/100
|
|t:|1645307385
|switch|p2a: Entei|Entei|100/100|[from]move: U-turn
|
|upkeep
|turn|12
|
|t:|1645307398
|switch|p1a: Pelipper|Pelipper, F|100/100
|-damage|p1a: Pelipper|75/100|[from] Stealth Rock
|-weather|RainDance|[from] ability: Drizzle|[of] p1a: Pelipper
|move|p2a: Entei|Stone Edge|p1a: Pelipper
|-supereffective|p1a: Pelipper
|-damage|p1a: Pelipper|6/100
|
|-weather|RainDance|[upkeep]
|upkeep
|turn|13
|
|t:|1645307406
|switch|p1a: Seismitoad|Seismitoad, F|51/100
|-damage|p1a: Seismitoad|45/100|[from] Stealth Rock
|move|p2a: Entei|Stone Edge|p1a: Seismitoad|[miss]
|-miss|p2a: Entei|p1a: Seismitoad
|
|-weather|RainDance|[upkeep]
|-heal|p1a: Seismitoad|51/100|[from] Grassy Terrain
|upkeep
|turn|14
|
|t:|1645307412
|switch|p2a: Rillaboom|Rillaboom, M|100/100
|move|p1a: Seismitoad|Weather Ball|p2a: Rillaboom
|-resisted|p2a: Rillaboom
|-damage|p2a: Rillaboom|48/100
|-damage|p1a: Seismitoad|41/100|[from] item: Life Orb
|
|-weather|RainDance|[upkeep]
|-heal|p1a: Seismitoad|47/100|[from] Grassy Terrain
|-heal|p2a: Rillaboom|54/100|[from] Grassy Terrain
|upkeep
|turn|15
|
|t:|1645307415
|switch|p1a: Zapdos|Zapdos|72/100
|move|p2a: Rillaboom|Grassy Glide|p1a: Zapdos
|-resisted|p1a: Zapdos
|-damage|p1a: Zapdos|47/100
|
|-weather|RainDance|[upkeep]
|-heal|p2a: Rillaboom|60/100|[from] Grassy Terrain
|-fieldend|move: Grassy Terrain
|upkeep
|turn|16
|
|t:|1645307424
|switch|p2a: Swampert|Swampert, F|67/100
|move|p1a: Zapdos|Roost|p1a: Zapdos
|-heal|p1a: Zapdos|97/100
|-singleturn|p1a: Zapdos|move: Roost
|
|-weather|RainDance|[upkeep]
|-heal|p2a: Swampert|73/100|[from] item: Leftovers
|upkeep
|turn|17
|
|t:|1645307428
|move|p1a: Zapdos|Defog|p2a: Swampert
|-unboost|p2a: Swampert|evasion|1
|-sideend|p1: Gurtrant|Stealth Rock|[from] move: Defog|[of] p1a: Zapdos
|move|p2a: Swampert|Toxic|p1a: Zapdos
|-status|p1a: Zapdos|tox
|
|-weather|RainDance|[upkeep]
|-heal|p2a: Swampert|79/100|[from] item: Leftovers
|-damage|p1a: Zapdos|90/100 tox|[from] psn
|upkeep
|turn|18
|
|t:|1645307431
|switch|p1a: Barraskewda|Barraskewda, M|88/100
|move|p2a: Swampert|Stealth Rock|p1a: Barraskewda
|-sidestart|p1: Gurtrant|move: Stealth Rock
|
|-weather|RainDance|[upkeep]
|-heal|p2a: Swampert|85/100|[from] item: Leftovers
|upkeep
|turn|19
|
|t:|1645307436
|switch|p2a: Buzzwole|Buzzwole|100/100
|move|p1a: Barraskewda|Liquidation|p2a: Buzzwole
|-damage|p2a: Buzzwole|30/100
|-damage|p1a: Barraskewda|72/100|[from] item: Rocky Helmet|[of] p2a: Buzzwole
|
|-weather|none
|upkeep
|turn|20
|
|t:|1645307446
|move|p1a: Barraskewda|Liquidation|p2a: Buzzwole
|-damage|p2a: Buzzwole|0 fnt
|-damage|p1a: Barraskewda|56/100|[from] item: Rocky Helmet|[of] p2a: Buzzwole
|faint|p2a: Buzzwole
|
|upkeep
|
|t:|1645307460
|switch|p2a: Entei|Entei|100/100
|turn|21
|
|t:|1645307478
|move|p2a: Entei|Extreme Speed|p1a: Barraskewda
|-damage|p1a: Barraskewda|0 fnt
|faint|p1a: Barraskewda
|
|upkeep
|
|t:|1645307481
|switch|p1a: Zapdos|Zapdos|90/100 tox
|turn|22
|
|t:|1645307486
|move|p2a: Entei|Extreme Speed|p1a: Zapdos
|-damage|p1a: Zapdos|64/100 tox
|move|p1a: Zapdos|Defog|p2a: Entei
|-unboost|p2a: Entei|evasion|1
|-sideend|p1: Gurtrant|Stealth Rock|[from] move: Defog|[of] p1a: Zapdos
|
|-damage|p1a: Zapdos|58/100 tox|[from] psn
|upkeep
|turn|23
|
|t:|1645307501
|switch|p2a: Swampert|Swampert, F|85/100
|move|p1a: Zapdos|Roost|p1a: Zapdos
|-heal|p1a: Zapdos|100/100 tox
|-singleturn|p1a: Zapdos|move: Roost
|
|-heal|p2a: Swampert|91/100|[from] item: Leftovers
|-damage|p1a: Zapdos|88/100 tox|[from] psn
|upkeep
|turn|24
|
|t:|1645307505
|move|p1a: Zapdos|U-turn|p2a: Swampert
|-damage|p2a: Swampert|78/100
|
|t:|1645307507
|switch|p1a: Pelipper|Pelipper, F|6/100|[from]move: U-turn
|-weather|RainDance|[from] ability: Drizzle|[of] p1a: Pelipper
|move|p2a: Swampert|Stealth Rock|p1a: Pelipper
|-sidestart|p1: Gurtrant|move: Stealth Rock
|
|-weather|RainDance|[upkeep]
|-heal|p2a: Swampert|84/100|[from] item: Leftovers
|upkeep
|turn|25
|
|t:|1645307510
|move|p1a: Pelipper|Scald|p2a: Swampert
|-damage|p2a: Swampert|61/100
|move|p2a: Swampert|Flip Turn|p1a: Pelipper
|-resisted|p1a: Pelipper
|-damage|p1a: Pelipper|0 fnt
|faint|p1a: Pelipper
|j| Jimmy Powka
|
|t:|1645307518
|switch|p2a: Rillaboom|Rillaboom, M|60/100|[from]move: Flip Turn
|-fieldstart|move: Grassy Terrain|[from] ability: Grassy Surge|[of] p2a: Rillaboom
|
|-weather|RainDance|[upkeep]
|-heal|p2a: Rillaboom|66/100|[from] Grassy Terrain
|upkeep
|
|t:|1645307522
|switch|p1a: Zapdos|Zapdos|88/100 tox
|turn|26
|
|t:|1645307528
|move|p2a: Rillaboom|Wood Hammer|p1a: Zapdos
|-resisted|p1a: Zapdos
|-damage|p1a: Zapdos|39/100 tox
|-damage|p2a: Rillaboom|48/100|[from] Recoil
|move|p1a: Zapdos|U-turn|p2a: Rillaboom
|-supereffective|p2a: Rillaboom
|-damage|p2a: Rillaboom|21/100
|
|t:|1645307536
|switch|p1a: Heliolisk|Heliolisk, M, shiny|100/100|[from]move: U-turn
|-damage|p1a: Heliolisk|88/100|[from] Stealth Rock
|
|-weather|RainDance|[upkeep]
|-heal|p1a: Heliolisk|100/100|[from] ability: Dry Skin
|-heal|p2a: Rillaboom|27/100|[from] Grassy Terrain
|upkeep
|turn|27
|
|t:|1645307539
|switch|p2a: Swampert|Swampert, F|61/100
|move|p1a: Heliolisk|Surf|p2a: Swampert
|-damage|p2a: Swampert|25/100
|-damage|p1a: Heliolisk|91/100|[from] item: Life Orb
|
|-weather|RainDance|[upkeep]
|-heal|p1a: Heliolisk|100/100|[from] ability: Dry Skin
|-heal|p2a: Swampert|31/100|[from] Grassy Terrain
|-heal|p2a: Swampert|38/100|[from] item: Leftovers
|upkeep
|turn|28
|
|t:|1645307548
|move|p1a: Heliolisk|Surf|p2a: Swampert
|-damage|p2a: Swampert|0 fnt
|faint|p2a: Swampert
|-damage|p1a: Heliolisk|91/100|[from] item: Life Orb
|
|-weather|RainDance|[upkeep]
|-heal|p1a: Heliolisk|100/100|[from] ability: Dry Skin
|upkeep
|
|t:|1645307554
|switch|p2a: Rillaboom|Rillaboom, M|27/100
|turn|29
|
|t:|1645307561
|move|p2a: Rillaboom|Grassy Glide|p1a: Heliolisk
|-damage|p1a: Heliolisk|0 fnt
|faint|p1a: Heliolisk
|
|-weather|RainDance|[upkeep]
|-heal|p2a: Rillaboom|34/100|[from] Grassy Terrain
|-fieldend|move: Grassy Terrain
|upkeep
|
|t:|1645307567
|switch|p1a: Seismitoad|Seismitoad, F|47/100
|-damage|p1a: Seismitoad|41/100|[from] Stealth Rock
|turn|30
|
|t:|1645307576
|move|p1a: Seismitoad|Weather Ball|p2a: Rillaboom
|-resisted|p2a: Rillaboom
|-damage|p2a: Rillaboom|0 fnt
|faint|p2a: Rillaboom
|-damage|p1a: Seismitoad|31/100|[from] item: Life Orb
|
|-weather|RainDance|[upkeep]
|upkeep
|
|t:|1645307577
|switch|p2a: Entei|Entei|100/100
|turn|31
|
|t:|1645307579
|move|p2a: Entei|Extreme Speed|p1a: Seismitoad
|-damage|p1a: Seismitoad|0 fnt
|faint|p1a: Seismitoad
|
|-weather|none
|upkeep
|
|t:|1645307582
|switch|p1a: Zapdos|Zapdos|39/100 tox
|turn|32
|
|t:|1645307583
|move|p2a: Entei|Extreme Speed|p1a: Zapdos
|-damage|p1a: Zapdos|12/100 tox
|move|p1a: Zapdos|Roost|p1a: Zapdos
|-heal|p1a: Zapdos|62/100 tox
|-singleturn|p1a: Zapdos|move: Roost
|
|-damage|p1a: Zapdos|56/100 tox|[from] psn
|upkeep
|turn|33
|
|t:|1645307588
|move|p2a: Entei|Extreme Speed|p1a: Zapdos
|-damage|p1a: Zapdos|29/100 tox
|move|p1a: Zapdos|Roost|p1a: Zapdos
|-heal|p1a: Zapdos|79/100 tox
|-singleturn|p1a: Zapdos|move: Roost
|
|-damage|p1a: Zapdos|66/100 tox|[from] psn
|upkeep
|turn|34
|
|t:|1645307593
|move|p2a: Entei|Extreme Speed|p1a: Zapdos
|-damage|p1a: Zapdos|39/100 tox
|move|p1a: Zapdos|Roost|p1a: Zapdos
|-heal|p1a: Zapdos|89/100 tox
|-singleturn|p1a: Zapdos|move: Roost
|
|-damage|p1a: Zapdos|70/100 tox|[from] psn
|upkeep
|turn|35
|
|t:|1645307598
|move|p2a: Entei|Extreme Speed|p1a: Zapdos
|-damage|p1a: Zapdos|43/100 tox
|move|p1a: Zapdos|Roost|p1a: Zapdos
|-heal|p1a: Zapdos|93/100 tox
|-singleturn|p1a: Zapdos|move: Roost
|
|-damage|p1a: Zapdos|68/100 tox|[from] psn
|upkeep
|turn|36
|j| blackdarkness00
|
|t:|1645307604
|move|p2a: Entei|Extreme Speed|p1a: Zapdos
|-damage|p1a: Zapdos|39/100 tox
|move|p1a: Zapdos|Roost|p1a: Zapdos
|-heal|p1a: Zapdos|89/100 tox
|-singleturn|p1a: Zapdos|move: Roost
|
|-damage|p1a: Zapdos|58/100 tox|[from] psn
|upkeep
|turn|37
|
|t:|1645307609
|-activate|p2a: Entei|move: Struggle
|move|p2a: Entei|Struggle|p1a: Zapdos
|-damage|p1a: Zapdos|39/100 tox
|-damage|p2a: Entei|75/100|[from] recoil
|move|p1a: Zapdos|Roost|p1a: Zapdos
|-heal|p1a: Zapdos|89/100 tox
|-singleturn|p1a: Zapdos|move: Roost
|
|-damage|p1a: Zapdos|52/100 tox|[from] psn
|upkeep
|turn|38
|
|t:|1645307618
|-activate|p2a: Entei|move: Struggle
|move|p2a: Entei|Struggle|p1a: Zapdos
|-damage|p1a: Zapdos|35/100 tox
|-damage|p2a: Entei|50/100|[from] recoil
|move|p1a: Zapdos|Roost|p1a: Zapdos
|-heal|p1a: Zapdos|85/100 tox
|-singleturn|p1a: Zapdos|move: Roost
|
|-damage|p1a: Zapdos|41/100 tox|[from] psn
|upkeep
|turn|39
|
|t:|1645307621
|-activate|p2a: Entei|move: Struggle
|move|p2a: Entei|Struggle|p1a: Zapdos
|-damage|p1a: Zapdos|24/100 tox
|-damage|p2a: Entei|25/100|[from] recoil
|move|p1a: Zapdos|Roost|p1a: Zapdos
|-heal|p1a: Zapdos|74/100 tox
|-singleturn|p1a: Zapdos|move: Roost
|
|-damage|p1a: Zapdos|24/100 tox|[from] psn
|upkeep
|turn|40
|
|t:|1645307631
|-activate|p2a: Entei|move: Struggle
|move|p2a: Entei|Struggle|p1a: Zapdos
|-damage|p1a: Zapdos|6/100 tox
|-damage|p2a: Entei|0 fnt|[from] recoil
|faint|p2a: Entei
|
|win|Gurtrant
|raw|Gurtrant's rating: 1688 &rarr; <strong>1710</strong><br />(+22 for winning)
|raw|Substantial flow's rating: 1718 &rarr; <strong>1696</strong><br />(-22 for losing)
|c|☆Substantial flow|Gg
|c|☆Gurtrant|gg
|l|☆Gurtrant
|l|☆Substantial flow
