|html|<div class="broadcast-blue"><strong>[Gen 8] OU is currently suspecting Melmetal! For information on how to participate check out the <a href="https://www.smogon.com/forums/threads/np-ss-ou-suspect-process-round-12-monster-mash.3709234/">suspect thread</a>.</strong></div>
|j|☆Raimei Hakkei 2
|j|☆g0ld
|t:|1666331636
|gametype|singles
|player|p1|Raimei Hakkei 2|265|1732
|player|p2|g0ld|hoopster|1703
|teamsize|p1|6
|teamsize|p2|6
|gen|8
|tier|[Gen 8] OU
|rated|
|rule|Sleep Clause Mod: Limit one foe put to sleep
|rule|Species Clause: Limit one of each Pokémon
|rule|OHKO Clause: OHKO moves are banned
|rule|Evasion Items Clause: Evasion items are banned
|rule|Evasion Moves Clause: Evasion moves are banned
|rule|Endless Battle Clause: Forcing endless battles is banned
|rule|HP Percentage Mod: HP is shown in percentages
|rule|Dynamax Clause: You cannot dynamax
|clearpoke
|poke|p1|Landorus-Therian, M|
|poke|p1|Urshifu-*, M|
|poke|p1|Dragonite, F|
|poke|p1|Tyrantrum, F|
|poke|p1|Aegislash, M|
|poke|p1|Chansey, F|
|poke|p2|Obstagoon, F|
|poke|p2|Dragapult, M|
|poke|p2|Kartana|
|poke|p2|Lycanroc-Dusk, M|
|poke|p2|Gyarados, F|
|poke|p2|Nidoking, M|
|teampreview
|inactive|Battle timer is ON: inactive players will automatically lose when time's up. (requested by Raimei Hakkei 2)
|
|t:|1666331648
|start
|switch|p1a: Gundari: Ryuseigun|Urshifu-Rapid-Strike, M|100/100
|switch|p2a: Lycanroc|Lycanroc-Dusk, M|100/100
|turn|1
|
|t:|1666331652
|move|p2a: Lycanroc|Stealth Rock|p1a: Gundari: Ryuseigun
|-sidestart|p1: Raimei Hakkei 2|move: Stealth Rock
|move|p1a: Gundari: Ryuseigun|Surging Strikes|p2a: Lycanroc
|-supereffective|p2a: Lycanroc
|-crit|p2a: Lycanroc
|-damage|p2a: Lycanroc|5/100
|-supereffective|p2a: Lycanroc
|-crit|p2a: Lycanroc
|-damage|p2a: Lycanroc|0 fnt
|faint|p2a: Lycanroc
|-hitcount|p2: Lycanroc|2
|
|upkeep
|j| PurpleJWK
|
|t:|1666331670
|switch|p2a: Dragapult|Dragapult, M|100/100
|turn|2
|
|t:|1666331673
|move|p2a: Dragapult|U-turn|p1a: Gundari: Ryuseigun
|-resisted|p1a: Gundari: Ryuseigun
|-damage|p1a: Gundari: Ryuseigun|93/100
|j| ripreckful
|
|t:|1666331682
|switch|p2a: Obstagoon|Obstagoon, F|100/100|[from]move: U-turn
|move|p1a: Gundari: Ryuseigun|Surging Strikes|p2a: Obstagoon
|-crit|p2a: Obstagoon
|-damage|p2a: Obstagoon|74/100
|-crit|p2a: Obstagoon
|-damage|p2a: Obstagoon|47/100
|-crit|p2a: Obstagoon
|-damage|p2a: Obstagoon|22/100
|-hitcount|p2a: Obstagoon|3
|
|-heal|p2a: Obstagoon|28/100|[from] item: Leftovers
|upkeep
|turn|3
|l| ripreckful
|
|t:|1666331689
|move|p1a: Gundari: Ryuseigun|Surging Strikes|p2a: Obstagoon
|-crit|p2a: Obstagoon
|-damage|p2a: Obstagoon|2/100
|-crit|p2a: Obstagoon
|-damage|p2a: Obstagoon|0 fnt
|faint|p2a: Obstagoon
|-hitcount|p2: Obstagoon|2
|
|upkeep
|
|t:|1666331705
|switch|p2a: Gyarados|Gyarados, F|100/100
|turn|4
|
|t:|1666331711
|switch|p1a: Raging Drunk|Landorus-Therian, M|100/100
|-damage|p1a: Raging Drunk|88/100|[from] Stealth Rock
|-ability|p1a: Raging Drunk|Intimidate|boost
|-unboost|p2a: Gyarados|atk|1
|move|p2a: Gyarados|Dragon Dance|p2a: Gyarados
|-boost|p2a: Gyarados|atk|1
|-boost|p2a: Gyarados|spe|1
|
|upkeep
|turn|5
|j| sumbodylookatdis
|
|t:|1666331715
|move|p2a: Gyarados|Substitute|p2a: Gyarados
|-start|p2a: Gyarados|Substitute
|-damage|p2a: Gyarados|76/100
|move|p1a: Raging Drunk|Toxic||[still]
|-fail|p1a: Raging Drunk
|
|-heal|p2a: Gyarados|82/100|[from] item: Leftovers
|upkeep
|turn|6
|
|t:|1666331717
|move|p2a: Gyarados|Dragon Dance|p2a: Gyarados
|-boost|p2a: Gyarados|atk|1
|-boost|p2a: Gyarados|spe|1
|move|p1a: Raging Drunk|Earth Power|p2a: Gyarados
|-immune|p2a: Gyarados
|
|-heal|p2a: Gyarados|88/100|[from] item: Leftovers
|upkeep
|turn|7
|
|t:|1666331723
|move|p2a: Gyarados|Waterfall|p1a: Raging Drunk
|-supereffective|p1a: Raging Drunk
|-damage|p1a: Raging Drunk|0 fnt
|faint|p1a: Raging Drunk
|-ability|p2a: Gyarados|Moxie|boost
|-boost|p2a: Gyarados|atk|1
|
|-heal|p2a: Gyarados|94/100|[from] item: Leftovers
|upkeep
|j| R3M4TCH
|
|t:|1666331726
|switch|p1a: Thieving Drunk|Dragonite, F|100/100
|turn|8
|
|t:|1666331730
|move|p2a: Gyarados|Waterfall|p1a: Thieving Drunk
|-resisted|p1a: Thieving Drunk
|-damage|p1a: Thieving Drunk|77/100
|move|p1a: Thieving Drunk|Dragon Dance|p1a: Thieving Drunk
|-boost|p1a: Thieving Drunk|atk|1
|-boost|p1a: Thieving Drunk|spe|1
|
|-heal|p2a: Gyarados|99/100|[from] item: Leftovers
|upkeep
|turn|9
|
|t:|1666331742
|move|p2a: Gyarados|Bounce||[still]
|-prepare|p2a: Gyarados|Bounce
|move|p1a: Thieving Drunk|Roost|p1a: Thieving Drunk
|-heal|p1a: Thieving Drunk|100/100
|-singleturn|p1a: Thieving Drunk|move: Roost
|
|-heal|p2a: Gyarados|100/100|[from] item: Leftovers
|upkeep
|turn|10
|
|t:|1666331745
|move|p2a: Gyarados|Bounce|p1a: Thieving Drunk|[from]lockedmove
|-damage|p1a: Thieving Drunk|51/100
|move|p1a: Thieving Drunk|Dragon Dance|p1a: Thieving Drunk
|-boost|p1a: Thieving Drunk|atk|1
|-boost|p1a: Thieving Drunk|spe|1
|
|upkeep
|turn|11
|
|t:|1666331755
|move|p2a: Gyarados|Dragon Dance|p2a: Gyarados
|-boost|p2a: Gyarados|atk|1
|-boost|p2a: Gyarados|spe|1
|move|p1a: Thieving Drunk|Roost|p1a: Thieving Drunk
|-heal|p1a: Thieving Drunk|100/100
|-singleturn|p1a: Thieving Drunk|move: Roost
|
|upkeep
|turn|12
|
|t:|1666331762
|move|p2a: Gyarados|Waterfall|p1a: Thieving Drunk
|-resisted|p1a: Thieving Drunk
|-damage|p1a: Thieving Drunk|74/100
|move|p1a: Thieving Drunk|Dragon Dance|p1a: Thieving Drunk
|-boost|p1a: Thieving Drunk|atk|1
|-boost|p1a: Thieving Drunk|spe|1
|
|upkeep
|turn|13
|
|t:|1666331768
|move|p2a: Gyarados|Waterfall|p1a: Thieving Drunk
|-resisted|p1a: Thieving Drunk
|-damage|p1a: Thieving Drunk|16/100
|cant|p1a: Thieving Drunk|flinch
|
|upkeep
|turn|14
|c|☆Raimei Hakkei 2|man
|inactive|Raimei Hakkei 2 has 120 seconds left.
|n|!Raimei Hakkei 2|raimeihakkei2
|j| wdz999
|inactive|Raimei Hakkei 2 has 90 seconds left.
|
|t:|1666331846
|move|p2a: Gyarados|Waterfall|p1a: Thieving Drunk
|-resisted|p1a: Thieving Drunk
|-damage|p1a: Thieving Drunk|0 fnt
|faint|p1a: Thieving Drunk
|-ability|p2a: Gyarados|Moxie|boost
|-boost|p2a: Gyarados|atk|1
|
|upkeep
|j| ripreckful
|
|t:|1666331859
|switch|p1a: Gundari: Ryuseigun|Urshifu-Rapid-Strike, M|93/100
|-damage|p1a: Gundari: Ryuseigun|87/100|[from] Stealth Rock
|turn|15
|
|t:|1666331864
|move|p2a: Gyarados|Bounce||[still]
|-prepare|p2a: Gyarados|Bounce
|move|p1a: Gundari: Ryuseigun|Surging Strikes|p2a: Gyarados|[miss]
|-miss|p1a: Gundari: Ryuseigun|p2a: Gyarados
|
|upkeep
|turn|16
|
|t:|1666331869
|move|p2a: Gyarados|Bounce|p1a: Gundari: Ryuseigun|[from]lockedmove
|-supereffective|p1a: Gundari: Ryuseigun
|-damage|p1a: Gundari: Ryuseigun|0 fnt
|faint|p1a: Gundari: Ryuseigun
|-ability|p2a: Gyarados|Moxie|boost
|-boost|p2a: Gyarados|atk|1
|
|upkeep
|inactive|Raimei Hakkei 2 has 90 seconds left.
|j| jly8
|l| jly8
|inactive|Raimei Hakkei 2 has 60 seconds left.
|inactive|Raimei Hakkei 2 has 30 seconds left.
|inactive|Raimei Hakkei 2 has 20 seconds left.
|inactive|Raimei Hakkei 2 has 15 seconds left.
|l| sumbodylookatdis
|inactive|Raimei Hakkei 2 has 10 seconds left.
|
|t:|1666331955
|switch|p1a: Flirty Drunk|Chansey, F|100/100
|-damage|p1a: Flirty Drunk|88/100|[from] Stealth Rock
|turn|17
|inactive|Raimei Hakkei 2 has 20 seconds left this turn.
|
|t:|1666331959
|move|p2a: Gyarados|Waterfall|p1a: Flirty Drunk
|-damage|p1a: Flirty Drunk|0 fnt
|faint|p1a: Flirty Drunk
|-ability|p2a: Gyarados|Moxie|boost
|-boost|p2a: Gyarados|atk|1
|
|upkeep
|inactive|Raimei Hakkei 2 has 25 seconds left this turn.
|
|t:|1666331964
|switch|p1a: Death Destroyer|Aegislash, M|100/100
|-damage|p1a: Death Destroyer|94/100|[from] Stealth Rock
|turn|18
|
|t:|1666331968
|move|p1a: Death Destroyer|King's Shield|p1a: Death Destroyer
|-singleturn|p1a: Death Destroyer|Protect
|move|p2a: Gyarados|Waterfall|p1a: Death Destroyer
|-activate|p1a: Death Destroyer|move: Protect
|-unboost|p2a: Gyarados|atk|1
|
|upkeep
|turn|19
|
|t:|1666331971
|move|p1a: Death Destroyer|King's Shield||[still]
|-fail|p1a: Death Destroyer
|move|p2a: Gyarados|Waterfall|p1a: Death Destroyer
|-damage|p1a: Death Destroyer|0 fnt
|faint|p1a: Death Destroyer
|-ability|p2a: Gyarados|Moxie|boost
|-boost|p2a: Gyarados|atk|1
|
|upkeep
|-message|Raimei Hakkei 2 forfeited.
|
|win|g0ld
|raw|Raimei Hakkei 2's rating: 1732 &rarr; <strong>1710</strong><br />(-22 for losing)
|raw|g0ld's rating: 1703 &rarr; <strong>1725</strong><br />(+22 for winning)
|l|!Raimei Hakkei 2
