|j|☆Francis999
|j|☆ty-tyui↻
|t:|1665442799
|gametype|singles
|player|p1|Francis999|rancher|1622
|player|p2|ty-tyui↻|kamado|1677
|teamsize|p1|6
|teamsize|p2|6
|gen|8
|tier|[Gen 8] OU
|rated|
|rule|Sleep Clause Mod: Limit one foe put to sleep
|rule|Species Clause: Limit one of each Pokémon
|rule|OHKO Clause: OHKO moves are banned
|rule|Evasion Items Clause: Evasion items are banned
|rule|Evasion Moves Clause: Evasion moves are banned
|rule|Endless Battle Clause: Forcing endless battles is banned
|rule|HP Percentage Mod: HP is shown in percentages
|rule|Dynamax Clause: You cannot dynamax
|clearpoke
|poke|p1|Slowking-Galar, M|
|poke|p1|Heatran, M|
|poke|p1|Tapu Lele|
|poke|p1|Dragapult, F|
|poke|p1|Zapdos-Galar|
|poke|p1|Ferrothorn, M|
|poke|p2|Mienshao, F|
|poke|p2|Ninetales-Alola, F|
|poke|p2|Blacephalon|
|poke|p2|Landorus-Therian, M|
|poke|p2|Corviknight, F|
|poke|p2|Rotom-Wash|
|teampreview
|
|t:|1665442809
|start
|switch|p1a: Zapdos|Zapdos-Galar|100/100
|switch|p2a: Rotom|Rotom-Wash|100/100
|turn|1
|
|t:|1665442816
|move|p1a: Zapdos|U-turn|p2a: Rotom
|-damage|p2a: Rotom|74/100
|
|t:|1665442819
|switch|p1a: Ferrothorn|Ferrothorn, M|100/100|[from]move: U-turn
|move|p2a: Rotom|Thunder Wave|p1a: Ferrothorn
|-status|p1a: Ferrothorn|par
|
|-heal|p2a: Rotom|80/100|[from] item: Leftovers
|upkeep
|turn|2
|
|t:|1665442823
|move|p2a: Rotom|Volt Switch|p1a: Ferrothorn
|-resisted|p1a: Ferrothorn
|-damage|p1a: Ferrothorn|92/100 par
|
|t:|1665442826
|switch|p2a: Mienshao|Mienshao, F, shiny|100/100|[from]move: Volt Switch
|move|p1a: Ferrothorn|Stealth Rock|p2a: Mienshao
|-sidestart|p2: ty-tyui↻|move: Stealth Rock
|
|-heal|p1a: Ferrothorn|98/100 par|[from] item: Leftovers
|upkeep
|turn|3
|
|t:|1665442831
|move|p2a: Mienshao|Close Combat|p1a: Ferrothorn
|-supereffective|p1a: Ferrothorn
|-damage|p1a: Ferrothorn|0 fnt
|-unboost|p2a: Mienshao|def|1
|-unboost|p2a: Mienshao|spd|1
|-damage|p2a: Mienshao|88/100|[from] ability: Iron Barbs|[of] p1a: Ferrothorn
|faint|p1a: Ferrothorn
|-damage|p2a: Mienshao|78/100|[from] item: Life Orb
|
|upkeep
|
|t:|1665442836
|switch|p1a: Dragapult|Dragapult, F|100/100
|turn|4
|
|t:|1665442846
|switch|p2a: Landorus|Landorus-Therian, M|100/100
|-damage|p2a: Landorus|88/100|[from] Stealth Rock
|-ability|p2a: Landorus|Intimidate|boost
|-unboost|p1a: Dragapult|atk|1
|move|p1a: Dragapult|Shadow Ball|p2a: Landorus
|-damage|p2a: Landorus|58/100
|
|-heal|p2a: Landorus|64/100|[from] item: Leftovers
|upkeep
|turn|5
|
|t:|1665442854
|switch|p1a: Zapdos|Zapdos-Galar|100/100
|move|p2a: Landorus|U-turn|p1a: Zapdos
|-resisted|p1a: Zapdos
|-damage|p1a: Zapdos|94/100
|
|t:|1665442868
|switch|p2a: Ninetales|Ninetales-Alola, F|100/100|[from]move: U-turn
|-damage|p2a: Ninetales|76/100|[from] Stealth Rock
|-weather|Hail|[from] ability: Snow Warning|[of] p2a: Ninetales
|
|-weather|Hail|[upkeep]
|-damage|p1a: Zapdos|88/100|[from] Hail
|upkeep
|turn|6
|
|t:|1665442871
|move|p1a: Zapdos|Close Combat|p2a: Ninetales
|-damage|p2a: Ninetales|0 fnt
|-unboost|p1a: Zapdos|def|1
|-unboost|p1a: Zapdos|spd|1
|faint|p2a: Ninetales
|
|-weather|Hail|[upkeep]
|-damage|p1a: Zapdos|82/100|[from] Hail
|upkeep
|
|t:|1665442875
|switch|p2a: Blacephalon|Blacephalon, shiny|100/100
|-damage|p2a: Blacephalon|76/100|[from] Stealth Rock
|turn|7
|
|t:|1665442879
|switch|p1a: Heatran|Heatran, M|100/100
|-item|p1a: Heatran|Air Balloon
|move|p2a: Blacephalon|Shadow Ball|p1a: Heatran
|-damage|p1a: Heatran|67/100
|-unboost|p1a: Heatran|spd|1
|-enditem|p1a: Heatran|Air Balloon
|
|-weather|Hail|[upkeep]
|-damage|p2a: Blacephalon|70/100|[from] Hail
|-damage|p1a: Heatran|61/100|[from] Hail
|upkeep
|turn|8
|j| Kyurem
|
|t:|1665442918
|switch|p2a: Rotom|Rotom-Wash|80/100
|-damage|p2a: Rotom|67/100|[from] Stealth Rock
|move|p1a: Heatran|Earth Power|p2a: Rotom
|-immune|p2a: Rotom|[from] ability: Levitate
|
|-weather|Hail|[upkeep]
|-damage|p2a: Rotom|61/100|[from] Hail
|-damage|p1a: Heatran|55/100|[from] Hail
|-heal|p2a: Rotom|67/100|[from] item: Leftovers
|upkeep
|turn|9
|
|t:|1665442926
|move|p2a: Rotom|Volt Switch|p1a: Heatran
|-damage|p1a: Heatran|28/100
|j| Quagshi
|
|t:|1665442932
|switch|p2a: Landorus|Landorus-Therian, M|64/100|[from]move: Volt Switch
|-damage|p2a: Landorus|52/100|[from] Stealth Rock
|-ability|p2a: Landorus|Intimidate|boost
|-unboost|p1a: Heatran|atk|1
|move|p1a: Heatran|Magma Storm|p2a: Landorus|[miss]
|-miss|p1a: Heatran|p2a: Landorus
|
|-weather|none
|-heal|p2a: Landorus|58/100|[from] item: Leftovers
|upkeep
|turn|10
|
|t:|1665442940
|move|p2a: Landorus|U-turn|p1a: Heatran
|-resisted|p1a: Heatran
|-damage|p1a: Heatran|23/100
|
|t:|1665442944
|switch|p2a: Rotom|Rotom-Wash|67/100|[from]move: U-turn
|-damage|p2a: Rotom|55/100|[from] Stealth Rock
|move|p1a: Heatran|Magma Storm|p2a: Rotom|[miss]
|-miss|p1a: Heatran|p2a: Rotom
|
|-heal|p2a: Rotom|61/100|[from] item: Leftovers
|upkeep
|turn|11
|
|t:|1665442951
|move|p2a: Rotom|Volt Switch|p1a: Heatran
|-damage|p1a: Heatran|0 fnt
|faint|p1a: Heatran
|
|t:|1665442957
|switch|p2a: Corviknight|Corviknight, F|100/100|[from]move: Volt Switch
|-damage|p2a: Corviknight|88/100|[from] Stealth Rock
|-ability|p2a: Corviknight|Pressure
|
|upkeep
|
|t:|1665442965
|switch|p1a: Slowking|Slowking-Galar, M|100/100
|turn|12
|
|t:|1665442967
|move|p2a: Corviknight|Defog|p1a: Slowking
|-unboost|p1a: Slowking|evasion|1
|-sideend|p2: ty-tyui↻|Stealth Rock|[from] move: Defog|[of] p2a: Corviknight
|move|p1a: Slowking|Fire Blast|p2a: Corviknight
|-supereffective|p2a: Corviknight
|-damage|p2a: Corviknight|30/100
|
|upkeep
|turn|13
|
|t:|1665442970
|move|p2a: Corviknight|Roost|p2a: Corviknight
|-heal|p2a: Corviknight|80/100
|-singleturn|p2a: Corviknight|move: Roost
|move|p1a: Slowking|Future Sight|p2a: Corviknight
|-start|p1a: Slowking|move: Future Sight
|
|upkeep
|turn|14
|
|t:|1665442974
|move|p2a: Corviknight|U-turn|p1a: Slowking
|-damage|p1a: Slowking|85/100
|
|t:|1665442977
|switch|p2a: Rotom|Rotom-Wash|61/100|[from]move: U-turn
|move|p1a: Slowking|Scald|p2a: Rotom
|-resisted|p2a: Rotom
|-damage|p2a: Rotom|51/100
|
|-heal|p2a: Rotom|57/100|[from] item: Leftovers
|upkeep
|turn|15
|
|t:|1665442981
|move|p2a: Rotom|Pain Split|p1a: Slowking
|-sethp|p1a: Slowking|64/100|[from] move: Pain Split|[silent]
|-sethp|p2a: Rotom|83/100|[from] move: Pain Split
|move|p1a: Slowking|Sludge Bomb|p2a: Rotom
|-damage|p2a: Rotom|48/100
|-status|p2a: Rotom|psn
|
|-end|p2a: Rotom|move: Future Sight
|-damage|p2a: Rotom|0 fnt
|faint|p2a: Rotom
|upkeep
|
|t:|1665442984
|switch|p2a: Mienshao|Mienshao, F, shiny|100/100
|turn|16
|
|t:|1665443004
|move|p2a: Mienshao|Knock Off|p1a: Slowking
|-supereffective|p1a: Slowking
|-damage|p1a: Slowking|0 fnt
|-enditem|p1a: Slowking|Assault Vest|[from] move: Knock Off|[of] p2a: Mienshao
|faint|p1a: Slowking
|-damage|p2a: Mienshao|91/100|[from] item: Life Orb
|
|upkeep
|
|t:|1665443009
|switch|p1a: Zapdos|Zapdos-Galar|82/100
|turn|17
|
|t:|1665443013
|switch|p2a: Blacephalon|Blacephalon, shiny|70/100
|move|p1a: Zapdos|U-turn|p2a: Blacephalon
|-resisted|p2a: Blacephalon
|-damage|p2a: Blacephalon|56/100
|
|t:|1665443018
|switch|p1a: Dragapult|Dragapult, F|100/100|[from]move: U-turn
|
|upkeep
|turn|18
|
|t:|1665443021
|move|p1a: Dragapult|Shadow Ball|p2a: Blacephalon
|-supereffective|p2a: Blacephalon
|-damage|p2a: Blacephalon|0 fnt
|faint|p2a: Blacephalon
|
|upkeep
|c|☆ty-tyui↻|scarf pult-
|c|☆ty-tyui↻|wo
|c|☆ty-tyui↻|w
|
|t:|1665443033
|switch|p2a: Mienshao|Mienshao, F, shiny|100/100
|turn|19
|
|t:|1665443037
|switch|p1a: Zapdos|Zapdos-Galar|82/100
|move|p2a: Mienshao|Knock Off|p1a: Zapdos
|-resisted|p1a: Zapdos
|-damage|p1a: Zapdos|55/100
|-enditem|p1a: Zapdos|Choice Scarf|[from] move: Knock Off|[of] p2a: Mienshao
|-damage|p2a: Mienshao|91/100|[from] item: Life Orb
|
|upkeep
|turn|20
|
|t:|1665443083
|move|p2a: Mienshao|U-turn|p1a: Zapdos
|-resisted|p1a: Zapdos
|-damage|p1a: Zapdos|46/100
|-damage|p2a: Mienshao|81/100|[from] item: Life Orb
|
|t:|1665443085
|switch|p2a: Landorus|Landorus-Therian, M|58/100|[from]move: U-turn
|-ability|p2a: Landorus|Intimidate|boost
|-unboost|p1a: Zapdos|atk|1
|-ability|p1a: Zapdos|Defiant|boost
|-boost|p1a: Zapdos|atk|2
|move|p1a: Zapdos|Close Combat|p2a: Landorus
|-resisted|p2a: Landorus
|-damage|p2a: Landorus|12/100
|-unboost|p1a: Zapdos|def|1
|-unboost|p1a: Zapdos|spd|1
|
|-heal|p2a: Landorus|18/100|[from] item: Leftovers
|upkeep
|turn|21
|
|t:|1665443095
|move|p1a: Zapdos|Close Combat|p2a: Landorus
|-resisted|p2a: Landorus
|-damage|p2a: Landorus|0 fnt
|-unboost|p1a: Zapdos|def|1
|-unboost|p1a: Zapdos|spd|1
|faint|p2a: Landorus
|
|upkeep
|
|t:|1665443098
|switch|p2a: Mienshao|Mienshao, F, shiny|100/100
|turn|22
|
|t:|1665443120
|move|p2a: Mienshao|Poison Jab|p1a: Zapdos
|-damage|p1a: Zapdos|0 fnt
|faint|p1a: Zapdos
|-damage|p2a: Mienshao|91/100|[from] item: Life Orb
|
|upkeep
|
|t:|1665443128
|switch|p1a: Tapu Lele|Tapu Lele|100/100
|-fieldstart|move: Psychic Terrain|[from] ability: Psychic Surge|[of] p1a: Tapu Lele
|turn|23
|
|t:|1665443131
|move|p2a: Mienshao|Poison Jab|p1a: Tapu Lele
|-supereffective|p1a: Tapu Lele
|-damage|p1a: Tapu Lele|0 fnt
|faint|p1a: Tapu Lele
|-damage|p2a: Mienshao|81/100|[from] item: Life Orb
|
|upkeep
|
|t:|1665443134
|switch|p1a: Dragapult|Dragapult, F|100/100
|turn|24
|
|t:|1665443166
|move|p1a: Dragapult|Shadow Ball|p2a: Mienshao
|-damage|p2a: Mienshao|6/100
|move|p2a: Mienshao|Knock Off|p1a: Dragapult
|-supereffective|p1a: Dragapult
|-damage|p1a: Dragapult|0 fnt
|-enditem|p1a: Dragapult|Choice Scarf|[from] move: Knock Off|[of] p2a: Mienshao
|faint|p1a: Dragapult
|-damage|p2a: Mienshao|0 fnt|[from] item: Life Orb
|faint|p2a: Mienshao
|
|win|ty-tyui↻
|raw|Francis999's rating: 1622 &rarr; <strong>1605</strong><br />(-17 for losing)
|raw|ty-tyui↻'s rating: 1677 &rarr; <strong>1694</strong><br />(+17 for winning)
|l|☆Francis999
||Ladder isn't responding, score probably updated but might not have (Request timeout).
