|raw|<div class="broadcast-blue"><strong>This battle is required to be public due to a player having a name starting with 'btlt200'.</div>
|j|☆BTLT200$ FILO
|j|☆seelbachariot
|t:|1667850149
|gametype|singles
|player|p1|BTLT200$ FILO|emma|1765
|player|p2|seelbachariot|sabrina|1799
|teamsize|p1|6
|teamsize|p2|6
|gen|8
|tier|[Gen 8] OU
|rated|
|rule|Sleep Clause Mod: Limit one foe put to sleep
|rule|Species Clause: Limit one of each Pokémon
|rule|OHKO Clause: OHKO moves are banned
|rule|Evasion Items Clause: Evasion items are banned
|rule|Evasion Moves Clause: Evasion moves are banned
|rule|Endless Battle Clause: Forcing endless battles is banned
|rule|HP Percentage Mod: HP is shown in percentages
|rule|Dynamax Clause: You cannot dynamax
|clearpoke
|poke|p1|Moltres-Galar|
|poke|p1|Slowking-Galar, F|
|poke|p1|Kartana|
|poke|p1|Buzzwole|
|poke|p1|Landorus-Therian, M|
|poke|p1|Heatran, F|
|poke|p2|Hydreigon, F|
|poke|p2|Urshifu-*, F|
|poke|p2|Slowking-Galar, M|
|poke|p2|Tapu Koko|
|poke|p2|Hippowdon, F|
|poke|p2|Corviknight, F|
|teampreview
|inactive|Battle timer is ON: inactive players will automatically lose when time's up. (requested by seelbachariot)
|j| ajfadjfa
|
|t:|1667850165
|start
|switch|p1a: Moltres|Moltres-Galar|100/100
|switch|p2a: Urshifu|Urshifu-Rapid-Strike, F|100/100
|turn|1
|j| Phxo'
|
|t:|1667850190
|switch|p2a: Tapu Koko|Tapu Koko|100/100
|-fieldstart|move: Electric Terrain|[from] ability: Electric Surge|[of] p2a: Tapu Koko
|switch|p1a: Buzzwole|Buzzwole|100/100
|
|upkeep
|turn|2
|l| ajfadjfa
|
|t:|1667850200
|switch|p2a: Corviknight|Corviknight, F|100/100
|-ability|p2a: Corviknight|Pressure
|switch|p1a: Landorus|Landorus-Therian, M, shiny|100/100
|-ability|p1a: Landorus|Intimidate|boost
|-unboost|p2a: Corviknight|atk|1
|
|upkeep
|turn|3
|
|t:|1667850210
|move|p1a: Landorus|Knock Off|p2a: Corviknight
|-damage|p2a: Corviknight|82/100
|-damage|p1a: Landorus|84/100|[from] item: Rocky Helmet|[of] p2a: Corviknight
|-enditem|p2a: Corviknight|Rocky Helmet|[from] move: Knock Off|[of] p1a: Landorus
|move|p2a: Corviknight|U-turn|p1a: Landorus
|-resisted|p1a: Landorus
|-damage|p1a: Landorus|79/100
|
|t:|1667850216
|switch|p2a: Hydreigon|Hydreigon, F|100/100|[from]move: U-turn
|
|-heal|p1a: Landorus|85/100|[from] item: Leftovers
|upkeep
|turn|4
|
|t:|1667850222
|switch|p1a: Moltres|Moltres-Galar|100/100
|move|p2a: Hydreigon|Dark Pulse|p1a: Moltres
|-resisted|p1a: Moltres
|-damage|p1a: Moltres|75/100
|
|upkeep
|turn|5
|
|t:|1667850230
|switch|p2a: Tapu Koko|Tapu Koko|100/100
|move|p1a: Moltres|Hurricane|p2a: Tapu Koko|[miss]
|-miss|p1a: Moltres|p2a: Tapu Koko
|
|-fieldend|move: Electric Terrain
|upkeep
|turn|6
|
|t:|1667850244
|switch|p1a: Slowking|Slowking-Galar, F|100/100
|move|p2a: Tapu Koko|Toxic|p1a: Slowking
|-immune|p1a: Slowking
|
|upkeep
|turn|7
|
|t:|1667850258
|switch|p2a: Hippowdon|Hippowdon, F|100/100
|-weather|Sandstorm|[from] ability: Sand Stream|[of] p2a: Hippowdon
|move|p1a: Slowking|Scald|p2a: Hippowdon
|-supereffective|p2a: Hippowdon
|-damage|p2a: Hippowdon|69/100
|
|-weather|Sandstorm|[upkeep]
|-damage|p1a: Slowking|94/100|[from] Sandstorm
|-heal|p2a: Hippowdon|75/100|[from] item: Leftovers
|upkeep
|turn|8
|inactive|BTLT200$ FILO has 120 seconds left.
|j| El Pogo Loco
|j| Wise comedian
|j| DukeStarr
|
|t:|1667850312
|switch|p1a: Moltres|Moltres-Galar|75/100
|move|p2a: Hippowdon|Stealth Rock|p1a: Moltres
|-sidestart|p1: BTLT200$ FILO|move: Stealth Rock
|
|-weather|Sandstorm|[upkeep]
|-damage|p1a: Moltres|69/100|[from] Sandstorm
|-heal|p2a: Hippowdon|81/100|[from] item: Leftovers
|upkeep
|turn|9
|
|t:|1667850325
|switch|p2a: Tapu Koko|Tapu Koko|100/100
|-fieldstart|move: Electric Terrain|[from] ability: Electric Surge|[of] p2a: Tapu Koko
|move|p1a: Moltres|U-turn|p2a: Tapu Koko
|-resisted|p2a: Tapu Koko
|-damage|p2a: Tapu Koko|92/100
|
|t:|1667850327
|switch|p1a: Landorus|Landorus-Therian, M, shiny|85/100|[from]move: U-turn
|-damage|p1a: Landorus|73/100|[from] Stealth Rock
|-ability|p1a: Landorus|Intimidate|boost
|-unboost|p2a: Tapu Koko|atk|1
|
|-weather|Sandstorm|[upkeep]
|-damage|p2a: Tapu Koko|86/100|[from] Sandstorm
|-heal|p1a: Landorus|79/100|[from] item: Leftovers
|upkeep
|turn|10
|inactive|seelbachariot has 120 seconds left.
|
|t:|1667850369
|switch|p2a: Hippowdon|Hippowdon, F|81/100
|move|p1a: Landorus|Defog|p2a: Hippowdon
|-unboost|p2a: Hippowdon|evasion|1
|-sideend|p1: BTLT200$ FILO|Stealth Rock|[from] move: Defog|[of] p1a: Landorus
|-fieldend|move: Electric Terrain
|
|-weather|Sandstorm|[upkeep]
|-heal|p1a: Landorus|85/100|[from] item: Leftovers
|-heal|p2a: Hippowdon|87/100|[from] item: Leftovers
|upkeep
|turn|11
|
|t:|1667850386
|move|p1a: Landorus|U-turn|p2a: Hippowdon
|-damage|p2a: Hippowdon|72/100
|
|t:|1667850387
|switch|p1a: Moltres|Moltres-Galar|69/100|[from]move: U-turn
|move|p2a: Hippowdon|Toxic|p1a: Moltres
|-status|p1a: Moltres|tox
|
|-weather|none
|-heal|p2a: Hippowdon|78/100|[from] item: Leftovers
|-damage|p1a: Moltres|62/100 tox|[from] psn
|upkeep
|turn|12
|
|t:|1667850397
|switch|p2a: Tapu Koko|Tapu Koko|86/100
|-fieldstart|move: Electric Terrain|[from] ability: Electric Surge|[of] p2a: Tapu Koko
|move|p1a: Moltres|U-turn|p2a: Tapu Koko
|-resisted|p2a: Tapu Koko
|-damage|p2a: Tapu Koko|78/100
|
|t:|1667850401
|switch|p1a: Heatran|Heatran, F|100/100|[from]move: U-turn
|
|upkeep
|turn|13
|l| DukeStarr
|inactive|seelbachariot has 120 seconds left.
|
|t:|1667850411
|move|p2a: Tapu Koko|Volt Switch|p1a: Heatran
|-damage|p1a: Heatran|79/100
|inactive|seelbachariot has 120 seconds left.
|
|t:|1667850417
|switch|p2a: Urshifu|Urshifu-Rapid-Strike, F|100/100|[from]move: Volt Switch
|move|p1a: Heatran|Toxic|p2a: Urshifu
|-status|p2a: Urshifu|tox
|
|-heal|p1a: Heatran|85/100|[from] item: Leftovers
|-damage|p2a: Urshifu|94/100 tox|[from] psn
|upkeep
|turn|14
|
|t:|1667850423
|switch|p2a: Hydreigon|Hydreigon, F|100/100
|switch|p1a: Buzzwole|Buzzwole|100/100
|
|upkeep
|turn|15
|
|t:|1667850428
|switch|p1a: Slowking|Slowking-Galar, F|100/100
|move|p2a: Hydreigon|Draco Meteor|p1a: Slowking
|-damage|p1a: Slowking|54/100
|-unboost|p2a: Hydreigon|spa|2
|
|upkeep
|turn|16
|
|t:|1667850437
|switch|p2a: Hippowdon|Hippowdon, F|78/100
|-weather|Sandstorm|[from] ability: Sand Stream|[of] p2a: Hippowdon
|move|p1a: Slowking|Sludge Bomb|p2a: Hippowdon
|-resisted|p2a: Hippowdon
|-damage|p2a: Hippowdon|65/100
|
|-weather|Sandstorm|[upkeep]
|-damage|p1a: Slowking|48/100|[from] Sandstorm
|-heal|p2a: Hippowdon|71/100|[from] item: Leftovers
|-fieldend|move: Electric Terrain
|upkeep
|turn|17
|
|t:|1667850443
|move|p2a: Hippowdon|Stealth Rock|p1a: Slowking
|-sidestart|p1: BTLT200$ FILO|move: Stealth Rock
|move|p1a: Slowking|Scald|p2a: Hippowdon
|-supereffective|p2a: Hippowdon
|-damage|p2a: Hippowdon|35/100
|-status|p2a: Hippowdon|brn
|
|-weather|Sandstorm|[upkeep]
|-damage|p1a: Slowking|42/100|[from] Sandstorm
|-heal|p2a: Hippowdon|41/100 brn|[from] item: Leftovers
|-damage|p2a: Hippowdon|35/100 brn|[from] brn
|upkeep
|turn|18
|
|t:|1667850454
|move|p2a: Hippowdon|Slack Off|p2a: Hippowdon
|-heal|p2a: Hippowdon|85/100 brn
|move|p1a: Slowking|Future Sight|p2a: Hippowdon
|-start|p1a: Slowking|move: Future Sight
|
|-weather|Sandstorm|[upkeep]
|-damage|p1a: Slowking|36/100|[from] Sandstorm
|-heal|p2a: Hippowdon|91/100 brn|[from] item: Leftovers
|-damage|p2a: Hippowdon|85/100 brn|[from] brn
|upkeep
|turn|19
|
|t:|1667850458
|switch|p1a: Landorus|Landorus-Therian, M, shiny|85/100
|-damage|p1a: Landorus|73/100|[from] Stealth Rock
|-ability|p1a: Landorus|Intimidate|boost
|-unboost|p2a: Hippowdon|atk|1
|move|p2a: Hippowdon|Toxic|p1a: Landorus
|-status|p1a: Landorus|tox
|
|-weather|Sandstorm|[upkeep]
|-heal|p1a: Landorus|79/100 tox|[from] item: Leftovers
|-heal|p2a: Hippowdon|91/100 brn|[from] item: Leftovers
|-damage|p1a: Landorus|73/100 tox|[from] psn
|-damage|p2a: Hippowdon|85/100 brn|[from] brn
|upkeep
|turn|20
|
|t:|1667850463
|switch|p2a: Hydreigon|Hydreigon, F|100/100
|move|p1a: Landorus|Defog|p2a: Hydreigon
|-unboost|p2a: Hydreigon|evasion|1
|-sideend|p1: BTLT200$ FILO|Stealth Rock|[from] move: Defog|[of] p1a: Landorus
|
|-weather|none
|-end|p2a: Hydreigon|move: Future Sight
|-immune|p2a: Hydreigon
|-heal|p1a: Landorus|79/100 tox|[from] item: Leftovers
|-damage|p1a: Landorus|67/100 tox|[from] psn
|upkeep
|turn|21
|
|t:|1667850467
|switch|p1a: Moltres|Moltres-Galar|62/100 tox
|move|p2a: Hydreigon|Dark Pulse|p1a: Moltres
|-resisted|p1a: Moltres
|-damage|p1a: Moltres|38/100 tox
|-ability|p1a: Moltres|Berserk|boost
|-boost|p1a: Moltres|spa|1
|
|-damage|p1a: Moltres|32/100 tox|[from] psn
|upkeep
|turn|22
|
|t:|1667850475
|switch|p2a: Tapu Koko|Tapu Koko|78/100
|-fieldstart|move: Electric Terrain|[from] ability: Electric Surge|[of] p2a: Tapu Koko
|move|p1a: Moltres|Hurricane|p2a: Tapu Koko
|-resisted|p2a: Tapu Koko
|-damage|p2a: Tapu Koko|0 fnt
|faint|p2a: Tapu Koko
|
|-damage|p1a: Moltres|20/100 tox|[from] psn
|upkeep
|
|t:|1667850484
|switch|p2a: Hydreigon|Hydreigon, F|100/100
|turn|23
|
|t:|1667850489
|move|p2a: Hydreigon|Dark Pulse|p1a: Moltres
|-resisted|p1a: Moltres
|-damage|p1a: Moltres|0 fnt
|faint|p1a: Moltres
|
|upkeep
|
|t:|1667850494
|switch|p1a: Buzzwole|Buzzwole|100/100
|turn|24
|
|t:|1667850503
|switch|p2a: Corviknight|Corviknight, F|82/100
|-ability|p2a: Corviknight|Pressure
|move|p1a: Buzzwole|Ice Punch|p2a: Corviknight
|-damage|p2a: Corviknight|66/100
|
|upkeep
|turn|25
|
|t:|1667850508
|switch|p1a: Heatran|Heatran, F|85/100
|move|p2a: Corviknight|Roost|p2a: Corviknight
|-heal|p2a: Corviknight|100/100
|-singleturn|p2a: Corviknight|move: Roost
|
|-heal|p1a: Heatran|91/100|[from] item: Leftovers
|upkeep
|turn|26
|
|t:|1667850513
|switch|p2a: Hippowdon|Hippowdon, F|85/100 brn
|-weather|Sandstorm|[from] ability: Sand Stream|[of] p2a: Hippowdon
|move|p1a: Heatran|Stealth Rock|p2a: Hippowdon
|-sidestart|p2: seelbachariot|move: Stealth Rock
|
|-weather|Sandstorm|[upkeep]
|-heal|p1a: Heatran|97/100|[from] item: Leftovers
|-heal|p2a: Hippowdon|91/100 brn|[from] item: Leftovers
|-damage|p2a: Hippowdon|85/100 brn|[from] brn
|-fieldend|move: Electric Terrain
|upkeep
|turn|27
|
|t:|1667850519
|switch|p1a: Kartana|Kartana|100/100
|move|p2a: Hippowdon|Stealth Rock|p1a: Kartana
|-sidestart|p1: BTLT200$ FILO|move: Stealth Rock
|
|-weather|Sandstorm|[upkeep]
|-heal|p2a: Hippowdon|91/100 brn|[from] item: Leftovers
|-damage|p2a: Hippowdon|85/100 brn|[from] brn
|upkeep
|turn|28
|
|t:|1667850533
|switch|p1a: Heatran|Heatran, F|97/100
|-damage|p1a: Heatran|85/100|[from] Stealth Rock
|move|p2a: Hippowdon|Earthquake|p1a: Heatran
|-supereffective|p1a: Heatran
|-damage|p1a: Heatran|24/100
|
|-weather|Sandstorm|[upkeep]
|-heal|p1a: Heatran|30/100|[from] item: Leftovers
|-heal|p2a: Hippowdon|91/100 brn|[from] item: Leftovers
|-damage|p2a: Hippowdon|85/100 brn|[from] brn
|upkeep
|turn|29
|
|t:|1667850543
|switch|p1a: Landorus|Landorus-Therian, M, shiny|67/100 tox
|-damage|p1a: Landorus|54/100 tox|[from] Stealth Rock
|-ability|p1a: Landorus|Intimidate|boost
|-unboost|p2a: Hippowdon|atk|1
|move|p2a: Hippowdon|Toxic|p1a: Landorus
|-fail|p1a: Landorus|tox
|
|-weather|Sandstorm|[upkeep]
|-heal|p1a: Landorus|60/100 tox|[from] item: Leftovers
|-heal|p2a: Hippowdon|91/100 brn|[from] item: Leftovers
|-damage|p1a: Landorus|54/100 tox|[from] psn
|-damage|p2a: Hippowdon|85/100 brn|[from] brn
|upkeep
|turn|30
|
|t:|1667850546
|move|p1a: Landorus|Knock Off|p2a: Hippowdon
|-damage|p2a: Hippowdon|64/100 brn
|-enditem|p2a: Hippowdon|Leftovers|[from] move: Knock Off|[of] p1a: Landorus
|move|p2a: Hippowdon|Slack Off|p2a: Hippowdon
|-heal|p2a: Hippowdon|100/100 brn
|
|-weather|none
|-heal|p1a: Landorus|60/100 tox|[from] item: Leftovers
|-damage|p1a: Landorus|48/100 tox|[from] psn
|-damage|p2a: Hippowdon|94/100 brn|[from] brn
|upkeep
|turn|31
|
|t:|1667850549
|move|p1a: Landorus|U-turn|p2a: Hippowdon
|-damage|p2a: Hippowdon|80/100 brn
|
|t:|1667850552
|switch|p1a: Kartana|Kartana|100/100|[from]move: U-turn
|-damage|p1a: Kartana|94/100|[from] Stealth Rock
|move|p2a: Hippowdon|Stealth Rock||[still]
|-fail|p2a: Hippowdon
|
|-damage|p2a: Hippowdon|74/100 brn|[from] brn
|upkeep
|turn|32
|
|t:|1667850556
|switch|p2a: Corviknight|Corviknight, F|100/100
|-damage|p2a: Corviknight|88/100|[from] Stealth Rock
|-ability|p2a: Corviknight|Pressure
|move|p1a: Kartana|Leaf Blade|p2a: Corviknight
|-resisted|p2a: Corviknight
|-damage|p2a: Corviknight|80/100
|
|upkeep
|turn|33
|
|t:|1667850561
|move|p1a: Kartana|Leaf Blade|p2a: Corviknight
|-resisted|p2a: Corviknight
|-damage|p2a: Corviknight|70/100
|move|p2a: Corviknight|U-turn|p1a: Kartana
|-damage|p1a: Kartana|80/100
|
|t:|1667850567
|switch|p2a: Hydreigon|Hydreigon, F|100/100|[from]move: U-turn
|-damage|p2a: Hydreigon|88/100|[from] Stealth Rock
|
|upkeep
|turn|34
|l| El Pogo Loco
|
|t:|1667850573
|switch|p1a: Landorus|Landorus-Therian, M, shiny|48/100 tox
|-damage|p1a: Landorus|36/100 tox|[from] Stealth Rock
|-ability|p1a: Landorus|Intimidate|boost
|-unboost|p2a: Hydreigon|atk|1
|move|p2a: Hydreigon|Dark Pulse|p1a: Landorus
|-damage|p1a: Landorus|0 fnt
|faint|p1a: Landorus
|
|upkeep
|
|t:|1667850576
|switch|p1a: Buzzwole|Buzzwole|100/100
|-damage|p1a: Buzzwole|88/100|[from] Stealth Rock
|turn|35
|j| maknoi
|
|t:|1667850582
|switch|p2a: Slowking|Slowking-Galar, M|100/100
|-damage|p2a: Slowking|88/100|[from] Stealth Rock
|move|p1a: Buzzwole|Leech Life|p2a: Slowking
|-damage|p2a: Slowking|53/100
|-heal|p1a: Buzzwole|100/100|[from] drain|[of] p2a: Slowking
|
|upkeep
|turn|36
|
|t:|1667850591
|switch|p1a: Heatran|Heatran, F|30/100
|-damage|p1a: Heatran|18/100|[from] Stealth Rock
|switch|p2a: Hippowdon|Hippowdon, F|74/100 brn
|-damage|p2a: Hippowdon|67/100 brn|[from] Stealth Rock
|-weather|Sandstorm|[from] ability: Sand Stream|[of] p2a: Hippowdon
|
|-weather|Sandstorm|[upkeep]
|-heal|p1a: Heatran|24/100|[from] item: Leftovers
|-damage|p2a: Hippowdon|61/100 brn|[from] brn
|upkeep
|turn|37
|
|t:|1667850593
|move|p1a: Heatran|Magma Storm|p2a: Hippowdon|[miss]
|-miss|p1a: Heatran|p2a: Hippowdon
|move|p2a: Hippowdon|Slack Off|p2a: Hippowdon
|-heal|p2a: Hippowdon|100/100 brn
|
|-weather|Sandstorm|[upkeep]
|-heal|p1a: Heatran|30/100|[from] item: Leftovers
|-damage|p2a: Hippowdon|94/100 brn|[from] brn
|upkeep
|turn|38
|
|t:|1667850595
|move|p1a: Heatran|Magma Storm|p2a: Hippowdon|[miss]
|-miss|p1a: Heatran|p2a: Hippowdon
|move|p2a: Hippowdon|Earthquake|p1a: Heatran
|-supereffective|p1a: Heatran
|-damage|p1a: Heatran|0 fnt
|faint|p1a: Heatran
|
|-weather|Sandstorm|[upkeep]
|-damage|p2a: Hippowdon|88/100 brn|[from] brn
|upkeep
|-message|BTLT200$ FILO forfeited.
|
|win|seelbachariot
|raw|BTLT200$ FILO's rating: 1765 &rarr; <strong>1747</strong><br />(-18 for losing)
|raw|seelbachariot's rating: 1799 &rarr; <strong>1817</strong><br />(+18 for winning)
|l|☆BTLT200$ FILO
|c|☆seelbachariot|Gg
|c|☆seelbachariot|Hope the crowd enjoyed
|l| Wise comedian
||Ladder isn't responding, score probably updated but might not have (Request timeout).
