|j|☆PQPP214
|j|☆various artist
|t:|1649673354
|gametype|singles
|player|p1|PQPP214|1|1694
|player|p2|various artist|iris-gen5bw2|1700
|teamsize|p1|6
|teamsize|p2|6
|gen|8
|tier|[Gen 8] OU
|rated|
|rule|Sleep Clause Mod: Limit one foe put to sleep
|rule|Species Clause: Limit one of each Pokémon
|rule|OHKO Clause: OHKO moves are banned
|rule|Evasion Moves Clause: Evasion moves are banned
|rule|Endless Battle Clause: Forcing endless battles is banned
|rule|HP Percentage Mod: HP is shown in percentages
|rule|Dynamax Clause: You cannot dynamax
|clearpoke
|poke|p1|Garchomp, F|
|poke|p1|Blaziken, M|
|poke|p1|Heatran, F|
|poke|p1|Dragapult, F|
|poke|p1|Ninetales-Alola, M|
|poke|p1|Arctozolt|
|poke|p2|Garchomp, F|
|poke|p2|Ferrothorn, M|
|poke|p2|Heatran, F|
|poke|p2|Tapu Fini|
|poke|p2|Weavile, F|
|poke|p2|Aegislash, F|
|teampreview
|j| LT_Alt1
|inactive|Battle timer is ON: inactive players will automatically lose when time's up. (requested by PQPP214)
|
|t:|1649673398
|start
|switch|p1a: Heatran|Heatran, F|100/100
|switch|p2a: Aegislash|Aegislash, F|100/100
|-item|p1a: Heatran|Air Balloon
|turn|1
|
|t:|1649673408
|switch|p2a: Heatran|Heatran, F|100/100
|-item|p2a: Heatran|Air Balloon
|move|p1a: Heatran|Stealth Rock|p2a: Heatran
|-sidestart|p2: various artist|move: Stealth Rock
|
|upkeep
|turn|2
|
|t:|1649673411
|move|p2a: Heatran|Stealth Rock|p1a: Heatran
|-sidestart|p1: PQPP214|move: Stealth Rock
|move|p1a: Heatran|Taunt|p2a: Heatran
|-start|p2a: Heatran|move: Taunt
|
|upkeep
|turn|3
|
|t:|1649673420
|switch|p1a: Garchomp|Garchomp, F|100/100
|-damage|p1a: Garchomp|94/100|[from] Stealth Rock
|move|p2a: Heatran|Earth Power|p1a: Garchomp
|-damage|p1a: Garchomp|60/100
|
|upkeep
|turn|4
|
|t:|1649673428
|move|p1a: Garchomp|Swords Dance|p1a: Garchomp
|-boost|p1a: Garchomp|atk|2
|move|p2a: Heatran|Earth Power|p1a: Garchomp
|-damage|p1a: Garchomp|28/100
|
|upkeep
|turn|5
|
|t:|1649673432
|move|p1a: Garchomp|Aqua Tail|p2a: Heatran
|-supereffective|p2a: Heatran
|-damage|p2a: Heatran|0 fnt
|-enditem|p2a: Heatran|Air Balloon
|faint|p2a: Heatran
|
|upkeep
|c|☆various artist|:')
|c|☆various artist|the 1/10000
|
|t:|1649673456
|switch|p2a: Weavile|Weavile, F|100/100
|-damage|p2a: Weavile|76/100|[from] Stealth Rock
|-ability|p2a: Weavile|Pressure
|turn|6
|
|t:|1649673472
|switch|p1a: Heatran|Heatran, F|100/100
|-damage|p1a: Heatran|88/100|[from] Stealth Rock
|-item|p1a: Heatran|Air Balloon
|move|p2a: Weavile|Knock Off|p1a: Heatran
|-damage|p1a: Heatran|16/100
|-enditem|p1a: Heatran|Air Balloon
|
|upkeep
|turn|7
|
|t:|1649673481
|move|p2a: Weavile|Knock Off|p1a: Heatran
|-damage|p1a: Heatran|0 fnt
|faint|p1a: Heatran
|
|upkeep
|
|t:|1649673491
|switch|p1a: Blaziken|Blaziken, M|100/100
|-damage|p1a: Blaziken|88/100|[from] Stealth Rock
|-item|p1a: Blaziken|Air Balloon
|turn|8
|
|t:|1649673500
|switch|p2a: Tapu Fini|Tapu Fini|100/100
|-damage|p2a: Tapu Fini|88/100|[from] Stealth Rock
|-fieldstart|move: Misty Terrain|[from] ability: Misty Surge|[of] p2a: Tapu Fini
|move|p1a: Blaziken|Swords Dance|p1a: Blaziken
|-boost|p1a: Blaziken|atk|2
|
|-heal|p2a: Tapu Fini|94/100|[from] item: Leftovers
|-ability|p1a: Blaziken|Speed Boost|boost
|-boost|p1a: Blaziken|spe|1
|upkeep
|turn|9
|
|t:|1649673511
|move|p1a: Blaziken|Thunder Punch|p2a: Tapu Fini
|-supereffective|p2a: Tapu Fini
|-damage|p2a: Tapu Fini|9/100
|move|p2a: Tapu Fini|Whirlpool|p1a: Blaziken
|-supereffective|p1a: Blaziken
|-damage|p1a: Blaziken|56/100
|-activate|p1a: Blaziken|move: Whirlpool|[of] p2a: Tapu Fini
|-enditem|p1a: Blaziken|Air Balloon
|
|-heal|p2a: Tapu Fini|15/100|[from] item: Leftovers
|-damage|p1a: Blaziken|43/100|[from] move: Whirlpool|[partiallytrapped]
|-ability|p1a: Blaziken|Speed Boost|boost
|-boost|p1a: Blaziken|spe|1
|upkeep
|turn|10
|
|t:|1649673525
|switch|p2a: Garchomp|Garchomp, F|100/100
|-damage|p2a: Garchomp|94/100|[from] Stealth Rock
|move|p1a: Blaziken|Thunder Punch|p2a: Garchomp
|-immune|p2a: Garchomp
|
|-heal|p2a: Garchomp|100/100|[from] item: Leftovers
|-end|p1a: Blaziken|Whirlpool|[partiallytrapped]|[silent]
|-ability|p1a: Blaziken|Speed Boost|boost
|-boost|p1a: Blaziken|spe|1
|upkeep
|turn|11
|j| Lawic
|
|t:|1649673536
|move|p1a: Blaziken|Close Combat|p2a: Garchomp
|-damage|p2a: Garchomp|0 fnt
|-unboost|p1a: Blaziken|def|1
|-unboost|p1a: Blaziken|spd|1
|-damage|p1a: Blaziken|31/100|[from] ability: Rough Skin|[of] p2a: Garchomp
|faint|p2a: Garchomp
|
|-ability|p1a: Blaziken|Speed Boost|boost
|-boost|p1a: Blaziken|spe|1
|upkeep
|c| LT_Alt1|chicken on a balloon about to sweep the whole team
|
|t:|1649673541
|switch|p2a: Weavile|Weavile, F|76/100
|-damage|p2a: Weavile|51/100|[from] Stealth Rock
|-ability|p2a: Weavile|Pressure
|turn|12
|c| LT_Alt1|nah ice shard probably kills
|
|t:|1649673551
|move|p2a: Weavile|Ice Shard|p1a: Blaziken
|-resisted|p1a: Blaziken
|-damage|p1a: Blaziken|0 fnt
|faint|p1a: Blaziken
|
|-fieldend|Misty Terrain
|upkeep
|c|☆various artist|you got high roll on cc no?
|
|t:|1649673560
|switch|p1a: Dragapult|Dragapult, F|100/100
|-damage|p1a: Dragapult|88/100|[from] Stealth Rock
|turn|13
|c|☆various artist|blaz without lo dont ohko i thing
|
|t:|1649673583
|move|p2a: Weavile|Ice Shard|p1a: Dragapult
|-supereffective|p1a: Dragapult
|-damage|p1a: Dragapult|12/100
|move|p1a: Dragapult|U-turn|p2a: Weavile
|-supereffective|p2a: Weavile
|-damage|p2a: Weavile|0 fnt
|faint|p2a: Weavile
|
|t:|1649673595
|switch|p1a: Ninetales|Ninetales-Alola, M|100/100|[from]move: U-turn
|-damage|p1a: Ninetales|76/100|[from] Stealth Rock
|-weather|Hail|[from] ability: Snow Warning|[of] p1a: Ninetales
|
|-weather|Hail|[upkeep]
|upkeep
|
|t:|1649673607
|switch|p2a: Ferrothorn|Ferrothorn, M|100/100
|-damage|p2a: Ferrothorn|94/100|[from] Stealth Rock
|turn|14
|
|t:|1649673613
|move|p1a: Ninetales|Hypnosis|p2a: Ferrothorn
|-status|p2a: Ferrothorn|slp|[from] move: Hypnosis
|cant|p2a: Ferrothorn|slp
|
|-weather|Hail|[upkeep]
|-damage|p2a: Ferrothorn|88/100 slp|[from] Hail
|upkeep
|turn|15
|c|☆various artist|yey
|l|☆PQPP214
|inactive|PQPP214 disconnected and has a minute to reconnect!
|player|p1|
|j|☆PQPP214
|inactive|PQPP214 reconnected and has 130 seconds left.
|player|p1|PQPP214|1
|inactive|PQPP214 has 120 seconds left.
|
|t:|1649673646
|switch|p1a: Arctozolt|Arctozolt|100/100
|-curestatus|p2a: Ferrothorn|slp|[msg]
|move|p2a: Ferrothorn|Spikes|p1a: Arctozolt
|-sidestart|p1: PQPP214|Spikes
|
|-weather|Hail|[upkeep]
|-damage|p2a: Ferrothorn|82/100|[from] Hail
|upkeep
|turn|16
|
|t:|1649673656
|move|p1a: Arctozolt|Blizzard|p2a: Ferrothorn
|-damage|p2a: Ferrothorn|52/100
|move|p2a: Ferrothorn|Knock Off|p1a: Arctozolt
|-damage|p1a: Arctozolt|76/100
|-enditem|p1a: Arctozolt|Heavy-Duty Boots|[from] move: Knock Off|[of] p2a: Ferrothorn
|
|-weather|Hail|[upkeep]
|-damage|p2a: Ferrothorn|46/100|[from] Hail
|upkeep
|turn|17
|j| iwon09
|
|t:|1649673662
|move|p1a: Arctozolt|Blizzard|p2a: Ferrothorn
|-damage|p2a: Ferrothorn|14/100
|move|p2a: Ferrothorn|Leech Seed|p1a: Arctozolt
|-start|p1a: Arctozolt|move: Leech Seed
|
|-weather|Hail|[upkeep]
|-damage|p2a: Ferrothorn|8/100|[from] Hail
|-damage|p1a: Arctozolt|64/100|[from] Leech Seed|[of] p2a: Ferrothorn
|-heal|p2a: Ferrothorn|20/100|[silent]
|upkeep
|turn|18
|
|t:|1649673670
|switch|p2a: Aegislash|Aegislash, F|100/100
|-damage|p2a: Aegislash|94/100|[from] Stealth Rock
|move|p1a: Arctozolt|Blizzard|p2a: Aegislash
|-resisted|p2a: Aegislash
|-damage|p2a: Aegislash|84/100
|
|-weather|Hail|[upkeep]
|-damage|p2a: Aegislash|78/100|[from] Hail
|-heal|p2a: Aegislash|84/100|[from] item: Leftovers
|-damage|p1a: Arctozolt|51/100|[from] Leech Seed|[of] p2a: Aegislash
|-heal|p2a: Aegislash|96/100|[silent]
|upkeep
|turn|19
|
|t:|1649673681
|switch|p1a: Dragapult|Dragapult, F|12/100
|-damage|p1a: Dragapult|0 fnt|[from] Spikes
|faint|p1a: Dragapult
|move|p2a: Aegislash|King's Shield||[still]
|-fail|p2a: Aegislash
|
|-weather|Hail|[upkeep]
|-damage|p2a: Aegislash|90/100|[from] Hail
|-heal|p2a: Aegislash|96/100|[from] item: Leftovers
|upkeep
|j| a43.4oe6yu798crsss
|
|t:|1649673693
|switch|p1a: Arctozolt|Arctozolt|51/100
|-damage|p1a: Arctozolt|26/100|[from] Stealth Rock
|-damage|p1a: Arctozolt|14/100|[from] Spikes
|turn|20
|
|t:|1649673697
|move|p2a: Aegislash|King's Shield|p2a: Aegislash
|-singleturn|p2a: Aegislash|Protect
|move|p1a: Arctozolt|Bolt Beak|p2a: Aegislash
|-activate|p2a: Aegislash|move: Protect
|-unboost|p1a: Arctozolt|atk|1
|
|-weather|none
|-heal|p2a: Aegislash|100/100|[from] item: Leftovers
|upkeep
|turn|21
|j| disliked
|l| iwon09
|inactive|various artist has 120 seconds left.
|
|t:|1649673735
|switch|p2a: Ferrothorn|Ferrothorn, M|20/100
|-damage|p2a: Ferrothorn|13/100|[from] Stealth Rock
|move|p1a: Arctozolt|Bolt Beak|p2a: Ferrothorn
|-resisted|p2a: Ferrothorn
|-damage|p2a: Ferrothorn|0 fnt
|-damage|p1a: Arctozolt|1/100|[from] ability: Iron Barbs|[of] p2a: Ferrothorn
|-damage|p1a: Arctozolt|0 fnt|[from] item: Rocky Helmet|[of] p2a: Ferrothorn
|faint|p2a: Ferrothorn
|faint|p1a: Arctozolt
|
|upkeep
|l| Lawic
|inactive|various artist has 120 seconds left.
|j| Idisjsjsuwsu
|
|t:|1649673756
|switch|p1a: Garchomp|Garchomp, F|28/100
|switch|p2a: Tapu Fini|Tapu Fini|15/100
|-damage|p1a: Garchomp|16/100|[from] Spikes
|-damage|p1a: Garchomp|9/100|[from] Stealth Rock
|-damage|p2a: Tapu Fini|3/100|[from] Stealth Rock
|-fieldstart|move: Misty Terrain|[from] ability: Misty Surge|[of] p2a: Tapu Fini
|turn|22
|
|t:|1649673760
|move|p1a: Garchomp|Earthquake|p2a: Tapu Fini
|-damage|p2a: Tapu Fini|0 fnt
|faint|p2a: Tapu Fini
|
|upkeep
|
|t:|1649673763
|switch|p2a: Aegislash|Aegislash, F|100/100
|-damage|p2a: Aegislash|94/100|[from] Stealth Rock
|turn|23
|
|t:|1649673766
|move|p1a: Garchomp|Earthquake|p2a: Aegislash
|-supereffective|p2a: Aegislash
|-damage|p2a: Aegislash|17/100
|-formechange|p2a: Aegislash|Aegislash-Blade||[from] ability: Stance Change
|move|p2a: Aegislash|Shadow Ball|p1a: Garchomp
|-damage|p1a: Garchomp|0 fnt
|faint|p1a: Garchomp
|
|-heal|p2a: Aegislash|23/100|[from] item: Leftovers
|upkeep
|
|t:|1649673773
|switch|p1a: Ninetales|Ninetales-Alola, M|76/100
|-damage|p1a: Ninetales|51/100|[from] Stealth Rock
|-damage|p1a: Ninetales|38/100|[from] Spikes
|-weather|Hail|[from] ability: Snow Warning|[of] p1a: Ninetales
|turn|24
|
|t:|1649673778
|-formechange|p2a: Aegislash|Aegislash||[from] ability: Stance Change
|move|p2a: Aegislash|King's Shield|p2a: Aegislash
|-singleturn|p2a: Aegislash|Protect
|move|p1a: Ninetales|Freeze-Dry|p2a: Aegislash
|-activate|p2a: Aegislash|move: Protect
|
|-weather|Hail|[upkeep]
|-damage|p2a: Aegislash|17/100|[from] Hail
|-heal|p2a: Aegislash|23/100|[from] item: Leftovers
|upkeep
|turn|25
|
|t:|1649673781
|move|p1a: Ninetales|Encore|p2a: Aegislash
|-start|p2a: Aegislash|Encore
|move|p2a: Aegislash|King's Shield||[still]
|-fail|p2a: Aegislash
|
|-weather|Hail|[upkeep]
|-damage|p2a: Aegislash|17/100|[from] Hail
|-heal|p2a: Aegislash|23/100|[from] item: Leftovers
|upkeep
|turn|26
|
|t:|1649673789
|move|p2a: Aegislash|King's Shield|p2a: Aegislash
|-singleturn|p2a: Aegislash|Protect
|move|p1a: Ninetales|Freeze-Dry|p2a: Aegislash
|-activate|p2a: Aegislash|move: Protect
|
|-weather|Hail|[upkeep]
|-damage|p2a: Aegislash|17/100|[from] Hail
|-heal|p2a: Aegislash|23/100|[from] item: Leftovers
|-fieldend|Misty Terrain
|upkeep
|turn|27
|
|t:|1649673792
|move|p2a: Aegislash|King's Shield||[still]
|-fail|p2a: Aegislash
|move|p1a: Ninetales|Freeze-Dry|p2a: Aegislash
|-resisted|p2a: Aegislash
|-damage|p2a: Aegislash|16/100
|
|-weather|Hail|[upkeep]
|-damage|p2a: Aegislash|10/100|[from] Hail
|-heal|p2a: Aegislash|16/100|[from] item: Leftovers
|-end|p2a: Aegislash|Encore
|upkeep
|turn|28
|
|t:|1649673800
|move|p1a: Ninetales|Encore|p2a: Aegislash
|-start|p2a: Aegislash|Encore
|move|p2a: Aegislash|King's Shield||[still]
|-fail|p2a: Aegislash
|
|-weather|Hail|[upkeep]
|-damage|p2a: Aegislash|10/100|[from] Hail
|-heal|p2a: Aegislash|16/100|[from] item: Leftovers
|upkeep
|turn|29
|
|t:|1649673805
|move|p2a: Aegislash|King's Shield|p2a: Aegislash
|-singleturn|p2a: Aegislash|Protect
|move|p1a: Ninetales|Freeze-Dry|p2a: Aegislash
|-activate|p2a: Aegislash|move: Protect
|
|-weather|Hail|[upkeep]
|-damage|p2a: Aegislash|10/100|[from] Hail
|-heal|p2a: Aegislash|16/100|[from] item: Leftovers
|upkeep
|turn|30
|
|t:|1649673810
|move|p2a: Aegislash|King's Shield||[still]
|-fail|p2a: Aegislash
|move|p1a: Ninetales|Freeze-Dry|p2a: Aegislash
|-resisted|p2a: Aegislash
|-damage|p2a: Aegislash|11/100
|
|-weather|Hail|[upkeep]
|-damage|p2a: Aegislash|5/100|[from] Hail
|-heal|p2a: Aegislash|11/100|[from] item: Leftovers
|-end|p2a: Aegislash|Encore
|upkeep
|turn|31
|
|t:|1649673815
|move|p1a: Ninetales|Encore|p2a: Aegislash
|-start|p2a: Aegislash|Encore
|move|p2a: Aegislash|King's Shield||[still]
|-fail|p2a: Aegislash
|
|-weather|none
|-heal|p2a: Aegislash|17/100|[from] item: Leftovers
|upkeep
|turn|32
|
|t:|1649673824
|move|p2a: Aegislash|King's Shield|p2a: Aegislash
|-singleturn|p2a: Aegislash|Protect
|move|p1a: Ninetales|Freeze-Dry|p2a: Aegislash
|-activate|p2a: Aegislash|move: Protect
|
|-heal|p2a: Aegislash|23/100|[from] item: Leftovers
|upkeep
|turn|33
|
|t:|1649673828
|move|p2a: Aegislash|King's Shield||[still]
|-fail|p2a: Aegislash
|move|p1a: Ninetales|Hypnosis|p2a: Aegislash
|-status|p2a: Aegislash|slp|[from] move: Hypnosis
|
|-heal|p2a: Aegislash|29/100 slp|[from] item: Leftovers
|-end|p2a: Aegislash|Encore
|upkeep
|turn|34
|
|t:|1649673837
|move|p1a: Ninetales|Freeze-Dry|p2a: Aegislash
|-resisted|p2a: Aegislash
|-damage|p2a: Aegislash|23/100 slp
|cant|p2a: Aegislash|slp
|
|-heal|p2a: Aegislash|29/100 slp|[from] item: Leftovers
|upkeep
|turn|35
|
|t:|1649673845
|move|p1a: Ninetales|Hypnosis|p2a: Aegislash|[miss]
|-miss|p1a: Ninetales|p2a: Aegislash
|cant|p2a: Aegislash|slp
|
|-heal|p2a: Aegislash|35/100 slp|[from] item: Leftovers
|upkeep
|turn|36
|
|t:|1649673848
|move|p1a: Ninetales|Hypnosis|p2a: Aegislash
|-fail|p2a: Aegislash|slp
|-curestatus|p2a: Aegislash|slp|[msg]
|-formechange|p2a: Aegislash|Aegislash-Blade||[from] ability: Stance Change
|move|p2a: Aegislash|Shadow Ball|p1a: Ninetales
|-damage|p1a: Ninetales|4/100
|
|-heal|p2a: Aegislash|42/100|[from] item: Leftovers
|upkeep
|turn|37
|-message|PQPP214 forfeited.
|
|win|various artist
|raw|PQPP214's rating: 1694 &rarr; <strong>1674</strong><br />(-20 for losing)
|raw|various artist's rating: 1700 &rarr; <strong>1720</strong><br />(+20 for winning)
|l|☆PQPP214
|l|☆various artist
