|j|☆lebanesestinker
|j|☆LetsStallForever
|player|p1|lebanesestinker|policeman|1515
|player|p2|LetsStallForever|cynthia|1434
|teamsize|p1|6
|teamsize|p2|6
|gametype|singles
|gen|8
|tier|[Gen 8] OU
|rated|
|html|<div class="broadcast-blue"><strong>OU is currently suspecting Dracovish! For information on how to participate check out the <a href="https://www.smogon.com/forums/threads/3664521/">suspect thread</a>.</strong></div>
|clearpoke
|poke|p1|Slurpuff, M|
|poke|p1|Kommo-o, M|
|poke|p1|Cloyster, F|
|poke|p1|Grimmsnarl, M|
|poke|p1|Ditto|
|poke|p1|Polteageist|
|poke|p2|Quagsire, M|
|poke|p2|Mew|
|poke|p2|Toxapex, F|
|poke|p2|Clefable, F|
|poke|p2|Corviknight, M|
|poke|p2|Reuniclus, M|
|rule|Sleep Clause Mod: Limit one foe put to sleep
|rule|Species Clause: Limit one of each Pokémon
|rule|OHKO Clause: OHKO moves are banned
|rule|Evasion Moves Clause: Evasion moves are banned
|rule|Endless Battle Clause: Forcing endless battles is banned
|rule|HP Percentage Mod: HP is shown in percentages
|rule|Dynamax Clause: You cannot dynamax
|teampreview
|inactive|Battle timer is ON: inactive players will automatically lose when time's up. (requested by lebanesestinker)
|inactive|LetsStallForever has 120 seconds left.
|inactive|LetsStallForever has 90 seconds left.
|
|start
|switch|p1a: Grimmsnarl|Grimmsnarl, M|100/100
|switch|p2a: Toxapex|Toxapex, F|100/100
|turn|1
|
|move|p1a: Grimmsnarl|Taunt|p2a: Toxapex
|-start|p2a: Toxapex|move: Taunt
|move|p2a: Toxapex|Knock Off|p1a: Grimmsnarl
|-resisted|p1a: Grimmsnarl
|-damage|p1a: Grimmsnarl|96/100
|-enditem|p1a: Grimmsnarl|Light Clay|[from] move: Knock Off|[of] p2a: Toxapex
|
|upkeep
|turn|2
|
|move|p1a: Grimmsnarl|Light Screen|p1a: Grimmsnarl
|-sidestart|p1: lebanesestinker|move: Light Screen
|move|p2a: Toxapex|Knock Off|p1a: Grimmsnarl
|-resisted|p1a: Grimmsnarl
|-damage|p1a: Grimmsnarl|93/100
|
|upkeep
|turn|3
|
|move|p1a: Grimmsnarl|Reflect|p1a: Grimmsnarl
|-sidestart|p1: lebanesestinker|Reflect
|move|p2a: Toxapex|Knock Off|p1a: Grimmsnarl
|-resisted|p1a: Grimmsnarl
|-damage|p1a: Grimmsnarl|91/100
|
|-end|p2a: Toxapex|move: Taunt
|upkeep
|turn|4
|
|move|p1a: Grimmsnarl|Taunt|p2a: Toxapex
|-start|p2a: Toxapex|move: Taunt
|move|p2a: Toxapex|Knock Off|p1a: Grimmsnarl
|-resisted|p1a: Grimmsnarl
|-damage|p1a: Grimmsnarl|90/100
|
|upkeep
|turn|5
|
|switch|p1a: Ditto|Ditto|100/100
|-transform|p1a: Ditto|p2a: Toxapex|[from] ability: Imposter
|switch|p2a: Clefable|Clefable, F|100/100
|
|upkeep
|turn|6
|
|switch|p2a: Mew|Mew|100/100
|move|p1a: Ditto|Knock Off|p2a: Mew
|-supereffective|p2a: Mew
|-enditem|p2a: Mew|Colbur Berry|[eat]
|-enditem|p2a: Mew|Colbur Berry|[weaken]
|-damage|p2a: Mew|90/100
|
|-sideend|p1: lebanesestinker|move: Light Screen
|upkeep
|turn|7
|
|switch|p1a: Grimmsnarl|Grimmsnarl, M|90/100
|move|p2a: Mew|Will-O-Wisp|p1a: Grimmsnarl
|-status|p1a: Grimmsnarl|brn
|
|-damage|p1a: Grimmsnarl|83/100 brn|[from] brn
|-sideend|p1: lebanesestinker|Reflect
|upkeep
|turn|8
|
|move|p1a: Grimmsnarl|Taunt|p2a: Mew
|-start|p2a: Mew|move: Taunt
|cant|p2a: Mew|move: Taunt|Defog
|
|-damage|p1a: Grimmsnarl|77/100 brn|[from] brn
|upkeep
|turn|9
|
|switch|p2a: Corviknight|Corviknight, M|100/100
|-ability|p2a: Corviknight|Pressure
|move|p1a: Grimmsnarl|Light Screen|p1a: Grimmsnarl
|-sidestart|p1: lebanesestinker|move: Light Screen
|
|-damage|p1a: Grimmsnarl|71/100 brn|[from] brn
|upkeep
|turn|10
|inactive|LetsStallForever has 120 seconds left.
|
|switch|p2a: Clefable|Clefable, F|100/100
|move|p1a: Grimmsnarl|Taunt|p2a: Clefable
|-start|p2a: Clefable|move: Taunt
|
|-damage|p1a: Grimmsnarl|65/100 brn|[from] brn
|upkeep
|turn|11
|
|move|p1a: Grimmsnarl|Spirit Break|p2a: Clefable
|-damage|p2a: Clefable|85/100
|-unboost|p2a: Clefable|spa|1
|move|p2a: Clefable|Moonblast|p1a: Grimmsnarl
|-supereffective|p1a: Grimmsnarl
|-crit|p1a: Grimmsnarl
|-damage|p1a: Grimmsnarl|0 fnt
|faint|p1a: Grimmsnarl
|
|-heal|p2a: Clefable|91/100|[from] item: Leftovers
|upkeep
|
|switch|p1a: Polteageist|Polteageist|100/100
|turn|12
|inactive|LetsStallForever has 90 seconds left.
|j| Skypenguin
|inactive|LetsStallForever has 60 seconds left.
|l| Skypenguin
|inactive|LetsStallForever has 30 seconds left.
|
|switch|p2a: Quagsire|Quagsire, M|100/100
|move|p1a: Polteageist|Shell Smash|p1a: Polteageist
|-unboost|p1a: Polteageist|def|1
|-unboost|p1a: Polteageist|spd|1
|-boost|p1a: Polteageist|atk|2
|-boost|p1a: Polteageist|spa|2
|-boost|p1a: Polteageist|spe|2
|
|upkeep
|turn|13
|
|move|p1a: Polteageist|Giga Drain|p2a: Quagsire
|-supereffective|p2a: Quagsire
|-damage|p2a: Quagsire|0 fnt
|faint|p2a: Quagsire
|
|-sideend|p1: lebanesestinker|move: Light Screen
|upkeep
|
|switch|p2a: Clefable|Clefable, F|91/100
|turn|14
|j| Ash vs mew
|
|move|p1a: Polteageist|Shadow Ball|p2a: Clefable
|-damage|p2a: Clefable|61/100
|move|p2a: Clefable|Moonblast|p1a: Polteageist
|-damage|p1a: Polteageist|62/100
|
|-heal|p2a: Clefable|67/100|[from] item: Leftovers
|upkeep
|turn|15
|inactive|LetsStallForever has 60 seconds left.
|
|move|p1a: Polteageist|Shell Smash|p1a: Polteageist
|-unboost|p1a: Polteageist|def|1
|-unboost|p1a: Polteageist|spd|1
|-boost|p1a: Polteageist|atk|2
|-boost|p1a: Polteageist|spa|2
|-boost|p1a: Polteageist|spe|2
|move|p2a: Clefable|Moonblast|p1a: Polteageist
|-damage|p1a: Polteageist|24/100
|-unboost|p1a: Polteageist|spa|1
|
|-heal|p2a: Clefable|73/100|[from] item: Leftovers
|upkeep
|turn|16
|
|move|p1a: Polteageist|Stored Power|p2a: Clefable
|-damage|p2a: Clefable|16/100
|move|p2a: Clefable|Moonblast|p1a: Polteageist
|-damage|p1a: Polteageist|0 fnt
|faint|p1a: Polteageist
|
|-heal|p2a: Clefable|22/100|[from] item: Leftovers
|upkeep
|l| Ash vs mew
|
|switch|p1a: Cloyster|Cloyster, F|100/100
|turn|17
|
|switch|p2a: Toxapex|Toxapex, F|100/100
|move|p1a: Cloyster|Icicle Spear|p2a: Toxapex
|-resisted|p2a: Toxapex
|-crit|p2a: Toxapex
|-damage|p2a: Toxapex|95/100
|-resisted|p2a: Toxapex
|-damage|p2a: Toxapex|91/100
|-resisted|p2a: Toxapex
|-damage|p2a: Toxapex|87/100
|-resisted|p2a: Toxapex
|-damage|p2a: Toxapex|83/100
|-resisted|p2a: Toxapex
|-damage|p2a: Toxapex|79/100
|-hitcount|p2a: Toxapex|5
|
|-heal|p2a: Toxapex|86/100|[from] item: Black Sludge
|upkeep
|turn|18
|
|switch|p1a: Ditto|Ditto|100/100
|-transform|p1a: Ditto|p2a: Toxapex|[from] ability: Imposter
|move|p2a: Toxapex|Knock Off|p1a: Ditto
|-damage|p1a: Ditto|91/100
|-enditem|p1a: Ditto|Choice Scarf|[from] move: Knock Off|[of] p2a: Toxapex
|
|-heal|p2a: Toxapex|92/100|[from] item: Black Sludge
|upkeep
|turn|19
|
|switch|p2a: Clefable|Clefable, F|22/100
|move|p1a: Ditto|Knock Off|p2a: Clefable
|-resisted|p2a: Clefable
|-damage|p2a: Clefable|14/100
|-enditem|p2a: Clefable|Leftovers|[from] move: Knock Off|[of] p1a: Ditto
|
|upkeep
|turn|20
|
|switch|p1a: Cloyster|Cloyster, F|100/100
|move|p2a: Clefable|Wish|p2a: Clefable
|
|upkeep
|turn|21
|inactive|LetsStallForever has 120 seconds left.
|
|move|p1a: Cloyster|Shell Smash|p1a: Cloyster
|-unboost|p1a: Cloyster|def|1
|-unboost|p1a: Cloyster|spd|1
|-boost|p1a: Cloyster|atk|2
|-boost|p1a: Cloyster|spa|2
|-boost|p1a: Cloyster|spe|2
|move|p2a: Clefable|Moonblast|p1a: Cloyster
|-damage|p1a: Cloyster|14/100
|-unboost|p1a: Cloyster|spa|1
|
|-heal|p2a: Clefable|64/100|[from] move: Wish|[wisher] Clefable
|upkeep
|turn|22
|
|move|p1a: Cloyster|Icicle Spear|p2a: Clefable
|-damage|p2a: Clefable|52/100
|-damage|p2a: Clefable|39/100
|-damage|p2a: Clefable|27/100
|-damage|p2a: Clefable|14/100
|-damage|p2a: Clefable|1/100
|-hitcount|p2a: Clefable|5
|cant|p2a: Clefable|flinch
|
|upkeep
|turn|23
|
|move|p1a: Cloyster|Icicle Spear|p2a: Clefable
|-damage|p2a: Clefable|0 fnt
|-hitcount|p2a: Clefable|1
|faint|p2a: Clefable
|
|upkeep
|
|switch|p2a: Toxapex|Toxapex, F|100/100
|turn|24
|
|move|p1a: Cloyster|Rock Blast|p2a: Toxapex
|-damage|p2a: Toxapex|91/100
|-damage|p2a: Toxapex|81/100
|-damage|p2a: Toxapex|71/100
|-damage|p2a: Toxapex|62/100
|-crit|p2a: Toxapex
|-damage|p2a: Toxapex|47/100
|-hitcount|p2a: Toxapex|5
|move|p2a: Toxapex|Haze|p2a: Toxapex
|-clearallboost
|
|-heal|p2a: Toxapex|53/100|[from] item: Black Sludge
|upkeep
|turn|25
|
|move|p1a: Cloyster|Rock Blast|p2a: Toxapex
|-damage|p2a: Toxapex|48/100
|-damage|p2a: Toxapex|44/100
|-damage|p2a: Toxapex|39/100
|-damage|p2a: Toxapex|34/100
|-damage|p2a: Toxapex|29/100
|-hitcount|p2a: Toxapex|5
|cant|p2a: Toxapex|flinch
|
|-heal|p2a: Toxapex|35/100|[from] item: Black Sludge
|upkeep
|turn|26
|
|switch|p2a: Corviknight|Corviknight, M|100/100
|-ability|p2a: Corviknight|Pressure
|move|p1a: Cloyster|Rock Blast|p2a: Corviknight
|-damage|p2a: Corviknight|96/100
|-crit|p2a: Corviknight
|-damage|p2a: Corviknight|88/100
|-damage|p2a: Corviknight|83/100
|-damage|p2a: Corviknight|78/100
|-damage|p2a: Corviknight|73/100
|-hitcount|p2a: Corviknight|5
|
|-heal|p2a: Corviknight|79/100|[from] item: Leftovers
|upkeep
|turn|27
|
|move|p1a: Cloyster|Icicle Spear|p2a: Corviknight
|-damage|p2a: Corviknight|73/100
|-damage|p2a: Corviknight|66/100
|-damage|p2a: Corviknight|59/100
|-damage|p2a: Corviknight|51/100
|-damage|p2a: Corviknight|42/100
|-hitcount|p2a: Corviknight|5
|move|p2a: Corviknight|Iron Defense|p2a: Corviknight
|-boost|p2a: Corviknight|def|2
|
|-heal|p2a: Corviknight|49/100|[from] item: Leftovers
|upkeep
|turn|28
|
|move|p1a: Cloyster|Icicle Spear|p2a: Corviknight
|-damage|p2a: Corviknight|45/100
|-damage|p2a: Corviknight|41/100
|-damage|p2a: Corviknight|37/100
|-damage|p2a: Corviknight|33/100
|-damage|p2a: Corviknight|29/100
|-hitcount|p2a: Corviknight|5
|move|p2a: Corviknight|Roost|p2a: Corviknight
|-heal|p2a: Corviknight|79/100
|-singleturn|p2a: Corviknight|move: Roost
|
|-heal|p2a: Corviknight|86/100|[from] item: Leftovers
|upkeep
|turn|29
|
|move|p1a: Cloyster|Shell Smash|p1a: Cloyster
|-unboost|p1a: Cloyster|def|1
|-unboost|p1a: Cloyster|spd|1
|-boost|p1a: Cloyster|atk|2
|-boost|p1a: Cloyster|spa|2
|-boost|p1a: Cloyster|spe|2
|move|p2a: Corviknight|Iron Defense|p2a: Corviknight
|-boost|p2a: Corviknight|def|2
|
|-heal|p2a: Corviknight|92/100|[from] item: Leftovers
|upkeep
|turn|30
|
|move|p1a: Cloyster|Icicle Spear|p2a: Corviknight
|-damage|p2a: Corviknight|87/100
|-damage|p2a: Corviknight|82/100
|-damage|p2a: Corviknight|77/100
|-damage|p2a: Corviknight|72/100
|-damage|p2a: Corviknight|67/100
|-hitcount|p2a: Corviknight|5
|cant|p2a: Corviknight|flinch
|
|-heal|p2a: Corviknight|73/100|[from] item: Leftovers
|upkeep
|turn|31
|
|move|p1a: Cloyster|Icicle Spear|p2a: Corviknight
|-damage|p2a: Corviknight|68/100
|-damage|p2a: Corviknight|64/100
|-damage|p2a: Corviknight|59/100
|-damage|p2a: Corviknight|54/100
|-damage|p2a: Corviknight|49/100
|-hitcount|p2a: Corviknight|5
|move|p2a: Corviknight|Roost|p2a: Corviknight
|-heal|p2a: Corviknight|99/100
|-singleturn|p2a: Corviknight|move: Roost
|
|-heal|p2a: Corviknight|100/100|[from] item: Leftovers
|upkeep
|turn|32
|
|move|p1a: Cloyster|Icicle Spear|p2a: Corviknight
|-damage|p2a: Corviknight|95/100
|-damage|p2a: Corviknight|90/100
|-damage|p2a: Corviknight|85/100
|-damage|p2a: Corviknight|80/100
|-damage|p2a: Corviknight|75/100
|-hitcount|p2a: Corviknight|5
|move|p2a: Corviknight|Iron Defense|p2a: Corviknight
|-boost|p2a: Corviknight|def|2
|
|-heal|p2a: Corviknight|81/100|[from] item: Leftovers
|upkeep
|turn|33
|
|move|p1a: Cloyster|Shell Smash|p1a: Cloyster
|-unboost|p1a: Cloyster|def|1
|-unboost|p1a: Cloyster|spd|1
|-boost|p1a: Cloyster|atk|2
|-boost|p1a: Cloyster|spa|2
|-boost|p1a: Cloyster|spe|2
|move|p2a: Corviknight|Roost|p2a: Corviknight
|-heal|p2a: Corviknight|100/100
|-singleturn|p2a: Corviknight|move: Roost
|
|upkeep
|turn|34
|
|move|p1a: Cloyster|Icicle Spear|p2a: Corviknight
|-damage|p2a: Corviknight|95/100
|-damage|p2a: Corviknight|89/100
|-damage|p2a: Corviknight|83/100
|-damage|p2a: Corviknight|77/100
|-damage|p2a: Corviknight|71/100
|-hitcount|p2a: Corviknight|5
|move|p2a: Corviknight|Body Press|p1a: Cloyster
|-supereffective|p1a: Cloyster
|-damage|p1a: Cloyster|0 fnt
|faint|p1a: Cloyster
|
|-heal|p2a: Corviknight|77/100|[from] item: Leftovers
|upkeep
|
|switch|p1a: Slurpuff|Slurpuff, M|100/100
|turn|35
|
|move|p1a: Slurpuff|Belly Drum|p1a: Slurpuff
|-damage|p1a: Slurpuff|50/100
|-setboost|p1a: Slurpuff|atk|6|[from] move: Belly Drum
|-enditem|p1a: Slurpuff|Sitrus Berry|[eat]
|-heal|p1a: Slurpuff|75/100|[from] item: Sitrus Berry
|move|p2a: Corviknight|Body Press|p1a: Slurpuff
|-resisted|p1a: Slurpuff
|-damage|p1a: Slurpuff|11/100
|
|-heal|p2a: Corviknight|84/100|[from] item: Leftovers
|upkeep
|turn|36
|
|move|p1a: Slurpuff|Drain Punch|p2a: Corviknight
|-damage|p2a: Corviknight|71/100
|-heal|p1a: Slurpuff|19/100|[from] drain|[of] p2a: Corviknight
|move|p2a: Corviknight|Body Press|p1a: Slurpuff
|-resisted|p1a: Slurpuff
|-damage|p1a: Slurpuff|0 fnt
|faint|p1a: Slurpuff
|
|-heal|p2a: Corviknight|78/100|[from] item: Leftovers
|upkeep
|-message|lebanesestinker forfeited.
|
|win|LetsStallForever
|l|☆lebanesestinker
|raw|lebanesestinker's rating: 1496 &rarr; <strong>1472</strong><br />(-24 for losing)
|raw|LetsStallForever's rating: 1434 &rarr; <strong>1457</strong><br />(+23 for winning)
