|j|☆SupaTerrestrial
|j|☆early_human
|t:|1634094981
|gametype|singles
|player|p1|SupaTerrestrial|buck|1752
|player|p2|early_human|dancer|1616
|teamsize|p1|6
|teamsize|p2|6
|gen|8
|tier|[Gen 8] OU
|rated|
|rule|Sleep Clause Mod: Limit one foe put to sleep
|rule|Species Clause: Limit one of each Pokémon
|rule|OHKO Clause: OHKO moves are banned
|rule|Evasion Moves Clause: Evasion moves are banned
|rule|Endless Battle Clause: Forcing endless battles is banned
|rule|HP Percentage Mod: HP is shown in percentages
|rule|Dynamax Clause: You cannot dynamax
|clearpoke
|poke|p1|Blaziken, F|
|poke|p1|Swampert, F|
|poke|p1|Corviknight, M|
|poke|p1|Tapu Koko|
|poke|p1|Dragapult, M|
|poke|p1|Slowking-Galar, M|
|poke|p2|Moltres-Galar|
|poke|p2|Aegislash, M|
|poke|p2|Buzzwole|
|poke|p2|Latios, M|
|poke|p2|Landorus-Therian, M|
|poke|p2|Bisharp, F|
|teampreview
|
|t:|1634095031
|start
|switch|p1a: Swampert|Swampert, F|100/100
|switch|p2a: Buzzwole|Buzzwole|100/100
|turn|1
|
|t:|1634095034
|move|p2a: Buzzwole|Close Combat|p1a: Swampert
|-damage|p1a: Swampert|10/100
|-unboost|p2a: Buzzwole|def|1
|-unboost|p2a: Buzzwole|spd|1
|move|p1a: Swampert|Stealth Rock|p2a: Buzzwole
|-sidestart|p2: early_human|move: Stealth Rock
|
|-heal|p1a: Swampert|17/100|[from] item: Leftovers
|upkeep
|turn|2
|
|t:|1634095044
|switch|p2a: Bisharp|Bisharp, F|100/100
|-damage|p2a: Bisharp|94/100|[from] Stealth Rock
|switch|p1a: Corviknight|Corviknight, M|100/100
|-ability|p1a: Corviknight|Pressure
|
|upkeep
|turn|3
|
|t:|1634095046
|switch|p2a: Aegislash|Aegislash, M|100/100
|-damage|p2a: Aegislash|94/100|[from] Stealth Rock
|move|p1a: Corviknight|Body Press|p2a: Aegislash
|-immune|p2a: Aegislash
|
|upkeep
|turn|4
|
|t:|1634095048
|move|p1a: Corviknight|U-turn|p2a: Aegislash
|-resisted|p2a: Aegislash
|-damage|p2a: Aegislash|92/100
|
|t:|1634095051
|switch|p1a: Swampert|Swampert, F|17/100|[from]move: U-turn
|-formechange|p2a: Aegislash|Aegislash-Blade||[from] ability: Stance Change
|move|p2a: Aegislash|Shadow Ball|p1a: Swampert
|-damage|p1a: Swampert|0 fnt
|faint|p1a: Swampert
|
|upkeep
|
|t:|1634095055
|switch|p1a: Blaziken|Blaziken, F|100/100
|turn|5
|inactive|Battle timer is ON: inactive players will automatically lose when time's up. (requested by SupaTerrestrial)
|
|t:|1634095062
|move|p1a: Blaziken|Overheat|p2a: Aegislash
|-supereffective|p2a: Aegislash
|-damage|p2a: Aegislash|0 fnt
|-unboost|p1a: Blaziken|spa|2
|faint|p2a: Aegislash
|-damage|p1a: Blaziken|91/100|[from] item: Life Orb
|
|-ability|p1a: Blaziken|Speed Boost|boost
|-boost|p1a: Blaziken|spe|1
|upkeep
|
|t:|1634095064
|switch|p2a: Latios|Latios, M|100/100
|-damage|p2a: Latios|88/100|[from] Stealth Rock
|turn|6
|
|t:|1634095068
|move|p1a: Blaziken|Detect|p1a: Blaziken
|-singleturn|p1a: Blaziken|Protect
|move|p2a: Latios|Mystical Fire|p1a: Blaziken
|-activate|p1a: Blaziken|move: Protect
|
|-ability|p1a: Blaziken|Speed Boost|boost
|-boost|p1a: Blaziken|spe|1
|upkeep
|turn|7
|
|t:|1634095075
|move|p1a: Blaziken|Knock Off|p2a: Latios
|-supereffective|p2a: Latios
|-damage|p2a: Latios|0 fnt
|-enditem|p2a: Latios|Soul Dew|[from] move: Knock Off|[of] p1a: Blaziken
|faint|p2a: Latios
|-damage|p1a: Blaziken|81/100|[from] item: Life Orb
|
|-ability|p1a: Blaziken|Speed Boost|boost
|-boost|p1a: Blaziken|spe|1
|upkeep
|
|t:|1634095093
|switch|p2a: Landorus|Landorus-Therian, M|100/100
|-damage|p2a: Landorus|88/100|[from] Stealth Rock
|-ability|p2a: Landorus|Intimidate|boost
|-unboost|p1a: Blaziken|atk|1
|turn|8
|
|t:|1634095098
|switch|p1a: Corviknight|Corviknight, M|100/100
|-ability|p1a: Corviknight|Pressure
|move|p2a: Landorus|Stealth Rock|p1a: Corviknight
|-sidestart|p1: SupaTerrestrial|move: Stealth Rock
|
|upkeep
|turn|9
|
|t:|1634095102
|switch|p2a: Bisharp|Bisharp, F|94/100
|-damage|p2a: Bisharp|88/100|[from] Stealth Rock
|move|p1a: Corviknight|U-turn|p2a: Bisharp
|-damage|p2a: Bisharp|70/100
|
|t:|1634095112
|switch|p1a: Blaziken|Blaziken, F|81/100|[from]move: U-turn
|-damage|p1a: Blaziken|68/100|[from] Stealth Rock
|
|upkeep
|turn|10
|
|t:|1634095115
|switch|p2a: Buzzwole|Buzzwole|100/100
|-damage|p2a: Buzzwole|88/100|[from] Stealth Rock
|move|p1a: Blaziken|Overheat|p2a: Buzzwole
|-supereffective|p2a: Buzzwole
|-damage|p2a: Buzzwole|0 fnt
|-unboost|p1a: Blaziken|spa|2
|faint|p2a: Buzzwole
|-damage|p1a: Blaziken|58/100|[from] item: Life Orb
|
|-ability|p1a: Blaziken|Speed Boost|boost
|-boost|p1a: Blaziken|spe|1
|upkeep
|
|t:|1634095118
|switch|p2a: Landorus|Landorus-Therian, M|88/100
|-damage|p2a: Landorus|76/100|[from] Stealth Rock
|-ability|p2a: Landorus|Intimidate|boost
|-unboost|p1a: Blaziken|atk|1
|turn|11
|
|t:|1634095124
|move|p1a: Blaziken|Detect|p1a: Blaziken
|-singleturn|p1a: Blaziken|Protect
|move|p2a: Landorus|Explosion|p1a: Blaziken
|-activate|p1a: Blaziken|move: Protect
|faint|p2a: Landorus
|
|-ability|p1a: Blaziken|Speed Boost|boost
|-boost|p1a: Blaziken|spe|1
|upkeep
|
|t:|1634095127
|switch|p2a: Moltres|Moltres-Galar|100/100
|turn|12
|
|t:|1634095134
|move|p1a: Blaziken|Close Combat|p2a: Moltres
|-damage|p2a: Moltres|34/100
|-unboost|p1a: Blaziken|def|1
|-unboost|p1a: Blaziken|spd|1
|-ability|p2a: Moltres|Berserk|boost
|-boost|p2a: Moltres|spa|1
|-damage|p1a: Blaziken|48/100|[from] item: Life Orb
|move|p2a: Moltres|Agility|p2a: Moltres
|-boost|p2a: Moltres|spe|2
|
|-ability|p1a: Blaziken|Speed Boost|boost
|-boost|p1a: Blaziken|spe|1
|upkeep
|turn|13
|
|t:|1634095141
|move|p1a: Blaziken|Close Combat|p2a: Moltres
|-damage|p2a: Moltres|0 fnt
|-unboost|p1a: Blaziken|def|1
|-unboost|p1a: Blaziken|spd|1
|faint|p2a: Moltres
|-damage|p1a: Blaziken|38/100|[from] item: Life Orb
|
|-ability|p1a: Blaziken|Speed Boost|boost
|-boost|p1a: Blaziken|spe|1
|upkeep
|-message|early_human forfeited.
|
|win|SupaTerrestrial
|raw|SupaTerrestrial's rating: 1752 &rarr; <strong>1765</strong><br />(+13 for winning)
|raw|early_human's rating: 1616 &rarr; <strong>1603</strong><br />(-13 for losing)
|l|☆early_human
