|raw|<div class="broadcast-blue"><strong>This battle is required to be public due to a player having a name starting with 'lt92pf'.</div>
|j|☆Kanye is batman
|j|☆LT92PF Shoot
|t:|1660071126
|gametype|singles
|player|p1|Kanye is batman|silver|1682
|player|p2|LT92PF Shoot|blue-gen7|1703
|teamsize|p1|6
|teamsize|p2|6
|gen|8
|tier|[Gen 8] OU
|rated|
|rule|Sleep Clause Mod: Limit one foe put to sleep
|rule|Species Clause: Limit one of each Pokémon
|rule|OHKO Clause: OHKO moves are banned
|rule|Evasion Items Clause: Evasion items are banned
|rule|Evasion Moves Clause: Evasion moves are banned
|rule|Endless Battle Clause: Forcing endless battles is banned
|rule|HP Percentage Mod: HP is shown in percentages
|rule|Dynamax Clause: You cannot dynamax
|clearpoke
|poke|p1|Pelipper, M|
|poke|p1|Barraskewda, F|
|poke|p1|Ferrothorn, F|
|poke|p1|Seismitoad, F|
|poke|p1|Tapu Koko|
|poke|p1|Tornadus-Therian, M|
|poke|p2|Mew|
|poke|p2|Victini|
|poke|p2|Landorus-Therian, M|
|poke|p2|Kartana|
|poke|p2|Dragonite, M|
|poke|p2|Nihilego|
|teampreview
|inactive|Battle timer is ON: inactive players will automatically lose when time's up. (requested by Kanye is batman)
|
|t:|1660071143
|start
|switch|p1a: Big Gulp sponsor|Pelipper, M|100/100
|switch|p2a: Victini|Victini|100/100
|-weather|RainDance|[from] ability: Drizzle|[of] p1a: Big Gulp sponsor
|turn|1
|
|t:|1660071152
|switch|p1a: Agent ¥|Seismitoad, F, shiny|100/100
|move|p2a: Victini|Final Gambit|p1a: Agent ¥
|-damage|p1a: Agent ¥|0 fnt
|faint|p2a: Victini
|faint|p1a: Agent ¥
|
|-weather|RainDance|[upkeep]
|upkeep
|
|t:|1660071159
|switch|p2a: Landorus|Landorus-Therian, M|100/100
|switch|p1a: One fish two fish|Barraskewda, F|100/100
|-ability|p2a: Landorus|Intimidate|boost
|-unboost|p1a: One fish two fish|atk|1
|turn|2
|
|t:|1660071164
|move|p1a: One fish two fish|Liquidation|p2a: Landorus
|-supereffective|p2a: Landorus
|-enditem|p2a: Landorus|Focus Sash
|-damage|p2a: Landorus|1/100
|move|p2a: Landorus|Stealth Rock|p1a: One fish two fish
|-sidestart|p1: Kanye is batman|move: Stealth Rock
|
|-weather|RainDance|[upkeep]
|upkeep
|turn|3
|
|t:|1660071171
|move|p1a: One fish two fish|Liquidation|p2a: Landorus
|-supereffective|p2a: Landorus
|-damage|p2a: Landorus|0 fnt
|faint|p2a: Landorus
|
|-weather|RainDance|[upkeep]
|upkeep
|
|t:|1660071179
|switch|p2a: Dragonite|Dragonite, M|100/100
|turn|4
|
|t:|1660071182
|switch|p1a: Hates rain|Ferrothorn, F|100/100
|-damage|p1a: Hates rain|94/100|[from] Stealth Rock
|move|p2a: Dragonite|Dragon Dance|p2a: Dragonite
|-boost|p2a: Dragonite|atk|1
|-boost|p2a: Dragonite|spe|1
|
|-weather|RainDance|[upkeep]
|-heal|p1a: Hates rain|100/100|[from] item: Leftovers
|upkeep
|turn|5
|
|t:|1660071189
|move|p2a: Dragonite|Dragon Dance|p2a: Dragonite
|-boost|p2a: Dragonite|atk|1
|-boost|p2a: Dragonite|spe|1
|move|p1a: Hates rain|Leech Seed|p2a: Dragonite
|-start|p2a: Dragonite|move: Leech Seed
|
|-weather|RainDance|[upkeep]
|-damage|p2a: Dragonite|88/100|[from] Leech Seed|[of] p1a: Hates rain
|upkeep
|turn|6
|
|t:|1660071197
|move|p2a: Dragonite|Superpower|p1a: Hates rain
|-supereffective|p1a: Hates rain
|-damage|p1a: Hates rain|0 fnt
|-unboost|p2a: Dragonite|atk|1
|-unboost|p2a: Dragonite|def|1
|-damage|p2a: Dragonite|76/100|[from] ability: Iron Barbs|[of] p1a: Hates rain
|faint|p1a: Hates rain
|
|-weather|RainDance|[upkeep]
|upkeep
|
|t:|1660071203
|switch|p1a: One fish two fish|Barraskewda, F|100/100
|-damage|p1a: One fish two fish|88/100|[from] Stealth Rock
|turn|7
|
|t:|1660071208
|move|p1a: One fish two fish|Flip Turn|p2a: Dragonite
|-resisted|p2a: Dragonite
|-crit|p2a: Dragonite
|-damage|p2a: Dragonite|0 fnt
|faint|p2a: Dragonite
|
|t:|1660071214
|switch|p1a: Speed Overdose|Tapu Koko|100/100|[from]move: Flip Turn
|-damage|p1a: Speed Overdose|88/100|[from] Stealth Rock
|-fieldstart|move: Electric Terrain|[from] ability: Electric Surge|[of] p1a: Speed Overdose
|
|-weather|RainDance|[upkeep]
|upkeep
|
|t:|1660071222
|switch|p2a: Nihilego|Nihilego, shiny|100/100
|turn|8
|
|t:|1660071224
|move|p1a: Speed Overdose|Volt Switch|p2a: Nihilego
|-damage|p2a: Nihilego|62/100
|
|t:|1660071227
|switch|p1a: Lando Black sheep|Tornadus-Therian, M|100/100|[from]move: Volt Switch
|move|p2a: Nihilego|Meteor Beam||[still]
|-prepare|p2a: Nihilego|Meteor Beam
|-boost|p2a: Nihilego|spa|1
|-enditem|p2a: Nihilego|Power Herb
|-anim|p2a: Nihilego|Meteor Beam|p1a: Lando Black sheep
|-supereffective|p1a: Lando Black sheep
|-damage|p1a: Lando Black sheep|0 fnt
|faint|p1a: Lando Black sheep
|-ability|p2a: Nihilego|Beast Boost|boost
|-boost|p2a: Nihilego|spe|1
|
|-weather|none
|upkeep
|
|t:|1660071230
|switch|p1a: Big Gulp sponsor|Pelipper, M|100/100
|-damage|p1a: Big Gulp sponsor|76/100|[from] Stealth Rock
|-weather|RainDance|[from] ability: Drizzle|[of] p1a: Big Gulp sponsor
|turn|9
|
|t:|1660071242
|move|p2a: Nihilego|Power Gem|p1a: Big Gulp sponsor
|-supereffective|p1a: Big Gulp sponsor
|-damage|p1a: Big Gulp sponsor|0 fnt
|faint|p1a: Big Gulp sponsor
|-ability|p2a: Nihilego|Beast Boost|boost
|-boost|p2a: Nihilego|spe|1
|
|-weather|RainDance|[upkeep]
|upkeep
|
|t:|1660071245
|switch|p1a: One fish two fish|Barraskewda, F|88/100
|-damage|p1a: One fish two fish|76/100|[from] Stealth Rock
|turn|10
|
|t:|1660071252
|move|p1a: One fish two fish|Liquidation|p2a: Nihilego
|-supereffective|p2a: Nihilego
|-damage|p2a: Nihilego|0 fnt
|faint|p2a: Nihilego
|
|-weather|RainDance|[upkeep]
|upkeep
|
|t:|1660071261
|switch|p2a: Kartana|Kartana|100/100
|turn|11
|
|t:|1660071264
|move|p1a: One fish two fish|Liquidation|p2a: Kartana
|-resisted|p2a: Kartana
|-damage|p2a: Kartana|42/100
|-unboost|p2a: Kartana|def|1
|move|p2a: Kartana|Leaf Blade|p1a: One fish two fish
|-supereffective|p1a: One fish two fish
|-damage|p1a: One fish two fish|0 fnt
|faint|p1a: One fish two fish
|-ability|p2a: Kartana|Beast Boost|boost
|-boost|p2a: Kartana|atk|1
|
|-weather|RainDance|[upkeep]
|-fieldend|move: Electric Terrain
|upkeep
|
|t:|1660071267
|switch|p1a: Speed Overdose|Tapu Koko|88/100
|-damage|p1a: Speed Overdose|76/100|[from] Stealth Rock
|-fieldstart|move: Electric Terrain|[from] ability: Electric Surge|[of] p1a: Speed Overdose
|turn|12
|
|t:|1660071276
|move|p1a: Speed Overdose|Thunder|p2a: Kartana
|-resisted|p2a: Kartana
|-damage|p2a: Kartana|0 fnt
|faint|p2a: Kartana
|
|-weather|RainDance|[upkeep]
|upkeep
|
|t:|1660071278
|switch|p2a: Mew|Mew|100/100
|turn|13
|
|t:|1660071280
|move|p1a: Speed Overdose|Thunder|p2a: Mew
|-damage|p2a: Mew|22/100
|move|p2a: Mew|Cosmic Power|p2a: Mew
|-boost|p2a: Mew|def|1
|-boost|p2a: Mew|spd|1
|
|-weather|RainDance|[upkeep]
|-heal|p2a: Mew|28/100|[from] item: Leftovers
|upkeep
|turn|14
|
|t:|1660071285
|move|p1a: Speed Overdose|Thunder|p2a: Mew
|-damage|p2a: Mew|0 fnt
|faint|p2a: Mew
|
|win|Kanye is batman
|raw|Kanye is batman's rating: 1682 &rarr; <strong>1703</strong><br />(+21 for winning)
|raw|LT92PF Shoot's rating: 1703 &rarr; <strong>1682</strong><br />(-21 for losing)
|l|☆LT92PF Shoot
||Ladder isn't responding, score probably updated but might not have (Request timeout).
