|j|☆Oryen
|j|☆JGVS2710
|inactive|Battle timer is ON: inactive players will automatically lose when time's up.
|t:|1662487116
|gametype|singles
|player|p1|Oryen|266|
|player|p2|JGVS2710|lucas|
|teamsize|p1|6
|teamsize|p2|6
|gen|8
|tier|[Gen 8] OU
|rated|Tournament battle
|rule|Sleep Clause Mod: Limit one foe put to sleep
|rule|Species Clause: Limit one of each Pokémon
|rule|OHKO Clause: OHKO moves are banned
|rule|Evasion Items Clause: Evasion items are banned
|rule|Evasion Moves Clause: Evasion moves are banned
|rule|Endless Battle Clause: Forcing endless battles is banned
|rule|HP Percentage Mod: HP is shown in percentages
|rule|Dynamax Clause: You cannot dynamax
|clearpoke
|poke|p1|Archen, M|
|poke|p1|Pancham, M|
|poke|p1|Timburr, M|
|poke|p1|Copperajah, M|
|poke|p1|Dragapult, F|
|poke|p1|Stufful, M|
|poke|p2|Pawniard, M|
|poke|p2|Corviknight, F|
|poke|p2|Shellos, F|
|poke|p2|Klang|
|poke|p2|Minccino, M|
|poke|p2|Woobat, F|
|teampreview
|j|*Lady Monita
|j| Tyron Levitt
|j| Paratrooper69
|
|t:|1662487132
|start
|switch|p1a: Archen|Archen, M|100/100
|switch|p2a: Shellos|Shellos, F|100/100
|turn|1
|j| Arcanine1929
|
|t:|1662487146
|move|p1a: Archen|Stealth Rock|p2a: Shellos
|-sidestart|p2: JGVS2710|move: Stealth Rock
|move|p2a: Shellos|Scald|p1a: Archen
|-supereffective|p1a: Archen
|-damage|p1a: Archen|19/100
|-status|p1a: Archen|brn
|
|-damage|p1a: Archen|13/100 brn|[from] brn
|upkeep
|turn|2
|
|t:|1662487150
|move|p1a: Archen|Endeavor|p2a: Shellos
|-damage|p2a: Shellos|9/100
|move|p2a: Shellos|Scald|p1a: Archen
|-supereffective|p1a: Archen
|-damage|p1a: Archen|0 fnt
|faint|p1a: Archen
|
|upkeep
|c| Arcanine1929|Nice
|
|t:|1662487165
|switch|p1a: Timburr|Timburr, M|100/100
|turn|3
|
|t:|1662487169
|move|p1a: Timburr|Mach Punch|p2a: Shellos
|-damage|p2a: Shellos|0 fnt
|faint|p2a: Shellos
|
|upkeep
|j| TheHolyIMP
|c| Arcanine1929|Can the corv sweep
|
|t:|1662487180
|switch|p2a: Corviknight|Corviknight, F|100/100
|-ability|p2a: Corviknight|Unnerve
|-damage|p2a: Corviknight|88/100|[from] Stealth Rock
|turn|4
|
|t:|1662487186
|move|p2a: Corviknight|Bulk Up|p2a: Corviknight
|-boost|p2a: Corviknight|atk|1
|-boost|p2a: Corviknight|def|1
|move|p1a: Timburr|Knock Off|p2a: Corviknight
|-damage|p2a: Corviknight|72/100
|-enditem|p2a: Corviknight|Leftovers|[from] move: Knock Off|[of] p1a: Timburr
|
|upkeep
|turn|5
|
|t:|1662487189
|switch|p1a: Stufful|Stufful, M|100/100
|move|p2a: Corviknight|Bulk Up|p2a: Corviknight
|-boost|p2a: Corviknight|atk|1
|-boost|p2a: Corviknight|def|1
|
|upkeep
|turn|6
|j| Enalios Davi
|
|t:|1662487196
|move|p2a: Corviknight|Body Press|p1a: Stufful
|-supereffective|p1a: Stufful
|-damage|p1a: Stufful|73/100
|move|p1a: Stufful|Roar|p2a: Corviknight
|drag|p2a: Pawniard|Pawniard, M|100/100
|-damage|p2a: Pawniard|94/100|[from] Stealth Rock
|
|upkeep
|turn|7
|
|t:|1662487206
|-singleturn|p1a: Stufful|move: Focus Punch
|move|p2a: Pawniard|Knock Off|p1a: Stufful
|-resisted|p1a: Stufful
|-damage|p1a: Stufful|66/100
|-enditem|p1a: Stufful|Eviolite|[from] move: Knock Off|[of] p2a: Pawniard
|cant|p1a: Stufful|Focus Punch|Focus Punch
|
|upkeep
|turn|8
|
|t:|1662487216
|switch|p1a: Timburr|Timburr, M|100/100
|move|p2a: Pawniard|Iron Head|p1a: Timburr
|-damage|p1a: Timburr|63/100
|
|upkeep
|turn|9
|
|t:|1662487219
|move|p1a: Timburr|Mach Punch|p2a: Pawniard
|-supereffective|p2a: Pawniard
|-damage|p2a: Pawniard|0 fnt
|faint|p2a: Pawniard
|
|upkeep
|
|t:|1662487228
|switch|p2a: Woobat|Woobat, F|100/100
|-damage|p2a: Woobat|76/100|[from] Stealth Rock
|turn|10
|l| Enalios Davi
|
|t:|1662487231
|move|p2a: Woobat|Calm Mind|p2a: Woobat
|-boost|p2a: Woobat|spa|2
|-boost|p2a: Woobat|spd|2
|move|p1a: Timburr|Knock Off|p2a: Woobat
|-supereffective|p2a: Woobat
|-damage|p2a: Woobat|0 fnt
|-enditem|p2a: Woobat|Eviolite|[from] move: Knock Off|[of] p1a: Timburr
|faint|p2a: Woobat
|
|upkeep
|j|%Jadino bambino
|
|t:|1662487237
|switch|p2a: Klang|Klang|100/100
|-damage|p2a: Klang|94/100|[from] Stealth Rock
|turn|11
|
|t:|1662487240
|move|p2a: Klang|Shift Gear|p2a: Klang
|-boost|p2a: Klang|spe|2
|-boost|p2a: Klang|atk|1
|move|p1a: Timburr|Bulk Up|p1a: Timburr
|-boost|p1a: Timburr|atk|1
|-boost|p1a: Timburr|def|1
|
|upkeep
|turn|12
|
|t:|1662487244
|move|p2a: Klang|Gear Grind|p1a: Timburr
|-damage|p1a: Timburr|42/100
|-damage|p1a: Timburr|18/100
|-hitcount|p1a: Timburr|2
|move|p1a: Timburr|Drain Punch|p2a: Klang
|-supereffective|p2a: Klang
|-damage|p2a: Klang|23/100
|-heal|p1a: Timburr|51/100|[from] drain|[of] p2a: Klang
|
|upkeep
|turn|13
|
|t:|1662487248
|move|p1a: Timburr|Mach Punch|p2a: Klang
|-supereffective|p2a: Klang
|-damage|p2a: Klang|0 fnt
|faint|p2a: Klang
|
|upkeep
|
|t:|1662487250
|switch|p2a: Corviknight|Corviknight, F|72/100
|-ability|p2a: Corviknight|Unnerve
|-damage|p2a: Corviknight|60/100|[from] Stealth Rock
|turn|14
|
|t:|1662487253
|switch|p1a: Dragapult|Dragapult, F|100/100
|move|p2a: Corviknight|Bulk Up|p2a: Corviknight
|-boost|p2a: Corviknight|atk|1
|-boost|p2a: Corviknight|def|1
|
|upkeep
|turn|15
|
|t:|1662487256
|switch|p2a: Minccino|Minccino, M|100/100
|-damage|p2a: Minccino|88/100|[from] Stealth Rock
|move|p1a: Dragapult|Flamethrower|p2a: Minccino
|-damage|p2a: Minccino|15/100
|
|upkeep
|turn|16
|
|t:|1662487263
|move|p1a: Dragapult|Flamethrower|p2a: Minccino
|-damage|p2a: Minccino|0 fnt
|faint|p2a: Minccino
|
|upkeep
|c| Arcanine1929|Grass
|c|☆JGVS2710|i will lose gg
|
|t:|1662487273
|switch|p2a: Corviknight|Corviknight, F|60/100
|-ability|p2a: Corviknight|Unnerve
|-damage|p2a: Corviknight|47/100|[from] Stealth Rock
|turn|17
|
|t:|1662487275
|move|p1a: Dragapult|Flamethrower|p2a: Corviknight
|-supereffective|p2a: Corviknight
|-damage|p2a: Corviknight|0 fnt
|faint|p2a: Corviknight
|
|win|Oryen
|n|☆Oryen|oryen
|n|☆JGVS2710|jgvs2710
|n|*Lady Monita|ladymonita
|n| Tyron Levitt|tyronlevitt
|n| Paratrooper69|paratrooper69
|n| Arcanine1929|arcanine1929
|n| TheHolyIMP|theholyimp
|n| Jadino bambino|jadinobambino
