|j|☆Bassyxx
|j|☆Libaa
|t:|1655306612
|gametype|singles
|player|p1|Bassyxx|rocketgruntf|1670
|player|p2|Libaa|bianca-pwt|1692
|teamsize|p1|6
|teamsize|p2|6
|gen|8
|tier|[Gen 8] OU
|rated|
|rule|Sleep Clause Mod: Limit one foe put to sleep
|rule|Species Clause: Limit one of each Pokémon
|rule|OHKO Clause: OHKO moves are banned
|rule|Evasion Moves Clause: Evasion moves are banned
|rule|Endless Battle Clause: Forcing endless battles is banned
|rule|HP Percentage Mod: HP is shown in percentages
|rule|Dynamax Clause: You cannot dynamax
|clearpoke
|poke|p1|Tyranitar, M|
|poke|p1|Dracozolt|
|poke|p1|Landorus-Therian, M|
|poke|p1|Melmetal|
|poke|p1|Buzzwole|
|poke|p1|Weavile, F|
|poke|p2|Tapu Lele|
|poke|p2|Aegislash, F|
|poke|p2|Landorus-Therian, M|
|poke|p2|Ferrothorn, M|
|poke|p2|Toxapex, F|
|poke|p2|Dragapult, F|
|teampreview
|inactive|Battle timer is ON: inactive players will automatically lose when time's up. (requested by Bassyxx)
|
|t:|1655306625
|start
|switch|p1a: 6th Slot|Weavile, F|100/100
|switch|p2a: Aegi|Aegislash, F|100/100
|turn|1
|
|t:|1655306629
|switch|p2a: Spex|Toxapex, F|100/100
|move|p1a: 6th Slot|Swords Dance|p1a: 6th Slot
|-boost|p1a: 6th Slot|atk|2
|
|upkeep
|turn|2
|
|t:|1655306632
|move|p1a: 6th Slot|Beat Up|p2a: Spex
|-damage|p2a: Spex|91/100
|-damage|p2a: Spex|82/100
|-damage|p2a: Spex|71/100
|-damage|p2a: Spex|60/100
|-damage|p2a: Spex|49/100
|-damage|p2a: Spex|38/100
|-hitcount|p2a: Spex|6
|move|p2a: Spex|Haze|p2a: Spex
|-clearallboost
|
|upkeep
|turn|3
|
|t:|1655306643
|switch|p2a: Spiki boi|Ferrothorn, M|100/100
|move|p1a: 6th Slot|Swords Dance|p1a: 6th Slot
|-boost|p1a: 6th Slot|atk|2
|
|upkeep
|turn|4
|
|t:|1655306646
|move|p1a: 6th Slot|Beat Up|p2a: Spiki boi
|-damage|p2a: Spiki boi|89/100
|-damage|p2a: Spiki boi|79/100
|-damage|p2a: Spiki boi|67/100
|-damage|p2a: Spiki boi|54/100
|-damage|p2a: Spiki boi|43/100
|-damage|p2a: Spiki boi|31/100
|-hitcount|p2a: Spiki boi|6
|move|p2a: Spiki boi|Body Press|p1a: 6th Slot
|-supereffective|p1a: 6th Slot
|-enditem|p1a: 6th Slot|Focus Sash
|-damage|p1a: 6th Slot|1/100
|-enditem|p2a: Spiki boi|Leftovers|[silent]|[from] ability: Pickpocket|[of] p2a: Spiki boi
|-item|p1a: 6th Slot|Leftovers|[from] ability: Pickpocket|[of] p2a: Spiki boi
|
|-heal|p1a: 6th Slot|7/100|[from] item: Leftovers
|upkeep
|turn|5
|
|t:|1655306661
|move|p1a: 6th Slot|Beat Up|p2a: Spiki boi
|-damage|p2a: Spiki boi|20/100
|-damage|p2a: Spiki boi|9/100
|-damage|p2a: Spiki boi|0 fnt
|faint|p2a: Spiki boi
|-hitcount|p2: Spiki boi|3
|
|-heal|p1a: 6th Slot|13/100|[from] item: Leftovers
|upkeep
|
|t:|1655306663
|switch|p2a: Spærm kanon|Dragapult, F|100/100
|turn|6
|
|t:|1655306667
|move|p1a: 6th Slot|Ice Shard|p2a: Spærm kanon
|-supereffective|p2a: Spærm kanon
|-damage|p2a: Spærm kanon|0 fnt
|faint|p2a: Spærm kanon
|
|-heal|p1a: 6th Slot|19/100|[from] item: Leftovers
|upkeep
|-message|Libaa forfeited.
|
|win|Bassyxx
|raw|Bassyxx's rating: 1670 &rarr; <strong>1691</strong><br />(+21 for winning)
|raw|Libaa's rating: 1692 &rarr; <strong>1671</strong><br />(-21 for losing)
|l|☆Libaa
