|raw|<div class="broadcast-blue"><strong>This battle is required to be public due to a player having a name starting with 'ult4pdr'.</div>
|j|☆ULT4PDR Be spoiled
|j|☆crying snow
|t:|1654345159
|gametype|singles
|player|p1|ULT4PDR Be spoiled|cynthia|
|player|p2|crying snow|kimonogirl|
|teamsize|p1|6
|teamsize|p2|6
|gen|8
|tier|[Gen 8] OU
|rule|Sleep Clause Mod: Limit one foe put to sleep
|rule|Species Clause: Limit one of each Pokémon
|rule|OHKO Clause: OHKO moves are banned
|rule|Evasion Moves Clause: Evasion moves are banned
|rule|Endless Battle Clause: Forcing endless battles is banned
|rule|HP Percentage Mod: HP is shown in percentages
|rule|Dynamax Clause: You cannot dynamax
|clearpoke
|poke|p1|Landorus-Therian, M|
|poke|p1|Heatran, M|
|poke|p1|Tyranitar, F|
|poke|p1|Toxapex, M|
|poke|p1|Corviknight, M|
|poke|p1|Dragapult, F|
|poke|p2|Blissey, F|
|poke|p2|Quagsire, M|
|poke|p2|Toxapex, F|
|poke|p2|Dragonite, F|
|poke|p2|Corviknight, M|
|poke|p2|Zapdos|
|teampreview
|
|t:|1654345185
|start
|switch|p1a: 小泽玛利亚说轻点|Tyranitar, F|100/100
|switch|p2a: Corviknight|Corviknight, M|100/100
|-ability|p2a: Corviknight|Pressure
|-weather|Sandstorm|[from] ability: Sand Stream|[of] p1a: 小泽玛利亚说轻点
|turn|1
|
|t:|1654345191
|switch|p1a: 鸡速折凡|Toxapex, M|100/100
|move|p2a: Corviknight|U-turn|p1a: 鸡速折凡
|-resisted|p1a: 鸡速折凡
|-crit|p1a: 鸡速折凡
|-damage|p1a: 鸡速折凡|93/100
|-damage|p2a: Corviknight|84/100|[from] item: Rocky Helmet|[of] p1a: 鸡速折凡
|
|t:|1654345201
|switch|p2a: Zapdos|Zapdos|100/100|[from]move: U-turn
|-ability|p2a: Zapdos|Pressure
|
|-weather|Sandstorm|[upkeep]
|-damage|p2a: Zapdos|94/100|[from] Sandstorm
|-damage|p1a: 鸡速折凡|87/100|[from] Sandstorm
|upkeep
|turn|2
|
|t:|1654345205
|switch|p1a: 小泽玛利亚说轻点|Tyranitar, F|100/100
|move|p2a: Zapdos|Thunderbolt|p1a: 小泽玛利亚说轻点
|-damage|p1a: 小泽玛利亚说轻点|83/100
|
|-weather|Sandstorm|[upkeep]
|-damage|p2a: Zapdos|88/100|[from] Sandstorm
|-heal|p1a: 小泽玛利亚说轻点|89/100|[from] item: Leftovers
|upkeep
|turn|3
|
|t:|1654345208
|switch|p2a: Corviknight|Corviknight, M|84/100
|-ability|p2a: Corviknight|Pressure
|move|p1a: 小泽玛利亚说轻点|Stealth Rock|p2a: Corviknight
|-sidestart|p2: crying snow|move: Stealth Rock
|
|-weather|Sandstorm|[upkeep]
|-heal|p2a: Corviknight|90/100|[from] item: Leftovers
|-heal|p1a: 小泽玛利亚说轻点|95/100|[from] item: Leftovers
|upkeep
|turn|4
|
|t:|1654345211
|move|p2a: Corviknight|Defog|p1a: 小泽玛利亚说轻点
|-unboost|p1a: 小泽玛利亚说轻点|evasion|1
|-sideend|p2: crying snow|Stealth Rock|[from] move: Defog|[of] p2a: Corviknight
|move|p1a: 小泽玛利亚说轻点|Thunder Wave|p2a: Corviknight|[miss]
|-miss|p1a: 小泽玛利亚说轻点|p2a: Corviknight
|
|-weather|Sandstorm|[upkeep]
|-heal|p2a: Corviknight|96/100|[from] item: Leftovers
|-heal|p1a: 小泽玛利亚说轻点|100/100|[from] item: Leftovers
|upkeep
|turn|5
|
|t:|1654345217
|switch|p1a: 鸡速折凡|Toxapex, M|100/100
|move|p2a: Corviknight|U-turn|p1a: 鸡速折凡
|-resisted|p1a: 鸡速折凡
|-damage|p1a: 鸡速折凡|95/100
|-damage|p2a: Corviknight|79/100|[from] item: Rocky Helmet|[of] p1a: 鸡速折凡
|
|t:|1654345220
|switch|p2a: Zapdos|Zapdos|88/100|[from]move: U-turn
|-ability|p2a: Zapdos|Pressure
|
|-weather|none
|upkeep
|turn|6
|
|t:|1654345223
|move|p2a: Zapdos|Thunderbolt|p1a: 鸡速折凡
|-supereffective|p1a: 鸡速折凡
|-damage|p1a: 鸡速折凡|41/100
|move|p1a: 鸡速折凡|Poison Jab|p2a: Zapdos
|-damage|p2a: Zapdos|73/100
|-status|p2a: Zapdos|psn
|
|-damage|p2a: Zapdos|61/100 psn|[from] psn
|upkeep
|turn|7
|
|t:|1654345229
|switch|p1a: 小泽玛利亚说轻点|Tyranitar, F|100/100
|-weather|Sandstorm|[from] ability: Sand Stream|[of] p1a: 小泽玛利亚说轻点
|move|p2a: Zapdos|Roost|p2a: Zapdos
|-heal|p2a: Zapdos|100/100 psn
|-singleturn|p2a: Zapdos|move: Roost
|
|-weather|Sandstorm|[upkeep]
|-damage|p2a: Zapdos|94/100 psn|[from] Sandstorm
|-damage|p2a: Zapdos|82/100 psn|[from] psn
|upkeep
|turn|8
|
|t:|1654345233
|switch|p2a: Corviknight|Corviknight, M|79/100
|-ability|p2a: Corviknight|Pressure
|move|p1a: 小泽玛利亚说轻点|Thunder Wave|p2a: Corviknight
|-status|p2a: Corviknight|par
|
|-weather|Sandstorm|[upkeep]
|-heal|p2a: Corviknight|85/100 par|[from] item: Leftovers
|upkeep
|turn|9
|
|t:|1654345240
|switch|p1a: 喜欢福瑞的鱼鳞大小姐|Landorus-Therian, M|100/100
|-ability|p1a: 喜欢福瑞的鱼鳞大小姐|Intimidate|boost
|-unboost|p2a: Corviknight|atk|1
|move|p2a: Corviknight|Iron Head|p1a: 喜欢福瑞的鱼鳞大小姐
|-damage|p1a: 喜欢福瑞的鱼鳞大小姐|81/100
|
|-weather|Sandstorm|[upkeep]
|-heal|p2a: Corviknight|91/100 par|[from] item: Leftovers
|upkeep
|turn|10
|
|t:|1654345245
|move|p1a: 喜欢福瑞的鱼鳞大小姐|Knock Off|p2a: Corviknight
|-damage|p2a: Corviknight|61/100 par
|-enditem|p2a: Corviknight|Leftovers|[from] move: Knock Off|[of] p1a: 喜欢福瑞的鱼鳞大小姐
|cant|p2a: Corviknight|par
|
|-weather|Sandstorm|[upkeep]
|upkeep
|turn|11
|
|t:|1654345249
|move|p1a: 喜欢福瑞的鱼鳞大小姐|Knock Off|p2a: Corviknight
|-damage|p2a: Corviknight|40/100 par
|cant|p2a: Corviknight|par
|
|-weather|none
|upkeep
|turn|12
|
|t:|1654345253
|move|p1a: 喜欢福瑞的鱼鳞大小姐|Superpower|p2a: Corviknight
|-damage|p2a: Corviknight|0 fnt
|-unboost|p1a: 喜欢福瑞的鱼鳞大小姐|atk|1
|-unboost|p1a: 喜欢福瑞的鱼鳞大小姐|def|1
|faint|p2a: Corviknight
|
|upkeep
|
|t:|1654345259
|switch|p2a: Quagsire|Quagsire, M|100/100
|turn|13
|
|t:|1654345261
|move|p1a: 喜欢福瑞的鱼鳞大小姐|U-turn|p2a: Quagsire
|-damage|p2a: Quagsire|81/100
|
|t:|1654345267
|switch|p1a: 鸡速折凡|Toxapex, M|74/100|[from]move: U-turn
|move|p2a: Quagsire|Scald|p1a: 鸡速折凡
|-resisted|p1a: 鸡速折凡
|-damage|p1a: 鸡速折凡|67/100
|
|-heal|p2a: Quagsire|87/100|[from] item: Leftovers
|upkeep
|turn|14
|
|t:|1654345295
|switch|p2a: Toxapex|Toxapex, F|100/100
|move|p1a: 鸡速折凡|Recover|p1a: 鸡速折凡
|-heal|p1a: 鸡速折凡|100/100
|
|upkeep
|turn|15
|
|t:|1654345318
|switch|p1a: 小泽玛利亚说轻点|Tyranitar, F|100/100
|-weather|Sandstorm|[from] ability: Sand Stream|[of] p1a: 小泽玛利亚说轻点
|move|p2a: Toxapex|Knock Off|p1a: 小泽玛利亚说轻点
|-resisted|p1a: 小泽玛利亚说轻点
|-damage|p1a: 小泽玛利亚说轻点|96/100
|-enditem|p1a: 小泽玛利亚说轻点|Leftovers|[from] move: Knock Off|[of] p2a: Toxapex
|
|-weather|Sandstorm|[upkeep]
|-damage|p2a: Toxapex|95/100|[from] Sandstorm
|upkeep
|turn|16
|
|t:|1654345325
|move|p1a: 小泽玛利亚说轻点|Stealth Rock|p2a: Toxapex
|-sidestart|p2: crying snow|move: Stealth Rock
|move|p2a: Toxapex|Toxic|p1a: 小泽玛利亚说轻点
|-status|p1a: 小泽玛利亚说轻点|tox
|
|-weather|Sandstorm|[upkeep]
|-damage|p2a: Toxapex|89/100|[from] Sandstorm
|-damage|p1a: 小泽玛利亚说轻点|89/100 tox|[from] psn
|upkeep
|turn|17
|
|t:|1654345331
|switch|p1a: 鸡速折凡|Toxapex, M|100/100
|move|p2a: Toxapex|Knock Off|p1a: 鸡速折凡
|-damage|p1a: 鸡速折凡|90/100
|-damage|p2a: Toxapex|72/100|[from] item: Rocky Helmet|[of] p1a: 鸡速折凡
|-enditem|p1a: 鸡速折凡|Rocky Helmet|[from] move: Knock Off|[of] p2a: Toxapex
|
|-weather|Sandstorm|[upkeep]
|-damage|p1a: 鸡速折凡|84/100|[from] Sandstorm
|-damage|p2a: Toxapex|66/100|[from] Sandstorm
|upkeep
|turn|18
|
|t:|1654345340
|switch|p1a: 坚挺的200哥|Corviknight, M|100/100
|-ability|p1a: 坚挺的200哥|Pressure
|move|p2a: Toxapex|Recover|p2a: Toxapex
|-heal|p2a: Toxapex|100/100
|
|-weather|Sandstorm|[upkeep]
|-damage|p2a: Toxapex|95/100|[from] Sandstorm
|upkeep
|turn|19
|
|t:|1654345346
|switch|p1a: 鸡速折凡|Toxapex, M|100/100
|move|p2a: Toxapex|Knock Off|p1a: 鸡速折凡
|-damage|p1a: 鸡速折凡|93/100
|
|-weather|none
|upkeep
|turn|20
|
|t:|1654345361
|move|p2a: Toxapex|Knock Off|p1a: 鸡速折凡
|-damage|p1a: 鸡速折凡|86/100
|move|p1a: 鸡速折凡|Poison Jab|p2a: Toxapex
|-resisted|p2a: Toxapex
|-damage|p2a: Toxapex|88/100
|
|upkeep
|turn|21
|
|t:|1654345369
|move|p1a: 鸡速折凡|Poison Jab|p2a: Toxapex
|-resisted|p2a: Toxapex
|-damage|p2a: Toxapex|83/100
|move|p2a: Toxapex|Knock Off|p1a: 鸡速折凡
|-damage|p1a: 鸡速折凡|78/100
|
|upkeep
|turn|22
|
|t:|1654345374
|switch|p1a: 坚挺的200哥|Corviknight, M|100/100
|-ability|p1a: 坚挺的200哥|Pressure
|move|p2a: Toxapex|Poison Jab|p1a: 坚挺的200哥
|-immune|p1a: 坚挺的200哥
|
|upkeep
|turn|23
|
|t:|1654345382
|move|p1a: 坚挺的200哥|U-turn|p2a: Toxapex
|-resisted|p2a: Toxapex
|-damage|p2a: Toxapex|79/100
|
|t:|1654345386
|switch|p1a: 小泽玛利亚说轻点|Tyranitar, F|89/100 tox|[from]move: U-turn
|-weather|Sandstorm|[from] ability: Sand Stream|[of] p1a: 小泽玛利亚说轻点
|move|p2a: Toxapex|Knock Off|p1a: 小泽玛利亚说轻点
|-resisted|p1a: 小泽玛利亚说轻点
|-damage|p1a: 小泽玛利亚说轻点|86/100 tox
|
|-weather|Sandstorm|[upkeep]
|-damage|p2a: Toxapex|73/100|[from] Sandstorm
|-damage|p1a: 小泽玛利亚说轻点|79/100 tox|[from] psn
|upkeep
|turn|24
|
|t:|1654345395
|move|p1a: 小泽玛利亚说轻点|Thunder Wave|p2a: Toxapex
|-status|p2a: Toxapex|par
|cant|p2a: Toxapex|par
|
|-weather|Sandstorm|[upkeep]
|-damage|p2a: Toxapex|67/100 par|[from] Sandstorm
|-damage|p1a: 小泽玛利亚说轻点|67/100 tox|[from] psn
|upkeep
|turn|25
|
|t:|1654345400
|switch|p1a: 鸡速折凡|Toxapex, M|100/100
|move|p2a: Toxapex|Recover|p2a: Toxapex
|-heal|p2a: Toxapex|100/100 par
|
|-weather|Sandstorm|[upkeep]
|-damage|p1a: 鸡速折凡|95/100|[from] Sandstorm
|-damage|p2a: Toxapex|95/100 par|[from] Sandstorm
|upkeep
|turn|26
|
|t:|1654345404
|move|p1a: 鸡速折凡|Poison Jab|p2a: Toxapex
|-resisted|p2a: Toxapex
|-crit|p2a: Toxapex
|-damage|p2a: Toxapex|86/100 par
|cant|p2a: Toxapex|par
|
|-weather|Sandstorm|[upkeep]
|-damage|p1a: 鸡速折凡|89/100|[from] Sandstorm
|-damage|p2a: Toxapex|80/100 par|[from] Sandstorm
|upkeep
|turn|27
|
|t:|1654345415
|switch|p1a: 坚挺的200哥|Corviknight, M|100/100
|-ability|p1a: 坚挺的200哥|Pressure
|move|p2a: Toxapex|Poison Jab|p1a: 坚挺的200哥
|-immune|p1a: 坚挺的200哥
|
|-weather|none
|upkeep
|turn|28
|
|t:|1654345431
|move|p1a: 坚挺的200哥|U-turn|p2a: Toxapex
|-resisted|p2a: Toxapex
|-crit|p2a: Toxapex
|-damage|p2a: Toxapex|74/100 par
|
|t:|1654345434
|switch|p1a: 鸡速折凡|Toxapex, M|100/100|[from]move: U-turn
|move|p2a: Toxapex|Poison Jab|p1a: 鸡速折凡
|-resisted|p1a: 鸡速折凡
|-damage|p1a: 鸡速折凡|94/100
|
|upkeep
|turn|29
|
|t:|1654345444
|switch|p1a: 坚挺的200哥|Corviknight, M|100/100
|-ability|p1a: 坚挺的200哥|Pressure
|cant|p2a: Toxapex|par
|
|upkeep
|turn|30
|inactive|Battle timer is ON: inactive players will automatically lose when time's up. (requested by ULT4PDR Be spoiled)
|
|t:|1654345452
|move|p1a: 坚挺的200哥|U-turn|p2a: Toxapex
|-resisted|p2a: Toxapex
|-damage|p2a: Toxapex|69/100 par
|
|t:|1654345457
|switch|p1a: 鸡速折凡|Toxapex, M|100/100|[from]move: U-turn
|move|p2a: Toxapex|Knock Off|p1a: 鸡速折凡
|-damage|p1a: 鸡速折凡|93/100
|
|upkeep
|turn|31
|
|t:|1654345475
|switch|p1a: 坚挺的200哥|Corviknight, M|100/100
|-ability|p1a: 坚挺的200哥|Pressure
|move|p2a: Toxapex|Knock Off|p1a: 坚挺的200哥
|-damage|p1a: 坚挺的200哥|91/100
|-damage|p2a: Toxapex|53/100 par|[from] item: Rocky Helmet|[of] p1a: 坚挺的200哥
|-enditem|p1a: 坚挺的200哥|Rocky Helmet|[from] move: Knock Off|[of] p2a: Toxapex
|
|upkeep
|turn|32
|
|t:|1654345481
|move|p1a: 坚挺的200哥|U-turn|p2a: Toxapex
|-resisted|p2a: Toxapex
|-damage|p2a: Toxapex|48/100 par
|
|t:|1654345483
|switch|p1a: 喜欢福瑞的鱼鳞大小姐|Landorus-Therian, M|81/100|[from]move: U-turn
|-ability|p1a: 喜欢福瑞的鱼鳞大小姐|Intimidate|boost
|-unboost|p2a: Toxapex|atk|1
|move|p2a: Toxapex|Recover|p2a: Toxapex
|-heal|p2a: Toxapex|99/100 par
|
|upkeep
|turn|33
|inactive|crying snow has 270 seconds left.
|
|t:|1654345518
|switch|p2a: Dragonite|Dragonite, F|100/100
|move|p1a: 喜欢福瑞的鱼鳞大小姐|Earthquake|p2a: Dragonite
|-immune|p2a: Dragonite
|
|upkeep
|turn|34
|
|t:|1654345522
|move|p1a: 喜欢福瑞的鱼鳞大小姐|U-turn|p2a: Dragonite
|-resisted|p2a: Dragonite
|-damage|p2a: Dragonite|94/100
|
|t:|1654345525
|switch|p1a: 小泽玛利亚说轻点|Tyranitar, F|67/100 tox|[from]move: U-turn
|-weather|Sandstorm|[from] ability: Sand Stream|[of] p1a: 小泽玛利亚说轻点
|move|p2a: Dragonite|Defog|p1a: 小泽玛利亚说轻点
|-unboost|p1a: 小泽玛利亚说轻点|evasion|1
|-sideend|p2: crying snow|Stealth Rock|[from] move: Defog|[of] p2a: Dragonite
|
|-weather|Sandstorm|[upkeep]
|-damage|p2a: Dragonite|88/100|[from] Sandstorm
|-damage|p1a: 小泽玛利亚说轻点|61/100 tox|[from] psn
|upkeep
|turn|35
|
|t:|1654345533
|switch|p2a: Quagsire|Quagsire, M|87/100
|move|p1a: 小泽玛利亚说轻点|Rock Blast|p2a: Quagsire
|-resisted|p2a: Quagsire
|-damage|p2a: Quagsire|83/100
|-resisted|p2a: Quagsire
|-damage|p2a: Quagsire|79/100
|-hitcount|p2a: Quagsire|2
|
|-weather|Sandstorm|[upkeep]
|-heal|p2a: Quagsire|85/100|[from] item: Leftovers
|-damage|p1a: 小泽玛利亚说轻点|48/100 tox|[from] psn
|upkeep
|turn|36
|
|t:|1654345539
|switch|p1a: 坚挺的200哥|Corviknight, M|91/100
|-ability|p1a: 坚挺的200哥|Pressure
|move|p2a: Quagsire|Scald|p1a: 坚挺的200哥
|-damage|p1a: 坚挺的200哥|74/100
|-status|p1a: 坚挺的200哥|brn
|
|-weather|Sandstorm|[upkeep]
|-heal|p2a: Quagsire|91/100|[from] item: Leftovers
|-damage|p1a: 坚挺的200哥|68/100 brn|[from] brn
|upkeep
|turn|37
|
|t:|1654345554
|move|p1a: 坚挺的200哥|U-turn|p2a: Quagsire
|-damage|p2a: Quagsire|86/100
|
|t:|1654345557
|switch|p1a: 鸡速折凡|Toxapex, M|100/100|[from]move: U-turn
|move|p2a: Quagsire|Scald|p1a: 鸡速折凡
|-resisted|p1a: 鸡速折凡
|-damage|p1a: 鸡速折凡|94/100
|-status|p1a: 鸡速折凡|brn
|
|-weather|Sandstorm|[upkeep]
|-damage|p1a: 鸡速折凡|88/100 brn|[from] Sandstorm
|-heal|p2a: Quagsire|92/100|[from] item: Leftovers
|-damage|p1a: 鸡速折凡|82/100 brn|[from] brn
|upkeep
|turn|38
|
|t:|1654345562
|switch|p1a: 坚挺的200哥|Corviknight, M|68/100 brn
|-ability|p1a: 坚挺的200哥|Pressure
|switch|p2a: Toxapex|Toxapex, F|100/100 par
|
|-weather|none
|-damage|p1a: 坚挺的200哥|62/100 brn|[from] brn
|upkeep
|turn|39
|
|t:|1654345581
|switch|p2a: Zapdos|Zapdos|82/100 psn
|-ability|p2a: Zapdos|Pressure
|move|p1a: 坚挺的200哥|Roost|p1a: 坚挺的200哥
|-heal|p1a: 坚挺的200哥|100/100 brn
|-singleturn|p1a: 坚挺的200哥|move: Roost
|
|-damage|p2a: Zapdos|70/100 psn|[from] psn
|-damage|p1a: 坚挺的200哥|94/100 brn|[from] brn
|upkeep
|turn|40
|
|t:|1654345594
|switch|p2a: Quagsire|Quagsire, M|92/100
|switch|p1a: 喜欢福瑞的鱼鳞大小姐|Landorus-Therian, M|81/100
|-ability|p1a: 喜欢福瑞的鱼鳞大小姐|Intimidate|boost
|-unboost|p2a: Quagsire|atk|1
|
|-heal|p2a: Quagsire|98/100|[from] item: Leftovers
|upkeep
|turn|41
|
|t:|1654345599
|move|p1a: 喜欢福瑞的鱼鳞大小姐|Knock Off|p2a: Quagsire
|-damage|p2a: Quagsire|69/100
|-enditem|p2a: Quagsire|Leftovers|[from] move: Knock Off|[of] p1a: 喜欢福瑞的鱼鳞大小姐
|move|p2a: Quagsire|Scald|p1a: 喜欢福瑞的鱼鳞大小姐
|-supereffective|p1a: 喜欢福瑞的鱼鳞大小姐
|-damage|p1a: 喜欢福瑞的鱼鳞大小姐|36/100
|
|upkeep
|turn|42
|
|t:|1654345602
|move|p1a: 喜欢福瑞的鱼鳞大小姐|U-turn|p2a: Quagsire
|-damage|p2a: Quagsire|50/100
|
|t:|1654345607
|switch|p1a: 诡计多端的archer914|Dragapult, F|100/100|[from]move: U-turn
|move|p2a: Quagsire|Recover|p2a: Quagsire
|-heal|p2a: Quagsire|99/100
|
|upkeep
|turn|43
|inactive|crying snow has 270 seconds left.
|inactive|crying snow has 240 seconds left.
|inactive|crying snow has 210 seconds left.
|
|t:|1654345707
|move|p1a: 诡计多端的archer914|U-turn|p2a: Quagsire
|-damage|p2a: Quagsire|73/100
|
|t:|1654345725
|switch|p1a: 鸡速折凡|Toxapex, M|100/100 brn|[from]move: U-turn
|move|p2a: Quagsire|Recover|p2a: Quagsire
|-heal|p2a: Quagsire|100/100
|
|-damage|p1a: 鸡速折凡|95/100 brn|[from] brn
|upkeep
|turn|44
|
|t:|1654345733
|switch|p2a: Toxapex|Toxapex, F|100/100 par
|move|p1a: 鸡速折凡|Poison Jab|p2a: Toxapex
|-resisted|p2a: Toxapex
|-damage|p2a: Toxapex|98/100 par
|
|-damage|p1a: 鸡速折凡|89/100 brn|[from] brn
|upkeep
|turn|45
|
|t:|1654345740
|switch|p1a: 小泽玛利亚说轻点|Tyranitar, F|48/100 tox
|-weather|Sandstorm|[from] ability: Sand Stream|[of] p1a: 小泽玛利亚说轻点
|switch|p2a: Zapdos|Zapdos|70/100 psn
|-ability|p2a: Zapdos|Pressure
|
|-weather|Sandstorm|[upkeep]
|-damage|p2a: Zapdos|64/100 psn|[from] Sandstorm
|-damage|p2a: Zapdos|51/100 psn|[from] psn
|-damage|p1a: 小泽玛利亚说轻点|42/100 tox|[from] psn
|upkeep
|turn|46
|
|t:|1654345747
|switch|p2a: Quagsire|Quagsire, M|100/100
|move|p1a: 小泽玛利亚说轻点|Stealth Rock|p2a: Quagsire
|-sidestart|p2: crying snow|move: Stealth Rock
|
|-weather|Sandstorm|[upkeep]
|-damage|p1a: 小泽玛利亚说轻点|30/100 tox|[from] psn
|upkeep
|turn|47
|
|t:|1654345754
|switch|p1a: 坚挺的200哥|Corviknight, M|94/100 brn
|-ability|p1a: 坚挺的200哥|Pressure
|move|p2a: Quagsire|Scald|p1a: 坚挺的200哥
|-damage|p1a: 坚挺的200哥|76/100 brn
|
|-weather|Sandstorm|[upkeep]
|-damage|p1a: 坚挺的200哥|70/100 brn|[from] brn
|upkeep
|turn|48
|
|t:|1654345763
|move|p1a: 坚挺的200哥|Roost|p1a: 坚挺的200哥
|-heal|p1a: 坚挺的200哥|100/100 brn
|-singleturn|p1a: 坚挺的200哥|move: Roost
|move|p2a: Quagsire|Scald|p1a: 坚挺的200哥
|-damage|p1a: 坚挺的200哥|82/100 brn
|
|-weather|Sandstorm|[upkeep]
|-damage|p1a: 坚挺的200哥|76/100 brn|[from] brn
|upkeep
|turn|49
|
|t:|1654345769
|switch|p2a: Toxapex|Toxapex, F|100/100 par
|-damage|p2a: Toxapex|88/100 par|[from] Stealth Rock
|move|p1a: 坚挺的200哥|Roost|p1a: 坚挺的200哥
|-heal|p1a: 坚挺的200哥|100/100 brn
|-singleturn|p1a: 坚挺的200哥|move: Roost
|
|-weather|none
|-damage|p1a: 坚挺的200哥|94/100 brn|[from] brn
|upkeep
|turn|50
|
|t:|1654345775
|move|p1a: 坚挺的200哥|U-turn|p2a: Toxapex
|-resisted|p2a: Toxapex
|-damage|p2a: Toxapex|86/100 par
|
|t:|1654345777
|switch|p1a: 喜欢福瑞的鱼鳞大小姐|Landorus-Therian, M|36/100|[from]move: U-turn
|-ability|p1a: 喜欢福瑞的鱼鳞大小姐|Intimidate|boost
|-unboost|p2a: Toxapex|atk|1
|move|p2a: Toxapex|Knock Off|p1a: 喜欢福瑞的鱼鳞大小姐
|-crit|p1a: 喜欢福瑞的鱼鳞大小姐
|-damage|p1a: 喜欢福瑞的鱼鳞大小姐|10/100
|-enditem|p1a: 喜欢福瑞的鱼鳞大小姐|Expert Belt|[from] move: Knock Off|[of] p2a: Toxapex
|
|upkeep
|turn|51
|
|t:|1654345783
|switch|p2a: Quagsire|Quagsire, M|100/100
|-damage|p2a: Quagsire|94/100|[from] Stealth Rock
|move|p1a: 喜欢福瑞的鱼鳞大小姐|Earthquake|p2a: Quagsire
|-damage|p2a: Quagsire|55/100
|
|upkeep
|turn|52
|
|t:|1654345787
|move|p1a: 喜欢福瑞的鱼鳞大小姐|Earthquake|p2a: Quagsire
|-damage|p2a: Quagsire|11/100
|move|p2a: Quagsire|Recover|p2a: Quagsire
|-heal|p2a: Quagsire|61/100
|
|upkeep
|turn|53
|
|t:|1654345790
|move|p1a: 喜欢福瑞的鱼鳞大小姐|Earthquake|p2a: Quagsire
|-damage|p2a: Quagsire|20/100
|move|p2a: Quagsire|Recover|p2a: Quagsire
|-heal|p2a: Quagsire|70/100
|
|upkeep
|turn|54
|
|t:|1654345793
|move|p1a: 喜欢福瑞的鱼鳞大小姐|Earthquake|p2a: Quagsire
|-damage|p2a: Quagsire|29/100
|move|p2a: Quagsire|Recover|p2a: Quagsire
|-heal|p2a: Quagsire|79/100
|
|upkeep
|turn|55
|
|t:|1654345796
|move|p1a: 喜欢福瑞的鱼鳞大小姐|Earthquake|p2a: Quagsire
|-damage|p2a: Quagsire|40/100
|move|p2a: Quagsire|Recover|p2a: Quagsire
|-heal|p2a: Quagsire|90/100
|
|upkeep
|turn|56
|
|t:|1654345799
|move|p1a: 喜欢福瑞的鱼鳞大小姐|U-turn|p2a: Quagsire
|-damage|p2a: Quagsire|71/100
|
|t:|1654345802
|switch|p1a: 坚挺的200哥|Corviknight, M|94/100 brn|[from]move: U-turn
|-ability|p1a: 坚挺的200哥|Pressure
|move|p2a: Quagsire|Recover|p2a: Quagsire
|-heal|p2a: Quagsire|100/100
|
|-damage|p1a: 坚挺的200哥|88/100 brn|[from] brn
|upkeep
|turn|57
|
|t:|1654345808
|switch|p2a: Toxapex|Toxapex, F|100/100 par
|-damage|p2a: Toxapex|88/100 par|[from] Stealth Rock
|move|p1a: 坚挺的200哥|Roost|p1a: 坚挺的200哥
|-heal|p1a: 坚挺的200哥|100/100 brn
|-singleturn|p1a: 坚挺的200哥|move: Roost
|
|-damage|p1a: 坚挺的200哥|94/100 brn|[from] brn
|upkeep
|turn|58
|
|t:|1654345814
|move|p1a: 坚挺的200哥|Body Press|p2a: Toxapex
|-resisted|p2a: Toxapex
|-damage|p2a: Toxapex|84/100 par
|move|p2a: Toxapex|Knock Off|p1a: 坚挺的200哥
|-damage|p1a: 坚挺的200哥|88/100 brn
|
|-damage|p1a: 坚挺的200哥|82/100 brn|[from] brn
|upkeep
|turn|59
|
|t:|1654345821
|switch|p2a: Dragonite|Dragonite, F|88/100
|move|p1a: 坚挺的200哥|U-turn|p2a: Dragonite
|-resisted|p2a: Dragonite
|-damage|p2a: Dragonite|85/100
|
|t:|1654345826
|switch|p1a: 诡计多端的archer914|Dragapult, F|100/100|[from]move: U-turn
|
|upkeep
|turn|60
|
|t:|1654345836
|switch|p2a: Toxapex|Toxapex, F|100/100 par
|-damage|p2a: Toxapex|88/100 par|[from] Stealth Rock
|move|p1a: 诡计多端的archer914|Dragon Darts|p2a: Toxapex
|-damage|p2a: Toxapex|63/100 par
|-anim|p1a: 诡计多端的archer914|Dragon Darts|p2a: Toxapex
|-damage|p2a: Toxapex|40/100 par
|
|upkeep
|turn|61
|inactive|crying snow has 270 seconds left.
|inactive|crying snow has 240 seconds left.
|inactive|crying snow has 210 seconds left.
|
|t:|1654345947
|switch|p2a: Blissey|Blissey, F|100/100
|-damage|p2a: Blissey|88/100|[from] Stealth Rock
|move|p1a: 诡计多端的archer914|Dragon Darts|p2a: Blissey
|-damage|p2a: Blissey|51/100
|-anim|p1a: 诡计多端的archer914|Dragon Darts|p2a: Blissey
|-damage|p2a: Blissey|19/100
|
|-heal|p2a: Blissey|25/100|[from] item: Leftovers
|upkeep
|turn|62
|
|t:|1654345954
|move|p1a: 诡计多端的archer914|Dragon Darts|p2a: Blissey
|-damage|p2a: Blissey|0 fnt
|faint|p2a: Blissey
|
|upkeep
|
|t:|1654345967
|switch|p2a: Toxapex|Toxapex, F|74/100 par
|-damage|p2a: Toxapex|62/100 par|[from] Stealth Rock
|turn|63
|
|t:|1654345982
|switch|p2a: Zapdos|Zapdos|51/100 psn
|-ability|p2a: Zapdos|Pressure
|move|p1a: 诡计多端的archer914|Dragon Darts|p2a: Zapdos
|-damage|p2a: Zapdos|25/100 psn
|-anim|p1a: 诡计多端的archer914|Dragon Darts|p2a: Zapdos
|-damage|p2a: Zapdos|0 fnt
|faint|p2a: Zapdos
|
|upkeep
|
|t:|1654345988
|switch|p2a: Quagsire|Quagsire, M|100/100
|-damage|p2a: Quagsire|94/100|[from] Stealth Rock
|turn|64
|
|t:|1654345992
|move|p1a: 诡计多端的archer914|Dragon Darts|p2a: Quagsire
|-damage|p2a: Quagsire|64/100
|-anim|p1a: 诡计多端的archer914|Dragon Darts|p2a: Quagsire
|-damage|p2a: Quagsire|33/100
|move|p2a: Quagsire|Scald|p1a: 诡计多端的archer914
|-resisted|p1a: 诡计多端的archer914
|-damage|p1a: 诡计多端的archer914|86/100
|-status|p1a: 诡计多端的archer914|brn
|
|-damage|p1a: 诡计多端的archer914|80/100 brn|[from] brn
|upkeep
|turn|65
|
|t:|1654345999
|move|p1a: 诡计多端的archer914|Dragon Darts|p2a: Quagsire
|-crit|p2a: Quagsire
|-damage|p2a: Quagsire|10/100
|-anim|p1a: 诡计多端的archer914|Dragon Darts|p2a: Quagsire
|-damage|p2a: Quagsire|0 fnt
|faint|p2a: Quagsire
|
|-damage|p1a: 诡计多端的archer914|74/100 brn|[from] brn
|upkeep
|
|t:|1654346003
|switch|p2a: Toxapex|Toxapex, F|95/100 par
|-damage|p2a: Toxapex|83/100 par|[from] Stealth Rock
|turn|66
|
|t:|1654346009
|switch|p1a: 小泽玛利亚说轻点|Tyranitar, F|30/100 tox
|-weather|Sandstorm|[from] ability: Sand Stream|[of] p1a: 小泽玛利亚说轻点
|move|p2a: Toxapex|Knock Off|p1a: 小泽玛利亚说轻点
|-resisted|p1a: 小泽玛利亚说轻点
|-damage|p1a: 小泽玛利亚说轻点|27/100 tox
|
|-weather|Sandstorm|[upkeep]
|-damage|p2a: Toxapex|77/100 par|[from] Sandstorm
|-damage|p1a: 小泽玛利亚说轻点|20/100 tox|[from] psn
|upkeep
|turn|67
|
|t:|1654346013
|move|p1a: 小泽玛利亚说轻点|Rock Blast|p2a: Toxapex
|-damage|p2a: Toxapex|70/100 par
|-damage|p2a: Toxapex|63/100 par
|-hitcount|p2a: Toxapex|2
|move|p2a: Toxapex|Recover|p2a: Toxapex
|-heal|p2a: Toxapex|100/100 par
|
|-weather|Sandstorm|[upkeep]
|-damage|p2a: Toxapex|95/100 par|[from] Sandstorm
|-damage|p1a: 小泽玛利亚说轻点|8/100 tox|[from] psn
|upkeep
|turn|68
|
|t:|1654346018
|move|p1a: 小泽玛利亚说轻点|Rock Blast|p2a: Toxapex
|-damage|p2a: Toxapex|87/100 par
|-damage|p2a: Toxapex|80/100 par
|-hitcount|p2a: Toxapex|2
|cant|p2a: Toxapex|par
|
|-weather|Sandstorm|[upkeep]
|-damage|p2a: Toxapex|74/100 par|[from] Sandstorm
|-damage|p1a: 小泽玛利亚说轻点|0 fnt|[from] psn
|faint|p1a: 小泽玛利亚说轻点
|upkeep
|
|t:|1654346020
|switch|p1a: 忙于戒色的lza|Heatran, M|100/100
|turn|69
|
|t:|1654346025
|switch|p2a: Dragonite|Dragonite, F|85/100
|move|p1a: 忙于戒色的lza|Eruption|p2a: Dragonite
|-resisted|p2a: Dragonite
|-damage|p2a: Dragonite|42/100
|
|-weather|Sandstorm|[upkeep]
|-damage|p2a: Dragonite|35/100|[from] Sandstorm
|upkeep
|turn|70
|
|t:|1654346030
|move|p1a: 忙于戒色的lza|Eruption|p2a: Dragonite
|-resisted|p2a: Dragonite
|-damage|p2a: Dragonite|0 fnt
|faint|p2a: Dragonite
|
|-weather|none
|upkeep
|
|t:|1654346032
|switch|p2a: Toxapex|Toxapex, F|100/100 par
|-damage|p2a: Toxapex|88/100 par|[from] Stealth Rock
|turn|71
|inactive|crying snow has 270 seconds left.
|
|t:|1654346041
|move|p1a: 忙于戒色的lza|Eruption|p2a: Toxapex
|-resisted|p2a: Toxapex
|-damage|p2a: Toxapex|32/100 par
|move|p2a: Toxapex|Knock Off|p1a: 忙于戒色的lza
|-damage|p1a: 忙于戒色的lza|84/100
|-enditem|p1a: 忙于戒色的lza|Choice Specs|[from] move: Knock Off|[of] p2a: Toxapex
|
|upkeep
|turn|72
|
|t:|1654346044
|move|p1a: 忙于戒色的lza|Earth Power|p2a: Toxapex
|-supereffective|p2a: Toxapex
|-crit|p2a: Toxapex
|-damage|p2a: Toxapex|0 fnt
|faint|p2a: Toxapex
|
|win|ULT4PDR Be spoiled
|c|☆crying snow|ggs
