|j|☆Uzigunner
|j|☆winter lanterns
|player|p1|Uzigunner|56|1616
|player|p2|winter lanterns|burglar|1555
|teamsize|p1|6
|teamsize|p2|6
|gametype|singles
|gen|8
|tier|[Gen 8] OU
|rated|
|clearpoke
|poke|p1|Raichu-Alola, M|
|poke|p1|Pincurchin, F|
|poke|p1|Bisharp, F|
|poke|p1|Kommo-o, F|
|poke|p1|Xatu, F|
|poke|p1|Azumarill, F|
|poke|p2|Skarmory, F|
|poke|p2|Cinderace, F|
|poke|p2|Azumarill, F|
|poke|p2|Dragapult, F|
|poke|p2|Hawlucha, M|
|poke|p2|Volcarona, F|
|rule|Sleep Clause Mod: Limit one foe put to sleep
|rule|Species Clause: Limit one of each Pokémon
|rule|OHKO Clause: OHKO moves are banned
|rule|Evasion Moves Clause: Evasion moves are banned
|rule|Endless Battle Clause: Forcing endless battles is banned
|rule|HP Percentage Mod: HP is shown in percentages
|rule|Dynamax Clause: You cannot dynamax
|teampreview
|
|start
|switch|p1a: Azumarill|Azumarill, F|100/100
|switch|p2a: Skarmory|Skarmory, F|100/100
|turn|1
|
|switch|p1a: Xatu|Xatu, F|100/100
|move|p2a: Skarmory|Stealth Rock|p1a: Xatu
|move|p1a: Xatu|Stealth Rock|p2a: Skarmory|[from]Magic Bounce
|-sidestart|p2: winter lanterns|move: Stealth Rock
|
|upkeep
|turn|2
|
|move|p2a: Skarmory|Brave Bird|p1a: Xatu
|-damage|p1a: Xatu|53/100
|-damage|p2a: Skarmory|79/100|[from] Recoil
|move|p1a: Xatu|Heat Wave|p2a: Skarmory|[miss]
|-miss|p1a: Xatu|p2a: Skarmory
|
|upkeep
|turn|3
|
|switch|p2a: Cinderace|Cinderace, F|100/100
|-damage|p2a: Cinderace|76/100|[from] Stealth Rock
|move|p1a: Xatu|Roost|p1a: Xatu
|-heal|p1a: Xatu|100/100
|-singleturn|p1a: Xatu|move: Roost
|
|upkeep
|turn|4
|
|move|p2a: Cinderace|U-turn|p1a: Xatu
|-start|p2a: Cinderace|typechange|Bug|[from] ability: Libero
|-damage|p1a: Xatu|64/100
|
|switch|p2a: Skarmory|Skarmory, F|79/100|[from]move: U-turn
|-damage|p2a: Skarmory|66/100|[from] Stealth Rock
|move|p1a: Xatu|Psychic|p2a: Skarmory
|-resisted|p2a: Skarmory
|-damage|p2a: Skarmory|33/100
|-unboost|p2a: Skarmory|spd|1
|
|upkeep
|turn|5
|
|move|p2a: Skarmory|Brave Bird|p1a: Xatu
|-damage|p1a: Xatu|24/100
|-damage|p2a: Skarmory|14/100|[from] Recoil
|-enditem|p2a: Skarmory|Salac Berry|[eat]
|-boost|p2a: Skarmory|spe|1|[from] item: Salac Berry
|move|p1a: Xatu|Roost|p1a: Xatu
|-heal|p1a: Xatu|74/100
|-singleturn|p1a: Xatu|move: Roost
|
|upkeep
|turn|6
|
|move|p2a: Skarmory|Brave Bird|p1a: Xatu
|-damage|p1a: Xatu|33/100
|-damage|p2a: Skarmory|0 fnt|[from] Recoil
|faint|p2a: Skarmory
|move|p1a: Xatu|Roost|p1a: Xatu
|-heal|p1a: Xatu|83/100
|-singleturn|p1a: Xatu|move: Roost
|
|upkeep
|
|switch|p2a: Volcarona|Volcarona, F|100/100
|turn|7
|
|switch|p1a: Azumarill|Azumarill, F|100/100
|move|p2a: Volcarona|Quiver Dance|p2a: Volcarona
|-boost|p2a: Volcarona|spa|1
|-boost|p2a: Volcarona|spd|1
|-boost|p2a: Volcarona|spe|1
|
|upkeep
|turn|8
|
|move|p2a: Volcarona|Psychic|p1a: Azumarill
|-damage|p1a: Azumarill|67/100
|move|p1a: Azumarill|Liquidation|p2a: Volcarona
|-supereffective|p2a: Volcarona
|-damage|p2a: Volcarona|0 fnt
|-status|p1a: Azumarill|brn|[from] ability: Flame Body|[of] p2a: Volcarona
|faint|p2a: Volcarona
|
|-damage|p1a: Azumarill|61/100 brn|[from] brn
|upkeep
|
|switch|p2a: Azumarill|Azumarill, F|100/100
|-damage|p2a: Azumarill|88/100|[from] Stealth Rock
|turn|9
|
|move|p2a: Azumarill|Belly Drum|p2a: Azumarill
|-damage|p2a: Azumarill|38/100
|-setboost|p2a: Azumarill|atk|6|[from] move: Belly Drum
|-enditem|p2a: Azumarill|Sitrus Berry|[eat]
|-heal|p2a: Azumarill|63/100|[from] item: Sitrus Berry
|move|p1a: Azumarill|Play Rough|p2a: Azumarill
|-damage|p2a: Azumarill|30/100
|
|-damage|p1a: Azumarill|55/100 brn|[from] brn
|upkeep
|turn|10
|
|switch|p1a: Xatu|Xatu, F|83/100
|move|p2a: Azumarill|Aqua Jet|p1a: Xatu
|-damage|p1a: Xatu|0 fnt
|faint|p1a: Xatu
|
|upkeep
|
|switch|p1a: Kommo-o|Kommo-o, F|100/100
|turn|11
|
|move|p1a: Kommo-o|Poison Jab|p2a: Azumarill
|-supereffective|p2a: Azumarill
|-damage|p2a: Azumarill|0 fnt
|faint|p2a: Azumarill
|
|upkeep
|
|switch|p2a: Hawlucha|Hawlucha, M|100/100
|-damage|p2a: Hawlucha|88/100|[from] Stealth Rock
|turn|12
|
|switch|p1a: Pincurchin|Pincurchin, F|100/100
|-fieldstart|move: Electric Terrain|[from] ability: Electric Surge|[of] p1a: Pincurchin
|move|p2a: Hawlucha|Swords Dance|p2a: Hawlucha
|-boost|p2a: Hawlucha|atk|2
|
|upkeep
|turn|13
|
|move|p2a: Hawlucha|Substitute|p2a: Hawlucha
|-start|p2a: Hawlucha|Substitute
|-damage|p2a: Hawlucha|63/100
|move|p1a: Pincurchin|Rising Voltage|p2a: Hawlucha
|-supereffective|p2a: Hawlucha
|-end|p2a: Hawlucha|Substitute
|
|upkeep
|turn|14
|
|move|p2a: Hawlucha|Substitute|p2a: Hawlucha
|-start|p2a: Hawlucha|Substitute
|-damage|p2a: Hawlucha|38/100
|-enditem|p2a: Hawlucha|Sitrus Berry|[eat]
|-heal|p2a: Hawlucha|63/100|[from] item: Sitrus Berry
|move|p1a: Pincurchin|Rising Voltage|p2a: Hawlucha
|-supereffective|p2a: Hawlucha
|-end|p2a: Hawlucha|Substitute
|
|upkeep
|turn|15
|
|move|p2a: Hawlucha|Close Combat|p1a: Pincurchin
|-damage|p1a: Pincurchin|5/100
|-unboost|p2a: Hawlucha|def|1
|-unboost|p2a: Hawlucha|spd|1
|move|p1a: Pincurchin|Rising Voltage|p2a: Hawlucha
|-supereffective|p2a: Hawlucha
|-damage|p2a: Hawlucha|0 fnt
|faint|p2a: Hawlucha
|
|upkeep
|-message|winter lanterns forfeited.
|
|win|Uzigunner
|l|☆winter lanterns
|raw|Uzigunner's rating: 1616 &rarr; <strong>1633</strong><br />(+17 for winning)
|raw|winter lanterns's rating: 1555 &rarr; <strong>1539</strong><br />(-16 for losing)
