|j|☆friedfreak
|j|☆rossvegas dude
|t:|1614183402
|player|p1|friedfreak|2|1703
|player|p2|rossvegas dude|ruinmaniac|1658
|teamsize|p1|6
|teamsize|p2|6
|gametype|singles
|gen|8
|tier|[Gen 8] OU
|rated|
|clearpoke
|poke|p1|Heatran, M|
|poke|p1|Landorus-Therian, M|
|poke|p1|Corviknight, F|
|poke|p1|Tapu Koko|
|poke|p1|Kartana|
|poke|p1|Slowking, M|
|poke|p2|Magnezone|
|poke|p2|Excadrill, M|
|poke|p2|Rillaboom, F|
|poke|p2|Slowbro, F|
|poke|p2|Moltres|
|poke|p2|Latios, M|
|rule|Sleep Clause Mod: Limit one foe put to sleep
|rule|Species Clause: Limit one of each Pokémon
|rule|OHKO Clause: OHKO moves are banned
|rule|Evasion Moves Clause: Evasion moves are banned
|rule|Endless Battle Clause: Forcing endless battles is banned
|rule|HP Percentage Mod: HP is shown in percentages
|rule|Dynamax Clause: You cannot dynamax
|teampreview
|c|☆rossvegas dude|glhf
|
|t:|1614183420
|start
|switch|p1a: Landorus|Landorus-Therian, M|100/100
|switch|p2a: Rillaboom|Rillaboom, F|100/100
|-ability|p1a: Landorus|Intimidate|boost
|-unboost|p2a: Rillaboom|atk|1
|-fieldstart|move: Grassy Terrain|[from] ability: Grassy Surge|[of] p2a: Rillaboom
|turn|1
|
|t:|1614183426
|move|p1a: Landorus|U-turn|p2a: Rillaboom
|-supereffective|p2a: Rillaboom
|-damage|p2a: Rillaboom|44/100
|j| asterizi
|
|t:|1614183430
|switch|p1a: Corviknight|Corviknight, F|100/100|[from]move: U-turn
|-ability|p1a: Corviknight|Pressure
|move|p2a: Rillaboom|U-turn|p1a: Corviknight
|-resisted|p1a: Corviknight
|-damage|p1a: Corviknight|96/100
|-damage|p2a: Rillaboom|28/100|[from] item: Rocky Helmet|[of] p1a: Corviknight
|
|t:|1614183434
|switch|p2a: Magnezone|Magnezone|100/100|[from]move: U-turn
|-item|p2a: Magnezone|Air Balloon
|
|upkeep
|turn|2
|
|t:|1614183443
|move|p2a: Magnezone|Thunderbolt|p1a: Corviknight
|-supereffective|p1a: Corviknight
|-damage|p1a: Corviknight|18/100
|move|p1a: Corviknight|U-turn|p2a: Magnezone
|-resisted|p2a: Magnezone
|-damage|p2a: Magnezone|95/100
|-enditem|p2a: Magnezone|Air Balloon
|j| Xephix
|
|t:|1614183448
|switch|p1a: Heatran|Heatran, M|100/100|[from]move: U-turn
|
|-heal|p2a: Magnezone|100/100|[from] Grassy Terrain
|upkeep
|turn|3
|
|t:|1614183463
|switch|p2a: Moltres|Moltres|100/100
|move|p1a: Heatran|Stealth Rock|p2a: Moltres
|-sidestart|p2: rossvegas dude|move: Stealth Rock
|
|upkeep
|turn|4
|
|t:|1614183467
|move|p2a: Moltres|Defog|p1a: Heatran
|-unboost|p1a: Heatran|evasion|1
|-sideend|p2: rossvegas dude|Stealth Rock|[from] move: Defog|[of] p2a: Moltres
|-fieldend|move: Grassy Terrain
|move|p1a: Heatran|Magma Storm|p2a: Moltres
|-resisted|p2a: Moltres
|-damage|p2a: Moltres|79/100
|-activate|p2a: Moltres|move: Magma Storm|[of] p1a: Heatran
|
|-damage|p2a: Moltres|67/100|[from] move: Magma Storm|[partiallytrapped]
|upkeep
|turn|5
|
|t:|1614183474
|move|p2a: Moltres|Roost|p2a: Moltres
|-heal|p2a: Moltres|100/100
|-singleturn|p2a: Moltres|move: Roost
|move|p1a: Heatran|Stealth Rock|p2a: Moltres
|-sidestart|p2: rossvegas dude|move: Stealth Rock
|
|-damage|p2a: Moltres|88/100|[from] move: Magma Storm|[partiallytrapped]
|upkeep
|turn|6
|
|t:|1614183483
|move|p1a: Heatran|Protect|p1a: Heatran
|-singleturn|p1a: Heatran|Protect
|move|p2a: Moltres|Defog|p1a: Heatran
|-activate|p1a: Heatran|move: Protect
|
|-damage|p2a: Moltres|76/100|[from] move: Magma Storm|[partiallytrapped]
|upkeep
|turn|7
|
|t:|1614183509
|move|p2a: Moltres|Defog|p1a: Heatran
|-unboost|p1a: Heatran|evasion|1
|-sideend|p2: rossvegas dude|Stealth Rock|[from] move: Defog|[of] p2a: Moltres
|move|p1a: Heatran|Magma Storm|p2a: Moltres|[miss]
|-miss|p1a: Heatran|p2a: Moltres
|
|-damage|p2a: Moltres|64/100|[from] move: Magma Storm|[partiallytrapped]
|upkeep
|turn|8
|
|t:|1614183515
|move|p2a: Moltres|Scorching Sands|p1a: Heatran
|-supereffective|p1a: Heatran
|-damage|p1a: Heatran|51/100
|move|p1a: Heatran|Earth Power|p2a: Moltres
|-immune|p2a: Moltres
|
|-heal|p1a: Heatran|57/100|[from] item: Leftovers
|-end|p2a: Moltres|Magma Storm|[partiallytrapped]
|upkeep
|turn|9
|
|t:|1614183523
|switch|p1a: Tapu Koko|Tapu Koko|100/100
|-fieldstart|move: Electric Terrain|[from] ability: Electric Surge|[of] p1a: Tapu Koko
|move|p2a: Moltres|Scorching Sands|p1a: Tapu Koko
|-supereffective|p1a: Tapu Koko
|-crit|p1a: Tapu Koko
|-damage|p1a: Tapu Koko|5/100
|-status|p1a: Tapu Koko|brn
|
|-damage|p1a: Tapu Koko|0 fnt|[from] brn
|faint|p1a: Tapu Koko
|upkeep
|
|t:|1614183529
|switch|p1a: Slowking|Slowking, M|100/100
|turn|10
|
|t:|1614183532
|switch|p2a: Slowbro|Slowbro, F|100/100
|move|p1a: Slowking|Scald|p2a: Slowbro
|-resisted|p2a: Slowbro
|-damage|p2a: Slowbro|86/100
|
|-heal|p2a: Slowbro|92/100|[from] item: Leftovers
|upkeep
|turn|11
|
|t:|1614183535
|move|p1a: Slowking|Future Sight|p2a: Slowbro
|-start|p1a: Slowking|move: Future Sight
|move|p2a: Slowbro|Teleport|p2a: Slowbro
|j| a1212
|
|t:|1614183538
|switch|p2a: Rillaboom|Rillaboom, F|28/100|[from]move: Teleport
|-fieldstart|move: Grassy Terrain|[from] ability: Grassy Surge|[of] p2a: Rillaboom
|
|-heal|p2a: Rillaboom|34/100|[from] Grassy Terrain
|upkeep
|turn|12
|
|t:|1614183545
|switch|p1a: Corviknight|Corviknight, F|18/100
|-ability|p1a: Corviknight|Pressure
|move|p2a: Rillaboom|Knock Off|p1a: Corviknight
|-damage|p1a: Corviknight|0 fnt
|-damage|p2a: Rillaboom|18/100|[from] item: Rocky Helmet|[of] p1a: Corviknight
|-enditem|p1a: Corviknight|Rocky Helmet|[from] move: Knock Off|[of] p2a: Rillaboom
|faint|p1a: Corviknight
|
|-heal|p2a: Rillaboom|24/100|[from] Grassy Terrain
|upkeep
|
|t:|1614183555
|switch|p1a: Kartana|Kartana|100/100
|turn|13
|
|t:|1614183581
|switch|p2a: Magnezone|Magnezone|100/100
|move|p1a: Kartana|Knock Off|p2a: Magnezone
|-damage|p2a: Magnezone|66/100
|
|-end|p2a: Magnezone|move: Future Sight
|-resisted|p2a: Magnezone
|-damage|p2a: Magnezone|39/100
|-heal|p2a: Magnezone|45/100|[from] Grassy Terrain
|upkeep
|turn|14
|
|t:|1614183591
|move|p1a: Kartana|Knock Off|p2a: Magnezone
|-damage|p2a: Magnezone|10/100
|move|p2a: Magnezone|Body Press|p1a: Kartana
|-supereffective|p1a: Kartana
|-damage|p1a: Kartana|39/100
|
|-heal|p1a: Kartana|45/100|[from] Grassy Terrain
|-heal|p2a: Magnezone|16/100|[from] Grassy Terrain
|upkeep
|turn|15
|
|t:|1614183596
|move|p1a: Kartana|Knock Off|p2a: Magnezone
|-damage|p2a: Magnezone|0 fnt
|faint|p2a: Magnezone
|-ability|p1a: Kartana|Beast Boost|boost
|-boost|p1a: Kartana|atk|1
|
|-heal|p1a: Kartana|51/100|[from] Grassy Terrain
|-fieldend|move: Grassy Terrain
|upkeep
|
|t:|1614183602
|switch|p2a: Latios|Latios, M|100/100
|turn|16
|
|t:|1614183608
|switch|p1a: Slowking|Slowking, M|100/100
|move|p2a: Latios|Psychic|p1a: Slowking
|-resisted|p1a: Slowking
|-damage|p1a: Slowking|88/100
|
|upkeep
|turn|17
|
|t:|1614183615
|switch|p2a: Rillaboom|Rillaboom, F|24/100
|-fieldstart|move: Grassy Terrain|[from] ability: Grassy Surge|[of] p2a: Rillaboom
|move|p1a: Slowking|Scald|p2a: Rillaboom
|-resisted|p2a: Rillaboom
|-damage|p2a: Rillaboom|4/100
|
|-heal|p2a: Rillaboom|10/100|[from] Grassy Terrain
|-heal|p1a: Slowking|94/100|[from] Grassy Terrain
|upkeep
|turn|18
|l| asterizi
|
|t:|1614183635
|switch|p1a: Heatran|Heatran, M|57/100
|move|p2a: Rillaboom|U-turn|p1a: Heatran
|-resisted|p1a: Heatran
|-damage|p1a: Heatran|49/100
|
|t:|1614183640
|switch|p2a: Slowbro|Slowbro, F|100/100|[from]move: U-turn
|
|-heal|p1a: Heatran|55/100|[from] Grassy Terrain
|-heal|p1a: Heatran|61/100|[from] item: Leftovers
|upkeep
|turn|19
|
|t:|1614183651
|move|p1a: Heatran|Stealth Rock|p2a: Slowbro
|-sidestart|p2: rossvegas dude|move: Stealth Rock
|move|p2a: Slowbro|Scald|p1a: Heatran
|-supereffective|p1a: Heatran
|-damage|p1a: Heatran|25/100
|
|-heal|p1a: Heatran|31/100|[from] Grassy Terrain
|-heal|p1a: Heatran|37/100|[from] item: Leftovers
|upkeep
|turn|20
|
|t:|1614183656
|move|p1a: Heatran|Protect|p1a: Heatran
|-singleturn|p1a: Heatran|Protect
|move|p2a: Slowbro|Scald|p1a: Heatran
|-activate|p1a: Heatran|move: Protect
|
|-heal|p1a: Heatran|44/100|[from] Grassy Terrain
|-heal|p1a: Heatran|50/100|[from] item: Leftovers
|upkeep
|turn|21
|
|t:|1614183668
|switch|p1a: Slowking|Slowking, M|100/100
|move|p2a: Slowbro|Teleport|p2a: Slowbro
|
|t:|1614183684
|switch|p2a: Latios|Latios, M|100/100|[from]move: Teleport
|-damage|p2a: Latios|88/100|[from] Stealth Rock
|
|-fieldend|move: Grassy Terrain
|upkeep
|turn|22
|
|t:|1614183692
|move|p2a: Latios|Trick|p1a: Slowking
|-activate|p2a: Latios|move: Trick|[of] p1a: Slowking
|-item|p1a: Slowking|Choice Scarf|[from] move: Trick
|-item|p2a: Latios|Heavy-Duty Boots|[from] move: Trick
|move|p1a: Slowking|Future Sight|p2a: Latios
|-start|p1a: Slowking|move: Future Sight
|
|upkeep
|turn|23
|j| bot livre
|
|t:|1614183706
|switch|p1a: Heatran|Heatran, M|50/100
|move|p2a: Latios|Psychic|p1a: Heatran
|-resisted|p1a: Heatran
|-damage|p1a: Heatran|36/100
|
|-heal|p1a: Heatran|42/100|[from] item: Leftovers
|upkeep
|turn|24
|
|t:|1614183718
|move|p2a: Latios|Psychic|p1a: Heatran
|-resisted|p1a: Heatran
|-damage|p1a: Heatran|26/100
|move|p1a: Heatran|Magma Storm|p2a: Latios
|-resisted|p2a: Latios
|-damage|p2a: Latios|68/100
|-activate|p2a: Latios|move: Magma Storm|[of] p1a: Heatran
|
|-end|p2a: Latios|move: Future Sight
|-resisted|p2a: Latios
|-damage|p2a: Latios|47/100
|-heal|p1a: Heatran|32/100|[from] item: Leftovers
|-damage|p2a: Latios|34/100|[from] move: Magma Storm|[partiallytrapped]
|upkeep
|turn|25
|
|t:|1614183728
|move|p1a: Heatran|Protect|p1a: Heatran
|-singleturn|p1a: Heatran|Protect
|move|p2a: Latios|Trick|p1a: Heatran
|-activate|p1a: Heatran|move: Protect
|
|-heal|p1a: Heatran|38/100|[from] item: Leftovers
|-damage|p2a: Latios|22/100|[from] move: Magma Storm|[partiallytrapped]
|upkeep
|turn|26
|
|t:|1614183741
|switch|p1a: Slowking|Slowking, M|100/100
|move|p2a: Latios|Psychic|p1a: Slowking
|-resisted|p1a: Slowking
|-damage|p1a: Slowking|88/100
|
|-end|p2a: Latios|Magma Storm|[partiallytrapped]|[silent]
|upkeep
|turn|27
|
|t:|1614183749
|move|p2a: Latios|Draco Meteor|p1a: Slowking
|-damage|p1a: Slowking|50/100
|-unboost|p2a: Latios|spa|2
|move|p1a: Slowking|Scald|p2a: Latios
|-resisted|p2a: Latios
|-damage|p2a: Latios|7/100
|
|upkeep
|turn|28
|
|t:|1614183755
|switch|p2a: Slowbro|Slowbro, F|100/100
|-damage|p2a: Slowbro|88/100|[from] Stealth Rock
|move|p1a: Slowking|Scald|p2a: Slowbro
|-resisted|p2a: Slowbro
|-damage|p2a: Slowbro|74/100
|
|-heal|p2a: Slowbro|80/100|[from] item: Leftovers
|upkeep
|turn|29
|
|t:|1614183762
|move|p1a: Slowking|Scald|p2a: Slowbro
|-resisted|p2a: Slowbro
|-damage|p2a: Slowbro|66/100
|-status|p2a: Slowbro|brn
|move|p2a: Slowbro|Future Sight|p1a: Slowking
|-start|p2a: Slowbro|move: Future Sight
|
|-heal|p2a: Slowbro|72/100 brn|[from] item: Leftovers
|-damage|p2a: Slowbro|66/100 brn|[from] brn
|upkeep
|turn|30
|
|t:|1614183772
|move|p1a: Slowking|Scald|p2a: Slowbro
|-resisted|p2a: Slowbro
|-damage|p2a: Slowbro|53/100 brn
|move|p2a: Slowbro|Teleport|p2a: Slowbro
|
|t:|1614183779
|switch|p2a: Excadrill|Excadrill, M|100/100|[from]move: Teleport
|-damage|p2a: Excadrill|97/100|[from] Stealth Rock
|-ability|p2a: Excadrill|Mold Breaker
|
|-heal|p2a: Excadrill|100/100|[from] item: Leftovers
|upkeep
|turn|31
|
|t:|1614183787
|switch|p1a: Heatran|Heatran, M|38/100
|move|p2a: Excadrill|High Horsepower|p1a: Heatran
|-supereffective|p1a: Heatran
|-damage|p1a: Heatran|0 fnt
|faint|p1a: Heatran
|
|-hint|Future Sight did not hit because the target is fainted.
|upkeep
|
|t:|1614183804
|switch|p1a: Kartana|Kartana|51/100
|turn|32
|
|t:|1614183810
|switch|p2a: Moltres|Moltres|64/100
|move|p1a: Kartana|Sacred Sword|p2a: Moltres
|-resisted|p2a: Moltres
|-damage|p2a: Moltres|40/100
|
|upkeep
|turn|33
|
|t:|1614183819
|switch|p1a: Slowking|Slowking, M|83/100
|move|p2a: Moltres|Roost|p2a: Moltres
|-heal|p2a: Moltres|90/100
|-singleturn|p2a: Moltres|move: Roost
|
|upkeep
|turn|34
|
|t:|1614183822
|move|p2a: Moltres|Defog|p1a: Slowking
|-unboost|p1a: Slowking|evasion|1
|-sideend|p2: rossvegas dude|Stealth Rock|[from] move: Defog|[of] p2a: Moltres
|move|p1a: Slowking|Scald|p2a: Moltres
|-supereffective|p2a: Moltres
|-damage|p2a: Moltres|39/100
|
|upkeep
|turn|35
|
|t:|1614183829
|switch|p2a: Latios|Latios, M|7/100
|move|p1a: Slowking|Scald|p2a: Latios
|-resisted|p2a: Latios
|-damage|p2a: Latios|0 fnt
|faint|p2a: Latios
|
|upkeep
|
|t:|1614183832
|switch|p2a: Rillaboom|Rillaboom, F|10/100
|-fieldstart|move: Grassy Terrain|[from] ability: Grassy Surge|[of] p2a: Rillaboom
|turn|36
|
|t:|1614183852
|switch|p1a: Landorus|Landorus-Therian, M|100/100
|-ability|p1a: Landorus|Intimidate|boost
|-unboost|p2a: Rillaboom|atk|1
|move|p2a: Rillaboom|Knock Off|p1a: Landorus
|-damage|p1a: Landorus|59/100
|-enditem|p1a: Landorus|Choice Scarf|[from] move: Knock Off|[of] p2a: Rillaboom
|
|-heal|p2a: Rillaboom|17/100|[from] Grassy Terrain
|upkeep
|turn|37
|
|t:|1614183864
|switch|p2a: Slowbro|Slowbro, F|86/100 brn
|move|p1a: Landorus|Knock Off|p2a: Slowbro
|-supereffective|p2a: Slowbro
|-damage|p2a: Slowbro|45/100 brn
|-enditem|p2a: Slowbro|Leftovers|[from] move: Knock Off|[of] p1a: Landorus
|
|-heal|p2a: Slowbro|51/100 brn|[from] Grassy Terrain
|-damage|p2a: Slowbro|45/100 brn|[from] brn
|upkeep
|turn|38
|
|t:|1614183877
|move|p1a: Landorus|U-turn|p2a: Slowbro
|-supereffective|p2a: Slowbro
|-damage|p2a: Slowbro|11/100 brn
|
|t:|1614183880
|switch|p1a: Slowking|Slowking, M|100/100|[from]move: U-turn
|move|p2a: Slowbro|Slack Off|p2a: Slowbro
|-heal|p2a: Slowbro|61/100 brn
|
|-heal|p2a: Slowbro|67/100 brn|[from] Grassy Terrain
|-damage|p2a: Slowbro|61/100 brn|[from] brn
|upkeep
|turn|39
|
|t:|1614183890
|move|p2a: Slowbro|Future Sight|p1a: Slowking
|-start|p2a: Slowbro|move: Future Sight
|move|p1a: Slowking|Teleport|p1a: Slowking
|
|t:|1614183892
|switch|p1a: Kartana|Kartana|51/100|[from]move: Teleport
|
|-heal|p1a: Kartana|57/100|[from] Grassy Terrain
|-heal|p2a: Slowbro|67/100 brn|[from] Grassy Terrain
|-damage|p2a: Slowbro|61/100 brn|[from] brn
|upkeep
|turn|40
|
|t:|1614183909
|switch|p2a: Moltres|Moltres|39/100
|move|p1a: Kartana|Leaf Blade|p2a: Moltres
|-resisted|p2a: Moltres
|-damage|p2a: Moltres|16/100
|
|-heal|p1a: Kartana|63/100|[from] Grassy Terrain
|-fieldend|move: Grassy Terrain
|upkeep
|turn|41
|
|t:|1614183914
|switch|p1a: Slowking|Slowking, M|100/100
|move|p2a: Moltres|Roost|p2a: Moltres
|-heal|p2a: Moltres|66/100
|-singleturn|p2a: Moltres|move: Roost
|
|-end|p1a: Slowking|move: Future Sight
|-resisted|p1a: Slowking
|-damage|p1a: Slowking|87/100
|upkeep
|turn|42
|
|t:|1614183920
|switch|p2a: Slowbro|Slowbro, F|94/100 brn
|move|p1a: Slowking|Scald|p2a: Slowbro
|-resisted|p2a: Slowbro
|-damage|p2a: Slowbro|80/100 brn
|
|-damage|p2a: Slowbro|74/100 brn|[from] brn
|upkeep
|turn|43
|
|t:|1614183932
|switch|p1a: Kartana|Kartana|63/100
|move|p2a: Slowbro|Teleport|p2a: Slowbro
|
|t:|1614183942
|switch|p2a: Moltres|Moltres|66/100|[from]move: Teleport
|
|upkeep
|turn|44
|
|t:|1614183948
|switch|p1a: Slowking|Slowking, M|100/100
|move|p2a: Moltres|Scorching Sands|p1a: Slowking
|-damage|p1a: Slowking|89/100
|-status|p1a: Slowking|brn
|
|-damage|p1a: Slowking|83/100 brn|[from] brn
|upkeep
|turn|45
|
|t:|1614183955
|move|p2a: Moltres|Roost|p2a: Moltres
|-heal|p2a: Moltres|100/100
|-singleturn|p2a: Moltres|move: Roost
|move|p1a: Slowking|Scald|p2a: Moltres
|-supereffective|p2a: Moltres
|-damage|p2a: Moltres|47/100
|
|-damage|p1a: Slowking|77/100 brn|[from] brn
|upkeep
|turn|46
|
|t:|1614183965
|move|p2a: Moltres|Roost|p2a: Moltres
|-heal|p2a: Moltres|97/100
|-singleturn|p2a: Moltres|move: Roost
|move|p1a: Slowking|Scald|p2a: Moltres
|-supereffective|p2a: Moltres
|-damage|p2a: Moltres|41/100
|
|-damage|p1a: Slowking|71/100 brn|[from] brn
|upkeep
|turn|47
|
|t:|1614183971
|move|p2a: Moltres|Mystical Fire|p1a: Slowking
|-resisted|p1a: Slowking
|-damage|p1a: Slowking|62/100 brn
|-unboost|p1a: Slowking|spa|1
|move|p1a: Slowking|Scald|p2a: Moltres
|-supereffective|p2a: Moltres
|-damage|p2a: Moltres|5/100
|
|-damage|p1a: Slowking|56/100 brn|[from] brn
|upkeep
|turn|48
|
|t:|1614183976
|switch|p1a: Landorus|Landorus-Therian, M|59/100
|-ability|p1a: Landorus|Intimidate|boost
|-unboost|p2a: Moltres|atk|1
|move|p2a: Moltres|Roost|p2a: Moltres
|-heal|p2a: Moltres|56/100
|-singleturn|p2a: Moltres|move: Roost
|
|upkeep
|turn|49
|
|t:|1614183982
|switch|p2a: Slowbro|Slowbro, F|100/100 brn
|move|p1a: Landorus|Stone Edge|p2a: Slowbro
|-damage|p2a: Slowbro|76/100 brn
|
|-damage|p2a: Slowbro|70/100 brn|[from] brn
|upkeep
|turn|50
|
|t:|1614183991
|switch|p2a: Moltres|Moltres|56/100
|move|p1a: Landorus|U-turn|p2a: Moltres
|-resisted|p2a: Moltres
|-damage|p2a: Moltres|50/100
|
|t:|1614183994
|switch|p1a: Slowking|Slowking, M|89/100 brn|[from]move: U-turn
|
|-damage|p1a: Slowking|83/100 brn|[from] brn
|upkeep
|turn|51
|
|t:|1614183998
|switch|p2a: Slowbro|Slowbro, F|100/100 brn
|move|p1a: Slowking|Scald|p2a: Slowbro
|-resisted|p2a: Slowbro
|-damage|p2a: Slowbro|86/100 brn
|
|-damage|p1a: Slowking|77/100 brn|[from] brn
|-damage|p2a: Slowbro|80/100 brn|[from] brn
|upkeep
|turn|52
|
|t:|1614184003
|move|p1a: Slowking|Scald|p2a: Slowbro
|-resisted|p2a: Slowbro
|-damage|p2a: Slowbro|65/100 brn
|move|p2a: Slowbro|Teleport|p2a: Slowbro
|
|t:|1614184006
|switch|p2a: Rillaboom|Rillaboom, F|17/100|[from]move: Teleport
|-fieldstart|move: Grassy Terrain|[from] ability: Grassy Surge|[of] p2a: Rillaboom
|
|-heal|p2a: Rillaboom|23/100|[from] Grassy Terrain
|-heal|p1a: Slowking|83/100 brn|[from] Grassy Terrain
|-damage|p1a: Slowking|77/100 brn|[from] brn
|upkeep
|turn|53
|
|t:|1614184014
|move|p2a: Rillaboom|U-turn|p1a: Slowking
|-supereffective|p1a: Slowking
|-damage|p1a: Slowking|0 fnt
|faint|p1a: Slowking
|
|t:|1614184021
|switch|p2a: Moltres|Moltres|50/100|[from]move: U-turn
|
|upkeep
|
|t:|1614184026
|switch|p1a: Kartana|Kartana|63/100
|turn|54
|
|t:|1614184028
|move|p1a: Kartana|Knock Off|p2a: Moltres
|-crit|p2a: Moltres
|-damage|p2a: Moltres|0 fnt
|-enditem|p2a: Moltres|Heavy-Duty Boots|[from] move: Knock Off|[of] p1a: Kartana
|faint|p2a: Moltres
|-ability|p1a: Kartana|Beast Boost|boost
|-boost|p1a: Kartana|atk|1
|
|-heal|p1a: Kartana|70/100|[from] Grassy Terrain
|upkeep
|
|t:|1614184036
|switch|p2a: Excadrill|Excadrill, M|100/100
|-ability|p2a: Excadrill|Mold Breaker
|turn|55
|
|t:|1614184042
|move|p1a: Kartana|Knock Off|p2a: Excadrill
|-damage|p2a: Excadrill|0 fnt
|-enditem|p2a: Excadrill|Leftovers|[from] move: Knock Off|[of] p1a: Kartana
|faint|p2a: Excadrill
|-ability|p1a: Kartana|Beast Boost|boost
|-boost|p1a: Kartana|atk|1
|
|-heal|p1a: Kartana|76/100|[from] Grassy Terrain
|upkeep
|-message|rossvegas dude forfeited.
|
|win|friedfreak
|l|☆rossvegas dude
