|html|<div class="broadcast-blue"><strong>[Gen 8] OU is currently suspecting Kyurem! For information on how to participate check out the <a href="https://www.smogon.com/forums/threads/np-ss-ou-suspect-process-round-11-break-the-ice.3694129/">suspect thread</a>.</strong></div>
|j|☆Forcemew2
|j|☆TheSecondJuan
|t:|1639243854
|gametype|singles
|player|p1|Forcemew2|bugcatcher-gen4dp|1461
|player|p2|TheSecondJuan|lucas|1469
|teamsize|p1|6
|teamsize|p2|6
|gen|8
|tier|[Gen 8] OU
|rated|
|rule|Sleep Clause Mod: Limit one foe put to sleep
|rule|Species Clause: Limit one of each Pokémon
|rule|OHKO Clause: OHKO moves are banned
|rule|Evasion Moves Clause: Evasion moves are banned
|rule|Endless Battle Clause: Forcing endless battles is banned
|rule|HP Percentage Mod: HP is shown in percentages
|rule|Dynamax Clause: You cannot dynamax
|clearpoke
|poke|p1|Tapu Lele|
|poke|p1|Alakazam, F|
|poke|p1|Tyranitar, F|
|poke|p1|Corviknight, M|
|poke|p1|Garchomp, F|
|poke|p1|Zeraora|
|poke|p2|Rhyperior, F|
|poke|p2|Dragapult, M|
|poke|p2|Slowking-Galar, F|
|poke|p2|Landorus-Therian, M|
|poke|p2|Tapu Fini|
|poke|p2|Weavile, F|
|teampreview
|j| Juotape213
|inactive|Battle timer is ON: inactive players will automatically lose when time's up. (requested by TheSecondJuan)
|
|t:|1639243883
|start
|switch|p1a: Tapu Lele|Tapu Lele|100/100
|switch|p2a: Rhyperior|Rhyperior, F|100/100
|-fieldstart|move: Psychic Terrain|[from] ability: Psychic Surge|[of] p1a: Tapu Lele
|turn|1
|
|t:|1639243893
|move|p1a: Tapu Lele|Nature's Madness|p2a: Rhyperior
|-damage|p2a: Rhyperior|50/100
|move|p2a: Rhyperior|Earthquake|p1a: Tapu Lele
|-damage|p1a: Tapu Lele|32/100
|
|upkeep
|turn|2
|l| Juotape213
|
|t:|1639243909
|switch|p2a: Tapu Fini|Tapu Fini|100/100
|-fieldstart|move: Misty Terrain|[from] ability: Misty Surge|[of] p2a: Tapu Fini
|move|p1a: Tapu Lele|Psyshock|p2a: Tapu Fini
|-damage|p2a: Tapu Fini|59/100
|
|upkeep
|turn|3
|inactive|Forcemew2 has 120 seconds left.
|
|t:|1639243940
|switch|p1a: Zeraora|Zeraora|100/100
|move|p2a: Tapu Fini|Scald|p1a: Zeraora
|-damage|p1a: Zeraora|55/100
|
|upkeep
|turn|4
|inactive|Forcemew2 has 120 seconds left.
|
|t:|1639243946
|switch|p2a: Landorus|Landorus-Therian, M|100/100
|-ability|p2a: Landorus|Intimidate|boost
|-unboost|p1a: Zeraora|atk|1
|move|p1a: Zeraora|Knock Off|p2a: Landorus
|-damage|p2a: Landorus|86/100
|-enditem|p2a: Landorus|Leftovers|[from] move: Knock Off|[of] p1a: Zeraora
|
|upkeep
|turn|5
|inactive|Forcemew2 has 120 seconds left.
|
|t:|1639243957
|switch|p1a: Corviknight|Corviknight, M|100/100
|-ability|p1a: Corviknight|Pressure
|move|p2a: Landorus|Stealth Rock|p1a: Corviknight
|-sidestart|p1: Forcemew2|move: Stealth Rock
|
|upkeep
|turn|6
|
|t:|1639243962
|move|p2a: Landorus|U-turn|p1a: Corviknight
|-resisted|p1a: Corviknight
|-damage|p1a: Corviknight|97/100
|-damage|p2a: Landorus|70/100|[from] item: Rocky Helmet|[of] p1a: Corviknight
|
|t:|1639243967
|switch|p2a: Rhyperior|Rhyperior, F|50/100|[from]move: U-turn
|move|p1a: Corviknight|Defog|p2a: Rhyperior
|-unboost|p2a: Rhyperior|evasion|1
|-sideend|p1: Forcemew2|Stealth Rock|[from] move: Defog|[of] p1a: Corviknight
|-fieldend|Misty Terrain
|
|upkeep
|turn|7
|
|t:|1639243976
|move|p1a: Corviknight|U-turn|p2a: Rhyperior
|-damage|p2a: Rhyperior|42/100
|
|t:|1639243980
|switch|p1a: Tyranitar|Tyranitar, F|100/100|[from]move: U-turn
|-weather|Sandstorm|[from] ability: Sand Stream|[of] p1a: Tyranitar
|move|p2a: Rhyperior|Swords Dance|p2a: Rhyperior
|-boost|p2a: Rhyperior|atk|2
|
|-weather|Sandstorm|[upkeep]
|upkeep
|turn|8
|
|t:|1639243987
|move|p1a: Tyranitar|Ice Beam|p2a: Rhyperior
|-supereffective|p2a: Rhyperior
|-damage|p2a: Rhyperior|13/100
|move|p2a: Rhyperior|Earthquake|p1a: Tyranitar
|-supereffective|p1a: Tyranitar
|-damage|p1a: Tyranitar|0 fnt
|faint|p1a: Tyranitar
|
|-weather|Sandstorm|[upkeep]
|upkeep
|
|t:|1639243997
|switch|p1a: Garchomp|Garchomp, F|100/100
|turn|9
|-enditem|p2a: Rhyperior|Custap Berry|[eat]
|-activate|p2a: Rhyperior|item: Custap Berry|[consumed]
|
|t:|1639244000
|move|p2a: Rhyperior|Ice Punch|p1a: Garchomp
|-supereffective|p1a: Garchomp
|-damage|p1a: Garchomp|0 fnt
|-damage|p2a: Rhyperior|1/100|[from] ability: Rough Skin|[of] p1a: Garchomp
|faint|p1a: Garchomp
|
|-weather|Sandstorm|[upkeep]
|upkeep
|
|t:|1639244011
|switch|p1a: Tapu Lele|Tapu Lele|32/100
|-fieldstart|move: Psychic Terrain|[from] ability: Psychic Surge|[of] p1a: Tapu Lele
|turn|10
|
|t:|1639244014
|move|p1a: Tapu Lele|Psyshock|p2a: Rhyperior
|-damage|p2a: Rhyperior|0 fnt
|faint|p2a: Rhyperior
|
|-weather|Sandstorm|[upkeep]
|-damage|p1a: Tapu Lele|26/100|[from] Sandstorm
|upkeep
|
|t:|1639244020
|switch|p2a: Tapu Fini|Tapu Fini|59/100
|-fieldstart|move: Misty Terrain|[from] ability: Misty Surge|[of] p2a: Tapu Fini
|turn|11
|
|t:|1639244027
|switch|p1a: Corviknight|Corviknight, M|97/100
|-ability|p1a: Corviknight|Pressure
|move|p2a: Tapu Fini|Scald|p1a: Corviknight
|-damage|p1a: Corviknight|64/100
|-status|p1a: Corviknight|brn
|
|-weather|none
|-damage|p1a: Corviknight|58/100 brn|[from] brn
|upkeep
|turn|12
|
|t:|1639244030
|move|p2a: Tapu Fini|Scald|p1a: Corviknight
|-damage|p1a: Corviknight|25/100 brn
|move|p1a: Corviknight|Roost|p1a: Corviknight
|-heal|p1a: Corviknight|75/100 brn
|-singleturn|p1a: Corviknight|move: Roost
|
|-damage|p1a: Corviknight|69/100 brn|[from] brn
|upkeep
|turn|13
|
|t:|1639244035
|move|p2a: Tapu Fini|Scald|p1a: Corviknight
|-damage|p1a: Corviknight|37/100 brn
|move|p1a: Corviknight|Roost|p1a: Corviknight
|-heal|p1a: Corviknight|87/100 brn
|-singleturn|p1a: Corviknight|move: Roost
|
|-damage|p1a: Corviknight|81/100 brn|[from] brn
|upkeep
|turn|14
|
|t:|1639244040
|move|p2a: Tapu Fini|Scald|p1a: Corviknight
|-damage|p1a: Corviknight|46/100 brn
|move|p1a: Corviknight|U-turn|p2a: Tapu Fini
|-resisted|p2a: Tapu Fini
|-damage|p2a: Tapu Fini|55/100
|
|t:|1639244044
|switch|p1a: Tapu Lele|Tapu Lele|26/100|[from]move: U-turn
|-fieldstart|move: Psychic Terrain|[from] ability: Psychic Surge|[of] p1a: Tapu Lele
|
|upkeep
|turn|15
|
|t:|1639244048
|move|p2a: Tapu Fini|Scald|p1a: Tapu Lele
|-damage|p1a: Tapu Lele|0 fnt
|faint|p1a: Tapu Lele
|
|upkeep
|
|t:|1639244051
|switch|p1a: Alakazam|Alakazam, F|100/100
|turn|16
|
|t:|1639244055
|move|p2a: Tapu Fini|Scald|p1a: Alakazam
|-damage|p1a: Alakazam|56/100
|move|p1a: Alakazam|Expanding Force|p2a: Tapu Fini
|-damage|p2a: Tapu Fini|0 fnt
|faint|p2a: Tapu Fini
|
|upkeep
|
|t:|1639244062
|switch|p2a: Weavile|Weavile, F|100/100
|-ability|p2a: Weavile|Pressure
|turn|17
|
|t:|1639244067
|switch|p1a: Corviknight|Corviknight, M|46/100 brn
|-ability|p1a: Corviknight|Pressure
|move|p2a: Weavile|Knock Off|p1a: Corviknight
|-damage|p1a: Corviknight|17/100 brn
|-damage|p2a: Weavile|84/100|[from] item: Rocky Helmet|[of] p1a: Corviknight
|-enditem|p1a: Corviknight|Rocky Helmet|[from] move: Knock Off|[of] p2a: Weavile
|
|-damage|p1a: Corviknight|11/100 brn|[from] brn
|upkeep
|turn|18
|
|t:|1639244070
|move|p2a: Weavile|Knock Off|p1a: Corviknight
|-damage|p1a: Corviknight|0 fnt
|faint|p1a: Corviknight
|
|upkeep
|
|t:|1639244073
|switch|p1a: Zeraora|Zeraora|55/100
|turn|19
|
|t:|1639244078
|switch|p2a: Landorus|Landorus-Therian, M|70/100
|-ability|p2a: Landorus|Intimidate|boost
|-unboost|p1a: Zeraora|atk|1
|move|p1a: Zeraora|Bulk Up|p1a: Zeraora
|-boost|p1a: Zeraora|atk|1
|-boost|p1a: Zeraora|def|1
|
|upkeep
|turn|20
|
|t:|1639244083
|move|p1a: Zeraora|Blaze Kick|p2a: Landorus
|-damage|p2a: Landorus|50/100
|move|p2a: Landorus|Earthquake|p1a: Zeraora
|-supereffective|p1a: Zeraora
|-damage|p1a: Zeraora|0 fnt
|faint|p1a: Zeraora
|
|upkeep
|
|t:|1639244090
|switch|p1a: Alakazam|Alakazam, F|56/100
|turn|21
|
|t:|1639244093
|move|p1a: Alakazam|Expanding Force|p2a: Landorus
|-crit|p2a: Landorus
|-damage|p2a: Landorus|0 fnt
|faint|p2a: Landorus
|
|-fieldend|move: Psychic Terrain
|upkeep
|
|t:|1639244095
|switch|p2a: Weavile|Weavile, F|84/100
|-ability|p2a: Weavile|Pressure
|turn|22
|-message|Forcemew2 forfeited.
|
|win|TheSecondJuan
|raw|Forcemew2's rating: 1461 &rarr; <strong>1441</strong><br />(-20 for losing)
|raw|TheSecondJuan's rating: 1469 &rarr; <strong>1489</strong><br />(+20 for winning)
|l|☆Forcemew2
