|j|☆Suceurdepoussiere
|j|☆aursnes
|t:|1667750924
|gametype|singles
|player|p1|Suceurdepoussiere|101|1635
|player|p2|aursnes|bugsy|1700
|teamsize|p1|6
|teamsize|p2|6
|gen|8
|tier|[Gen 8] OU
|rated|
|rule|Sleep Clause Mod: Limit one foe put to sleep
|rule|Species Clause: Limit one of each Pokémon
|rule|OHKO Clause: OHKO moves are banned
|rule|Evasion Items Clause: Evasion items are banned
|rule|Evasion Moves Clause: Evasion moves are banned
|rule|Endless Battle Clause: Forcing endless battles is banned
|rule|HP Percentage Mod: HP is shown in percentages
|rule|Dynamax Clause: You cannot dynamax
|clearpoke
|poke|p1|Moltres-Galar|
|poke|p1|Landorus-Therian, M|
|poke|p1|Toxapex, M|
|poke|p1|Heatran, M|
|poke|p1|Kartana|
|poke|p1|Tapu Lele|
|poke|p2|Toxapex, M|
|poke|p2|Clefable, M|
|poke|p2|Landorus-Therian, M|
|poke|p2|Heatran, F|
|poke|p2|Slowking-Galar, M|
|poke|p2|Corviknight, M|
|teampreview
|
|t:|1667750947
|start
|switch|p1a: Tapu Lele|Tapu Lele|100/100
|switch|p2a: Landorus|Landorus-Therian, M|100/100
|-ability|p2a: Landorus|Intimidate|boost
|-unboost|p1a: Tapu Lele|atk|1
|-fieldstart|move: Psychic Terrain|[from] ability: Psychic Surge|[of] p1a: Tapu Lele
|turn|1
|
|t:|1667750951
|switch|p2a: Heatran|Heatran, F|100/100
|move|p1a: Tapu Lele|Psyshock|p2a: Heatran
|-resisted|p2a: Heatran
|-damage|p2a: Heatran|65/100
|
|-heal|p2a: Heatran|71/100|[from] item: Leftovers
|upkeep
|turn|2
|
|t:|1667750957
|switch|p1a: Toxapex|Toxapex, M|100/100
|move|p2a: Heatran|Toxic|p1a: Toxapex
|-immune|p1a: Toxapex
|
|-heal|p2a: Heatran|77/100|[from] item: Leftovers
|upkeep
|turn|3
|
|t:|1667750959
|move|p2a: Heatran|Magma Storm|p1a: Toxapex|[miss]
|-miss|p2a: Heatran|p1a: Toxapex
|move|p1a: Toxapex|Knock Off|p2a: Heatran
|-damage|p2a: Heatran|65/100
|-enditem|p2a: Heatran|Leftovers|[from] move: Knock Off|[of] p1a: Toxapex
|
|upkeep
|turn|4
|
|t:|1667750963
|move|p2a: Heatran|Magma Storm|p1a: Toxapex
|-resisted|p1a: Toxapex
|-damage|p1a: Toxapex|85/100
|-activate|p1a: Toxapex|move: Magma Storm|[of] p2a: Heatran
|move|p1a: Toxapex|Knock Off|p2a: Heatran
|-damage|p2a: Heatran|56/100
|
|-damage|p1a: Toxapex|73/100|[from] move: Magma Storm|[partiallytrapped]
|upkeep
|turn|5
|
|t:|1667750966
|switch|p1a: Landorus|Landorus-Therian, M|100/100
|-ability|p1a: Landorus|Intimidate|boost
|-unboost|p2a: Heatran|atk|1
|move|p2a: Heatran|Earth Power|p1a: Landorus
|-immune|p1a: Landorus
|
|-fieldend|move: Psychic Terrain
|upkeep
|turn|6
|
|t:|1667750972
|move|p1a: Landorus|Earthquake|p2a: Heatran
|-supereffective|p2a: Heatran
|-damage|p2a: Heatran|0 fnt
|faint|p2a: Heatran
|
|upkeep
|
|t:|1667750977
|switch|p2a: Landorus|Landorus-Therian, M|100/100
|-ability|p2a: Landorus|Intimidate|boost
|-unboost|p1a: Landorus|atk|1
|turn|7
|
|t:|1667750982
|move|p2a: Landorus|Toxic|p1a: Landorus
|-status|p1a: Landorus|tox
|move|p1a: Landorus|Toxic|p2a: Landorus|[miss]
|-miss|p1a: Landorus|p2a: Landorus
|
|-damage|p1a: Landorus|94/100 tox|[from] psn
|upkeep
|turn|8
|
|t:|1667750985
|move|p2a: Landorus|U-turn|p1a: Landorus
|-resisted|p1a: Landorus
|-damage|p1a: Landorus|82/100 tox
|
|t:|1667750986
|switch|p2a: Corviknight|Corviknight, M|100/100|[from]move: U-turn
|-ability|p2a: Corviknight|Pressure
|move|p1a: Landorus|Toxic|p2a: Corviknight
|-immune|p2a: Corviknight
|
|-heal|p1a: Landorus|88/100 tox|[from] item: Leftovers
|-damage|p1a: Landorus|76/100 tox|[from] psn
|upkeep
|turn|9
|
|t:|1667750989
|switch|p1a: Heatran|Heatran, M|100/100
|move|p2a: Corviknight|U-turn|p1a: Heatran
|-resisted|p1a: Heatran
|-damage|p1a: Heatran|98/100
|
|t:|1667750991
|switch|p2a: Landorus|Landorus-Therian, M|100/100|[from]move: U-turn
|-ability|p2a: Landorus|Intimidate|boost
|-unboost|p1a: Heatran|atk|1
|
|-heal|p1a: Heatran|100/100|[from] item: Leftovers
|upkeep
|turn|10
|
|t:|1667750994
|switch|p1a: Landorus|Landorus-Therian, M|76/100 tox
|-ability|p1a: Landorus|Intimidate|boost
|-unboost|p2a: Landorus|atk|1
|move|p2a: Landorus|Earthquake|p1a: Landorus
|-immune|p1a: Landorus
|
|-heal|p1a: Landorus|82/100 tox|[from] item: Leftovers
|-damage|p1a: Landorus|76/100 tox|[from] psn
|upkeep
|turn|11
|
|t:|1667750997
|move|p2a: Landorus|U-turn|p1a: Landorus
|-resisted|p1a: Landorus
|-damage|p1a: Landorus|68/100 tox
|
|t:|1667751001
|switch|p2a: Corviknight|Corviknight, M|100/100|[from]move: U-turn
|-ability|p2a: Corviknight|Pressure
|move|p1a: Landorus|U-turn|p2a: Corviknight
|-resisted|p2a: Corviknight
|-damage|p2a: Corviknight|97/100
|-damage|p1a: Landorus|52/100 tox|[from] item: Rocky Helmet|[of] p2a: Corviknight
|
|t:|1667751003
|switch|p1a: Heatran|Heatran, M|100/100|[from]move: U-turn
|
|upkeep
|turn|12
|
|t:|1667751005
|switch|p2a: Clefable|Clefable, M|100/100
|move|p1a: Heatran|Magma Storm|p2a: Clefable
|-damage|p2a: Clefable|71/100
|-activate|p2a: Clefable|move: Magma Storm|[of] p1a: Heatran
|
|upkeep
|turn|13
|
|t:|1667751011
|switch|p1a: Tapu Lele|Tapu Lele|100/100
|-fieldstart|move: Psychic Terrain|[from] ability: Psychic Surge|[of] p1a: Tapu Lele
|move|p2a: Clefable|Trick|p1a: Tapu Lele
|-activate|p2a: Clefable|move: Trick|[of] p1a: Tapu Lele
|-item|p1a: Tapu Lele|Sticky Barb|[from] move: Trick
|-item|p2a: Clefable|Choice Specs|[from] move: Trick
|
|-end|p2a: Clefable|Magma Storm|[partiallytrapped]|[silent]
|-damage|p1a: Tapu Lele|88/100|[from] item: Sticky Barb
|upkeep
|turn|14
|
|t:|1667751016
|switch|p2a: Corviknight|Corviknight, M|97/100
|-ability|p2a: Corviknight|Pressure
|move|p1a: Tapu Lele|Future Sight|p2a: Corviknight
|-start|p1a: Tapu Lele|move: Future Sight
|
|-damage|p1a: Tapu Lele|76/100|[from] item: Sticky Barb
|upkeep
|turn|15
|
|t:|1667751021
|switch|p1a: Heatran|Heatran, M|100/100
|move|p2a: Corviknight|Roost|p2a: Corviknight
|-heal|p2a: Corviknight|100/100
|-singleturn|p2a: Corviknight|move: Roost
|
|upkeep
|turn|16
|
|t:|1667751027
|switch|p2a: Slowking|Slowking-Galar, M|100/100
|move|p1a: Heatran|Magma Storm|p2a: Slowking
|-damage|p2a: Slowking|79/100
|-activate|p2a: Slowking|move: Magma Storm|[of] p1a: Heatran
|
|-end|p2a: Slowking|move: Future Sight
|-damage|p2a: Slowking|28/100
|-damage|p2a: Slowking|15/100|[from] move: Magma Storm|[partiallytrapped]
|upkeep
|turn|17
|
|t:|1667751032
|move|p1a: Heatran|Earth Power|p2a: Slowking
|-supereffective|p2a: Slowking
|-damage|p2a: Slowking|0 fnt
|faint|p2a: Slowking
|
|-fieldend|move: Psychic Terrain
|upkeep
|
|t:|1667751034
|switch|p2a: Clefable|Clefable, M|71/100
|turn|18
|
|t:|1667751039
|switch|p1a: Tapu Lele|Tapu Lele|76/100
|-fieldstart|move: Psychic Terrain|[from] ability: Psychic Surge|[of] p1a: Tapu Lele
|switch|p2a: Landorus|Landorus-Therian, M|100/100
|-ability|p2a: Landorus|Intimidate|boost
|-unboost|p1a: Tapu Lele|atk|1
|
|-damage|p1a: Tapu Lele|63/100|[from] item: Sticky Barb
|upkeep
|turn|19
|
|t:|1667751061
|switch|p2a: Corviknight|Corviknight, M|100/100
|-ability|p2a: Corviknight|Pressure
|switch|p1a: Toxapex|Toxapex, M|100/100
|
|upkeep
|turn|20
|
|t:|1667751069
|switch|p2a: Toxapex|Toxapex, M|100/100
|move|p1a: Toxapex|Knock Off|p2a: Toxapex
|-damage|p2a: Toxapex|92/100
|-enditem|p2a: Toxapex|Black Sludge|[from] move: Knock Off|[of] p1a: Toxapex
|
|upkeep
|turn|21
|
|t:|1667751077
|switch|p1a: Moltres|Moltres-Galar|100/100
|move|p2a: Toxapex|Toxic Spikes|p1a: Moltres
|-sidestart|p1: Suceurdepoussiere|move: Toxic Spikes
|
|upkeep
|turn|22
|
|t:|1667751080
|move|p1a: Moltres|Nasty Plot|p1a: Moltres
|-boost|p1a: Moltres|spa|2
|move|p2a: Toxapex|Haze|p2a: Toxapex
|-clearallboost
|
|-fieldend|move: Psychic Terrain
|upkeep
|turn|23
|
|t:|1667751085
|move|p1a: Moltres|Nasty Plot|p1a: Moltres
|-boost|p1a: Moltres|spa|2
|move|p2a: Toxapex|Haze|p2a: Toxapex
|-clearallboost
|
|upkeep
|turn|24
|
|t:|1667751088
|move|p1a: Moltres|Hurricane|p2a: Toxapex
|-damage|p2a: Toxapex|51/100
|move|p2a: Toxapex|Haze|p2a: Toxapex
|-clearallboost
|
|upkeep
|turn|25
|
|t:|1667751091
|move|p1a: Moltres|Nasty Plot|p1a: Moltres
|-boost|p1a: Moltres|spa|2
|move|p2a: Toxapex|Haze|p2a: Toxapex
|-clearallboost
|
|upkeep
|turn|26
|
|t:|1667751097
|switch|p2a: Clefable|Clefable, M|71/100
|move|p1a: Moltres|Nasty Plot|p1a: Moltres
|-boost|p1a: Moltres|spa|2
|
|upkeep
|turn|27
|
|t:|1667751101
|move|p1a: Moltres|Hurricane|p2a: Clefable
|-damage|p2a: Clefable|4/100
|move|p2a: Clefable|Trick|p1a: Moltres
|-activate|p2a: Clefable|move: Trick|[of] p1a: Moltres
|-item|p1a: Moltres|Choice Specs|[from] move: Trick
|-item|p2a: Clefable|Heavy-Duty Boots|[from] move: Trick
|
|upkeep
|turn|28
|
|t:|1667751106
|switch|p2a: Corviknight|Corviknight, M|100/100
|-ability|p2a: Corviknight|Pressure
|move|p1a: Moltres|Fiery Wrath|p2a: Corviknight
|-damage|p2a: Corviknight|0 fnt
|faint|p2a: Corviknight
|
|upkeep
|c|☆aursnes|sacrée chatte que tu as
|l|☆aursnes
|player|p2|
|c|☆Suceurdepoussiere|ptdr nan?
|inactive|Battle timer is ON: inactive players will automatically lose when time's up. (requested by Suceurdepoussiere)
|inactive|aursnes has 30 seconds to reconnect!
|inactive|aursnes has 20 seconds to reconnect!
|inactive|aursnes has 15 seconds to reconnect!
|inactive|aursnes has 10 seconds to reconnect!
|inactive|aursnes has 5 seconds to reconnect!
|-message|aursnes lost due to inactivity.
|
|win|Suceurdepoussiere
|raw|Suceurdepoussiere's rating: 1635 &rarr; <strong>1659</strong><br />(+24 for winning)
|raw|aursnes's rating: 1700 &rarr; <strong>1676</strong><br />(-24 for losing)
|l|☆Suceurdepoussiere
||Ladder isn't responding, score probably updated but might not have (Request timeout).
|j|☆Suceurdepoussiere
|player|p1|Suceurdepoussiere|elesa-masters
