|j|☆Mel2345
|j|☆Lechmescouilles
|t:|1633767593
|gametype|singles
|player|p1|Mel2345|cheren-gen5bw2|1373
|player|p2|Lechmescouilles|shadowtriad|1415
|teamsize|p1|6
|teamsize|p2|6
|gen|8
|tier|[Gen 8] OU
|rated|
|rule|Sleep Clause Mod: Limit one foe put to sleep
|rule|Species Clause: Limit one of each Pokémon
|rule|OHKO Clause: OHKO moves are banned
|rule|Evasion Moves Clause: Evasion moves are banned
|rule|Endless Battle Clause: Forcing endless battles is banned
|rule|HP Percentage Mod: HP is shown in percentages
|rule|Dynamax Clause: You cannot dynamax
|clearpoke
|poke|p1|Tornadus-Therian, M|
|poke|p1|Slowking-Galar, F|
|poke|p1|Buzzwole|
|poke|p1|Kartana|
|poke|p1|Kyurem|
|poke|p1|Garchomp, F|
|poke|p2|Landorus-Therian, M|
|poke|p2|Urshifu-*, F|
|poke|p2|Buzzwole|
|poke|p2|Melmetal|
|poke|p2|Tapu Lele|
|poke|p2|Garchomp, M|
|teampreview
|inactive|Battle timer is ON: inactive players will automatically lose when time's up. (requested by Mel2345)
|l|☆Lechmescouilles
|inactive|Lechmescouilles disconnected and has a minute to reconnect!
|player|p2|
|j|☆Lechmescouilles
|inactive|Lechmescouilles reconnected and has 140 seconds left.
|player|p2|Lechmescouilles|shadowtriad
|
|t:|1633767622
|start
|switch|p1a: Kartana|Kartana|100/100
|switch|p2a: Tapu Lele|Tapu Lele|100/100
|-fieldstart|move: Psychic Terrain|[from] ability: Psychic Surge|[of] p2a: Tapu Lele
|turn|1
|
|t:|1633767636
|switch|p2a: Buzzwole|Buzzwole, shiny|100/100
|move|p1a: Kartana|Leaf Blade|p2a: Buzzwole
|-resisted|p2a: Buzzwole
|-crit|p2a: Buzzwole
|-damage|p2a: Buzzwole|65/100
|-damage|p1a: Kartana|84/100|[from] item: Rocky Helmet|[of] p2a: Buzzwole
|
|upkeep
|turn|2
|
|t:|1633767650
|switch|p1a: Tornadus|Tornadus-Therian, M|100/100
|move|p2a: Buzzwole|Drain Punch|p1a: Tornadus
|-resisted|p1a: Tornadus
|-damage|p1a: Tornadus|80/100
|-heal|p2a: Buzzwole|74/100|[from] drain|[of] p1a: Tornadus
|
|upkeep
|turn|3
|
|t:|1633767660
|switch|p2a: Melmetal|Melmetal|100/100
|move|p1a: Tornadus|Hurricane|p2a: Melmetal
|-resisted|p2a: Melmetal
|-damage|p2a: Melmetal|81/100
|
|-heal|p2a: Melmetal|87/100|[from] item: Leftovers
|upkeep
|turn|4
|
|t:|1633767672
|move|p1a: Tornadus|U-turn|p2a: Melmetal
|-resisted|p2a: Melmetal
|-damage|p2a: Melmetal|83/100
|
|t:|1633767677
|switch|p1a: Buzzwole|Buzzwole|100/100|[from]move: U-turn
|move|p2a: Melmetal|Double Iron Bash|p1a: Buzzwole
|-damage|p1a: Buzzwole|71/100
|-damage|p2a: Melmetal|66/100|[from] item: Rocky Helmet|[of] p1a: Buzzwole
|-damage|p1a: Buzzwole|43/100
|-damage|p2a: Melmetal|50/100|[from] item: Rocky Helmet|[of] p1a: Buzzwole
|-hitcount|p1a: Buzzwole|2
|
|-heal|p2a: Melmetal|56/100|[from] item: Leftovers
|upkeep
|turn|5
|
|t:|1633767692
|switch|p2a: Tapu Lele|Tapu Lele|100/100
|move|p1a: Buzzwole|Roost|p1a: Buzzwole
|-heal|p1a: Buzzwole|93/100
|-singleturn|p1a: Buzzwole|move: Roost
|
|-fieldend|move: Psychic Terrain
|upkeep
|turn|6
|
|t:|1633767702
|switch|p1a: Slowking|Slowking-Galar, F|100/100
|move|p2a: Tapu Lele|Psychic|p1a: Slowking
|-damage|p1a: Slowking|71/100
|
|upkeep
|turn|7
|
|t:|1633767715
|switch|p2a: Melmetal|Melmetal|56/100
|move|p1a: Slowking|Future Sight|p2a: Melmetal
|-start|p1a: Slowking|move: Future Sight
|
|-heal|p2a: Melmetal|62/100|[from] item: Leftovers
|upkeep
|turn|8
|
|t:|1633767730
|switch|p1a: Buzzwole|Buzzwole|93/100
|move|p2a: Melmetal|Earthquake|p1a: Buzzwole
|-resisted|p1a: Buzzwole
|-damage|p1a: Buzzwole|80/100
|
|-heal|p2a: Melmetal|68/100|[from] item: Leftovers
|upkeep
|turn|9
|
|t:|1633767744
|switch|p2a: Tapu Lele|Tapu Lele|100/100
|-fieldstart|move: Psychic Terrain|[from] ability: Psychic Surge|[of] p2a: Tapu Lele
|move|p1a: Buzzwole|Ice Punch|p2a: Tapu Lele
|-damage|p2a: Tapu Lele|55/100
|
|-end|p2a: Tapu Lele|move: Future Sight
|-resisted|p2a: Tapu Lele
|-damage|p2a: Tapu Lele|18/100
|upkeep
|turn|10
|
|t:|1633767758
|switch|p1a: Slowking|Slowking-Galar, F|100/100
|move|p2a: Tapu Lele|Psychic|p1a: Slowking
|-damage|p1a: Slowking|63/100
|
|upkeep
|turn|11
|
|t:|1633767768
|switch|p2a: Melmetal|Melmetal|68/100
|move|p1a: Slowking|Earthquake|p2a: Melmetal
|-supereffective|p2a: Melmetal
|-damage|p2a: Melmetal|53/100
|
|-heal|p2a: Melmetal|59/100|[from] item: Leftovers
|upkeep
|turn|12
|
|t:|1633767778
|switch|p1a: Buzzwole|Buzzwole|80/100
|move|p2a: Melmetal|Double Iron Bash|p1a: Buzzwole
|-damage|p1a: Buzzwole|53/100
|-damage|p2a: Melmetal|43/100|[from] item: Rocky Helmet|[of] p1a: Buzzwole
|-damage|p1a: Buzzwole|24/100
|-damage|p2a: Melmetal|26/100|[from] item: Rocky Helmet|[of] p1a: Buzzwole
|-hitcount|p1a: Buzzwole|2
|
|-heal|p2a: Melmetal|32/100|[from] item: Leftovers
|upkeep
|turn|13
|
|t:|1633767799
|switch|p2a: Urshifu|Urshifu-Rapid-Strike, F|100/100
|move|p1a: Buzzwole|Roost|p1a: Buzzwole
|-heal|p1a: Buzzwole|75/100
|-singleturn|p1a: Buzzwole|move: Roost
|
|-fieldend|move: Psychic Terrain
|upkeep
|turn|14
|
|t:|1633767814
|switch|p2a: Landorus|Landorus-Therian, M|100/100
|-ability|p2a: Landorus|Intimidate|boost
|-unboost|p1a: Buzzwole|atk|1
|move|p1a: Buzzwole|Roost|p1a: Buzzwole
|-heal|p1a: Buzzwole|100/100
|-singleturn|p1a: Buzzwole|move: Roost
|
|upkeep
|turn|15
|
|t:|1633767834
|switch|p1a: Tornadus|Tornadus-Therian, M|100/100
|move|p2a: Landorus|U-turn|p1a: Tornadus
|-resisted|p1a: Tornadus
|-damage|p1a: Tornadus|86/100
|inactive|Lechmescouilles has 120 seconds left.
|
|t:|1633767845
|switch|p2a: Garchomp|Garchomp, M|100/100|[from]move: U-turn
|
|upkeep
|turn|16
|
|t:|1633767851
|move|p1a: Tornadus|Hurricane|p2a: Garchomp
|-damage|p2a: Garchomp|56/100
|move|p2a: Garchomp|Stealth Rock|p1a: Tornadus
|-sidestart|p1: Mel2345|move: Stealth Rock
|
|-heal|p2a: Garchomp|62/100|[from] item: Leftovers
|upkeep
|turn|17
|
|t:|1633767865
|move|p1a: Tornadus|Defog|p2a: Garchomp
|-unboost|p2a: Garchomp|evasion|1
|-sideend|p1: Mel2345|Stealth Rock|[from] move: Defog|[of] p1a: Tornadus
|move|p2a: Garchomp|Scale Shot|p1a: Tornadus
|-damage|p1a: Tornadus|70/100
|-damage|p1a: Tornadus|54/100
|-damage|p1a: Tornadus|39/100
|-hitcount|p1a: Tornadus|3
|-unboost|p2a: Garchomp|def|1
|-boost|p2a: Garchomp|spe|1
|
|-heal|p2a: Garchomp|68/100|[from] item: Leftovers
|upkeep
|turn|18
|inactive|Lechmescouilles has 120 seconds left.
|
|t:|1633767881
|switch|p1a: Buzzwole|Buzzwole|100/100
|move|p2a: Garchomp|Stealth Rock|p1a: Buzzwole
|-sidestart|p1: Mel2345|move: Stealth Rock
|
|-heal|p2a: Garchomp|74/100|[from] item: Leftovers
|upkeep
|turn|19
|inactive|Lechmescouilles has 120 seconds left.
|
|t:|1633767892
|switch|p2a: Melmetal|Melmetal|32/100
|move|p1a: Buzzwole|Ice Punch|p2a: Melmetal
|-resisted|p2a: Melmetal
|-damage|p2a: Melmetal|25/100
|-status|p2a: Melmetal|frz
|
|-heal|p2a: Melmetal|31/100 frz|[from] item: Leftovers
|upkeep
|turn|20
|inactive|Lechmescouilles has 120 seconds left.
|l|☆Lechmescouilles
|inactive|Lechmescouilles disconnected and has a minute to reconnect!
|player|p2|
|j|☆Lechmescouilles
|inactive|Lechmescouilles reconnected and has 105 seconds left.
|player|p2|Lechmescouilles|shadowtriad
|
|t:|1633767920
|move|p1a: Buzzwole|Ice Punch|p2a: Melmetal
|-resisted|p2a: Melmetal
|-damage|p2a: Melmetal|23/100 frz
|cant|p2a: Melmetal|frz
|
|-heal|p2a: Melmetal|29/100 frz|[from] item: Leftovers
|upkeep
|turn|21
|
|t:|1633767929
|move|p1a: Buzzwole|Ice Punch|p2a: Melmetal
|-resisted|p2a: Melmetal
|-damage|p2a: Melmetal|22/100 frz
|cant|p2a: Melmetal|frz
|
|-heal|p2a: Melmetal|28/100 frz|[from] item: Leftovers
|upkeep
|turn|22
|
|t:|1633767938
|move|p1a: Buzzwole|Leech Life|p2a: Melmetal
|-resisted|p2a: Melmetal
|-damage|p2a: Melmetal|16/100 frz
|-curestatus|p2a: Melmetal|frz|[msg]
|move|p2a: Melmetal|Double Iron Bash|p1a: Buzzwole
|-damage|p1a: Buzzwole|72/100
|-damage|p2a: Melmetal|0 fnt|[from] item: Rocky Helmet|[of] p1a: Buzzwole
|faint|p2a: Melmetal
|-hitcount|p1a: Buzzwole|1
|
|upkeep
|
|t:|1633767950
|switch|p2a: Tapu Lele|Tapu Lele|18/100
|-fieldstart|move: Psychic Terrain|[from] ability: Psychic Surge|[of] p2a: Tapu Lele
|turn|23
|
|t:|1633767957
|switch|p1a: Slowking|Slowking-Galar, F|96/100
|-damage|p1a: Slowking|84/100|[from] Stealth Rock
|move|p2a: Tapu Lele|Shadow Ball|p1a: Slowking
|-supereffective|p1a: Slowking
|-crit|p1a: Slowking
|-damage|p1a: Slowking|27/100
|
|upkeep
|turn|24
|inactive|Lechmescouilles has 120 seconds left.
|
|t:|1633767970
|switch|p1a: Kyurem|Kyurem|100/100
|-ability|p1a: Kyurem|Pressure
|move|p2a: Tapu Lele|Shadow Ball|p1a: Kyurem
|-damage|p1a: Kyurem|65/100
|
|upkeep
|turn|25
|inactive|Lechmescouilles has 120 seconds left.
|
|t:|1633767985
|switch|p2a: Buzzwole|Buzzwole, shiny|74/100
|move|p1a: Kyurem|Substitute|p1a: Kyurem
|-start|p1a: Kyurem|Substitute
|-damage|p1a: Kyurem|40/100
|
|upkeep
|turn|26
|
|t:|1633767990
|move|p1a: Kyurem|Roost|p1a: Kyurem
|-heal|p1a: Kyurem|90/100
|-singleturn|p1a: Kyurem|move: Roost
|move|p2a: Buzzwole|Drain Punch|p1a: Kyurem
|-supereffective|p1a: Kyurem
|-end|p1a: Kyurem|Substitute
|-heal|p2a: Buzzwole|87/100|[from] drain|[of] p1a: Kyurem
|
|upkeep
|turn|27
|
|t:|1633768001
|switch|p1a: Tornadus|Tornadus-Therian, M|72/100
|move|p2a: Buzzwole|Drain Punch|p1a: Tornadus
|-resisted|p1a: Tornadus
|-damage|p1a: Tornadus|53/100
|-heal|p2a: Buzzwole|95/100|[from] drain|[of] p1a: Tornadus
|
|-fieldend|move: Psychic Terrain
|upkeep
|turn|28
|
|t:|1633768013
|move|p1a: Tornadus|Defog|p2a: Buzzwole
|-unboost|p2a: Buzzwole|evasion|1
|-sideend|p1: Mel2345|Stealth Rock|[from] move: Defog|[of] p1a: Tornadus
|move|p2a: Buzzwole|Ice Punch|p1a: Tornadus
|-supereffective|p1a: Tornadus
|-damage|p1a: Tornadus|0 fnt
|faint|p1a: Tornadus
|-ability|p2a: Buzzwole|Beast Boost|boost
|-boost|p2a: Buzzwole|def|1
|
|upkeep
|
|t:|1633768034
|switch|p1a: Buzzwole|Buzzwole|72/100
|turn|29
|
|t:|1633768047
|switch|p2a: Tapu Lele|Tapu Lele|18/100
|-fieldstart|move: Psychic Terrain|[from] ability: Psychic Surge|[of] p2a: Tapu Lele
|move|p1a: Buzzwole|Ice Punch|p2a: Tapu Lele
|-damage|p2a: Tapu Lele|0 fnt
|faint|p2a: Tapu Lele
|-ability|p1a: Buzzwole|Beast Boost|boost
|-boost|p1a: Buzzwole|atk|1
|
|upkeep
|
|t:|1633768062
|switch|p2a: Urshifu|Urshifu-Rapid-Strike, F|100/100
|turn|30
|
|t:|1633768066
|move|p2a: Urshifu|Surging Strikes|p1a: Buzzwole
|-crit|p1a: Buzzwole
|-damage|p1a: Buzzwole|58/100
|-crit|p1a: Buzzwole
|-damage|p1a: Buzzwole|45/100
|-crit|p1a: Buzzwole
|-damage|p1a: Buzzwole|32/100
|-hitcount|p1a: Buzzwole|3
|move|p1a: Buzzwole|Roost|p1a: Buzzwole
|-heal|p1a: Buzzwole|82/100
|-singleturn|p1a: Buzzwole|move: Roost
|
|upkeep
|turn|31
|
|t:|1633768077
|switch|p1a: Kartana|Kartana|84/100
|move|p2a: Urshifu|Surging Strikes|p1a: Kartana
|-resisted|p1a: Kartana
|-crit|p1a: Kartana
|-damage|p1a: Kartana|73/100
|-resisted|p1a: Kartana
|-crit|p1a: Kartana
|-damage|p1a: Kartana|64/100
|-resisted|p1a: Kartana
|-crit|p1a: Kartana
|-damage|p1a: Kartana|52/100
|-hitcount|p1a: Kartana|3
|
|upkeep
|turn|32
|
|t:|1633768090
|switch|p2a: Landorus|Landorus-Therian, M|100/100
|-ability|p2a: Landorus|Intimidate|boost
|-unboost|p1a: Kartana|atk|1
|move|p1a: Kartana|Knock Off|p2a: Landorus
|-damage|p2a: Landorus|57/100
|-enditem|p2a: Landorus|Choice Scarf|[from] move: Knock Off|[of] p1a: Kartana
|
|upkeep
|turn|33
|
|t:|1633768101
|switch|p1a: Kyurem|Kyurem|90/100
|-ability|p1a: Kyurem|Pressure
|move|p2a: Landorus|U-turn|p1a: Kyurem
|-damage|p1a: Kyurem|63/100
|
|t:|1633768109
|switch|p2a: Buzzwole|Buzzwole, shiny|95/100|[from]move: U-turn
|
|-fieldend|move: Psychic Terrain
|upkeep
|turn|34
|
|t:|1633768116
|switch|p1a: Buzzwole|Buzzwole|82/100
|move|p2a: Buzzwole|Drain Punch|p1a: Buzzwole
|-resisted|p1a: Buzzwole
|-damage|p1a: Buzzwole|70/100
|-heal|p2a: Buzzwole|100/100|[from] drain|[of] p1a: Buzzwole
|-damage|p2a: Buzzwole|84/100|[from] item: Rocky Helmet|[of] p1a: Buzzwole
|
|upkeep
|turn|35
|
|t:|1633768131
|move|p1a: Buzzwole|Roost|p1a: Buzzwole
|-heal|p1a: Buzzwole|100/100
|-singleturn|p1a: Buzzwole|move: Roost
|move|p2a: Buzzwole|Drain Punch|p1a: Buzzwole
|-resisted|p1a: Buzzwole
|-damage|p1a: Buzzwole|89/100
|-heal|p2a: Buzzwole|89/100|[from] drain|[of] p1a: Buzzwole
|-damage|p2a: Buzzwole|73/100|[from] item: Rocky Helmet|[of] p1a: Buzzwole
|
|upkeep
|turn|36
|
|t:|1633768144
|switch|p2a: Urshifu|Urshifu-Rapid-Strike, F|100/100
|move|p1a: Buzzwole|Ice Punch|p2a: Urshifu
|-resisted|p2a: Urshifu
|-damage|p2a: Urshifu|87/100
|
|upkeep
|turn|37
|
|t:|1633768152
|move|p2a: Urshifu|Surging Strikes|p1a: Buzzwole
|-crit|p1a: Buzzwole
|-damage|p1a: Buzzwole|75/100
|-crit|p1a: Buzzwole
|-damage|p1a: Buzzwole|61/100
|-crit|p1a: Buzzwole
|-damage|p1a: Buzzwole|46/100
|-hitcount|p1a: Buzzwole|3
|move|p1a: Buzzwole|Leech Life|p2a: Urshifu
|-resisted|p2a: Urshifu
|-damage|p2a: Urshifu|63/100
|-heal|p1a: Buzzwole|57/100|[from] drain|[of] p2a: Urshifu
|
|upkeep
|turn|38
|
|t:|1633768165
|move|p2a: Urshifu|Surging Strikes|p1a: Buzzwole
|-crit|p1a: Buzzwole
|-damage|p1a: Buzzwole|43/100
|-crit|p1a: Buzzwole
|-damage|p1a: Buzzwole|30/100
|-crit|p1a: Buzzwole
|-damage|p1a: Buzzwole|16/100
|-hitcount|p1a: Buzzwole|3
|move|p1a: Buzzwole|Close Combat|p2a: Urshifu
|-damage|p2a: Urshifu|0 fnt
|-unboost|p1a: Buzzwole|def|1
|-unboost|p1a: Buzzwole|spd|1
|faint|p2a: Urshifu
|-ability|p1a: Buzzwole|Beast Boost|boost
|-boost|p1a: Buzzwole|atk|1
|
|upkeep
|
|t:|1633768180
|switch|p2a: Garchomp|Garchomp, M|74/100
|turn|39
|
|t:|1633768184
|move|p2a: Garchomp|Scale Shot|p1a: Buzzwole|[miss]
|-miss|p2a: Garchomp|p1a: Buzzwole
|move|p1a: Buzzwole|Ice Punch|p2a: Garchomp
|-supereffective|p2a: Garchomp
|-damage|p2a: Garchomp|0 fnt
|-damage|p1a: Buzzwole|4/100|[from] ability: Rough Skin|[of] p2a: Garchomp
|faint|p2a: Garchomp
|-ability|p1a: Buzzwole|Beast Boost|boost
|-boost|p1a: Buzzwole|atk|1
|
|upkeep
|
|t:|1633768199
|switch|p2a: Landorus|Landorus-Therian, M|57/100
|-ability|p2a: Landorus|Intimidate|boost
|-unboost|p1a: Buzzwole|atk|1
|turn|40
|l|☆Lechmescouilles
|inactive|Lechmescouilles disconnected and has a minute to reconnect!
|player|p2|
|j|☆Lechmescouilles
|inactive|Lechmescouilles reconnected and has 125 seconds left.
|player|p2|Lechmescouilles|shadowtriad
|inactive|Lechmescouilles has 120 seconds left.
|
|t:|1633768230
|move|p2a: Landorus|Earthquake|p1a: Buzzwole
|-resisted|p1a: Buzzwole
|-damage|p1a: Buzzwole|0 fnt
|faint|p1a: Buzzwole
|
|upkeep
|
|t:|1633768235
|switch|p1a: Kyurem|Kyurem|63/100
|-ability|p1a: Kyurem|Pressure
|turn|41
|
|t:|1633768241
|switch|p2a: Buzzwole|Buzzwole, shiny|73/100
|move|p1a: Kyurem|Freeze-Dry|p2a: Buzzwole
|-damage|p2a: Buzzwole|28/100
|
|upkeep
|turn|42
|
|t:|1633768247
|move|p1a: Kyurem|Freeze-Dry|p2a: Buzzwole
|-damage|p2a: Buzzwole|0 fnt
|faint|p2a: Buzzwole
|
|upkeep
|
|t:|1633768252
|switch|p2a: Landorus|Landorus-Therian, M|57/100
|-ability|p2a: Landorus|Intimidate|boost
|-unboost|p1a: Kyurem|atk|1
|turn|43
|
|t:|1633768264
|move|p1a: Kyurem|Freeze-Dry|p2a: Landorus
|-supereffective|p2a: Landorus
|-damage|p2a: Landorus|0 fnt
|faint|p2a: Landorus
|
|win|Mel2345
|raw|Mel2345's rating: 1373 &rarr; <strong>1395</strong><br />(+22 for winning)
|raw|Lechmescouilles's rating: 1415 &rarr; <strong>1393</strong><br />(-22 for losing)
|l|☆Lechmescouilles
|c|☆Mel2345|gg
