|j|☆Greengamer12
|j|☆Mewstang
|t:|1660056075
|gametype|singles
|player|p1|Greengamer12|169|1458
|player|p2|Mewstang|170|1401
|teamsize|p1|6
|teamsize|p2|6
|gen|8
|tier|[Gen 8] OU
|rated|
|rule|Sleep Clause Mod: Limit one foe put to sleep
|rule|Species Clause: Limit one of each Pokémon
|rule|OHKO Clause: OHKO moves are banned
|rule|Evasion Items Clause: Evasion items are banned
|rule|Evasion Moves Clause: Evasion moves are banned
|rule|Endless Battle Clause: Forcing endless battles is banned
|rule|HP Percentage Mod: HP is shown in percentages
|rule|Dynamax Clause: You cannot dynamax
|clearpoke
|poke|p1|Landorus-Therian, M|
|poke|p1|Ferrothorn, M|
|poke|p1|Slowbro, F|
|poke|p1|Zeraora|
|poke|p1|Zapdos-Galar|
|poke|p1|Clefable, M|
|poke|p2|Blacephalon|
|poke|p2|Ninetales-Alola, M|
|poke|p2|Tapu Fini|
|poke|p2|Heatran, F|
|poke|p2|Garchomp, F|
|poke|p2|Kartana|
|teampreview
|inactive|Battle timer is ON: inactive players will automatically lose when time's up. (requested by Greengamer12)
|
|t:|1660056093
|start
|switch|p1a: Landorus|Landorus-Therian, M|100/100
|switch|p2a: Heatran|Heatran, F|100/100
|-item|p2a: Heatran|Air Balloon
|-ability|p1a: Landorus|Intimidate|boost
|-unboost|p2a: Heatran|atk|1
|turn|1
|
|t:|1660056099
|move|p2a: Heatran|Stealth Rock|p1a: Landorus
|-sidestart|p1: Greengamer12|move: Stealth Rock
|move|p1a: Landorus|U-turn|p2a: Heatran
|-resisted|p2a: Heatran
|-damage|p2a: Heatran|97/100
|-status|p1a: Landorus|brn|[from] ability: Flame Body|[of] p2a: Heatran
|-enditem|p2a: Heatran|Air Balloon
|
|t:|1660056106
|switch|p1a: Zapdos|Zapdos-Galar|100/100|[from]move: U-turn
|-damage|p1a: Zapdos|88/100|[from] Stealth Rock
|
|upkeep
|turn|2
|
|t:|1660056116
|move|p1a: Zapdos|Close Combat|p2a: Heatran
|-supereffective|p2a: Heatran
|-damage|p2a: Heatran|0 fnt
|-unboost|p1a: Zapdos|def|1
|-unboost|p1a: Zapdos|spd|1
|faint|p2a: Heatran
|
|upkeep
|
|t:|1660056135
|switch|p2a: Tapu Fini|Tapu Fini|100/100
|-fieldstart|move: Misty Terrain|[from] ability: Misty Surge|[of] p2a: Tapu Fini
|turn|3
|
|t:|1660056143
|switch|p1a: Zeraora|Zeraora|100/100
|move|p2a: Tapu Fini|Draining Kiss|p1a: Zeraora
|-damage|p1a: Zeraora|80/100
|
|upkeep
|turn|4
|
|t:|1660056150
|switch|p2a: Garchomp|Garchomp, F|100/100
|move|p1a: Zeraora|Knock Off|p2a: Garchomp
|-crit|p2a: Garchomp
|-damage|p2a: Garchomp|55/100
|-damage|p1a: Zeraora|67/100|[from] ability: Rough Skin|[of] p2a: Garchomp
|-enditem|p2a: Garchomp|Leftovers|[from] move: Knock Off|[of] p1a: Zeraora
|
|upkeep
|turn|5
|
|t:|1660056166
|switch|p2a: Ninetales|Ninetales-Alola, M|100/100
|-weather|Hail|[from] ability: Snow Warning|[of] p2a: Ninetales
|move|p1a: Zeraora|Close Combat|p2a: Ninetales
|-damage|p2a: Ninetales|52/100
|-unboost|p1a: Zeraora|def|1
|-unboost|p1a: Zeraora|spd|1
|
|-weather|Hail|[upkeep]
|-damage|p1a: Zeraora|61/100|[from] Hail
|upkeep
|turn|6
|
|t:|1660056172
|move|p1a: Zeraora|Plasma Fists|p2a: Ninetales
|-damage|p2a: Ninetales|0 fnt
|-fieldactivate|move: Ion Deluge
|-hint|Normal-type moves become Electric-type after using Plasma Fists.
|faint|p2a: Ninetales
|
|-weather|Hail|[upkeep]
|-damage|p1a: Zeraora|55/100|[from] Hail
|upkeep
|
|t:|1660056181
|switch|p2a: Kartana|Kartana|100/100
|turn|7
|
|t:|1660056200
|switch|p1a: Landorus|Landorus-Therian, M|100/100 brn
|-damage|p1a: Landorus|88/100 brn|[from] Stealth Rock
|-ability|p1a: Landorus|Intimidate|boost
|-unboost|p2a: Kartana|atk|1
|move|p2a: Kartana|Knock Off|p1a: Landorus
|-damage|p1a: Landorus|62/100 brn
|-enditem|p1a: Landorus|Leftovers|[from] move: Knock Off|[of] p2a: Kartana
|
|-weather|Hail|[upkeep]
|-damage|p2a: Kartana|94/100|[from] Hail
|-damage|p1a: Landorus|56/100 brn|[from] Hail
|-damage|p1a: Landorus|50/100 brn|[from] brn
|-fieldend|Misty Terrain
|upkeep
|turn|8
|
|t:|1660056209
|switch|p2a: Tapu Fini|Tapu Fini|100/100
|-fieldstart|move: Misty Terrain|[from] ability: Misty Surge|[of] p2a: Tapu Fini
|move|p1a: Landorus|U-turn|p2a: Tapu Fini
|-resisted|p2a: Tapu Fini
|-damage|p2a: Tapu Fini|97/100
|
|t:|1660056226
|switch|p1a: Clefable|Clefable, M|100/100|[from]move: U-turn
|
|-weather|Hail|[upkeep]
|-damage|p2a: Tapu Fini|91/100|[from] Hail
|upkeep
|turn|9
|
|t:|1660056233
|move|p2a: Tapu Fini|Taunt|p1a: Clefable
|-start|p1a: Clefable|move: Taunt
|cant|p1a: Clefable|move: Taunt|Calm Mind
|
|-weather|none
|upkeep
|turn|10
|
|t:|1660056239
|move|p2a: Tapu Fini|Calm Mind|p2a: Tapu Fini
|-boost|p2a: Tapu Fini|spa|1
|-boost|p2a: Tapu Fini|spd|1
|move|p1a: Clefable|Thunderbolt|p2a: Tapu Fini
|-supereffective|p2a: Tapu Fini
|-damage|p2a: Tapu Fini|71/100
|-enditem|p2a: Tapu Fini|Weakness Policy
|-boost|p2a: Tapu Fini|atk|2|[from] item: Weakness Policy
|-boost|p2a: Tapu Fini|spa|2|[from] item: Weakness Policy
|
|upkeep
|turn|11
|
|t:|1660056243
|move|p2a: Tapu Fini|Calm Mind|p2a: Tapu Fini
|-boost|p2a: Tapu Fini|spa|1
|-boost|p2a: Tapu Fini|spd|1
|move|p1a: Clefable|Thunderbolt|p2a: Tapu Fini
|-supereffective|p2a: Tapu Fini
|-damage|p2a: Tapu Fini|56/100
|
|-end|p1a: Clefable|move: Taunt
|upkeep
|turn|12
|
|t:|1660056249
|move|p2a: Tapu Fini|Taunt|p1a: Clefable
|-start|p1a: Clefable|move: Taunt
|move|p1a: Clefable|Thunderbolt|p2a: Tapu Fini
|-supereffective|p2a: Tapu Fini
|-damage|p2a: Tapu Fini|41/100
|
|-fieldend|Misty Terrain
|upkeep
|turn|13
|
|t:|1660056257
|move|p2a: Tapu Fini|Surf|p1a: Clefable
|-damage|p1a: Clefable|32/100
|move|p1a: Clefable|Thunderbolt|p2a: Tapu Fini
|-supereffective|p2a: Tapu Fini
|-damage|p2a: Tapu Fini|24/100
|
|-heal|p1a: Clefable|38/100|[from] item: Leftovers
|upkeep
|turn|14
|
|t:|1660056261
|move|p2a: Tapu Fini|Surf|p1a: Clefable
|-damage|p1a: Clefable|0 fnt
|faint|p1a: Clefable
|
|upkeep
|
|t:|1660056270
|switch|p1a: Zapdos|Zapdos-Galar|88/100
|-damage|p1a: Zapdos|76/100|[from] Stealth Rock
|turn|15
|
|t:|1660056276
|move|p1a: Zapdos|Drill Peck|p2a: Tapu Fini
|-damage|p2a: Tapu Fini|0 fnt
|faint|p2a: Tapu Fini
|
|upkeep
|
|t:|1660056289
|switch|p2a: Blacephalon|Blacephalon|100/100
|turn|16
|
|t:|1660056304
|move|p2a: Blacephalon|Flamethrower|p1a: Zapdos
|-damage|p1a: Zapdos|19/100
|-status|p1a: Zapdos|brn
|move|p1a: Zapdos|Drill Peck|p2a: Blacephalon
|-damage|p2a: Blacephalon|42/100
|
|-damage|p1a: Zapdos|13/100 brn|[from] brn
|upkeep
|turn|17
|
|t:|1660056311
|move|p2a: Blacephalon|Flamethrower|p1a: Zapdos
|-damage|p1a: Zapdos|0 fnt
|faint|p1a: Zapdos
|-ability|p2a: Blacephalon|Beast Boost|boost
|-boost|p2a: Blacephalon|spe|1
|
|upkeep
|
|t:|1660056319
|switch|p1a: Landorus|Landorus-Therian, M|50/100 brn
|-damage|p1a: Landorus|38/100 brn|[from] Stealth Rock
|-ability|p1a: Landorus|Intimidate|boost
|-unboost|p2a: Blacephalon|atk|1
|turn|18
|
|t:|1660056325
|move|p2a: Blacephalon|Shadow Ball|p1a: Landorus
|-damage|p1a: Landorus|9/100 brn
|-unboost|p1a: Landorus|spd|1
|move|p1a: Landorus|Earthquake|p2a: Blacephalon
|-supereffective|p2a: Blacephalon
|-damage|p2a: Blacephalon|0 fnt
|faint|p2a: Blacephalon
|
|-damage|p1a: Landorus|3/100 brn|[from] brn
|upkeep
|
|t:|1660056348
|switch|p2a: Kartana|Kartana|94/100
|turn|19
|l|☆Greengamer12
|inactive|Greengamer12 disconnected and has a minute to reconnect!
|player|p1|
|j|☆Greengamer12
|inactive|Greengamer12 reconnected and has 125 seconds left.
|player|p1|Greengamer12|169
|inactive|Greengamer12 has 120 seconds left.
|
|t:|1660056380
|switch|p1a: Slowbro|Slowbro, F|100/100
|move|p2a: Kartana|Knock Off|p1a: Slowbro
|-supereffective|p1a: Slowbro
|-damage|p1a: Slowbro|52/100
|-enditem|p1a: Slowbro|Heavy-Duty Boots|[from] move: Knock Off|[of] p2a: Kartana
|
|upkeep
|turn|20
|
|t:|1660056387
|switch|p2a: Garchomp|Garchomp, F|55/100
|move|p1a: Slowbro|Slack Off|p1a: Slowbro
|-heal|p1a: Slowbro|100/100
|
|upkeep
|turn|21
|
|t:|1660056393
|switch|p2a: Kartana|Kartana|94/100
|move|p1a: Slowbro|Scald|p2a: Kartana
|-resisted|p2a: Kartana
|-damage|p2a: Kartana|50/100
|
|upkeep
|turn|22
|
|t:|1660056399
|move|p2a: Kartana|Leaf Blade|p1a: Slowbro
|-supereffective|p1a: Slowbro
|-damage|p1a: Slowbro|35/100
|move|p1a: Slowbro|Scald|p2a: Kartana
|-resisted|p2a: Kartana
|-damage|p2a: Kartana|11/100
|
|upkeep
|turn|23
|
|t:|1660056407
|switch|p1a: Ferrothorn|Ferrothorn, M|100/100
|-damage|p1a: Ferrothorn|94/100|[from] Stealth Rock
|move|p2a: Kartana|Leaf Blade|p1a: Ferrothorn
|-resisted|p1a: Ferrothorn
|-damage|p1a: Ferrothorn|83/100
|-damage|p2a: Kartana|0 fnt|[from] ability: Iron Barbs|[of] p1a: Ferrothorn
|faint|p2a: Kartana
|
|-heal|p1a: Ferrothorn|90/100|[from] item: Leftovers
|upkeep
|
|t:|1660056409
|switch|p2a: Garchomp|Garchomp, F|55/100
|turn|24
|
|t:|1660056418
|move|p2a: Garchomp|Swords Dance|p2a: Garchomp
|-boost|p2a: Garchomp|atk|2
|move|p1a: Ferrothorn|Body Press|p2a: Garchomp
|-damage|p2a: Garchomp|31/100
|-damage|p1a: Ferrothorn|77/100|[from] ability: Rough Skin|[of] p2a: Garchomp
|
|-heal|p1a: Ferrothorn|83/100|[from] item: Leftovers
|upkeep
|turn|25
|
|t:|1660056429
|switch|p1a: Landorus|Landorus-Therian, M|3/100 brn
|-damage|p1a: Landorus|0 fnt|[from] Stealth Rock
|faint|p1a: Landorus
|move|p2a: Garchomp|Fire Fang|p1: Landorus|[notarget]
|-fail|p2a: Garchomp
|
|upkeep
|
|t:|1660056434
|switch|p1a: Zeraora|Zeraora|55/100
|turn|26
|
|t:|1660056436
|move|p1a: Zeraora|Close Combat|p2a: Garchomp
|-damage|p2a: Garchomp|0 fnt
|-unboost|p1a: Zeraora|def|1
|-unboost|p1a: Zeraora|spd|1
|-damage|p1a: Zeraora|43/100|[from] ability: Rough Skin|[of] p2a: Garchomp
|faint|p2a: Garchomp
|
|win|Greengamer12
|raw|Greengamer12's rating: 1458 &rarr; <strong>1475</strong><br />(+17 for winning)
|raw|Mewstang's rating: 1401 &rarr; <strong>1384</strong><br />(-17 for losing)
|l|☆Mewstang
|j|☆Mewstang
|player|p2|Mewstang|170
|l|☆Mewstang
|player|p2|
