|j|☆cold.exe
|j|☆Atari64
|player|p1|cold.exe|steven|1348
|player|p2|Atari64|roxie|1299
|teamsize|p1|6
|teamsize|p2|6
|gametype|singles
|gen|8
|tier|[Gen 8] OU
|rated|
|clearpoke
|poke|p1|Cinderace, F|
|poke|p1|Gyarados, M|
|poke|p1|Dragapult, M|
|poke|p1|Hydreigon, M|
|poke|p1|Rotom-Wash|
|poke|p1|Diggersby, F|
|poke|p2|Galvantula, M|
|poke|p2|Togekiss, F|
|poke|p2|Mamoswine, M|
|poke|p2|Corsola-Galar, F|
|poke|p2|Bisharp, M|
|poke|p2|Hawlucha, F|
|rule|Sleep Clause Mod: Limit one foe put to sleep
|rule|Species Clause: Limit one of each Pokémon
|rule|OHKO Clause: OHKO moves are banned
|rule|Evasion Moves Clause: Evasion moves are banned
|rule|Endless Battle Clause: Forcing endless battles is banned
|rule|HP Percentage Mod: HP is shown in percentages
|rule|Dynamax Clause: You cannot dynamax
|teampreview
|inactive|Battle timer is ON: inactive players will automatically lose when time's up. (requested by Atari64)
|
|start
|switch|p1a: Dragapult|Dragapult, M|100/100
|switch|p2a: Sticky Fingers|Galvantula, M|100/100
|turn|1
|
|move|p1a: Dragapult|Substitute|p1a: Dragapult
|-start|p1a: Dragapult|Substitute
|-damage|p1a: Dragapult|76/100
|move|p2a: Sticky Fingers|Thunder Wave||[still]
|-fail|p2a: Sticky Fingers
|
|upkeep
|turn|2
|
|move|p1a: Dragapult|Dragon Darts|p2a: Sticky Fingers
|-damage|p2a: Sticky Fingers|44/100
|-anim|p1a: Dragapult|Dragon Darts|p2a: Sticky Fingers
|-damage|p2a: Sticky Fingers|0 fnt
|faint|p2a: Sticky Fingers
|
|upkeep
|
|switch|p2a: Inmortal|Corsola-Galar, F|100/100
|turn|3
|
|move|p1a: Dragapult|Phantom Force||[still]
|-prepare|p1a: Dragapult|Phantom Force|p2a: Inmortal
|move|p2a: Inmortal|Night Shade|p1a: Dragapult|[miss]
|-miss|p2a: Inmortal|p1a: Dragapult
|
|upkeep
|turn|4
|
|move|p1a: Dragapult|Phantom Force|p2a: Inmortal|[from]lockedmove
|-supereffective|p2a: Inmortal
|-damage|p2a: Inmortal|30/100
|-start|p1a: Dragapult|Disable|Phantom Force|[from] ability: Cursed Body|[of] p2a: Inmortal
|move|p2a: Inmortal|Night Shade|p1a: Dragapult
|-end|p1a: Dragapult|Substitute
|
|upkeep
|turn|5
|
|move|p1a: Dragapult|Dragon Darts|p2a: Inmortal
|-damage|p2a: Inmortal|6/100
|-anim|p1a: Dragapult|Dragon Darts|p2a: Inmortal
|-damage|p2a: Inmortal|0 fnt
|faint|p2a: Inmortal
|
|upkeep
|
|switch|p2a: Off the Wall|Mamoswine, M|100/100
|turn|6
|
|switch|p1a: Rotom|Rotom-Wash, shiny|100/100
|move|p2a: Off the Wall|Stealth Rock|p1a: Rotom
|-sidestart|p1: cold.exe|move: Stealth Rock
|
|upkeep
|turn|7
|
|move|p1a: Rotom|Will-O-Wisp|p2a: Off the Wall
|-status|p2a: Off the Wall|brn
|move|p2a: Off the Wall|Avalanche|p1a: Rotom
|-resisted|p1a: Rotom
|-damage|p1a: Rotom|94/100
|
|-heal|p1a: Rotom|99/100|[from] item: Leftovers
|-damage|p2a: Off the Wall|94/100 brn|[from] brn
|upkeep
|turn|8
|
|move|p1a: Rotom|Defog|p2a: Off the Wall
|-unboost|p2a: Off the Wall|evasion|1
|-sideend|p1: cold.exe|Stealth Rock|[from] move: Defog|[of] p1a: Rotom
|move|p2a: Off the Wall|Avalanche|p1a: Rotom
|-resisted|p1a: Rotom
|-damage|p1a: Rotom|95/100
|
|-heal|p1a: Rotom|100/100|[from] item: Leftovers
|-damage|p2a: Off the Wall|88/100 brn|[from] brn
|upkeep
|turn|9
|-message|Atari64 forfeited.
|
|win|cold.exe
|l|☆Atari64
||Ladder (probably) updated, but score could not be retrieved (Request timeout).
