|j|☆early_human
|j|☆Nicaragua2
|t:|1619649687
|gametype|singles
|player|p1|early_human|dancer|1810
|player|p2|Nicaragua2|flint|1869
|teamsize|p1|6
|teamsize|p2|6
|gen|8
|tier|[Gen 8] OU
|rated|
|clearpoke
|poke|p1|Moltres-Galar|
|poke|p1|Aegislash, M|
|poke|p1|Buzzwole|
|poke|p1|Latios, M|
|poke|p1|Landorus-Therian, M|
|poke|p1|Bisharp, M|
|poke|p2|Clefable, M|
|poke|p2|Skarmory, F|
|poke|p2|Heatran, M|
|poke|p2|Suicune|
|poke|p2|Mamoswine, M|
|poke|p2|Rillaboom, F|
|rule|Sleep Clause Mod: Limit one foe put to sleep
|rule|Species Clause: Limit one of each Pokémon
|rule|OHKO Clause: OHKO moves are banned
|rule|Evasion Moves Clause: Evasion moves are banned
|rule|Endless Battle Clause: Forcing endless battles is banned
|rule|HP Percentage Mod: HP is shown in percentages
|rule|Dynamax Clause: You cannot dynamax
|teampreview
|l|☆Nicaragua2
|player|p2|
|inactive|Battle timer is ON: inactive players will automatically lose when time's up. (requested by early_human)
|j| ImperialMadness
|j|☆Nicaragua2
|inactive|Nicaragua2 reconnected and has 140 seconds left.
|player|p2|Nicaragua2|flint
|j| Skinnybiscuit
|j| nero89
|inactive|Nicaragua2 has 120 seconds left.
|
|t:|1619649754
|start
|switch|p1a: Buzzwole|Buzzwole|100/100
|switch|p2a: Mamoswine|Mamoswine, M|100/100
|turn|1
|
|t:|1619649773
|switch|p2a: Clefable|Clefable, M|100/100
|move|p1a: Buzzwole|Close Combat|p2a: Clefable
|-resisted|p2a: Clefable
|-damage|p2a: Clefable|59/100
|-unboost|p1a: Buzzwole|def|1
|-unboost|p1a: Buzzwole|spd|1
|
|-heal|p2a: Clefable|65/100|[from] item: Leftovers
|upkeep
|turn|2
|
|t:|1619649779
|switch|p1a: Bisharp|Bisharp, M|100/100
|move|p2a: Clefable|Soft-Boiled|p2a: Clefable
|-heal|p2a: Clefable|100/100
|
|upkeep
|turn|3
|
|t:|1619649798
|switch|p1a: Latios|Latios, M|100/100
|switch|p2a: Skarmory|Skarmory, F|100/100
|
|upkeep
|turn|4
|
|t:|1619649815
|switch|p2a: Heatran|Heatran, M|100/100
|move|p1a: Latios|Psychic|p2a: Heatran
|-resisted|p2a: Heatran
|-damage|p2a: Heatran|83/100
|
|-heal|p2a: Heatran|89/100|[from] item: Leftovers
|upkeep
|turn|5
|
|t:|1619649829
|switch|p1a: Landorus|Landorus-Therian, M|100/100
|-ability|p1a: Landorus|Intimidate|boost
|-unboost|p2a: Heatran|atk|1
|move|p2a: Heatran|Stealth Rock|p1a: Landorus
|-sidestart|p1: early_human|move: Stealth Rock
|
|-heal|p2a: Heatran|95/100|[from] item: Leftovers
|upkeep
|turn|6
|
|t:|1619649838
|switch|p2a: Skarmory|Skarmory, F|100/100
|move|p1a: Landorus|Stealth Rock|p2a: Skarmory
|-sidestart|p2: Nicaragua2|move: Stealth Rock
|
|upkeep
|turn|7
|
|t:|1619649845
|switch|p1a: Aegislash|Aegislash, M|100/100
|-damage|p1a: Aegislash|94/100|[from] Stealth Rock
|move|p2a: Skarmory|Spikes|p1a: Aegislash
|-sidestart|p1: early_human|Spikes
|
|upkeep
|turn|8
|l| nero89
|j| Andresa<3
|
|t:|1619649856
|switch|p2a: Heatran|Heatran, M|95/100
|-damage|p2a: Heatran|83/100|[from] Stealth Rock
|-formechange|p1a: Aegislash|Aegislash-Blade||[from] ability: Stance Change
|move|p1a: Aegislash|Shadow Ball|p2a: Heatran
|-damage|p2a: Heatran|50/100
|
|-heal|p2a: Heatran|57/100|[from] item: Leftovers
|upkeep
|turn|9
|
|t:|1619649875
|-formechange|p1a: Aegislash|Aegislash||[from] ability: Stance Change
|move|p1a: Aegislash|King's Shield|p1a: Aegislash
|-singleturn|p1a: Aegislash|Protect
|move|p2a: Heatran|Magma Storm|p1a: Aegislash
|-activate|p1a: Aegislash|move: Protect
|
|-heal|p2a: Heatran|63/100|[from] item: Leftovers
|upkeep
|turn|10
|
|t:|1619649880
|move|p2a: Heatran|Magma Storm|p1a: Aegislash
|-supereffective|p1a: Aegislash
|-damage|p1a: Aegislash|26/100
|-activate|p1a: Aegislash|move: Magma Storm|[of] p2a: Heatran
|-enditem|p1a: Aegislash|Weakness Policy
|-boost|p1a: Aegislash|atk|2|[from] item: Weakness Policy
|-boost|p1a: Aegislash|spa|2|[from] item: Weakness Policy
|-formechange|p1a: Aegislash|Aegislash-Blade||[from] ability: Stance Change
|move|p1a: Aegislash|Close Combat|p2a: Heatran
|-supereffective|p2a: Heatran
|-damage|p2a: Heatran|0 fnt
|-unboost|p1a: Aegislash|def|1
|-unboost|p1a: Aegislash|spd|1
|faint|p2a: Heatran
|
|-end|p1a: Aegislash|Magma Storm|[partiallytrapped]|[silent]
|upkeep
|
|t:|1619649908
|switch|p2a: Suicune|Suicune|100/100
|-damage|p2a: Suicune|88/100|[from] Stealth Rock
|-ability|p2a: Suicune|Pressure
|turn|11
|
|t:|1619649916
|switch|p1a: Latios|Latios, M|100/100
|-damage|p1a: Latios|88/100|[from] Stealth Rock
|move|p2a: Suicune|Scald|p1a: Latios
|-resisted|p1a: Latios
|-damage|p1a: Latios|75/100
|
|-heal|p2a: Suicune|94/100|[from] item: Leftovers
|upkeep
|turn|12
|inactive|Nicaragua2 has 120 seconds left.
|
|t:|1619649945
|switch|p2a: Skarmory|Skarmory, F|100/100
|-damage|p2a: Skarmory|88/100|[from] Stealth Rock
|move|p1a: Latios|Future Sight|p2a: Skarmory
|-start|p1a: Latios|move: Future Sight
|
|upkeep
|turn|13
|j| mindphuck
|j| MiniLarry
|inactive|Nicaragua2 has 120 seconds left.
|
|t:|1619649958
|move|p1a: Latios|Mystical Fire|p2a: Skarmory
|-supereffective|p2a: Skarmory
|-crit|p2a: Skarmory
|-damage|p2a: Skarmory|0 fnt
|faint|p2a: Skarmory
|
|upkeep
|inactive|Nicaragua2 has 120 seconds left.
|j| Sorcier anguilion
|j| OUTK Dorito
|
|t:|1619649972
|switch|p2a: Mamoswine|Mamoswine, M|100/100
|-damage|p2a: Mamoswine|88/100|[from] Stealth Rock
|turn|14
|inactive|Nicaragua2 has 120 seconds left.
|
|t:|1619649980
|switch|p1a: Aegislash|Aegislash, M|26/100
|-damage|p1a: Aegislash|20/100|[from] Stealth Rock
|-damage|p1a: Aegislash|7/100|[from] Spikes
|move|p2a: Mamoswine|Icicle Crash|p1a: Aegislash
|-resisted|p1a: Aegislash
|-damage|p1a: Aegislash|0 fnt
|faint|p1a: Aegislash
|
|-end|p2a: Mamoswine|move: Future Sight
|-damage|p2a: Mamoswine|11/100
|upkeep
|
|t:|1619649989
|switch|p1a: Buzzwole|Buzzwole|100/100
|-damage|p1a: Buzzwole|88/100|[from] Spikes
|-damage|p1a: Buzzwole|76/100|[from] Stealth Rock
|turn|15
|inactive|Nicaragua2 has 120 seconds left.
|
|t:|1619650010
|move|p1a: Buzzwole|Close Combat|p2a: Mamoswine
|-supereffective|p2a: Mamoswine
|-damage|p2a: Mamoswine|0 fnt
|-unboost|p1a: Buzzwole|def|1
|-unboost|p1a: Buzzwole|spd|1
|faint|p2a: Mamoswine
|-ability|p1a: Buzzwole|Beast Boost|boost
|-boost|p1a: Buzzwole|atk|1
|
|upkeep
|
|t:|1619650027
|switch|p2a: Clefable|Clefable, M|100/100
|-damage|p2a: Clefable|88/100|[from] Stealth Rock
|turn|16
|
|t:|1619650043
|switch|p1a: Bisharp|Bisharp, M|100/100
|-damage|p1a: Bisharp|88/100|[from] Spikes
|-damage|p1a: Bisharp|82/100|[from] Stealth Rock
|move|p2a: Clefable|Moonblast|p1a: Bisharp
|-damage|p1a: Bisharp|52/100
|
|-heal|p2a: Clefable|94/100|[from] item: Leftovers
|upkeep
|turn|17
|l| Skinnybiscuit
|inactive|Nicaragua2 has 90 seconds left.
|
|t:|1619650064
|switch|p2a: Suicune|Suicune|94/100
|-damage|p2a: Suicune|82/100|[from] Stealth Rock
|-ability|p2a: Suicune|Pressure
|move|p1a: Bisharp|Knock Off|p2a: Suicune
|-damage|p2a: Suicune|50/100
|-enditem|p2a: Suicune|Leftovers|[from] move: Knock Off|[of] p1a: Bisharp
|
|upkeep
|turn|18
|
|t:|1619650074
|move|p2a: Suicune|Scald|p1a: Bisharp
|-damage|p1a: Bisharp|29/100
|move|p1a: Bisharp|Knock Off|p2a: Suicune
|-damage|p2a: Suicune|28/100
|
|upkeep
|turn|19
|inactive|Nicaragua2 has 90 seconds left.
|
|t:|1619650097
|move|p2a: Suicune|Scald|p1a: Bisharp
|-damage|p1a: Bisharp|3/100
|-status|p1a: Bisharp|brn
|move|p1a: Bisharp|Knock Off|p2a: Suicune
|-damage|p2a: Suicune|16/100
|
|-damage|p1a: Bisharp|0 fnt|[from] brn
|faint|p1a: Bisharp
|upkeep
|
|t:|1619650107
|switch|p1a: Latios|Latios, M|75/100
|-damage|p1a: Latios|63/100|[from] Stealth Rock
|turn|20
|inactive|Nicaragua2 has 90 seconds left.
|
|t:|1619650121
|move|p1a: Latios|Psychic|p2a: Suicune
|-damage|p2a: Suicune|0 fnt
|faint|p2a: Suicune
|
|upkeep
|inactive|Nicaragua2 has 90 seconds left.
|
|t:|1619650137
|switch|p2a: Clefable|Clefable, M|94/100
|-damage|p2a: Clefable|82/100|[from] Stealth Rock
|turn|21
|
|t:|1619650142
|move|p1a: Latios|Psychic|p2a: Clefable
|-damage|p2a: Clefable|30/100
|move|p2a: Clefable|Soft-Boiled|p2a: Clefable
|-heal|p2a: Clefable|80/100
|
|-heal|p2a: Clefable|86/100|[from] item: Leftovers
|upkeep
|turn|22
|inactive|Nicaragua2 has 90 seconds left.
|
|t:|1619650163
|move|p1a: Latios|Future Sight|p2a: Clefable
|-start|p1a: Latios|move: Future Sight
|move|p2a: Clefable|Soft-Boiled|p2a: Clefable
|-heal|p2a: Clefable|100/100
|
|upkeep
|turn|23
|
|t:|1619650173
|switch|p1a: Landorus|Landorus-Therian, M|100/100
|-damage|p1a: Landorus|88/100|[from] Stealth Rock
|-ability|p1a: Landorus|Intimidate|boost
|-unboost|p2a: Clefable|atk|1
|move|p2a: Clefable|Moonblast|p1a: Landorus
|-damage|p1a: Landorus|46/100
|
|upkeep
|turn|24
|inactive|Nicaragua2 has 90 seconds left.
|
|t:|1619650187
|switch|p2a: Rillaboom|Rillaboom, F|100/100
|-damage|p2a: Rillaboom|88/100|[from] Stealth Rock
|-fieldstart|move: Grassy Terrain|[from] ability: Grassy Surge|[of] p2a: Rillaboom
|move|p1a: Landorus|Earthquake|p2a: Rillaboom
|-resisted|p2a: Rillaboom
|-damage|p2a: Rillaboom|74/100
|
|-end|p2a: Rillaboom|move: Future Sight
|-damage|p2a: Rillaboom|0 fnt
|faint|p2a: Rillaboom
|upkeep
|l| Andresa<3
|j| Andresa<3
|j| Edwinvf
|c|☆Nicaragua2|Why is latios doing so much damage ?
|inactive|Nicaragua2 has 60 seconds left.
|c|☆early_human|he strong
|c|☆Nicaragua2|Life dew?
|l|☆Nicaragua2
|inactive|Nicaragua2 disconnected and has a minute to reconnect!
|player|p2|
|c|☆early_human|ye
|c| Edwinvf|lol
|c|☆early_human|soul dew
|j|☆Nicaragua2
|inactive|Nicaragua2 reconnected and has 35 seconds left.
|player|p2|Nicaragua2|flint
|inactive|Nicaragua2 has 30 seconds left.
|
|t:|1619650248
|switch|p2a: Clefable|Clefable, M|100/100
|-damage|p2a: Clefable|88/100|[from] Stealth Rock
|turn|25
|inactive|Nicaragua2 has 30 seconds left.
|inactive|Nicaragua2 has 20 seconds left.
|inactive|Nicaragua2 has 15 seconds left.
|
|t:|1619650273
|move|p1a: Landorus|Explosion|p2a: Clefable
|-damage|p2a: Clefable|17/100
|faint|p1a: Landorus
|move|p2a: Clefable|Moonblast|p1: Landorus|[notarget]
|-fail|p2a: Clefable
|
|-heal|p2a: Clefable|23/100|[from] Grassy Terrain
|-heal|p2a: Clefable|29/100|[from] item: Leftovers
|upkeep
|inactive|Nicaragua2 has 20 seconds left this turn.
|
|t:|1619650276
|switch|p1a: Latios|Latios, M|63/100
|-damage|p1a: Latios|51/100|[from] Stealth Rock
|turn|26
|inactive|Nicaragua2 has 30 seconds left this turn.
|c|☆early_human|gg
|j| huihiihiuhiuhihuia
|inactive|Nicaragua2 has 20 seconds left.
|inactive|Nicaragua2 has 15 seconds left.
|
|t:|1619650291
|move|p1a: Latios|Psychic|p2a: Clefable
|-damage|p2a: Clefable|0 fnt
|faint|p2a: Clefable
|
|win|early_human
|inactive|Nicaragua2 has 20 seconds left this turn.
|raw|early_human's rating: 1811 &rarr; <strong>1834</strong><br />(+23 for winning)
|raw|Nicaragua2's rating: 1869 &rarr; <strong>1846</strong><br />(-23 for losing)
|l|☆Nicaragua2
|l|☆early_human
