|raw|<div class="broadcast-blue"><strong>This battle is required to be public due to a player having a name starting with 'lt94je'.</div>
|j|☆LT94JE Elpacho
|j|☆kazt 5
|t:|1661387194
|gametype|singles
|player|p1|LT94JE Elpacho|baker|1734
|player|p2|kazt 5|acetrainersnowf|1755
|teamsize|p1|6
|teamsize|p2|6
|gen|8
|tier|[Gen 8] OU
|rated|
|rule|Sleep Clause Mod: Limit one foe put to sleep
|rule|Species Clause: Limit one of each Pokémon
|rule|OHKO Clause: OHKO moves are banned
|rule|Evasion Items Clause: Evasion items are banned
|rule|Evasion Moves Clause: Evasion moves are banned
|rule|Endless Battle Clause: Forcing endless battles is banned
|rule|HP Percentage Mod: HP is shown in percentages
|rule|Dynamax Clause: You cannot dynamax
|clearpoke
|poke|p1|Rillaboom, M|
|poke|p1|Gastrodon-East, M|
|poke|p1|Tornadus-Therian, M|
|poke|p1|Heatran, M|
|poke|p1|Aegislash, F|
|poke|p1|Clefable, F|
|poke|p2|Heatran, M|
|poke|p2|Heracross, M|
|poke|p2|Landorus-Therian, M|
|poke|p2|Slowbro, F|
|poke|p2|Mandibuzz, F|
|poke|p2|Gengar, M|
|teampreview
|j| lil globglabgla
|inactive|Battle timer is ON: inactive players will automatically lose when time's up. (requested by kazt 5)
|
|t:|1661387227
|start
|switch|p1a: Clefable|Clefable, F|100/100
|switch|p2a: Landorus|Landorus-Therian, M|100/100
|-ability|p2a: Landorus|Intimidate|boost
|-unboost|p1a: Clefable|atk|1
|turn|1
|
|t:|1661387233
|move|p2a: Landorus|Knock Off|p1a: Clefable
|-resisted|p1a: Clefable
|-damage|p1a: Clefable|87/100
|-damage|p2a: Landorus|84/100|[from] item: Rocky Helmet|[of] p1a: Clefable
|-enditem|p1a: Clefable|Rocky Helmet|[from] move: Knock Off|[of] p2a: Landorus
|move|p1a: Clefable|Stealth Rock|p2a: Landorus
|-sidestart|p2: kazt 5|move: Stealth Rock
|
|upkeep
|turn|2
|
|t:|1661387245
|switch|p2a: Heatran|Heatran, M|100/100
|-damage|p2a: Heatran|88/100|[from] Stealth Rock
|switch|p1a: Rillaboom|Rillaboom, M|100/100
|-fieldstart|move: Grassy Terrain|[from] ability: Grassy Surge|[of] p1a: Rillaboom
|
|-heal|p2a: Heatran|94/100|[from] Grassy Terrain
|-heal|p2a: Heatran|100/100|[from] item: Leftovers
|upkeep
|turn|3
|
|t:|1661387257
|switch|p2a: Mandibuzz|Mandibuzz, F|100/100
|switch|p1a: Gastrodon|Gastrodon-East, M|100/100
|
|upkeep
|turn|4
|
|t:|1661387260
|move|p2a: Mandibuzz|Defog|p1a: Gastrodon
|-unboost|p1a: Gastrodon|evasion|1
|-sideend|p2: kazt 5|Stealth Rock|[from] move: Defog|[of] p2a: Mandibuzz
|-fieldend|move: Grassy Terrain
|move|p1a: Gastrodon|Toxic|p2a: Mandibuzz
|-status|p2a: Mandibuzz|tox
|
|-damage|p2a: Mandibuzz|94/100 tox|[from] psn
|upkeep
|turn|5
|
|t:|1661387265
|switch|p2a: Heracross|Heracross, M|100/100
|switch|p1a: Clefable|Clefable, F|87/100
|
|-status|p2a: Heracross|brn|[from] item: Flame Orb
|upkeep
|turn|6
|
|t:|1661387270
|switch|p1a: Tornadus|Tornadus-Therian, M|100/100
|move|p2a: Heracross|Facade|p1a: Tornadus
|-damage|p1a: Tornadus|16/100
|
|-damage|p2a: Heracross|94/100 brn|[from] brn
|upkeep
|turn|7
|
|t:|1661387275
|move|p1a: Tornadus|U-turn|p2a: Heracross
|-resisted|p2a: Heracross
|-damage|p2a: Heracross|83/100 brn
|c| lil globglabgla|AINT U NATHANIEL B
|
|t:|1661387280
|switch|p1a: Aegislash|Aegislash, F|100/100|[from]move: U-turn
|move|p2a: Heracross|Facade|p1a: Aegislash
|-immune|p1a: Aegislash
|
|-damage|p2a: Heracross|77/100 brn|[from] brn
|upkeep
|turn|8
|
|t:|1661387291
|move|p1a: Aegislash|King's Shield|p1a: Aegislash
|-singleturn|p1a: Aegislash|Protect
|move|p2a: Heracross|Earthquake|p1a: Aegislash
|-activate|p1a: Aegislash|move: Protect
|
|-damage|p2a: Heracross|71/100 brn|[from] brn
|upkeep
|turn|9
|
|t:|1661387295
|switch|p2a: Heatran|Heatran, M|100/100
|switch|p1a: Tornadus|Tornadus-Therian, M|49/100
|
|upkeep
|turn|10
|
|t:|1661387298
|move|p1a: Tornadus|U-turn|p2a: Heatran
|-resisted|p2a: Heatran
|-damage|p2a: Heatran|98/100
|
|t:|1661387301
|switch|p1a: Gastrodon|Gastrodon-East, M|100/100|[from]move: U-turn
|move|p2a: Heatran|Magma Storm|p1a: Gastrodon
|-resisted|p1a: Gastrodon
|-damage|p1a: Gastrodon|86/100
|-activate|p1a: Gastrodon|move: Magma Storm|[of] p2a: Heatran
|
|-heal|p2a: Heatran|100/100|[from] item: Leftovers
|-heal|p1a: Gastrodon|92/100|[from] item: Leftovers
|-damage|p1a: Gastrodon|80/100|[from] move: Magma Storm|[partiallytrapped]
|upkeep
|turn|11
|
|t:|1661387305
|switch|p2a: Slowbro|Slowbro, F|100/100
|move|p1a: Gastrodon|Earth Power|p2a: Slowbro
|-damage|p2a: Slowbro|71/100
|
|-heal|p1a: Gastrodon|86/100|[from] item: Leftovers
|-end|p1a: Gastrodon|Magma Storm|[partiallytrapped]|[silent]
|upkeep
|turn|12
|
|t:|1661387310
|switch|p2a: Heracross|Heracross, M|71/100 brn
|move|p1a: Gastrodon|Toxic||[still]
|-fail|p1a: Gastrodon
|
|-heal|p1a: Gastrodon|92/100|[from] item: Leftovers
|-damage|p2a: Heracross|65/100 brn|[from] brn
|upkeep
|turn|13
|
|t:|1661387316
|switch|p1a: Aegislash|Aegislash, F|100/100
|move|p2a: Heracross|Earthquake|p1a: Aegislash
|-supereffective|p1a: Aegislash
|-damage|p1a: Aegislash|18/100
|
|-heal|p1a: Aegislash|24/100|[from] item: Leftovers
|-damage|p2a: Heracross|58/100 brn|[from] brn
|upkeep
|turn|14
|
|t:|1661387320
|move|p1a: Aegislash|King's Shield|p1a: Aegislash
|-singleturn|p1a: Aegislash|Protect
|move|p2a: Heracross|Earthquake|p1a: Aegislash
|-activate|p1a: Aegislash|move: Protect
|
|-heal|p1a: Aegislash|30/100|[from] item: Leftovers
|-damage|p2a: Heracross|52/100 brn|[from] brn
|upkeep
|turn|15
|
|t:|1661387323
|move|p2a: Heracross|Earthquake|p1a: Aegislash
|-supereffective|p1a: Aegislash
|-damage|p1a: Aegislash|0 fnt
|faint|p1a: Aegislash
|
|-damage|p2a: Heracross|46/100 brn|[from] brn
|upkeep
|
|t:|1661387330
|switch|p1a: Tornadus|Tornadus-Therian, M|82/100
|turn|16
|
|t:|1661387332
|switch|p2a: Slowbro|Slowbro, F|100/100
|move|p1a: Tornadus|Heat Wave|p2a: Slowbro
|-resisted|p2a: Slowbro
|-damage|p2a: Slowbro|88/100
|
|upkeep
|turn|17
|
|t:|1661387337
|move|p1a: Tornadus|Knock Off|p2a: Slowbro
|-supereffective|p2a: Slowbro
|-crit|p2a: Slowbro
|-damage|p2a: Slowbro|53/100
|-damage|p1a: Tornadus|66/100|[from] item: Rocky Helmet|[of] p2a: Slowbro
|-enditem|p2a: Slowbro|Rocky Helmet|[from] move: Knock Off|[of] p1a: Tornadus
|move|p2a: Slowbro|Future Sight|p1a: Tornadus
|-start|p2a: Slowbro|move: Future Sight
|
|upkeep
|turn|18
|
|t:|1661387341
|move|p1a: Tornadus|U-turn|p2a: Slowbro
|-supereffective|p2a: Slowbro
|-damage|p2a: Slowbro|35/100
|j| Santiago Bernabeu
|j| lukisonic23
|
|t:|1661387346
|switch|p1a: Clefable|Clefable, F|87/100|[from]move: U-turn
|move|p2a: Slowbro|Teleport|p2a: Slowbro
|
|t:|1661387349
|switch|p2a: Gengar|Gengar, M|100/100|[from]move: Teleport
|
|upkeep
|turn|19
|j| Hockey1
|
|t:|1661387356
|switch|p1a: Heatran|Heatran, M|100/100
|move|p2a: Gengar|Shadow Ball|p1a: Heatran
|-damage|p1a: Heatran|50/100
|
|-end|p1a: Heatran|move: Future Sight
|-resisted|p1a: Heatran
|-damage|p1a: Heatran|33/100
|-heal|p1a: Heatran|39/100|[from] item: Leftovers
|upkeep
|turn|20
|
|t:|1661387359
|move|p1a: Heatran|Protect|p1a: Heatran
|-singleturn|p1a: Heatran|Protect
|move|p2a: Gengar|Shadow Ball|p1a: Heatran
|-activate|p1a: Heatran|move: Protect
|
|-heal|p1a: Heatran|46/100|[from] item: Leftovers
|upkeep
|turn|21
|
|t:|1661387361
|switch|p1a: Gastrodon|Gastrodon-East, M|92/100
|move|p2a: Gengar|Shadow Ball|p1a: Gastrodon
|-damage|p1a: Gastrodon|51/100
|
|-heal|p1a: Gastrodon|57/100|[from] item: Leftovers
|upkeep
|turn|22
|
|t:|1661387363
|move|p2a: Gengar|Shadow Ball|p1a: Gastrodon
|-damage|p1a: Gastrodon|14/100
|move|p1a: Gastrodon|Recover|p1a: Gastrodon
|-heal|p1a: Gastrodon|64/100
|
|-heal|p1a: Gastrodon|70/100|[from] item: Leftovers
|upkeep
|turn|23
|
|t:|1661387366
|move|p2a: Gengar|Shadow Ball|p1a: Gastrodon
|-damage|p1a: Gastrodon|30/100
|move|p1a: Gastrodon|Recover|p1a: Gastrodon
|-heal|p1a: Gastrodon|80/100
|
|-heal|p1a: Gastrodon|86/100|[from] item: Leftovers
|upkeep
|turn|24
|
|t:|1661387372
|switch|p2a: Slowbro|Slowbro, F|68/100
|move|p1a: Gastrodon|Scald|p2a: Slowbro
|-resisted|p2a: Slowbro
|-damage|p2a: Slowbro|55/100
|
|-heal|p1a: Gastrodon|92/100|[from] item: Leftovers
|upkeep
|turn|25
|
|t:|1661387375
|move|p1a: Gastrodon|Earth Power|p2a: Slowbro
|-damage|p2a: Slowbro|23/100
|move|p2a: Slowbro|Teleport|p2a: Slowbro
|
|t:|1661387379
|switch|p2a: Heracross|Heracross, M|46/100 brn|[from]move: Teleport
|
|-heal|p1a: Gastrodon|98/100|[from] item: Leftovers
|-damage|p2a: Heracross|40/100 brn|[from] brn
|upkeep
|turn|26
|
|t:|1661387381
|switch|p1a: Tornadus|Tornadus-Therian, M|99/100
|move|p2a: Heracross|Facade|p1a: Tornadus
|-damage|p1a: Tornadus|24/100
|
|-damage|p2a: Heracross|34/100 brn|[from] brn
|upkeep
|turn|27
|
|t:|1661387385
|switch|p2a: Heatran|Heatran, M|100/100
|move|p1a: Tornadus|U-turn|p2a: Heatran
|-resisted|p2a: Heatran
|-damage|p2a: Heatran|98/100
|
|t:|1661387391
|switch|p1a: Gastrodon|Gastrodon-East, M|98/100|[from]move: U-turn
|
|-heal|p2a: Heatran|100/100|[from] item: Leftovers
|-heal|p1a: Gastrodon|100/100|[from] item: Leftovers
|upkeep
|turn|28
|
|t:|1661387394
|switch|p2a: Slowbro|Slowbro, F|57/100
|move|p1a: Gastrodon|Scald|p2a: Slowbro
|-resisted|p2a: Slowbro
|-damage|p2a: Slowbro|44/100
|
|upkeep
|turn|29
|
|t:|1661387396
|move|p1a: Gastrodon|Toxic|p2a: Slowbro
|-status|p2a: Slowbro|tox
|move|p2a: Slowbro|Slack Off|p2a: Slowbro
|-heal|p2a: Slowbro|94/100 tox
|
|-damage|p2a: Slowbro|88/100 tox|[from] psn
|upkeep
|turn|30
|
|t:|1661387401
|switch|p1a: Tornadus|Tornadus-Therian, M|58/100
|move|p2a: Slowbro|Future Sight|p1a: Tornadus
|-start|p2a: Slowbro|move: Future Sight
|
|-damage|p2a: Slowbro|76/100 tox|[from] psn
|upkeep
|turn|31
|
|t:|1661387404
|move|p1a: Tornadus|U-turn|p2a: Slowbro
|-supereffective|p2a: Slowbro
|-damage|p2a: Slowbro|58/100 tox
|
|t:|1661387409
|switch|p1a: Gastrodon|Gastrodon-East, M|100/100|[from]move: U-turn
|move|p2a: Slowbro|Teleport|p2a: Slowbro
|j|+kino
|
|t:|1661387413
|switch|p2a: Heracross|Heracross, M|34/100 brn|[from]move: Teleport
|
|-damage|p2a: Heracross|28/100 brn|[from] brn
|upkeep
|turn|32
|
|t:|1661387421
|switch|p1a: Heatran|Heatran, M|46/100
|move|p2a: Heracross|Close Combat|p1a: Heatran
|-supereffective|p1a: Heatran
|-damage|p1a: Heatran|0 fnt
|-unboost|p2a: Heracross|def|1
|-unboost|p2a: Heracross|spd|1
|faint|p1a: Heatran
|
|-hint|Future Sight did not hit because the target is fainted.
|-damage|p2a: Heracross|21/100 brn|[from] brn
|upkeep
|
|t:|1661387430
|switch|p1a: Tornadus|Tornadus-Therian, M|91/100
|turn|33
|
|t:|1661387434
|switch|p2a: Slowbro|Slowbro, F|91/100 tox
|move|p1a: Tornadus|U-turn|p2a: Slowbro
|-supereffective|p2a: Slowbro
|-damage|p2a: Slowbro|73/100 tox
|
|t:|1661387436
|switch|p1a: Rillaboom|Rillaboom, M|100/100|[from]move: U-turn
|-fieldstart|move: Grassy Terrain|[from] ability: Grassy Surge|[of] p1a: Rillaboom
|
|-heal|p2a: Slowbro|79/100 tox|[from] Grassy Terrain
|-damage|p2a: Slowbro|73/100 tox|[from] psn
|upkeep
|turn|34
|
|t:|1661387440
|switch|p2a: Mandibuzz|Mandibuzz, F|94/100 tox
|move|p1a: Rillaboom|Swords Dance|p1a: Rillaboom
|-boost|p1a: Rillaboom|atk|2
|
|-damage|p2a: Mandibuzz|88/100 tox|[from] psn
|upkeep
|turn|35
|j| LT94JE reje
|
|t:|1661387444
|switch|p1a: Clefable|Clefable, F|87/100
|move|p2a: Mandibuzz|Foul Play|p1a: Clefable
|-resisted|p1a: Clefable
|-damage|p1a: Clefable|79/100
|
|-heal|p1a: Clefable|85/100|[from] Grassy Terrain
|-damage|p2a: Mandibuzz|76/100 tox|[from] psn
|upkeep
|turn|36
|
|t:|1661387451
|move|p2a: Mandibuzz|U-turn|p1a: Clefable
|-resisted|p1a: Clefable
|-damage|p1a: Clefable|81/100
|
|t:|1661387453
|switch|p2a: Heatran|Heatran, M|100/100|[from]move: U-turn
|move|p1a: Clefable|Stealth Rock|p2a: Heatran
|-sidestart|p2: kazt 5|move: Stealth Rock
|
|-heal|p1a: Clefable|87/100|[from] Grassy Terrain
|upkeep
|turn|37
|
|t:|1661387457
|switch|p1a: Gastrodon|Gastrodon-East, M|100/100
|move|p2a: Heatran|Taunt|p1a: Gastrodon
|-start|p1a: Gastrodon|move: Taunt
|
|-fieldend|move: Grassy Terrain
|upkeep
|turn|38
|
|t:|1661387461
|switch|p2a: Slowbro|Slowbro, F|100/100 tox
|-damage|p2a: Slowbro|88/100 tox|[from] Stealth Rock
|move|p1a: Gastrodon|Scald|p2a: Slowbro
|-resisted|p2a: Slowbro
|-damage|p2a: Slowbro|75/100 tox
|
|-damage|p2a: Slowbro|69/100 tox|[from] psn
|upkeep
|turn|39
|
|t:|1661387463
|move|p1a: Gastrodon|Earth Power|p2a: Slowbro
|-damage|p2a: Slowbro|41/100 tox
|move|p2a: Slowbro|Teleport|p2a: Slowbro
|
|t:|1661387466
|switch|p2a: Mandibuzz|Mandibuzz, F|76/100 tox|[from]move: Teleport
|
|-damage|p2a: Mandibuzz|70/100 tox|[from] psn
|-end|p1a: Gastrodon|move: Taunt
|upkeep
|turn|40
|
|t:|1661387469
|switch|p1a: Clefable|Clefable, F|87/100
|move|p2a: Mandibuzz|Roost|p2a: Mandibuzz
|-heal|p2a: Mandibuzz|100/100 tox
|-singleturn|p2a: Mandibuzz|move: Roost
|
|-damage|p2a: Mandibuzz|88/100 tox|[from] psn
|upkeep
|turn|41
|
|t:|1661387472
|move|p2a: Mandibuzz|U-turn|p1a: Clefable
|-resisted|p1a: Clefable
|-damage|p1a: Clefable|83/100
|
|t:|1661387474
|switch|p2a: Heatran|Heatran, M|100/100|[from]move: U-turn
|-damage|p2a: Heatran|88/100|[from] Stealth Rock
|move|p1a: Clefable|Moonblast|p2a: Heatran
|-resisted|p2a: Heatran
|-damage|p2a: Heatran|82/100
|
|-heal|p2a: Heatran|89/100|[from] item: Leftovers
|upkeep
|turn|42
|
|t:|1661387478
|switch|p1a: Gastrodon|Gastrodon-East, M|100/100
|move|p2a: Heatran|Stealth Rock|p1a: Gastrodon
|-sidestart|p1: LT94JE Elpacho|move: Stealth Rock
|
|-heal|p2a: Heatran|95/100|[from] item: Leftovers
|upkeep
|turn|43
|
|t:|1661387482
|switch|p2a: Slowbro|Slowbro, F|74/100 tox
|-damage|p2a: Slowbro|62/100 tox|[from] Stealth Rock
|move|p1a: Gastrodon|Earth Power|p2a: Slowbro
|-damage|p2a: Slowbro|30/100 tox
|
|-damage|p2a: Slowbro|24/100 tox|[from] psn
|upkeep
|turn|44
|
|t:|1661387485
|switch|p2a: Mandibuzz|Mandibuzz, F|88/100 tox
|move|p1a: Gastrodon|Scald|p2a: Mandibuzz
|-damage|p2a: Mandibuzz|66/100 tox
|
|-damage|p2a: Mandibuzz|60/100 tox|[from] psn
|upkeep
|turn|45
|
|t:|1661387489
|switch|p1a: Clefable|Clefable, F|83/100
|move|p2a: Mandibuzz|Roost|p2a: Mandibuzz
|-heal|p2a: Mandibuzz|100/100 tox
|-singleturn|p2a: Mandibuzz|move: Roost
|
|-damage|p2a: Mandibuzz|88/100 tox|[from] psn
|upkeep
|turn|46
|
|t:|1661387492
|move|p2a: Mandibuzz|U-turn|p1a: Clefable
|-resisted|p1a: Clefable
|-damage|p1a: Clefable|79/100
|
|t:|1661387496
|switch|p2a: Landorus|Landorus-Therian, M|84/100|[from]move: U-turn
|-damage|p2a: Landorus|72/100|[from] Stealth Rock
|-ability|p2a: Landorus|Intimidate|boost
|-unboost|p1a: Clefable|atk|1
|move|p1a: Clefable|Thunder Wave|p2a: Landorus
|-immune|p2a: Landorus
|
|upkeep
|turn|47
|
|t:|1661387500
|move|p2a: Landorus|U-turn|p1a: Clefable
|-resisted|p1a: Clefable
|-crit|p1a: Clefable
|-damage|p1a: Clefable|63/100
|
|t:|1661387502
|switch|p2a: Gengar|Gengar, M|100/100|[from]move: U-turn
|-damage|p2a: Gengar|88/100|[from] Stealth Rock
|move|p1a: Clefable|Soft-Boiled|p1a: Clefable
|-heal|p1a: Clefable|100/100
|
|upkeep
|turn|48
|
|t:|1661387507
|switch|p1a: Gastrodon|Gastrodon-East, M|100/100
|-damage|p1a: Gastrodon|94/100|[from] Stealth Rock
|move|p2a: Gengar|Trick|p1a: Gastrodon
|-activate|p2a: Gengar|move: Trick|[of] p1a: Gastrodon
|-item|p1a: Gastrodon|Choice Specs|[from] move: Trick
|-item|p2a: Gengar|Leftovers|[from] move: Trick
|
|-heal|p2a: Gengar|94/100|[from] item: Leftovers
|upkeep
|turn|49
|
|t:|1661387511
|switch|p2a: Mandibuzz|Mandibuzz, F|88/100 tox
|move|p1a: Gastrodon|Scald|p2a: Mandibuzz
|-damage|p2a: Mandibuzz|56/100 tox
|
|-damage|p2a: Mandibuzz|50/100 tox|[from] psn
|upkeep
|turn|50
|
|t:|1661387514
|move|p2a: Mandibuzz|Roost|p2a: Mandibuzz
|-heal|p2a: Mandibuzz|99/100 tox
|-singleturn|p2a: Mandibuzz|move: Roost
|move|p1a: Gastrodon|Scald|p2a: Mandibuzz
|-damage|p2a: Mandibuzz|67/100 tox
|
|-damage|p2a: Mandibuzz|55/100 tox|[from] psn
|upkeep
|turn|51
|
|t:|1661387517
|move|p2a: Mandibuzz|U-turn|p1a: Gastrodon
|-damage|p1a: Gastrodon|82/100
|
|t:|1661387520
|switch|p2a: Slowbro|Slowbro, F|57/100 tox|[from]move: U-turn
|-damage|p2a: Slowbro|44/100 tox|[from] Stealth Rock
|move|p1a: Gastrodon|Scald|p2a: Slowbro
|-resisted|p2a: Slowbro
|-damage|p2a: Slowbro|25/100 tox
|
|-damage|p2a: Slowbro|19/100 tox|[from] psn
|upkeep
|turn|52
|inactive|kazt 5 has 120 seconds left.
|
|t:|1661387551
|switch|p2a: Heracross|Heracross, M|21/100 brn
|-damage|p2a: Heracross|9/100 brn|[from] Stealth Rock
|move|p1a: Gastrodon|Scald|p2a: Heracross
|-damage|p2a: Heracross|0 fnt
|faint|p2a: Heracross
|
|upkeep
|
|t:|1661387554
|switch|p2a: Slowbro|Slowbro, F|53/100 tox
|-damage|p2a: Slowbro|40/100 tox|[from] Stealth Rock
|turn|53
|
|t:|1661387567
|move|p1a: Gastrodon|Scald|p2a: Slowbro
|-resisted|p2a: Slowbro
|-damage|p2a: Slowbro|19/100 tox
|move|p2a: Slowbro|Slack Off|p2a: Slowbro
|-heal|p2a: Slowbro|69/100 tox
|
|-damage|p2a: Slowbro|62/100 tox|[from] psn
|upkeep
|turn|54
|
|t:|1661387570
|move|p1a: Gastrodon|Scald|p2a: Slowbro
|-resisted|p2a: Slowbro
|-damage|p2a: Slowbro|43/100 tox
|move|p2a: Slowbro|Slack Off|p2a: Slowbro
|-heal|p2a: Slowbro|93/100 tox
|
|-damage|p2a: Slowbro|81/100 tox|[from] psn
|upkeep
|turn|55
|
|t:|1661387572
|move|p1a: Gastrodon|Scald|p2a: Slowbro
|-resisted|p2a: Slowbro
|-damage|p2a: Slowbro|62/100 tox
|move|p2a: Slowbro|Teleport|p2a: Slowbro
|
|t:|1661387577
|switch|p2a: Landorus|Landorus-Therian, M|72/100|[from]move: Teleport
|-damage|p2a: Landorus|59/100|[from] Stealth Rock
|-ability|p2a: Landorus|Intimidate|boost
|-unboost|p1a: Gastrodon|atk|1
|
|upkeep
|turn|56
|
|t:|1661387580
|switch|p1a: Rillaboom|Rillaboom, M|100/100
|-damage|p1a: Rillaboom|88/100|[from] Stealth Rock
|-fieldstart|move: Grassy Terrain|[from] ability: Grassy Surge|[of] p1a: Rillaboom
|move|p2a: Landorus|Earthquake|p1a: Rillaboom
|-resisted|p1a: Rillaboom
|-damage|p1a: Rillaboom|74/100
|
|-heal|p1a: Rillaboom|80/100|[from] Grassy Terrain
|-heal|p1a: Rillaboom|87/100|[from] item: Leftovers
|upkeep
|turn|57
|j| lt94jecindylaregia
|
|t:|1661387586
|switch|p2a: Mandibuzz|Mandibuzz, F|55/100 tox
|move|p1a: Rillaboom|Knock Off|p2a: Mandibuzz
|-resisted|p2a: Mandibuzz
|-damage|p2a: Mandibuzz|44/100 tox
|-enditem|p2a: Mandibuzz|Heavy-Duty Boots|[from] move: Knock Off|[of] p1a: Rillaboom
|
|-heal|p1a: Rillaboom|93/100|[from] Grassy Terrain
|-heal|p1a: Rillaboom|99/100|[from] item: Leftovers
|-damage|p2a: Mandibuzz|38/100 tox|[from] psn
|upkeep
|turn|58
|
|t:|1661387594
|switch|p1a: Clefable|Clefable, F|100/100
|move|p2a: Mandibuzz|Roost|p2a: Mandibuzz
|-heal|p2a: Mandibuzz|88/100 tox
|-singleturn|p2a: Mandibuzz|move: Roost
|
|-heal|p2a: Mandibuzz|94/100 tox|[from] Grassy Terrain
|-damage|p2a: Mandibuzz|82/100 tox|[from] psn
|upkeep
|turn|59
|
|t:|1661387599
|move|p2a: Mandibuzz|Defog|p1a: Clefable
|-unboost|p1a: Clefable|evasion|1
|-sideend|p1: LT94JE Elpacho|Stealth Rock|[from] move: Defog|[of] p2a: Mandibuzz
|-sideend|p2: kazt 5|Stealth Rock|[from] move: Defog|[of] p2a: Mandibuzz
|-fieldend|move: Grassy Terrain
|move|p1a: Clefable|Moonblast|p2a: Mandibuzz
|-supereffective|p2a: Mandibuzz
|-damage|p2a: Mandibuzz|26/100 tox
|-unboost|p2a: Mandibuzz|spa|1
|
|-damage|p2a: Mandibuzz|8/100 tox|[from] psn
|upkeep
|turn|60
|
|t:|1661387607
|switch|p2a: Heatran|Heatran, M|95/100
|move|p1a: Clefable|Stealth Rock|p2a: Heatran
|-sidestart|p2: kazt 5|move: Stealth Rock
|
|-heal|p2a: Heatran|100/100|[from] item: Leftovers
|upkeep
|turn|61
|
|t:|1661387614
|move|p2a: Heatran|Taunt|p1a: Clefable
|-start|p1a: Clefable|move: Taunt
|cant|p1a: Clefable|move: Taunt|Thunder Wave
|
|upkeep
|turn|62
|
|t:|1661387617
|switch|p1a: Gastrodon|Gastrodon-East, M|82/100
|move|p2a: Heatran|Magma Storm|p1a: Gastrodon
|-resisted|p1a: Gastrodon
|-damage|p1a: Gastrodon|67/100
|-activate|p1a: Gastrodon|move: Magma Storm|[of] p2a: Heatran
|
|-damage|p1a: Gastrodon|55/100|[from] move: Magma Storm|[partiallytrapped]
|upkeep
|turn|63
|
|t:|1661387622
|switch|p2a: Mandibuzz|Mandibuzz, F|8/100 tox
|-damage|p2a: Mandibuzz|0 fnt|[from] Stealth Rock
|faint|p2a: Mandibuzz
|move|p1a: Gastrodon|Earth Power|p2: Mandibuzz|[notarget]
|-fail|p1a: Gastrodon
|
|-end|p1a: Gastrodon|Magma Storm|[partiallytrapped]|[silent]
|upkeep
|
|t:|1661387626
|switch|p2a: Landorus|Landorus-Therian, M|59/100
|-damage|p2a: Landorus|47/100|[from] Stealth Rock
|-ability|p2a: Landorus|Intimidate|boost
|-unboost|p1a: Gastrodon|atk|1
|turn|64
|
|t:|1661387629
|switch|p1a: Tornadus|Tornadus-Therian, M|100/100
|move|p2a: Landorus|Stone Edge|p1a: Tornadus
|-supereffective|p1a: Tornadus
|-damage|p1a: Tornadus|24/100
|
|upkeep
|turn|65
|
|t:|1661387637
|switch|p1a: Clefable|Clefable, F|100/100
|move|p2a: Landorus|Stone Edge|p1a: Clefable
|-crit|p1a: Clefable
|-damage|p1a: Clefable|61/100
|
|upkeep
|turn|66
|
|t:|1661387640
|move|p2a: Landorus|Stone Edge|p1a: Clefable
|-crit|p1a: Clefable
|-damage|p1a: Clefable|16/100
|move|p1a: Clefable|Soft-Boiled|p1a: Clefable
|-heal|p1a: Clefable|66/100
|
|upkeep
|turn|67
|
|t:|1661387644
|switch|p2a: Gengar|Gengar, M|94/100
|-damage|p2a: Gengar|82/100|[from] Stealth Rock
|move|p1a: Clefable|Soft-Boiled|p1a: Clefable
|-heal|p1a: Clefable|100/100
|
|-heal|p2a: Gengar|88/100|[from] item: Leftovers
|upkeep
|turn|68
|
|t:|1661387648
|move|p2a: Gengar|Sludge Wave|p1a: Clefable
|-supereffective|p1a: Clefable
|-damage|p1a: Clefable|7/100
|move|p1a: Clefable|Thunder Wave|p2a: Gengar
|-status|p2a: Gengar|par
|
|-heal|p2a: Gengar|94/100 par|[from] item: Leftovers
|upkeep
|turn|69
|
|t:|1661387652
|switch|p1a: Tornadus|Tornadus-Therian, M|57/100
|move|p2a: Gengar|Shadow Ball|p1a: Tornadus
|-damage|p1a: Tornadus|17/100
|-unboost|p1a: Tornadus|spd|1
|
|-heal|p2a: Gengar|100/100 par|[from] item: Leftovers
|upkeep
|turn|70
|
|t:|1661387658
|switch|p2a: Slowbro|Slowbro, F|95/100 tox
|-damage|p2a: Slowbro|83/100 tox|[from] Stealth Rock
|move|p1a: Tornadus|Knock Off|p2a: Slowbro
|-supereffective|p2a: Slowbro
|-damage|p2a: Slowbro|67/100 tox
|
|-damage|p2a: Slowbro|61/100 tox|[from] psn
|upkeep
|turn|71
|
|t:|1661387661
|move|p1a: Tornadus|U-turn|p2a: Slowbro
|-supereffective|p2a: Slowbro
|-damage|p2a: Slowbro|43/100 tox
|
|t:|1661387664
|switch|p1a: Clefable|Clefable, F|7/100|[from]move: U-turn
|move|p2a: Slowbro|Teleport|p2a: Slowbro
|
|t:|1661387666
|switch|p2a: Heatran|Heatran, M|100/100|[from]move: Teleport
|-damage|p2a: Heatran|88/100|[from] Stealth Rock
|
|-heal|p2a: Heatran|94/100|[from] item: Leftovers
|upkeep
|turn|72
|
|t:|1661387673
|switch|p1a: Gastrodon|Gastrodon-East, M|55/100
|move|p2a: Heatran|Earth Power|p1a: Gastrodon
|-damage|p1a: Gastrodon|36/100
|
|-heal|p2a: Heatran|100/100|[from] item: Leftovers
|upkeep
|turn|73
|
|t:|1661387680
|move|p2a: Heatran|Magma Storm|p1a: Gastrodon
|-resisted|p1a: Gastrodon
|-crit|p1a: Gastrodon
|-damage|p1a: Gastrodon|14/100
|-activate|p1a: Gastrodon|move: Magma Storm|[of] p2a: Heatran
|move|p1a: Gastrodon|Scald|p2a: Heatran
|-supereffective|p2a: Heatran
|-damage|p2a: Heatran|52/100
|
|-heal|p2a: Heatran|59/100|[from] item: Leftovers
|-damage|p1a: Gastrodon|2/100|[from] move: Magma Storm|[partiallytrapped]
|upkeep
|turn|74
|
|t:|1661387687
|move|p2a: Heatran|Earth Power|p1a: Gastrodon
|-damage|p1a: Gastrodon|0 fnt
|faint|p1a: Gastrodon
|
|-heal|p2a: Heatran|65/100|[from] item: Leftovers
|upkeep
|
|t:|1661387691
|switch|p1a: Tornadus|Tornadus-Therian, M|51/100
|turn|75
|
|t:|1661387696
|switch|p2a: Slowbro|Slowbro, F|76/100 tox
|-damage|p2a: Slowbro|64/100 tox|[from] Stealth Rock
|move|p1a: Tornadus|Knock Off|p2a: Slowbro
|-supereffective|p2a: Slowbro
|-damage|p2a: Slowbro|48/100 tox
|
|-damage|p2a: Slowbro|42/100 tox|[from] psn
|upkeep
|turn|76
|
|t:|1661387701
|move|p1a: Tornadus|Knock Off|p2a: Slowbro
|-supereffective|p2a: Slowbro
|-damage|p2a: Slowbro|25/100 tox
|move|p2a: Slowbro|Scald|p1a: Tornadus
|-damage|p1a: Tornadus|20/100
|
|-damage|p2a: Slowbro|13/100 tox|[from] psn
|upkeep
|turn|77
|
|t:|1661387704
|move|p1a: Tornadus|U-turn|p2a: Slowbro
|-supereffective|p2a: Slowbro
|-damage|p2a: Slowbro|0 fnt
|faint|p2a: Slowbro
|
|t:|1661387707
|switch|p1a: Clefable|Clefable, F|7/100|[from]move: U-turn
|
|upkeep
|
|t:|1661387714
|switch|p2a: Landorus|Landorus-Therian, M|47/100
|-damage|p2a: Landorus|35/100|[from] Stealth Rock
|-ability|p2a: Landorus|Intimidate|boost
|-unboost|p1a: Clefable|atk|1
|turn|78
|
|t:|1661387718
|move|p2a: Landorus|U-turn|p1a: Clefable
|-resisted|p1a: Clefable
|-damage|p1a: Clefable|0 fnt
|faint|p1a: Clefable
|
|t:|1661387720
|switch|p2a: Gengar|Gengar, M|100/100 par|[from]move: U-turn
|-damage|p2a: Gengar|88/100 par|[from] Stealth Rock
|
|-heal|p2a: Gengar|94/100 par|[from] item: Leftovers
|upkeep
|
|t:|1661387729
|switch|p1a: Tornadus|Tornadus-Therian, M|53/100
|turn|79
|
|t:|1661387732
|move|p1a: Tornadus|Knock Off|p2a: Gengar
|-supereffective|p2a: Gengar
|-damage|p2a: Gengar|19/100 par
|-enditem|p2a: Gengar|Leftovers|[from] move: Knock Off|[of] p1a: Tornadus
|move|p2a: Gengar|Sludge Wave|p1a: Tornadus
|-damage|p1a: Tornadus|0 fnt
|faint|p1a: Tornadus
|
|upkeep
|
|t:|1661387736
|switch|p1a: Rillaboom|Rillaboom, M|99/100
|-fieldstart|move: Grassy Terrain|[from] ability: Grassy Surge|[of] p1a: Rillaboom
|turn|80
|
|t:|1661387740
|move|p1a: Rillaboom|Knock Off|p2a: Gengar
|-supereffective|p2a: Gengar
|-damage|p2a: Gengar|0 fnt
|faint|p2a: Gengar
|
|-heal|p1a: Rillaboom|100/100|[from] Grassy Terrain
|upkeep
|
|t:|1661387744
|switch|p2a: Landorus|Landorus-Therian, M|35/100
|-damage|p2a: Landorus|23/100|[from] Stealth Rock
|-ability|p2a: Landorus|Intimidate|boost
|-unboost|p1a: Rillaboom|atk|1
|turn|81
|
|t:|1661387750
|move|p2a: Landorus|Stone Edge|p1a: Rillaboom
|-damage|p1a: Rillaboom|68/100
|move|p1a: Rillaboom|Swords Dance|p1a: Rillaboom
|-boost|p1a: Rillaboom|atk|2
|
|-heal|p1a: Rillaboom|74/100|[from] Grassy Terrain
|-heal|p1a: Rillaboom|80/100|[from] item: Leftovers
|upkeep
|turn|82
|
|t:|1661387757
|move|p2a: Landorus|Stone Edge|p1a: Rillaboom
|-damage|p1a: Rillaboom|43/100
|move|p1a: Rillaboom|Knock Off|p2a: Landorus
|-damage|p2a: Landorus|0 fnt
|-enditem|p2a: Landorus|Choice Scarf|[from] move: Knock Off|[of] p1a: Rillaboom
|faint|p2a: Landorus
|
|-heal|p1a: Rillaboom|49/100|[from] Grassy Terrain
|-heal|p1a: Rillaboom|56/100|[from] item: Leftovers
|upkeep
|
|t:|1661387759
|switch|p2a: Heatran|Heatran, M|65/100
|-damage|p2a: Heatran|52/100|[from] Stealth Rock
|turn|83
|
|t:|1661387763
|move|p2a: Heatran|Magma Storm|p1a: Rillaboom
|-supereffective|p1a: Rillaboom
|-crit|p1a: Rillaboom
|-damage|p1a: Rillaboom|0 fnt
|faint|p1a: Rillaboom
|
|win|kazt 5
|raw|LT94JE Elpacho's rating: 1734 &rarr; <strong>1715</strong><br />(-19 for losing)
|raw|kazt 5's rating: 1755 &rarr; <strong>1774</strong><br />(+19 for winning)
|l|☆LT94JE Elpacho
|l|☆kazt 5
|j| arnavgupta
||Ladder isn't responding, score probably updated but might not have (Request timeout).
