|j|☆sandshrew 2022
|j|☆Jongruenwald
|t:|1667678964
|gametype|singles
|player|p1|sandshrew 2022|schoolkid-gen4|1776
|player|p2|Jongruenwald|marlon|1759
|teamsize|p1|6
|teamsize|p2|6
|gen|8
|tier|[Gen 8] OU
|rated|
|rule|Sleep Clause Mod: Limit one foe put to sleep
|rule|Species Clause: Limit one of each Pokémon
|rule|OHKO Clause: OHKO moves are banned
|rule|Evasion Items Clause: Evasion items are banned
|rule|Evasion Moves Clause: Evasion moves are banned
|rule|Endless Battle Clause: Forcing endless battles is banned
|rule|HP Percentage Mod: HP is shown in percentages
|rule|Dynamax Clause: You cannot dynamax
|clearpoke
|poke|p1|Swampert, M|
|poke|p1|Mandibuzz, F|
|poke|p1|Rillaboom, M|
|poke|p1|Magnezone|
|poke|p1|Tapu Lele|
|poke|p1|Dragapult, F|
|poke|p2|Ninetales-Alola, F|
|poke|p2|Arctozolt|
|poke|p2|Mandibuzz, F|
|poke|p2|Gastrodon, F|
|poke|p2|Aegislash, M|
|poke|p2|Sharpedo, F|
|teampreview
|c|☆sandshrew 2022|hf
|
|t:|1667678971
|start
|switch|p1a: Tapu Lele|Tapu Lele, shiny|100/100
|switch|p2a: Ninetales|Ninetales-Alola, F|100/100
|-weather|Hail|[from] ability: Snow Warning|[of] p2a: Ninetales
|-fieldstart|move: Psychic Terrain|[from] ability: Psychic Surge|[of] p1a: Tapu Lele
|turn|1
|
|t:|1667678975
|switch|p2a: Aegislash|Aegislash, M|100/100
|move|p1a: Tapu Lele|Shadow Ball|p2a: Aegislash
|-supereffective|p2a: Aegislash
|-damage|p2a: Aegislash|13/100
|
|-weather|Hail|[upkeep]
|-damage|p1a: Tapu Lele|94/100|[from] Hail
|-damage|p2a: Aegislash|7/100|[from] Hail
|-heal|p2a: Aegislash|13/100|[from] item: Leftovers
|upkeep
|turn|2
|
|t:|1667678983
|switch|p2a: Mandibuzz|Mandibuzz, F|100/100
|move|p1a: Tapu Lele|Shadow Ball|p2a: Mandibuzz
|-resisted|p2a: Mandibuzz
|-crit|p2a: Mandibuzz
|-damage|p2a: Mandibuzz|73/100
|
|-weather|Hail|[upkeep]
|-damage|p1a: Tapu Lele|88/100|[from] Hail
|upkeep
|turn|3
|
|t:|1667678986
|switch|p1a: Magnezone|Magnezone, shiny|100/100
|move|p2a: Mandibuzz|U-turn|p1a: Magnezone
|-resisted|p1a: Magnezone
|-damage|p1a: Magnezone|96/100
|-damage|p2a: Mandibuzz|57/100|[from] item: Rocky Helmet|[of] p1a: Magnezone
|
|t:|1667678994
|switch|p2a: Gastrodon|Gastrodon, F|100/100|[from]move: U-turn
|
|-weather|Hail|[upkeep]
|-damage|p1a: Magnezone|90/100|[from] Hail
|-damage|p2a: Gastrodon|94/100|[from] Hail
|-heal|p2a: Gastrodon|100/100|[from] item: Leftovers
|upkeep
|turn|4
|
|t:|1667678999
|switch|p1a: Rillaboom|Rillaboom, M|100/100
|-fieldstart|move: Grassy Terrain|[from] ability: Grassy Surge|[of] p1a: Rillaboom
|move|p2a: Gastrodon|Toxic|p1a: Rillaboom
|-status|p1a: Rillaboom|tox
|
|-weather|Hail|[upkeep]
|-damage|p1a: Rillaboom|94/100 tox|[from] Hail
|-damage|p2a: Gastrodon|94/100|[from] Hail
|-heal|p1a: Rillaboom|100/100 tox|[from] Grassy Terrain
|-heal|p2a: Gastrodon|100/100|[from] Grassy Terrain
|-damage|p1a: Rillaboom|94/100 tox|[from] psn
|upkeep
|turn|5
|
|t:|1667679017
|switch|p2a: Mandibuzz|Mandibuzz, F|57/100
|move|p1a: Rillaboom|Grassy Glide|p2a: Mandibuzz
|-resisted|p2a: Mandibuzz
|-crit|p2a: Mandibuzz
|-damage|p2a: Mandibuzz|24/100
|
|-weather|Hail|[upkeep]
|-damage|p1a: Rillaboom|88/100 tox|[from] Hail
|-heal|p1a: Rillaboom|94/100 tox|[from] Grassy Terrain
|-damage|p1a: Rillaboom|82/100 tox|[from] psn
|upkeep
|turn|6
|c|☆Jongruenwald|Ty U too
|
|t:|1667679034
|switch|p1a: Tapu Lele|Tapu Lele, shiny|88/100
|-fieldstart|move: Psychic Terrain|[from] ability: Psychic Surge|[of] p1a: Tapu Lele
|move|p2a: Mandibuzz|Roost|p2a: Mandibuzz
|-heal|p2a: Mandibuzz|74/100
|-singleturn|p2a: Mandibuzz|move: Roost
|
|-weather|Hail|[upkeep]
|-damage|p1a: Tapu Lele|82/100|[from] Hail
|upkeep
|turn|7
|
|t:|1667679045
|switch|p2a: Gastrodon|Gastrodon, F|100/100
|move|p1a: Tapu Lele|Moonblast|p2a: Gastrodon
|-damage|p2a: Gastrodon|23/100
|
|-weather|Hail|[upkeep]
|-damage|p1a: Tapu Lele|76/100|[from] Hail
|-damage|p2a: Gastrodon|17/100|[from] Hail
|-heal|p2a: Gastrodon|23/100|[from] item: Leftovers
|upkeep
|turn|8
|
|t:|1667679049
|move|p1a: Tapu Lele|Moonblast|p2a: Gastrodon
|-damage|p2a: Gastrodon|0 fnt
|faint|p2a: Gastrodon
|
|-weather|none
|upkeep
|
|t:|1667679067
|switch|p2a: Aegislash|Aegislash, M|13/100
|turn|9
|
|t:|1667679069
|move|p2a: Aegislash|King's Shield|p2a: Aegislash
|-singleturn|p2a: Aegislash|Protect
|move|p1a: Tapu Lele|Moonblast|p2a: Aegislash
|-activate|p2a: Aegislash|move: Protect
|
|-heal|p2a: Aegislash|20/100|[from] item: Leftovers
|upkeep
|turn|10
|
|t:|1667679081
|switch|p2a: Ninetales|Ninetales-Alola, F|100/100
|-weather|Hail|[from] ability: Snow Warning|[of] p2a: Ninetales
|move|p1a: Tapu Lele|Moonblast|p2a: Ninetales
|-damage|p2a: Ninetales|6/100
|
|-weather|Hail|[upkeep]
|-damage|p1a: Tapu Lele|70/100|[from] Hail
|-fieldend|move: Psychic Terrain
|upkeep
|turn|11
|
|t:|1667679089
|switch|p1a: Mandibuzz|Mandibuzz, F|100/100
|move|p2a: Ninetales|Aurora Veil|p2a: Ninetales
|-sidestart|p2: Jongruenwald|move: Aurora Veil
|
|-weather|Hail|[upkeep]
|upkeep
|turn|12
|
|t:|1667679091
|move|p2a: Ninetales|Encore||[still]
|-fail|p2a: Ninetales
|move|p1a: Mandibuzz|Defog|p2a: Ninetales
|-unboost|p2a: Ninetales|evasion|1
|-sideend|p2: Jongruenwald|move: Aurora Veil
|
|-weather|Hail|[upkeep]
|upkeep
|turn|13
|
|t:|1667679095
|move|p2a: Ninetales|Aurora Veil|p2a: Ninetales
|-sidestart|p2: Jongruenwald|move: Aurora Veil
|move|p1a: Mandibuzz|Defog|p2a: Ninetales
|-unboost|p2a: Ninetales|evasion|1
|-sideend|p2: Jongruenwald|move: Aurora Veil
|
|-weather|Hail|[upkeep]
|upkeep
|turn|14
|
|t:|1667679099
|move|p2a: Ninetales|Blizzard|p1a: Mandibuzz
|-supereffective|p1a: Mandibuzz
|-damage|p1a: Mandibuzz|31/100
|move|p1a: Mandibuzz|U-turn|p2a: Ninetales
|-resisted|p2a: Ninetales
|-damage|p2a: Ninetales|0 fnt
|faint|p2a: Ninetales
|j| Cra3k
|
|t:|1667679105
|switch|p1a: Rillaboom|Rillaboom, M|82/100 tox|[from]move: U-turn
|-fieldstart|move: Grassy Terrain|[from] ability: Grassy Surge|[of] p1a: Rillaboom
|
|-weather|Hail|[upkeep]
|-damage|p1a: Rillaboom|76/100 tox|[from] Hail
|-heal|p1a: Rillaboom|82/100 tox|[from] Grassy Terrain
|-damage|p1a: Rillaboom|76/100 tox|[from] psn
|upkeep
|
|t:|1667679109
|switch|p2a: Arctozolt|Arctozolt|100/100
|turn|15
|
|t:|1667679112
|switch|p1a: Magnezone|Magnezone, shiny|90/100
|move|p2a: Arctozolt|Blizzard|p1a: Magnezone
|-resisted|p1a: Magnezone
|-damage|p1a: Magnezone|66/100
|
|-weather|Hail|[upkeep]
|-damage|p1a: Magnezone|60/100|[from] Hail
|-heal|p1a: Magnezone|66/100|[from] Grassy Terrain
|upkeep
|turn|16
|
|t:|1667679117
|move|p2a: Arctozolt|Bolt Beak|p1a: Magnezone
|-resisted|p1a: Magnezone
|-damage|p1a: Magnezone|42/100
|-damage|p2a: Arctozolt|84/100|[from] item: Rocky Helmet|[of] p1a: Magnezone
|move|p1a: Magnezone|Thunderbolt|p2a: Arctozolt
|-resisted|p2a: Arctozolt
|-damage|p2a: Arctozolt|57/100
|
|-weather|Hail|[upkeep]
|-damage|p1a: Magnezone|36/100|[from] Hail
|-heal|p2a: Arctozolt|63/100|[from] Grassy Terrain
|-heal|p2a: Arctozolt|70/100|[from] item: Leftovers
|-heal|p1a: Magnezone|42/100|[from] Grassy Terrain
|upkeep
|turn|17
|
|t:|1667679121
|move|p2a: Arctozolt|Blizzard|p1a: Magnezone
|-resisted|p1a: Magnezone
|-damage|p1a: Magnezone|20/100
|move|p1a: Magnezone|Body Press|p2a: Arctozolt
|-supereffective|p2a: Arctozolt
|-damage|p2a: Arctozolt|0 fnt
|faint|p2a: Arctozolt
|
|-weather|none
|-heal|p1a: Magnezone|26/100|[from] Grassy Terrain
|upkeep
|
|t:|1667679128
|switch|p2a: Sharpedo|Sharpedo, F|100/100
|turn|18
|
|t:|1667679132
|move|p2a: Sharpedo|Dark Pulse|p1a: Magnezone
|-damage|p1a: Magnezone|0 fnt
|faint|p1a: Magnezone
|-damage|p2a: Sharpedo|91/100|[from] item: Life Orb
|
|-heal|p2a: Sharpedo|97/100|[from] Grassy Terrain
|-fieldend|move: Grassy Terrain
|-ability|p2a: Sharpedo|Speed Boost|boost
|-boost|p2a: Sharpedo|spe|1
|upkeep
|
|t:|1667679136
|switch|p1a: Rillaboom|Rillaboom, M|76/100 tox
|-fieldstart|move: Grassy Terrain|[from] ability: Grassy Surge|[of] p1a: Rillaboom
|turn|19
|
|t:|1667679140
|move|p2a: Sharpedo|Protect|p2a: Sharpedo
|-singleturn|p2a: Sharpedo|Protect
|move|p1a: Rillaboom|Grassy Glide|p2a: Sharpedo
|-activate|p2a: Sharpedo|move: Protect
|
|-heal|p2a: Sharpedo|100/100|[from] Grassy Terrain
|-heal|p1a: Rillaboom|82/100 tox|[from] Grassy Terrain
|-damage|p1a: Rillaboom|76/100 tox|[from] psn
|-ability|p2a: Sharpedo|Speed Boost|boost
|-boost|p2a: Sharpedo|spe|1
|upkeep
|turn|20
|
|t:|1667679145
|switch|p2a: Mandibuzz|Mandibuzz, F|74/100
|move|p1a: Rillaboom|Grassy Glide|p2a: Mandibuzz
|-resisted|p2a: Mandibuzz
|-damage|p2a: Mandibuzz|51/100
|
|-heal|p1a: Rillaboom|82/100 tox|[from] Grassy Terrain
|-damage|p1a: Rillaboom|70/100 tox|[from] psn
|upkeep
|turn|21
|
|t:|1667679158
|switch|p1a: Mandibuzz|Mandibuzz, F|31/100
|move|p2a: Mandibuzz|Foul Play|p1a: Mandibuzz
|-resisted|p1a: Mandibuzz
|-damage|p1a: Mandibuzz|24/100
|
|upkeep
|turn|22
|
|t:|1667679162
|move|p2a: Mandibuzz|Roost|p2a: Mandibuzz
|-heal|p2a: Mandibuzz|100/100
|-singleturn|p2a: Mandibuzz|move: Roost
|move|p1a: Mandibuzz|Roost|p1a: Mandibuzz
|-heal|p1a: Mandibuzz|74/100
|-singleturn|p1a: Mandibuzz|move: Roost
|
|-heal|p1a: Mandibuzz|80/100|[from] Grassy Terrain
|upkeep
|turn|23
|
|t:|1667679166
|move|p2a: Mandibuzz|U-turn|p1a: Mandibuzz
|-damage|p1a: Mandibuzz|73/100
|
|t:|1667679168
|switch|p2a: Aegislash|Aegislash, M|20/100|[from]move: U-turn
|move|p1a: Mandibuzz|U-turn|p2a: Aegislash
|-resisted|p2a: Aegislash
|-damage|p2a: Aegislash|17/100
|
|t:|1667679183
|switch|p1a: Tapu Lele|Tapu Lele, shiny|70/100|[from]move: U-turn
|-fieldstart|move: Psychic Terrain|[from] ability: Psychic Surge|[of] p1a: Tapu Lele
|
|-heal|p2a: Aegislash|23/100|[from] item: Leftovers
|upkeep
|turn|24
|
|t:|1667679187
|move|p2a: Aegislash|King's Shield|p2a: Aegislash
|-singleturn|p2a: Aegislash|Protect
|move|p1a: Tapu Lele|Shadow Ball|p2a: Aegislash
|-activate|p2a: Aegislash|move: Protect
|
|-heal|p2a: Aegislash|30/100|[from] item: Leftovers
|upkeep
|turn|25
|
|t:|1667679192
|switch|p1a: Swampert|Swampert, M|100/100
|switch|p2a: Mandibuzz|Mandibuzz, F|100/100
|
|upkeep
|turn|26
|
|t:|1667679200
|move|p2a: Mandibuzz|Foul Play|p1a: Swampert
|-damage|p1a: Swampert|70/100
|move|p1a: Swampert|Stealth Rock|p2a: Mandibuzz
|-sidestart|p2: Jongruenwald|move: Stealth Rock
|
|-heal|p1a: Swampert|76/100|[from] item: Leftovers
|upkeep
|turn|27
|
|t:|1667679202
|move|p2a: Mandibuzz|Defog|p1a: Swampert
|-unboost|p1a: Swampert|evasion|1
|-sideend|p2: Jongruenwald|Stealth Rock|[from] move: Defog|[of] p2a: Mandibuzz
|-fieldend|move: Psychic Terrain
|move|p1a: Swampert|Toxic|p2a: Mandibuzz|[miss]
|-miss|p1a: Swampert|p2a: Mandibuzz
|
|-heal|p1a: Swampert|82/100|[from] item: Leftovers
|upkeep
|turn|28
|
|t:|1667679205
|move|p2a: Mandibuzz|Foul Play|p1a: Swampert
|-damage|p1a: Swampert|48/100
|move|p1a: Swampert|Stealth Rock|p2a: Mandibuzz
|-sidestart|p2: Jongruenwald|move: Stealth Rock
|
|-heal|p1a: Swampert|54/100|[from] item: Leftovers
|upkeep
|turn|29
|
|t:|1667679210
|move|p2a: Mandibuzz|Foul Play|p1a: Swampert
|-crit|p1a: Swampert
|-damage|p1a: Swampert|10/100
|move|p1a: Swampert|Toxic|p2a: Mandibuzz
|-status|p2a: Mandibuzz|tox
|
|-heal|p1a: Swampert|16/100|[from] item: Leftovers
|-damage|p2a: Mandibuzz|94/100 tox|[from] psn
|upkeep
|turn|30
|
|t:|1667679216
|move|p2a: Mandibuzz|Defog|p1a: Swampert
|-unboost|p1a: Swampert|evasion|1
|-sideend|p2: Jongruenwald|Stealth Rock|[from] move: Defog|[of] p2a: Mandibuzz
|move|p1a: Swampert|Stealth Rock|p2a: Mandibuzz
|-sidestart|p2: Jongruenwald|move: Stealth Rock
|
|-heal|p1a: Swampert|23/100|[from] item: Leftovers
|-damage|p2a: Mandibuzz|82/100 tox|[from] psn
|upkeep
|turn|31
|
|t:|1667679222
|switch|p2a: Aegislash|Aegislash, M|30/100
|-damage|p2a: Aegislash|23/100|[from] Stealth Rock
|switch|p1a: Mandibuzz|Mandibuzz, F|73/100
|
|-heal|p2a: Aegislash|30/100|[from] item: Leftovers
|upkeep
|turn|32
|
|t:|1667679227
|move|p2a: Aegislash|King's Shield|p2a: Aegislash
|-singleturn|p2a: Aegislash|Protect
|move|p1a: Mandibuzz|Roost|p1a: Mandibuzz
|-heal|p1a: Mandibuzz|100/100
|-singleturn|p1a: Mandibuzz|move: Roost
|
|-heal|p2a: Aegislash|36/100|[from] item: Leftovers
|upkeep
|turn|33
|
|t:|1667679233
|switch|p2a: Mandibuzz|Mandibuzz, F|82/100 tox
|move|p1a: Mandibuzz|Foul Play|p2a: Mandibuzz
|-resisted|p2a: Mandibuzz
|-damage|p2a: Mandibuzz|76/100 tox
|
|-damage|p2a: Mandibuzz|70/100 tox|[from] psn
|upkeep
|turn|34
|
|t:|1667679236
|move|p2a: Mandibuzz|Defog|p1a: Mandibuzz
|-unboost|p1a: Mandibuzz|evasion|1
|-sideend|p2: Jongruenwald|Stealth Rock|[from] move: Defog|[of] p2a: Mandibuzz
|move|p1a: Mandibuzz|U-turn|p2a: Mandibuzz
|-damage|p2a: Mandibuzz|63/100 tox
|
|t:|1667679239
|switch|p1a: Tapu Lele|Tapu Lele, shiny|70/100|[from]move: U-turn
|-fieldstart|move: Psychic Terrain|[from] ability: Psychic Surge|[of] p1a: Tapu Lele
|
|-damage|p2a: Mandibuzz|51/100 tox|[from] psn
|upkeep
|turn|35
|j| ichliebemarenkonig
|
|t:|1667679247
|switch|p2a: Aegislash|Aegislash, M|36/100
|move|p1a: Tapu Lele|Moonblast|p2a: Aegislash
|-resisted|p2a: Aegislash
|-damage|p2a: Aegislash|0 fnt
|faint|p2a: Aegislash
|
|upkeep
|
|t:|1667679249
|switch|p2a: Sharpedo|Sharpedo, F|100/100
|turn|36
|
|t:|1667679258
|switch|p1a: Swampert|Swampert, M|23/100
|move|p2a: Sharpedo|Protect||[still]
|-fail|p2a: Sharpedo
|
|-heal|p1a: Swampert|29/100|[from] item: Leftovers
|-ability|p2a: Sharpedo|Speed Boost|boost
|-boost|p2a: Sharpedo|spe|1
|upkeep
|turn|37
|
|t:|1667679262
|move|p2a: Sharpedo|Dark Pulse|p1a: Swampert
|-damage|p1a: Swampert|2/100
|-damage|p2a: Sharpedo|91/100|[from] item: Life Orb
|move|p1a: Swampert|High Horsepower|p2a: Sharpedo
|-damage|p2a: Sharpedo|10/100
|
|-heal|p1a: Swampert|8/100|[from] item: Leftovers
|-ability|p2a: Sharpedo|Speed Boost|boost
|-boost|p2a: Sharpedo|spe|1
|upkeep
|turn|38
|
|t:|1667679266
|move|p2a: Sharpedo|Dark Pulse|p1a: Swampert
|-damage|p1a: Swampert|0 fnt
|faint|p1a: Swampert
|-damage|p2a: Sharpedo|0 fnt|[from] item: Life Orb
|faint|p2a: Sharpedo
|
|-fieldend|move: Psychic Terrain
|upkeep
|
|t:|1667679269
|switch|p2a: Mandibuzz|Mandibuzz, F|51/100 tox
|switch|p1a: Tapu Lele|Tapu Lele, shiny|70/100
|-fieldstart|move: Psychic Terrain|[from] ability: Psychic Surge|[of] p1a: Tapu Lele
|turn|39
|c|☆sandshrew 2022|gg
|
|t:|1667679273
|move|p1a: Tapu Lele|Moonblast|p2a: Mandibuzz
|-supereffective|p2a: Mandibuzz
|-crit|p2a: Mandibuzz
|-damage|p2a: Mandibuzz|0 fnt
|faint|p2a: Mandibuzz
|
|win|sandshrew 2022
|raw|sandshrew 2022's rating: 1776 &rarr; <strong>1795</strong><br />(+19 for winning)
|raw|Jongruenwald's rating: 1759 &rarr; <strong>1740</strong><br />(-19 for losing)
|l|☆sandshrew 2022
|c|☆Jongruenwald|Gg
|l|☆Jongruenwald
|l| ichliebemarenkonig
|j| yumya233
