|raw|<div class="broadcast-blue"><strong>This battle is required to be public due to a player having a name starting with 'lt91bb'.</div>
|j|☆KFC Chizza
|j|☆LT91BB Raizen
|t:|1659029479
|gametype|singles
|player|p1|KFC Chizza|unknown|1787
|player|p2|LT91BB Raizen|#raizen1704|1884
|teamsize|p1|6
|teamsize|p2|6
|gen|8
|tier|[Gen 8] OU
|rated|
|rule|Sleep Clause Mod: Limit one foe put to sleep
|rule|Species Clause: Limit one of each Pokémon
|rule|OHKO Clause: OHKO moves are banned
|rule|Evasion Moves Clause: Evasion moves are banned
|rule|Endless Battle Clause: Forcing endless battles is banned
|rule|HP Percentage Mod: HP is shown in percentages
|rule|Dynamax Clause: You cannot dynamax
|clearpoke
|poke|p1|Buzzwole|
|poke|p1|Boltund, F|
|poke|p1|Mamoswine, M|
|poke|p1|Tornadus-Therian, M|
|poke|p1|Aegislash, F|
|poke|p1|Tapu Fini|
|poke|p2|Dragapult, M|
|poke|p2|Zapdos|
|poke|p2|Urshifu-*, F|
|poke|p2|Tapu Lele|
|poke|p2|Landorus-Therian, M|
|poke|p2|Melmetal|
|teampreview
|j|+Rencube (>◡<)
|j| aquavanilla
|j| slapthatman
|j| fish=friends≠food
|j| Cryofield
|j| LT91BB Mad Cow
|j| indians love OLT
|j| arbok13
|l| LT91BB Mad Cow
|inactive|Battle timer is ON: inactive players will automatically lose when time's up. (requested by LT91BB Raizen)
|inactive|KFC Chizza also wants the timer to be on.
|j| LT91BB Dasmer
|j| badalakazam
|j| Yelodash
|j| Zirpurze
|
|t:|1659029505
|start
|switch|p1a: Tornadus|Tornadus-Therian, M, shiny|100/100
|switch|p2a: Urshifu|Urshifu-Rapid-Strike, F|100/100
|turn|1
|j| CrucialKoko
|l| Zirpurze
|j| xray
|j| famzy
|
|t:|1659029515
|switch|p2a: Zapdos|Zapdos, shiny|100/100
|move|p1a: Tornadus|Knock Off|p2a: Zapdos
|-damage|p2a: Zapdos|76/100
|-enditem|p2a: Zapdos|Heavy-Duty Boots|[from] move: Knock Off|[of] p1a: Tornadus
|
|upkeep
|turn|2
|j| Alain Ledon
|j| Doppel Blau
|j| LT91BB rejeff
|j| fluoringo
|
|t:|1659029530
|switch|p1a: Pooka|Boltund, F|100/100
|move|p2a: Zapdos|Volt Switch|p1a: Pooka
|-resisted|p1a: Pooka
|-damage|p1a: Pooka|69/100
|j| osonnenuntergango
|j| Lt91bb stock972
|j| LT91BB Originality
|l| aquavanilla
|j| ClumsyClefable
|j| kayflockupnext
|
|t:|1659029540
|switch|p2a: Dragapult|Dragapult, M, shiny|100/100|[from]move: Volt Switch
|
|upkeep
|turn|3
|j| Waylaid
|
|t:|1659029548
|switch|p1a: Tapu Fini|Tapu Fini|100/100
|-fieldstart|move: Misty Terrain|[from] ability: Misty Surge|[of] p1a: Tapu Fini
|move|p2a: Dragapult|Shadow Ball|p1a: Tapu Fini
|-damage|p1a: Tapu Fini|60/100
|
|-heal|p1a: Tapu Fini|66/100|[from] item: Leftovers
|upkeep
|turn|4
|j| JiminyRickets
|c| kayflockupnext|pooka ;-;
|c| kayflockupnext|u think pooka gon make it?
|
|t:|1659029557
|switch|p2a: Melmetal|Melmetal, shiny|100/100
|move|p1a: Tapu Fini|Nature's Madness|p2a: Melmetal
|-damage|p2a: Melmetal|50/100
|
|-heal|p1a: Tapu Fini|72/100|[from] item: Leftovers
|-heal|p2a: Melmetal|57/100|[from] item: Leftovers
|upkeep
|turn|5
|l| Cryofield
|j| aquavanilla
|j| LT91BB yovanmoment
|c|☆KFC Chizza|Prayers!!
|j| hondacivic2022
|
|t:|1659029571
|switch|p1a: Buzzwole|Buzzwole|100/100
|move|p2a: Melmetal|Double Iron Bash|p1a: Buzzwole
|-damage|p1a: Buzzwole|79/100
|-damage|p1a: Buzzwole|61/100
|-hitcount|p1a: Buzzwole|2
|
|-heal|p2a: Melmetal|63/100|[from] item: Leftovers
|upkeep
|turn|6
|
|t:|1659029577
|switch|p2a: Dragapult|Dragapult, M, shiny|100/100
|move|p1a: Buzzwole|Roost|p1a: Buzzwole
|-heal|p1a: Buzzwole|100/100
|-singleturn|p1a: Buzzwole|move: Roost
|
|upkeep
|turn|7
|j| LT91BB ownerdoor
|
|t:|1659029583
|move|p2a: Dragapult|Shadow Ball|p1a: Buzzwole
|-damage|p1a: Buzzwole|26/100
|move|p1a: Buzzwole|Ice Punch|p2a: Dragapult
|-supereffective|p2a: Dragapult
|-damage|p2a: Dragapult|47/100
|
|-fieldend|Misty Terrain
|upkeep
|turn|8
|j| LT91BB Scorcha
|
|t:|1659029600
|switch|p1a: Mamoswine|Mamoswine, M, shiny|100/100
|move|p2a: Dragapult|Shadow Ball|p1a: Mamoswine
|-damage|p1a: Mamoswine|12/100
|
|upkeep
|turn|9
|
|t:|1659029622
|switch|p2a: Urshifu|Urshifu-Rapid-Strike, F|100/100
|move|p1a: Mamoswine|Earthquake|p2a: Urshifu
|-damage|p2a: Urshifu|47/100
|
|upkeep
|turn|10
|j| liet32120
|j|+zee
|
|t:|1659029629
|switch|p1a: Tornadus|Tornadus-Therian, M, shiny|100/100
|move|p2a: Urshifu|Surging Strikes|p1a: Tornadus
|-crit|p1a: Tornadus
|-damage|p1a: Tornadus|65/100
|-crit|p1a: Tornadus
|-damage|p1a: Tornadus|27/100
|-crit|p1a: Tornadus
|-damage|p1a: Tornadus|0 fnt
|faint|p1a: Tornadus
|-hitcount|p1: Tornadus|3
|
|upkeep
|j| LT91BB Bhalassani
|
|t:|1659029634
|switch|p1a: Pooka|Boltund, F|69/100
|turn|11
|j| picket wicket
|j| yung dan schneider
|
|t:|1659029641
|move|p1a: Pooka|Hyper Beam|p2a: Urshifu
|-damage|p2a: Urshifu|0 fnt
|-mustrecharge|p1a: Pooka
|faint|p2a: Urshifu
|
|upkeep
|l| LT91BB Dasmer
|j|+AM
|c| kayflockupnext|oh nooooo
|j| Pedransu ☀️
|l|+AM
|
|t:|1659029668
|switch|p2a: Dragapult|Dragapult, M, shiny|47/100
|turn|12
|
|t:|1659029672
|cant|p1a: Pooka|recharge
|move|p2a: Dragapult|Shadow Ball|p1a: Pooka
|-damage|p1a: Pooka|0 fnt
|faint|p1a: Pooka
|
|upkeep
|l|+Rencube (>◡<)
|l| aquavanilla
|
|t:|1659029679
|switch|p1a: Tapu Fini|Tapu Fini|72/100
|-fieldstart|move: Misty Terrain|[from] ability: Misty Surge|[of] p1a: Tapu Fini
|turn|13
|j| aquavanilla
|
|t:|1659029684
|switch|p1a: Buzzwole|Buzzwole|26/100
|move|p2a: Dragapult|Shadow Ball|p1a: Buzzwole
|-damage|p1a: Buzzwole|0 fnt
|faint|p1a: Buzzwole
|
|upkeep
|
|t:|1659029688
|switch|p1a: Tapu Fini|Tapu Fini|72/100
|turn|14
|j| mitskipilled
|l| LT91BB yovanmoment
|
|t:|1659029697
|switch|p2a: Melmetal|Melmetal, shiny|63/100
|switch|p1a: Mamoswine|Mamoswine, M, shiny|12/100
|
|-heal|p2a: Melmetal|69/100|[from] item: Leftovers
|upkeep
|turn|15
|l| mitskipilled
|
|t:|1659029706
|move|p2a: Melmetal|Protect|p2a: Melmetal
|-singleturn|p2a: Melmetal|Protect
|move|p1a: Mamoswine|Icicle Crash|p2a: Melmetal
|-activate|p2a: Melmetal|move: Protect
|
|-heal|p2a: Melmetal|75/100|[from] item: Leftovers
|upkeep
|turn|16
|inactive|LT91BB Raizen has 120 seconds left.
|l| fluoringo
|l| osonnenuntergango
|
|t:|1659029757
|switch|p2a: Landorus|Landorus-Therian, M, shiny|100/100
|-ability|p2a: Landorus|Intimidate|boost
|-fail|p1a: Mamoswine|unboost|Attack|[from] ability: Oblivious|[of] p1a: Mamoswine
|move|p1a: Mamoswine|Earthquake|p2a: Landorus
|-immune|p2a: Landorus
|
|upkeep
|turn|17
|j| edrala
|inactive|LT91BB Raizen has 90 seconds left.
|
|t:|1659029793
|move|p1a: Mamoswine|Icicle Crash|p2a: Landorus
|-supereffective|p2a: Landorus
|-damage|p2a: Landorus|0 fnt
|faint|p2a: Landorus
|
|-fieldend|Misty Terrain
|upkeep
|
|t:|1659029795
|switch|p2a: Tapu Lele|Tapu Lele, shiny|100/100
|-fieldstart|move: Psychic Terrain|[from] ability: Psychic Surge|[of] p2a: Tapu Lele
|turn|18
|
|t:|1659029820
|switch|p1a: Aegislash|Aegislash, F|100/100
|move|p2a: Tapu Lele|Moonblast|p1a: Aegislash
|-resisted|p1a: Aegislash
|-damage|p1a: Aegislash|84/100
|
|-heal|p1a: Aegislash|90/100|[from] item: Leftovers
|upkeep
|turn|19
|j| CALL THE CREW
|j| LT91BB Dasmer
|
|t:|1659029835
|switch|p2a: Zapdos|Zapdos, shiny|76/100
|-formechange|p1a: Aegislash|Aegislash-Blade||[from] ability: Stance Change
|move|p1a: Aegislash|Shadow Ball|p2a: Zapdos
|-damage|p2a: Zapdos|33/100
|
|-heal|p1a: Aegislash|96/100|[from] item: Leftovers
|upkeep
|turn|20
|
|t:|1659029839
|move|p2a: Zapdos|Heat Wave|p1a: Aegislash
|-supereffective|p1a: Aegislash
|-damage|p1a: Aegislash|26/100
|move|p1a: Aegislash|Shadow Ball|p2a: Zapdos
|-damage|p2a: Zapdos|0 fnt
|faint|p2a: Zapdos
|
|-heal|p1a: Aegislash|32/100|[from] item: Leftovers
|upkeep
|l| LT91BB Bhalassani
|
|t:|1659029841
|switch|p2a: Dragapult|Dragapult, M, shiny|47/100
|turn|21
|l| LT91BB Dasmer
|
|t:|1659029844
|-formechange|p1a: Aegislash|Aegislash||[from] ability: Stance Change
|move|p1a: Aegislash|King's Shield|p1a: Aegislash
|-singleturn|p1a: Aegislash|Protect
|move|p2a: Dragapult|Shadow Ball|p1a: Aegislash
|-activate|p1a: Aegislash|move: Protect
|
|-heal|p1a: Aegislash|38/100|[from] item: Leftovers
|upkeep
|turn|22
|j| zzaeae
|l| zzaeae
|
|t:|1659029860
|switch|p1a: Tapu Fini|Tapu Fini|72/100
|-fieldstart|move: Misty Terrain|[from] ability: Misty Surge|[of] p1a: Tapu Fini
|move|p2a: Dragapult|Shadow Ball|p1a: Tapu Fini
|-damage|p1a: Tapu Fini|34/100
|-unboost|p1a: Tapu Fini|spd|1
|
|-heal|p1a: Tapu Fini|40/100|[from] item: Leftovers
|upkeep
|turn|23
|j| zzaeae
|l| zzaeae
|
|t:|1659029867
|move|p2a: Dragapult|Shadow Ball|p1a: Tapu Fini
|-damage|p1a: Tapu Fini|0 fnt
|faint|p1a: Tapu Fini
|
|upkeep
|j| hold dat LLLLL
|
|t:|1659029869
|switch|p1a: Mamoswine|Mamoswine, M, shiny|12/100
|turn|24
|
|t:|1659029889
|switch|p2a: Tapu Lele|Tapu Lele, shiny|100/100
|-fieldstart|move: Psychic Terrain|[from] ability: Psychic Surge|[of] p2a: Tapu Lele
|move|p1a: Mamoswine|Earthquake|p2a: Tapu Lele
|-damage|p2a: Tapu Lele|10/100
|
|upkeep
|turn|25
|l| indians love OLT
|l| LT91BB Scorcha
|inactive|KFC Chizza has 120 seconds left.
|j| LT91BB Hiko
|inactive|KFC Chizza has 90 seconds left.
|
|t:|1659029955
|switch|p1a: Aegislash|Aegislash, F|38/100
|move|p2a: Tapu Lele|Psychic|p1a: Aegislash
|-resisted|p1a: Aegislash
|-damage|p1a: Aegislash|18/100
|
|-heal|p1a: Aegislash|24/100|[from] item: Leftovers
|upkeep
|turn|26
|inactive|KFC Chizza has 90 seconds left.
|
|t:|1659029968
|switch|p2a: Melmetal|Melmetal, shiny|75/100
|-formechange|p1a: Aegislash|Aegislash-Blade||[from] ability: Stance Change
|move|p1a: Aegislash|Shadow Ball|p2a: Melmetal
|-damage|p2a: Melmetal|44/100
|
|-heal|p1a: Aegislash|30/100|[from] item: Leftovers
|-heal|p2a: Melmetal|50/100|[from] item: Leftovers
|upkeep
|turn|27
|j| pop smoke
|inactive|KFC Chizza has 90 seconds left.
|
|t:|1659029977
|move|p1a: Aegislash|Close Combat|p2a: Melmetal
|-supereffective|p2a: Melmetal
|-damage|p2a: Melmetal|5/100
|-unboost|p1a: Aegislash|def|1
|-unboost|p1a: Aegislash|spd|1
|move|p2a: Melmetal|Earthquake|p1a: Aegislash
|-supereffective|p1a: Aegislash
|-damage|p1a: Aegislash|0 fnt
|faint|p1a: Aegislash
|
|-heal|p2a: Melmetal|11/100|[from] item: Leftovers
|upkeep
|
|t:|1659029980
|switch|p1a: Mamoswine|Mamoswine, M, shiny|12/100
|turn|28
|
|t:|1659029989
|move|p1a: Mamoswine|Earthquake|p2a: Melmetal
|-supereffective|p2a: Melmetal
|-damage|p2a: Melmetal|0 fnt
|faint|p2a: Melmetal
|
|-fieldend|move: Psychic Terrain
|upkeep
|
|t:|1659029995
|switch|p2a: Tapu Lele|Tapu Lele, shiny|10/100
|-fieldstart|move: Psychic Terrain|[from] ability: Psychic Surge|[of] p2a: Tapu Lele
|turn|29
|c| kayflockupnext|oh naur that was wp game
|
|t:|1659029999
|move|p2a: Tapu Lele|Moonblast|p1a: Mamoswine
|-damage|p1a: Mamoswine|0 fnt
|faint|p1a: Mamoswine
|
|win|LT91BB Raizen
|raw|KFC Chizza's rating: 1787 &rarr; <strong>1772</strong><br />(-15 for losing)
|raw|LT91BB Raizen's rating: 1884 &rarr; <strong>1899</strong><br />(+15 for winning)
|c|☆KFC Chizza|gg
|c|☆LT91BB Raizen|gg
|l| CrucialKoko
|l| arbok13
|l| LT91BB ownerdoor
|l|☆KFC Chizza
|l| LT91BB Hiko
|l|☆LT91BB Raizen
|j| fledd
|l| aquavanilla
|l| hondacivic2022
|l| famzy
|j| DICK&DURSTIG
|l| LT91BB rejeff
|l| Waylaid
|l| DICK&DURSTIG
|l| JiminyRickets
|l| edrala
|j| edrala
|l| edrala
|l| kayflockupnext
||Ladder isn't responding, score probably updated but might not have (Request timeout).
|l| yung dan schneider
|l| Pedransu ☀️
|l| fish=friends≠food
|l| hold dat LLLLL
|l| ClumsyClefable
|l| liet32120
|l| fledd
|l| xray
|l| slapthatman
