|j|☆Sinnoh is trash
|j|☆demgeilem
|t:|1667994089
|gametype|singles
|player|p1|Sinnoh is trash|fisherman|1577
|player|p2|demgeilem|ethan-masters|1554
|teamsize|p1|6
|teamsize|p2|6
|gen|8
|tier|[Gen 8] OU
|rated|
|rule|Sleep Clause Mod: Limit one foe put to sleep
|rule|Species Clause: Limit one of each Pokémon
|rule|OHKO Clause: OHKO moves are banned
|rule|Evasion Items Clause: Evasion items are banned
|rule|Evasion Moves Clause: Evasion moves are banned
|rule|Endless Battle Clause: Forcing endless battles is banned
|rule|HP Percentage Mod: HP is shown in percentages
|rule|Dynamax Clause: You cannot dynamax
|clearpoke
|poke|p1|Slowking-Galar, F|
|poke|p1|Melmetal|
|poke|p1|Rillaboom, M|
|poke|p1|Tornadus-Therian, M|
|poke|p1|Nidoking, M|
|poke|p1|Hydreigon, M|
|poke|p2|Melmetal|
|poke|p2|Dragapult, F|
|poke|p2|Slowbro, F|
|poke|p2|Clefable, F|
|poke|p2|Landorus-Therian, M|
|poke|p2|Buzzwole|
|teampreview
|c|☆Sinnoh is trash|gl
|c|☆demgeilem|u2
|
|t:|1667994118
|start
|switch|p1a: Hello|Hydreigon, M|100/100
|switch|p2a: Slowbro|Slowbro, F, shiny|100/100
|turn|1
|
|t:|1667994123
|switch|p2a: Clefable|Clefable, F|100/100
|move|p1a: Hello|U-turn|p2a: Clefable
|-resisted|p2a: Clefable
|-damage|p2a: Clefable|93/100
|
|t:|1667994125
|switch|p1a: Royalty|Nidoking, M, shiny|100/100|[from]move: U-turn
|
|-heal|p2a: Clefable|99/100|[from] item: Leftovers
|upkeep
|turn|2
|
|t:|1667994132
|switch|p2a: Slowbro|Slowbro, F, shiny|100/100
|move|p1a: Royalty|Stealth Rock|p2a: Slowbro
|-sidestart|p2: demgeilem|move: Stealth Rock
|
|upkeep
|turn|3
|
|t:|1667994136
|move|p1a: Royalty|Sludge Wave|p2a: Slowbro
|-damage|p2a: Slowbro|32/100
|move|p2a: Slowbro|Scald|p1a: Royalty
|-supereffective|p1a: Royalty
|-damage|p1a: Royalty|23/100
|-status|p1a: Royalty|brn
|
|-damage|p1a: Royalty|17/100 brn|[from] brn
|upkeep
|turn|4
|
|t:|1667994172
|switch|p2a: Clefable|Clefable, F|99/100
|move|p1a: Royalty|Earth Power|p2a: Clefable
|-damage|p2a: Clefable|59/100
|
|-heal|p2a: Clefable|65/100|[from] item: Leftovers
|-damage|p1a: Royalty|11/100 brn|[from] brn
|upkeep
|turn|5
|
|t:|1667994182
|switch|p2a: Slowbro|Slowbro, F, shiny|65/100
|-damage|p2a: Slowbro|53/100|[from] Stealth Rock
|move|p1a: Royalty|Sludge Wave|p2a: Slowbro
|-damage|p2a: Slowbro|0 fnt
|faint|p2a: Slowbro
|
|-damage|p1a: Royalty|5/100 brn|[from] brn
|upkeep
|
|t:|1667994199
|switch|p2a: Dragapult|Dragapult, F|100/100
|-damage|p2a: Dragapult|88/100|[from] Stealth Rock
|turn|6
|
|t:|1667994205
|switch|p1a: Boid|Tornadus-Therian, M|100/100
|move|p2a: Dragapult|Shadow Ball|p1a: Boid
|-damage|p1a: Boid|23/100
|-unboost|p1a: Boid|spd|1
|
|upkeep
|turn|7
|
|t:|1667994211
|switch|p1a: Hello|Hydreigon, M|100/100
|move|p2a: Dragapult|Shadow Ball|p1a: Hello
|-resisted|p1a: Hello
|-damage|p1a: Hello|69/100
|
|upkeep
|turn|8
|
|t:|1667994218
|move|p1a: Hello|U-turn|p2a: Dragapult
|-resisted|p2a: Dragapult
|-damage|p2a: Dragapult|78/100
|
|t:|1667994223
|switch|p1a: good mon.|Slowking-Galar, F|100/100|[from]move: U-turn
|move|p2a: Dragapult|Shadow Ball|p1a: good mon.
|-supereffective|p1a: good mon.
|-damage|p1a: good mon.|40/100
|
|upkeep
|turn|9
|
|t:|1667994226
|switch|p1a: Hello|Hydreigon, M|69/100
|move|p2a: Dragapult|Shadow Ball|p1a: Hello
|-resisted|p1a: Hello
|-damage|p1a: Hello|34/100
|
|upkeep
|turn|10
|
|t:|1667994232
|switch|p2a: Clefable|Clefable, F|65/100
|move|p1a: Hello|Dark Pulse|p2a: Clefable
|-resisted|p2a: Clefable
|-damage|p2a: Clefable|51/100
|
|-heal|p2a: Clefable|57/100|[from] item: Leftovers
|upkeep
|turn|11
|
|t:|1667994237
|switch|p1a: good mon.|Slowking-Galar, F|73/100
|move|p2a: Clefable|Stealth Rock|p1a: good mon.
|-sidestart|p1: Sinnoh is trash|move: Stealth Rock
|
|-heal|p2a: Clefable|63/100|[from] item: Leftovers
|upkeep
|turn|12
|
|t:|1667994241
|switch|p2a: Melmetal|Melmetal|100/100
|-damage|p2a: Melmetal|94/100|[from] Stealth Rock
|move|p1a: good mon.|Sludge Wave|p2a: Melmetal
|-immune|p2a: Melmetal
|
|upkeep
|turn|13
|
|t:|1667994247
|move|p2a: Melmetal|Double Iron Bash|p1a: good mon.
|-damage|p1a: good mon.|9/100
|-damage|p1a: good mon.|0 fnt
|faint|p1a: good mon.
|-hitcount|p1: good mon.|2
|
|upkeep
|
|t:|1667994249
|switch|p1a: Boid|Tornadus-Therian, M|57/100
|turn|14
|
|t:|1667994254
|move|p1a: Boid|Knock Off|p2a: Melmetal
|-damage|p2a: Melmetal|83/100
|-enditem|p2a: Melmetal|Choice Band|[from] move: Knock Off|[of] p1a: Boid
|move|p2a: Melmetal|Double Iron Bash|p1a: Boid
|-damage|p1a: Boid|0 fnt
|faint|p1a: Boid
|-hitcount|p1: Boid|1
|
|upkeep
|
|t:|1667994258
|switch|p1a: Hello|Hydreigon, M|34/100
|-damage|p1a: Hello|22/100|[from] Stealth Rock
|turn|15
|
|t:|1667994268
|move|p1a: Hello|Fire Blast|p2a: Melmetal
|-supereffective|p2a: Melmetal
|-damage|p2a: Melmetal|0 fnt
|faint|p2a: Melmetal
|
|upkeep
|
|t:|1667994281
|switch|p2a: Dragapult|Dragapult, F|78/100
|-damage|p2a: Dragapult|66/100|[from] Stealth Rock
|turn|16
|
|t:|1667994284
|switch|p1a: Royalty|Nidoking, M, shiny|5/100 brn
|-damage|p1a: Royalty|0 fnt|[from] Stealth Rock
|faint|p1a: Royalty
|move|p2a: Dragapult|Shadow Ball|p1: Royalty|[notarget]
|-fail|p2a: Dragapult
|
|upkeep
|
|t:|1667994289
|switch|p1a: Hello|Hydreigon, M|22/100
|-damage|p1a: Hello|9/100|[from] Stealth Rock
|turn|17
|
|t:|1667994305
|switch|p2a: Clefable|Clefable, F|63/100
|move|p1a: Hello|Dark Pulse|p2a: Clefable
|-resisted|p2a: Clefable
|-damage|p2a: Clefable|49/100
|
|-heal|p2a: Clefable|55/100|[from] item: Leftovers
|upkeep
|turn|18
|c|☆Sinnoh is trash|gg
|
|t:|1667994318
|switch|p1a: Soup|Rillaboom, M|100/100
|-damage|p1a: Soup|88/100|[from] Stealth Rock
|-fieldstart|move: Grassy Terrain|[from] ability: Grassy Surge|[of] p1a: Soup
|move|p2a: Clefable|Moonblast|p1a: Soup
|-damage|p1a: Soup|49/100
|-unboost|p1a: Soup|spa|1
|
|-heal|p1a: Soup|55/100|[from] Grassy Terrain
|-heal|p2a: Clefable|61/100|[from] Grassy Terrain
|-heal|p2a: Clefable|67/100|[from] item: Leftovers
|upkeep
|turn|19
|-message|Sinnoh is trash forfeited.
|
|win|demgeilem
|raw|Sinnoh is trash's rating: 1577 &rarr; <strong>1556</strong><br />(-21 for losing)
|raw|demgeilem's rating: 1554 &rarr; <strong>1575</strong><br />(+21 for winning)
|l|☆Sinnoh is trash
|c|☆demgeilem|gg
