|j|☆binghuan233
|j|☆galarian dragapult
|t:|1663814799
|gametype|singles
|player|p1|binghuan233|266|1658
|player|p2|galarian dragapult|zinzolin|1639
|teamsize|p1|6
|teamsize|p2|6
|gen|8
|tier|[Gen 8] OU
|rated|
|rule|Sleep Clause Mod: Limit one foe put to sleep
|rule|Species Clause: Limit one of each Pokémon
|rule|OHKO Clause: OHKO moves are banned
|rule|Evasion Items Clause: Evasion items are banned
|rule|Evasion Moves Clause: Evasion moves are banned
|rule|Endless Battle Clause: Forcing endless battles is banned
|rule|HP Percentage Mod: HP is shown in percentages
|rule|Dynamax Clause: You cannot dynamax
|clearpoke
|poke|p1|Tapu Lele|
|poke|p1|Alakazam, M|
|poke|p1|Urshifu-*, F|
|poke|p1|Landorus-Therian, M|
|poke|p1|Heatran, M|
|poke|p1|Zeraora|
|poke|p2|Ferrothorn, M|
|poke|p2|Slowking-Galar, M|
|poke|p2|Rotom-Wash|
|poke|p2|Weavile, F|
|poke|p2|Tornadus-Therian, M|
|poke|p2|Garchomp, F|
|teampreview
|
|t:|1663814809
|start
|switch|p1a: Landorus|Landorus-Therian, M|100/100
|switch|p2a: Tornadus|Tornadus-Therian, M, shiny|100/100
|-ability|p1a: Landorus|Intimidate|boost
|-unboost|p2a: Tornadus|atk|1
|turn|1
|inactive|Battle timer is ON: inactive players will automatically lose when time's up. (requested by galarian dragapult)
|
|t:|1663814817
|switch|p1a: Heatran|Heatran, M|100/100
|move|p2a: Tornadus|Knock Off|p1a: Heatran
|-damage|p1a: Heatran|88/100
|-enditem|p1a: Heatran|Leftovers|[from] move: Knock Off|[of] p2a: Tornadus
|
|upkeep
|turn|2
|
|t:|1663814824
|switch|p2a: Rotom|Rotom-Wash|100/100
|move|p1a: Heatran|Toxic|p2a: Rotom|[miss]
|-miss|p1a: Heatran|p2a: Rotom
|
|upkeep
|turn|3
|
|t:|1663814830
|move|p2a: Rotom|Hydro Pump|p1a: Heatran
|-supereffective|p1a: Heatran
|-damage|p1a: Heatran|37/100
|move|p1a: Heatran|Toxic|p2a: Rotom
|-status|p2a: Rotom|tox
|
|-damage|p2a: Rotom|95/100 tox|[from] psn
|upkeep
|turn|4
|
|t:|1663814836
|switch|p1a: Landorus|Landorus-Therian, M|100/100
|-ability|p1a: Landorus|Intimidate|boost
|-unboost|p2a: Rotom|atk|1
|move|p2a: Rotom|Volt Switch|p1a: Landorus
|-immune|p1a: Landorus
|
|-heal|p2a: Rotom|100/100 tox|[from] item: Leftovers
|-damage|p2a: Rotom|89/100 tox|[from] psn
|upkeep
|turn|5
|
|t:|1663814850
|switch|p2a: Tornadus|Tornadus-Therian, M, shiny|100/100
|move|p1a: Landorus|U-turn|p2a: Tornadus
|-resisted|p2a: Tornadus
|-damage|p2a: Tornadus|89/100
|
|t:|1663814858
|switch|p1a: Zeraora|Zeraora|100/100|[from]move: U-turn
|
|upkeep
|turn|6
|
|t:|1663814862
|switch|p2a: Ferrothorn|Ferrothorn, M|100/100
|move|p1a: Zeraora|Knock Off|p2a: Ferrothorn
|-damage|p2a: Ferrothorn|83/100
|-damage|p1a: Zeraora|88/100|[from] ability: Iron Barbs|[of] p2a: Ferrothorn
|-damage|p1a: Zeraora|72/100|[from] item: Rocky Helmet|[of] p2a: Ferrothorn
|-enditem|p2a: Ferrothorn|Rocky Helmet|[from] move: Knock Off|[of] p1a: Zeraora
|
|upkeep
|turn|7
|
|t:|1663814886
|move|p1a: Zeraora|Volt Switch|p2a: Ferrothorn
|-resisted|p2a: Ferrothorn
|-damage|p2a: Ferrothorn|73/100
|
|t:|1663814888
|switch|p1a: Heatran|Heatran, M|37/100|[from]move: Volt Switch
|move|p2a: Ferrothorn|Body Press|p1a: Heatran
|-supereffective|p1a: Heatran
|-damage|p1a: Heatran|0 fnt
|faint|p1a: Heatran
|
|upkeep
|
|t:|1663814893
|switch|p1a: Urshifu|Urshifu-Rapid-Strike, F|100/100
|turn|8
|
|t:|1663814902
|switch|p2a: Slowking|Slowking-Galar, M|100/100
|move|p1a: Urshifu|U-turn|p2a: Slowking
|-crit|p2a: Slowking
|-damage|p2a: Slowking|74/100
|
|t:|1663814906
|switch|p1a: Landorus|Landorus-Therian, M|100/100|[from]move: U-turn
|-ability|p1a: Landorus|Intimidate|boost
|-unboost|p2a: Slowking|atk|1
|
|-heal|p2a: Slowking|80/100|[from] item: Black Sludge
|upkeep
|turn|9
|
|t:|1663814914
|switch|p2a: Tornadus|Tornadus-Therian, M, shiny|100/100
|move|p1a: Landorus|Stealth Rock|p2a: Tornadus
|-sidestart|p2: galarian dragapult|move: Stealth Rock
|
|upkeep
|turn|10
|
|t:|1663814921
|move|p2a: Tornadus|Knock Off|p1a: Landorus
|-damage|p1a: Landorus|86/100
|-enditem|p1a: Landorus|Leftovers|[from] move: Knock Off|[of] p2a: Tornadus
|move|p1a: Landorus|Toxic|p2a: Tornadus
|-status|p2a: Tornadus|tox
|
|-damage|p2a: Tornadus|94/100 tox|[from] psn
|upkeep
|turn|11
|
|t:|1663814926
|move|p2a: Tornadus|Defog|p1a: Landorus
|-unboost|p1a: Landorus|evasion|1
|-sideend|p2: galarian dragapult|Stealth Rock|[from] move: Defog|[of] p2a: Tornadus
|move|p1a: Landorus|U-turn|p2a: Tornadus
|-resisted|p2a: Tornadus
|-damage|p2a: Tornadus|82/100 tox
|
|t:|1663814929
|switch|p1a: Zeraora|Zeraora|72/100|[from]move: U-turn
|
|-damage|p2a: Tornadus|70/100 tox|[from] psn
|upkeep
|turn|12
|
|t:|1663814934
|switch|p1a: Tapu Lele|Tapu Lele|100/100
|-fieldstart|move: Psychic Terrain|[from] ability: Psychic Surge|[of] p1a: Tapu Lele
|switch|p2a: Ferrothorn|Ferrothorn, M|73/100
|
|upkeep
|turn|13
|
|t:|1663814940
|switch|p2a: Slowking|Slowking-Galar, M|100/100
|move|p1a: Tapu Lele|Focus Blast|p2a: Slowking
|-resisted|p2a: Slowking
|-damage|p2a: Slowking|86/100
|-unboost|p2a: Slowking|spd|1
|
|-heal|p2a: Slowking|92/100|[from] item: Black Sludge
|upkeep
|turn|14
|
|t:|1663814946
|switch|p1a: Landorus|Landorus-Therian, M|86/100
|-ability|p1a: Landorus|Intimidate|boost
|-unboost|p2a: Slowking|atk|1
|move|p2a: Slowking|Trick|p1a: Landorus
|-activate|p2a: Slowking|move: Trick|[of] p1a: Landorus
|-item|p1a: Landorus|Black Sludge|[from] move: Trick
|-enditem|p2a: Slowking|Black Sludge|[silent]|[from] move: Trick
|
|-damage|p1a: Landorus|74/100|[from] item: Black Sludge
|upkeep
|turn|15
|
|t:|1663814957
|switch|p2a: Tornadus|Tornadus-Therian, M, shiny|100/100 tox
|move|p1a: Landorus|U-turn|p2a: Tornadus
|-resisted|p2a: Tornadus
|-damage|p2a: Tornadus|89/100 tox
|
|t:|1663814960
|switch|p1a: Zeraora|Zeraora|72/100|[from]move: U-turn
|
|-damage|p2a: Tornadus|83/100 tox|[from] psn
|upkeep
|turn|16
|j| kayser1234567
|
|t:|1663814962
|switch|p2a: Ferrothorn|Ferrothorn, M|73/100
|move|p1a: Zeraora|Knock Off|p2a: Ferrothorn
|-damage|p2a: Ferrothorn|62/100
|-damage|p1a: Zeraora|59/100|[from] ability: Iron Barbs|[of] p2a: Ferrothorn
|
|-fieldend|move: Psychic Terrain
|upkeep
|turn|17
|
|t:|1663814978
|move|p1a: Zeraora|Close Combat|p2a: Ferrothorn
|-supereffective|p2a: Ferrothorn
|-damage|p2a: Ferrothorn|21/100
|-unboost|p1a: Zeraora|def|1
|-unboost|p1a: Zeraora|spd|1
|-damage|p1a: Zeraora|47/100|[from] ability: Iron Barbs|[of] p2a: Ferrothorn
|move|p2a: Ferrothorn|Leech Seed|p1a: Zeraora
|-start|p1a: Zeraora|move: Leech Seed
|
|-damage|p1a: Zeraora|35/100|[from] Leech Seed|[of] p2a: Ferrothorn
|-heal|p2a: Ferrothorn|32/100|[silent]
|upkeep
|turn|18
|l| kayser1234567
|
|t:|1663815003
|switch|p1a: Landorus|Landorus-Therian, M|74/100
|-ability|p1a: Landorus|Intimidate|boost
|-unboost|p2a: Ferrothorn|atk|1
|switch|p2a: Slowking|Slowking-Galar, M|100/100
|
|-damage|p1a: Landorus|62/100|[from] item: Black Sludge
|upkeep
|turn|19
|
|t:|1663815011
|switch|p2a: Tornadus|Tornadus-Therian, M, shiny|100/100 tox
|move|p1a: Landorus|Stealth Rock|p2a: Tornadus
|-sidestart|p2: galarian dragapult|move: Stealth Rock
|
|-damage|p1a: Landorus|49/100|[from] item: Black Sludge
|-damage|p2a: Tornadus|94/100 tox|[from] psn
|upkeep
|turn|20
|
|t:|1663815017
|move|p2a: Tornadus|Defog|p1a: Landorus
|-unboost|p1a: Landorus|evasion|1
|-sideend|p2: galarian dragapult|Stealth Rock|[from] move: Defog|[of] p2a: Tornadus
|move|p1a: Landorus|U-turn|p2a: Tornadus
|-resisted|p2a: Tornadus
|-damage|p2a: Tornadus|82/100 tox
|
|t:|1663815020
|switch|p1a: Tapu Lele|Tapu Lele|100/100|[from]move: U-turn
|-fieldstart|move: Psychic Terrain|[from] ability: Psychic Surge|[of] p1a: Tapu Lele
|
|-damage|p2a: Tornadus|70/100 tox|[from] psn
|upkeep
|turn|21
|inactive|galarian dragapult has 120 seconds left.
|
|t:|1663815061
|switch|p2a: Slowking|Slowking-Galar, M|100/100
|move|p1a: Tapu Lele|Future Sight|p2a: Slowking
|-start|p1a: Tapu Lele|move: Future Sight
|
|upkeep
|turn|22
|
|t:|1663815070
|switch|p1a: Urshifu|Urshifu-Rapid-Strike, F|100/100
|move|p2a: Slowking|Psychic|p1a: Urshifu
|-supereffective|p1a: Urshifu
|-damage|p1a: Urshifu|0 fnt
|faint|p1a: Urshifu
|
|upkeep
|
|t:|1663815075
|switch|p1a: Alakazam|Alakazam, M|100/100
|turn|23
|
|t:|1663815082
|switch|p2a: Ferrothorn|Ferrothorn, M|32/100
|move|p1a: Alakazam|Focus Blast|p2a: Ferrothorn
|-supereffective|p2a: Ferrothorn
|-damage|p2a: Ferrothorn|0 fnt
|faint|p2a: Ferrothorn
|
|-hint|Future Sight did not hit because the target is fainted.
|upkeep
|
|t:|1663815083
|switch|p2a: Tornadus|Tornadus-Therian, M, shiny|100/100 tox
|turn|24
|j| kayser1234567
|
|t:|1663815088
|move|p1a: Alakazam|Expanding Force|p2a: Tornadus
|-damage|p2a: Tornadus|0 fnt
|faint|p2a: Tornadus
|
|-fieldend|move: Psychic Terrain
|upkeep
|
|t:|1663815097
|switch|p2a: Garchomp|Garchomp, F|100/100
|turn|25
|
|t:|1663815111
|switch|p1a: Landorus|Landorus-Therian, M|49/100
|-ability|p1a: Landorus|Intimidate|boost
|-unboost|p2a: Garchomp|atk|1
|move|p2a: Garchomp|Scale Shot|p1a: Landorus
|-damage|p1a: Landorus|43/100
|-damage|p1a: Landorus|36/100
|-damage|p1a: Landorus|29/100
|-hitcount|p1a: Landorus|3
|-unboost|p2a: Garchomp|def|1
|-boost|p2a: Garchomp|spe|1
|
|-damage|p1a: Landorus|17/100|[from] item: Black Sludge
|upkeep
|turn|26
|
|t:|1663815114
|move|p2a: Garchomp|Scale Shot|p1a: Landorus
|-damage|p1a: Landorus|11/100
|-damage|p1a: Landorus|4/100
|-hitcount|p1a: Landorus|2
|-unboost|p2a: Garchomp|def|1
|-boost|p2a: Garchomp|spe|1
|move|p1a: Landorus|Earthquake|p2a: Garchomp
|-damage|p2a: Garchomp|0 fnt
|faint|p2a: Garchomp
|
|-damage|p1a: Landorus|0 fnt|[from] item: Black Sludge
|faint|p1a: Landorus
|upkeep
|
|t:|1663815122
|switch|p2a: Slowking|Slowking-Galar, M|100/100
|switch|p1a: Zeraora|Zeraora|35/100
|turn|27
|
|t:|1663815127
|move|p1a: Zeraora|Volt Switch|p2a: Slowking
|-damage|p2a: Slowking|83/100
|
|t:|1663815130
|switch|p1a: Alakazam|Alakazam, M|100/100|[from]move: Volt Switch
|move|p2a: Slowking|Sludge Bomb|p1a: Alakazam
|-damage|p1a: Alakazam|53/100
|
|upkeep
|turn|28
|
|t:|1663815133
|move|p1a: Alakazam|Shadow Ball|p2a: Slowking
|-supereffective|p2a: Slowking
|-damage|p2a: Slowking|25/100
|move|p2a: Slowking|Sludge Bomb|p1a: Alakazam
|-damage|p1a: Alakazam|2/100
|
|upkeep
|turn|29
|
|t:|1663815139
|switch|p2a: Weavile|Weavile, F|100/100
|-ability|p2a: Weavile|Pressure
|move|p1a: Alakazam|Shadow Ball|p2a: Weavile
|-resisted|p2a: Weavile
|-damage|p2a: Weavile|75/100
|
|upkeep
|turn|30
|
|t:|1663815143
|switch|p1a: Tapu Lele|Tapu Lele|100/100
|-fieldstart|move: Psychic Terrain|[from] ability: Psychic Surge|[of] p1a: Tapu Lele
|move|p2a: Weavile|Knock Off|p1a: Tapu Lele
|-damage|p1a: Tapu Lele|25/100
|-enditem|p1a: Tapu Lele|Choice Specs|[from] move: Knock Off|[of] p2a: Weavile
|
|upkeep
|turn|31
|
|t:|1663815147
|move|p2a: Weavile|Knock Off|p1a: Tapu Lele
|-damage|p1a: Tapu Lele|0 fnt
|faint|p1a: Tapu Lele
|
|upkeep
|j| obckiller
|
|t:|1663815150
|switch|p1a: Zeraora|Zeraora|35/100
|turn|32
|inactive|galarian dragapult has 120 seconds left.
|c|☆binghuan233|quikly
|
|t:|1663815199
|move|p1a: Zeraora|Close Combat|p2a: Weavile
|-supereffective|p2a: Weavile
|-damage|p2a: Weavile|0 fnt
|-unboost|p1a: Zeraora|def|1
|-unboost|p1a: Zeraora|spd|1
|faint|p2a: Weavile
|
|upkeep
|
|t:|1663815200
|switch|p2a: Slowking|Slowking-Galar, M|59/100
|turn|33
|
|t:|1663815211
|move|p1a: Zeraora|Plasma Fists|p2a: Slowking
|-damage|p2a: Slowking|26/100
|-fieldactivate|move: Ion Deluge
|-hint|Normal-type moves become Electric-type after using Plasma Fists.
|move|p2a: Slowking|Sludge Bomb|p1a: Zeraora
|-damage|p1a: Zeraora|0 fnt
|faint|p1a: Zeraora
|
|upkeep
|
|t:|1663815214
|switch|p1a: Alakazam|Alakazam, M|2/100
|turn|34
|
|t:|1663815216
|move|p1a: Alakazam|Shadow Ball|p2a: Slowking
|-supereffective|p2a: Slowking
|-damage|p2a: Slowking|0 fnt
|faint|p2a: Slowking
|
|-fieldend|move: Psychic Terrain
|upkeep
|
|t:|1663815221
|switch|p2a: Rotom|Rotom-Wash|89/100 tox
|turn|35
|
|t:|1663815223
|move|p1a: Alakazam|Energy Ball|p2a: Rotom
|-supereffective|p2a: Rotom
|-damage|p2a: Rotom|17/100 tox
|move|p2a: Rotom|Volt Switch|p1a: Alakazam
|-damage|p1a: Alakazam|0 fnt
|faint|p1a: Alakazam
|
|win|galarian dragapult
|raw|binghuan233's rating: 1658 &rarr; <strong>1637</strong><br />(-21 for losing)
|raw|galarian dragapult's rating: 1639 &rarr; <strong>1660</strong><br />(+21 for winning)
|c|☆galarian dragapult|gg
|l|☆galarian dragapult
|c|☆binghuan233|gg
