|j|☆srg69
|j|☆Pinks1ip
|t:|1660305991
|gametype|singles
|player|p1|srg69|lusamine-nihilego|1415
|player|p2|Pinks1ip|skierf|1462
|teamsize|p1|6
|teamsize|p2|6
|gen|8
|tier|[Gen 8] OU
|rated|
|rule|Sleep Clause Mod: Limit one foe put to sleep
|rule|Species Clause: Limit one of each Pokémon
|rule|OHKO Clause: OHKO moves are banned
|rule|Evasion Items Clause: Evasion items are banned
|rule|Evasion Moves Clause: Evasion moves are banned
|rule|Endless Battle Clause: Forcing endless battles is banned
|rule|HP Percentage Mod: HP is shown in percentages
|rule|Dynamax Clause: You cannot dynamax
|clearpoke
|poke|p1|Rotom-Wash|
|poke|p1|Weavile, M|
|poke|p1|Landorus-Therian, M|
|poke|p1|Heatran, M|
|poke|p1|Tangrowth, M|
|poke|p1|Melmetal|
|poke|p2|Landorus-Therian, M|
|poke|p2|Ferrothorn, F|
|poke|p2|Zapdos-Galar|
|poke|p2|Dragapult, M|
|poke|p2|Blacephalon|
|poke|p2|Toxapex, M|
|teampreview
|inactive|Battle timer is ON: inactive players will automatically lose when time's up. (requested by srg69)
|c|☆srg69|hf
|
|t:|1660305995
|start
|switch|p1a: Tangrowth|Tangrowth, M|100/100
|switch|p2a: Dragapult|Dragapult, M|100/100
|turn|1
|
|t:|1660306003
|switch|p1a: Melmetal|Melmetal|100/100
|move|p2a: Dragapult|U-turn|p1a: Melmetal
|-resisted|p1a: Melmetal
|-damage|p1a: Melmetal|96/100
|
|t:|1660306010
|switch|p2a: Ferrothorn|Ferrothorn, F|100/100|[from]move: U-turn
|
|upkeep
|turn|2
|
|t:|1660306013
|switch|p1a: landorustherian|Landorus-Therian, M|100/100
|-ability|p1a: landorustherian|Intimidate|boost
|-unboost|p2a: Ferrothorn|atk|1
|move|p2a: Ferrothorn|Spikes|p1a: landorustherian
|-sidestart|p1: srg69|Spikes
|
|upkeep
|turn|3
|
|t:|1660306016
|move|p1a: landorustherian|Toxic|p2a: Ferrothorn
|-immune|p2a: Ferrothorn
|move|p2a: Ferrothorn|Spikes|p1a: landorustherian
|-sidestart|p1: srg69|Spikes
|
|upkeep
|turn|4
|
|t:|1660306022
|move|p1a: landorustherian|Earthquake|p2a: Ferrothorn
|-damage|p2a: Ferrothorn|74/100
|move|p2a: Ferrothorn|Leech Seed|p1a: landorustherian
|-start|p1a: landorustherian|move: Leech Seed
|
|-damage|p1a: landorustherian|88/100|[from] Leech Seed|[of] p2a: Ferrothorn
|-heal|p2a: Ferrothorn|87/100|[silent]
|upkeep
|turn|5
|
|t:|1660306024
|move|p1a: landorustherian|Toxic|p2a: Ferrothorn
|-immune|p2a: Ferrothorn
|move|p2a: Ferrothorn|Spikes|p1a: landorustherian
|-sidestart|p1: srg69|Spikes
|
|-heal|p1a: landorustherian|94/100|[from] item: Leftovers
|-damage|p1a: landorustherian|82/100|[from] Leech Seed|[of] p2a: Ferrothorn
|-heal|p2a: Ferrothorn|100/100|[silent]
|upkeep
|turn|6
|
|t:|1660306026
|switch|p1a: rotomwash|Rotom-Wash|100/100
|move|p2a: Ferrothorn|Knock Off|p1a: rotomwash
|-damage|p1a: rotomwash|84/100
|-enditem|p1a: rotomwash|Leftovers|[from] move: Knock Off|[of] p2a: Ferrothorn
|
|upkeep
|turn|7
|
|t:|1660306033
|switch|p2a: Zapdos|Zapdos-Galar|100/100
|move|p1a: rotomwash|Thunderbolt|p2a: Zapdos
|-supereffective|p2a: Zapdos
|-damage|p2a: Zapdos|23/100
|
|upkeep
|turn|8
|
|t:|1660306036
|switch|p1a: Tangrowth|Tangrowth, M|100/100
|-damage|p1a: Tangrowth|75/100|[from] Spikes
|move|p2a: Zapdos|Close Combat|p1a: Tangrowth
|-damage|p1a: Tangrowth|27/100
|-unboost|p2a: Zapdos|def|1
|-unboost|p2a: Zapdos|spd|1
|-damage|p2a: Zapdos|7/100|[from] item: Rocky Helmet|[of] p1a: Tangrowth
|
|upkeep
|turn|9
|
|t:|1660306038
|move|p2a: Zapdos|Close Combat|p1a: Tangrowth
|-damage|p1a: Tangrowth|0 fnt
|-unboost|p2a: Zapdos|def|1
|-unboost|p2a: Zapdos|spd|1
|-damage|p2a: Zapdos|0 fnt|[from] item: Rocky Helmet|[of] p1a: Tangrowth
|faint|p1a: Tangrowth
|faint|p2a: Zapdos
|
|upkeep
|
|t:|1660306045
|switch|p2a: Dragapult|Dragapult, M|100/100
|switch|p1a: landorustherian|Landorus-Therian, M|82/100
|-ability|p1a: landorustherian|Intimidate|boost
|-unboost|p2a: Dragapult|atk|1
|turn|10
|
|t:|1660306048
|move|p2a: Dragapult|Will-O-Wisp|p1a: landorustherian
|-status|p1a: landorustherian|brn
|move|p1a: landorustherian|Defog|p2a: Dragapult
|-unboost|p2a: Dragapult|evasion|1
|-sideend|p1: srg69|Spikes|[from] move: Defog|[of] p1a: landorustherian
|
|-heal|p1a: landorustherian|88/100 brn|[from] item: Leftovers
|-damage|p1a: landorustherian|82/100 brn|[from] brn
|upkeep
|turn|11
|
|t:|1660306052
|switch|p1a: Heatran|Heatran, M|100/100
|-item|p1a: Heatran|Air Balloon
|move|p2a: Dragapult|Hex|p1a: Heatran
|-damage|p1a: Heatran|74/100
|-enditem|p1a: Heatran|Air Balloon
|
|upkeep
|turn|12
|
|t:|1660306054
|move|p2a: Dragapult|U-turn|p1a: Heatran
|-resisted|p1a: Heatran
|-damage|p1a: Heatran|71/100
|
|t:|1660306058
|switch|p2a: Blacephalon|Blacephalon|100/100|[from]move: U-turn
|move|p1a: Heatran|Magma Storm|p2a: Blacephalon
|-resisted|p2a: Blacephalon
|-damage|p2a: Blacephalon|60/100
|-activate|p2a: Blacephalon|move: Magma Storm|[of] p1a: Heatran
|
|-damage|p2a: Blacephalon|48/100|[from] move: Magma Storm|[partiallytrapped]
|upkeep
|turn|13
|
|t:|1660306062
|switch|p2a: Landorus|Landorus-Therian, M|100/100
|-ability|p2a: Landorus|Intimidate|boost
|-unboost|p1a: Heatran|atk|1
|switch|p1a: landorustherian|Landorus-Therian, M|82/100 brn
|-ability|p1a: landorustherian|Intimidate|boost
|-unboost|p2a: Landorus|atk|1
|
|-heal|p1a: landorustherian|88/100 brn|[from] item: Leftovers
|-damage|p1a: landorustherian|82/100 brn|[from] brn
|upkeep
|turn|14
|
|t:|1660306064
|move|p2a: Landorus|U-turn|p1a: landorustherian
|-resisted|p1a: landorustherian
|-damage|p1a: landorustherian|75/100 brn
|
|t:|1660306067
|switch|p2a: Ferrothorn|Ferrothorn, F|100/100|[from]move: U-turn
|move|p1a: landorustherian|Toxic|p2a: Ferrothorn
|-immune|p2a: Ferrothorn
|
|-heal|p1a: landorustherian|81/100 brn|[from] item: Leftovers
|-damage|p1a: landorustherian|75/100 brn|[from] brn
|upkeep
|turn|15
|
|t:|1660306069
|switch|p1a: Heatran|Heatran, M|71/100
|move|p2a: Ferrothorn|Spikes|p1a: Heatran
|-sidestart|p1: srg69|Spikes
|
|upkeep
|turn|16
|
|t:|1660306072
|switch|p2a: Landorus|Landorus-Therian, M|100/100
|-ability|p2a: Landorus|Intimidate|boost
|-unboost|p1a: Heatran|atk|1
|move|p1a: Heatran|Magma Storm|p2a: Landorus
|-damage|p2a: Landorus|64/100
|-activate|p2a: Landorus|move: Magma Storm|[of] p1a: Heatran
|
|-heal|p2a: Landorus|70/100|[from] item: Leftovers
|-damage|p2a: Landorus|58/100|[from] move: Magma Storm|[partiallytrapped]
|upkeep
|turn|17
|
|t:|1660306073
|move|p1a: Heatran|Eruption|p2a: Landorus
|-damage|p2a: Landorus|18/100
|move|p2a: Landorus|U-turn|p1a: Heatran
|-resisted|p1a: Heatran
|-damage|p1a: Heatran|65/100
|
|t:|1660306091
|switch|p2a: Dragapult|Dragapult, M|100/100|[from]move: U-turn
|
|upkeep
|turn|18
|
|t:|1660306095
|move|p2a: Dragapult|Hex|p1a: Heatran
|-damage|p1a: Heatran|34/100
|move|p1a: Heatran|Stealth Rock|p2a: Dragapult
|-sidestart|p2: Pinks1ip|move: Stealth Rock
|
|upkeep
|turn|19
|
|t:|1660306099
|move|p2a: Dragapult|Hex|p1a: Heatran
|-damage|p1a: Heatran|7/100
|move|p1a: Heatran|Magma Storm|p2a: Dragapult
|-resisted|p2a: Dragapult
|-damage|p2a: Dragapult|63/100
|-activate|p2a: Dragapult|move: Magma Storm|[of] p1a: Heatran
|
|-damage|p2a: Dragapult|51/100|[from] move: Magma Storm|[partiallytrapped]
|upkeep
|turn|20
|
|t:|1660306101
|move|p2a: Dragapult|Hex|p1a: Heatran
|-damage|p1a: Heatran|0 fnt
|faint|p1a: Heatran
|
|-end|p2a: Dragapult|Magma Storm|[partiallytrapped]|[silent]
|upkeep
|
|t:|1660306101
|switch|p1a: Weavile|Weavile, M|100/100
|-damage|p1a: Weavile|88/100|[from] Spikes
|-ability|p1a: Weavile|Pressure
|turn|21
|
|t:|1660306105
|switch|p2a: Ferrothorn|Ferrothorn, F|100/100
|-damage|p2a: Ferrothorn|95/100|[from] Stealth Rock
|move|p1a: Weavile|Ice Shard|p2a: Ferrothorn
|-damage|p2a: Ferrothorn|76/100
|
|upkeep
|turn|22
|
|t:|1660306110
|switch|p1a: landorustherian|Landorus-Therian, M|75/100 brn
|-ability|p1a: landorustherian|Intimidate|boost
|-unboost|p2a: Ferrothorn|atk|1
|move|p2a: Ferrothorn|Spikes|p1a: landorustherian
|-sidestart|p1: srg69|Spikes
|
|-heal|p1a: landorustherian|81/100 brn|[from] item: Leftovers
|-damage|p1a: landorustherian|75/100 brn|[from] brn
|upkeep
|turn|23
|
|t:|1660306111
|move|p1a: landorustherian|Defog|p2a: Ferrothorn
|-unboost|p2a: Ferrothorn|evasion|1
|-sideend|p2: Pinks1ip|Stealth Rock|[from] move: Defog|[of] p1a: landorustherian
|-sideend|p1: srg69|Spikes|[from] move: Defog|[of] p1a: landorustherian
|move|p2a: Ferrothorn|Leech Seed|p1a: landorustherian
|-start|p1a: landorustherian|move: Leech Seed
|
|-heal|p1a: landorustherian|81/100 brn|[from] item: Leftovers
|-damage|p1a: landorustherian|68/100 brn|[from] Leech Seed|[of] p2a: Ferrothorn
|-heal|p2a: Ferrothorn|90/100|[silent]
|-damage|p1a: landorustherian|62/100 brn|[from] brn
|upkeep
|turn|24
|
|t:|1660306114
|switch|p1a: Melmetal|Melmetal|96/100
|move|p2a: Ferrothorn|Spikes|p1a: Melmetal
|-sidestart|p1: srg69|Spikes
|
|upkeep
|turn|25
|
|t:|1660306116
|move|p1a: Melmetal|Ice Punch|p2a: Ferrothorn
|-damage|p2a: Ferrothorn|71/100
|-damage|p1a: Melmetal|83/100|[from] ability: Iron Barbs|[of] p2a: Ferrothorn
|-damage|p1a: Melmetal|67/100|[from] item: Rocky Helmet|[of] p2a: Ferrothorn
|move|p2a: Ferrothorn|Thunder Wave|p1a: Melmetal
|-status|p1a: Melmetal|par
|
|upkeep
|turn|26
|
|t:|1660306118
|move|p2a: Ferrothorn|Spikes|p1a: Melmetal
|-sidestart|p1: srg69|Spikes
|move|p1a: Melmetal|Ice Punch|p2a: Ferrothorn
|-damage|p2a: Ferrothorn|50/100
|-status|p2a: Ferrothorn|frz
|-damage|p1a: Melmetal|54/100 par|[from] ability: Iron Barbs|[of] p2a: Ferrothorn
|-damage|p1a: Melmetal|38/100 par|[from] item: Rocky Helmet|[of] p2a: Ferrothorn
|
|upkeep
|turn|27
|
|t:|1660306129
|cant|p2a: Ferrothorn|frz
|move|p1a: Melmetal|Earthquake|p2a: Ferrothorn
|-damage|p2a: Ferrothorn|28/100 frz
|
|upkeep
|turn|28
|
|t:|1660306130
|switch|p1a: landorustherian|Landorus-Therian, M|62/100 brn
|-ability|p1a: landorustherian|Intimidate|boost
|-unboost|p2a: Ferrothorn|atk|1
|cant|p2a: Ferrothorn|frz
|
|-heal|p1a: landorustherian|68/100 brn|[from] item: Leftovers
|-damage|p1a: landorustherian|62/100 brn|[from] brn
|upkeep
|turn|29
|
|t:|1660306132
|move|p1a: landorustherian|Defog|p2a: Ferrothorn
|-unboost|p2a: Ferrothorn|evasion|1
|-sideend|p1: srg69|Spikes|[from] move: Defog|[of] p1a: landorustherian
|cant|p2a: Ferrothorn|frz
|
|-heal|p1a: landorustherian|68/100 brn|[from] item: Leftovers
|-damage|p1a: landorustherian|62/100 brn|[from] brn
|upkeep
|turn|30
|
|t:|1660306133
|switch|p1a: rotomwash|Rotom-Wash|84/100
|cant|p2a: Ferrothorn|frz
|
|upkeep
|turn|31
|
|t:|1660306134
|move|p1a: rotomwash|Nasty Plot|p1a: rotomwash
|-boost|p1a: rotomwash|spa|2
|cant|p2a: Ferrothorn|frz
|
|upkeep
|turn|32
|
|t:|1660306136
|move|p1a: rotomwash|Nasty Plot|p1a: rotomwash
|-boost|p1a: rotomwash|spa|2
|cant|p2a: Ferrothorn|frz
|
|upkeep
|turn|33
|
|t:|1660306137
|move|p1a: rotomwash|Hydro Pump|p2a: Ferrothorn
|-resisted|p2a: Ferrothorn
|-damage|p2a: Ferrothorn|0 fnt
|faint|p2a: Ferrothorn
|
|upkeep
|
|t:|1660306143
|switch|p2a: Toxapex|Toxapex, M|100/100
|turn|34
|
|t:|1660306145
|switch|p2a: Landorus|Landorus-Therian, M|18/100
|-ability|p2a: Landorus|Intimidate|boost
|-unboost|p1a: rotomwash|atk|1
|move|p1a: rotomwash|Thunderbolt|p2a: Landorus
|-immune|p2a: Landorus
|
|-heal|p2a: Landorus|24/100|[from] item: Leftovers
|upkeep
|turn|35
|
|t:|1660306149
|move|p1a: rotomwash|Thunderbolt|p2a: Landorus
|-immune|p2a: Landorus
|move|p2a: Landorus|U-turn|p1a: rotomwash
|-damage|p1a: rotomwash|62/100
|
|t:|1660306154
|switch|p2a: Blacephalon|Blacephalon|48/100|[from]move: U-turn
|
|upkeep
|turn|36
|
|t:|1660306155
|switch|p1a: Melmetal|Melmetal|38/100 par
|move|p2a: Blacephalon|Shadow Ball|p1a: Melmetal
|-damage|p1a: Melmetal|11/100 par
|
|upkeep
|turn|37
|
|t:|1660306156
|switch|p1a: Weavile|Weavile, M|88/100
|-ability|p1a: Weavile|Pressure
|move|p2a: Blacephalon|Shadow Ball|p1a: Weavile
|-resisted|p1a: Weavile
|-damage|p1a: Weavile|55/100
|
|upkeep
|turn|38
|
|t:|1660306160
|switch|p2a: Toxapex|Toxapex, M|100/100
|move|p1a: Weavile|Knock Off|p2a: Toxapex
|-damage|p2a: Toxapex|58/100
|-enditem|p2a: Toxapex|Black Sludge|[from] move: Knock Off|[of] p1a: Weavile
|
|upkeep
|turn|39
|
|t:|1660306162
|switch|p1a: landorustherian|Landorus-Therian, M|62/100 brn
|-ability|p1a: landorustherian|Intimidate|boost
|-unboost|p2a: Toxapex|atk|1
|move|p2a: Toxapex|Knock Off|p1a: landorustherian
|-damage|p1a: landorustherian|52/100 brn
|-enditem|p1a: landorustherian|Leftovers|[from] move: Knock Off|[of] p2a: Toxapex
|
|-damage|p1a: landorustherian|46/100 brn|[from] brn
|upkeep
|turn|40
|
|t:|1660306166
|switch|p1a: rotomwash|Rotom-Wash|62/100
|switch|p2a: Landorus|Landorus-Therian, M|24/100
|-ability|p2a: Landorus|Intimidate|boost
|-unboost|p1a: rotomwash|atk|1
|
|-heal|p2a: Landorus|30/100|[from] item: Leftovers
|upkeep
|turn|41
|
|t:|1660306169
|switch|p2a: Blacephalon|Blacephalon|48/100
|move|p1a: rotomwash|Hydro Pump|p2a: Blacephalon
|-supereffective|p2a: Blacephalon
|-damage|p2a: Blacephalon|0 fnt
|faint|p2a: Blacephalon
|
|upkeep
|
|t:|1660306171
|switch|p2a: Dragapult|Dragapult, M|51/100
|turn|42
|
|t:|1660306175
|switch|p1a: landorustherian|Landorus-Therian, M|46/100 brn
|-ability|p1a: landorustherian|Intimidate|boost
|-unboost|p2a: Dragapult|atk|1
|move|p2a: Dragapult|Draco Meteor|p1a: landorustherian
|-damage|p1a: landorustherian|3/100 brn
|-unboost|p2a: Dragapult|spa|2
|
|-damage|p1a: landorustherian|0 fnt|[from] brn
|faint|p1a: landorustherian
|upkeep
|
|t:|1660306175
|switch|p1a: rotomwash|Rotom-Wash|62/100
|turn|43
|
|t:|1660306180
|move|p2a: Dragapult|U-turn|p1a: rotomwash
|-damage|p1a: rotomwash|51/100
|
|t:|1660306186
|switch|p2a: Landorus|Landorus-Therian, M|30/100|[from]move: U-turn
|-ability|p2a: Landorus|Intimidate|boost
|-unboost|p1a: rotomwash|atk|1
|move|p1a: rotomwash|Pain Split|p2a: Landorus
|-sethp|p2a: Landorus|35/100|[from] move: Pain Split|[silent]
|-sethp|p1a: rotomwash|44/100|[from] move: Pain Split
|
|-heal|p2a: Landorus|41/100|[from] item: Leftovers
|upkeep
|turn|44
|
|t:|1660306191
|move|p1a: rotomwash|Hydro Pump|p2a: Landorus|[miss]
|-miss|p1a: rotomwash|p2a: Landorus
|move|p2a: Landorus|Toxic|p1a: rotomwash
|-status|p1a: rotomwash|tox
|
|-heal|p2a: Landorus|47/100|[from] item: Leftovers
|-damage|p1a: rotomwash|38/100 tox|[from] psn
|upkeep
|turn|45
|
|t:|1660306201
|move|p1a: rotomwash|Hydro Pump|p2a: Landorus
|-supereffective|p2a: Landorus
|-crit|p2a: Landorus
|-damage|p2a: Landorus|0 fnt
|faint|p2a: Landorus
|
|-damage|p1a: rotomwash|25/100 tox|[from] psn
|upkeep
|
|t:|1660306203
|switch|p2a: Dragapult|Dragapult, M|51/100
|turn|46
|
|t:|1660306204
|switch|p1a: Melmetal|Melmetal|11/100 par
|move|p2a: Dragapult|Hex|p1a: Melmetal
|-damage|p1a: Melmetal|0 fnt
|faint|p1a: Melmetal
|
|upkeep
|
|t:|1660306204
|switch|p1a: Weavile|Weavile, M|55/100
|-ability|p1a: Weavile|Pressure
|turn|47
|
|t:|1660306211
|switch|p2a: Toxapex|Toxapex, M|91/100
|move|p1a: Weavile|Ice Shard|p2a: Toxapex
|-resisted|p2a: Toxapex
|-damage|p2a: Toxapex|83/100
|
|upkeep
|turn|48
|
|t:|1660306213
|move|p1a: Weavile|Ice Shard|p2a: Toxapex
|-resisted|p2a: Toxapex
|-damage|p2a: Toxapex|74/100
|move|p2a: Toxapex|Knock Off|p1a: Weavile
|-resisted|p1a: Weavile
|-damage|p1a: Weavile|41/100
|-enditem|p1a: Weavile|Choice Band|[from] move: Knock Off|[of] p2a: Toxapex
|
|upkeep
|turn|49
|
|t:|1660306215
|move|p1a: Weavile|Knock Off|p2a: Toxapex
|-damage|p2a: Toxapex|56/100
|move|p2a: Toxapex|Knock Off|p1a: Weavile
|-resisted|p1a: Weavile
|-damage|p1a: Weavile|32/100
|
|upkeep
|turn|50
|
|t:|1660306217
|move|p1a: Weavile|Knock Off|p2a: Toxapex
|-damage|p2a: Toxapex|36/100
|move|p2a: Toxapex|Recover|p2a: Toxapex
|-heal|p2a: Toxapex|86/100
|
|upkeep
|turn|51
|
|t:|1660306218
|move|p1a: Weavile|Triple Axel|p2a: Toxapex
|-resisted|p2a: Toxapex
|-damage|p2a: Toxapex|83/100
|-hitcount|p2a: Toxapex|1
|move|p2a: Toxapex|Knock Off|p1a: Weavile
|-resisted|p1a: Weavile
|-damage|p1a: Weavile|24/100
|
|upkeep
|turn|52
|
|t:|1660306220
|move|p1a: Weavile|Knock Off|p2a: Toxapex
|-damage|p2a: Toxapex|65/100
|move|p2a: Toxapex|Knock Off|p1a: Weavile
|-resisted|p1a: Weavile
|-damage|p1a: Weavile|15/100
|
|upkeep
|turn|53
|
|t:|1660306221
|move|p1a: Weavile|Knock Off|p2a: Toxapex
|-crit|p2a: Toxapex
|-damage|p2a: Toxapex|37/100
|move|p2a: Toxapex|Knock Off|p1a: Weavile
|-resisted|p1a: Weavile
|-damage|p1a: Weavile|6/100
|
|upkeep
|turn|54
|
|t:|1660306222
|move|p1a: Weavile|Triple Axel|p2a: Toxapex
|-resisted|p2a: Toxapex
|-damage|p2a: Toxapex|34/100
|-resisted|p2a: Toxapex
|-damage|p2a: Toxapex|28/100
|-resisted|p2a: Toxapex
|-damage|p2a: Toxapex|19/100
|-hitcount|p2a: Toxapex|3
|move|p2a: Toxapex|Recover|p2a: Toxapex
|-heal|p2a: Toxapex|69/100
|
|upkeep
|turn|55
|
|t:|1660306223
|move|p1a: Weavile|Knock Off|p2a: Toxapex
|-damage|p2a: Toxapex|49/100
|move|p2a: Toxapex|Knock Off|p1a: Weavile
|-resisted|p1a: Weavile
|-damage|p1a: Weavile|0 fnt
|faint|p1a: Weavile
|
|upkeep
|
|t:|1660306223
|switch|p1a: rotomwash|Rotom-Wash|25/100 tox
|turn|56
|
|t:|1660306224
|move|p1a: rotomwash|Thunderbolt|p2a: Toxapex
|-supereffective|p2a: Toxapex
|-damage|p2a: Toxapex|0 fnt
|faint|p2a: Toxapex
|
|-damage|p1a: rotomwash|19/100 tox|[from] psn
|upkeep
|
|t:|1660306226
|switch|p2a: Dragapult|Dragapult, M|51/100
|turn|57
|
|t:|1660306227
|move|p2a: Dragapult|Hex|p1a: rotomwash
|-damage|p1a: rotomwash|0 fnt
|faint|p1a: rotomwash
|
|win|Pinks1ip
|raw|srg69's rating: 1415 &rarr; <strong>1398</strong><br />(-17 for losing)
|raw|Pinks1ip's rating: 1462 &rarr; <strong>1479</strong><br />(+17 for winning)
|c|☆srg69|gg
