|raw|<div class="broadcast-blue"><strong>This battle is required to be public due to a player having a name starting with 'lt82zw'.</div>
|j|☆GuyguyLaMenace
|j|☆LT82ZW GLASS
|t:|1625826383
|gametype|singles
|player|p1|GuyguyLaMenace|volkner|1633
|player|p2|LT82ZW GLASS|1|1696
|teamsize|p1|6
|teamsize|p2|6
|gen|8
|tier|[Gen 8] OU
|rated|
|rule|Sleep Clause Mod: Limit one foe put to sleep
|rule|Species Clause: Limit one of each Pokémon
|rule|OHKO Clause: OHKO moves are banned
|rule|Evasion Moves Clause: Evasion moves are banned
|rule|Endless Battle Clause: Forcing endless battles is banned
|rule|HP Percentage Mod: HP is shown in percentages
|rule|Dynamax Clause: You cannot dynamax
|clearpoke
|poke|p1|Magnezone|
|poke|p1|Kyurem|
|poke|p1|Dragonite, F|
|poke|p1|Regidrago|
|poke|p1|Garchomp, M|
|poke|p1|Tapu Lele|
|poke|p2|Weavile, M|
|poke|p2|Ninetales-Alola, F|
|poke|p2|Landorus-Therian, M|
|poke|p2|Cloyster, M|
|poke|p2|Dragapult, F|
|poke|p2|Kartana|
|teampreview
|j| Storm Zone
|inactive|Battle timer is ON: inactive players will automatically lose when time's up. (requested by LT82ZW GLASS)
|
|t:|1625826391
|start
|switch|p1a: Magnezone|Magnezone|100/100
|switch|p2a: Ninetales|Ninetales-Alola, F|100/100
|-weather|Hail|[from] ability: Snow Warning|[of] p2a: Ninetales
|turn|1
|j| pokemonkorea co kr
|
|t:|1625826395
|move|p2a: Ninetales|Aurora Veil|p2a: Ninetales
|-sidestart|p2: LT82ZW GLASS|move: Aurora Veil
|move|p1a: Magnezone|Flash Cannon|p2a: Ninetales
|-supereffective|p2a: Ninetales
|-damage|p2a: Ninetales|0 fnt
|faint|p2a: Ninetales
|
|-weather|Hail|[upkeep]
|-damage|p1a: Magnezone|94/100|[from] Hail
|upkeep
|
|t:|1625826406
|switch|p2a: Kartana|Kartana|100/100
|turn|2
|
|t:|1625826421
|switch|p1a: Regidrago|Regidrago|100/100
|move|p2a: Kartana|Swords Dance|p2a: Kartana
|-boost|p2a: Kartana|atk|2
|
|-weather|Hail|[upkeep]
|-damage|p2a: Kartana|94/100|[from] Hail
|-damage|p1a: Regidrago|94/100|[from] Hail
|upkeep
|turn|3
|
|t:|1625826425
|move|p2a: Kartana|Knock Off|p1a: Regidrago
|-damage|p1a: Regidrago|3/100
|-enditem|p1a: Regidrago|Dragon Fang|[from] move: Knock Off|[of] p2a: Kartana
|-damage|p2a: Kartana|84/100|[from] item: Life Orb
|move|p1a: Regidrago|Fire Fang|p2a: Kartana
|-supereffective|p2a: Kartana
|-damage|p2a: Kartana|51/100
|
|-weather|Hail|[upkeep]
|-damage|p2a: Kartana|44/100|[from] Hail
|-damage|p1a: Regidrago|0 fnt|[from] Hail
|faint|p1a: Regidrago
|upkeep
|j|+Aberforth
|
|t:|1625826436
|switch|p1a: Tapu Lele|Tapu Lele|100/100
|-fieldstart|move: Psychic Terrain|[from] ability: Psychic Surge|[of] p1a: Tapu Lele
|turn|4
|
|t:|1625826439
|move|p1a: Tapu Lele|Moonblast|p2a: Kartana
|-resisted|p2a: Kartana
|-damage|p2a: Kartana|15/100
|move|p2a: Kartana|Knock Off|p1a: Tapu Lele
|-damage|p1a: Tapu Lele|0 fnt
|-enditem|p1a: Tapu Lele|Choice Scarf|[from] move: Knock Off|[of] p2a: Kartana
|faint|p1a: Tapu Lele
|-ability|p2a: Kartana|Beast Boost|boost
|-boost|p2a: Kartana|spe|1
|-damage|p2a: Kartana|5/100|[from] item: Life Orb
|
|-weather|Hail|[upkeep]
|-damage|p2a: Kartana|0 fnt|[from] Hail
|faint|p2a: Kartana
|upkeep
|j| Romeo3
|
|t:|1625826449
|switch|p2a: Weavile|Weavile, M|100/100
|switch|p1a: Magnezone|Magnezone|94/100
|-ability|p2a: Weavile|Pressure
|turn|5
|
|t:|1625826452
|move|p2a: Weavile|Beat Up|p1a: Magnezone
|-damage|p1a: Magnezone|85/100
|-damage|p1a: Magnezone|73/100
|-damage|p1a: Magnezone|64/100
|-damage|p1a: Magnezone|55/100
|-hitcount|p1a: Magnezone|4
|move|p1a: Magnezone|Flash Cannon|p2a: Weavile
|-supereffective|p2a: Weavile
|-damage|p2a: Weavile|8/100
|
|-weather|none
|upkeep
|turn|6
|j| LT81YL pj
|
|t:|1625826455
|move|p2a: Weavile|Beat Up|p1a: Magnezone
|-damage|p1a: Magnezone|44/100
|-damage|p1a: Magnezone|33/100
|-damage|p1a: Magnezone|24/100
|-damage|p1a: Magnezone|15/100
|-hitcount|p1a: Magnezone|4
|move|p1a: Magnezone|Flash Cannon|p2a: Weavile
|-supereffective|p2a: Weavile
|-damage|p2a: Weavile|0 fnt
|faint|p2a: Weavile
|
|upkeep
|
|t:|1625826461
|switch|p2a: Dragapult|Dragapult, F|100/100
|turn|7
|j| curiosity
|l| Romeo3
|
|t:|1625826467
|move|p2a: Dragapult|Dragon Dance|p2a: Dragapult
|-boost|p2a: Dragapult|atk|1
|-boost|p2a: Dragapult|spe|1
|move|p1a: Magnezone|Flash Cannon|p2a: Dragapult
|-damage|p2a: Dragapult|59/100
|
|upkeep
|turn|8
|
|t:|1625826474
|move|p2a: Dragapult|Dragon Darts|p1a: Magnezone
|-resisted|p1a: Magnezone
|-damage|p1a: Magnezone|0 fnt
|faint|p1a: Magnezone
|
|-sideend|p2: LT82ZW GLASS|move: Aurora Veil
|-fieldend|move: Psychic Terrain
|upkeep
|
|t:|1625826478
|switch|p1a: Garchomp|Garchomp, M|100/100
|turn|9
|
|t:|1625826480
|move|p2a: Dragapult|Dragon Darts|p1a: Garchomp
|-supereffective|p1a: Garchomp
|-damage|p1a: Garchomp|23/100
|-anim|p2a: Dragapult|Dragon Darts|p1a: Garchomp
|-supereffective|p1a: Garchomp
|-damage|p1a: Garchomp|0 fnt
|faint|p1a: Garchomp
|
|upkeep
|-message|GuyguyLaMenace forfeited.
|
|win|LT82ZW GLASS
|raw|GuyguyLaMenace's rating: 1633 &rarr; <strong>1617</strong><br />(-16 for losing)
|raw|LT82ZW GLASS's rating: 1696 &rarr; <strong>1712</strong><br />(+16 for winning)
|l|☆GuyguyLaMenace
|l| LT81YL pj
|l|☆LT82ZW GLASS
