|j|☆N30N3
|j|☆vnmmv
|player|p1|N30N3|170|1837
|player|p2|vnmmv|266|1763
|teamsize|p1|6
|teamsize|p2|6
|gametype|singles
|gen|8
|tier|[Gen 8] OU
|rated|
|clearpoke
|poke|p1|Kyurem|
|poke|p1|Hippowdon, M|
|poke|p1|Excadrill, M|
|poke|p1|Tyranitar, F|
|poke|p1|Hawlucha, F|
|poke|p1|Ferrothorn, F|
|poke|p2|Crawdaunt, M|
|poke|p2|Dracovish|
|poke|p2|Pelipper, M|
|poke|p2|Zeraora|
|poke|p2|Dragapult, M|
|poke|p2|Jirachi|
|rule|Sleep Clause Mod: Limit one foe put to sleep
|rule|Species Clause: Limit one of each Pokémon
|rule|OHKO Clause: OHKO moves are banned
|rule|Evasion Moves Clause: Evasion moves are banned
|rule|Endless Battle Clause: Forcing endless battles is banned
|rule|HP Percentage Mod: HP is shown in percentages
|rule|Dynamax Clause: You cannot dynamax
|teampreview
|inactive|Battle timer is ON: inactive players will automatically lose when time's up. (requested by N30N3)
|
|start
|switch|p1a: Tyranitar|Tyranitar, F|100/100
|switch|p2a: Zeraora|Zeraora|100/100
|-weather|Sandstorm|[from] ability: Sand Stream|[of] p1a: Tyranitar
|turn|1
|j| AgressivEbolAidCOV
|
|switch|p1a: Ferrothorn|Ferrothorn, F|100/100
|move|p2a: Zeraora|Close Combat|p1a: Ferrothorn
|-supereffective|p1a: Ferrothorn
|-damage|p1a: Ferrothorn|39/100
|-unboost|p2a: Zeraora|def|1
|-unboost|p2a: Zeraora|spd|1
|-damage|p2a: Zeraora|88/100|[from] ability: Iron Barbs|[of] p1a: Ferrothorn
|-damage|p2a: Zeraora|78/100|[from] item: Life Orb
|
|-weather|Sandstorm|[upkeep]
|-damage|p2a: Zeraora|72/100|[from] Sandstorm
|-heal|p1a: Ferrothorn|45/100|[from] item: Leftovers
|upkeep
|turn|2
|
|switch|p1a: Hippowdon|Hippowdon, M|100/100
|move|p2a: Zeraora|Close Combat|p1a: Hippowdon
|-damage|p1a: Hippowdon|75/100
|-unboost|p2a: Zeraora|def|1
|-unboost|p2a: Zeraora|spd|1
|-damage|p2a: Zeraora|63/100|[from] item: Life Orb
|
|-weather|Sandstorm|[upkeep]
|-damage|p2a: Zeraora|57/100|[from] Sandstorm
|upkeep
|turn|3
|
|switch|p2a: Pelipper|Pelipper, M|100/100
|-weather|RainDance|[from] ability: Drizzle|[of] p2a: Pelipper
|move|p1a: Hippowdon|Earthquake|p2a: Pelipper
|-immune|p2a: Pelipper
|
|-weather|RainDance|[upkeep]
|upkeep
|turn|4
|
|switch|p1a: Tyranitar|Tyranitar, F|100/100
|-weather|Sandstorm|[from] ability: Sand Stream|[of] p1a: Tyranitar
|move|p2a: Pelipper|U-turn|p1a: Tyranitar
|-supereffective|p1a: Tyranitar
|-damage|p1a: Tyranitar|83/100
|
|switch|p2a: Dracovish|Dracovish|100/100|[from]move: U-turn
|
|-weather|Sandstorm|[upkeep]
|-damage|p2a: Dracovish|94/100|[from] Sandstorm
|upkeep
|turn|5
|
|switch|p1a: Ferrothorn|Ferrothorn, F|45/100
|move|p2a: Dracovish|Fishious Rend|p1a: Ferrothorn
|-resisted|p1a: Ferrothorn
|-damage|p1a: Ferrothorn|14/100
|-damage|p2a: Dracovish|82/100|[from] ability: Iron Barbs|[of] p1a: Ferrothorn
|
|-weather|Sandstorm|[upkeep]
|-damage|p2a: Dracovish|76/100|[from] Sandstorm
|-heal|p1a: Ferrothorn|20/100|[from] item: Leftovers
|upkeep
|turn|6
|
|move|p2a: Dracovish|Fishious Rend|p1a: Ferrothorn
|-resisted|p1a: Ferrothorn
|-damage|p1a: Ferrothorn|0 fnt
|-damage|p2a: Dracovish|63/100|[from] ability: Iron Barbs|[of] p1a: Ferrothorn
|faint|p1a: Ferrothorn
|
|-weather|Sandstorm|[upkeep]
|-damage|p2a: Dracovish|57/100|[from] Sandstorm
|upkeep
|
|switch|p1a: Hawlucha|Hawlucha, F|100/100
|turn|7
|
|switch|p2a: Dragapult|Dragapult, M|100/100
|move|p1a: Hawlucha|Close Combat|p2a: Dragapult
|-immune|p2a: Dragapult
|
|-weather|Sandstorm|[upkeep]
|-damage|p2a: Dragapult|95/100|[from] Sandstorm
|-damage|p1a: Hawlucha|94/100|[from] Sandstorm
|upkeep
|turn|8
|
|switch|p1a: Hippowdon|Hippowdon, M|75/100
|move|p2a: Dragapult|Thunder Wave|p1a: Hippowdon
|-immune|p1a: Hippowdon
|
|-weather|none
|upkeep
|turn|9
|
|switch|p2a: Pelipper|Pelipper, M|100/100
|-weather|RainDance|[from] ability: Drizzle|[of] p2a: Pelipper
|move|p1a: Hippowdon|Stealth Rock|p2a: Pelipper
|-sidestart|p2: vnmmv|move: Stealth Rock
|
|-weather|RainDance|[upkeep]
|upkeep
|turn|10
|
|switch|p1a: Tyranitar|Tyranitar, F|83/100
|-weather|Sandstorm|[from] ability: Sand Stream|[of] p1a: Tyranitar
|move|p2a: Pelipper|Defog|p1a: Tyranitar
|-unboost|p1a: Tyranitar|evasion|1
|-sideend|p2: vnmmv|Stealth Rock|[from] move: Defog|[of] p2a: Pelipper
|
|-weather|Sandstorm|[upkeep]
|-damage|p2a: Pelipper|94/100|[from] Sandstorm
|upkeep
|turn|11
|
|switch|p2a: Jirachi|Jirachi|100/100
|move|p1a: Tyranitar|Crunch|p2a: Jirachi
|-supereffective|p2a: Jirachi
|-damage|p2a: Jirachi|0 fnt
|faint|p2a: Jirachi
|
|-weather|Sandstorm|[upkeep]
|upkeep
|
|switch|p2a: Dracovish|Dracovish|57/100
|turn|12
|
|move|p2a: Dracovish|Fishious Rend|p1a: Tyranitar
|-supereffective|p1a: Tyranitar
|-damage|p1a: Tyranitar|0 fnt
|faint|p1a: Tyranitar
|
|-weather|Sandstorm|[upkeep]
|-damage|p2a: Dracovish|51/100|[from] Sandstorm
|upkeep
|
|switch|p1a: Excadrill|Excadrill, M|100/100
|turn|13
|
|switch|p2a: Dragapult|Dragapult, M|95/100
|move|p1a: Excadrill|Rock Slide|p2a: Dragapult
|-crit|p2a: Dragapult
|-damage|p2a: Dragapult|15/100
|-damage|p1a: Excadrill|91/100|[from] item: Life Orb
|
|-weather|Sandstorm|[upkeep]
|-damage|p2a: Dragapult|9/100|[from] Sandstorm
|upkeep
|turn|14
|
|move|p2a: Dragapult|Shadow Ball|p1a: Excadrill
|-damage|p1a: Excadrill|41/100
|-unboost|p1a: Excadrill|spd|1
|move|p1a: Excadrill|Iron Head|p2a: Dragapult
|-damage|p2a: Dragapult|0 fnt
|-damage|p1a: Excadrill|31/100|[from] item: Life Orb
|faint|p2a: Dragapult
|
|-weather|none
|upkeep
|
|switch|p2a: Zeraora|Zeraora|57/100
|turn|15
|inactive|N30N3 has 120 seconds left.
|
|switch|p1a: Hippowdon|Hippowdon, M|75/100
|-weather|Sandstorm|[from] ability: Sand Stream|[of] p1a: Hippowdon
|move|p2a: Zeraora|Knock Off|p1a: Hippowdon
|-damage|p1a: Hippowdon|54/100
|-enditem|p1a: Hippowdon|Smooth Rock|[from] move: Knock Off|[of] p2a: Zeraora
|-damage|p2a: Zeraora|47/100|[from] item: Life Orb
|
|-weather|Sandstorm|[upkeep]
|-damage|p2a: Zeraora|41/100|[from] Sandstorm
|upkeep
|turn|16
|inactive|vnmmv has 120 seconds left.
|
|switch|p1a: Hawlucha|Hawlucha, F|94/100
|move|p2a: Zeraora|Grass Knot|p1a: Hawlucha
|-resisted|p1a: Hawlucha
|-damage|p1a: Hawlucha|84/100
|-damage|p2a: Zeraora|31/100|[from] item: Life Orb
|
|-weather|Sandstorm|[upkeep]
|-damage|p2a: Zeraora|25/100|[from] Sandstorm
|-damage|p1a: Hawlucha|78/100|[from] Sandstorm
|upkeep
|turn|17
|inactive|vnmmv has 120 seconds left.
|
|switch|p2a: Pelipper|Pelipper, M|94/100
|-weather|RainDance|[from] ability: Drizzle|[of] p2a: Pelipper
|switch|p1a: Hippowdon|Hippowdon, M|54/100
|-weather|Sandstorm|[from] ability: Sand Stream|[of] p1a: Hippowdon
|
|-weather|Sandstorm|[upkeep]
|-damage|p2a: Pelipper|88/100|[from] Sandstorm
|upkeep
|turn|18
|inactive|vnmmv has 120 seconds left.
|
|move|p2a: Pelipper|U-turn|p1a: Hippowdon
|-damage|p1a: Hippowdon|50/100
|
|switch|p2a: Dracovish|Dracovish|51/100|[from]move: U-turn
|move|p1a: Hippowdon|Stealth Rock|p2a: Dracovish
|-sidestart|p2: vnmmv|move: Stealth Rock
|
|-weather|Sandstorm|[upkeep]
|-damage|p2a: Dracovish|44/100|[from] Sandstorm
|upkeep
|turn|19
|inactive|N30N3 has 120 seconds left.
|
|move|p2a: Dracovish|Fishious Rend|p1a: Hippowdon
|-supereffective|p1a: Hippowdon
|-damage|p1a: Hippowdon|0 fnt
|faint|p1a: Hippowdon
|
|-weather|Sandstorm|[upkeep]
|-damage|p2a: Dracovish|38/100|[from] Sandstorm
|upkeep
|
|switch|p1a: Hawlucha|Hawlucha, F|78/100
|turn|20
|
|switch|p2a: Pelipper|Pelipper, M|88/100
|-damage|p2a: Pelipper|63/100|[from] Stealth Rock
|-weather|RainDance|[from] ability: Drizzle|[of] p2a: Pelipper
|move|p1a: Hawlucha|Close Combat|p2a: Pelipper
|-resisted|p2a: Pelipper
|-damage|p2a: Pelipper|34/100
|-unboost|p1a: Hawlucha|def|1
|-unboost|p1a: Hawlucha|spd|1
|-enditem|p1a: Hawlucha|White Herb
|-clearnegativeboost|p1a: Hawlucha|[silent]
|
|-weather|RainDance|[upkeep]
|upkeep
|turn|21
|
|move|p1a: Hawlucha|Acrobatics|p2a: Pelipper
|-damage|p2a: Pelipper|0 fnt
|faint|p2a: Pelipper
|
|-weather|RainDance|[upkeep]
|upkeep
|
|switch|p2a: Crawdaunt|Crawdaunt, M|100/100
|-damage|p2a: Crawdaunt|88/100|[from] Stealth Rock
|turn|22
|
|switch|p1a: Kyurem|Kyurem|100/100
|-ability|p1a: Kyurem|Pressure
|move|p2a: Crawdaunt|Aqua Jet|p1a: Kyurem
|-resisted|p1a: Kyurem
|-damage|p1a: Kyurem|78/100
|
|-weather|RainDance|[upkeep]
|upkeep
|turn|23
|
|switch|p2a: Zeraora|Zeraora|25/100
|-damage|p2a: Zeraora|13/100|[from] Stealth Rock
|move|p1a: Kyurem|Freeze-Dry|p2a: Zeraora
|-damage|p2a: Zeraora|0 fnt
|faint|p2a: Zeraora
|
|-weather|RainDance|[upkeep]
|upkeep
|
|switch|p2a: Dracovish|Dracovish|38/100
|-damage|p2a: Dracovish|26/100|[from] Stealth Rock
|turn|24
|
|switch|p1a: Excadrill|Excadrill, M|31/100
|move|p2a: Dracovish|Fishious Rend|p1a: Excadrill
|-supereffective|p1a: Excadrill
|-damage|p1a: Excadrill|0 fnt
|faint|p1a: Excadrill
|
|-weather|RainDance|[upkeep]
|upkeep
|
|switch|p1a: Hawlucha|Hawlucha, F|78/100
|turn|25
|
|move|p2a: Dracovish|Fishious Rend|p1a: Hawlucha
|-damage|p1a: Hawlucha|0 fnt
|faint|p1a: Hawlucha
|
|-weather|RainDance|[upkeep]
|upkeep
|j| HeavenStar
|
|switch|p1a: Kyurem|Kyurem|78/100
|-ability|p1a: Kyurem|Pressure
|turn|26
|
|switch|p2a: Crawdaunt|Crawdaunt, M|88/100
|-damage|p2a: Crawdaunt|76/100|[from] Stealth Rock
|move|p1a: Kyurem|Freeze-Dry|p2a: Crawdaunt
|-supereffective|p2a: Crawdaunt
|-damage|p2a: Crawdaunt|0 fnt
|faint|p2a: Crawdaunt
|
|-weather|RainDance|[upkeep]
|upkeep
|
|switch|p2a: Dracovish|Dracovish|26/100
|-damage|p2a: Dracovish|13/100|[from] Stealth Rock
|turn|27
|
|move|p2a: Dracovish|Outrage|p1a: Kyurem
|-supereffective|p1a: Kyurem
|-damage|p1a: Kyurem|0 fnt
|faint|p1a: Kyurem
|
|win|vnmmv
|c|☆vnmmv|gg
