|html|<div class="broadcast-blue"><strong>[Gen 8] OU is currently suspecting Melmetal! For information on how to participate check out the <a href="https://www.smogon.com/forums/threads/np-ss-ou-suspect-process-round-12-monster-mash.3709234/">suspect thread</a>.</strong></div>
|j|☆2(H2O)-Alt
|j|‽minimax_ai
|t:|1665711291
|gametype|singles
|player|p1|2(H2O)-Alt|chase|1759
|player|p2|minimax_ai|101|1684
|teamsize|p1|6
|teamsize|p2|6
|gen|8
|tier|[Gen 8] OU
|rated|
|rule|Sleep Clause Mod: Limit one foe put to sleep
|rule|Species Clause: Limit one of each Pokémon
|rule|OHKO Clause: OHKO moves are banned
|rule|Evasion Items Clause: Evasion items are banned
|rule|Evasion Moves Clause: Evasion moves are banned
|rule|Endless Battle Clause: Forcing endless battles is banned
|rule|HP Percentage Mod: HP is shown in percentages
|rule|Dynamax Clause: You cannot dynamax
|clearpoke
|poke|p1|Weavile, M|
|poke|p1|Blaziken, M|
|poke|p1|Rillaboom, M|
|poke|p1|Nihilego|
|poke|p1|Dragapult, M|
|poke|p1|Aegislash, M|
|poke|p2|Rotom-Wash|
|poke|p2|Weavile, F|
|poke|p2|Landorus-Therian, M|
|poke|p2|Heatran, M|
|poke|p2|Tangrowth, M|
|poke|p2|Melmetal|
|teampreview
|
|t:|1665711293
|start
|switch|p1a: Nihilego|Nihilego|100/100
|switch|p2a: Landorus|Landorus-Therian, M|100/100
|-ability|p2a: Landorus|Intimidate|boost
|-unboost|p1a: Nihilego|atk|1
|turn|1
|j| RazorForce21
|inactive|Battle timer is ON: inactive players will automatically lose when time's up. (requested by 2(H2O)-Alt)
|inactive|minimax_ai also wants the timer to be on.
|j| crawdaunt sammy
|j| Master Raul
|
|t:|1665711300
|move|p1a: Nihilego|Stealth Rock|p2a: Landorus
|-sidestart|p2: minimax_ai|move: Stealth Rock
|move|p2a: Landorus|Earthquake|p1a: Nihilego
|-supereffective|p1a: Nihilego
|-crit|p1a: Nihilego
|-damage|p1a: Nihilego|0 fnt
|faint|p1a: Nihilego
|
|upkeep
|
|t:|1665711305
|switch|p1a: Bandit|Weavile, M, shiny|100/100
|-ability|p1a: Bandit|Pressure
|turn|2
|
|t:|1665711307
|move|p1a: Bandit|Knock Off|p2a: Landorus
|-damage|p2a: Landorus|31/100
|-enditem|p2a: Landorus|Leftovers|[from] move: Knock Off|[of] p1a: Bandit
|-damage|p1a: Bandit|91/100|[from] item: Life Orb
|move|p2a: Landorus|Earthquake|p1a: Bandit
|-damage|p1a: Bandit|2/100
|
|upkeep
|turn|3
|
|t:|1665711309
|move|p1a: Bandit|Ice Shard|p2a: Landorus
|-supereffective|p2a: Landorus
|-damage|p2a: Landorus|0 fnt
|faint|p2a: Landorus
|-damage|p1a: Bandit|0 fnt|[from] item: Life Orb
|faint|p1a: Bandit
|
|upkeep
|
|t:|1665711313
|switch|p1a: Destroyer|Blaziken, M, shiny|100/100
|switch|p2a: Rotom|Rotom-Wash|100/100
|-damage|p2a: Rotom|88/100|[from] Stealth Rock
|turn|4
|
|t:|1665711315
|move|p1a: Destroyer|Protect|p1a: Destroyer
|-singleturn|p1a: Destroyer|Protect
|move|p2a: Rotom|Hydro Pump|p1a: Destroyer
|-activate|p1a: Destroyer|move: Protect
|
|-heal|p2a: Rotom|94/100|[from] item: Leftovers
|-ability|p1a: Destroyer|Speed Boost|boost
|-boost|p1a: Destroyer|spe|1
|upkeep
|turn|5
|
|t:|1665711319
|move|p1a: Destroyer|Close Combat|p2a: Rotom
|-damage|p2a: Rotom|4/100
|-unboost|p1a: Destroyer|def|1
|-unboost|p1a: Destroyer|spd|1
|-damage|p1a: Destroyer|91/100|[from] item: Life Orb
|move|p2a: Rotom|Hydro Pump|p1a: Destroyer
|-supereffective|p1a: Destroyer
|-damage|p1a: Destroyer|0 fnt
|faint|p1a: Destroyer
|
|-heal|p2a: Rotom|11/100|[from] item: Leftovers
|upkeep
|
|t:|1665711326
|switch|p1a: Leviathan|Dragapult, M, shiny|100/100
|turn|6
|
|t:|1665711328
|move|p1a: Leviathan|Dragon Darts|p2a: Rotom
|-damage|p2a: Rotom|0 fnt
|faint|p2a: Rotom
|-damage|p1a: Leviathan|91/100|[from] item: Life Orb
|
|upkeep
|
|t:|1665711329
|switch|p2a: Melmetal|Melmetal|100/100
|-damage|p2a: Melmetal|94/100|[from] Stealth Rock
|turn|7
|
|t:|1665711330
|switch|p1a: Aegislash|Aegislash, M|100/100
|move|p2a: Melmetal|Ice Punch|p1a: Aegislash
|-resisted|p1a: Aegislash
|-damage|p1a: Aegislash|88/100
|
|upkeep
|turn|8
|
|t:|1665711332
|switch|p2a: Tangrowth|Tangrowth, M|100/100
|-damage|p2a: Tangrowth|88/100|[from] Stealth Rock
|-formechange|p1a: Aegislash|Aegislash-Blade||[from] ability: Stance Change
|move|p1a: Aegislash|Close Combat|p2a: Tangrowth
|-damage|p2a: Tangrowth|63/100
|-unboost|p1a: Aegislash|def|1
|-unboost|p1a: Aegislash|spd|1
|-damage|p1a: Aegislash|71/100|[from] item: Rocky Helmet|[of] p2a: Tangrowth
|
|upkeep
|turn|9
|
|t:|1665711335
|switch|p1a: Kong|Rillaboom, M, shiny|100/100
|-fieldstart|move: Grassy Terrain|[from] ability: Grassy Surge|[of] p1a: Kong
|move|p2a: Tangrowth|Knock Off|p1a: Kong
|-damage|p1a: Kong|77/100
|-enditem|p1a: Kong|Life Orb|[from] move: Knock Off|[of] p2a: Tangrowth
|
|-heal|p1a: Kong|83/100|[from] Grassy Terrain
|-heal|p2a: Tangrowth|69/100|[from] Grassy Terrain
|upkeep
|turn|10
|
|t:|1665711337
|move|p1a: Kong|Swords Dance|p1a: Kong
|-boost|p1a: Kong|atk|2
|move|p2a: Tangrowth|Giga Drain|p1a: Kong
|-resisted|p1a: Kong
|-damage|p1a: Kong|57/100
|-heal|p2a: Tangrowth|80/100|[from] drain|[of] p1a: Kong
|
|-heal|p1a: Kong|64/100|[from] Grassy Terrain
|-heal|p2a: Tangrowth|86/100|[from] Grassy Terrain
|upkeep
|turn|11
|
|t:|1665711339
|move|p1a: Kong|Swords Dance|p1a: Kong
|-boost|p1a: Kong|atk|2
|move|p2a: Tangrowth|Giga Drain|p1a: Kong
|-resisted|p1a: Kong
|-damage|p1a: Kong|40/100
|-heal|p2a: Tangrowth|96/100|[from] drain|[of] p1a: Kong
|
|-heal|p1a: Kong|46/100|[from] Grassy Terrain
|-heal|p2a: Tangrowth|100/100|[from] Grassy Terrain
|upkeep
|turn|12
|
|t:|1665711341
|move|p1a: Kong|Superpower|p2a: Tangrowth
|-damage|p2a: Tangrowth|30/100
|-unboost|p1a: Kong|atk|1
|-unboost|p1a: Kong|def|1
|-damage|p1a: Kong|30/100|[from] item: Rocky Helmet|[of] p2a: Tangrowth
|move|p2a: Tangrowth|Focus Blast|p1a: Kong
|-damage|p1a: Kong|0 fnt
|faint|p1a: Kong
|
|-heal|p2a: Tangrowth|36/100|[from] Grassy Terrain
|upkeep
|-message|2(H2O)-Alt forfeited.
|
|win|minimax_ai
|raw|2(H2O)-Alt's rating: 1759 &rarr; <strong>1735</strong><br />(-24 for losing)
|raw|minimax_ai's rating: 1684 &rarr; <strong>1708</strong><br />(+24 for winning)
|l|☆2(H2O)-Alt
