|j|☆Pok et glace
|j|☆Tonybuffnuts
|inactive|Battle timer is ON: inactive players will automatically lose when time's up.
|t:|1663441528
|gametype|singles
|player|p1|Pok et glace|cynthia-masters|
|player|p2|Tonybuffnuts|janitor|
|teamsize|p1|4
|teamsize|p2|4
|gen|8
|tier|[Gen 8] OU
|rated|Tournament battle
|rule|Sleep Clause Mod: Limit one foe put to sleep
|rule|Species Clause: Limit one of each Pokémon
|rule|OHKO Clause: OHKO moves are banned
|rule|Evasion Items Clause: Evasion items are banned
|rule|Evasion Moves Clause: Evasion moves are banned
|rule|Endless Battle Clause: Forcing endless battles is banned
|rule|HP Percentage Mod: HP is shown in percentages
|rule|Dynamax Clause: You cannot dynamax
|clearpoke
|poke|p1|Cloyster, M|
|poke|p1|Gothita, F|
|poke|p1|Noctowl, F|
|poke|p1|Magneton|
|poke|p2|Toxapex, M|
|poke|p2|Fletchling, M|
|poke|p2|Dragonite, M|
|poke|p2|Drakloak, F|
|teampreview
|j|*Lanette Bot ✿
|j| Sleeper Sweeper-Z
|j| revenlay
|c|☆Pok et glace|hf
|j| hpl12345
|j| Yimiku
|
|t:|1663441547
|start
|switch|p1a: Magneton|Magneton|100/100
|switch|p2a: Drakloak|Drakloak, F|100/100
|turn|1
|j| abcaba
|j| ACrumbOfSerotonin
|j| Bitconnnnect
|
|t:|1663441558
|switch|p1a: Noctowl|Noctowl, F|100/100
|move|p2a: Drakloak|Phantom Force||[still]
|-prepare|p2a: Drakloak|Phantom Force
|
|upkeep
|turn|2
|j| Bixee123
|l| abcaba
|
|t:|1663441562
|move|p2a: Drakloak|Phantom Force|p1a: Noctowl|[from]lockedmove
|-immune|p1a: Noctowl
|move|p1a: Noctowl|Hurricane|p2a: Drakloak|[miss]
|-miss|p1a: Noctowl|p2a: Drakloak
|
|upkeep
|turn|3
|c| Bitconnnnect|Oh shit
|
|t:|1663441567
|switch|p2a: Toxapex|Toxapex, M|100/100
|-item|p2a: Toxapex|Air Balloon
|move|p1a: Noctowl|Calm Mind|p1a: Noctowl
|-boost|p1a: Noctowl|spa|1
|-boost|p1a: Noctowl|spd|1
|
|upkeep
|turn|4
|l| ACrumbOfSerotonin
|
|t:|1663441571
|move|p1a: Noctowl|Hyper Voice|p2a: Toxapex
|-damage|p2a: Toxapex|67/100
|-enditem|p2a: Toxapex|Air Balloon
|move|p2a: Toxapex|Toxic|p1a: Noctowl
|-status|p1a: Noctowl|tox
|
|-damage|p1a: Noctowl|94/100 tox|[from] psn
|upkeep
|turn|5
|c| Bitconnnnect|Tony, you kept my dragonite <3
|
|t:|1663441583
|switch|p1a: Magneton|Magneton|100/100
|move|p2a: Toxapex|Scald|p1a: Magneton
|-damage|p1a: Magneton|72/100
|-status|p1a: Magneton|brn
|
|-damage|p1a: Magneton|66/100 brn|[from] brn
|upkeep
|turn|6
|j| abcaba
|
|t:|1663441604
|move|p2a: Toxapex|Baneful Bunker|p2a: Toxapex
|-singleturn|p2a: Toxapex|move: Protect
|move|p1a: Magneton|Volt Switch|p2a: Toxapex
|-activate|p2a: Toxapex|move: Protect
|
|-damage|p1a: Magneton|59/100 brn|[from] brn
|upkeep
|turn|7
|
|t:|1663441607
|switch|p2a: Drakloak|Drakloak, F|100/100
|move|p1a: Magneton|Volt Switch|p2a: Drakloak
|-resisted|p2a: Drakloak
|-damage|p2a: Drakloak|47/100
|
|t:|1663441614
|switch|p1a: Noctowl|Noctowl, F|94/100 tox|[from]move: Volt Switch
|
|-heal|p1a: Noctowl|100/100 tox|[from] item: Leftovers
|-damage|p1a: Noctowl|94/100 tox|[from] psn
|upkeep
|turn|8
|
|t:|1663441617
|move|p2a: Drakloak|Outrage|p1a: Noctowl
|-damage|p1a: Noctowl|0 fnt
|faint|p1a: Noctowl
|
|upkeep
|
|t:|1663441622
|switch|p1a: Magneton|Magneton|59/100 brn
|turn|9
|
|t:|1663441625
|move|p2a: Drakloak|Outrage|p1a: Magneton|[from]lockedmove
|-resisted|p1a: Magneton
|-damage|p1a: Magneton|5/100 brn
|-start|p2a: Drakloak|confusion|[fatigue]
|move|p1a: Magneton|Volt Switch|p2a: Drakloak
|-resisted|p2a: Drakloak
|-damage|p2a: Drakloak|0 fnt
|faint|p2a: Drakloak
|
|t:|1663441635
|switch|p1a: Gothita|Gothita, F|100/100|[from]move: Volt Switch
|
|upkeep
|
|t:|1663441641
|switch|p2a: Dragonite|Dragonite, M|100/100
|turn|10
|
|t:|1663441645
|move|p2a: Dragonite|Dragon Dance|p2a: Dragonite
|-boost|p2a: Dragonite|atk|1
|-boost|p2a: Dragonite|spe|1
|move|p1a: Gothita|Thunder Wave|p2a: Dragonite
|-status|p2a: Dragonite|par
|
|upkeep
|turn|11
|
|t:|1663441653
|move|p2a: Dragonite|Dragon Dance|p2a: Dragonite
|-boost|p2a: Dragonite|atk|1
|-boost|p2a: Dragonite|spe|1
|move|p1a: Gothita|Psychic|p2a: Dragonite
|-damage|p2a: Dragonite|90/100 par
|
|upkeep
|turn|12
|
|t:|1663441656
|move|p2a: Dragonite|Dragon Dance|p2a: Dragonite
|-boost|p2a: Dragonite|atk|1
|-boost|p2a: Dragonite|spe|1
|move|p1a: Gothita|Reflect|p1a: Gothita
|-sidestart|p1: Pok et glace|Reflect
|
|upkeep
|turn|13
|
|t:|1663441661
|switch|p1a: Cloyster|Cloyster, M|100/100
|move|p2a: Dragonite|Roost|p2a: Dragonite
|-heal|p2a: Dragonite|100/100 par
|-singleturn|p2a: Dragonite|move: Roost
|
|upkeep
|turn|14
|j|%sundays.n_sundaes
|
|t:|1663441669
|move|p2a: Dragonite|Earthquake|p1a: Cloyster
|-damage|p1a: Cloyster|61/100
|move|p1a: Cloyster|Shell Smash|p1a: Cloyster
|-unboost|p1a: Cloyster|def|1
|-unboost|p1a: Cloyster|spd|1
|-boost|p1a: Cloyster|atk|2
|-boost|p1a: Cloyster|spa|2
|-boost|p1a: Cloyster|spe|2
|-enditem|p1a: Cloyster|White Herb
|-clearnegativeboost|p1a: Cloyster|[silent]
|
|upkeep
|turn|15
|
|t:|1663441673
|move|p1a: Cloyster|Icicle Spear|p2a: Dragonite
|-supereffective|p2a: Dragonite
|-damage|p2a: Dragonite|47/100 par
|-supereffective|p2a: Dragonite
|-damage|p2a: Dragonite|0 fnt
|faint|p2a: Dragonite
|-hitcount|p2: Dragonite|2
|
|upkeep
|
|t:|1663441677
|switch|p2a: Toxapex|Toxapex, M|99/100
|turn|16
|
|t:|1663441680
|move|p1a: Cloyster|Rock Blast|p2a: Toxapex
|-damage|p2a: Toxapex|90/100
|-damage|p2a: Toxapex|81/100
|-damage|p2a: Toxapex|71/100
|-damage|p2a: Toxapex|61/100
|-damage|p2a: Toxapex|52/100
|-hitcount|p2a: Toxapex|5
|move|p2a: Toxapex|Toxic|p1a: Cloyster
|-status|p1a: Cloyster|tox
|
|-damage|p1a: Cloyster|55/100 tox|[from] psn
|-sideend|p1: Pok et glace|Reflect
|upkeep
|turn|17
|
|t:|1663441699
|move|p1a: Cloyster|Shell Smash|p1a: Cloyster
|-unboost|p1a: Cloyster|def|1
|-unboost|p1a: Cloyster|spd|1
|-boost|p1a: Cloyster|atk|2
|-boost|p1a: Cloyster|spa|2
|-boost|p1a: Cloyster|spe|2
|move|p2a: Toxapex|Recover|p2a: Toxapex
|-heal|p2a: Toxapex|100/100
|
|-damage|p1a: Cloyster|43/100 tox|[from] psn
|upkeep
|turn|18
|
|t:|1663441703
|move|p2a: Toxapex|Baneful Bunker|p2a: Toxapex
|-singleturn|p2a: Toxapex|move: Protect
|move|p1a: Cloyster|Rock Blast|p2a: Toxapex
|-activate|p2a: Toxapex|move: Protect
|
|-damage|p1a: Cloyster|24/100 tox|[from] psn
|upkeep
|turn|19
|
|t:|1663441711
|move|p1a: Cloyster|Rock Blast|p2a: Toxapex
|-damage|p2a: Toxapex|86/100
|-damage|p2a: Toxapex|71/100
|-damage|p2a: Toxapex|59/100
|-damage|p2a: Toxapex|44/100
|-damage|p2a: Toxapex|29/100
|-hitcount|p2a: Toxapex|5
|move|p2a: Toxapex|Recover|p2a: Toxapex
|-heal|p2a: Toxapex|79/100
|
|-damage|p1a: Cloyster|0 fnt|[from] psn
|faint|p1a: Cloyster
|upkeep
|l| abcaba
|c|☆Pok et glace|toxapex being insufferable
|
|t:|1663441735
|switch|p1a: Gothita|Gothita, F|100/100
|turn|20
|
|t:|1663441738
|move|p1a: Gothita|Thunder Wave|p2a: Toxapex
|-status|p2a: Toxapex|par
|move|p2a: Toxapex|Toxic|p1a: Gothita
|-status|p1a: Gothita|tox
|
|-damage|p1a: Gothita|94/100 tox|[from] psn
|upkeep
|turn|21
|
|t:|1663441743
|move|p2a: Toxapex|Baneful Bunker|p2a: Toxapex
|-singleturn|p2a: Toxapex|move: Protect
|move|p1a: Gothita|Psychic|p2a: Toxapex
|-activate|p2a: Toxapex|move: Protect
|
|-damage|p1a: Gothita|82/100 tox|[from] psn
|upkeep
|turn|22
|
|t:|1663441746
|switch|p2a: Fletchling|Fletchling, M|100/100
|move|p1a: Gothita|Psychic|p2a: Fletchling
|-damage|p2a: Fletchling|35/100
|
|-damage|p1a: Gothita|64/100 tox|[from] psn
|upkeep
|turn|23
|l| Bitconnnnect
|
|t:|1663441758
|move|p2a: Fletchling|Dual Wingbeat|p1a: Gothita
|-damage|p1a: Gothita|52/100 tox
|-damage|p1a: Gothita|42/100 tox
|-hitcount|p1a: Gothita|2
|move|p1a: Gothita|Psychic|p2a: Fletchling
|-damage|p2a: Fletchling|0 fnt
|faint|p2a: Fletchling
|
|-damage|p1a: Gothita|18/100 tox|[from] psn
|upkeep
|
|t:|1663441761
|switch|p2a: Toxapex|Toxapex, M|100/100 par
|turn|24
|j| Nike2012
|
|t:|1663441764
|move|p2a: Toxapex|Baneful Bunker|p2a: Toxapex
|-singleturn|p2a: Toxapex|move: Protect
|move|p1a: Gothita|Psychic|p2a: Toxapex
|-activate|p2a: Toxapex|move: Protect
|
|-damage|p1a: Gothita|0 fnt|[from] psn
|faint|p1a: Gothita
|upkeep
|c|☆Pok et glace|why do you purposefully lose
|
|t:|1663441777
|switch|p1a: Magneton|Magneton|5/100 brn
|turn|25
|c| Sleeper Sweeper-Z|KO KO KO KO KO KO KO
|c|☆Pok et glace|wtf was baneful bunker that turn
|
|t:|1663441787
|move|p2a: Toxapex|Baneful Bunker||[still]
|-fail|p2a: Toxapex
|move|p1a: Magneton|Thunderbolt|p2a: Toxapex
|-supereffective|p2a: Toxapex
|-damage|p2a: Toxapex|0 fnt
|faint|p2a: Toxapex
|
|win|Pok et glace
|n|☆Pok et glace|poketglace
|n|☆Tonybuffnuts|tonybuffnuts
|n| Lanette Bot ✿|lanettebot
|n| Sleeper Sweeper-Z|sleepersweeperz
|n| revenlay|revenlay
|n| hpl12345|hpl12345
|n| Yimiku|yimiku
|n| Bixee123|bixee123
|n| sundays.n_sundaes|sundaysnsundaes
|n| Nike2012|nike2012
