|j|☆The yubin_bee
|j|☆Bloody Busybody
|t:|1650462776
|gametype|singles
|player|p1|The yubin_bee|cheren|1649
|player|p2|Bloody Busybody|bugcatcher|1634
|teamsize|p1|6
|teamsize|p2|6
|gen|8
|tier|[Gen 8] OU
|rated|
|rule|Sleep Clause Mod: Limit one foe put to sleep
|rule|Species Clause: Limit one of each Pokémon
|rule|OHKO Clause: OHKO moves are banned
|rule|Evasion Moves Clause: Evasion moves are banned
|rule|Endless Battle Clause: Forcing endless battles is banned
|rule|HP Percentage Mod: HP is shown in percentages
|rule|Dynamax Clause: You cannot dynamax
|clearpoke
|poke|p1|Weavile, M|
|poke|p1|Garchomp, M|
|poke|p1|Kartana|
|poke|p1|Dragapult, F|
|poke|p1|Landorus-Therian, M|
|poke|p1|Melmetal|
|poke|p2|Volcanion|
|poke|p2|Corviknight, F|
|poke|p2|Mamoswine, M|
|poke|p2|Blissey, F|
|poke|p2|Rillaboom, F|
|poke|p2|Hydreigon, M|
|teampreview
|inactive|Battle timer is ON: inactive players will automatically lose when time's up. (requested by The yubin_bee)
|j| guttyexe
|j| yb is BETTER
|
|t:|1650462805
|start
|switch|p1a: Shelby|Weavile, M|100/100
|switch|p2a: Volcanion|Volcanion|100/100
|-ability|p1a: Shelby|Pressure
|turn|1
|
|t:|1650462811
|move|p1a: Shelby|Beat Up|p2a: Volcanion
|-damage|p2a: Volcanion|88/100
|-damage|p2a: Volcanion|76/100
|-damage|p2a: Volcanion|61/100
|-damage|p2a: Volcanion|50/100
|-damage|p2a: Volcanion|37/100
|-damage|p2a: Volcanion|24/100
|-hitcount|p2a: Volcanion|6
|move|p2a: Volcanion|Fire Blast|p1a: Shelby
|-supereffective|p1a: Shelby
|-damage|p1a: Shelby|0 fnt
|faint|p1a: Shelby
|
|upkeep
|
|t:|1650462828
|switch|p1a: Escobar|Kartana, shiny|100/100
|turn|2
|
|t:|1650462833
|switch|p2a: Corviknight|Corviknight, F|100/100
|-ability|p2a: Corviknight|Pressure
|move|p1a: Escobar|Knock Off|p2a: Corviknight
|-damage|p2a: Corviknight|74/100
|-damage|p1a: Escobar|84/100|[from] item: Rocky Helmet|[of] p2a: Corviknight
|-enditem|p2a: Corviknight|Rocky Helmet|[from] move: Knock Off|[of] p1a: Escobar
|
|upkeep
|turn|3
|
|t:|1650462839
|switch|p1a: Reddington|Dragapult, F, shiny|100/100
|move|p2a: Corviknight|Roost|p2a: Corviknight
|-heal|p2a: Corviknight|100/100
|-singleturn|p2a: Corviknight|move: Roost
|
|upkeep
|turn|4
|
|t:|1650462842
|switch|p2a: Blissey|Blissey, F|100/100
|move|p1a: Reddington|Shadow Ball|p2a: Blissey
|-immune|p2a: Blissey
|
|upkeep
|turn|5
|
|t:|1650462844
|switch|p1a: El Professor|Landorus-Therian, M|100/100
|-ability|p1a: El Professor|Intimidate|boost
|-unboost|p2a: Blissey|atk|1
|move|p2a: Blissey|Teleport|p2a: Blissey
|
|t:|1650462848
|switch|p2a: Rillaboom|Rillaboom, F|100/100|[from]move: Teleport
|-fieldstart|move: Grassy Terrain|[from] ability: Grassy Surge|[of] p2a: Rillaboom
|
|upkeep
|turn|6
|
|t:|1650462851
|move|p2a: Rillaboom|U-turn|p1a: El Professor
|-resisted|p1a: El Professor
|-damage|p1a: El Professor|86/100
|-damage|p2a: Rillaboom|84/100|[from] item: Rocky Helmet|[of] p1a: El Professor
|
|t:|1650462853
|switch|p2a: Corviknight|Corviknight, F|100/100|[from]move: U-turn
|-ability|p2a: Corviknight|Pressure
|move|p1a: El Professor|U-turn|p2a: Corviknight
|-resisted|p2a: Corviknight
|-crit|p2a: Corviknight
|-damage|p2a: Corviknight|96/100
|
|t:|1650462857
|switch|p1a: Reddington|Dragapult, F, shiny|100/100|[from]move: U-turn
|
|upkeep
|turn|7
|
|t:|1650462861
|move|p1a: Reddington|Thunderbolt|p2a: Corviknight
|-supereffective|p2a: Corviknight
|-damage|p2a: Corviknight|18/100
|move|p2a: Corviknight|U-turn|p1a: Reddington
|-resisted|p1a: Reddington
|-damage|p1a: Reddington|91/100
|
|t:|1650462866
|switch|p2a: Mamoswine|Mamoswine, M|100/100|[from]move: U-turn
|
|-heal|p1a: Reddington|97/100|[from] Grassy Terrain
|upkeep
|turn|8
|
|t:|1650462872
|switch|p1a: El Professor|Landorus-Therian, M|86/100
|-ability|p1a: El Professor|Intimidate|boost
|-unboost|p2a: Mamoswine|atk|1
|move|p2a: Mamoswine|Stealth Rock|p1a: El Professor
|-sidestart|p1: The yubin_bee|move: Stealth Rock
|
|upkeep
|turn|9
|
|t:|1650462879
|move|p2a: Mamoswine|Icicle Crash|p1a: El Professor
|-supereffective|p1a: El Professor
|-damage|p1a: El Professor|8/100
|move|p1a: El Professor|Earthquake|p2a: Mamoswine
|-damage|p2a: Mamoswine|74/100
|
|-heal|p2a: Mamoswine|81/100|[from] Grassy Terrain
|-fieldend|move: Grassy Terrain
|upkeep
|turn|10
|
|t:|1650462888
|move|p2a: Mamoswine|Icicle Crash|p1a: El Professor
|-supereffective|p1a: El Professor
|-damage|p1a: El Professor|0 fnt
|faint|p1a: El Professor
|
|upkeep
|
|t:|1650462892
|switch|p1a: Terminator|Melmetal|100/100
|-damage|p1a: Terminator|94/100|[from] Stealth Rock
|turn|11
|
|t:|1650462900
|switch|p2a: Volcanion|Volcanion|24/100
|move|p1a: Terminator|Double Iron Bash|p2a: Volcanion
|-resisted|p2a: Volcanion
|-damage|p2a: Volcanion|15/100
|-resisted|p2a: Volcanion
|-damage|p2a: Volcanion|6/100
|-hitcount|p2a: Volcanion|2
|
|upkeep
|turn|12
|
|t:|1650462910
|switch|p1a: Reddington|Dragapult, F, shiny|97/100
|-damage|p1a: Reddington|85/100|[from] Stealth Rock
|move|p2a: Volcanion|Steam Eruption|p1a: Reddington
|-resisted|p1a: Reddington
|-damage|p1a: Reddington|26/100
|
|upkeep
|turn|13
|
|t:|1650462912
|switch|p2a: Blissey|Blissey, F|100/100
|move|p1a: Reddington|Shadow Ball|p2a: Blissey
|-immune|p2a: Blissey
|
|upkeep
|turn|14
|
|t:|1650462923
|switch|p1a: Escobar|Kartana, shiny|84/100
|-damage|p1a: Escobar|78/100|[from] Stealth Rock
|move|p2a: Blissey|Teleport|p2a: Blissey
|
|t:|1650462947
|switch|p2a: Rillaboom|Rillaboom, F|84/100|[from]move: Teleport
|-fieldstart|move: Grassy Terrain|[from] ability: Grassy Surge|[of] p2a: Rillaboom
|
|-heal|p1a: Escobar|84/100|[from] Grassy Terrain
|-heal|p2a: Rillaboom|90/100|[from] Grassy Terrain
|upkeep
|turn|15
|
|t:|1650462953
|switch|p1a: Lucifer|Garchomp, M|100/100
|-damage|p1a: Lucifer|94/100|[from] Stealth Rock
|move|p2a: Rillaboom|Knock Off|p1a: Lucifer
|-damage|p1a: Lucifer|37/100
|-damage|p2a: Rillaboom|78/100|[from] ability: Rough Skin|[of] p1a: Lucifer
|-enditem|p1a: Lucifer|Yache Berry|[from] move: Knock Off|[of] p2a: Rillaboom
|
|-heal|p1a: Lucifer|44/100|[from] Grassy Terrain
|-heal|p2a: Rillaboom|84/100|[from] Grassy Terrain
|upkeep
|turn|16
|
|t:|1650462963
|switch|p2a: Volcanion|Volcanion|6/100
|move|p1a: Lucifer|Fire Fang|p2a: Volcanion
|-resisted|p2a: Volcanion
|-crit|p2a: Volcanion
|-damage|p2a: Volcanion|0 fnt
|faint|p2a: Volcanion
|
|-heal|p1a: Lucifer|50/100|[from] Grassy Terrain
|upkeep
|
|t:|1650462971
|switch|p2a: Mamoswine|Mamoswine, M|81/100
|turn|17
|
|t:|1650462977
|move|p2a: Mamoswine|Ice Shard|p1a: Lucifer
|-supereffective|p1a: Lucifer
|-damage|p1a: Lucifer|0 fnt
|faint|p1a: Lucifer
|
|-heal|p2a: Mamoswine|87/100|[from] Grassy Terrain
|upkeep
|
|t:|1650462980
|switch|p1a: Escobar|Kartana, shiny|84/100
|-damage|p1a: Escobar|78/100|[from] Stealth Rock
|turn|18
|j| salmonelephant
|
|t:|1650462987
|switch|p2a: Rillaboom|Rillaboom, F|84/100
|move|p1a: Escobar|Sacred Sword|p2a: Rillaboom
|-damage|p2a: Rillaboom|36/100
|
|-heal|p1a: Escobar|84/100|[from] Grassy Terrain
|-heal|p2a: Rillaboom|42/100|[from] Grassy Terrain
|-fieldend|move: Grassy Terrain
|upkeep
|turn|19
|
|t:|1650463011
|move|p1a: Escobar|Sacred Sword|p2a: Rillaboom
|-damage|p2a: Rillaboom|0 fnt
|faint|p2a: Rillaboom
|-ability|p1a: Escobar|Beast Boost|boost
|-boost|p1a: Escobar|atk|1
|
|upkeep
|c|☆The yubin_bee|its a sacred sword sweep
|inactive|Bloody Busybody has 120 seconds left.
|c|☆Bloody Busybody|yeah i know
|inactive|Bloody Busybody has 90 seconds left.
|c|☆The yubin_bee|u shoulda have kept corvinight healthy
|c|☆Bloody Busybody|yup
|l| salmonelephant
|c|☆The yubin_bee|well gg
|c|☆Bloody Busybody|gg
|-message|Bloody Busybody forfeited.
|
|win|The yubin_bee
|raw|The yubin_bee's rating: 1649 &rarr; <strong>1668</strong><br />(+19 for winning)
|raw|Bloody Busybody's rating: 1634 &rarr; <strong>1615</strong><br />(-19 for losing)
|l|☆Bloody Busybody
|j| ID Uc207Pr4f57t9
|l|☆The yubin_bee
