|j|☆Spectre Ace
|j|☆Goku Raw
|t:|1664580696
|gametype|singles
|player|p1|Spectre Ace|juggler|1552
|player|p2|Goku Raw|101|1596
|teamsize|p1|6
|teamsize|p2|6
|gen|8
|tier|[Gen 8] OU
|rated|
|rule|Sleep Clause Mod: Limit one foe put to sleep
|rule|Species Clause: Limit one of each Pokémon
|rule|OHKO Clause: OHKO moves are banned
|rule|Evasion Items Clause: Evasion items are banned
|rule|Evasion Moves Clause: Evasion moves are banned
|rule|Endless Battle Clause: Forcing endless battles is banned
|rule|HP Percentage Mod: HP is shown in percentages
|rule|Dynamax Clause: You cannot dynamax
|clearpoke
|poke|p1|Landorus-Therian, M|
|poke|p1|Ferrothorn, M|
|poke|p1|Volcanion|
|poke|p1|Raichu-Alola, F|
|poke|p1|Tapu Koko|
|poke|p1|Clefable, F|
|poke|p2|Ferrothorn, F|
|poke|p2|Victini|
|poke|p2|Tapu Fini|
|poke|p2|Landorus-Therian, M|
|poke|p2|Buzzwole|
|poke|p2|Gengar, F|
|teampreview
|
|t:|1664580715
|start
|switch|p1a: Engine|Volcanion|100/100
|switch|p2a: Gengar|Gengar, F|100/100
|turn|1
|
|t:|1664580726
|switch|p2a: Tapu Fini|Tapu Fini|100/100
|-fieldstart|move: Misty Terrain|[from] ability: Misty Surge|[of] p2a: Tapu Fini
|move|p1a: Engine|Earth Power|p2a: Tapu Fini
|-damage|p2a: Tapu Fini|80/100
|
|-heal|p2a: Tapu Fini|86/100|[from] item: Leftovers
|upkeep
|turn|2
|
|t:|1664580737
|move|p1a: Engine|Sludge Wave|p2a: Tapu Fini
|-supereffective|p2a: Tapu Fini
|-damage|p2a: Tapu Fini|39/100
|move|p2a: Tapu Fini|Knock Off|p1a: Engine
|-damage|p1a: Engine|85/100
|-enditem|p1a: Engine|Heavy-Duty Boots|[from] move: Knock Off|[of] p2a: Tapu Fini
|
|-heal|p2a: Tapu Fini|46/100|[from] item: Leftovers
|upkeep
|turn|3
|
|t:|1664580751
|move|p1a: Engine|Sludge Wave|p2a: Tapu Fini
|-supereffective|p2a: Tapu Fini
|-damage|p2a: Tapu Fini|3/100
|move|p2a: Tapu Fini|Moonblast|p1a: Engine
|-resisted|p1a: Engine
|-damage|p1a: Engine|67/100
|
|-heal|p2a: Tapu Fini|9/100|[from] item: Leftovers
|upkeep
|turn|4
|
|t:|1664580763
|move|p1a: Engine|Steam Eruption|p2a: Tapu Fini
|-resisted|p2a: Tapu Fini
|-damage|p2a: Tapu Fini|0 fnt
|faint|p2a: Tapu Fini
|
|upkeep
|
|t:|1664580771
|switch|p2a: Buzzwole|Buzzwole|100/100
|turn|5
|
|t:|1664580782
|switch|p1a: Clefable|Clefable, F|100/100
|move|p2a: Buzzwole|Close Combat|p1a: Clefable
|-resisted|p1a: Clefable
|-crit|p1a: Clefable
|-damage|p1a: Clefable|33/100
|-unboost|p2a: Buzzwole|def|1
|-unboost|p2a: Buzzwole|spd|1
|
|-fieldend|Misty Terrain
|upkeep
|turn|6
|
|t:|1664580793
|switch|p1a: Amadeus|Landorus-Therian, M|100/100
|-ability|p1a: Amadeus|Intimidate|boost
|-unboost|p2a: Buzzwole|atk|1
|move|p2a: Buzzwole|Close Combat|p1a: Amadeus
|-resisted|p1a: Amadeus
|-damage|p1a: Amadeus|66/100
|-unboost|p2a: Buzzwole|def|1
|-unboost|p2a: Buzzwole|spd|1
|
|-heal|p1a: Amadeus|72/100|[from] item: Leftovers
|upkeep
|turn|7
|
|t:|1664580817
|switch|p2a: Landorus|Landorus-Therian, M|100/100
|-ability|p2a: Landorus|Intimidate|boost
|-unboost|p1a: Amadeus|atk|1
|move|p1a: Amadeus|U-turn|p2a: Landorus
|-resisted|p2a: Landorus
|-damage|p2a: Landorus|92/100
|
|t:|1664580821
|switch|p1a: Engine|Volcanion|67/100|[from]move: U-turn
|
|-heal|p2a: Landorus|98/100|[from] item: Leftovers
|upkeep
|turn|8
|
|t:|1664580830
|move|p2a: Landorus|Earthquake|p1a: Engine
|-supereffective|p1a: Engine
|-crit|p1a: Engine
|-damage|p1a: Engine|0 fnt
|faint|p1a: Engine
|
|-heal|p2a: Landorus|100/100|[from] item: Leftovers
|upkeep
|
|t:|1664580833
|switch|p1a: Sundowner|Ferrothorn, M, shiny|100/100
|turn|9
|
|t:|1664580851
|move|p2a: Landorus|Swords Dance|p2a: Landorus
|-boost|p2a: Landorus|atk|2
|move|p1a: Sundowner|Spikes|p2a: Landorus
|-sidestart|p2: Goku Raw|Spikes
|
|upkeep
|turn|10
|
|t:|1664580857
|move|p2a: Landorus|Earthquake|p1a: Sundowner
|-damage|p1a: Sundowner|20/100
|move|p1a: Sundowner|Gyro Ball|p2a: Landorus
|-damage|p2a: Landorus|45/100
|
|-heal|p2a: Landorus|51/100|[from] item: Leftovers
|-heal|p1a: Sundowner|26/100|[from] item: Leftovers
|upkeep
|turn|11
|
|t:|1664580869
|switch|p1a: Clefable|Clefable, F|33/100
|move|p2a: Landorus|Knock Off|p1a: Clefable
|-resisted|p1a: Clefable
|-damage|p1a: Clefable|16/100
|-enditem|p1a: Clefable|Heavy-Duty Boots|[from] move: Knock Off|[of] p2a: Landorus
|
|-heal|p2a: Landorus|57/100|[from] item: Leftovers
|upkeep
|turn|12
|
|t:|1664580879
|move|p2a: Landorus|Earthquake|p1a: Clefable
|-damage|p1a: Clefable|0 fnt
|faint|p1a: Clefable
|
|-heal|p2a: Landorus|63/100|[from] item: Leftovers
|upkeep
|
|t:|1664580880
|switch|p1a: Valentine|Raichu-Alola, F, shiny|100/100
|turn|13
|
|t:|1664580890
|switch|p2a: Ferrothorn|Ferrothorn, F|100/100
|-damage|p2a: Ferrothorn|88/100|[from] Spikes
|move|p1a: Valentine|Surf|p2a: Ferrothorn
|-resisted|p2a: Ferrothorn
|-damage|p2a: Ferrothorn|77/100
|-damage|p1a: Valentine|91/100|[from] item: Life Orb
|
|-heal|p2a: Ferrothorn|83/100|[from] item: Leftovers
|upkeep
|turn|14
|
|t:|1664580902
|switch|p1a: Amadeus|Landorus-Therian, M|72/100
|-ability|p1a: Amadeus|Intimidate|boost
|-unboost|p2a: Ferrothorn|atk|1
|move|p2a: Ferrothorn|Gyro Ball|p1a: Amadeus
|-damage|p1a: Amadeus|44/100
|
|-heal|p1a: Amadeus|50/100|[from] item: Leftovers
|-heal|p2a: Ferrothorn|89/100|[from] item: Leftovers
|upkeep
|turn|15
|
|t:|1664580915
|move|p1a: Amadeus|Earthquake|p2a: Ferrothorn
|-damage|p2a: Ferrothorn|52/100
|move|p2a: Ferrothorn|Stealth Rock|p1a: Amadeus
|-sidestart|p1: Spectre Ace|move: Stealth Rock
|
|-heal|p1a: Amadeus|56/100|[from] item: Leftovers
|-heal|p2a: Ferrothorn|59/100|[from] item: Leftovers
|upkeep
|turn|16
|
|t:|1664580925
|move|p1a: Amadeus|Earthquake|p2a: Ferrothorn
|-damage|p2a: Ferrothorn|20/100
|move|p2a: Ferrothorn|Leech Seed|p1a: Amadeus
|-start|p1a: Amadeus|move: Leech Seed
|
|-heal|p1a: Amadeus|62/100|[from] item: Leftovers
|-heal|p2a: Ferrothorn|26/100|[from] item: Leftovers
|-damage|p1a: Amadeus|50/100|[from] Leech Seed|[of] p2a: Ferrothorn
|-heal|p2a: Ferrothorn|39/100|[silent]
|upkeep
|turn|17
|
|t:|1664580939
|switch|p2a: Landorus|Landorus-Therian, M|63/100
|-ability|p2a: Landorus|Intimidate|boost
|-unboost|p1a: Amadeus|atk|1
|move|p1a: Amadeus|Earthquake|p2a: Landorus
|-immune|p2a: Landorus
|
|-heal|p2a: Landorus|69/100|[from] item: Leftovers
|-heal|p1a: Amadeus|56/100|[from] item: Leftovers
|-damage|p1a: Amadeus|44/100|[from] Leech Seed|[of] p2a: Landorus
|-heal|p2a: Landorus|84/100|[silent]
|upkeep
|turn|18
|
|t:|1664580951
|move|p2a: Landorus|Earthquake|p1a: Amadeus
|-immune|p1a: Amadeus
|move|p1a: Amadeus|Toxic|p2a: Landorus
|-status|p2a: Landorus|tox
|
|-heal|p2a: Landorus|90/100 tox|[from] item: Leftovers
|-heal|p1a: Amadeus|50/100|[from] item: Leftovers
|-damage|p1a: Amadeus|38/100|[from] Leech Seed|[of] p2a: Landorus
|-heal|p2a: Landorus|100/100 tox|[silent]
|-damage|p2a: Landorus|94/100 tox|[from] psn
|upkeep
|turn|19
|
|t:|1664580964
|move|p2a: Landorus|Earthquake|p1a: Amadeus
|-immune|p1a: Amadeus
|move|p1a: Amadeus|U-turn|p2a: Landorus
|-resisted|p2a: Landorus
|-damage|p2a: Landorus|86/100 tox
|
|t:|1664580966
|switch|p1a: Sundowner|Ferrothorn, M, shiny|26/100|[from]move: U-turn
|-damage|p1a: Sundowner|20/100|[from] Stealth Rock
|
|-heal|p2a: Landorus|92/100 tox|[from] item: Leftovers
|-heal|p1a: Sundowner|26/100|[from] item: Leftovers
|-damage|p2a: Landorus|80/100 tox|[from] psn
|upkeep
|turn|20
|
|t:|1664580983
|switch|p1a: Amadeus|Landorus-Therian, M|38/100
|-damage|p1a: Amadeus|25/100|[from] Stealth Rock
|-ability|p1a: Amadeus|Intimidate|boost
|-unboost|p2a: Landorus|atk|1
|move|p2a: Landorus|Stone Edge|p1a: Amadeus
|-damage|p1a: Amadeus|1/100
|
|-heal|p2a: Landorus|86/100 tox|[from] item: Leftovers
|-heal|p1a: Amadeus|7/100|[from] item: Leftovers
|-damage|p2a: Landorus|68/100 tox|[from] psn
|upkeep
|turn|21
|
|t:|1664580999
|switch|p1a: Sundowner|Ferrothorn, M, shiny|26/100
|-damage|p1a: Sundowner|20/100|[from] Stealth Rock
|move|p2a: Landorus|Stone Edge|p1a: Sundowner
|-resisted|p1a: Sundowner
|-damage|p1a: Sundowner|11/100
|
|-heal|p2a: Landorus|74/100 tox|[from] item: Leftovers
|-heal|p1a: Sundowner|17/100|[from] item: Leftovers
|-damage|p2a: Landorus|50/100 tox|[from] psn
|upkeep
|turn|22
|
|t:|1664581013
|switch|p2a: Victini|Victini|100/100
|-damage|p2a: Victini|88/100|[from] Spikes
|move|p1a: Sundowner|Spikes|p2a: Victini
|-sidestart|p2: Goku Raw|Spikes
|
|-heal|p1a: Sundowner|23/100|[from] item: Leftovers
|upkeep
|turn|23
|
|t:|1664581027
|switch|p1a: Amadeus|Landorus-Therian, M|7/100
|-damage|p1a: Amadeus|0 fnt|[from] Stealth Rock
|faint|p1a: Amadeus
|move|p2a: Victini|Blue Flare|p1: Amadeus|[notarget]
|-fail|p2a: Victini
|
|upkeep
|
|t:|1664581030
|switch|p1a: Booker|Tapu Koko|100/100
|-damage|p1a: Booker|88/100|[from] Stealth Rock
|-fieldstart|move: Electric Terrain|[from] ability: Electric Surge|[of] p1a: Booker
|turn|24
|
|t:|1664581045
|move|p1a: Booker|Thunderbolt|p2a: Victini
|-damage|p2a: Victini|37/100
|move|p2a: Victini|Blue Flare|p1a: Booker
|-damage|p1a: Booker|0 fnt
|faint|p1a: Booker
|
|upkeep
|
|t:|1664581050
|switch|p1a: Valentine|Raichu-Alola, F, shiny|91/100
|-damage|p1a: Valentine|78/100|[from] Stealth Rock
|turn|25
|
|t:|1664581064
|switch|p2a: Ferrothorn|Ferrothorn, F|39/100
|-damage|p2a: Ferrothorn|23/100|[from] Spikes
|move|p1a: Valentine|Surf|p2a: Ferrothorn
|-resisted|p2a: Ferrothorn
|-damage|p2a: Ferrothorn|11/100
|-damage|p1a: Valentine|68/100|[from] item: Life Orb
|
|-heal|p2a: Ferrothorn|17/100|[from] item: Leftovers
|upkeep
|turn|26
|
|t:|1664581078
|move|p1a: Valentine|Rising Voltage|p2a: Ferrothorn
|-hint|Rising Voltage's BP doubled on grounded target.
|-resisted|p2a: Ferrothorn
|-damage|p2a: Ferrothorn|0 fnt
|faint|p2a: Ferrothorn
|-damage|p1a: Valentine|58/100|[from] item: Life Orb
|
|upkeep
|
|t:|1664581091
|switch|p2a: Gengar|Gengar, F|100/100
|-damage|p2a: Gengar|84/100|[from] Spikes
|turn|27
|l|☆Spectre Ace
|player|p1|
|j|☆Spectre Ace
|player|p1|Spectre Ace|juggler
|
|t:|1664581121
|switch|p2a: Landorus|Landorus-Therian, M|50/100 tox
|-ability|p2a: Landorus|Intimidate|boost
|-unboost|p1a: Valentine|atk|1
|move|p1a: Valentine|Psyshock|p2a: Landorus
|-damage|p2a: Landorus|0 fnt
|faint|p2a: Landorus
|-damage|p1a: Valentine|48/100|[from] item: Life Orb
|
|upkeep
|inactive|Battle timer is ON: inactive players will automatically lose when time's up. (requested by Spectre Ace)
|
|t:|1664581144
|switch|p2a: Gengar|Gengar, F|84/100
|-damage|p2a: Gengar|68/100|[from] Spikes
|turn|28
|
|t:|1664581154
|switch|p2a: Victini|Victini|37/100
|-damage|p2a: Victini|21/100|[from] Spikes
|move|p1a: Valentine|Rising Voltage|p2a: Victini
|-hint|Rising Voltage's BP doubled on grounded target.
|-damage|p2a: Victini|0 fnt
|faint|p2a: Victini
|-damage|p1a: Valentine|38/100|[from] item: Life Orb
|
|upkeep
|inactive|Goku Raw has 120 seconds left.
|
|t:|1664581194
|switch|p2a: Buzzwole|Buzzwole|100/100
|-damage|p2a: Buzzwole|84/100|[from] Spikes
|turn|29
|
|t:|1664581202
|move|p1a: Valentine|Rising Voltage|p2a: Buzzwole
|-hint|Rising Voltage's BP doubled on grounded target.
|-damage|p2a: Buzzwole|0 fnt
|faint|p2a: Buzzwole
|-damage|p1a: Valentine|28/100|[from] item: Life Orb
|
|upkeep
|
|t:|1664581209
|switch|p2a: Gengar|Gengar, F|68/100
|-damage|p2a: Gengar|51/100|[from] Spikes
|turn|30
|inactive|Goku Raw has 120 seconds left.
|c|☆Spectre Ace|Gg
|
|t:|1664581215
|move|p1a: Valentine|Rising Voltage|p2a: Gengar
|-hint|Rising Voltage's BP doubled on grounded target.
|-damage|p2a: Gengar|0 fnt
|faint|p2a: Gengar
|-damage|p1a: Valentine|19/100|[from] item: Life Orb
|
|win|Spectre Ace
|raw|Spectre Ace's rating: 1552 &rarr; <strong>1575</strong><br />(+23 for winning)
|raw|Goku Raw's rating: 1596 &rarr; <strong>1573</strong><br />(-23 for losing)
|l|☆Goku Raw
||Ladder isn't responding, score probably updated but might not have (Request timeout).
