|j|☆poggers42069
|j|☆soap776
|t:|1633904136
|gametype|singles
|player|p1|poggers42069|red|1296
|player|p2|soap776|nate|1320
|teamsize|p1|6
|teamsize|p2|6
|gen|8
|tier|[Gen 8] OU
|rated|
|rule|Sleep Clause Mod: Limit one foe put to sleep
|rule|Species Clause: Limit one of each Pokémon
|rule|OHKO Clause: OHKO moves are banned
|rule|Evasion Moves Clause: Evasion moves are banned
|rule|Endless Battle Clause: Forcing endless battles is banned
|rule|HP Percentage Mod: HP is shown in percentages
|rule|Dynamax Clause: You cannot dynamax
|clearpoke
|poke|p1|Kartana|
|poke|p1|Gengar, F|
|poke|p1|Slowbro, F|
|poke|p1|Zapdos|
|poke|p1|Melmetal|
|poke|p1|Landorus-Therian, M|
|poke|p2|Barraskewda, M|
|poke|p2|Garchomp, M|
|poke|p2|Ferrothorn, F|
|poke|p2|Thundurus-Therian, M|
|poke|p2|Tornadus, M|
|poke|p2|Pelipper, M|
|teampreview
|
|t:|1633904142
|start
|switch|p1a: Zapdos|Zapdos|100/100
|switch|p2a: Ferrothorn|Ferrothorn, F|100/100
|turn|1
|
|t:|1633904147
|switch|p2a: Pelipper|Pelipper, M|100/100
|-weather|RainDance|[from] ability: Drizzle|[of] p2a: Pelipper
|move|p1a: Zapdos|Discharge|p2a: Pelipper
|-supereffective|p2a: Pelipper
|-damage|p2a: Pelipper|0 fnt
|faint|p2a: Pelipper
|
|-weather|RainDance|[upkeep]
|upkeep
|
|t:|1633904160
|switch|p2a: Ferrothorn|Ferrothorn, F|100/100
|turn|2
|
|t:|1633904168
|switch|p1a: Landorus|Landorus-Therian, M|100/100
|-ability|p1a: Landorus|Intimidate|boost
|-unboost|p2a: Ferrothorn|atk|1
|move|p2a: Ferrothorn|Knock Off|p1a: Landorus
|-damage|p1a: Landorus|88/100
|-enditem|p1a: Landorus|Leftovers|[from] move: Knock Off|[of] p2a: Ferrothorn
|
|-weather|RainDance|[upkeep]
|upkeep
|turn|3
|
|t:|1633904176
|move|p1a: Landorus|Stealth Rock|p2a: Ferrothorn
|-sidestart|p2: soap776|move: Stealth Rock
|move|p2a: Ferrothorn|Stealth Rock|p1a: Landorus
|-sidestart|p1: poggers42069|move: Stealth Rock
|
|-weather|RainDance|[upkeep]
|upkeep
|turn|4
|
|t:|1633904181
|move|p1a: Landorus|Earthquake|p2a: Ferrothorn
|-damage|p2a: Ferrothorn|68/100
|move|p2a: Ferrothorn|Knock Off|p1a: Landorus
|-damage|p1a: Landorus|78/100
|
|-weather|RainDance|[upkeep]
|upkeep
|turn|5
|
|t:|1633904186
|move|p1a: Landorus|Earthquake|p2a: Ferrothorn
|-damage|p2a: Ferrothorn|30/100
|move|p2a: Ferrothorn|Leech Seed|p1a: Landorus
|-start|p1a: Landorus|move: Leech Seed
|
|-weather|RainDance|[upkeep]
|-damage|p1a: Landorus|66/100|[from] Leech Seed|[of] p2a: Ferrothorn
|-heal|p2a: Ferrothorn|44/100|[silent]
|upkeep
|turn|6
|
|t:|1633904195
|switch|p2a: Garchomp|Garchomp, M|100/100
|-damage|p2a: Garchomp|94/100|[from] Stealth Rock
|move|p1a: Landorus|Earthquake|p2a: Garchomp
|-damage|p2a: Garchomp|48/100
|
|-weather|RainDance|[upkeep]
|-heal|p2a: Garchomp|54/100|[from] item: Leftovers
|-damage|p1a: Landorus|54/100|[from] Leech Seed|[of] p2a: Garchomp
|-heal|p2a: Garchomp|67/100|[silent]
|upkeep
|turn|7
|
|t:|1633904204
|switch|p1a: Slowbro|Slowbro, F|100/100
|-damage|p1a: Slowbro|88/100|[from] Stealth Rock
|move|p2a: Garchomp|Aqua Tail|p1a: Slowbro
|-resisted|p1a: Slowbro
|-damage|p1a: Slowbro|75/100
|-damage|p2a: Garchomp|51/100|[from] item: Rocky Helmet|[of] p1a: Slowbro
|
|-weather|RainDance|[upkeep]
|-heal|p2a: Garchomp|57/100|[from] item: Leftovers
|upkeep
|turn|8
|
|t:|1633904218
|switch|p2a: Thundurus|Thundurus-Therian, M|100/100
|move|p1a: Slowbro|Future Sight|p2a: Thundurus
|-start|p1a: Slowbro|move: Future Sight
|
|-weather|none
|upkeep
|turn|9
|
|t:|1633904231
|switch|p2a: Tornadus|Tornadus, M|100/100
|-damage|p2a: Tornadus|76/100|[from] Stealth Rock
|switch|p1a: Landorus|Landorus-Therian, M|54/100
|-damage|p1a: Landorus|41/100|[from] Stealth Rock
|-ability|p1a: Landorus|Intimidate|boost
|-unboost|p2a: Tornadus|atk|1
|
|upkeep
|turn|10
|
|t:|1633904240
|move|p2a: Tornadus|U-turn|p1a: Landorus
|-resisted|p1a: Landorus
|-damage|p1a: Landorus|36/100
|
|t:|1633904243
|switch|p2a: Thundurus|Thundurus-Therian, M|100/100|[from]move: U-turn
|move|p1a: Landorus|Knock Off|p2a: Thundurus
|-damage|p2a: Thundurus|55/100
|-enditem|p2a: Thundurus|Heavy-Duty Boots|[from] move: Knock Off|[of] p1a: Landorus
|
|-end|p2a: Thundurus|move: Future Sight
|-damage|p2a: Thundurus|0 fnt
|faint|p2a: Thundurus
|upkeep
|
|t:|1633904250
|switch|p2a: Tornadus|Tornadus, M|76/100
|-damage|p2a: Tornadus|51/100|[from] Stealth Rock
|turn|11
|
|t:|1633904255
|move|p2a: Tornadus|U-turn|p1a: Landorus
|-resisted|p1a: Landorus
|-damage|p1a: Landorus|28/100
|-message|soap776 forfeited.
|
|win|poggers42069
|raw|poggers42069's rating: 1296 &rarr; <strong>1323</strong><br />(+27 for winning)
|raw|soap776's rating: 1320 &rarr; <strong>1299</strong><br />(-21 for losing)
|l|☆soap776
||Ladder isn't responding, score probably updated but might not have (Request timeout).
