|j|☆Ahsan-219
|j|☆Meroz
|player|p1|Ahsan-219|clemont|1704
|player|p2|Meroz|265|1772
|teamsize|p1|6
|teamsize|p2|6
|gametype|singles
|gen|8
|tier|[Gen 8] OU
|rated|
|clearpoke
|poke|p1|Urshifu-*, M|
|poke|p1|Corviknight, M|
|poke|p1|Hippowdon, M|
|poke|p1|Toxapex, F|
|poke|p1|Dragapult, M|
|poke|p1|Magearna|
|poke|p2|Gengar, M|
|poke|p2|Magearna|
|poke|p2|Kommo-o, F|
|poke|p2|Terrakion|
|poke|p2|Comfey, F|
|poke|p2|Cinderace, M|
|rule|Sleep Clause Mod: Limit one foe put to sleep
|rule|Species Clause: Limit one of each Pokémon
|rule|OHKO Clause: OHKO moves are banned
|rule|Evasion Moves Clause: Evasion moves are banned
|rule|Endless Battle Clause: Forcing endless battles is banned
|rule|HP Percentage Mod: HP is shown in percentages
|rule|Dynamax Clause: You cannot dynamax
|teampreview
|inactive|Battle timer is ON: inactive players will automatically lose when time's up. (requested by Ahsan-219)
|
|start
|switch|p1a: Dragapult|Dragapult, M|100/100
|switch|p2a: Kommo-o|Kommo-o, F|100/100
|turn|1
|
|switch|p2a: Magearna|Magearna|100/100
|move|p1a: Dragapult|Draco Meteor|p2a: Magearna
|-immune|p2a: Magearna
|
|upkeep
|turn|2
|
|move|p1a: Dragapult|U-turn|p2a: Magearna
|-resisted|p2a: Magearna
|-damage|p2a: Magearna|98/100
|j| egalvanc
|
|switch|p1a: Magearna|Magearna|100/100|[from]move: U-turn
|move|p2a: Magearna|Volt Switch|p1a: Magearna
|-damage|p1a: Magearna|88/100
|
|switch|p2a: Cinderace|Cinderace, M|100/100|[from]move: Volt Switch
|
|-heal|p1a: Magearna|94/100|[from] item: Leftovers
|upkeep
|turn|3
|j| srock turn 1
|
|switch|p1a: Hippowdon|Hippowdon, M|100/100
|-weather|Sandstorm|[from] ability: Sand Stream|[of] p1a: Hippowdon
|move|p2a: Cinderace|U-turn|p1a: Hippowdon
|-start|p2a: Cinderace|typechange|Bug|[from] ability: Libero
|-damage|p1a: Hippowdon|83/100
|-damage|p2a: Cinderace|84/100|[from] item: Rocky Helmet|[of] p1a: Hippowdon
|
|switch|p2a: Kommo-o|Kommo-o, F|100/100|[from]move: U-turn
|
|-weather|Sandstorm|[upkeep]
|-damage|p2a: Kommo-o|94/100|[from] Sandstorm
|-heal|p2a: Kommo-o|100/100|[from] item: Leftovers
|upkeep
|turn|4
|
|move|p2a: Kommo-o|Toxic|p1a: Hippowdon
|-status|p1a: Hippowdon|tox
|move|p1a: Hippowdon|Stealth Rock|p2a: Kommo-o
|-sidestart|p2: Meroz|move: Stealth Rock
|
|-weather|Sandstorm|[upkeep]
|-damage|p2a: Kommo-o|94/100|[from] Sandstorm
|-heal|p2a: Kommo-o|100/100|[from] item: Leftovers
|-damage|p1a: Hippowdon|76/100 tox|[from] psn
|upkeep
|turn|5
|
|switch|p1a: Magearna|Magearna|94/100
|move|p2a: Kommo-o|Stealth Rock|p1a: Magearna
|-sidestart|p1: Ahsan-219|move: Stealth Rock
|
|-weather|Sandstorm|[upkeep]
|-damage|p2a: Kommo-o|94/100|[from] Sandstorm
|-heal|p2a: Kommo-o|100/100|[from] item: Leftovers
|-heal|p1a: Magearna|100/100|[from] item: Leftovers
|upkeep
|turn|6
|
|switch|p2a: Cinderace|Cinderace, M|84/100
|move|p1a: Magearna|Iron Defense|p1a: Magearna
|-boost|p1a: Magearna|def|2
|
|-weather|Sandstorm|[upkeep]
|-damage|p2a: Cinderace|78/100|[from] Sandstorm
|upkeep
|turn|7
|
|move|p2a: Cinderace|U-turn|p1a: Magearna
|-start|p2a: Cinderace|typechange|Bug|[from] ability: Libero
|-resisted|p1a: Magearna
|-damage|p1a: Magearna|97/100
|
|switch|p2a: Comfey|Comfey, F|100/100|[from]move: U-turn
|-damage|p2a: Comfey|88/100|[from] Stealth Rock
|move|p1a: Magearna|Iron Defense|p1a: Magearna
|-boost|p1a: Magearna|def|2
|
|-weather|none
|-heal|p1a: Magearna|100/100|[from] item: Leftovers
|upkeep
|turn|8
|
|move|p2a: Comfey|Encore|p1a: Magearna
|-start|p1a: Magearna|Encore
|move|p1a: Magearna|Iron Defense|p1a: Magearna
|-boost|p1a: Magearna|def|2
|
|upkeep
|turn|9
|
|move|p2a: Comfey|Calm Mind|p2a: Comfey
|-boost|p2a: Comfey|spa|1
|-boost|p2a: Comfey|spd|1
|move|p1a: Magearna|Iron Defense|p1a: Magearna
|-boost|p1a: Magearna|def|0
|
|upkeep
|turn|10
|
|switch|p1a: Have Fun|Toxapex, F|100/100
|-damage|p1a: Have Fun|88/100|[from] Stealth Rock
|move|p2a: Comfey|Calm Mind|p2a: Comfey
|-boost|p2a: Comfey|spa|1
|-boost|p2a: Comfey|spd|1
|
|-heal|p1a: Have Fun|94/100|[from] item: Black Sludge
|upkeep
|turn|11
|
|move|p2a: Comfey|Giga Drain|p1a: Have Fun
|-damage|p1a: Have Fun|55/100
|-heal|p2a: Comfey|100/100|[from] drain|[of] p1a: Have Fun
|-damage|p2a: Comfey|91/100|[from] item: Life Orb
|move|p1a: Have Fun|Toxic|p2a: Comfey
|-status|p2a: Comfey|tox
|
|-heal|p1a: Have Fun|61/100|[from] item: Black Sludge
|-damage|p2a: Comfey|84/100 tox|[from] psn
|upkeep
|turn|12
|
|move|p2a: Comfey|Encore|p1a: Have Fun
|-start|p1a: Have Fun|Encore
|move|p1a: Have Fun|Toxic|p2a: Comfey
|-fail|p2a: Comfey|tox
|
|-heal|p1a: Have Fun|67/100|[from] item: Black Sludge
|-damage|p2a: Comfey|72/100 tox|[from] psn
|upkeep
|turn|13
|
|switch|p2a: Gengar|Gengar, M|100/100
|-damage|p2a: Gengar|88/100|[from] Stealth Rock
|move|p1a: Have Fun|Toxic|p2a: Gengar
|-immune|p2a: Gengar
|
|-heal|p2a: Gengar|94/100|[from] item: Black Sludge
|-heal|p1a: Have Fun|73/100|[from] item: Black Sludge
|upkeep
|turn|14
|
|switch|p1a: Dragapult|Dragapult, M|100/100
|-damage|p1a: Dragapult|88/100|[from] Stealth Rock
|move|p2a: Gengar|Shadow Ball|p1a: Dragapult
|-supereffective|p1a: Dragapult
|-damage|p1a: Dragapult|0 fnt
|faint|p1a: Dragapult
|
|-heal|p2a: Gengar|100/100|[from] item: Black Sludge
|upkeep
|
|switch|p1a: Urshifu|Urshifu, M|100/100
|-damage|p1a: Urshifu|94/100|[from] Stealth Rock
|turn|15
|
|switch|p2a: Kommo-o|Kommo-o, F|100/100
|-damage|p2a: Kommo-o|94/100|[from] Stealth Rock
|move|p1a: Urshifu|U-turn|p2a: Kommo-o
|-resisted|p2a: Kommo-o
|-damage|p2a: Kommo-o|83/100
|
|switch|p1a: Magearna|Magearna|100/100|[from]move: U-turn
|-damage|p1a: Magearna|94/100|[from] Stealth Rock
|
|-heal|p2a: Kommo-o|89/100|[from] item: Leftovers
|-heal|p1a: Magearna|100/100|[from] item: Leftovers
|upkeep
|turn|16
|
|switch|p2a: Comfey|Comfey, F|72/100 tox
|-damage|p2a: Comfey|60/100 tox|[from] Stealth Rock
|move|p1a: Magearna|Iron Defense|p1a: Magearna
|-boost|p1a: Magearna|def|2
|
|-damage|p2a: Comfey|53/100 tox|[from] psn
|upkeep
|turn|17
|
|move|p2a: Comfey|Encore|p1a: Magearna
|-start|p1a: Magearna|Encore
|move|p1a: Magearna|Iron Defense|p1a: Magearna
|-boost|p1a: Magearna|def|2
|
|-damage|p2a: Comfey|41/100 tox|[from] psn
|upkeep
|turn|18
|
|move|p2a: Comfey|Calm Mind|p2a: Comfey
|-boost|p2a: Comfey|spa|1
|-boost|p2a: Comfey|spd|1
|move|p1a: Magearna|Iron Defense|p1a: Magearna
|-boost|p1a: Magearna|def|2
|
|-damage|p2a: Comfey|22/100 tox|[from] psn
|upkeep
|turn|19
|
|move|p2a: Comfey|Draining Kiss|p1a: Magearna
|-resisted|p1a: Magearna
|-damage|p1a: Magearna|88/100
|-heal|p2a: Comfey|33/100 tox|[from] drain|[of] p1a: Magearna
|-damage|p2a: Comfey|23/100 tox|[from] item: Life Orb
|move|p1a: Magearna|Iron Defense|p1a: Magearna
|-boost|p1a: Magearna|def|0
|
|-heal|p1a: Magearna|94/100|[from] item: Leftovers
|-damage|p2a: Comfey|0 fnt|[from] psn
|faint|p2a: Comfey
|-ability|p1a: Magearna|Soul-Heart|boost
|-boost|p1a: Magearna|spa|1
|-end|p1a: Magearna|Encore
|upkeep
|
|switch|p2a: Gengar|Gengar, M|100/100
|-damage|p2a: Gengar|88/100|[from] Stealth Rock
|turn|20
|
|switch|p2a: Magearna|Magearna|98/100
|-damage|p2a: Magearna|92/100|[from] Stealth Rock
|move|p1a: Magearna|Stored Power|p2a: Magearna
|-resisted|p2a: Magearna
|-crit|p2a: Magearna
|-damage|p2a: Magearna|55/100
|
|-heal|p1a: Magearna|100/100|[from] item: Leftovers
|upkeep
|turn|21
|
|move|p1a: Magearna|Calm Mind|p1a: Magearna
|-boost|p1a: Magearna|spa|1
|-boost|p1a: Magearna|spd|1
|move|p2a: Magearna|Volt Switch|p1a: Magearna
|-damage|p1a: Magearna|92/100
|
|switch|p2a: Cinderace|Cinderace, M|78/100|[from]move: Volt Switch
|
|-heal|p1a: Magearna|98/100|[from] item: Leftovers
|upkeep
|turn|22
|
|move|p2a: Cinderace|Pyro Ball|p1a: Magearna
|-supereffective|p1a: Magearna
|-damage|p1a: Magearna|72/100
|move|p1a: Magearna|Stored Power|p2a: Cinderace
|-damage|p2a: Cinderace|0 fnt
|faint|p2a: Cinderace
|-ability|p1a: Magearna|Soul-Heart|boost
|-boost|p1a: Magearna|spa|1
|
|-heal|p1a: Magearna|78/100|[from] item: Leftovers
|upkeep
|
|switch|p2a: Terrakion|Terrakion|100/100
|-damage|p2a: Terrakion|94/100|[from] Stealth Rock
|turn|23
|
|move|p2a: Terrakion|Earthquake|p1a: Magearna
|-supereffective|p1a: Magearna
|-damage|p1a: Magearna|64/100
|move|p1a: Magearna|Draining Kiss|p2a: Terrakion
|-supereffective|p2a: Terrakion
|-damage|p2a: Terrakion|0 fnt
|-heal|p1a: Magearna|100/100|[from] drain|[of] p2a: Terrakion
|faint|p2a: Terrakion
|-ability|p1a: Magearna|Soul-Heart|boost
|-boost|p1a: Magearna|spa|1
|
|upkeep
|-message|Meroz forfeited.
|
|win|Ahsan-219
|l|☆Meroz
|l|☆Ahsan-219
|raw|Ahsan-219's rating: 1682 &rarr; <strong>1707</strong><br />(+25 for winning)
|raw|Meroz's rating: 1787 &rarr; <strong>1762</strong><br />(-25 for losing)
