|j|☆gotsnsd
|j|☆minimax_ai
|t:|1665459737
|gametype|singles
|player|p1|gotsnsd|beauty-gen2jp|1523
|player|p2|minimax_ai|lusamine-nihilego|1625
|teamsize|p1|6
|teamsize|p2|6
|gen|8
|tier|[Gen 8] OU
|rated|
|rule|Sleep Clause Mod: Limit one foe put to sleep
|rule|Species Clause: Limit one of each Pokémon
|rule|OHKO Clause: OHKO moves are banned
|rule|Evasion Items Clause: Evasion items are banned
|rule|Evasion Moves Clause: Evasion moves are banned
|rule|Endless Battle Clause: Forcing endless battles is banned
|rule|HP Percentage Mod: HP is shown in percentages
|rule|Dynamax Clause: You cannot dynamax
|clearpoke
|poke|p1|Melmetal|
|poke|p1|Blacephalon|
|poke|p1|Ferrothorn, M|
|poke|p1|Slowking, M|
|poke|p1|Landorus-Therian, M|
|poke|p1|Zapdos-Galar|
|poke|p2|Rotom-Wash|
|poke|p2|Weavile, F|
|poke|p2|Landorus-Therian, M|
|poke|p2|Heatran, M|
|poke|p2|Tangrowth, F|
|poke|p2|Melmetal|
|teampreview
|c|☆minimax_ai|hf
|
|t:|1665459741
|start
|switch|p1a: Blacephalon|Blacephalon|100/100
|switch|p2a: Tangrowth|Tangrowth, F|100/100
|turn|1
|inactive|Battle timer is ON: inactive players will automatically lose when time's up. (requested by minimax_ai)
|
|t:|1665459749
|switch|p1a: Zapdos|Zapdos-Galar|100/100
|switch|p2a: rotomwash|Rotom-Wash|100/100
|
|upkeep
|turn|2
|
|t:|1665459755
|move|p1a: Zapdos|U-turn|p2a: rotomwash
|-damage|p2a: rotomwash|74/100
|
|t:|1665459759
|switch|p1a: Slowking|Slowking, M|100/100|[from]move: U-turn
|move|p2a: rotomwash|Pain Split|p1a: Slowking
|-sethp|p1a: Slowking|79/100|[from] move: Pain Split|[silent]
|-sethp|p2a: rotomwash|100/100|[from] move: Pain Split
|
|upkeep
|turn|3
|
|t:|1665459761
|move|p2a: rotomwash|Nasty Plot|p2a: rotomwash
|-boost|p2a: rotomwash|spa|2
|move|p1a: Slowking|Future Sight|p2a: rotomwash
|-start|p1a: Slowking|move: Future Sight
|
|upkeep
|turn|4
|
|t:|1665459764
|move|p2a: rotomwash|Nasty Plot|p2a: rotomwash
|-boost|p2a: rotomwash|spa|2
|move|p1a: Slowking|Teleport|p1a: Slowking
|
|t:|1665459771
|switch|p1a: Blacephalon|Blacephalon|100/100|[from]move: Teleport
|
|upkeep
|turn|5
|
|t:|1665459774
|move|p1a: Blacephalon|Shadow Ball|p2a: rotomwash
|-damage|p2a: rotomwash|27/100
|move|p2a: rotomwash|Thunderbolt|p1a: Blacephalon
|-damage|p1a: Blacephalon|0 fnt
|faint|p1a: Blacephalon
|
|-end|p2a: rotomwash|move: Future Sight
|-damage|p2a: rotomwash|0 fnt
|faint|p2a: rotomwash
|upkeep
|
|t:|1665459779
|switch|p1a: Zapdos|Zapdos-Galar|100/100
|switch|p2a: Tangrowth|Tangrowth, F|100/100
|turn|6
|
|t:|1665459784
|move|p1a: Zapdos|U-turn|p2a: Tangrowth
|-supereffective|p2a: Tangrowth
|-damage|p2a: Tangrowth|75/100
|-damage|p1a: Zapdos|84/100|[from] item: Rocky Helmet|[of] p2a: Tangrowth
|
|t:|1665459789
|switch|p1a: Landorus|Landorus-Therian, M|100/100|[from]move: U-turn
|-ability|p1a: Landorus|Intimidate|boost
|-unboost|p2a: Tangrowth|atk|1
|move|p2a: Tangrowth|Sleep Powder|p1a: Landorus
|-status|p1a: Landorus|slp|[from] move: Sleep Powder
|
|upkeep
|turn|7
|
|t:|1665459795
|switch|p2a: Heatran|Heatran, M|100/100
|-item|p2a: Heatran|Air Balloon
|cant|p1a: Landorus|slp
|
|upkeep
|turn|8
|
|t:|1665459799
|move|p2a: Heatran|Stealth Rock|p1a: Landorus
|-sidestart|p1: gotsnsd|move: Stealth Rock
|cant|p1a: Landorus|slp
|
|upkeep
|turn|9
|
|t:|1665459803
|move|p2a: Heatran|Eruption|p1a: Landorus
|-damage|p1a: Landorus|34/100 slp
|-curestatus|p1a: Landorus|slp|[msg]
|move|p1a: Landorus|U-turn|p2a: Heatran
|-resisted|p2a: Heatran
|-damage|p2a: Heatran|95/100
|-enditem|p2a: Heatran|Air Balloon
|
|t:|1665459808
|switch|p1a: Zapdos|Zapdos-Galar|84/100|[from]move: U-turn
|-damage|p1a: Zapdos|72/100|[from] Stealth Rock
|
|upkeep
|turn|10
|
|t:|1665459811
|switch|p2a: Tangrowth|Tangrowth, F|100/100
|move|p1a: Zapdos|U-turn|p2a: Tangrowth
|-supereffective|p2a: Tangrowth
|-damage|p2a: Tangrowth|71/100
|-damage|p1a: Zapdos|55/100|[from] item: Rocky Helmet|[of] p2a: Tangrowth
|
|t:|1665459817
|switch|p1a: Ferrothorn|Ferrothorn, M|100/100|[from]move: U-turn
|-damage|p1a: Ferrothorn|95/100|[from] Stealth Rock
|
|upkeep
|turn|11
|
|t:|1665459819
|move|p2a: Tangrowth|Focus Blast|p1a: Ferrothorn|[miss]
|-miss|p2a: Tangrowth|p1a: Ferrothorn
|move|p1a: Ferrothorn|Stealth Rock|p2a: Tangrowth
|-sidestart|p2: minimax_ai|move: Stealth Rock
|
|upkeep
|turn|12
|
|t:|1665459822
|switch|p1a: Slowking|Slowking, M|100/100
|-damage|p1a: Slowking|88/100|[from] Stealth Rock
|move|p2a: Tangrowth|Focus Blast|p1a: Slowking
|-resisted|p1a: Slowking
|-damage|p1a: Slowking|78/100
|
|upkeep
|turn|13
|
|t:|1665459824
|move|p2a: Tangrowth|Giga Drain|p1a: Slowking
|-supereffective|p1a: Slowking
|-damage|p1a: Slowking|42/100
|-heal|p2a: Tangrowth|89/100|[from] drain|[of] p1a: Slowking
|move|p1a: Slowking|Future Sight|p2a: Tangrowth
|-start|p1a: Slowking|move: Future Sight
|
|upkeep
|turn|14
|
|t:|1665459827
|move|p2a: Tangrowth|Sleep Powder|p1a: Slowking|[miss]
|-miss|p2a: Tangrowth|p1a: Slowking
|move|p1a: Slowking|Slack Off|p1a: Slowking
|-heal|p1a: Slowking|92/100
|
|upkeep
|turn|15
|
|t:|1665459829
|move|p2a: Tangrowth|Sleep Powder|p1a: Slowking|[miss]
|-miss|p2a: Tangrowth|p1a: Slowking
|move|p1a: Slowking|Teleport|p1a: Slowking
|
|t:|1665459834
|switch|p1a: Melmetal|Melmetal|100/100|[from]move: Teleport
|-damage|p1a: Melmetal|94/100|[from] Stealth Rock
|
|-end|p2a: Tangrowth|move: Future Sight
|-damage|p2a: Tangrowth|33/100
|upkeep
|turn|16
|
|t:|1665459836
|move|p1a: Melmetal|Double Iron Bash|p2a: Tangrowth
|-damage|p2a: Tangrowth|8/100
|-damage|p2a: Tangrowth|0 fnt
|faint|p2a: Tangrowth
|-hitcount|p2: Tangrowth|2
|
|upkeep
|
|t:|1665459836
|switch|p2a: Melmetal|Melmetal|100/100
|-damage|p2a: Melmetal|94/100|[from] Stealth Rock
|turn|17
|
|t:|1665459840
|move|p1a: Melmetal|Double Iron Bash|p2a: Melmetal
|-resisted|p2a: Melmetal
|-damage|p2a: Melmetal|83/100
|-resisted|p2a: Melmetal
|-damage|p2a: Melmetal|69/100
|-hitcount|p2a: Melmetal|2
|cant|p2a: Melmetal|flinch
|
|upkeep
|turn|18
|
|t:|1665459842
|move|p1a: Melmetal|Double Iron Bash|p2a: Melmetal
|-resisted|p2a: Melmetal
|-damage|p2a: Melmetal|57/100
|-resisted|p2a: Melmetal
|-damage|p2a: Melmetal|45/100
|-hitcount|p2a: Melmetal|2
|move|p2a: Melmetal|Double Iron Bash|p1a: Melmetal
|-resisted|p1a: Melmetal
|-damage|p1a: Melmetal|83/100
|-resisted|p1a: Melmetal
|-damage|p1a: Melmetal|70/100
|-hitcount|p1a: Melmetal|2
|
|upkeep
|turn|19
|
|t:|1665459845
|switch|p2a: landorustherian|Landorus-Therian, M|100/100
|-damage|p2a: landorustherian|88/100|[from] Stealth Rock
|-ability|p2a: landorustherian|Intimidate|boost
|-unboost|p1a: Melmetal|atk|1
|move|p1a: Melmetal|Earthquake|p2a: landorustherian
|-immune|p2a: landorustherian
|
|-heal|p2a: landorustherian|94/100|[from] item: Leftovers
|upkeep
|turn|20
|
|t:|1665459849
|switch|p1a: Ferrothorn|Ferrothorn, M|95/100
|-damage|p1a: Ferrothorn|89/100|[from] Stealth Rock
|move|p2a: landorustherian|Earthquake|p1a: Ferrothorn
|-damage|p1a: Ferrothorn|59/100
|
|-heal|p2a: landorustherian|99/100|[from] item: Leftovers
|upkeep
|turn|21
|
|t:|1665459853
|move|p2a: landorustherian|Earthquake|p1a: Ferrothorn
|-damage|p1a: Ferrothorn|30/100
|move|p1a: Ferrothorn|Leech Seed|p2a: landorustherian
|-start|p2a: landorustherian|move: Leech Seed
|
|-heal|p2a: landorustherian|100/100|[from] item: Leftovers
|-damage|p2a: landorustherian|88/100|[from] Leech Seed|[of] p1a: Ferrothorn
|-heal|p1a: Ferrothorn|44/100|[silent]
|upkeep
|turn|22
|
|t:|1665459856
|move|p2a: landorustherian|Earthquake|p1a: Ferrothorn
|-damage|p1a: Ferrothorn|16/100
|move|p1a: Ferrothorn|Body Press|p2a: landorustherian
|-resisted|p2a: landorustherian
|-damage|p2a: landorustherian|74/100
|
|-heal|p2a: landorustherian|80/100|[from] item: Leftovers
|-damage|p2a: landorustherian|68/100|[from] Leech Seed|[of] p1a: Ferrothorn
|-heal|p1a: Ferrothorn|29/100|[silent]
|upkeep
|turn|23
|
|t:|1665459860
|switch|p1a: Landorus|Landorus-Therian, M|34/100
|-damage|p1a: Landorus|21/100|[from] Stealth Rock
|-ability|p1a: Landorus|Intimidate|boost
|-unboost|p2a: landorustherian|atk|1
|move|p2a: landorustherian|Earthquake|p1a: Landorus
|-immune|p1a: Landorus
|
|-heal|p1a: Landorus|27/100|[from] item: Leftovers
|-heal|p2a: landorustherian|74/100|[from] item: Leftovers
|-damage|p2a: landorustherian|61/100|[from] Leech Seed|[of] p1a: Landorus
|-heal|p1a: Landorus|40/100|[silent]
|upkeep
|turn|24
|
|t:|1665459865
|move|p1a: Landorus|U-turn|p2a: landorustherian
|-resisted|p2a: landorustherian
|-damage|p2a: landorustherian|51/100
|
|t:|1665459869
|switch|p1a: Ferrothorn|Ferrothorn, M|29/100|[from]move: U-turn
|-damage|p1a: Ferrothorn|23/100|[from] Stealth Rock
|move|p2a: landorustherian|Toxic|p1a: Ferrothorn
|-immune|p1a: Ferrothorn
|
|-heal|p2a: landorustherian|57/100|[from] item: Leftovers
|-damage|p2a: landorustherian|45/100|[from] Leech Seed|[of] p1a: Ferrothorn
|-heal|p1a: Ferrothorn|36/100|[silent]
|upkeep
|turn|25
|
|t:|1665459874
|switch|p2a: Melmetal|Melmetal|45/100
|-damage|p2a: Melmetal|39/100|[from] Stealth Rock
|switch|p1a: Landorus|Landorus-Therian, M|40/100
|-damage|p1a: Landorus|27/100|[from] Stealth Rock
|-ability|p1a: Landorus|Intimidate|boost
|-unboost|p2a: Melmetal|atk|1
|
|-heal|p1a: Landorus|33/100|[from] item: Leftovers
|upkeep
|turn|26
|
|t:|1665459877
|move|p1a: Landorus|Earthquake|p2a: Melmetal
|-supereffective|p2a: Melmetal
|-damage|p2a: Melmetal|0 fnt
|faint|p2a: Melmetal
|
|-heal|p1a: Landorus|39/100|[from] item: Leftovers
|upkeep
|
|t:|1665459877
|switch|p2a: Heatran|Heatran, M|95/100
|-damage|p2a: Heatran|83/100|[from] Stealth Rock
|turn|27
|
|t:|1665459882
|move|p2a: Heatran|Magma Storm|p1a: Landorus
|-damage|p1a: Landorus|0 fnt
|faint|p1a: Landorus
|
|upkeep
|
|t:|1665459888
|switch|p1a: Zapdos|Zapdos-Galar|55/100
|-damage|p1a: Zapdos|43/100|[from] Stealth Rock
|turn|28
|
|t:|1665459890
|switch|p2a: landorustherian|Landorus-Therian, M|45/100
|-damage|p2a: landorustherian|33/100|[from] Stealth Rock
|-ability|p2a: landorustherian|Intimidate|boost
|-unboost|p1a: Zapdos|atk|1
|-ability|p1a: Zapdos|Defiant|boost
|-boost|p1a: Zapdos|atk|2
|move|p1a: Zapdos|Thunderous Kick|p2a: landorustherian
|-resisted|p2a: landorustherian
|-damage|p2a: landorustherian|0 fnt
|faint|p2a: landorustherian
|
|upkeep
|
|t:|1665459890
|switch|p2a: Weavile|Weavile, F|100/100
|-damage|p2a: Weavile|76/100|[from] Stealth Rock
|-ability|p2a: Weavile|Pressure
|turn|29
|
|t:|1665459894
|switch|p1a: Melmetal|Melmetal|70/100
|-damage|p1a: Melmetal|64/100|[from] Stealth Rock
|move|p2a: Weavile|Ice Shard|p1a: Melmetal
|-resisted|p1a: Melmetal
|-damage|p1a: Melmetal|55/100
|
|upkeep
|turn|30
|
|t:|1665459896
|move|p2a: Weavile|Ice Shard|p1a: Melmetal
|-resisted|p1a: Melmetal
|-damage|p1a: Melmetal|46/100
|move|p1a: Melmetal|Earthquake|p2a: Weavile
|-damage|p2a: Weavile|8/100
|
|upkeep
|turn|31
|
|t:|1665459898
|move|p2a: Weavile|Ice Shard|p1a: Melmetal
|-resisted|p1a: Melmetal
|-damage|p1a: Melmetal|36/100
|move|p1a: Melmetal|Earthquake|p2a: Weavile
|-damage|p2a: Weavile|0 fnt
|faint|p2a: Weavile
|
|upkeep
|
|t:|1665459898
|switch|p2a: Heatran|Heatran, M|83/100
|-damage|p2a: Heatran|70/100|[from] Stealth Rock
|turn|32
|
|t:|1665459901
|move|p2a: Heatran|Magma Storm|p1a: Melmetal
|-supereffective|p1a: Melmetal
|-damage|p1a: Melmetal|0 fnt
|faint|p1a: Melmetal
|
|upkeep
|
|t:|1665459904
|switch|p1a: Zapdos|Zapdos-Galar|43/100
|-damage|p1a: Zapdos|30/100|[from] Stealth Rock
|turn|33
|
|t:|1665459907
|move|p1a: Zapdos|Thunderous Kick|p2a: Heatran
|-supereffective|p2a: Heatran
|-damage|p2a: Heatran|0 fnt
|faint|p2a: Heatran
|
|win|gotsnsd
|raw|gotsnsd's rating: 1523 &rarr; <strong>1549</strong><br />(+26 for winning)
|raw|minimax_ai's rating: 1625 &rarr; <strong>1599</strong><br />(-26 for losing)
|c|☆minimax_ai|gg
