|j|☆yuwenzhao
|j|☆Daevank5
|t:|1663491889
|gametype|singles
|player|p1|yuwenzhao|dawn|1626
|player|p2|Daevank5|workerice|1678
|teamsize|p1|6
|teamsize|p2|6
|gen|8
|tier|[Gen 8] OU
|rated|
|rule|Sleep Clause Mod: Limit one foe put to sleep
|rule|Species Clause: Limit one of each Pokémon
|rule|OHKO Clause: OHKO moves are banned
|rule|Evasion Items Clause: Evasion items are banned
|rule|Evasion Moves Clause: Evasion moves are banned
|rule|Endless Battle Clause: Forcing endless battles is banned
|rule|HP Percentage Mod: HP is shown in percentages
|rule|Dynamax Clause: You cannot dynamax
|clearpoke
|poke|p1|Rillaboom, F|
|poke|p1|Kartana|
|poke|p1|Nihilego|
|poke|p1|Moltres|
|poke|p1|Tyranitar, F|
|poke|p1|Nidoking, M|
|poke|p2|Malamar, F|
|poke|p2|Clefable, F|
|poke|p2|Garchomp, F|
|poke|p2|Toxapex, F|
|poke|p2|Corviknight, M|
|poke|p2|Tapu Lele|
|teampreview
|inactive|Battle timer is ON: inactive players will automatically lose when time's up. (requested by yuwenzhao)
|
|t:|1663491897
|start
|switch|p1a: Nidoking|Nidoking, M|100/100
|switch|p2a: Tapu Lele|Tapu Lele|100/100
|-fieldstart|move: Psychic Terrain|[from] ability: Psychic Surge|[of] p2a: Tapu Lele
|turn|1
|
|t:|1663491910
|move|p1a: Nidoking|Earth Power|p2a: Tapu Lele
|-damage|p2a: Tapu Lele|53/100
|move|p2a: Tapu Lele|Psyshock|p1a: Nidoking
|-supereffective|p1a: Nidoking
|-enditem|p1a: Nidoking|Focus Sash
|-damage|p1a: Nidoking|1/100
|
|-heal|p2a: Tapu Lele|59/100|[from] item: Leftovers
|upkeep
|turn|2
|
|t:|1663491926
|move|p1a: Nidoking|Toxic Spikes|p2a: Tapu Lele
|-sidestart|p2: Daevank5|move: Toxic Spikes
|move|p2a: Tapu Lele|Moonblast|p1a: Nidoking
|-resisted|p1a: Nidoking
|-damage|p1a: Nidoking|0 fnt
|faint|p1a: Nidoking
|
|-heal|p2a: Tapu Lele|65/100|[from] item: Leftovers
|upkeep
|
|t:|1663491933
|switch|p1a: Nihilego|Nihilego|100/100
|turn|3
|
|t:|1663491948
|switch|p2a: Toxapex|Toxapex, F|100/100
|-sideend|p2: Daevank5|move: Toxic Spikes|[of] p2a: Toxapex
|move|p1a: Nihilego|Meteor Beam||[still]
|-prepare|p1a: Nihilego|Meteor Beam
|-boost|p1a: Nihilego|spa|1
|-enditem|p1a: Nihilego|Power Herb
|-anim|p1a: Nihilego|Meteor Beam|p2a: Toxapex
|-damage|p2a: Toxapex|27/100
|
|upkeep
|turn|4
|
|t:|1663491960
|switch|p2a: Garchomp|Garchomp, F|100/100
|move|p1a: Nihilego|Power Gem|p2a: Garchomp
|-resisted|p2a: Garchomp
|-damage|p2a: Garchomp|81/100
|
|-heal|p2a: Garchomp|87/100|[from] item: Leftovers
|upkeep
|turn|5
|
|t:|1663491969
|switch|p1a: Kartana|Kartana|100/100
|move|p2a: Garchomp|Earthquake|p1a: Kartana
|-damage|p1a: Kartana|53/100
|
|-heal|p2a: Garchomp|94/100|[from] item: Leftovers
|-fieldend|move: Psychic Terrain
|upkeep
|turn|6
|
|t:|1663491988
|switch|p2a: Malamar|Malamar, F|100/100
|move|p1a: Kartana|Knock Off|p2a: Malamar
|-damage|p2a: Malamar|25/100
|-enditem|p2a: Malamar|Choice Scarf|[from] move: Knock Off|[of] p1a: Kartana
|
|upkeep
|turn|7
|
|t:|1663491994
|move|p1a: Kartana|Knock Off|p2a: Malamar
|-damage|p2a: Malamar|0 fnt
|faint|p2a: Malamar
|-ability|p1a: Kartana|Beast Boost|boost
|-boost|p1a: Kartana|atk|1
|
|upkeep
|
|t:|1663492002
|switch|p2a: Toxapex|Toxapex, F|60/100
|turn|8
|
|t:|1663492015
|move|p1a: Kartana|Knock Off|p2a: Toxapex
|-damage|p2a: Toxapex|4/100
|-damage|p1a: Kartana|37/100|[from] item: Rocky Helmet|[of] p2a: Toxapex
|-enditem|p2a: Toxapex|Rocky Helmet|[from] move: Knock Off|[of] p1a: Kartana
|move|p2a: Toxapex|Toxic Spikes|p1a: Kartana
|-sidestart|p1: yuwenzhao|move: Toxic Spikes
|
|upkeep
|turn|9
|
|t:|1663492031
|switch|p2a: Clefable|Clefable, F|100/100
|move|p1a: Kartana|Knock Off|p2a: Clefable
|-resisted|p2a: Clefable
|-damage|p2a: Clefable|42/100
|-enditem|p2a: Clefable|Sticky Barb|[from] move: Knock Off|[of] p1a: Kartana
|
|upkeep
|turn|10
|
|t:|1663492039
|move|p1a: Kartana|Knock Off|p2a: Clefable
|-resisted|p2a: Clefable
|-damage|p2a: Clefable|8/100
|move|p2a: Clefable|Soft-Boiled|p2a: Clefable
|-heal|p2a: Clefable|58/100
|
|upkeep
|turn|11
|
|t:|1663492045
|switch|p1a: Nihilego|Nihilego|100/100
|-sideend|p1: yuwenzhao|move: Toxic Spikes|[of] p1a: Nihilego
|move|p2a: Clefable|Soft-Boiled|p2a: Clefable
|-heal|p2a: Clefable|100/100
|
|upkeep
|turn|12
|
|t:|1663492061
|switch|p2a: Garchomp|Garchomp, F|94/100
|move|p1a: Nihilego|Sludge Wave|p2a: Garchomp
|-resisted|p2a: Garchomp
|-damage|p2a: Garchomp|78/100
|
|-heal|p2a: Garchomp|85/100|[from] item: Leftovers
|upkeep
|turn|13
|
|t:|1663492071
|switch|p1a: Moltres|Moltres|100/100
|move|p2a: Garchomp|Stealth Rock|p1a: Moltres
|-sidestart|p1: yuwenzhao|move: Stealth Rock
|
|-heal|p2a: Garchomp|91/100|[from] item: Leftovers
|upkeep
|turn|14
|
|t:|1663492078
|switch|p2a: Toxapex|Toxapex, F|37/100
|move|p1a: Moltres|Defog|p2a: Toxapex
|-unboost|p2a: Toxapex|evasion|1
|-sideend|p1: yuwenzhao|Stealth Rock|[from] move: Defog|[of] p1a: Moltres
|
|upkeep
|turn|15
|
|t:|1663492093
|switch|p2a: Clefable|Clefable, F|100/100
|move|p1a: Moltres|U-turn|p2a: Clefable
|-resisted|p2a: Clefable
|-damage|p2a: Clefable|92/100
|
|t:|1663492105
|switch|p1a: Tyranitar|Tyranitar, F|100/100|[from]move: U-turn
|-weather|Sandstorm|[from] ability: Sand Stream|[of] p1a: Tyranitar
|
|-weather|Sandstorm|[upkeep]
|upkeep
|turn|16
|
|t:|1663492118
|move|p1a: Tyranitar|Stealth Rock|p2a: Clefable
|-sidestart|p2: Daevank5|move: Stealth Rock
|move|p2a: Clefable|Thunder Wave|p1a: Tyranitar
|-status|p1a: Tyranitar|par
|
|-weather|Sandstorm|[upkeep]
|upkeep
|turn|17
|
|t:|1663492126
|move|p2a: Clefable|Trick|p1a: Tyranitar
|-activate|p2a: Clefable|move: Trick|[of] p1a: Tyranitar
|-enditem|p1a: Tyranitar|Leftovers|[silent]|[from] move: Trick
|-item|p2a: Clefable|Leftovers|[from] move: Trick
|move|p1a: Tyranitar|Stone Edge|p2a: Clefable
|-damage|p2a: Clefable|35/100
|
|-weather|Sandstorm|[upkeep]
|-heal|p2a: Clefable|41/100|[from] item: Leftovers
|upkeep
|turn|18
|
|t:|1663492137
|switch|p1a: Rillaboom|Rillaboom, F|100/100
|-fieldstart|move: Grassy Terrain|[from] ability: Grassy Surge|[of] p1a: Rillaboom
|move|p2a: Clefable|Soft-Boiled|p2a: Clefable
|-heal|p2a: Clefable|91/100
|
|-weather|Sandstorm|[upkeep]
|-damage|p1a: Rillaboom|94/100|[from] Sandstorm
|-heal|p1a: Rillaboom|100/100|[from] Grassy Terrain
|-heal|p2a: Clefable|97/100|[from] Grassy Terrain
|-heal|p2a: Clefable|100/100|[from] item: Leftovers
|upkeep
|turn|19
|
|t:|1663492149
|switch|p2a: Corviknight|Corviknight, M|100/100
|-damage|p2a: Corviknight|88/100|[from] Stealth Rock
|-ability|p2a: Corviknight|Pressure
|move|p1a: Rillaboom|Swords Dance|p1a: Rillaboom
|-boost|p1a: Rillaboom|atk|2
|
|-weather|none
|-heal|p2a: Corviknight|94/100|[from] item: Leftovers
|upkeep
|turn|20
|
|t:|1663492159
|move|p1a: Rillaboom|Swords Dance|p1a: Rillaboom
|-boost|p1a: Rillaboom|atk|2
|move|p2a: Corviknight|Iron Defense|p2a: Corviknight
|-boost|p2a: Corviknight|def|2
|
|-heal|p2a: Corviknight|100/100|[from] item: Leftovers
|upkeep
|turn|21
|
|t:|1663492166
|switch|p1a: Nihilego|Nihilego|100/100
|move|p2a: Corviknight|Iron Defense|p2a: Corviknight
|-boost|p2a: Corviknight|def|2
|
|upkeep
|turn|22
|
|t:|1663492173
|switch|p2a: Garchomp|Garchomp, F|91/100
|-damage|p2a: Garchomp|85/100|[from] Stealth Rock
|move|p1a: Nihilego|Power Gem|p2a: Garchomp
|-resisted|p2a: Garchomp
|-damage|p2a: Garchomp|71/100
|
|-heal|p2a: Garchomp|77/100|[from] Grassy Terrain
|-heal|p2a: Garchomp|83/100|[from] item: Leftovers
|-fieldend|move: Grassy Terrain
|upkeep
|turn|23
|
|t:|1663492182
|switch|p1a: Moltres|Moltres|100/100
|move|p2a: Garchomp|Stealth Rock|p1a: Moltres
|-sidestart|p1: yuwenzhao|move: Stealth Rock
|
|-heal|p2a: Garchomp|90/100|[from] item: Leftovers
|upkeep
|turn|24
|
|t:|1663492190
|move|p2a: Garchomp|Toxic|p1a: Moltres
|-status|p1a: Moltres|tox
|move|p1a: Moltres|U-turn|p2a: Garchomp
|-damage|p2a: Garchomp|76/100
|-damage|p1a: Moltres|88/100 tox|[from] ability: Rough Skin|[of] p2a: Garchomp
|
|t:|1663492198
|switch|p1a: Rillaboom|Rillaboom, F|100/100|[from]move: U-turn
|-damage|p1a: Rillaboom|88/100|[from] Stealth Rock
|-fieldstart|move: Grassy Terrain|[from] ability: Grassy Surge|[of] p1a: Rillaboom
|
|-heal|p1a: Rillaboom|94/100|[from] Grassy Terrain
|-heal|p2a: Garchomp|82/100|[from] Grassy Terrain
|-heal|p2a: Garchomp|88/100|[from] item: Leftovers
|upkeep
|turn|25
|
|t:|1663492207
|switch|p2a: Corviknight|Corviknight, M|100/100
|-damage|p2a: Corviknight|88/100|[from] Stealth Rock
|-ability|p2a: Corviknight|Pressure
|move|p1a: Rillaboom|Swords Dance|p1a: Rillaboom
|-boost|p1a: Rillaboom|atk|2
|
|-heal|p1a: Rillaboom|100/100|[from] Grassy Terrain
|-heal|p2a: Corviknight|94/100|[from] item: Leftovers
|upkeep
|turn|26
|
|t:|1663492217
|move|p1a: Rillaboom|Drain Punch|p2a: Corviknight
|-damage|p2a: Corviknight|46/100
|-damage|p1a: Rillaboom|91/100|[from] item: Life Orb
|move|p2a: Corviknight|Iron Defense|p2a: Corviknight
|-boost|p2a: Corviknight|def|2
|
|-heal|p1a: Rillaboom|97/100|[from] Grassy Terrain
|-heal|p2a: Corviknight|53/100|[from] item: Leftovers
|upkeep
|turn|27
|
|t:|1663492227
|move|p1a: Rillaboom|Swords Dance|p1a: Rillaboom
|-boost|p1a: Rillaboom|atk|2
|move|p2a: Corviknight|Roost|p2a: Corviknight
|-heal|p2a: Corviknight|100/100
|-singleturn|p2a: Corviknight|move: Roost
|
|-heal|p1a: Rillaboom|100/100|[from] Grassy Terrain
|upkeep
|turn|28
|
|t:|1663492235
|move|p1a: Rillaboom|Drain Punch|p2a: Corviknight
|-damage|p2a: Corviknight|65/100
|-damage|p1a: Rillaboom|91/100|[from] item: Life Orb
|move|p2a: Corviknight|Iron Defense|p2a: Corviknight
|-boost|p2a: Corviknight|def|2
|
|-heal|p1a: Rillaboom|97/100|[from] Grassy Terrain
|-heal|p2a: Corviknight|71/100|[from] item: Leftovers
|-fieldend|move: Grassy Terrain
|upkeep
|turn|29
|
|t:|1663492245
|switch|p1a: Moltres|Moltres|88/100 tox
|move|p2a: Corviknight|Roost|p2a: Corviknight
|-heal|p2a: Corviknight|100/100
|-singleturn|p2a: Corviknight|move: Roost
|
|-damage|p1a: Moltres|82/100 tox|[from] psn
|upkeep
|turn|30
|j| risen33
|
|t:|1663492257
|switch|p1a: Kartana|Kartana|37/100
|-damage|p1a: Kartana|30/100|[from] Stealth Rock
|switch|p2a: Toxapex|Toxapex, F|70/100
|-damage|p2a: Toxapex|58/100|[from] Stealth Rock
|
|upkeep
|turn|31
|
|t:|1663492277
|move|p1a: Kartana|Leaf Blade|p2a: Toxapex
|-damage|p2a: Toxapex|0 fnt
|faint|p2a: Toxapex
|-ability|p1a: Kartana|Beast Boost|boost
|-boost|p1a: Kartana|atk|1
|
|upkeep
|
|t:|1663492281
|switch|p2a: Corviknight|Corviknight, M|100/100
|-damage|p2a: Corviknight|88/100|[from] Stealth Rock
|-ability|p2a: Corviknight|Pressure
|turn|32
|
|t:|1663492287
|switch|p1a: Moltres|Moltres|82/100 tox
|move|p2a: Corviknight|Iron Defense|p2a: Corviknight
|-boost|p2a: Corviknight|def|2
|
|-heal|p2a: Corviknight|94/100|[from] item: Leftovers
|-damage|p1a: Moltres|76/100 tox|[from] psn
|upkeep
|turn|33
|
|t:|1663492302
|switch|p2a: Garchomp|Garchomp, F|88/100
|-damage|p2a: Garchomp|82/100|[from] Stealth Rock
|move|p1a: Moltres|Burn Up|p2a: Garchomp
|-resisted|p2a: Garchomp
|-damage|p2a: Garchomp|65/100
|-start|p1a: Moltres|typechange|???/Flying|[from] move: Burn Up
|
|-heal|p2a: Garchomp|71/100|[from] item: Leftovers
|-damage|p1a: Moltres|64/100 tox|[from] psn
|upkeep
|turn|34
|c|☆Daevank5|!dt Burn up
|raw|<ul class="utilichart"><li class="result"><span class="col movenamecol"><a href="https://dex.pokemonshowdown.com/moves/burnup">Burn Up</a></span> <span class="col typecol"><img src="//play.pokemonshowdown.com/sprites/types/Fire.png" alt="Fire" width="32" height="14"><img src="//play.pokemonshowdown.com/sprites/categories/Special.png" alt="Special" width="32" height="14"></span> <span class="col labelcol"><em>Power</em><br>130</span> <span class="col widelabelcol"><em>Accuracy</em><br>100%</span> <span class="col pplabelcol"><em>PP</em><br>8</span> <span class="col movedesccol">User's Fire type becomes typeless; must be Fire.</span> </li><li style="clear:both"></li></ul>
|raw|<font size="1"><font color="#686868">Priority:</font> 0&nbsp;|&ThickSpace;<font color="#686868">Gen:</font> 7&nbsp;|&ThickSpace;&#10003; Thaws user&nbsp;|&ThickSpace;<font color="#686868">Z-Power:</font> 195&nbsp;|&ThickSpace;<font color="#686868">Dynamax Power:</font> 140&nbsp;|&ThickSpace;<font color="#686868">Target:</font> One Adjacent Pokémon</font>

|
|t:|1663492319
|move|p1a: Moltres|Roost|p1a: Moltres
|-heal|p1a: Moltres|100/100 tox
|-singleturn|p1a: Moltres|move: Roost
|move|p2a: Garchomp|Dragon Tail|p1a: Moltres
|-damage|p1a: Moltres|80/100 tox
|drag|p1a: Tyranitar|Tyranitar, F|100/100 par
|-damage|p1a: Tyranitar|88/100 par|[from] Stealth Rock
|-weather|Sandstorm|[from] ability: Sand Stream|[of] p1a: Tyranitar
|
|-weather|Sandstorm|[upkeep]
|-heal|p2a: Garchomp|77/100|[from] item: Leftovers
|upkeep
|turn|35
|
|t:|1663492331
|move|p2a: Garchomp|Earthquake|p1a: Tyranitar
|-supereffective|p1a: Tyranitar
|-damage|p1a: Tyranitar|27/100 par
|move|p1a: Tyranitar|Ice Punch|p2a: Garchomp
|-supereffective|p2a: Garchomp
|-damage|p2a: Garchomp|0 fnt
|-damage|p1a: Tyranitar|14/100 par|[from] ability: Rough Skin|[of] p2a: Garchomp
|faint|p2a: Garchomp
|
|-weather|Sandstorm|[upkeep]
|upkeep
|
|t:|1663492341
|switch|p2a: Tapu Lele|Tapu Lele|65/100
|-damage|p2a: Tapu Lele|53/100|[from] Stealth Rock
|-fieldstart|move: Psychic Terrain|[from] ability: Psychic Surge|[of] p2a: Tapu Lele
|turn|36
|c|☆yuwenzhao|==
|
|t:|1663492352
|move|p2a: Tapu Lele|Substitute|p2a: Tapu Lele
|-start|p2a: Tapu Lele|Substitute
|-damage|p2a: Tapu Lele|28/100
|cant|p1a: Tyranitar|par
|
|-weather|Sandstorm|[upkeep]
|-damage|p2a: Tapu Lele|22/100|[from] Sandstorm
|-heal|p2a: Tapu Lele|28/100|[from] item: Leftovers
|upkeep
|turn|37
|
|t:|1663492367
|move|p2a: Tapu Lele|Moonblast|p1a: Tyranitar
|-supereffective|p1a: Tyranitar
|-damage|p1a: Tyranitar|0 fnt
|faint|p1a: Tyranitar
|
|-weather|Sandstorm|[upkeep]
|-damage|p2a: Tapu Lele|22/100|[from] Sandstorm
|-heal|p2a: Tapu Lele|28/100|[from] item: Leftovers
|upkeep
|
|t:|1663492377
|switch|p1a: Moltres|Moltres|80/100 tox
|turn|38
|
|t:|1663492382
|move|p2a: Tapu Lele|Psyshock|p1a: Moltres
|-damage|p1a: Moltres|33/100 tox
|move|p1a: Moltres|U-turn|p2a: Tapu Lele
|-activate|p2a: Tapu Lele|move: Substitute|[damage]
|
|t:|1663492390
|switch|p1a: Rillaboom|Rillaboom, F|97/100|[from]move: U-turn
|-damage|p1a: Rillaboom|84/100|[from] Stealth Rock
|-fieldstart|move: Grassy Terrain|[from] ability: Grassy Surge|[of] p1a: Rillaboom
|
|-weather|none
|-heal|p2a: Tapu Lele|34/100|[from] Grassy Terrain
|-heal|p2a: Tapu Lele|40/100|[from] item: Leftovers
|-heal|p1a: Rillaboom|91/100|[from] Grassy Terrain
|upkeep
|turn|39
|
|t:|1663492401
|move|p1a: Rillaboom|Grassy Glide|p2a: Tapu Lele
|-end|p2a: Tapu Lele|Substitute
|-damage|p1a: Rillaboom|81/100|[from] item: Life Orb
|move|p2a: Tapu Lele|Moonblast|p1a: Rillaboom
|-damage|p1a: Rillaboom|11/100
|-unboost|p1a: Rillaboom|spa|1
|
|-heal|p2a: Tapu Lele|46/100|[from] Grassy Terrain
|-heal|p2a: Tapu Lele|52/100|[from] item: Leftovers
|-heal|p1a: Rillaboom|17/100|[from] Grassy Terrain
|upkeep
|turn|40
|
|t:|1663492429
|move|p1a: Rillaboom|Grassy Glide|p2a: Tapu Lele
|-damage|p2a: Tapu Lele|0 fnt
|faint|p2a: Tapu Lele
|-damage|p1a: Rillaboom|8/100|[from] item: Life Orb
|
|-heal|p1a: Rillaboom|14/100|[from] Grassy Terrain
|upkeep
|
|t:|1663492431
|switch|p2a: Corviknight|Corviknight, M|94/100
|-damage|p2a: Corviknight|82/100|[from] Stealth Rock
|-ability|p2a: Corviknight|Pressure
|turn|41
|
|t:|1663492441
|switch|p1a: Moltres|Moltres|33/100 tox
|move|p2a: Corviknight|Iron Defense|p2a: Corviknight
|-boost|p2a: Corviknight|def|2
|
|-heal|p2a: Corviknight|88/100|[from] item: Leftovers
|-damage|p1a: Moltres|27/100 tox|[from] psn
|upkeep
|turn|42
|
|t:|1663492449
|move|p1a: Moltres|Roost|p1a: Moltres
|-heal|p1a: Moltres|77/100 tox
|-singleturn|p1a: Moltres|move: Roost
|move|p2a: Corviknight|Body Press|p1a: Moltres
|-damage|p1a: Moltres|43/100 tox
|
|-heal|p1a: Moltres|49/100 tox|[from] Grassy Terrain
|-heal|p2a: Corviknight|94/100|[from] item: Leftovers
|-damage|p1a: Moltres|37/100 tox|[from] psn
|-fieldend|move: Grassy Terrain
|upkeep
|turn|43
|
|t:|1663492459
|move|p1a: Moltres|Burn Up|p2a: Corviknight
|-supereffective|p2a: Corviknight
|-damage|p2a: Corviknight|0 fnt
|-start|p1a: Moltres|typechange|???/Flying|[from] move: Burn Up
|faint|p2a: Corviknight
|
|-damage|p1a: Moltres|19/100 tox|[from] psn
|upkeep
|-message|Daevank5 forfeited.
|
|win|yuwenzhao
|raw|yuwenzhao's rating: 1626 &rarr; <strong>1649</strong><br />(+23 for winning)
|raw|Daevank5's rating: 1678 &rarr; <strong>1655</strong><br />(-23 for losing)
|l|☆Daevank5
|c|☆yuwenzhao|gg
||Ladder isn't responding, score probably updated but might not have (Request timeout).
