|html|<div class="broadcast-blue"><strong>[Gen 8] OU is currently suspecting Melmetal! For information on how to participate check out the <a href="https://www.smogon.com/forums/threads/np-ss-ou-suspect-process-round-12-monster-mash.3709234/">suspect thread</a>.</strong></div>
|j|☆Makuryu
|j|☆Venositile
|t:|1666549816
|gametype|singles
|player|p1|Makuryu|koga|1620
|player|p2|Venositile|rocketexecutive-gen2|1696
|teamsize|p1|6
|teamsize|p2|6
|gen|8
|tier|[Gen 8] OU
|rated|
|rule|Sleep Clause Mod: Limit one foe put to sleep
|rule|Species Clause: Limit one of each Pokémon
|rule|OHKO Clause: OHKO moves are banned
|rule|Evasion Items Clause: Evasion items are banned
|rule|Evasion Moves Clause: Evasion moves are banned
|rule|Endless Battle Clause: Forcing endless battles is banned
|rule|HP Percentage Mod: HP is shown in percentages
|rule|Dynamax Clause: You cannot dynamax
|clearpoke
|poke|p1|Pelipper, F|
|poke|p1|Ferrothorn, M|
|poke|p1|Zapdos|
|poke|p1|Barraskewda, M|
|poke|p1|Crawdaunt, F|
|poke|p1|Seismitoad, M|
|poke|p2|Suicune|
|poke|p2|Salazzle, F|
|poke|p2|Ferrothorn, M|
|poke|p2|Landorus-Therian, M|
|poke|p2|Buzzwole|
|poke|p2|Tyranitar, M|
|teampreview
|inactive|Battle timer is ON: inactive players will automatically lose when time's up. (requested by Venositile)
|
|t:|1666549845
|start
|switch|p1a: Pelipper|Pelipper, F|100/100
|switch|p2a: Tyranitar|Tyranitar, M|100/100
|-weather|Sandstorm|[from] ability: Sand Stream|[of] p2a: Tyranitar
|-weather|RainDance|[from] ability: Drizzle|[of] p1a: Pelipper
|turn|1
|
|t:|1666549856
|switch|p1a: Ferrothorn|Ferrothorn, M|100/100
|move|p2a: Tyranitar|Stealth Rock|p1a: Ferrothorn
|-sidestart|p1: Makuryu|move: Stealth Rock
|
|-weather|RainDance|[upkeep]
|upkeep
|turn|2
|
|t:|1666549863
|switch|p2a: Salazzle|Salazzle, F|100/100
|move|p1a: Ferrothorn|Stealth Rock|p2a: Salazzle
|-sidestart|p2: Venositile|move: Stealth Rock
|
|-weather|RainDance|[upkeep]
|upkeep
|turn|3
|
|t:|1666549868
|switch|p1a: Seismitoad|Seismitoad, M|100/100
|-damage|p1a: Seismitoad|95/100|[from] Stealth Rock
|move|p2a: Salazzle|Toxic|p1a: Seismitoad
|-status|p1a: Seismitoad|tox
|
|-weather|RainDance|[upkeep]
|-damage|p1a: Seismitoad|89/100 tox|[from] psn
|upkeep
|turn|4
|
|t:|1666549878
|move|p2a: Salazzle|Protect|p2a: Salazzle
|-singleturn|p2a: Salazzle|Protect
|move|p1a: Seismitoad|Weather Ball|p2a: Salazzle
|-activate|p2a: Salazzle|move: Protect
|
|-weather|RainDance|[upkeep]
|-damage|p1a: Seismitoad|77/100 tox|[from] psn
|upkeep
|turn|5
|
|t:|1666549887
|switch|p2a: Ferrothorn|Ferrothorn, M|100/100
|-damage|p2a: Ferrothorn|94/100|[from] Stealth Rock
|move|p1a: Seismitoad|Earth Power|p2a: Ferrothorn
|-damage|p2a: Ferrothorn|58/100
|-damage|p1a: Seismitoad|67/100 tox|[from] item: Life Orb
|
|-weather|RainDance|[upkeep]
|-heal|p2a: Ferrothorn|65/100|[from] item: Leftovers
|-damage|p1a: Seismitoad|49/100 tox|[from] psn
|upkeep
|turn|6
|
|t:|1666549897
|move|p1a: Seismitoad|Earth Power|p2a: Ferrothorn
|-damage|p2a: Ferrothorn|24/100
|-damage|p1a: Seismitoad|39/100 tox|[from] item: Life Orb
|move|p2a: Ferrothorn|Spikes|p1a: Seismitoad
|-sidestart|p1: Makuryu|Spikes
|
|-weather|RainDance|[upkeep]
|-heal|p2a: Ferrothorn|30/100|[from] item: Leftovers
|-damage|p1a: Seismitoad|15/100 tox|[from] psn
|upkeep
|turn|7
|
|t:|1666549906
|switch|p2a: Landorus|Landorus-Therian, M|100/100
|-damage|p2a: Landorus|88/100|[from] Stealth Rock
|-ability|p2a: Landorus|Intimidate|boost
|-unboost|p1a: Seismitoad|atk|1
|move|p1a: Seismitoad|Weather Ball|p2a: Landorus
|-supereffective|p2a: Landorus
|-damage|p2a: Landorus|0 fnt
|faint|p2a: Landorus
|-damage|p1a: Seismitoad|5/100 tox|[from] item: Life Orb
|
|-weather|RainDance|[upkeep]
|-damage|p1a: Seismitoad|0 fnt|[from] psn
|faint|p1a: Seismitoad
|upkeep
|
|t:|1666549927
|switch|p1a: Zapdos|Zapdos|100/100
|switch|p2a: Tyranitar|Tyranitar, M|100/100
|-damage|p2a: Tyranitar|88/100|[from] Stealth Rock
|-weather|Sandstorm|[from] ability: Sand Stream|[of] p2a: Tyranitar
|turn|8
|
|t:|1666549934
|move|p1a: Zapdos|Volt Switch|p2a: Tyranitar
|-damage|p2a: Tyranitar|75/100
|
|t:|1666549938
|switch|p1a: Ferrothorn|Ferrothorn, M|100/100|[from]move: Volt Switch
|-damage|p1a: Ferrothorn|95/100|[from] Stealth Rock
|-damage|p1a: Ferrothorn|82/100|[from] Spikes
|move|p2a: Tyranitar|Toxic|p1a: Ferrothorn
|-immune|p1a: Ferrothorn
|
|-weather|Sandstorm|[upkeep]
|-heal|p2a: Tyranitar|81/100|[from] item: Leftovers
|upkeep
|turn|9
|
|t:|1666549949
|switch|p2a: Salazzle|Salazzle, F|100/100
|-damage|p2a: Salazzle|75/100|[from] Stealth Rock
|move|p1a: Ferrothorn|Knock Off|p2a: Salazzle
|-damage|p2a: Salazzle|43/100
|-enditem|p2a: Salazzle|Black Sludge|[from] move: Knock Off|[of] p1a: Ferrothorn
|
|-weather|Sandstorm|[upkeep]
|-damage|p2a: Salazzle|37/100|[from] Sandstorm
|upkeep
|turn|10
|
|t:|1666549975
|switch|p1a: Zapdos|Zapdos|100/100
|move|p2a: Salazzle|Toxic|p1a: Zapdos
|-status|p1a: Zapdos|tox
|
|-weather|Sandstorm|[upkeep]
|-damage|p1a: Zapdos|94/100 tox|[from] Sandstorm
|-damage|p2a: Salazzle|31/100|[from] Sandstorm
|-damage|p1a: Zapdos|88/100 tox|[from] psn
|upkeep
|turn|11
|
|t:|1666549983
|move|p2a: Salazzle|Protect|p2a: Salazzle
|-singleturn|p2a: Salazzle|Protect
|move|p1a: Zapdos|Volt Switch|p2a: Salazzle
|-activate|p2a: Salazzle|move: Protect
|
|-weather|Sandstorm|[upkeep]
|-damage|p1a: Zapdos|82/100 tox|[from] Sandstorm
|-damage|p2a: Salazzle|25/100|[from] Sandstorm
|-damage|p1a: Zapdos|69/100 tox|[from] psn
|upkeep
|turn|12
|
|t:|1666549992
|switch|p2a: Ferrothorn|Ferrothorn, M|30/100
|-damage|p2a: Ferrothorn|24/100|[from] Stealth Rock
|move|p1a: Zapdos|Volt Switch|p2a: Ferrothorn
|-resisted|p2a: Ferrothorn
|-damage|p2a: Ferrothorn|8/100
|
|t:|1666550001
|switch|p1a: Barraskewda|Barraskewda, M|100/100|[from]move: Volt Switch
|-damage|p1a: Barraskewda|88/100|[from] Stealth Rock
|-damage|p1a: Barraskewda|76/100|[from] Spikes
|
|-weather|none
|-heal|p2a: Ferrothorn|15/100|[from] item: Leftovers
|upkeep
|turn|13
|
|t:|1666550009
|move|p1a: Barraskewda|Liquidation|p2a: Ferrothorn
|-resisted|p2a: Ferrothorn
|-damage|p2a: Ferrothorn|0 fnt
|-damage|p1a: Barraskewda|64/100|[from] ability: Iron Barbs|[of] p2a: Ferrothorn
|faint|p2a: Ferrothorn
|
|upkeep
|
|t:|1666550020
|switch|p2a: Suicune|Suicune|100/100
|-damage|p2a: Suicune|88/100|[from] Stealth Rock
|-ability|p2a: Suicune|Pressure
|turn|14
|
|t:|1666550027
|switch|p1a: Pelipper|Pelipper, F|100/100
|-damage|p1a: Pelipper|76/100|[from] Stealth Rock
|-weather|RainDance|[from] ability: Drizzle|[of] p1a: Pelipper
|move|p2a: Suicune|Ice Beam|p1a: Pelipper
|-damage|p1a: Pelipper|59/100
|
|-weather|RainDance|[upkeep]
|-heal|p2a: Suicune|94/100|[from] item: Leftovers
|upkeep
|turn|15
|
|t:|1666550039
|move|p2a: Suicune|Calm Mind|p2a: Suicune
|-boost|p2a: Suicune|spa|1
|-boost|p2a: Suicune|spd|1
|move|p1a: Pelipper|U-turn|p2a: Suicune
|-damage|p2a: Suicune|89/100
|
|t:|1666550045
|switch|p1a: Zapdos|Zapdos|69/100 tox|[from]move: U-turn
|
|-weather|RainDance|[upkeep]
|-heal|p2a: Suicune|95/100|[from] item: Leftovers
|-damage|p1a: Zapdos|63/100 tox|[from] psn
|upkeep
|turn|16
|
|t:|1666550052
|move|p1a: Zapdos|Thunder|p2a: Suicune
|-supereffective|p2a: Suicune
|-damage|p2a: Suicune|38/100
|move|p2a: Suicune|Ice Beam|p1a: Zapdos
|-supereffective|p1a: Zapdos
|-damage|p1a: Zapdos|1/100 tox
|
|-weather|RainDance|[upkeep]
|-heal|p2a: Suicune|45/100|[from] item: Leftovers
|-damage|p1a: Zapdos|0 fnt|[from] psn
|faint|p1a: Zapdos
|upkeep
|inactive|Makuryu has 120 seconds left.
|
|t:|1666550103
|switch|p1a: Barraskewda|Barraskewda, M|64/100
|-damage|p1a: Barraskewda|52/100|[from] Stealth Rock
|-damage|p1a: Barraskewda|40/100|[from] Spikes
|turn|17
|
|t:|1666550110
|move|p1a: Barraskewda|Close Combat|p2a: Suicune
|-damage|p2a: Suicune|10/100
|-unboost|p1a: Barraskewda|def|1
|-unboost|p1a: Barraskewda|spd|1
|move|p2a: Suicune|Scald|p1a: Barraskewda
|-resisted|p1a: Barraskewda
|-damage|p1a: Barraskewda|0 fnt
|faint|p1a: Barraskewda
|
|-weather|RainDance|[upkeep]
|-heal|p2a: Suicune|16/100|[from] item: Leftovers
|upkeep
|inactive|Makuryu has 90 seconds left.
|
|t:|1666550145
|switch|p1a: Crawdaunt|Crawdaunt, F|100/100
|-damage|p1a: Crawdaunt|88/100|[from] Stealth Rock
|-damage|p1a: Crawdaunt|76/100|[from] Spikes
|turn|18
|
|t:|1666550152
|move|p1a: Crawdaunt|Aqua Jet|p2a: Suicune
|-resisted|p2a: Suicune
|-damage|p2a: Suicune|1/100
|-damage|p1a: Crawdaunt|66/100|[from] item: Life Orb
|move|p2a: Suicune|Scald|p1a: Crawdaunt
|-resisted|p1a: Crawdaunt
|-damage|p1a: Crawdaunt|9/100
|
|-weather|RainDance|[upkeep]
|-heal|p2a: Suicune|7/100|[from] item: Leftovers
|upkeep
|turn|19
|inactive|Makuryu has 90 seconds left.
|
|t:|1666550162
|move|p1a: Crawdaunt|Aqua Jet|p2a: Suicune
|-resisted|p2a: Suicune
|-damage|p2a: Suicune|0 fnt
|faint|p2a: Suicune
|-damage|p1a: Crawdaunt|0 fnt|[from] item: Life Orb
|faint|p1a: Crawdaunt
|
|-weather|RainDance|[upkeep]
|upkeep
|-message|Makuryu forfeited.
|
|win|Venositile
|raw|Makuryu's rating: 1620 &rarr; <strong>1604</strong><br />(-16 for losing)
|raw|Venositile's rating: 1696 &rarr; <strong>1712</strong><br />(+16 for winning)
|l|☆Makuryu
