|j|☆Proftreez
|j|☆lord cube
|player|p1|Proftreez|teacher-gen2|1771
|player|p2|lord cube|riley|1636
|teamsize|p1|6
|teamsize|p2|6
|gametype|singles
|gen|8
|tier|[Gen 8] OU
|rated|
|clearpoke
|poke|p1|Primarina, F|
|poke|p1|Weezing-Galar, M|
|poke|p1|Bronzong|
|poke|p1|Lanturn, M|
|poke|p1|Kommo-o, M|
|poke|p1|Mantine, M|
|poke|p2|Primarina, M|
|poke|p2|Ferrothorn, M|
|poke|p2|Bisharp, F|
|poke|p2|Gengar, F|
|poke|p2|Rotom-Heat|
|poke|p2|Clefable, F|
|rule|Sleep Clause Mod: Limit one foe put to sleep
|rule|Species Clause: Limit one of each Pokémon
|rule|OHKO Clause: OHKO moves are banned
|rule|Evasion Moves Clause: Evasion moves are banned
|rule|Endless Battle Clause: Forcing endless battles is banned
|rule|HP Percentage Mod: HP is shown in percentages
|rule|Dynamax Clause: You cannot dynamax
|teampreview
|
|start
|switch|p1a: Liberty|Bronzong|100/100
|switch|p2a: Clefable|Clefable, F|100/100
|turn|1
|
|move|p1a: Liberty|Stealth Rock|p2a: Clefable
|-sidestart|p2: lord cube|move: Stealth Rock
|move|p2a: Clefable|Stealth Rock|p1a: Liberty
|-sidestart|p1: Proftreez|move: Stealth Rock
|
|upkeep
|turn|2
|
|switch|p1a: Post|Lanturn, M|100/100
|-damage|p1a: Post|88/100|[from] Stealth Rock
|move|p2a: Clefable|Thunder Wave|p1a: Post
|-heal|p1a: Post|100/100|[from] ability: Volt Absorb|[of] p2a: Clefable
|
|upkeep
|turn|3
|
|move|p1a: Post|Volt Switch|p2a: Clefable
|-damage|p2a: Clefable|85/100
|
|switch|p1a: Liberty|Bronzong|100/100|[from]move: Volt Switch
|-damage|p1a: Liberty|94/100|[from] Stealth Rock
|move|p2a: Clefable|Moonblast|p1a: Liberty
|-resisted|p1a: Liberty
|-damage|p1a: Liberty|83/100
|
|-heal|p2a: Clefable|91/100|[from] item: Leftovers
|upkeep
|turn|4
|j| Team Rocket Ace
|
|move|p1a: Liberty|Trick|p2a: Clefable
|-activate|p1a: Liberty|move: Trick|[of] p2a: Clefable
|-item|p2a: Clefable|Choice Scarf|[from] move: Trick
|-item|p1a: Liberty|Leftovers|[from] move: Trick
|move|p2a: Clefable|Thunder Wave|p1a: Liberty
|-status|p1a: Liberty|par
|
|-heal|p1a: Liberty|89/100 par|[from] item: Leftovers
|upkeep
|turn|5
|
|switch|p2a: Bisharp|Bisharp, F|100/100
|-damage|p2a: Bisharp|95/100|[from] Stealth Rock
|switch|p1a: Cassandra|Primarina, F|100/100
|-damage|p1a: Cassandra|88/100|[from] Stealth Rock
|
|-heal|p1a: Cassandra|94/100|[from] item: Leftovers
|upkeep
|turn|6
|
|switch|p1a: Armor 20|Kommo-o, M|100/100
|-damage|p1a: Armor 20|94/100|[from] Stealth Rock
|move|p2a: Bisharp|Knock Off|p1a: Armor 20
|-resisted|p1a: Armor 20
|-damage|p1a: Armor 20|65/100
|-enditem|p1a: Armor 20|Leftovers|[from] move: Knock Off|[of] p2a: Bisharp
|
|upkeep
|turn|7
|
|switch|p2a: Rotom|Rotom-Heat|100/100
|move|p1a: Armor 20|Drain Punch|p2a: Rotom
|-damage|p2a: Rotom|73/100
|-heal|p1a: Armor 20|78/100|[from] drain|[of] p2a: Rotom
|
|upkeep
|turn|8
|
|switch|p1a: Post|Lanturn, M|100/100
|-damage|p1a: Post|88/100|[from] Stealth Rock
|move|p2a: Rotom|Toxic|p1a: Post
|-status|p1a: Post|tox
|
|-heal|p1a: Post|94/100 tox|[from] item: Leftovers
|-damage|p1a: Post|88/100 tox|[from] psn
|upkeep
|turn|9
|
|switch|p2a: Clefable|Clefable, F|91/100
|move|p1a: Post|Heal Bell|p1a: Post
|-activate|p1a: Post|move: Heal Bell
|-curestatus|p1a: Post|tox|[msg]
|-curestatus|p1: Liberty|par|[msg]
|
|-heal|p1a: Post|94/100|[from] item: Leftovers
|upkeep
|turn|10
|
|move|p2a: Clefable|Thunder Wave|p1a: Post
|-heal|p1a: Post|100/100|[from] ability: Volt Absorb|[of] p2a: Clefable
|move|p1a: Post|Discharge|p2a: Clefable
|-damage|p2a: Clefable|73/100
|
|upkeep
|turn|11
|
|switch|p2a: Ferrothorn|Ferrothorn, M|100/100
|-damage|p2a: Ferrothorn|94/100|[from] Stealth Rock
|move|p1a: Post|Volt Switch|p2a: Ferrothorn
|-resisted|p2a: Ferrothorn
|-damage|p2a: Ferrothorn|85/100
|
|switch|p1a: Cassandra|Primarina, F|94/100|[from]move: Volt Switch
|-damage|p1a: Cassandra|82/100|[from] Stealth Rock
|
|-heal|p1a: Cassandra|88/100|[from] item: Leftovers
|-heal|p2a: Ferrothorn|91/100|[from] item: Leftovers
|upkeep
|turn|12
|
|switch|p2a: Rotom|Rotom-Heat|73/100
|move|p1a: Cassandra|Substitute|p1a: Cassandra
|-start|p1a: Cassandra|Substitute
|-damage|p1a: Cassandra|63/100
|
|-heal|p1a: Cassandra|69/100|[from] item: Leftovers
|upkeep
|turn|13
|
|move|p2a: Rotom|Volt Switch|p1a: Cassandra
|-supereffective|p1a: Cassandra
|-end|p1a: Cassandra|Substitute
|
|switch|p2a: Primarina|Primarina, M|100/100|[from]move: Volt Switch
|-damage|p2a: Primarina|88/100|[from] Stealth Rock
|move|p1a: Cassandra|Scald|p2a: Primarina
|-resisted|p2a: Primarina
|-damage|p2a: Primarina|74/100
|
|-heal|p1a: Cassandra|75/100|[from] item: Leftovers
|-heal|p2a: Primarina|80/100|[from] item: Leftovers
|upkeep
|turn|14
|
|move|p1a: Cassandra|Moonblast|p2a: Primarina
|-damage|p2a: Primarina|48/100
|move|p2a: Primarina|Calm Mind|p2a: Primarina
|-boost|p2a: Primarina|spa|1
|-boost|p2a: Primarina|spd|1
|
|-heal|p1a: Cassandra|82/100|[from] item: Leftovers
|-heal|p2a: Primarina|54/100|[from] item: Leftovers
|upkeep
|turn|15
|
|move|p1a: Cassandra|Calm Mind|p1a: Cassandra
|-boost|p1a: Cassandra|spa|1
|-boost|p1a: Cassandra|spd|1
|move|p2a: Primarina|Moonblast|p1a: Cassandra
|-damage|p1a: Cassandra|47/100
|-unboost|p1a: Cassandra|spa|1
|
|-heal|p1a: Cassandra|53/100|[from] item: Leftovers
|-heal|p2a: Primarina|60/100|[from] item: Leftovers
|upkeep
|turn|16
|
|move|p1a: Cassandra|Calm Mind|p1a: Cassandra
|-boost|p1a: Cassandra|spa|1
|-boost|p1a: Cassandra|spd|1
|move|p2a: Primarina|Moonblast|p1a: Cassandra
|-damage|p1a: Cassandra|26/100
|
|-heal|p1a: Cassandra|33/100|[from] item: Leftovers
|-heal|p2a: Primarina|66/100|[from] item: Leftovers
|upkeep
|turn|17
|
|move|p1a: Cassandra|Moonblast|p2a: Primarina
|-damage|p2a: Primarina|35/100
|move|p2a: Primarina|Moonblast|p1a: Cassandra
|-damage|p1a: Cassandra|8/100
|
|-heal|p1a: Cassandra|14/100|[from] item: Leftovers
|-heal|p2a: Primarina|41/100|[from] item: Leftovers
|upkeep
|turn|18
|
|switch|p2a: Rotom|Rotom-Heat|73/100
|move|p1a: Cassandra|Moonblast|p2a: Rotom
|-resisted|p2a: Rotom
|-damage|p2a: Rotom|44/100
|
|-heal|p1a: Cassandra|20/100|[from] item: Leftovers
|upkeep
|turn|19
|
|switch|p1a: Post|Lanturn, M|100/100
|-damage|p1a: Post|88/100|[from] Stealth Rock
|move|p2a: Rotom|Volt Switch|p1a: Post
|-heal|p1a: Post|100/100|[from] ability: Volt Absorb|[of] p2a: Rotom
|
|upkeep
|turn|20
|
|switch|p2a: Ferrothorn|Ferrothorn, M|91/100
|-damage|p2a: Ferrothorn|85/100|[from] Stealth Rock
|move|p1a: Post|Volt Switch|p2a: Ferrothorn
|-resisted|p2a: Ferrothorn
|-damage|p2a: Ferrothorn|76/100
|
|switch|p1a: Armor 20|Kommo-o, M|78/100|[from]move: Volt Switch
|-damage|p1a: Armor 20|72/100|[from] Stealth Rock
|
|-heal|p2a: Ferrothorn|82/100|[from] item: Leftovers
|upkeep
|turn|21
|
|switch|p2a: Clefable|Clefable, F|73/100
|move|p1a: Armor 20|Swords Dance|p1a: Armor 20
|-boost|p1a: Armor 20|atk|2
|
|upkeep
|turn|22
|
|switch|p1a: Liberty|Bronzong|89/100
|-damage|p1a: Liberty|83/100|[from] Stealth Rock
|move|p2a: Clefable|Moonblast|p1a: Liberty
|-resisted|p1a: Liberty
|-damage|p1a: Liberty|72/100
|-unboost|p1a: Liberty|spa|1
|
|-heal|p1a: Liberty|78/100|[from] item: Leftovers
|upkeep
|turn|23
|j| LC❤VS
|
|switch|p2a: Rotom|Rotom-Heat|44/100
|switch|p1a: Smog Banks|Weezing-Galar, M|100/100
|-damage|p1a: Smog Banks|88/100|[from] Stealth Rock
|
|-heal|p1a: Smog Banks|94/100|[from] item: Leftovers
|upkeep
|turn|24
|
|switch|p1a: Post|Lanturn, M|100/100
|-damage|p1a: Post|88/100|[from] Stealth Rock
|move|p2a: Rotom|Toxic|p1a: Post
|-status|p1a: Post|tox
|
|-heal|p1a: Post|94/100 tox|[from] item: Leftovers
|-damage|p1a: Post|88/100 tox|[from] psn
|upkeep
|turn|25
|
|switch|p2a: Bisharp|Bisharp, F|95/100
|-damage|p2a: Bisharp|89/100|[from] Stealth Rock
|move|p1a: Post|Heal Bell|p1a: Post
|-activate|p1a: Post|move: Heal Bell
|-curestatus|p1a: Post|tox|[msg]
|
|-heal|p1a: Post|94/100|[from] item: Leftovers
|upkeep
|turn|26
|
|switch|p1a: Armor 20|Kommo-o, M|72/100
|-damage|p1a: Armor 20|65/100|[from] Stealth Rock
|move|p2a: Bisharp|Knock Off|p1a: Armor 20
|-resisted|p1a: Armor 20
|-crit|p1a: Armor 20
|-damage|p1a: Armor 20|36/100
|
|upkeep
|turn|27
|
|switch|p2a: Gengar|Gengar, F|100/100
|-damage|p2a: Gengar|88/100|[from] Stealth Rock
|move|p1a: Armor 20|Drain Punch|p2a: Gengar
|-immune|p2a: Gengar
|
|-heal|p2a: Gengar|94/100|[from] item: Black Sludge
|upkeep
|turn|28
|
|switch|p1a: Rei|Mantine, M|100/100
|move|p2a: Gengar|Substitute|p2a: Gengar
|-start|p2a: Gengar|Substitute
|-damage|p2a: Gengar|69/100
|
|-heal|p2a: Gengar|76/100|[from] item: Black Sludge
|upkeep
|turn|29
|
|move|p2a: Gengar|Will-O-Wisp|p1a: Rei
|-status|p1a: Rei|brn
|move|p1a: Rei|Scald|p2a: Gengar
|-end|p2a: Gengar|Substitute
|
|-heal|p2a: Gengar|82/100|[from] item: Black Sludge
|-damage|p1a: Rei|94/100 brn|[from] brn
|upkeep
|turn|30
|
|move|p2a: Gengar|Substitute|p2a: Gengar
|-start|p2a: Gengar|Substitute
|-damage|p2a: Gengar|57/100
|move|p1a: Rei|Mirror Coat||[still]
|-fail|p1a: Rei
|
|-heal|p2a: Gengar|63/100|[from] item: Black Sludge
|-damage|p1a: Rei|88/100 brn|[from] brn
|upkeep
|turn|31
|
|move|p2a: Gengar|Hex|p1a: Rei
|-damage|p1a: Rei|49/100 brn
|move|p1a: Rei|Scald|p2a: Gengar
|-end|p2a: Gengar|Substitute
|
|-heal|p2a: Gengar|69/100|[from] item: Black Sludge
|-damage|p1a: Rei|43/100 brn|[from] brn
|upkeep
|turn|32
|
|switch|p2a: Bisharp|Bisharp, F|89/100
|-damage|p2a: Bisharp|83/100|[from] Stealth Rock
|move|p1a: Rei|Roost|p1a: Rei
|-heal|p1a: Rei|93/100 brn
|-singleturn|p1a: Rei|move: Roost
|
|-damage|p1a: Rei|87/100 brn|[from] brn
|upkeep
|turn|33
|
|move|p2a: Bisharp|Knock Off|p1a: Rei
|-damage|p1a: Rei|20/100 brn
|-enditem|p1a: Rei|Heavy-Duty Boots|[from] move: Knock Off|[of] p2a: Bisharp
|move|p1a: Rei|Scald|p2a: Bisharp
|-damage|p2a: Bisharp|43/100
|-status|p2a: Bisharp|brn
|
|-damage|p2a: Bisharp|37/100 brn|[from] brn
|-damage|p1a: Rei|14/100 brn|[from] brn
|upkeep
|turn|34
|
|move|p2a: Bisharp|Knock Off|p1a: Rei
|-damage|p1a: Rei|0 fnt
|faint|p1a: Rei
|
|-damage|p2a: Bisharp|31/100 brn|[from] brn
|upkeep
|
|switch|p1a: Armor 20|Kommo-o, M|36/100
|-damage|p1a: Armor 20|30/100|[from] Stealth Rock
|turn|35
|
|switch|p2a: Clefable|Clefable, F|73/100
|move|p1a: Armor 20|Earthquake|p2a: Clefable
|-damage|p2a: Clefable|42/100
|
|upkeep
|turn|36
|
|switch|p1a: Liberty|Bronzong|78/100
|-damage|p1a: Liberty|72/100|[from] Stealth Rock
|move|p2a: Clefable|Soft-Boiled|p2a: Clefable
|-heal|p2a: Clefable|92/100
|
|-heal|p1a: Liberty|78/100|[from] item: Leftovers
|upkeep
|turn|37
|
|switch|p2a: Ferrothorn|Ferrothorn, M|82/100
|-damage|p2a: Ferrothorn|76/100|[from] Stealth Rock
|switch|p1a: Armor 20|Kommo-o, M|30/100
|-damage|p1a: Armor 20|24/100|[from] Stealth Rock
|
|-heal|p2a: Ferrothorn|82/100|[from] item: Leftovers
|upkeep
|turn|38
|
|switch|p2a: Clefable|Clefable, F|92/100
|move|p1a: Armor 20|Drain Punch|p2a: Clefable
|-resisted|p2a: Clefable
|-damage|p2a: Clefable|75/100
|-heal|p1a: Armor 20|34/100|[from] drain|[of] p2a: Clefable
|
|upkeep
|turn|39
|
|switch|p1a: Liberty|Bronzong|78/100
|-damage|p1a: Liberty|72/100|[from] Stealth Rock
|switch|p2a: Gengar|Gengar, F|69/100
|-damage|p2a: Gengar|57/100|[from] Stealth Rock
|
|-heal|p2a: Gengar|63/100|[from] item: Black Sludge
|-heal|p1a: Liberty|78/100|[from] item: Leftovers
|upkeep
|turn|40
|
|move|p2a: Gengar|Substitute|p2a: Gengar
|-start|p2a: Gengar|Substitute
|-damage|p2a: Gengar|38/100
|move|p1a: Liberty|Earthquake|p2a: Gengar
|-supereffective|p2a: Gengar
|-end|p2a: Gengar|Substitute
|
|-heal|p2a: Gengar|44/100|[from] item: Black Sludge
|-heal|p1a: Liberty|84/100|[from] item: Leftovers
|upkeep
|turn|41
|
|switch|p2a: Rotom|Rotom-Heat|44/100
|move|p1a: Liberty|Earthquake|p2a: Rotom
|-immune|p2a: Rotom|[from] ability: Levitate
|
|-heal|p1a: Liberty|90/100|[from] item: Leftovers
|upkeep
|turn|42
|
|switch|p1a: Post|Lanturn, M|94/100
|-damage|p1a: Post|82/100|[from] Stealth Rock
|move|p2a: Rotom|Toxic|p1a: Post
|-status|p1a: Post|tox
|
|-heal|p1a: Post|88/100 tox|[from] item: Leftovers
|-damage|p1a: Post|82/100 tox|[from] psn
|upkeep
|turn|43
|
|switch|p2a: Bisharp|Bisharp, F|31/100 brn
|-damage|p2a: Bisharp|25/100 brn|[from] Stealth Rock
|move|p1a: Post|Scald|p2a: Bisharp
|-damage|p2a: Bisharp|0 fnt
|faint|p2a: Bisharp
|
|-heal|p1a: Post|88/100 tox|[from] item: Leftovers
|-damage|p1a: Post|76/100 tox|[from] psn
|upkeep
|
|switch|p2a: Gengar|Gengar, F|44/100
|-damage|p2a: Gengar|32/100|[from] Stealth Rock
|turn|44
|
|move|p2a: Gengar|Hex|p1a: Post
|-damage|p1a: Post|23/100 tox
|move|p1a: Post|Discharge|p2a: Gengar
|-crit|p2a: Gengar
|-damage|p2a: Gengar|0 fnt
|faint|p2a: Gengar
|
|-heal|p1a: Post|29/100 tox|[from] item: Leftovers
|-damage|p1a: Post|10/100 tox|[from] psn
|upkeep
|
|switch|p2a: Rotom|Rotom-Heat|44/100
|turn|45
|
|move|p2a: Rotom|Overheat|p1a: Post
|-resisted|p1a: Post
|-damage|p1a: Post|0 fnt
|-unboost|p2a: Rotom|spa|2
|faint|p1a: Post
|
|upkeep
|
|switch|p1a: Armor 20|Kommo-o, M|34/100
|-damage|p1a: Armor 20|28/100|[from] Stealth Rock
|turn|46
|
|switch|p2a: Clefable|Clefable, F|75/100
|move|p1a: Armor 20|Drain Punch|p2a: Clefable
|-resisted|p2a: Clefable
|-damage|p2a: Clefable|58/100
|-heal|p1a: Armor 20|39/100|[from] drain|[of] p2a: Clefable
|
|upkeep
|turn|47
|
|switch|p1a: Liberty|Bronzong|90/100
|-damage|p1a: Liberty|84/100|[from] Stealth Rock
|move|p2a: Clefable|Thunder Wave|p1a: Liberty
|-status|p1a: Liberty|par
|
|-heal|p1a: Liberty|90/100 par|[from] item: Leftovers
|upkeep
|turn|48
|
|switch|p2a: Rotom|Rotom-Heat|44/100
|switch|p1a: Armor 20|Kommo-o, M|39/100
|-damage|p1a: Armor 20|33/100|[from] Stealth Rock
|
|upkeep
|turn|49
|
|switch|p2a: Clefable|Clefable, F|58/100
|move|p1a: Armor 20|Drain Punch|p2a: Clefable
|-resisted|p2a: Clefable
|-damage|p2a: Clefable|43/100
|-heal|p1a: Armor 20|42/100|[from] drain|[of] p2a: Clefable
|
|upkeep
|turn|50
|
|switch|p1a: Liberty|Bronzong|90/100 par
|-damage|p1a: Liberty|84/100 par|[from] Stealth Rock
|move|p2a: Clefable|Soft-Boiled|p2a: Clefable
|-heal|p2a: Clefable|93/100
|
|-heal|p1a: Liberty|90/100 par|[from] item: Leftovers
|upkeep
|turn|51
|
|switch|p2a: Rotom|Rotom-Heat|44/100
|switch|p1a: Armor 20|Kommo-o, M|42/100
|-damage|p1a: Armor 20|36/100|[from] Stealth Rock
|
|upkeep
|turn|52
|
|switch|p2a: Clefable|Clefable, F|93/100
|move|p1a: Armor 20|Drain Punch|p2a: Clefable
|-resisted|p2a: Clefable
|-damage|p2a: Clefable|77/100
|-heal|p1a: Armor 20|46/100|[from] drain|[of] p2a: Clefable
|
|upkeep
|turn|53
|
|switch|p1a: Liberty|Bronzong|90/100 par
|-damage|p1a: Liberty|84/100 par|[from] Stealth Rock
|move|p2a: Clefable|Moonblast|p1a: Liberty
|-resisted|p1a: Liberty
|-damage|p1a: Liberty|71/100 par
|
|-heal|p1a: Liberty|78/100 par|[from] item: Leftovers
|upkeep
|turn|54
|
|switch|p2a: Rotom|Rotom-Heat|44/100
|cant|p1a: Liberty|par
|
|-heal|p1a: Liberty|84/100 par|[from] item: Leftovers
|upkeep
|turn|55
|
|switch|p1a: Cassandra|Primarina, F|20/100
|-damage|p1a: Cassandra|8/100|[from] Stealth Rock
|move|p2a: Rotom|Toxic|p1a: Cassandra
|-status|p1a: Cassandra|tox
|
|-heal|p1a: Cassandra|14/100 tox|[from] item: Leftovers
|-damage|p1a: Cassandra|8/100 tox|[from] psn
|upkeep
|turn|56
|
|move|p2a: Rotom|Volt Switch|p1a: Cassandra
|-supereffective|p1a: Cassandra
|-damage|p1a: Cassandra|0 fnt
|faint|p1a: Cassandra
|
|switch|p2a: Clefable|Clefable, F|77/100|[from]move: Volt Switch
|
|upkeep
|
|switch|p1a: Liberty|Bronzong|84/100 par
|-damage|p1a: Liberty|78/100 par|[from] Stealth Rock
|turn|57
|
|switch|p1a: Armor 20|Kommo-o, M|46/100
|-damage|p1a: Armor 20|40/100|[from] Stealth Rock
|move|p2a: Clefable|Moonblast|p1a: Armor 20
|-supereffective|p1a: Armor 20
|-damage|p1a: Armor 20|0 fnt
|faint|p1a: Armor 20
|
|upkeep
|
|switch|p1a: Smog Banks|Weezing-Galar, M|94/100
|-damage|p1a: Smog Banks|82/100|[from] Stealth Rock
|turn|58
|
|switch|p2a: Ferrothorn|Ferrothorn, M|82/100
|-damage|p2a: Ferrothorn|76/100|[from] Stealth Rock
|move|p1a: Smog Banks|Strange Steam|p2a: Ferrothorn
|-resisted|p2a: Ferrothorn
|-damage|p2a: Ferrothorn|62/100
|
|-heal|p1a: Smog Banks|88/100|[from] item: Leftovers
|-heal|p2a: Ferrothorn|69/100|[from] item: Leftovers
|upkeep
|turn|59
|
|move|p1a: Smog Banks|Will-O-Wisp|p2a: Ferrothorn|[miss]
|-miss|p1a: Smog Banks|p2a: Ferrothorn
|move|p2a: Ferrothorn|Leech Seed|p1a: Smog Banks
|-start|p1a: Smog Banks|move: Leech Seed
|
|-heal|p1a: Smog Banks|94/100|[from] item: Leftovers
|-heal|p2a: Ferrothorn|75/100|[from] item: Leftovers
|-damage|p1a: Smog Banks|81/100|[from] Leech Seed|[of] p2a: Ferrothorn
|-heal|p2a: Ferrothorn|87/100|[silent]
|upkeep
|turn|60
|c|☆Proftreez|F
|c|☆Proftreez|gg
|-message|Proftreez forfeited.
|
|win|lord cube
|l|☆Proftreez
|raw|Proftreez's rating: 1771 &rarr; <strong>1744</strong><br />(-27 for losing)
|raw|lord cube's rating: 1636 &rarr; <strong>1663</strong><br />(+27 for winning)
|c|☆lord cube|im sorry
|c|☆lord cube|gg
