|j|☆Hariaki
|j|‽hypervortexreturns
|t:|1665486656
|gametype|singles
|player|p1|Hariaki|102|1799
|player|p2|hypervortexreturns|170|1895
|teamsize|p1|6
|teamsize|p2|6
|gen|8
|tier|[Gen 8] OU
|rated|
|rule|Sleep Clause Mod: Limit one foe put to sleep
|rule|Species Clause: Limit one of each Pokémon
|rule|OHKO Clause: OHKO moves are banned
|rule|Evasion Items Clause: Evasion items are banned
|rule|Evasion Moves Clause: Evasion moves are banned
|rule|Endless Battle Clause: Forcing endless battles is banned
|rule|HP Percentage Mod: HP is shown in percentages
|rule|Dynamax Clause: You cannot dynamax
|clearpoke
|poke|p1|Polteageist-Antique|
|poke|p1|Corviknight, M|
|poke|p1|Urshifu-*, F|
|poke|p1|Nidoking, M|
|poke|p1|Blissey, F|
|poke|p1|Dragonite, M|
|poke|p2|Hydreigon, M|
|poke|p2|Zapdos|
|poke|p2|Tangrowth, M|
|poke|p2|Corviknight, F|
|poke|p2|Excadrill, F|
|poke|p2|Azumarill, M|
|teampreview
|inactive|Battle timer is ON: inactive players will automatically lose when time's up. (requested by Hariaki)
|
|t:|1665486680
|start
|switch|p1a: Urshifu|Urshifu-Rapid-Strike, F|100/100
|switch|p2a: Excadrill|Excadrill, F|100/100
|-ability|p2a: Excadrill|Mold Breaker
|turn|1
|j| wdz999
|
|t:|1665486700
|switch|p1a: Blissey|Blissey, F|100/100
|switch|p2a: Tangrowth|Tangrowth, M|100/100
|
|upkeep
|turn|2
|
|t:|1665486712
|switch|p2a: Excadrill|Excadrill, F|100/100
|-ability|p2a: Excadrill|Mold Breaker
|move|p1a: Blissey|Teleport|p1a: Blissey
|
|t:|1665486718
|switch|p1a: Dragonite|Dragonite, M|100/100|[from]move: Teleport
|
|upkeep
|turn|3
|
|t:|1665486733
|switch|p2a: Corviknight|Corviknight, F|100/100
|-ability|p2a: Corviknight|Pressure
|move|p1a: Dragonite|Dragon Dance|p1a: Dragonite
|-boost|p1a: Dragonite|atk|1
|-boost|p1a: Dragonite|spe|1
|
|upkeep
|turn|4
|
|t:|1665486742
|move|p1a: Dragonite|Dragon Dance|p1a: Dragonite
|-boost|p1a: Dragonite|atk|1
|-boost|p1a: Dragonite|spe|1
|move|p2a: Corviknight|Bulk Up|p2a: Corviknight
|-boost|p2a: Corviknight|atk|1
|-boost|p2a: Corviknight|def|1
|
|upkeep
|turn|5
|
|t:|1665486758
|switch|p1a: Nidoking|Nidoking, M|100/100
|move|p2a: Corviknight|Bulk Up|p2a: Corviknight
|-boost|p2a: Corviknight|atk|1
|-boost|p2a: Corviknight|def|1
|
|upkeep
|turn|6
|j| Ctannn
|inactive|hypervortexreturns has 120 seconds left.
|
|t:|1665486805
|switch|p2a: Zapdos|Zapdos|100/100
|move|p1a: Nidoking|Fire Blast|p2a: Zapdos
|-damage|p2a: Zapdos|46/100
|
|upkeep
|turn|7
|
|t:|1665486815
|move|p2a: Zapdos|Hurricane|p1a: Nidoking
|-damage|p1a: Nidoking|39/100
|move|p1a: Nidoking|Ice Beam|p2a: Zapdos
|-supereffective|p2a: Zapdos
|-damage|p2a: Zapdos|0 fnt
|faint|p2a: Zapdos
|
|upkeep
|inactive|hypervortexreturns has 90 seconds left.
|
|t:|1665486825
|switch|p2a: Excadrill|Excadrill, F|100/100
|-ability|p2a: Excadrill|Mold Breaker
|turn|8
|inactive|hypervortexreturns has 90 seconds left.
|
|t:|1665486837
|switch|p1a: Corviknight|Corviknight, M|100/100
|move|p2a: Excadrill|Stealth Rock|p1a: Corviknight
|-sidestart|p1: Hariaki|move: Stealth Rock
|
|upkeep
|turn|9
|inactive|hypervortexreturns has 90 seconds left.
|
|t:|1665486851
|switch|p2a: Tangrowth|Tangrowth, M|100/100
|move|p1a: Corviknight|Defog|p2a: Tangrowth
|-unboost|p2a: Tangrowth|evasion|1
|-sideend|p1: Hariaki|Stealth Rock|[from] move: Defog|[of] p1a: Corviknight
|
|upkeep
|turn|10
|
|t:|1665486858
|switch|p1a: Blissey|Blissey, F|100/100
|move|p2a: Tangrowth|Knock Off|p1a: Blissey
|-damage|p1a: Blissey|83/100
|-enditem|p1a: Blissey|Leftovers|[from] move: Knock Off|[of] p2a: Tangrowth
|
|upkeep
|turn|11
|
|t:|1665486869
|move|p2a: Tangrowth|Sleep Powder|p1a: Blissey
|-status|p1a: Blissey|slp|[from] move: Sleep Powder
|cant|p1a: Blissey|slp
|
|upkeep
|turn|12
|
|t:|1665486880
|move|p2a: Tangrowth|Knock Off|p1a: Blissey
|-damage|p1a: Blissey|69/100 slp
|cant|p1a: Blissey|slp
|
|upkeep
|turn|13
|j| Zeessppritt
|inactive|hypervortexreturns has 90 seconds left.
|l| Zeessppritt
|l| wdz999
|
|t:|1665486899
|switch|p2a: Azumarill|Azumarill, M|100/100
|cant|p1a: Blissey|slp
|
|upkeep
|turn|14
|inactive|hypervortexreturns has 90 seconds left.
|
|t:|1665486909
|-curestatus|p1a: Blissey|slp|[from] ability: Natural Cure
|switch|p1a: Polteageist|Polteageist-Antique|100/100
|move|p2a: Azumarill|Belly Drum|p2a: Azumarill
|-damage|p2a: Azumarill|50/100
|-setboost|p2a: Azumarill|atk|6|[from] move: Belly Drum
|-enditem|p2a: Azumarill|Sitrus Berry|[eat]
|-heal|p2a: Azumarill|75/100|[from] item: Sitrus Berry
|
|upkeep
|turn|15
|inactive|hypervortexreturns has 90 seconds left.
|
|t:|1665486921
|move|p2a: Azumarill|Aqua Jet|p1a: Polteageist
|-enditem|p1a: Polteageist|Focus Sash
|-damage|p1a: Polteageist|1/100
|-ability|p1a: Polteageist|Weak Armor|boost
|-unboost|p1a: Polteageist|def|1
|-boost|p1a: Polteageist|spe|2
|move|p1a: Polteageist|Giga Drain|p2a: Azumarill
|-supereffective|p2a: Azumarill
|-damage|p2a: Azumarill|8/100
|-heal|p1a: Polteageist|45/100|[from] drain|[of] p2a: Azumarill
|
|upkeep
|turn|16
|inactive|hypervortexreturns has 90 seconds left.
|
|t:|1665486933
|switch|p1a: Corviknight|Corviknight, M|100/100
|move|p2a: Azumarill|Aqua Jet|p1a: Corviknight
|-damage|p1a: Corviknight|36/100
|-damage|p2a: Azumarill|0 fnt|[from] item: Rocky Helmet|[of] p1a: Corviknight
|faint|p2a: Azumarill
|
|upkeep
|inactive|hypervortexreturns has 90 seconds left.
|
|t:|1665486954
|switch|p2a: Corviknight|Corviknight, F|100/100
|-ability|p2a: Corviknight|Pressure
|turn|17
|l| Ctannn
|
|t:|1665486969
|switch|p1a: Nidoking|Nidoking, M|39/100
|move|p2a: Corviknight|Taunt|p1a: Nidoking
|-start|p1a: Nidoking|move: Taunt
|
|upkeep
|turn|18
|inactive|hypervortexreturns has 60 seconds left.
|j| Ran Kob
|
|t:|1665487019
|move|p1a: Nidoking|Ice Beam|p2a: Corviknight
|-damage|p2a: Corviknight|70/100
|move|p2a: Corviknight|Brave Bird|p1a: Nidoking
|-damage|p1a: Nidoking|0 fnt
|faint|p1a: Nidoking
|-damage|p2a: Corviknight|61/100|[from] Recoil
|
|-heal|p2a: Corviknight|67/100|[from] item: Leftovers
|upkeep
|
|t:|1665487028
|switch|p1a: Urshifu|Urshifu-Rapid-Strike, F|100/100
|turn|19
|
|t:|1665487036
|switch|p2a: Tangrowth|Tangrowth, M|100/100
|move|p1a: Urshifu|Close Combat|p2a: Tangrowth
|-damage|p2a: Tangrowth|65/100
|-unboost|p1a: Urshifu|def|1
|-unboost|p1a: Urshifu|spd|1
|-damage|p1a: Urshifu|84/100|[from] item: Rocky Helmet|[of] p2a: Tangrowth
|
|upkeep
|turn|20
|
|t:|1665487049
|switch|p1a: Blissey|Blissey, F|69/100
|move|p2a: Tangrowth|Knock Off|p1a: Blissey
|-damage|p1a: Blissey|56/100
|
|upkeep
|turn|21
|
|t:|1665487058
|switch|p2a: Excadrill|Excadrill, F|100/100
|-ability|p2a: Excadrill|Mold Breaker
|move|p1a: Blissey|Toxic|p2a: Excadrill
|-immune|p2a: Excadrill
|
|upkeep
|turn|22
|inactive|hypervortexreturns has 60 seconds left.
|
|t:|1665487068
|move|p2a: Excadrill|Stealth Rock|p1a: Blissey
|-sidestart|p1: Hariaki|move: Stealth Rock
|move|p1a: Blissey|Teleport|p1a: Blissey
|j| Kyurem
|
|t:|1665487078
|switch|p1a: Corviknight|Corviknight, M|36/100|[from]move: Teleport
|-damage|p1a: Corviknight|23/100|[from] Stealth Rock
|
|upkeep
|turn|23
|
|t:|1665487086
|move|p2a: Excadrill|Iron Head|p1a: Corviknight
|-resisted|p1a: Corviknight
|-damage|p1a: Corviknight|11/100
|-damage|p2a: Excadrill|84/100|[from] item: Rocky Helmet|[of] p1a: Corviknight
|move|p1a: Corviknight|Roost|p1a: Corviknight
|-heal|p1a: Corviknight|61/100
|-singleturn|p1a: Corviknight|move: Roost
|
|-heal|p2a: Excadrill|90/100|[from] item: Leftovers
|upkeep
|turn|24
|
|t:|1665487099
|switch|p2a: Tangrowth|Tangrowth, M|98/100
|move|p1a: Corviknight|Defog|p2a: Tangrowth
|-unboost|p2a: Tangrowth|evasion|1
|-sideend|p1: Hariaki|Stealth Rock|[from] move: Defog|[of] p1a: Corviknight
|
|upkeep
|turn|25
|
|t:|1665487106
|move|p1a: Corviknight|Brave Bird|p2a: Tangrowth
|-supereffective|p2a: Tangrowth
|-damage|p2a: Tangrowth|56/100
|-damage|p1a: Corviknight|44/100|[from] item: Rocky Helmet|[of] p2a: Tangrowth
|-damage|p1a: Corviknight|30/100|[from] Recoil
|move|p2a: Tangrowth|Knock Off|p1a: Corviknight
|-damage|p1a: Corviknight|17/100
|-damage|p2a: Tangrowth|40/100|[from] item: Rocky Helmet|[of] p1a: Corviknight
|-enditem|p1a: Corviknight|Rocky Helmet|[from] move: Knock Off|[of] p2a: Tangrowth
|
|upkeep
|turn|26
|
|t:|1665487123
|switch|p2a: Hydreigon|Hydreigon, M|100/100
|move|p1a: Corviknight|Brave Bird|p2a: Hydreigon
|-damage|p2a: Hydreigon|62/100
|-damage|p1a: Corviknight|4/100|[from] Recoil
|
|-heal|p2a: Hydreigon|68/100|[from] item: Leftovers
|upkeep
|turn|27
|
|t:|1665487134
|move|p2a: Hydreigon|Dark Pulse|p1a: Corviknight
|-damage|p1a: Corviknight|0 fnt
|faint|p1a: Corviknight
|
|-heal|p2a: Hydreigon|74/100|[from] item: Leftovers
|upkeep
|
|t:|1665487135
|switch|p1a: Urshifu|Urshifu-Rapid-Strike, F|84/100
|turn|28
|
|t:|1665487149
|switch|p2a: Tangrowth|Tangrowth, M|73/100
|move|p1a: Urshifu|U-turn|p2a: Tangrowth
|-supereffective|p2a: Tangrowth
|-damage|p2a: Tangrowth|43/100
|-damage|p1a: Urshifu|68/100|[from] item: Rocky Helmet|[of] p2a: Tangrowth
|
|t:|1665487152
|switch|p1a: Polteageist|Polteageist-Antique|45/100|[from]move: U-turn
|
|upkeep
|turn|29
|inactive|hypervortexreturns has 90 seconds left.
|
|t:|1665487160
|switch|p2a: Hydreigon|Hydreigon, M|74/100
|move|p1a: Polteageist|Shadow Ball|p2a: Hydreigon
|-resisted|p2a: Hydreigon
|-damage|p2a: Hydreigon|53/100
|-unboost|p2a: Hydreigon|spd|1
|
|-heal|p2a: Hydreigon|59/100|[from] item: Leftovers
|upkeep
|turn|30
|inactive|hypervortexreturns has 90 seconds left.
|
|t:|1665487170
|switch|p1a: Urshifu|Urshifu-Rapid-Strike, F|68/100
|move|p2a: Hydreigon|Roost|p2a: Hydreigon
|-heal|p2a: Hydreigon|100/100
|-singleturn|p2a: Hydreigon|move: Roost
|
|upkeep
|turn|31
|inactive|hypervortexreturns has 90 seconds left.
|
|t:|1665487180
|switch|p2a: Tangrowth|Tangrowth, M|76/100
|move|p1a: Urshifu|Close Combat|p2a: Tangrowth
|-damage|p2a: Tangrowth|39/100
|-unboost|p1a: Urshifu|def|1
|-unboost|p1a: Urshifu|spd|1
|-damage|p1a: Urshifu|51/100|[from] item: Rocky Helmet|[of] p2a: Tangrowth
|
|upkeep
|turn|32
|inactive|hypervortexreturns has 90 seconds left.
|inactive|hypervortexreturns has 60 seconds left.
|
|t:|1665487220
|switch|p2a: Excadrill|Excadrill, F|90/100
|-ability|p2a: Excadrill|Mold Breaker
|move|p1a: Urshifu|Close Combat|p2a: Excadrill
|-supereffective|p2a: Excadrill
|-damage|p2a: Excadrill|0 fnt
|-unboost|p1a: Urshifu|def|1
|-unboost|p1a: Urshifu|spd|1
|faint|p2a: Excadrill
|
|upkeep
|inactive|hypervortexreturns has 60 seconds left.
|
|t:|1665487231
|switch|p2a: Tangrowth|Tangrowth, M|72/100
|turn|33
|inactive|hypervortexreturns has 60 seconds left.
|
|t:|1665487243
|switch|p1a: Polteageist|Polteageist-Antique|45/100
|move|p2a: Tangrowth|Sleep Powder|p1a: Polteageist
|-status|p1a: Polteageist|slp|[from] move: Sleep Powder
|
|upkeep
|turn|34
|
|t:|1665487250
|switch|p1a: Dragonite|Dragonite, M|100/100
|move|p2a: Tangrowth|Knock Off|p1a: Dragonite
|-damage|p1a: Dragonite|90/100
|-enditem|p1a: Dragonite|Leftovers|[from] move: Knock Off|[of] p2a: Tangrowth
|
|upkeep
|turn|35
|
|t:|1665487265
|switch|p2a: Corviknight|Corviknight, F|67/100
|-ability|p2a: Corviknight|Pressure
|move|p1a: Dragonite|Dragon Dance|p1a: Dragonite
|-boost|p1a: Dragonite|atk|1
|-boost|p1a: Dragonite|spe|1
|
|-heal|p2a: Corviknight|73/100|[from] item: Leftovers
|upkeep
|turn|36
|
|t:|1665487278
|move|p1a: Dragonite|Ice Punch|p2a: Corviknight
|-damage|p2a: Corviknight|44/100
|move|p2a: Corviknight|Bulk Up|p2a: Corviknight
|-boost|p2a: Corviknight|atk|1
|-boost|p2a: Corviknight|def|1
|
|-heal|p2a: Corviknight|50/100|[from] item: Leftovers
|upkeep
|turn|37
|
|t:|1665487287
|switch|p1a: Urshifu|Urshifu-Rapid-Strike, F|51/100
|move|p2a: Corviknight|Roost|p2a: Corviknight
|-heal|p2a: Corviknight|99/100
|-singleturn|p2a: Corviknight|move: Roost
|
|-heal|p2a: Corviknight|100/100|[from] item: Leftovers
|upkeep
|turn|38
|
|t:|1665487299
|switch|p1a: Blissey|Blissey, F|56/100
|switch|p2a: Tangrowth|Tangrowth, M|100/100
|
|upkeep
|turn|39
|
|t:|1665487315
|switch|p2a: Corviknight|Corviknight, F|100/100
|-ability|p2a: Corviknight|Pressure
|move|p1a: Blissey|Teleport|p1a: Blissey
|
|t:|1665487331
|switch|p1a: Urshifu|Urshifu-Rapid-Strike, F|51/100|[from]move: Teleport
|
|upkeep
|turn|40
|j| L4imee
|
|t:|1665487336
|switch|p2a: Tangrowth|Tangrowth, M|100/100
|move|p1a: Urshifu|Close Combat|p2a: Tangrowth
|-damage|p2a: Tangrowth|63/100
|-unboost|p1a: Urshifu|def|1
|-unboost|p1a: Urshifu|spd|1
|-damage|p1a: Urshifu|35/100|[from] item: Rocky Helmet|[of] p2a: Tangrowth
|
|upkeep
|turn|41
|
|t:|1665487347
|switch|p1a: Blissey|Blissey, F|56/100
|move|p2a: Tangrowth|Power Whip|p1a: Blissey
|-damage|p1a: Blissey|24/100
|
|upkeep
|turn|42
|
|t:|1665487355
|switch|p1a: Dragonite|Dragonite, M|90/100
|switch|p2a: Corviknight|Corviknight, F|100/100
|-ability|p2a: Corviknight|Pressure
|
|upkeep
|turn|43
|inactive|hypervortexreturns has 90 seconds left.
|
|t:|1665487363
|move|p1a: Dragonite|Ice Punch|p2a: Corviknight
|-damage|p2a: Corviknight|78/100
|move|p2a: Corviknight|Bulk Up|p2a: Corviknight
|-boost|p2a: Corviknight|atk|1
|-boost|p2a: Corviknight|def|1
|
|-heal|p2a: Corviknight|84/100|[from] item: Leftovers
|upkeep
|turn|44
|
|t:|1665487373
|switch|p1a: Urshifu|Urshifu-Rapid-Strike, F|35/100
|move|p2a: Corviknight|Brave Bird|p1a: Urshifu
|-supereffective|p1a: Urshifu
|-damage|p1a: Urshifu|0 fnt
|faint|p1a: Urshifu
|-damage|p2a: Corviknight|75/100|[from] Recoil
|
|-heal|p2a: Corviknight|81/100|[from] item: Leftovers
|upkeep
|
|t:|1665487375
|switch|p1a: Dragonite|Dragonite, M|90/100
|turn|45
|
|t:|1665487386
|move|p1a: Dragonite|Ice Punch|p2a: Corviknight
|-damage|p2a: Corviknight|67/100
|move|p2a: Corviknight|Taunt|p1a: Dragonite
|-start|p1a: Dragonite|move: Taunt
|
|-heal|p2a: Corviknight|73/100|[from] item: Leftovers
|upkeep
|turn|46
|
|t:|1665487395
|move|p1a: Dragonite|Ice Punch|p2a: Corviknight
|-damage|p2a: Corviknight|60/100
|move|p2a: Corviknight|Roost|p2a: Corviknight
|-heal|p2a: Corviknight|100/100
|-singleturn|p2a: Corviknight|move: Roost
|
|upkeep
|turn|47
|
|t:|1665487406
|move|p1a: Dragonite|Ice Punch|p2a: Corviknight
|-damage|p2a: Corviknight|86/100
|move|p2a: Corviknight|Bulk Up|p2a: Corviknight
|-boost|p2a: Corviknight|atk|1
|-boost|p2a: Corviknight|def|1
|
|-heal|p2a: Corviknight|92/100|[from] item: Leftovers
|upkeep
|turn|48
|
|t:|1665487416
|move|p1a: Dragonite|Ice Punch|p2a: Corviknight
|-damage|p2a: Corviknight|82/100
|move|p2a: Corviknight|Brave Bird|p1a: Dragonite
|-damage|p1a: Dragonite|20/100
|-damage|p2a: Corviknight|60/100|[from] Recoil
|
|-heal|p2a: Corviknight|66/100|[from] item: Leftovers
|-end|p1a: Dragonite|move: Taunt
|upkeep
|turn|49
|
|t:|1665487436
|move|p1a: Dragonite|Ice Punch|p2a: Corviknight
|-damage|p2a: Corviknight|56/100
|-status|p2a: Corviknight|frz
|cant|p2a: Corviknight|frz
|
|-heal|p2a: Corviknight|62/100 frz|[from] item: Leftovers
|upkeep
|turn|50
|l|☆Hariaki
|inactive|Hariaki disconnected and has a minute to reconnect!
|player|p1|
|j| Shoaple
|j|☆Hariaki
|inactive|Hariaki reconnected and has 115 seconds left.
|player|p1|Hariaki|102
|
|t:|1665487465
|move|p1a: Dragonite|Ice Punch|p2a: Corviknight
|-damage|p2a: Corviknight|51/100 frz
|cant|p2a: Corviknight|frz
|
|-heal|p2a: Corviknight|58/100 frz|[from] item: Leftovers
|upkeep
|turn|51
|inactive|hypervortexreturns has 120 seconds left.
|
|t:|1665487474
|move|p1a: Dragonite|Dragon Dance|p1a: Dragonite
|-boost|p1a: Dragonite|atk|1
|-boost|p1a: Dragonite|spe|1
|cant|p2a: Corviknight|frz
|
|-heal|p2a: Corviknight|64/100 frz|[from] item: Leftovers
|upkeep
|turn|52
|
|t:|1665487486
|move|p1a: Dragonite|Ice Punch|p2a: Corviknight
|-crit|p2a: Corviknight
|-damage|p2a: Corviknight|19/100 frz
|-curestatus|p2a: Corviknight|frz|[msg]
|move|p2a: Corviknight|Roost|p2a: Corviknight
|-heal|p2a: Corviknight|69/100
|-singleturn|p2a: Corviknight|move: Roost
|
|-heal|p2a: Corviknight|76/100|[from] item: Leftovers
|upkeep
|turn|53
|j| Ctannn
|
|t:|1665487498
|move|p1a: Dragonite|Ice Punch|p2a: Corviknight
|-damage|p2a: Corviknight|60/100
|move|p2a: Corviknight|Brave Bird|p1a: Dragonite
|-damage|p1a: Dragonite|0 fnt
|faint|p1a: Dragonite
|-damage|p2a: Corviknight|54/100|[from] Recoil
|
|-heal|p2a: Corviknight|60/100|[from] item: Leftovers
|upkeep
|-message|Hariaki forfeited.
|
|win|hypervortexreturns
|raw|Hariaki's rating: 1799 &rarr; <strong>1784</strong><br />(-15 for losing)
|raw|hypervortexreturns's rating: 1895 &rarr; <strong>1910</strong><br />(+15 for winning)
|l|☆Hariaki
|j| chochitomojado
|l| chochitomojado
|l| Ctannn
||Ladder isn't responding, score probably updated but might not have (Request timeout).
|l|‽hypervortexreturns
|l| Ran Kob
|l| L4imee
|l| Shoaple
