|raw|<div class="broadcast-blue"><strong>This battle is required to be public due to a player having a name starting with 'lt91bb'.</div>
|j|☆LT91BB animefan
|j|☆antarctozolt
|t:|1658983136
|gametype|singles
|player|p1|LT91BB animefan|2|1802
|player|p2|antarctozolt|skier|1918
|teamsize|p1|6
|teamsize|p2|6
|gen|8
|tier|[Gen 8] OU
|rated|
|rule|Sleep Clause Mod: Limit one foe put to sleep
|rule|Species Clause: Limit one of each Pokémon
|rule|OHKO Clause: OHKO moves are banned
|rule|Evasion Moves Clause: Evasion moves are banned
|rule|Endless Battle Clause: Forcing endless battles is banned
|rule|HP Percentage Mod: HP is shown in percentages
|rule|Dynamax Clause: You cannot dynamax
|clearpoke
|poke|p1|Hippowdon, F|
|poke|p1|Skarmory, F|
|poke|p1|Rotom-Wash|
|poke|p1|Clefable, M|
|poke|p1|Slowking-Galar, M|
|poke|p1|Weavile, F|
|poke|p2|Mew|
|poke|p2|Weavile, M|
|poke|p2|Celesteela|
|poke|p2|Crawdaunt, M|
|poke|p2|Garchomp, M|
|poke|p2|Blacephalon|
|teampreview
|inactive|Battle timer is ON: inactive players will automatically lose when time's up. (requested by LT91BB animefan)
|j| OLT Farmer
|inactive|LT91BB animefan has 120 seconds left.
|j|+spoo
|
|t:|1658983175
|start
|switch|p1a: Clefable|Clefable, M|100/100
|switch|p2a: リード|Mew, shiny|100/100
|turn|1
|j| LT91BBEZ
|j| Cryofield
|
|t:|1658983180
|move|p2a: リード|Thunder Wave|p1a: Clefable
|-status|p1a: Clefable|par
|move|p1a: Clefable|Moonblast|p2a: リード
|-damage|p2a: リード|72/100
|-unboost|p2a: リード|spa|1
|
|upkeep
|turn|2
|j| Lunala
|j| picket wicket
|
|t:|1658983183
|move|p2a: リード|Stealth Rock|p1a: Clefable
|-sidestart|p1: LT91BB animefan|move: Stealth Rock
|move|p1a: Clefable|Thunder Wave|p2a: リード
|-status|p2a: リード|par
|-activate|p2a: リード|ability: Synchronize
|-fail|p1a: Clefable|par
|
|upkeep
|turn|3
|
|t:|1658983186
|cant|p2a: リード|par
|move|p1a: Clefable|Moonblast|p2a: リード
|-damage|p2a: リード|47/100 par
|
|upkeep
|turn|4
|
|t:|1658983189
|move|p2a: リード|Spikes|p1a: Clefable
|-sidestart|p1: LT91BB animefan|Spikes
|move|p1a: Clefable|Aromatherapy|p1a: Clefable
|-activate|p1a: Clefable|move: Aromatherapy
|-curestatus|p1a: Clefable|par|[msg]
|
|upkeep
|turn|5
|j| lEtHeeeeeeeee
|
|t:|1658983193
|move|p2a: リード|Thunder Wave|p1a: Clefable
|-status|p1a: Clefable|par
|move|p1a: Clefable|Moonblast|p2a: リード
|-damage|p2a: リード|20/100 par
|-unboost|p2a: リード|spa|1
|
|upkeep
|turn|6
|
|t:|1658983197
|move|p2a: リード|Taunt|p1a: Clefable
|-start|p1a: Clefable|move: Taunt
|cant|p1a: Clefable|move: Taunt|Aromatherapy
|
|upkeep
|turn|7
|
|t:|1658983200
|switch|p2a: 攻撃＃5|Blacephalon, shiny|100/100
|switch|p1a: Weavile|Weavile, F|100/100
|-ability|p1a: Weavile|Pressure
|
|upkeep
|turn|8
|
|t:|1658983210
|move|p2a: 攻撃＃5|Shadow Ball|p1a: Weavile
|-resisted|p1a: Weavile
|-damage|p1a: Weavile|62/100
|move|p1a: Weavile|Knock Off|p2a: 攻撃＃5
|-supereffective|p2a: 攻撃＃5
|-damage|p2a: 攻撃＃5|0 fnt
|-enditem|p2a: 攻撃＃5|Choice Scarf|[from] move: Knock Off|[of] p1a: Weavile
|faint|p2a: 攻撃＃5
|
|upkeep
|
|t:|1658983214
|switch|p2a: 攻撃＃3|Crawdaunt, M, shiny|100/100
|turn|9
|
|t:|1658983235
|switch|p1a: Slowking|Slowking-Galar, M|100/100
|move|p2a: 攻撃＃3|Knock Off|p1a: Slowking
|-supereffective|p1a: Slowking
|-damage|p1a: Slowking|0 fnt
|-enditem|p1a: Slowking|Heavy-Duty Boots|[from] move: Knock Off|[of] p2a: 攻撃＃3
|faint|p1a: Slowking
|-damage|p2a: 攻撃＃3|91/100|[from] item: Life Orb
|
|upkeep
|
|t:|1658983237
|switch|p1a: Rotom|Rotom-Wash|100/100
|-damage|p1a: Rotom|88/100|[from] Stealth Rock
|turn|10
|j| vkhss
|
|t:|1658983241
|switch|p2a: 攻撃＃4|Garchomp, M, shiny|100/100
|move|p1a: Rotom|Hydro Pump|p2a: 攻撃＃4
|-damage|p2a: 攻撃＃4|57/100
|
|-heal|p1a: Rotom|94/100|[from] item: Leftovers
|upkeep
|turn|11
|
|t:|1658983245
|move|p2a: 攻撃＃4|Swords Dance|p2a: 攻撃＃4
|-boost|p2a: 攻撃＃4|atk|2
|move|p1a: Rotom|Will-O-Wisp|p2a: 攻撃＃4|[miss]
|-miss|p1a: Rotom|p2a: 攻撃＃4
|
|-heal|p1a: Rotom|100/100|[from] item: Leftovers
|upkeep
|turn|12
|
|t:|1658983258
|switch|p1a: Clefable|Clefable, M|100/100 par
|move|p2a: 攻撃＃4|Scale Shot|p1a: Clefable
|-immune|p1a: Clefable
|
|upkeep
|turn|13
|
|t:|1658983263
|move|p2a: 攻撃＃4|Earthquake|p1a: Clefable
|-damage|p1a: Clefable|6/100 par
|cant|p1a: Clefable|par
|
|upkeep
|turn|14
|
|t:|1658983267
|move|p2a: 攻撃＃4|Earthquake|p1a: Clefable
|-crit|p1a: Clefable
|-damage|p1a: Clefable|0 fnt
|faint|p1a: Clefable
|
|upkeep
|j| sacred whisper
|
|t:|1658983269
|switch|p1a: Weavile|Weavile, F|62/100
|-ability|p1a: Weavile|Pressure
|turn|15
|
|t:|1658983276
|move|p1a: Weavile|Knock Off|p2a: 攻撃＃4
|-damage|p2a: 攻撃＃4|9/100
|-damage|p1a: Weavile|50/100|[from] ability: Rough Skin|[of] p2a: 攻撃＃4
|-enditem|p2a: 攻撃＃4|Lum Berry|[from] move: Knock Off|[of] p1a: Weavile
|move|p2a: 攻撃＃4|Earthquake|p1a: Weavile
|-damage|p1a: Weavile|0 fnt
|faint|p1a: Weavile
|
|upkeep
|j| Mbouchon
|
|t:|1658983284
|switch|p1a: Hippowdon|Hippowdon, F|100/100
|-weather|Sandstorm|[from] ability: Sand Stream|[of] p1a: Hippowdon
|turn|16
|j| LT91BB HD
|
|t:|1658983288
|move|p2a: 攻撃＃4|Earthquake|p1a: Hippowdon
|-damage|p1a: Hippowdon|25/100
|move|p1a: Hippowdon|Earthquake|p2a: 攻撃＃4
|-damage|p2a: 攻撃＃4|0 fnt
|faint|p2a: 攻撃＃4
|
|-weather|Sandstorm|[upkeep]
|upkeep
|
|t:|1658983298
|switch|p2a: 攻撃＃3|Crawdaunt, M, shiny|91/100
|turn|17
|
|t:|1658983303
|move|p2a: 攻撃＃3|Knock Off|p1a: Hippowdon
|-damage|p1a: Hippowdon|0 fnt
|-enditem|p1a: Hippowdon|Heavy-Duty Boots|[from] move: Knock Off|[of] p2a: 攻撃＃3
|faint|p1a: Hippowdon
|-damage|p2a: 攻撃＃3|81/100|[from] item: Life Orb
|
|-weather|Sandstorm|[upkeep]
|-damage|p2a: 攻撃＃3|75/100|[from] Sandstorm
|upkeep
|
|t:|1658983304
|switch|p1a: Rotom|Rotom-Wash|100/100
|-damage|p1a: Rotom|88/100|[from] Stealth Rock
|turn|18
|
|t:|1658983307
|switch|p2a: リード|Mew, shiny|20/100 par
|move|p1a: Rotom|Hydro Pump|p2a: リード|[miss]
|-miss|p1a: Rotom|p2a: リード
|
|-weather|Sandstorm|[upkeep]
|-damage|p1a: Rotom|82/100|[from] Sandstorm
|-damage|p2a: リード|14/100 par|[from] Sandstorm
|-heal|p1a: Rotom|88/100|[from] item: Leftovers
|upkeep
|turn|19
|
|t:|1658983314
|move|p1a: Rotom|Hydro Pump|p2a: リード
|-damage|p2a: リード|0 fnt
|faint|p2a: リード
|
|-weather|Sandstorm|[upkeep]
|-damage|p1a: Rotom|82/100|[from] Sandstorm
|-heal|p1a: Rotom|88/100|[from] item: Leftovers
|upkeep
|
|t:|1658983316
|switch|p2a: 攻撃＃1|Weavile, M, shiny|100/100
|-ability|p2a: 攻撃＃1|Pressure
|turn|20
|
|t:|1658983318
|move|p2a: 攻撃＃1|Knock Off|p1a: Rotom
|-crit|p1a: Rotom
|-damage|p1a: Rotom|0 fnt
|-enditem|p1a: Rotom|Leftovers|[from] move: Knock Off|[of] p2a: 攻撃＃1
|faint|p1a: Rotom
|-damage|p2a: 攻撃＃1|91/100|[from] item: Life Orb
|
|-weather|none
|upkeep
|c|☆LT91BB animefan|disgusting game
|l| lEtHeeeeeeeee
|-message|LT91BB animefan forfeited.
|
|win|antarctozolt
|raw|LT91BB animefan's rating: 1802 &rarr; <strong>1788</strong><br />(-14 for losing)
|raw|antarctozolt's rating: 1918 &rarr; <strong>1932</strong><br />(+14 for winning)
|l|☆LT91BB animefan
|c|☆antarctozolt|ye
|l| Lunala
|l| Cryofield
|c|☆antarctozolt|i know you played like ass
|c|☆antarctozolt|when you risked weav t2
|c|☆antarctozolt|idiot
|c|☆antarctozolt|"disgusting" indeed
|l| LT91BB HD
|c|☆antarctozolt|jfc
|l|☆antarctozolt
|l| sacred whisper
