|j|☆Colonel Rivai
|j|☆Steez Ibanez
|t:|1664302260
|gametype|singles
|player|p1|Colonel Rivai|265|1838
|player|p2|Steez Ibanez|kukui|2007
|teamsize|p1|6
|teamsize|p2|6
|gen|8
|tier|[Gen 8] OU
|rated|
|rule|Sleep Clause Mod: Limit one foe put to sleep
|rule|Species Clause: Limit one of each Pokémon
|rule|OHKO Clause: OHKO moves are banned
|rule|Evasion Items Clause: Evasion items are banned
|rule|Evasion Moves Clause: Evasion moves are banned
|rule|Endless Battle Clause: Forcing endless battles is banned
|rule|HP Percentage Mod: HP is shown in percentages
|rule|Dynamax Clause: You cannot dynamax
|clearpoke
|poke|p1|Hydreigon, F|
|poke|p1|Kartana|
|poke|p1|Blacephalon|
|poke|p1|Landorus-Therian, M|
|poke|p1|Melmetal|
|poke|p1|Toxapex, F|
|poke|p2|Blaziken, M|
|poke|p2|Garchomp, M|
|poke|p2|Zapdos|
|poke|p2|Ferrothorn, M|
|poke|p2|Landorus-Therian, M|
|poke|p2|Tapu Fini|
|teampreview
|inactive|Battle timer is ON: inactive players will automatically lose when time's up. (requested by Colonel Rivai)
|
|t:|1664302301
|start
|switch|p1a: Landorus|Landorus-Therian, M|100/100
|switch|p2a: Simba|Landorus-Therian, M|100/100
|-ability|p2a: Simba|Intimidate|boost
|-unboost|p1a: Landorus|atk|1
|-ability|p1a: Landorus|Intimidate|boost
|-unboost|p2a: Simba|atk|1
|turn|1
|
|t:|1664302308
|move|p2a: Simba|U-turn|p1a: Landorus
|-resisted|p1a: Landorus
|-damage|p1a: Landorus|92/100
|
|t:|1664302312
|switch|p2a: Abomination|Ferrothorn, M|100/100|[from]move: U-turn
|move|p1a: Landorus|Stealth Rock|p2a: Abomination
|-sidestart|p2: Steez Ibanez|move: Stealth Rock
|
|-heal|p1a: Landorus|98/100|[from] item: Leftovers
|upkeep
|turn|2
|
|t:|1664302317
|switch|p1a: Kartana|Kartana|100/100
|move|p2a: Abomination|Knock Off|p1a: Kartana
|-damage|p1a: Kartana|78/100
|-enditem|p1a: Kartana|Choice Band|[from] move: Knock Off|[of] p2a: Abomination
|
|upkeep
|turn|3
|j| Giuseppigno
|
|t:|1664302334
|switch|p2a: Bolt|Zapdos|100/100
|move|p1a: Kartana|Sacred Sword|p2a: Bolt
|-resisted|p2a: Bolt
|-damage|p2a: Bolt|85/100
|-status|p1a: Kartana|par|[from] ability: Static|[of] p2a: Bolt
|
|upkeep
|turn|4
|
|t:|1664302338
|move|p2a: Bolt|Defog|p1a: Kartana
|-unboost|p1a: Kartana|evasion|1
|-sideend|p2: Steez Ibanez|Stealth Rock|[from] move: Defog|[of] p2a: Bolt
|move|p1a: Kartana|Knock Off|p2a: Bolt
|-damage|p2a: Bolt|52/100
|-enditem|p2a: Bolt|Heavy-Duty Boots|[from] move: Knock Off|[of] p1a: Kartana
|
|upkeep
|turn|5
|l| Giuseppigno
|
|t:|1664302346
|switch|p1a: Landorus|Landorus-Therian, M|98/100
|-ability|p1a: Landorus|Intimidate|boost
|-unboost|p2a: Bolt|atk|1
|move|p2a: Bolt|Roost|p2a: Bolt
|-heal|p2a: Bolt|100/100
|-singleturn|p2a: Bolt|move: Roost
|
|-heal|p1a: Landorus|100/100|[from] item: Leftovers
|upkeep
|turn|6
|
|t:|1664302350
|switch|p2a: Abomination|Ferrothorn, M|100/100
|move|p1a: Landorus|Stealth Rock|p2a: Abomination
|-sidestart|p2: Steez Ibanez|move: Stealth Rock
|
|upkeep
|turn|7
|
|t:|1664302352
|switch|p1a: Kartana|Kartana|78/100 par
|move|p2a: Abomination|Knock Off|p1a: Kartana
|-damage|p1a: Kartana|63/100 par
|
|upkeep
|turn|8
|
|t:|1664302355
|switch|p1a: Hydreigon|Hydreigon, F|100/100
|switch|p2a: Bolt|Zapdos|100/100
|-damage|p2a: Bolt|75/100|[from] Stealth Rock
|
|upkeep
|turn|9
|
|t:|1664302358
|switch|p2a: Watcher|Tapu Fini|100/100
|-damage|p2a: Watcher|88/100|[from] Stealth Rock
|-fieldstart|move: Misty Terrain|[from] ability: Misty Surge|[of] p2a: Watcher
|move|p1a: Hydreigon|Beat Up|p2a: Watcher
|-resisted|p2a: Watcher
|-damage|p2a: Watcher|84/100
|-resisted|p2a: Watcher
|-damage|p2a: Watcher|80/100
|-resisted|p2a: Watcher
|-damage|p2a: Watcher|76/100
|-resisted|p2a: Watcher
|-damage|p2a: Watcher|71/100
|-resisted|p2a: Watcher
|-damage|p2a: Watcher|68/100
|-hitcount|p2a: Watcher|5
|
|-heal|p2a: Watcher|75/100|[from] item: Leftovers
|upkeep
|turn|10
|j| dinmammashariga
|
|t:|1664302362
|switch|p1a: Kartana|Kartana|63/100 par
|switch|p2a: Bolt|Zapdos|75/100
|-damage|p2a: Bolt|50/100|[from] Stealth Rock
|
|upkeep
|turn|11
|
|t:|1664302372
|move|p2a: Bolt|Roost|p2a: Bolt
|-heal|p2a: Bolt|100/100
|-singleturn|p2a: Bolt|move: Roost
|move|p1a: Kartana|Leaf Blade|p2a: Bolt
|-damage|p2a: Bolt|58/100
|
|upkeep
|turn|12
|
|t:|1664302378
|switch|p1a: Hydreigon|Hydreigon, F|100/100
|move|p2a: Bolt|Roost|p2a: Bolt
|-heal|p2a: Bolt|100/100
|-singleturn|p2a: Bolt|move: Roost
|
|upkeep
|turn|13
|
|t:|1664302382
|move|p1a: Hydreigon|Beat Up|p2a: Bolt
|-damage|p2a: Bolt|93/100
|-damage|p2a: Bolt|83/100
|-damage|p2a: Bolt|74/100
|-damage|p2a: Bolt|65/100
|-damage|p2a: Bolt|59/100
|-hitcount|p2a: Bolt|5
|move|p2a: Bolt|Defog|p1a: Hydreigon
|-unboost|p1a: Hydreigon|evasion|1
|-sideend|p2: Steez Ibanez|Stealth Rock|[from] move: Defog|[of] p2a: Bolt
|-fieldend|Misty Terrain
|
|upkeep
|turn|14
|
|t:|1664302388
|move|p1a: Hydreigon|Beat Up|p2a: Bolt
|-damage|p2a: Bolt|50/100
|-damage|p2a: Bolt|41/100
|-damage|p2a: Bolt|32/100
|-damage|p2a: Bolt|22/100
|-damage|p2a: Bolt|16/100
|-hitcount|p2a: Bolt|5
|move|p2a: Bolt|Roost|p2a: Bolt
|-heal|p2a: Bolt|66/100
|-singleturn|p2a: Bolt|move: Roost
|
|upkeep
|turn|15
|
|t:|1664302389
|move|p1a: Hydreigon|Beat Up|p2a: Bolt
|-damage|p2a: Bolt|58/100
|-damage|p2a: Bolt|48/100
|-damage|p2a: Bolt|39/100
|-damage|p2a: Bolt|30/100
|-damage|p2a: Bolt|23/100
|-hitcount|p2a: Bolt|5
|move|p2a: Bolt|Roost|p2a: Bolt
|-heal|p2a: Bolt|73/100
|-singleturn|p2a: Bolt|move: Roost
|
|upkeep
|turn|16
|
|t:|1664302391
|move|p1a: Hydreigon|Beat Up|p2a: Bolt
|-damage|p2a: Bolt|65/100
|-damage|p2a: Bolt|56/100
|-damage|p2a: Bolt|47/100
|-damage|p2a: Bolt|37/100
|-damage|p2a: Bolt|31/100
|-hitcount|p2a: Bolt|5
|move|p2a: Bolt|Roost|p2a: Bolt
|-heal|p2a: Bolt|81/100
|-singleturn|p2a: Bolt|move: Roost
|
|upkeep
|turn|17
|
|t:|1664302393
|move|p1a: Hydreigon|Beat Up|p2a: Bolt
|-damage|p2a: Bolt|73/100
|-damage|p2a: Bolt|63/100
|-damage|p2a: Bolt|53/100
|-damage|p2a: Bolt|42/100
|-crit|p2a: Bolt
|-damage|p2a: Bolt|33/100
|-hitcount|p2a: Bolt|5
|move|p2a: Bolt|Roost|p2a: Bolt
|-heal|p2a: Bolt|83/100
|-singleturn|p2a: Bolt|move: Roost
|
|upkeep
|turn|18
|
|t:|1664302396
|switch|p2a: Watcher|Tapu Fini|75/100
|-fieldstart|move: Misty Terrain|[from] ability: Misty Surge|[of] p2a: Watcher
|move|p1a: Hydreigon|Beat Up|p2a: Watcher
|-resisted|p2a: Watcher
|-damage|p2a: Watcher|70/100
|-resisted|p2a: Watcher
|-damage|p2a: Watcher|66/100
|-resisted|p2a: Watcher
|-damage|p2a: Watcher|61/100
|-resisted|p2a: Watcher
|-damage|p2a: Watcher|56/100
|-resisted|p2a: Watcher
|-damage|p2a: Watcher|54/100
|-hitcount|p2a: Watcher|5
|
|-heal|p2a: Watcher|60/100|[from] item: Leftovers
|upkeep
|turn|19
|
|t:|1664302400
|switch|p1a: Landorus|Landorus-Therian, M|100/100
|-ability|p1a: Landorus|Intimidate|boost
|-unboost|p2a: Watcher|atk|1
|move|p2a: Watcher|Calm Mind|p2a: Watcher
|-boost|p2a: Watcher|spa|1
|-boost|p2a: Watcher|spd|1
|
|-heal|p2a: Watcher|66/100|[from] item: Leftovers
|upkeep
|turn|20
|
|t:|1664302402
|move|p2a: Watcher|Surf|p1a: Landorus
|-supereffective|p1a: Landorus
|-damage|p1a: Landorus|34/100
|move|p1a: Landorus|Stealth Rock|p2a: Watcher
|-sidestart|p2: Steez Ibanez|move: Stealth Rock
|
|-heal|p2a: Watcher|72/100|[from] item: Leftovers
|-heal|p1a: Landorus|40/100|[from] item: Leftovers
|upkeep
|turn|21
|
|t:|1664302405
|switch|p2a: Samehada|Garchomp, M|100/100
|-damage|p2a: Samehada|94/100|[from] Stealth Rock
|switch|p1a: Toxapex|Toxapex, F|100/100
|
|-heal|p2a: Samehada|100/100|[from] item: Leftovers
|upkeep
|turn|22
|
|t:|1664302408
|move|p2a: Samehada|Stealth Rock|p1a: Toxapex
|-sidestart|p1: Colonel Rivai|move: Stealth Rock
|move|p1a: Toxapex|Toxic|p2a: Samehada
|-activate|p2a: Samehada|move: Misty Terrain
|
|-fieldend|Misty Terrain
|upkeep
|turn|23
|
|t:|1664302411
|switch|p2a: Abomination|Ferrothorn, M|100/100
|-damage|p2a: Abomination|95/100|[from] Stealth Rock
|move|p1a: Toxapex|Toxic|p2a: Abomination
|-immune|p2a: Abomination
|
|upkeep
|turn|24
|
|t:|1664302414
|move|p1a: Toxapex|Knock Off|p2a: Abomination
|-damage|p2a: Abomination|86/100
|-damage|p1a: Toxapex|88/100|[from] ability: Iron Barbs|[of] p2a: Abomination
|-damage|p1a: Toxapex|72/100|[from] item: Rocky Helmet|[of] p2a: Abomination
|-enditem|p2a: Abomination|Rocky Helmet|[from] move: Knock Off|[of] p1a: Toxapex
|move|p2a: Abomination|Spikes|p1a: Toxapex
|-sidestart|p1: Colonel Rivai|Spikes
|
|upkeep
|turn|25
|
|t:|1664302422
|switch|p1a: Hydreigon|Hydreigon, F|100/100
|-damage|p1a: Hydreigon|88/100|[from] Stealth Rock
|switch|p2a: Johnny Blaze|Blaziken, M|100/100
|
|upkeep
|turn|26
|
|t:|1664302427
|move|p1a: Hydreigon|Superpower|p2a: Johnny Blaze
|-damage|p2a: Johnny Blaze|18/100
|-unboost|p1a: Hydreigon|atk|1
|-unboost|p1a: Hydreigon|def|1
|move|p2a: Johnny Blaze|Close Combat|p1a: Hydreigon
|-supereffective|p1a: Hydreigon
|-damage|p1a: Hydreigon|0 fnt
|-unboost|p2a: Johnny Blaze|def|1
|-unboost|p2a: Johnny Blaze|spd|1
|faint|p1a: Hydreigon
|
|-ability|p2a: Johnny Blaze|Speed Boost|boost
|-boost|p2a: Johnny Blaze|spe|1
|upkeep
|
|t:|1664302440
|switch|p1a: Toxapex|Toxapex, F|100/100
|-damage|p1a: Toxapex|88/100|[from] Stealth Rock
|-damage|p1a: Toxapex|76/100|[from] Spikes
|turn|27
|
|t:|1664302443
|switch|p2a: Abomination|Ferrothorn, M|86/100
|-damage|p2a: Abomination|80/100|[from] Stealth Rock
|switch|p1a: Blacephalon|Blacephalon|100/100
|-damage|p1a: Blacephalon|76/100|[from] Stealth Rock
|-damage|p1a: Blacephalon|64/100|[from] Spikes
|
|upkeep
|turn|28
|
|t:|1664302448
|move|p1a: Blacephalon|Shadow Ball|p2a: Abomination
|-damage|p2a: Abomination|38/100
|move|p2a: Abomination|Knock Off|p1a: Blacephalon
|-supereffective|p1a: Blacephalon
|-damage|p1a: Blacephalon|0 fnt
|-enditem|p1a: Blacephalon|Choice Scarf|[from] move: Knock Off|[of] p2a: Abomination
|faint|p1a: Blacephalon
|
|upkeep
|l|☆Colonel Rivai
|inactive|Colonel Rivai disconnected and has a minute to reconnect!
|player|p1|
|j| HereForFrens
|inactive|Colonel Rivai has 30 seconds to reconnect!
|inactive|Colonel Rivai has 20 seconds to reconnect!
|inactive|Colonel Rivai has 15 seconds to reconnect!
|j| YB is BETTER
|inactive|Colonel Rivai has 10 seconds to reconnect!
|inactive|Colonel Rivai has 5 seconds to reconnect!
|-message|Colonel Rivai lost due to inactivity.
|
|win|Steez Ibanez
|raw|Colonel Rivai's rating: 1838 &rarr; <strong>1827</strong><br />(-11 for losing)
|raw|Steez Ibanez's rating: 2007 &rarr; <strong>2018</strong><br />(+11 for winning)
|l| YB is BETTER
|l| HereForFrens
||Ladder isn't responding, score probably updated but might not have (Request timeout).
