|j|☆Monsieur Eans
|j|☆Darckchicken
|t:|1631472689
|gametype|singles
|player|p1|Monsieur Eans|juan|
|player|p2|Darckchicken|policeman-gen4|
|teamsize|p1|6
|teamsize|p2|6
|gen|8
|tier|[Gen 8] OU
|rule|Sleep Clause Mod: Limit one foe put to sleep
|rule|Species Clause: Limit one of each Pokémon
|rule|OHKO Clause: OHKO moves are banned
|rule|Evasion Moves Clause: Evasion moves are banned
|rule|Endless Battle Clause: Forcing endless battles is banned
|rule|HP Percentage Mod: HP is shown in percentages
|rule|Dynamax Clause: You cannot dynamax
|clearpoke
|poke|p1|Turtonator, M|
|poke|p1|Slowbro, M|
|poke|p1|Ditto|
|poke|p1|Nidoking, M|
|poke|p1|Corviknight, M|
|poke|p1|Weavile, F|
|poke|p2|Torkoal, M|
|poke|p2|Blissey, F|
|poke|p2|Corviknight, F|
|poke|p2|Venusaur, M|
|poke|p2|Victini|
|poke|p2|Blaziken, F|
|teampreview
|inactive|Battle timer is ON: inactive players will automatically lose when time's up. (requested by Darckchicken)
|
|t:|1631472726
|start
|switch|p1a: Turtonator|Turtonator, M|100/100
|switch|p2a: Blissey|Blissey, F|100/100
|turn|1
|
|t:|1631472733
|switch|p1a: Ditto|Ditto|100/100
|-transform|p1a: Ditto|p2a: Blissey|[from] ability: Imposter
|move|p2a: Blissey|Toxic|p1a: Ditto
|-status|p1a: Ditto|tox
|
|-damage|p1a: Ditto|94/100 tox|[from] psn
|upkeep
|turn|2
|
|t:|1631472740
|move|p2a: Blissey|Seismic Toss|p1a: Ditto
|-damage|p1a: Ditto|61/100 tox
|move|p1a: Ditto|Teleport|p1a: Ditto
|
|t:|1631472745
|switch|p1a: Weavile|Weavile, F|100/100|[from]move: Teleport
|-ability|p1a: Weavile|Pressure
|
|upkeep
|turn|3
|
|t:|1631472752
|move|p1a: Weavile|Knock Off|p2a: Blissey
|-damage|p2a: Blissey|43/100
|-enditem|p2a: Blissey|Heavy-Duty Boots|[from] move: Knock Off|[of] p1a: Weavile
|move|p2a: Blissey|Teleport|p2a: Blissey
|
|t:|1631472759
|switch|p2a: Torkoal|Torkoal, M|100/100|[from]move: Teleport
|-weather|SunnyDay|[from] ability: Drought|[of] p2a: Torkoal
|
|-weather|SunnyDay|[upkeep]
|upkeep
|turn|4
|
|t:|1631472764
|switch|p1a: Turtonator|Turtonator, M|100/100
|move|p2a: Torkoal|Stealth Rock|p1a: Turtonator
|-sidestart|p1: Monsieur Eans|move: Stealth Rock
|
|-weather|SunnyDay|[upkeep]
|upkeep
|turn|5
|
|t:|1631472770
|move|p1a: Turtonator|Fire Blast|p2a: Torkoal
|-resisted|p2a: Torkoal
|-damage|p2a: Torkoal|24/100
|move|p2a: Torkoal|Body Press|p1a: Turtonator
|-damage|p1a: Turtonator|74/100
|
|-weather|SunnyDay|[upkeep]
|upkeep
|turn|6
|
|t:|1631472777
|move|p1a: Turtonator|Fire Blast|p2a: Torkoal
|-resisted|p2a: Torkoal
|-damage|p2a: Torkoal|0 fnt
|faint|p2a: Torkoal
|
|-weather|SunnyDay|[upkeep]
|upkeep
|
|t:|1631472783
|switch|p2a: Blissey|Blissey, F|43/100
|turn|7
|
|t:|1631472786
|switch|p1a: Weavile|Weavile, F|100/100
|-damage|p1a: Weavile|76/100|[from] Stealth Rock
|-ability|p1a: Weavile|Pressure
|move|p2a: Blissey|Soft-Boiled|p2a: Blissey
|-heal|p2a: Blissey|93/100
|
|-weather|SunnyDay|[upkeep]
|upkeep
|turn|8
|
|t:|1631472793
|move|p1a: Weavile|Triple Axel|p2a: Blissey
|-damage|p2a: Blissey|80/100
|-damage|p2a: Blissey|56/100
|-damage|p2a: Blissey|18/100
|-hitcount|p2a: Blissey|3
|move|p2a: Blissey|Teleport|p2a: Blissey
|
|t:|1631472795
|switch|p2a: Victini|Victini|100/100|[from]move: Teleport
|
|-weather|SunnyDay|[upkeep]
|upkeep
|turn|9
|
|t:|1631472802
|switch|p1a: Slowbro|Slowbro, M|100/100
|-damage|p1a: Slowbro|88/100|[from] Stealth Rock
|move|p2a: Victini|U-turn|p1a: Slowbro
|-supereffective|p1a: Slowbro
|-damage|p1a: Slowbro|65/100
|-damage|p2a: Victini|84/100|[from] item: Rocky Helmet|[of] p1a: Slowbro
|
|t:|1631472805
|switch|p2a: Venusaur|Venusaur, M|100/100|[from]move: U-turn
|
|-weather|SunnyDay|[upkeep]
|upkeep
|turn|10
|
|t:|1631472812
|move|p2a: Venusaur|Weather Ball|p1a: Slowbro
|-resisted|p1a: Slowbro
|-damage|p1a: Slowbro|31/100
|-damage|p2a: Venusaur|91/100|[from] item: Life Orb
|move|p1a: Slowbro|Future Sight|p2a: Venusaur
|-start|p1a: Slowbro|move: Future Sight
|
|-weather|none
|upkeep
|turn|11
|
|t:|1631472821
|switch|p2a: Victini|Victini|84/100
|switch|p1a: Turtonator|Turtonator, M|74/100
|-damage|p1a: Turtonator|49/100|[from] Stealth Rock
|
|upkeep
|turn|12
|
|t:|1631472829
|-singleturn|p1a: Turtonator|move: Shell Trap
|move|p2a: Victini|U-turn|p1a: Turtonator
|-resisted|p1a: Turtonator
|-damage|p1a: Turtonator|40/100
|
|t:|1631472833
|switch|p2a: Blissey|Blissey, F|18/100|[from]move: U-turn
|move|p1a: Turtonator|Shell Trap|p2a: Blissey
|-damage|p2a: Blissey|0 fnt
|faint|p2a: Blissey
|
|-hint|Future Sight did not hit because the target is fainted.
|upkeep
|
|t:|1631472840
|switch|p2a: Blaziken|Blaziken, F|100/100
|turn|13
|
|t:|1631472845
|-singleturn|p1a: Turtonator|move: Shell Trap
|move|p2a: Blaziken|Close Combat|p1a: Turtonator
|-damage|p1a: Turtonator|0 fnt
|-unboost|p2a: Blaziken|def|1
|-unboost|p2a: Blaziken|spd|1
|faint|p1a: Turtonator
|
|-ability|p2a: Blaziken|Speed Boost|boost
|-boost|p2a: Blaziken|spe|1
|upkeep
|
|t:|1631472856
|switch|p1a: Slowbro|Slowbro, M|64/100
|-damage|p1a: Slowbro|52/100|[from] Stealth Rock
|turn|14
|
|t:|1631472859
|switch|p2a: Venusaur|Venusaur, M|91/100
|move|p1a: Slowbro|Scald|p2a: Venusaur
|-resisted|p2a: Venusaur
|-damage|p2a: Venusaur|76/100
|-status|p2a: Venusaur|brn
|
|-damage|p2a: Venusaur|70/100 brn|[from] brn
|upkeep
|turn|15
|
|t:|1631472866
|switch|p1a: Corviknight|Corviknight, M|100/100
|-damage|p1a: Corviknight|88/100|[from] Stealth Rock
|-ability|p1a: Corviknight|Pressure
|move|p2a: Venusaur|Giga Drain|p1a: Corviknight
|-resisted|p1a: Corviknight
|-damage|p1a: Corviknight|81/100
|-heal|p2a: Venusaur|75/100 brn|[from] drain|[of] p1a: Corviknight
|-damage|p2a: Venusaur|65/100 brn|[from] item: Life Orb
|
|-heal|p1a: Corviknight|87/100|[from] item: Leftovers
|-damage|p2a: Venusaur|59/100 brn|[from] brn
|upkeep
|turn|16
|
|t:|1631472873
|switch|p2a: Victini|Victini|84/100
|move|p1a: Corviknight|Defog|p2a: Victini
|-unboost|p2a: Victini|evasion|1
|-sideend|p1: Monsieur Eans|Stealth Rock|[from] move: Defog|[of] p1a: Corviknight
|
|-heal|p1a: Corviknight|93/100|[from] item: Leftovers
|upkeep
|turn|17
|
|t:|1631472876
|switch|p1a: Slowbro|Slowbro, M|85/100
|move|p2a: Victini|Bolt Strike|p1a: Slowbro
|-supereffective|p1a: Slowbro
|-damage|p1a: Slowbro|44/100
|-damage|p2a: Victini|68/100|[from] item: Rocky Helmet|[of] p1a: Slowbro
|
|upkeep
|turn|18
|
|t:|1631472884
|move|p2a: Victini|Bolt Strike|p1a: Slowbro
|-supereffective|p1a: Slowbro
|-crit|p1a: Slowbro
|-damage|p1a: Slowbro|0 fnt
|-damage|p2a: Victini|51/100|[from] item: Rocky Helmet|[of] p1a: Slowbro
|faint|p1a: Slowbro
|
|upkeep
|
|t:|1631472892
|switch|p1a: Nidoking|Nidoking, M|100/100
|turn|19
|
|t:|1631472897
|switch|p2a: Venusaur|Venusaur, M|59/100 brn
|move|p1a: Nidoking|Stealth Rock|p2a: Venusaur
|-sidestart|p2: Darckchicken|move: Stealth Rock
|
|-damage|p2a: Venusaur|53/100 brn|[from] brn
|upkeep
|turn|20
|
|t:|1631472903
|move|p1a: Nidoking|Ice Beam|p2a: Venusaur
|-supereffective|p2a: Venusaur
|-damage|p2a: Venusaur|0 fnt
|faint|p2a: Venusaur
|
|upkeep
|
|t:|1631472905
|switch|p2a: Corviknight|Corviknight, F|100/100
|-damage|p2a: Corviknight|88/100|[from] Stealth Rock
|-ability|p2a: Corviknight|Pressure
|turn|21
|
|t:|1631472912
|move|p1a: Nidoking|Ice Beam|p2a: Corviknight
|-damage|p2a: Corviknight|51/100
|move|p2a: Corviknight|Defog|p1a: Nidoking
|-unboost|p1a: Nidoking|evasion|1
|-sideend|p2: Darckchicken|Stealth Rock|[from] move: Defog|[of] p2a: Corviknight
|
|upkeep
|turn|22
|
|t:|1631472917
|move|p1a: Nidoking|Stealth Rock|p2a: Corviknight
|-sidestart|p2: Darckchicken|move: Stealth Rock
|move|p2a: Corviknight|Roost|p2a: Corviknight
|-heal|p2a: Corviknight|100/100
|-singleturn|p2a: Corviknight|move: Roost
|
|upkeep
|turn|23
|
|t:|1631472920
|move|p1a: Nidoking|Ice Beam|p2a: Corviknight
|-damage|p2a: Corviknight|63/100
|move|p2a: Corviknight|Brave Bird|p1a: Nidoking
|-damage|p1a: Nidoking|53/100
|-damage|p2a: Corviknight|51/100|[from] Recoil
|
|upkeep
|turn|24
|
|t:|1631472925
|move|p1a: Nidoking|Ice Beam|p2a: Corviknight
|-damage|p2a: Corviknight|17/100
|move|p2a: Corviknight|Roost|p2a: Corviknight
|-heal|p2a: Corviknight|67/100
|-singleturn|p2a: Corviknight|move: Roost
|
|upkeep
|turn|25
|
|t:|1631472930
|move|p1a: Nidoking|Ice Beam|p2a: Corviknight
|-damage|p2a: Corviknight|32/100
|move|p2a: Corviknight|Roost|p2a: Corviknight
|-heal|p2a: Corviknight|82/100
|-singleturn|p2a: Corviknight|move: Roost
|
|upkeep
|turn|26
|
|t:|1631472936
|move|p1a: Nidoking|Ice Beam|p2a: Corviknight
|-damage|p2a: Corviknight|44/100
|move|p2a: Corviknight|Defog|p1a: Nidoking
|-unboost|p1a: Nidoking|evasion|1
|-sideend|p2: Darckchicken|Stealth Rock|[from] move: Defog|[of] p2a: Corviknight
|
|upkeep
|turn|27
|
|t:|1631472940
|move|p1a: Nidoking|Ice Beam|p2a: Corviknight
|-damage|p2a: Corviknight|8/100
|move|p2a: Corviknight|Roost|p2a: Corviknight
|-heal|p2a: Corviknight|58/100
|-singleturn|p2a: Corviknight|move: Roost
|
|upkeep
|turn|28
|
|t:|1631472943
|move|p1a: Nidoking|Stealth Rock|p2a: Corviknight
|-sidestart|p2: Darckchicken|move: Stealth Rock
|move|p2a: Corviknight|Roost|p2a: Corviknight
|-heal|p2a: Corviknight|100/100
|-singleturn|p2a: Corviknight|move: Roost
|
|upkeep
|turn|29
|
|t:|1631472947
|move|p1a: Nidoking|Ice Beam|p2a: Corviknight
|-damage|p2a: Corviknight|66/100
|move|p2a: Corviknight|Defog|p1a: Nidoking
|-unboost|p1a: Nidoking|evasion|1
|-sideend|p2: Darckchicken|Stealth Rock|[from] move: Defog|[of] p2a: Corviknight
|
|upkeep
|turn|30
|
|t:|1631472952
|move|p1a: Nidoking|Stealth Rock|p2a: Corviknight
|-sidestart|p2: Darckchicken|move: Stealth Rock
|move|p2a: Corviknight|Roost|p2a: Corviknight
|-heal|p2a: Corviknight|100/100
|-singleturn|p2a: Corviknight|move: Roost
|
|upkeep
|turn|31
|
|t:|1631472954
|switch|p1a: Corviknight|Corviknight, M|93/100
|-ability|p1a: Corviknight|Pressure
|move|p2a: Corviknight|Defog|p1a: Corviknight
|-unboost|p1a: Corviknight|evasion|1
|-sideend|p2: Darckchicken|Stealth Rock|[from] move: Defog|[of] p2a: Corviknight
|
|-heal|p1a: Corviknight|99/100|[from] item: Leftovers
|upkeep
|turn|32
|
|t:|1631472979
|move|p2a: Corviknight|Brave Bird|p1a: Corviknight
|-resisted|p1a: Corviknight
|-damage|p1a: Corviknight|83/100
|-damage|p2a: Corviknight|95/100|[from] Recoil
|move|p1a: Corviknight|U-turn|p2a: Corviknight
|-resisted|p2a: Corviknight
|-damage|p2a: Corviknight|93/100
|-damage|p1a: Corviknight|67/100|[from] item: Rocky Helmet|[of] p2a: Corviknight
|
|t:|1631472987
|switch|p1a: Ditto|Ditto|61/100|[from]move: U-turn
|-transform|p1a: Ditto|p2a: Corviknight|[from] ability: Imposter
|-ability|p1a: Ditto|Pressure
|
|upkeep
|turn|33
|
|t:|1631472994
|switch|p2a: Victini|Victini|51/100
|move|p1a: Ditto|U-turn|p2a: Victini
|-damage|p2a: Victini|38/100
|
|t:|1631473004
|switch|p1a: Weavile|Weavile, F|76/100|[from]move: U-turn
|-ability|p1a: Weavile|Pressure
|
|upkeep
|turn|34
|
|t:|1631473009
|move|p2a: Victini|V-create|p1a: Weavile
|-supereffective|p1a: Weavile
|-damage|p1a: Weavile|0 fnt
|-unboost|p2a: Victini|spe|1
|-unboost|p2a: Victini|def|1
|-unboost|p2a: Victini|spd|1
|faint|p1a: Weavile
|
|upkeep
|
|t:|1631473021
|switch|p1a: Ditto|Ditto|61/100
|-transform|p1a: Ditto|p2a: Victini|[from] ability: Imposter
|turn|35
|
|t:|1631473031
|switch|p2a: Corviknight|Corviknight, F|93/100
|-ability|p2a: Corviknight|Pressure
|move|p1a: Ditto|V-create|p2a: Corviknight
|-supereffective|p2a: Corviknight
|-damage|p2a: Corviknight|0 fnt
|-unboost|p1a: Ditto|spe|1
|-unboost|p1a: Ditto|def|1
|-unboost|p1a: Ditto|spd|1
|-damage|p1a: Ditto|44/100|[from] item: Rocky Helmet|[of] p2a: Corviknight
|faint|p2a: Corviknight
|
|upkeep
|
|t:|1631473043
|switch|p2a: Victini|Victini|38/100
|turn|36
|
|t:|1631473049
|switch|p1a: Corviknight|Corviknight, M|67/100
|-ability|p1a: Corviknight|Pressure
|move|p2a: Victini|U-turn|p1a: Corviknight
|-resisted|p1a: Corviknight
|-damage|p1a: Corviknight|62/100
|
|t:|1631473051
|switch|p2a: Blaziken|Blaziken, F|100/100|[from]move: U-turn
|
|-heal|p1a: Corviknight|68/100|[from] item: Leftovers
|upkeep
|turn|37
|
|t:|1631473053
|move|p2a: Blaziken|Flare Blitz|p1a: Corviknight
|-supereffective|p1a: Corviknight
|-damage|p1a: Corviknight|0 fnt
|faint|p1a: Corviknight
|-damage|p2a: Blaziken|71/100|[from] Recoil
|
|-ability|p2a: Blaziken|Speed Boost|boost
|-boost|p2a: Blaziken|spe|1
|upkeep
|
|t:|1631473057
|switch|p1a: Ditto|Ditto|44/100
|-transform|p1a: Ditto|p2a: Blaziken|[from] ability: Imposter
|turn|38
|
|t:|1631473065
|move|p1a: Ditto|Close Combat|p2a: Blaziken
|-damage|p2a: Blaziken|0 fnt
|-unboost|p1a: Ditto|def|1
|-unboost|p1a: Ditto|spd|1
|faint|p2a: Blaziken
|
|-ability|p1a: Ditto|Speed Boost|boost
|-boost|p1a: Ditto|spe|1
|upkeep
|
|t:|1631473066
|switch|p2a: Victini|Victini|38/100
|turn|39
|
|t:|1631473073
|switch|p1a: Nidoking|Nidoking, M|53/100
|move|p2a: Victini|V-create|p1a: Nidoking
|-damage|p1a: Nidoking|0 fnt
|-unboost|p2a: Victini|spe|1
|-unboost|p2a: Victini|def|1
|-unboost|p2a: Victini|spd|1
|faint|p1a: Nidoking
|
|upkeep
|
|t:|1631473078
|switch|p1a: Ditto|Ditto|44/100
|-transform|p1a: Ditto|p2a: Victini|[from] ability: Imposter
|turn|40
|
|t:|1631473088
|move|p1a: Ditto|V-create|p2a: Victini
|-resisted|p2a: Victini
|-damage|p2a: Victini|0 fnt
|-unboost|p1a: Ditto|spe|1
|-unboost|p1a: Ditto|def|1
|-unboost|p1a: Ditto|spd|1
|faint|p2a: Victini
|
|win|Monsieur Eans
