|j|☆misplayin
|j|☆dagoth ur49
|t:|1663576234
|gametype|singles
|player|p1|misplayin|bugsy|1695
|player|p2|dagoth ur49|2|1641
|teamsize|p1|6
|teamsize|p2|6
|gen|8
|tier|[Gen 8] OU
|rated|
|rule|Sleep Clause Mod: Limit one foe put to sleep
|rule|Species Clause: Limit one of each Pokémon
|rule|OHKO Clause: OHKO moves are banned
|rule|Evasion Items Clause: Evasion items are banned
|rule|Evasion Moves Clause: Evasion moves are banned
|rule|Endless Battle Clause: Forcing endless battles is banned
|rule|HP Percentage Mod: HP is shown in percentages
|rule|Dynamax Clause: You cannot dynamax
|clearpoke
|poke|p1|Darmanitan, F|
|poke|p1|Swampert, M|
|poke|p1|Amoonguss, F|
|poke|p1|Tornadus-Therian, M|
|poke|p1|Latios, M|
|poke|p1|Urshifu-*, F|
|poke|p2|Toxapex, M|
|poke|p2|Krookodile, F|
|poke|p2|Corviknight, F|
|poke|p2|Keldeo-Resolute|
|poke|p2|Tapu Lele|
|poke|p2|Blissey, F|
|teampreview
|inactive|Battle timer is ON: inactive players will automatically lose when time's up. (requested by dagoth ur49)
|inactive|misplayin also wants the timer to be on.
|
|t:|1663576255
|start
|switch|p1a: Latios|Latios, M|100/100
|switch|p2a: Keldeo|Keldeo-Resolute|100/100
|turn|1
|
|t:|1663576269
|switch|p2a: Corviknight|Corviknight, F|100/100
|-ability|p2a: Corviknight|Pressure
|move|p1a: Latios|Trick|p2a: Corviknight
|-activate|p1a: Latios|move: Trick|[of] p2a: Corviknight
|-item|p2a: Corviknight|Choice Scarf|[from] move: Trick
|-item|p1a: Latios|Rocky Helmet|[from] move: Trick
|
|upkeep
|turn|2
|
|t:|1663576276
|switch|p1a: Amoonguss|Amoonguss, F, shiny|100/100
|move|p2a: Corviknight|U-turn|p1a: Amoonguss
|-damage|p1a: Amoonguss|91/100
|-damage|p2a: Corviknight|84/100|[from] item: Rocky Helmet|[of] p1a: Amoonguss
|
|t:|1663576282
|switch|p2a: Tapu Lele|Tapu Lele|100/100|[from]move: U-turn
|-fieldstart|move: Psychic Terrain|[from] ability: Psychic Surge|[of] p2a: Tapu Lele
|
|upkeep
|turn|3
|
|t:|1663576288
|switch|p1a: Tornadus|Tornadus-Therian, M|100/100
|move|p2a: Tapu Lele|Psychic|p1a: Tornadus
|-damage|p1a: Tornadus|33/100
|
|upkeep
|turn|4
|
|t:|1663576293
|switch|p1a: Latios|Latios, M|100/100
|move|p2a: Tapu Lele|Psychic|p1a: Latios
|-resisted|p1a: Latios
|-damage|p1a: Latios|68/100
|
|upkeep
|turn|5
|
|t:|1663576298
|switch|p2a: Corviknight|Corviknight, F|84/100
|-ability|p2a: Corviknight|Pressure
|move|p1a: Latios|Psyshock|p2a: Corviknight
|-resisted|p2a: Corviknight
|-damage|p2a: Corviknight|72/100
|
|upkeep
|turn|6
|
|t:|1663576323
|switch|p1a: Swampert|Swampert, M|100/100
|move|p2a: Corviknight|U-turn|p1a: Swampert
|-damage|p1a: Swampert|87/100
|
|t:|1663576341
|switch|p2a: Keldeo|Keldeo-Resolute|100/100|[from]move: U-turn
|
|-heal|p1a: Swampert|93/100|[from] item: Leftovers
|-fieldend|move: Psychic Terrain
|upkeep
|turn|7
|
|t:|1663576346
|move|p2a: Keldeo|Hydro Pump|p1a: Swampert
|-damage|p1a: Swampert|38/100
|move|p1a: Swampert|Stealth Rock|p2a: Keldeo
|-sidestart|p2: dagoth ur49|move: Stealth Rock
|
|-heal|p1a: Swampert|44/100|[from] item: Leftovers
|upkeep
|turn|8
|
|t:|1663576353
|switch|p1a: Amoonguss|Amoonguss, F, shiny|100/100
|move|p2a: Keldeo|Hydro Pump|p1a: Amoonguss
|-resisted|p1a: Amoonguss
|-damage|p1a: Amoonguss|58/100
|
|upkeep
|turn|9
|
|t:|1663576358
|switch|p2a: Corviknight|Corviknight, F|72/100
|-damage|p2a: Corviknight|59/100|[from] Stealth Rock
|-ability|p2a: Corviknight|Pressure
|move|p1a: Amoonguss|Spore|p2a: Corviknight
|-status|p2a: Corviknight|slp|[from] move: Spore
|
|upkeep
|turn|10
|
|t:|1663576366
|switch|p1a: Swampert|Swampert, M|44/100
|cant|p2a: Corviknight|slp
|
|-heal|p1a: Swampert|50/100|[from] item: Leftovers
|upkeep
|turn|11
|
|t:|1663576370
|cant|p2a: Corviknight|slp
|move|p1a: Swampert|Flip Turn|p2a: Corviknight
|-crit|p2a: Corviknight
|-damage|p2a: Corviknight|40/100 slp
|
|t:|1663576377
|switch|p1a: Darmanitan|Darmanitan, F, shiny|100/100|[from]move: Flip Turn
|
|upkeep
|turn|12
|
|t:|1663576383
|move|p1a: Darmanitan|Flare Blitz|p2a: Corviknight
|-supereffective|p2a: Corviknight
|-damage|p2a: Corviknight|0 fnt
|faint|p2a: Corviknight
|-damage|p1a: Darmanitan|85/100|[from] Recoil
|
|upkeep
|
|t:|1663576387
|switch|p2a: Keldeo|Keldeo-Resolute|100/100
|-damage|p2a: Keldeo|94/100|[from] Stealth Rock
|turn|13
|
|t:|1663576391
|switch|p1a: Amoonguss|Amoonguss, F, shiny|91/100
|move|p2a: Keldeo|Hydro Pump|p1a: Amoonguss
|-resisted|p1a: Amoonguss
|-damage|p1a: Amoonguss|48/100
|
|upkeep
|turn|14
|j| wdz999
|
|t:|1663576398
|switch|p2a: Blissey|Blissey, F|100/100
|move|p1a: Amoonguss|Spore|p2a: Blissey
|-status|p2a: Blissey|slp|[from] move: Spore
|
|upkeep
|turn|15
|
|t:|1663576411
|-curestatus|p2a: Blissey|slp|[from] ability: Natural Cure
|switch|p2a: Tapu Lele|Tapu Lele|100/100
|-damage|p2a: Tapu Lele|88/100|[from] Stealth Rock
|-fieldstart|move: Psychic Terrain|[from] ability: Psychic Surge|[of] p2a: Tapu Lele
|switch|p1a: Swampert|Swampert, M|50/100
|
|-heal|p1a: Swampert|56/100|[from] item: Leftovers
|upkeep
|turn|16
|
|t:|1663576426
|move|p2a: Tapu Lele|Psychic|p1a: Swampert
|-damage|p1a: Swampert|9/100
|move|p1a: Swampert|Mirror Coat|p2a: Tapu Lele
|-damage|p2a: Tapu Lele|0 fnt
|faint|p2a: Tapu Lele
|
|-heal|p1a: Swampert|16/100|[from] item: Leftovers
|upkeep
|
|t:|1663576430
|switch|p2a: Krookodile|Krookodile, F|100/100
|-damage|p2a: Krookodile|94/100|[from] Stealth Rock
|turn|17
|
|t:|1663576434
|move|p2a: Krookodile|Scale Shot|p1a: Swampert
|-damage|p1a: Swampert|5/100
|-damage|p1a: Swampert|0 fnt
|faint|p1a: Swampert
|-ability|p2a: Krookodile|Moxie|boost
|-boost|p2a: Krookodile|atk|1
|-hitcount|p1: Swampert|2
|-unboost|p2a: Krookodile|def|1
|-boost|p2a: Krookodile|spe|1
|-damage|p2a: Krookodile|84/100|[from] item: Life Orb
|
|upkeep
|
|t:|1663576437
|switch|p1a: Urshifu|Urshifu-Rapid-Strike, F|100/100
|turn|18
|
|t:|1663576442
|move|p2a: Krookodile|Earthquake|p1a: Urshifu
|-damage|p1a: Urshifu|0 fnt
|faint|p1a: Urshifu
|-ability|p2a: Krookodile|Moxie|boost
|-boost|p2a: Krookodile|atk|1
|-damage|p2a: Krookodile|75/100|[from] item: Life Orb
|
|upkeep
|
|t:|1663576453
|switch|p1a: Amoonguss|Amoonguss, F, shiny|82/100
|turn|19
|
|t:|1663576459
|move|p2a: Krookodile|Earthquake|p1a: Amoonguss
|-damage|p1a: Amoonguss|0 fnt
|faint|p1a: Amoonguss
|-ability|p2a: Krookodile|Moxie|boost
|-boost|p2a: Krookodile|atk|1
|-damage|p2a: Krookodile|65/100|[from] item: Life Orb
|
|-fieldend|move: Psychic Terrain
|upkeep
|
|t:|1663576465
|switch|p1a: Latios|Latios, M|68/100
|turn|20
|
|t:|1663576468
|move|p2a: Krookodile|Knock Off|p1a: Latios
|-supereffective|p1a: Latios
|-damage|p1a: Latios|0 fnt
|-damage|p2a: Krookodile|48/100|[from] item: Rocky Helmet|[of] p1a: Latios
|-enditem|p1a: Latios|Rocky Helmet|[from] move: Knock Off|[of] p2a: Krookodile
|faint|p1a: Latios
|-ability|p2a: Krookodile|Moxie|boost
|-boost|p2a: Krookodile|atk|1
|-damage|p2a: Krookodile|38/100|[from] item: Life Orb
|
|upkeep
|c|☆misplayin|crazy tech
|c|☆misplayin|gg
|c|☆dagoth ur49|gg
|
|t:|1663576475
|switch|p1a: Tornadus|Tornadus-Therian, M|66/100
|turn|21
|
|t:|1663576478
|move|p2a: Krookodile|Knock Off|p1a: Tornadus
|-damage|p1a: Tornadus|0 fnt
|-enditem|p1a: Tornadus|Heavy-Duty Boots|[from] move: Knock Off|[of] p2a: Krookodile
|faint|p1a: Tornadus
|-ability|p2a: Krookodile|Moxie|boost
|-boost|p2a: Krookodile|atk|1
|-damage|p2a: Krookodile|28/100|[from] item: Life Orb
|
|upkeep
|
|t:|1663576481
|switch|p1a: Darmanitan|Darmanitan, F, shiny|85/100
|turn|22
|
|t:|1663576482
|move|p2a: Krookodile|Earthquake|p1a: Darmanitan
|-supereffective|p1a: Darmanitan
|-damage|p1a: Darmanitan|0 fnt
|faint|p1a: Darmanitan
|-damage|p2a: Krookodile|18/100|[from] item: Life Orb
|
|win|dagoth ur49
|raw|misplayin's rating: 1695 &rarr; <strong>1672</strong><br />(-23 for losing)
|raw|dagoth ur49's rating: 1641 &rarr; <strong>1664</strong><br />(+23 for winning)
|c|☆misplayin|im stealing that
