|j|☆Trinitat
|j|☆JoeyOwesMeMoney
|player|p1|Trinitat|lenora|1766
|player|p2|JoeyOwesMeMoney|101|1683
|teamsize|p1|6
|teamsize|p2|6
|gametype|singles
|gen|8
|tier|[Gen 8] OU
|rated|
|clearpoke
|poke|p1|Talonflame, M|
|poke|p1|Azumarill, M|
|poke|p1|Rillaboom, M|
|poke|p1|Tyranitar, M|
|poke|p1|Klefki, F|
|poke|p1|Clefable, M|
|poke|p2|Chansey, F|
|poke|p2|Toxapex, M|
|poke|p2|Clefable, F|
|poke|p2|Corviknight, M|
|poke|p2|Hippowdon, M|
|poke|p2|Tangrowth, F|
|rule|Sleep Clause Mod: Limit one foe put to sleep
|rule|Species Clause: Limit one of each Pokémon
|rule|OHKO Clause: OHKO moves are banned
|rule|Evasion Moves Clause: Evasion moves are banned
|rule|Endless Battle Clause: Forcing endless battles is banned
|rule|HP Percentage Mod: HP is shown in percentages
|rule|Dynamax Clause: You cannot dynamax
|teampreview
|
|start
|switch|p1a: Azumarill|Azumarill, M|100/100
|switch|p2a: Toxapex|Toxapex, M|100/100
|turn|1
|
|move|p1a: Azumarill|Knock Off|p2a: Toxapex
|-damage|p2a: Toxapex|57/100
|-enditem|p2a: Toxapex|Black Sludge|[from] move: Knock Off|[of] p1a: Azumarill
|move|p2a: Toxapex|Toxic Spikes|p1a: Azumarill
|-sidestart|p1: Trinitat|move: Toxic Spikes
|
|upkeep
|turn|2
|inactive|Battle timer is ON: inactive players will automatically lose when time's up. (requested by Trinitat)
|
|switch|p1a: Klefki|Klefki, F|100/100
|move|p2a: Toxapex|Recover|p2a: Toxapex
|-heal|p2a: Toxapex|100/100
|
|upkeep
|turn|3
|
|move|p1a: Klefki|Spikes|p2a: Toxapex
|-sidestart|p2: JoeyOwesMeMoney|Spikes
|move|p2a: Toxapex|Knock Off|p1a: Klefki
|-resisted|p1a: Klefki
|-damage|p1a: Klefki|94/100
|-enditem|p1a: Klefki|Leftovers|[from] move: Knock Off|[of] p2a: Toxapex
|
|upkeep
|turn|4
|
|move|p1a: Klefki|Spikes|p2a: Toxapex
|-sidestart|p2: JoeyOwesMeMoney|Spikes
|move|p2a: Toxapex|Scald|p1a: Klefki
|-damage|p1a: Klefki|76/100
|-status|p1a: Klefki|brn
|
|-damage|p1a: Klefki|70/100 brn|[from] brn
|upkeep
|turn|5
|
|move|p1a: Klefki|Spikes|p2a: Toxapex
|-sidestart|p2: JoeyOwesMeMoney|Spikes
|move|p2a: Toxapex|Scald|p1a: Klefki
|-damage|p1a: Klefki|52/100 brn
|
|-damage|p1a: Klefki|46/100 brn|[from] brn
|upkeep
|turn|6
|
|switch|p1a: Tyranitar|Tyranitar, M|100/100
|-status|p1a: Tyranitar|psn
|-weather|Sandstorm|[from] ability: Sand Stream|[of] p1a: Tyranitar
|move|p2a: Toxapex|Scald|p1a: Tyranitar
|-supereffective|p1a: Tyranitar
|-damage|p1a: Tyranitar|87/100 psn
|
|-weather|Sandstorm|[upkeep]
|-damage|p2a: Toxapex|95/100|[from] Sandstorm
|-heal|p1a: Tyranitar|93/100 psn|[from] item: Leftovers
|-damage|p1a: Tyranitar|81/100 psn|[from] psn
|upkeep
|turn|7
|
|move|p1a: Tyranitar|Stealth Rock|p2a: Toxapex
|-sidestart|p2: JoeyOwesMeMoney|move: Stealth Rock
|move|p2a: Toxapex|Knock Off|p1a: Tyranitar
|-resisted|p1a: Tyranitar
|-damage|p1a: Tyranitar|75/100 psn
|-enditem|p1a: Tyranitar|Leftovers|[from] move: Knock Off|[of] p2a: Toxapex
|
|-weather|Sandstorm|[upkeep]
|-damage|p2a: Toxapex|89/100|[from] Sandstorm
|-damage|p1a: Tyranitar|63/100 psn|[from] psn
|upkeep
|turn|8
|
|move|p1a: Tyranitar|Stone Edge|p2a: Toxapex|[miss]
|-miss|p1a: Tyranitar|p2a: Toxapex
|move|p2a: Toxapex|Recover|p2a: Toxapex
|-heal|p2a: Toxapex|100/100
|
|-weather|Sandstorm|[upkeep]
|-damage|p2a: Toxapex|95/100|[from] Sandstorm
|-damage|p1a: Tyranitar|51/100 psn|[from] psn
|upkeep
|turn|9
|
|move|p1a: Tyranitar|Crunch|p2a: Toxapex
|-crit|p2a: Toxapex
|-damage|p2a: Toxapex|60/100
|move|p2a: Toxapex|Recover|p2a: Toxapex
|-heal|p2a: Toxapex|100/100
|
|-weather|Sandstorm|[upkeep]
|-damage|p2a: Toxapex|95/100|[from] Sandstorm
|-damage|p1a: Tyranitar|38/100 psn|[from] psn
|upkeep
|turn|10
|
|switch|p1a: Talonflame|Talonflame, M|100/100
|move|p2a: Toxapex|Recover|p2a: Toxapex
|-heal|p2a: Toxapex|100/100
|
|-weather|none
|upkeep
|turn|11
|
|move|p1a: Talonflame|Bulk Up|p1a: Talonflame
|-boost|p1a: Talonflame|atk|1
|-boost|p1a: Talonflame|def|1
|move|p2a: Toxapex|Knock Off|p1a: Talonflame
|-damage|p1a: Talonflame|85/100
|-enditem|p1a: Talonflame|Heavy-Duty Boots|[from] move: Knock Off|[of] p2a: Toxapex
|
|upkeep
|turn|12
|
|move|p1a: Talonflame|Bulk Up|p1a: Talonflame
|-boost|p1a: Talonflame|atk|1
|-boost|p1a: Talonflame|def|1
|move|p2a: Toxapex|Scald|p1a: Talonflame
|-supereffective|p1a: Talonflame
|-crit|p1a: Talonflame
|-damage|p1a: Talonflame|43/100
|
|upkeep
|turn|13
|
|move|p1a: Talonflame|Roost|p1a: Talonflame
|-heal|p1a: Talonflame|93/100
|-singleturn|p1a: Talonflame|move: Roost
|move|p2a: Toxapex|Scald|p1a: Talonflame
|-supereffective|p1a: Talonflame
|-damage|p1a: Talonflame|64/100
|
|upkeep
|turn|14
|inactive|JoeyOwesMeMoney has 120 seconds left.
|
|switch|p2a: Corviknight|Corviknight, M|100/100
|-damage|p2a: Corviknight|88/100|[from] Stealth Rock
|-ability|p2a: Corviknight|Pressure
|move|p1a: Talonflame|Bulk Up|p1a: Talonflame
|-boost|p1a: Talonflame|atk|1
|-boost|p1a: Talonflame|def|1
|
|upkeep
|turn|15
|
|move|p1a: Talonflame|Taunt|p2a: Corviknight
|-start|p2a: Corviknight|move: Taunt
|cant|p2a: Corviknight|move: Taunt|Defog
|
|upkeep
|turn|16
|
|move|p1a: Talonflame|Brave Bird|p2a: Corviknight
|-resisted|p2a: Corviknight
|-damage|p2a: Corviknight|63/100
|-damage|p1a: Talonflame|48/100|[from] item: Rocky Helmet|[of] p2a: Corviknight
|-damage|p1a: Talonflame|38/100|[from] Recoil
|move|p2a: Corviknight|Body Press|p1a: Talonflame
|-resisted|p1a: Talonflame
|-damage|p1a: Talonflame|32/100
|
|upkeep
|turn|17
|
|switch|p2a: Hippowdon|Hippowdon, M|100/100
|-damage|p2a: Hippowdon|94/100|[from] Stealth Rock
|-damage|p2a: Hippowdon|69/100|[from] Spikes
|-weather|Sandstorm|[from] ability: Sand Stream|[of] p2a: Hippowdon
|move|p1a: Talonflame|Roost|p1a: Talonflame
|-heal|p1a: Talonflame|82/100
|-singleturn|p1a: Talonflame|move: Roost
|
|-weather|Sandstorm|[upkeep]
|-damage|p1a: Talonflame|76/100|[from] Sandstorm
|-heal|p2a: Hippowdon|75/100|[from] item: Leftovers
|upkeep
|turn|18
|
|move|p1a: Talonflame|Taunt|p2a: Hippowdon
|-start|p2a: Hippowdon|move: Taunt
|cant|p2a: Hippowdon|move: Taunt|Whirlwind
|
|-weather|Sandstorm|[upkeep]
|-damage|p1a: Talonflame|70/100|[from] Sandstorm
|-heal|p2a: Hippowdon|82/100|[from] item: Leftovers
|upkeep
|turn|19
|
|move|p1a: Talonflame|Bulk Up|p1a: Talonflame
|-boost|p1a: Talonflame|atk|1
|-boost|p1a: Talonflame|def|1
|move|p2a: Hippowdon|Body Press|p1a: Talonflame
|-resisted|p1a: Talonflame
|-damage|p1a: Talonflame|64/100
|
|-weather|Sandstorm|[upkeep]
|-damage|p1a: Talonflame|58/100|[from] Sandstorm
|-heal|p2a: Hippowdon|88/100|[from] item: Leftovers
|upkeep
|turn|20
|
|move|p1a: Talonflame|Bulk Up|p1a: Talonflame
|-boost|p1a: Talonflame|atk|1
|-boost|p1a: Talonflame|def|1
|move|p2a: Hippowdon|Body Press|p1a: Talonflame
|-resisted|p1a: Talonflame
|-damage|p1a: Talonflame|53/100
|-status|p2a: Hippowdon|brn|[from] ability: Flame Body|[of] p1a: Talonflame
|
|-weather|Sandstorm|[upkeep]
|-damage|p1a: Talonflame|46/100|[from] Sandstorm
|-heal|p2a: Hippowdon|94/100 brn|[from] item: Leftovers
|-damage|p2a: Hippowdon|88/100 brn|[from] brn
|-end|p2a: Hippowdon|move: Taunt
|upkeep
|turn|21
|
|move|p1a: Talonflame|Taunt|p2a: Hippowdon
|-start|p2a: Hippowdon|move: Taunt
|move|p2a: Hippowdon|Earthquake|p1a: Talonflame
|-immune|p1a: Talonflame
|
|-weather|none
|-heal|p2a: Hippowdon|94/100 brn|[from] item: Leftovers
|-damage|p2a: Hippowdon|88/100 brn|[from] brn
|upkeep
|turn|22
|
|move|p1a: Talonflame|Roost|p1a: Talonflame
|-heal|p1a: Talonflame|97/100
|-singleturn|p1a: Talonflame|move: Roost
|move|p2a: Hippowdon|Earthquake|p1a: Talonflame
|-supereffective|p1a: Talonflame
|-damage|p1a: Talonflame|83/100
|
|-heal|p2a: Hippowdon|94/100 brn|[from] item: Leftovers
|-damage|p2a: Hippowdon|88/100 brn|[from] brn
|upkeep
|turn|23
|inactive|JoeyOwesMeMoney has 120 seconds left.
|inactive|JoeyOwesMeMoney has 90 seconds left.
|inactive|JoeyOwesMeMoney has 60 seconds left.
|inactive|JoeyOwesMeMoney has 30 seconds left.
|inactive|JoeyOwesMeMoney has 20 seconds left.
|inactive|JoeyOwesMeMoney has 15 seconds left.
|inactive|JoeyOwesMeMoney has 10 seconds left.
|inactive|JoeyOwesMeMoney has 5 seconds left.
|-message|JoeyOwesMeMoney lost due to inactivity.
|
|win|Trinitat
|c|☆Trinitat|lol
||Ladder (probably) updated, but score could not be retrieved (Request timeout).
