|j|☆WhereIsMyMime
|j|☆Kaleor
|t:|1667051699
|gametype|singles
|player|p1|WhereIsMyMime|unknown|1681
|player|p2|Kaleor|swimmer-gen4dp|1648
|teamsize|p1|6
|teamsize|p2|6
|gen|8
|tier|[Gen 8] OU
|rated|
|rule|Sleep Clause Mod: Limit one foe put to sleep
|rule|Species Clause: Limit one of each Pokémon
|rule|OHKO Clause: OHKO moves are banned
|rule|Evasion Items Clause: Evasion items are banned
|rule|Evasion Moves Clause: Evasion moves are banned
|rule|Endless Battle Clause: Forcing endless battles is banned
|rule|HP Percentage Mod: HP is shown in percentages
|rule|Dynamax Clause: You cannot dynamax
|clearpoke
|poke|p1|Hydreigon, F|
|poke|p1|Rotom-Wash|
|poke|p1|Melmetal|
|poke|p1|Dragapult, F|
|poke|p1|Clefable, M|
|poke|p1|Landorus-Therian, M|
|poke|p2|Torkoal, M|
|poke|p2|Dracozolt|
|poke|p2|Tyranitar, M|
|poke|p2|Blaziken, F|
|poke|p2|Landorus-Therian, M|
|poke|p2|Pelipper, F|
|teampreview
|
|t:|1667051719
|start
|switch|p1a: Rotom|Rotom-Wash|100/100
|switch|p2a: Landorus|Landorus-Therian, M|100/100
|-ability|p2a: Landorus|Intimidate|boost
|-unboost|p1a: Rotom|atk|1
|turn|1
|inactive|Battle timer is ON: inactive players will automatically lose when time's up. (requested by WhereIsMyMime)
|
|t:|1667051742
|move|p2a: Landorus|U-turn|p1a: Rotom
|-damage|p1a: Rotom|78/100
|
|t:|1667051744
|switch|p2a: Tyranitar|Tyranitar, M|100/100|[from]move: U-turn
|-weather|Sandstorm|[from] ability: Sand Stream|[of] p2a: Tyranitar
|move|p1a: Rotom|Will-O-Wisp|p2a: Tyranitar
|-status|p2a: Tyranitar|brn
|
|-weather|Sandstorm|[upkeep]
|-damage|p1a: Rotom|72/100|[from] Sandstorm
|-heal|p1a: Rotom|78/100|[from] item: Leftovers
|-damage|p2a: Tyranitar|94/100 brn|[from] brn
|upkeep
|turn|2
|j| Pullaya
|
|t:|1667051756
|move|p2a: Tyranitar|Crunch|p1a: Rotom
|-damage|p1a: Rotom|42/100
|-unboost|p1a: Rotom|def|1
|move|p1a: Rotom|Pain Split|p2a: Tyranitar
|-sethp|p2a: Tyranitar|66/100 brn|[from] move: Pain Split|[silent]
|-sethp|p1a: Rotom|74/100|[from] move: Pain Split
|
|-weather|Sandstorm|[upkeep]
|-damage|p1a: Rotom|67/100|[from] Sandstorm
|-heal|p1a: Rotom|74/100|[from] item: Leftovers
|-damage|p2a: Tyranitar|59/100 brn|[from] brn
|upkeep
|turn|3
|
|t:|1667051773
|switch|p2a: Dracozolt|Dracozolt|100/100
|switch|p1a: Clefable|Clefable, M, shiny|100/100
|
|-weather|Sandstorm|[upkeep]
|upkeep
|turn|4
|j| hzcsysm
|
|t:|1667051782
|move|p2a: Dracozolt|Draco Meteor|p1a: Clefable
|-immune|p1a: Clefable
|move|p1a: Clefable|Soft-Boiled||[still]
|-fail|p1a: Clefable|heal
|
|-weather|Sandstorm|[upkeep]
|upkeep
|turn|5
|
|t:|1667051790
|move|p2a: Dracozolt|Bolt Beak|p1a: Clefable
|-damage|p1a: Clefable|20/100
|-damage|p2a: Dracozolt|84/100|[from] item: Rocky Helmet|[of] p1a: Clefable
|-damage|p2a: Dracozolt|74/100|[from] item: Life Orb
|move|p1a: Clefable|Soft-Boiled|p1a: Clefable
|-heal|p1a: Clefable|70/100
|
|-weather|none
|upkeep
|turn|6
|
|t:|1667051802
|switch|p1a: Landorus|Landorus-Therian, M|100/100
|-ability|p1a: Landorus|Intimidate|boost
|-unboost|p2a: Dracozolt|atk|1
|move|p2a: Dracozolt|Bolt Beak|p1a: Landorus
|-immune|p1a: Landorus
|
|upkeep
|turn|7
|
|t:|1667051809
|switch|p2a: Landorus|Landorus-Therian, M|100/100
|-ability|p2a: Landorus|Intimidate|boost
|-unboost|p1a: Landorus|atk|1
|move|p1a: Landorus|Knock Off|p2a: Landorus
|-damage|p2a: Landorus|85/100
|-enditem|p2a: Landorus|Leftovers|[from] move: Knock Off|[of] p1a: Landorus
|
|upkeep
|turn|8
|j| WeirdHamster
|l| hzcsysm
|c| WeirdHamster|woah
|
|t:|1667051820
|move|p2a: Landorus|Stealth Rock|p1a: Landorus
|-sidestart|p1: WhereIsMyMime|move: Stealth Rock
|move|p1a: Landorus|U-turn|p2a: Landorus
|-resisted|p2a: Landorus
|-damage|p2a: Landorus|80/100
|c| WeirdHamster|triple wather
|
|t:|1667051839
|switch|p1a: Hydreigon|Hydreigon, F, shiny|100/100|[from]move: U-turn
|-damage|p1a: Hydreigon|88/100|[from] Stealth Rock
|
|upkeep
|turn|9
|
|t:|1667051842
|move|p1a: Hydreigon|Draco Meteor|p2a: Landorus
|-damage|p2a: Landorus|0 fnt
|-unboost|p1a: Hydreigon|spa|2
|faint|p2a: Landorus
|
|upkeep
|
|t:|1667051852
|switch|p2a: Tyranitar|Tyranitar, M|59/100 brn
|-weather|Sandstorm|[from] ability: Sand Stream|[of] p2a: Tyranitar
|turn|10
|
|t:|1667051860
|switch|p1a: Clefable|Clefable, M, shiny|70/100
|switch|p2a: Blaziken|Blaziken, F|100/100
|
|-weather|Sandstorm|[upkeep]
|-damage|p2a: Blaziken|95/100|[from] Sandstorm
|upkeep
|turn|11
|
|t:|1667051865
|move|p2a: Blaziken|Swords Dance|p2a: Blaziken
|-boost|p2a: Blaziken|atk|2
|move|p1a: Clefable|Thunder Wave|p2a: Blaziken
|-status|p2a: Blaziken|par
|
|-weather|Sandstorm|[upkeep]
|-damage|p2a: Blaziken|89/100 par|[from] Sandstorm
|-ability|p2a: Blaziken|Speed Boost|boost
|-boost|p2a: Blaziken|spe|1
|upkeep
|turn|12
|
|t:|1667051871
|move|p2a: Blaziken|Flare Blitz|p1a: Clefable
|-damage|p1a: Clefable|0 fnt
|-damage|p2a: Blaziken|72/100 par|[from] item: Rocky Helmet|[of] p1a: Clefable
|faint|p1a: Clefable
|-damage|p2a: Blaziken|42/100 par|[from] Recoil
|-damage|p2a: Blaziken|32/100 par|[from] item: Life Orb
|
|-weather|Sandstorm|[upkeep]
|-damage|p2a: Blaziken|26/100 par|[from] Sandstorm
|-ability|p2a: Blaziken|Speed Boost|boost
|-boost|p2a: Blaziken|spe|1
|upkeep
|
|t:|1667051880
|switch|p1a: Dragapult|Dragapult, F|100/100
|-damage|p1a: Dragapult|88/100|[from] Stealth Rock
|turn|13
|
|t:|1667051884
|cant|p2a: Blaziken|par
|move|p1a: Dragapult|Dragon Darts|p2a: Blaziken
|-damage|p2a: Blaziken|0 fnt
|faint|p2a: Blaziken
|
|-weather|Sandstorm|[upkeep]
|-damage|p1a: Dragapult|82/100|[from] Sandstorm
|upkeep
|
|t:|1667051889
|switch|p2a: Torkoal|Torkoal, M|100/100
|-weather|SunnyDay|[from] ability: Drought|[of] p2a: Torkoal
|turn|14
|
|t:|1667051896
|switch|p1a: Rotom|Rotom-Wash|74/100
|-damage|p1a: Rotom|61/100|[from] Stealth Rock
|move|p2a: Torkoal|Lava Plume|p1a: Rotom
|-resisted|p1a: Rotom
|-damage|p1a: Rotom|47/100
|
|-weather|SunnyDay|[upkeep]
|-heal|p1a: Rotom|53/100|[from] item: Leftovers
|upkeep
|turn|15
|
|t:|1667051906
|switch|p2a: Tyranitar|Tyranitar, M|59/100 brn
|-weather|Sandstorm|[from] ability: Sand Stream|[of] p2a: Tyranitar
|move|p1a: Rotom|Pain Split|p2a: Tyranitar
|-sethp|p2a: Tyranitar|53/100 brn|[from] move: Pain Split|[silent]
|-sethp|p1a: Rotom|60/100|[from] move: Pain Split
|
|-weather|Sandstorm|[upkeep]
|-damage|p1a: Rotom|53/100|[from] Sandstorm
|-heal|p1a: Rotom|60/100|[from] item: Leftovers
|-damage|p2a: Tyranitar|47/100 brn|[from] brn
|upkeep
|turn|16
|
|t:|1667051921
|switch|p1a: Melmetal|Melmetal, shiny|100/100
|-damage|p1a: Melmetal|94/100|[from] Stealth Rock
|move|p2a: Tyranitar|Crunch|p1a: Melmetal
|-damage|p1a: Melmetal|72/100
|
|-weather|Sandstorm|[upkeep]
|-heal|p1a: Melmetal|78/100|[from] item: Leftovers
|-damage|p2a: Tyranitar|41/100 brn|[from] brn
|upkeep
|turn|17
|
|t:|1667051933
|switch|p2a: Torkoal|Torkoal, M|100/100
|-weather|SunnyDay|[from] ability: Drought|[of] p2a: Torkoal
|move|p1a: Melmetal|Double Iron Bash|p2a: Torkoal
|-resisted|p2a: Torkoal
|-damage|p2a: Torkoal|87/100
|-resisted|p2a: Torkoal
|-damage|p2a: Torkoal|75/100
|-hitcount|p2a: Torkoal|2
|
|-weather|SunnyDay|[upkeep]
|-heal|p1a: Melmetal|84/100|[from] item: Leftovers
|upkeep
|turn|18
|
|t:|1667051943
|move|p1a: Melmetal|Protect|p1a: Melmetal
|-singleturn|p1a: Melmetal|Protect
|move|p2a: Torkoal|Lava Plume|p1a: Melmetal
|-activate|p1a: Melmetal|move: Protect
|
|-weather|SunnyDay|[upkeep]
|-heal|p1a: Melmetal|90/100|[from] item: Leftovers
|upkeep
|turn|19
|
|t:|1667051958
|switch|p1a: Rotom|Rotom-Wash|60/100
|-damage|p1a: Rotom|47/100|[from] Stealth Rock
|move|p2a: Torkoal|Lava Plume|p1a: Rotom
|-resisted|p1a: Rotom
|-damage|p1a: Rotom|33/100
|
|-weather|SunnyDay|[upkeep]
|-heal|p1a: Rotom|39/100|[from] item: Leftovers
|upkeep
|turn|20
|
|t:|1667051966
|switch|p2a: Tyranitar|Tyranitar, M|41/100 brn
|-weather|Sandstorm|[from] ability: Sand Stream|[of] p2a: Tyranitar
|move|p1a: Rotom|Volt Switch|p2a: Tyranitar
|-damage|p2a: Tyranitar|23/100 brn
|j| call the crew
|
|t:|1667051982
|switch|p1a: Dragapult|Dragapult, F|82/100|[from]move: Volt Switch
|-damage|p1a: Dragapult|70/100|[from] Stealth Rock
|
|-weather|Sandstorm|[upkeep]
|-damage|p1a: Dragapult|64/100|[from] Sandstorm
|-damage|p2a: Tyranitar|17/100 brn|[from] brn
|upkeep
|turn|21
|j| B0402058NN
|
|t:|1667052001
|move|p1a: Dragapult|U-turn|p2a: Tyranitar
|-supereffective|p2a: Tyranitar
|-damage|p2a: Tyranitar|0 fnt
|faint|p2a: Tyranitar
|l| call the crew
|
|t:|1667052012
|switch|p1a: Landorus|Landorus-Therian, M|100/100|[from]move: U-turn
|-damage|p1a: Landorus|88/100|[from] Stealth Rock
|
|-weather|Sandstorm|[upkeep]
|-heal|p1a: Landorus|94/100|[from] item: Leftovers
|upkeep
|
|t:|1667052015
|switch|p2a: Pelipper|Pelipper, F|100/100
|-weather|RainDance|[from] ability: Drizzle|[of] p2a: Pelipper
|turn|22
|
|t:|1667052024
|switch|p1a: Rotom|Rotom-Wash|39/100
|-damage|p1a: Rotom|26/100|[from] Stealth Rock
|move|p2a: Pelipper|Weather Ball|p1a: Rotom
|-resisted|p1a: Rotom
|-damage|p1a: Rotom|0 fnt
|faint|p1a: Rotom
|
|-weather|RainDance|[upkeep]
|upkeep
|
|t:|1667052044
|switch|p1a: Hydreigon|Hydreigon, F, shiny|88/100
|-damage|p1a: Hydreigon|76/100|[from] Stealth Rock
|turn|23
|
|t:|1667052052
|move|p1a: Hydreigon|Draco Meteor|p2a: Pelipper
|-damage|p2a: Pelipper|0 fnt
|-unboost|p1a: Hydreigon|spa|2
|faint|p2a: Pelipper
|
|-weather|RainDance|[upkeep]
|upkeep
|
|t:|1667052059
|switch|p2a: Torkoal|Torkoal, M|75/100
|-weather|SunnyDay|[from] ability: Drought|[of] p2a: Torkoal
|turn|24
|
|t:|1667052068
|move|p1a: Hydreigon|Draco Meteor|p2a: Torkoal
|-damage|p2a: Torkoal|11/100
|-unboost|p1a: Hydreigon|spa|2
|move|p2a: Torkoal|Lava Plume|p1a: Hydreigon
|-resisted|p1a: Hydreigon
|-damage|p1a: Hydreigon|54/100
|
|-weather|SunnyDay|[upkeep]
|upkeep
|turn|25
|
|t:|1667052075
|move|p1a: Hydreigon|Draco Meteor|p2a: Torkoal
|-damage|p2a: Torkoal|0 fnt
|-unboost|p1a: Hydreigon|spa|2
|faint|p2a: Torkoal
|
|-weather|SunnyDay|[upkeep]
|upkeep
|inactive|Kaleor has 120 seconds left.
|inactive|Kaleor has 90 seconds left.
|inactive|Kaleor has 60 seconds left.
|c| WeirdHamster|epic timestall
|inactive|Kaleor has 30 seconds left.
|c|☆WhereIsMyMime|yep
|inactive|Kaleor has 20 seconds left.
|inactive|Kaleor has 15 seconds left.
|inactive|Kaleor has 10 seconds left.
|inactive|Kaleor has 5 seconds left.
|-message|Kaleor lost due to inactivity.
|
|win|WhereIsMyMime
|raw|WhereIsMyMime's rating: 1681 &rarr; <strong>1699</strong><br />(+18 for winning)
|raw|Kaleor's rating: 1648 &rarr; <strong>1630</strong><br />(-18 for losing)
|l| B0402058NN
||Ladder isn't responding, score probably updated but might not have (Request timeout).
|l| WeirdHamster
