|j|☆mkyn
|j|☆tesla roadster
|t:|1616662756
|player|p1|mkyn|morty|1787
|player|p2|tesla roadster|101|1787
|teamsize|p1|6
|teamsize|p2|6
|gametype|singles
|gen|8
|tier|[Gen 8] OU
|rated|
|clearpoke
|poke|p1|Stakataka|
|poke|p1|Primarina, M|
|poke|p1|Blissey, F|
|poke|p1|Melmetal|
|poke|p1|Gastrodon-East, M|
|poke|p1|Tornadus-Therian, M|
|poke|p2|Tyranitar, M|
|poke|p2|Garchomp, M|
|poke|p2|Clefable, M|
|poke|p2|Tornadus-Therian, M|
|poke|p2|Tangrowth, M|
|poke|p2|Mamoswine, F|
|rule|Sleep Clause Mod: Limit one foe put to sleep
|rule|Species Clause: Limit one of each Pokémon
|rule|OHKO Clause: OHKO moves are banned
|rule|Evasion Moves Clause: Evasion moves are banned
|rule|Endless Battle Clause: Forcing endless battles is banned
|rule|HP Percentage Mod: HP is shown in percentages
|rule|Dynamax Clause: You cannot dynamax
|teampreview
|j| Calhambeque
|j| HOF69
|j| qallajtuni vera
|
|t:|1616662816
|start
|switch|p1a: Primarina|Primarina, M|100/100
|switch|p2a: Mamoswine|Mamoswine, F|100/100
|turn|1
|
|t:|1616662820
|move|p2a: Mamoswine|Earthquake|p1a: Primarina
|-damage|p1a: Primarina|0 fnt
|faint|p1a: Primarina
|
|upkeep
|
|t:|1616662825
|switch|p1a: Stakataka|Stakataka|100/100
|-item|p1a: Stakataka|Air Balloon
|turn|2
|
|t:|1616662833
|switch|p2a: Tangrowth|Tangrowth, M|100/100
|move|p1a: Stakataka|Trick Room|p1a: Stakataka
|-fieldstart|move: Trick Room|[of] p1a: Stakataka
|
|upkeep
|turn|3
|
|t:|1616662840
|switch|p1a: Melmetal|Melmetal|100/100
|move|p2a: Tangrowth|Giga Drain|p1a: Melmetal
|-resisted|p1a: Melmetal
|-damage|p1a: Melmetal|87/100
|
|upkeep
|turn|4
|j| imthenewplayer
|
|t:|1616662854
|move|p1a: Melmetal|Double Iron Bash|p2a: Tangrowth
|-damage|p2a: Tangrowth|63/100
|-damage|p1a: Melmetal|70/100|[from] item: Rocky Helmet|[of] p2a: Tangrowth
|-damage|p2a: Tangrowth|26/100
|-damage|p1a: Melmetal|54/100|[from] item: Rocky Helmet|[of] p2a: Tangrowth
|-hitcount|p2a: Tangrowth|2
|move|p2a: Tangrowth|Stun Spore|p1a: Melmetal
|-status|p1a: Melmetal|par
|
|upkeep
|turn|5
|l|qallajtunivera
|
|t:|1616662869
|move|p1a: Melmetal|Double Iron Bash|p2a: Tangrowth
|-damage|p2a: Tangrowth|0 fnt
|-damage|p1a: Melmetal|37/100 par|[from] item: Rocky Helmet|[of] p2a: Tangrowth
|-hitcount|p2a: Tangrowth|1
|faint|p2a: Tangrowth
|
|upkeep
|
|t:|1616662878
|switch|p2a: Mamoswine|Mamoswine, F|100/100
|turn|6
|j|+ez
|
|t:|1616662885
|move|p1a: Melmetal|Double Iron Bash|p2a: Mamoswine
|-supereffective|p2a: Mamoswine
|-damage|p2a: Mamoswine|0 fnt
|-hitcount|p2a: Mamoswine|1
|faint|p2a: Mamoswine
|
|-fieldend|move: Trick Room
|upkeep
|
|t:|1616662888
|switch|p2a: Garchomp|Garchomp, M|100/100
|turn|7
|
|t:|1616662905
|switch|p2a: Tyranitar|Tyranitar, M|100/100
|-weather|Sandstorm|[from] ability: Sand Stream|[of] p2a: Tyranitar
|switch|p1a: Tornadus|Tornadus-Therian, M|100/100
|
|-weather|Sandstorm|[upkeep]
|-damage|p1a: Tornadus|94/100|[from] Sandstorm
|upkeep
|turn|8
|
|t:|1616662909
|move|p1a: Tornadus|U-turn|p2a: Tyranitar
|-supereffective|p2a: Tyranitar
|-damage|p2a: Tyranitar|79/100
|
|t:|1616662913
|switch|p1a: Gastrodon|Gastrodon-East, M|100/100|[from]move: U-turn
|move|p2a: Tyranitar|Rock Blast|p1a: Gastrodon
|-resisted|p1a: Gastrodon
|-damage|p1a: Gastrodon|96/100
|-resisted|p1a: Gastrodon
|-damage|p1a: Gastrodon|92/100
|-resisted|p1a: Gastrodon
|-damage|p1a: Gastrodon|88/100
|-hitcount|p1a: Gastrodon|3
|
|-weather|Sandstorm|[upkeep]
|upkeep
|turn|9
|
|t:|1616662919
|switch|p2a: Clefable|Clefable, M|100/100
|move|p1a: Gastrodon|Toxic|p2a: Clefable
|-status|p2a: Clefable|tox
|
|-weather|Sandstorm|[upkeep]
|upkeep
|turn|10
|
|t:|1616662925
|switch|p1a: Stakataka|Stakataka|100/100
|-item|p1a: Stakataka|Air Balloon
|move|p2a: Clefable|Teleport|p2a: Clefable
|
|t:|1616662934
|switch|p2a: Garchomp|Garchomp, M|100/100|[from]move: Teleport
|
|-weather|Sandstorm|[upkeep]
|upkeep
|turn|11
|
|t:|1616662938
|move|p2a: Garchomp|Substitute|p2a: Garchomp
|-start|p2a: Garchomp|Substitute
|-damage|p2a: Garchomp|76/100
|move|p1a: Stakataka|Trick Room|p1a: Stakataka
|-fieldstart|move: Trick Room|[of] p1a: Stakataka
|
|-weather|none
|upkeep
|turn|12
|
|t:|1616662944
|move|p1a: Stakataka|Gyro Ball|p2a: Garchomp|[miss]
|-miss|p1a: Stakataka|p2a: Garchomp
|move|p2a: Garchomp|Scale Shot|p1a: Stakataka
|-resisted|p1a: Stakataka
|-crit|p1a: Stakataka
|-damage|p1a: Stakataka|94/100
|-enditem|p1a: Stakataka|Air Balloon
|-resisted|p1a: Stakataka
|-damage|p1a: Stakataka|90/100
|-resisted|p1a: Stakataka
|-damage|p1a: Stakataka|86/100
|-hitcount|p1a: Stakataka|3
|-unboost|p2a: Garchomp|def|1
|-boost|p2a: Garchomp|spe|1
|
|upkeep
|turn|13
|
|t:|1616662953
|switch|p1a: Blissey|Blissey, F|100/100
|move|p2a: Garchomp|Earthquake|p1a: Blissey
|-damage|p1a: Blissey|57/100
|
|upkeep
|turn|14
|
|t:|1616662959
|move|p1a: Blissey|Ice Beam|p2a: Garchomp
|-supereffective|p2a: Garchomp
|-end|p2a: Garchomp|Substitute
|move|p2a: Garchomp|Swords Dance|p2a: Garchomp
|-boost|p2a: Garchomp|atk|2
|
|upkeep
|turn|15
|
|t:|1616662964
|switch|p2a: Clefable|Clefable, M|100/100 tox
|move|p1a: Blissey|Healing Wish|p1a: Blissey
|faint|p1a: Blissey
|
|-fieldend|move: Trick Room
|upkeep
|
|t:|1616662973
|switch|p1a: Melmetal|Melmetal|37/100 par
|-heal|p1a: Melmetal|100/100|[from] move: Healing Wish
|turn|16
|
|t:|1616662980
|switch|p2a: Tyranitar|Tyranitar, M|79/100
|-weather|Sandstorm|[from] ability: Sand Stream|[of] p2a: Tyranitar
|move|p1a: Melmetal|Double Iron Bash|p2a: Tyranitar
|-supereffective|p2a: Tyranitar
|-damage|p2a: Tyranitar|0 fnt
|-hitcount|p2a: Tyranitar|1
|faint|p2a: Tyranitar
|
|-weather|Sandstorm|[upkeep]
|upkeep
|
|t:|1616662985
|switch|p2a: Garchomp|Garchomp, M|76/100
|turn|17
|
|t:|1616662990
|move|p2a: Garchomp|Substitute|p2a: Garchomp
|-start|p2a: Garchomp|Substitute
|-damage|p2a: Garchomp|51/100
|move|p1a: Melmetal|Double Iron Bash|p2a: Garchomp|[miss]
|-miss|p1a: Melmetal|p2a: Garchomp
|
|-weather|Sandstorm|[upkeep]
|upkeep
|turn|18
|
|t:|1616662998
|move|p2a: Garchomp|Swords Dance|p2a: Garchomp
|-boost|p2a: Garchomp|atk|2
|move|p1a: Melmetal|Double Iron Bash|p2a: Garchomp
|-end|p2a: Garchomp|Substitute
|-damage|p2a: Garchomp|0 fnt
|-hitcount|p2a: Garchomp|2
|faint|p2a: Garchomp
|
|-weather|Sandstorm|[upkeep]
|upkeep
|c| imthenewplayer|XD
|-message|tesla roadster forfeited.
|
|win|mkyn
|raw|mkyn's rating: 1787 &rarr; <strong>1807</strong><br />(+20 for winning)
|raw|tesla roadster's rating: 1787 &rarr; <strong>1767</strong><br />(-20 for losing)
|l|☆tesla roadster
|l| HOF69
|c|☆mkyn|GG
|l| imthenewplayer
||Ladder isn't responding, score probably updated but might not have (Request timeout).
