|j|☆Libaa
|j|☆Delibird Heart
|t:|1652188255
|gametype|singles
|player|p1|Libaa|bianca-pwt|1657
|player|p2|Delibird Heart|koga-gen1|1814
|teamsize|p1|6
|teamsize|p2|6
|gen|8
|tier|[Gen 8] OU
|rated|
|rule|Sleep Clause Mod: Limit one foe put to sleep
|rule|Species Clause: Limit one of each Pokémon
|rule|OHKO Clause: OHKO moves are banned
|rule|Evasion Moves Clause: Evasion moves are banned
|rule|Endless Battle Clause: Forcing endless battles is banned
|rule|HP Percentage Mod: HP is shown in percentages
|rule|Dynamax Clause: You cannot dynamax
|clearpoke
|poke|p1|Regidrago|
|poke|p1|Cobalion|
|poke|p1|Slowbro, F|
|poke|p1|Blissey, F|
|poke|p1|Hatterene, F|
|poke|p1|Garchomp, M|
|poke|p2|Mienshao, M|
|poke|p2|Landorus-Therian, M|
|poke|p2|Tapu Koko|
|poke|p2|Tangrowth, F|
|poke|p2|Coalossal, M|
|poke|p2|Slowking, F|
|teampreview
|inactive|Battle timer is ON: inactive players will automatically lose when time's up. (requested by Delibird Heart)
|c|☆Libaa|Cool team
|c|☆Delibird Heart|ty
|c|☆Libaa|hf
|inactive|Delibird Heart has 120 seconds left.
|c|☆Delibird Heart|u2
|j| mtr gope
|inactive|Libaa has 120 seconds left.
|
|t:|1652188291
|start
|switch|p1a: Blissey|Blissey, F|100/100
|switch|p2a: Jackie|Mienshao, M, shiny|100/100
|turn|1
|
|t:|1652188301
|switch|p1a: Slowbro|Slowbro, F|100/100
|move|p2a: Jackie|Knock Off|p1a: Slowbro
|-supereffective|p1a: Slowbro
|-damage|p1a: Slowbro|39/100
|-damage|p2a: Jackie|84/100|[from] item: Rocky Helmet|[of] p1a: Slowbro
|-enditem|p1a: Slowbro|Rocky Helmet|[from] move: Knock Off|[of] p2a: Jackie
|
|upkeep
|turn|2
|
|t:|1652188306
|switch|p1a: Cobalion|Cobalion|100/100
|move|p2a: Jackie|Knock Off|p1a: Cobalion
|-resisted|p1a: Cobalion
|-damage|p1a: Cobalion|84/100
|-ability|p1a: Cobalion|Justified|boost
|-boost|p1a: Cobalion|atk|1
|-enditem|p1a: Cobalion|Leftovers|[from] move: Knock Off|[of] p2a: Jackie
|
|upkeep
|turn|3
|j| LastYoungster
|
|t:|1652188332
|switch|p2a: Landorus|Landorus-Therian, M|100/100
|-ability|p2a: Landorus|Intimidate|boost
|-unboost|p1a: Cobalion|atk|1
|move|p1a: Cobalion|Close Combat|p2a: Landorus
|-resisted|p2a: Landorus
|-damage|p2a: Landorus|75/100
|-unboost|p1a: Cobalion|def|1
|-unboost|p1a: Cobalion|spd|1
|
|upkeep
|turn|4
|
|t:|1652188340
|switch|p1a: Hatterene|Hatterene, F|100/100
|move|p2a: Landorus|U-turn|p1a: Hatterene
|-crit|p1a: Hatterene
|-damage|p1a: Hatterene|65/100
|j| Max_97
|l| Max_97
|
|t:|1652188363
|switch|p2a: Jackie|Mienshao, M, shiny|84/100|[from]move: U-turn
|
|-heal|p1a: Hatterene|71/100|[from] item: Leftovers
|upkeep
|turn|5
|
|t:|1652188369
|switch|p1a: Slowbro|Slowbro, F|73/100
|move|p2a: Jackie|U-turn|p1a: Slowbro
|-supereffective|p1a: Slowbro
|-damage|p1a: Slowbro|26/100
|l| mtr gope
|
|t:|1652188379
|switch|p2a: Tapu Koko|Tapu Koko|100/100|[from]move: U-turn
|-fieldstart|move: Electric Terrain|[from] ability: Electric Surge|[of] p2a: Tapu Koko
|
|upkeep
|turn|6
|
|t:|1652188382
|switch|p1a: Blissey|Blissey, F|100/100
|move|p2a: Tapu Koko|U-turn|p1a: Blissey
|-damage|p1a: Blissey|86/100
|
|t:|1652188384
|switch|p2a: Jackie|Mienshao, M, shiny|84/100|[from]move: U-turn
|
|upkeep
|turn|7
|
|t:|1652188386
|switch|p1a: Cobalion|Cobalion|84/100
|move|p2a: Jackie|High Jump Kick|p1a: Cobalion
|-supereffective|p1a: Cobalion
|-damage|p1a: Cobalion|0 fnt
|faint|p1a: Cobalion
|
|upkeep
|
|t:|1652188390
|switch|p1a: Hatterene|Hatterene, F|71/100
|turn|8
|
|t:|1652188395
|switch|p2a: Slowking|Slowking, F|100/100
|move|p1a: Hatterene|Calm Mind|p1a: Hatterene
|-boost|p1a: Hatterene|spa|1
|-boost|p1a: Hatterene|spd|1
|
|-heal|p1a: Hatterene|77/100|[from] item: Leftovers
|upkeep
|turn|9
|
|t:|1652188405
|move|p1a: Hatterene|Draining Kiss|p2a: Slowking
|-damage|p2a: Slowking|81/100
|-heal|p1a: Hatterene|96/100|[from] drain|[of] p2a: Slowking
|move|p2a: Slowking|Teleport|p2a: Slowking
|
|t:|1652188412
|switch|p2a: Landorus|Landorus-Therian, M|75/100|[from]move: Teleport
|-ability|p2a: Landorus|Intimidate|boost
|-unboost|p1a: Hatterene|atk|1
|
|-heal|p1a: Hatterene|100/100|[from] item: Leftovers
|-fieldend|move: Electric Terrain
|upkeep
|turn|10
|
|t:|1652188414
|move|p2a: Landorus|Earthquake|p1a: Hatterene
|-damage|p1a: Hatterene|48/100
|move|p1a: Hatterene|Draining Kiss|p2a: Landorus
|-damage|p2a: Landorus|30/100
|-heal|p1a: Hatterene|84/100|[from] drain|[of] p2a: Landorus
|
|-heal|p1a: Hatterene|90/100|[from] item: Leftovers
|upkeep
|turn|11
|
|t:|1652188418
|move|p2a: Landorus|Earthquake|p1a: Hatterene
|-damage|p1a: Hatterene|30/100
|move|p1a: Hatterene|Draining Kiss|p2a: Landorus
|-damage|p2a: Landorus|0 fnt
|-heal|p1a: Hatterene|54/100|[from] drain|[of] p2a: Landorus
|faint|p2a: Landorus
|
|-heal|p1a: Hatterene|60/100|[from] item: Leftovers
|upkeep
|
|t:|1652188425
|switch|p2a: fuck weavile|Coalossal, M|100/100
|turn|12
|
|t:|1652188437
|switch|p1a: Garchomp|Garchomp, M|100/100
|move|p2a: fuck weavile|Heat Crash|p1a: Garchomp
|-resisted|p1a: Garchomp
|-damage|p1a: Garchomp|89/100
|-damage|p2a: fuck weavile|88/100|[from] ability: Rough Skin|[of] p1a: Garchomp
|
|-heal|p1a: Garchomp|95/100|[from] item: Leftovers
|upkeep
|turn|13
|
|t:|1652188444
|switch|p1a: Slowbro|Slowbro, F|59/100
|switch|p2a: Tangrowth|Tangrowth, F|100/100
|
|upkeep
|turn|14
|
|t:|1652188454
|switch|p1a: Blissey|Blissey, F|86/100
|move|p2a: Tangrowth|Giga Drain|p1a: Blissey
|-damage|p1a: Blissey|75/100
|
|upkeep
|turn|15
|
|t:|1652188457
|move|p2a: Tangrowth|Knock Off|p1a: Blissey
|-damage|p1a: Blissey|55/100
|-enditem|p1a: Blissey|Heavy-Duty Boots|[from] move: Knock Off|[of] p2a: Tangrowth
|move|p1a: Blissey|Teleport|p1a: Blissey
|
|t:|1652188459
|switch|p1a: Regidrago|Regidrago|100/100|[from]move: Teleport
|
|upkeep
|turn|16
|
|t:|1652188464
|switch|p1a: Garchomp|Garchomp, M|95/100
|switch|p2a: Tapu Koko|Tapu Koko|100/100
|-fieldstart|move: Electric Terrain|[from] ability: Electric Surge|[of] p2a: Tapu Koko
|
|-heal|p1a: Garchomp|100/100|[from] item: Leftovers
|upkeep
|turn|17
|
|t:|1652188467
|move|p2a: Tapu Koko|Dazzling Gleam|p1a: Garchomp
|-supereffective|p1a: Garchomp
|-damage|p1a: Garchomp|28/100
|move|p1a: Garchomp|Earthquake|p2a: Tapu Koko
|-supereffective|p2a: Tapu Koko
|-damage|p2a: Tapu Koko|0 fnt
|faint|p2a: Tapu Koko
|
|-heal|p1a: Garchomp|34/100|[from] item: Leftovers
|upkeep
|
|t:|1652188470
|switch|p2a: Jackie|Mienshao, M, shiny|84/100
|turn|18
|c|☆Libaa|I love the recless
|c|☆Libaa|Hella cool
|c|☆Delibird Heart|ty
|
|t:|1652188492
|switch|p1a: Hatterene|Hatterene, F|60/100
|move|p2a: Jackie|U-turn|p1a: Hatterene
|-damage|p1a: Hatterene|25/100
|
|t:|1652188506
|switch|p2a: fuck weavile|Coalossal, M|88/100|[from]move: U-turn
|
|-heal|p1a: Hatterene|32/100|[from] item: Leftovers
|upkeep
|turn|19
|
|t:|1652188511
|move|p1a: Hatterene|Psyshock|p2a: fuck weavile
|-damage|p2a: fuck weavile|70/100
|move|p2a: fuck weavile|Spikes|p1a: Hatterene
|move|p1a: Hatterene|Spikes|p2a: fuck weavile|[from]ability: Magic Bounce
|-sidestart|p2: Delibird Heart|Spikes
|
|-heal|p1a: Hatterene|38/100|[from] item: Leftovers
|upkeep
|turn|20
|
|t:|1652188516
|move|p1a: Hatterene|Psyshock|p2a: fuck weavile
|-damage|p2a: fuck weavile|51/100
|move|p2a: fuck weavile|Rapid Spin|p1a: Hatterene
|-damage|p1a: Hatterene|29/100
|-boost|p2a: fuck weavile|spe|1
|-sideend|p2: Delibird Heart|Spikes|[from] move: Rapid Spin|[of] p2a: fuck weavile
|
|-heal|p1a: Hatterene|35/100|[from] item: Leftovers
|-fieldend|move: Electric Terrain
|upkeep
|turn|21
|
|t:|1652188523
|switch|p1a: Garchomp|Garchomp, M|34/100
|move|p2a: fuck weavile|Heat Crash|p1a: Garchomp
|-resisted|p1a: Garchomp
|-damage|p1a: Garchomp|23/100
|-damage|p2a: fuck weavile|39/100|[from] ability: Rough Skin|[of] p1a: Garchomp
|
|-heal|p1a: Garchomp|29/100|[from] item: Leftovers
|upkeep
|turn|22
|
|t:|1652188535
|switch|p2a: Tangrowth|Tangrowth, F|100/100
|move|p1a: Garchomp|Earthquake|p2a: Tangrowth
|-resisted|p2a: Tangrowth
|-damage|p2a: Tangrowth|87/100
|
|-heal|p1a: Garchomp|35/100|[from] item: Leftovers
|upkeep
|turn|23
|
|t:|1652188544
|switch|p1a: Blissey|Blissey, F|55/100
|move|p2a: Tangrowth|Knock Off|p1a: Blissey
|-damage|p1a: Blissey|42/100
|
|upkeep
|turn|24
|
|t:|1652188551
|switch|p2a: Jackie|Mienshao, M, shiny|84/100
|move|p1a: Blissey|Toxic|p2a: Jackie
|-status|p2a: Jackie|tox
|
|-damage|p2a: Jackie|78/100 tox|[from] psn
|upkeep
|turn|25
|
|t:|1652188565
|switch|p1a: Slowbro|Slowbro, F|93/100
|move|p2a: Jackie|High Jump Kick|p1a: Slowbro
|-resisted|p1a: Slowbro
|-damage|p1a: Slowbro|52/100
|
|-damage|p2a: Jackie|66/100 tox|[from] psn
|upkeep
|turn|26
|
|t:|1652188572
|switch|p2a: Slowking|Slowking, F|100/100
|move|p1a: Slowbro|Slack Off|p1a: Slowbro
|-heal|p1a: Slowbro|100/100
|
|upkeep
|turn|27
|
|t:|1652188575
|move|p2a: Slowking|Teleport|p2a: Slowking
|
|t:|1652188578
|switch|p2a: Tangrowth|Tangrowth, F|100/100|[from]move: Teleport
|move|p1a: Slowbro|Teleport|p1a: Slowbro
|
|t:|1652188580
|switch|p1a: Regidrago|Regidrago|100/100|[from]move: Teleport
|
|upkeep
|turn|28
|-message|Delibird Heart forfeited.
|
|win|Libaa
|raw|Libaa's rating: 1657 &rarr; <strong>1685</strong><br />(+28 for winning)
|raw|Delibird Heart's rating: 1814 &rarr; <strong>1786</strong><br />(-28 for losing)
|c|☆Libaa|gg
|c|☆Libaa|Amazing team u got
|c|☆Libaa|Love the mons
|l| LastYoungster
