|raw|<div class="broadcast-blue"><strong>This battle is required to be public due to a player having a name starting with 'lt92pf'.</div>
|j|☆Juyen RPPLF
|j|☆LT92PF PDC
|t:|1659893151
|gametype|singles
|player|p1|Juyen RPPLF|hilbert|1744
|player|p2|LT92PF PDC|ethan|1895
|teamsize|p1|6
|teamsize|p2|6
|gen|8
|tier|[Gen 8] OU
|rated|
|rule|Sleep Clause Mod: Limit one foe put to sleep
|rule|Species Clause: Limit one of each Pokémon
|rule|OHKO Clause: OHKO moves are banned
|rule|Evasion Items Clause: Evasion items are banned
|rule|Evasion Moves Clause: Evasion moves are banned
|rule|Endless Battle Clause: Forcing endless battles is banned
|rule|HP Percentage Mod: HP is shown in percentages
|rule|Dynamax Clause: You cannot dynamax
|clearpoke
|poke|p1|Melmetal|
|poke|p1|Tornadus-Therian, M|
|poke|p1|Stunfisk, M|
|poke|p1|Crawdaunt, F|
|poke|p1|Victini|
|poke|p1|Tapu Fini|
|poke|p2|Zapdos|
|poke|p2|Weavile, M|
|poke|p2|Kartana|
|poke|p2|Landorus-Therian, M|
|poke|p2|Volcanion|
|poke|p2|Melmetal|
|teampreview
|j| yop on the flux
|
|t:|1659893188
|start
|switch|p1a: Melmetal|Melmetal|100/100
|switch|p2a: Weavile|Weavile, M|100/100
|-ability|p2a: Weavile|Pressure
|turn|1
|
|t:|1659893195
|switch|p2a: Zapdos|Zapdos|100/100
|move|p1a: Melmetal|Ice Punch|p2a: Zapdos
|-supereffective|p2a: Zapdos
|-damage|p2a: Zapdos|23/100
|
|upkeep
|turn|2
|
|t:|1659893200
|switch|p1a: CSslave|Stunfisk, M|100/100
|move|p2a: Zapdos|Volt Switch|p1a: CSslave
|-immune|p1a: CSslave
|
|upkeep
|turn|3
|
|t:|1659893203
|move|p2a: Zapdos|Roost|p2a: Zapdos
|-heal|p2a: Zapdos|73/100
|-singleturn|p2a: Zapdos|move: Roost
|move|p1a: CSslave|Stealth Rock|p2a: Zapdos
|-sidestart|p2: LT92PF PDC|move: Stealth Rock
|
|upkeep
|turn|4
|
|t:|1659893205
|switch|p2a: Landorus|Landorus-Therian, M|100/100
|-damage|p2a: Landorus|88/100|[from] Stealth Rock
|-ability|p2a: Landorus|Intimidate|boost
|-unboost|p1a: CSslave|atk|1
|move|p1a: CSslave|Toxic|p2a: Landorus
|-status|p2a: Landorus|tox
|
|-heal|p2a: Landorus|94/100 tox|[from] item: Leftovers
|-damage|p2a: Landorus|88/100 tox|[from] psn
|upkeep
|turn|5
|
|t:|1659893208
|switch|p1a: Ray Charles|Tornadus-Therian, M|100/100
|move|p2a: Landorus|Stealth Rock|p1a: Ray Charles
|-sidestart|p1: Juyen RPPLF|move: Stealth Rock
|
|-heal|p2a: Landorus|94/100 tox|[from] item: Leftovers
|-damage|p2a: Landorus|82/100 tox|[from] psn
|upkeep
|turn|6
|
|t:|1659893213
|move|p1a: Ray Charles|Hurricane|p2a: Landorus
|-damage|p2a: Landorus|38/100 tox
|move|p2a: Landorus|U-turn|p1a: Ray Charles
|-resisted|p1a: Ray Charles
|-damage|p1a: Ray Charles|87/100
|
|t:|1659893219
|switch|p2a: Melmetal|Melmetal|100/100|[from]move: U-turn
|-damage|p2a: Melmetal|94/100|[from] Stealth Rock
|
|upkeep
|turn|7
|
|t:|1659893223
|move|p1a: Ray Charles|U-turn|p2a: Melmetal
|-resisted|p2a: Melmetal
|-damage|p2a: Melmetal|90/100
|
|t:|1659893225
|switch|p1a: Victini|Victini|100/100|[from]move: U-turn
|move|p2a: Melmetal|Double Iron Bash|p1a: Victini
|-resisted|p1a: Victini
|-damage|p1a: Victini|77/100
|-resisted|p1a: Victini
|-damage|p1a: Victini|54/100
|-hitcount|p1a: Victini|2
|
|upkeep
|turn|8
|
|t:|1659893242
|switch|p2a: Landorus|Landorus-Therian, M|38/100 tox
|-damage|p2a: Landorus|25/100 tox|[from] Stealth Rock
|-ability|p2a: Landorus|Intimidate|boost
|-unboost|p1a: Victini|atk|1
|move|p1a: Victini|Future Sight|p2a: Landorus
|-start|p1a: Victini|move: Future Sight
|
|-heal|p2a: Landorus|32/100 tox|[from] item: Leftovers
|-damage|p2a: Landorus|25/100 tox|[from] psn
|upkeep
|turn|9
|
|t:|1659893245
|move|p1a: Victini|V-create|p2a: Landorus
|-damage|p2a: Landorus|0 fnt
|-unboost|p1a: Victini|spe|1
|-unboost|p1a: Victini|def|1
|-unboost|p1a: Victini|spd|1
|faint|p2a: Landorus
|
|upkeep
|
|t:|1659893248
|switch|p2a: Weavile|Weavile, M|100/100
|-damage|p2a: Weavile|76/100|[from] Stealth Rock
|-ability|p2a: Weavile|Pressure
|turn|10
|
|t:|1659893254
|switch|p1a: Tapu Fini|Tapu Fini|100/100
|-damage|p1a: Tapu Fini|88/100|[from] Stealth Rock
|-fieldstart|move: Misty Terrain|[from] ability: Misty Surge|[of] p1a: Tapu Fini
|move|p2a: Weavile|Knock Off|p1a: Tapu Fini
|-resisted|p1a: Tapu Fini
|-damage|p1a: Tapu Fini|63/100
|-enditem|p1a: Tapu Fini|Leftovers|[from] move: Knock Off|[of] p2a: Weavile
|
|-end|p2a: Weavile|move: Future Sight
|-immune|p2a: Weavile
|upkeep
|turn|11
|
|t:|1659893269
|switch|p2a: Volcanion|Volcanion|100/100
|-damage|p2a: Volcanion|76/100|[from] Stealth Rock
|move|p1a: Tapu Fini|Draining Kiss|p2a: Volcanion
|-resisted|p2a: Volcanion
|-damage|p2a: Volcanion|66/100
|-heal|p1a: Tapu Fini|70/100|[from] drain|[of] p2a: Volcanion
|
|upkeep
|turn|12
|
|t:|1659893273
|switch|p1a: Melmetal|Melmetal|100/100
|-damage|p1a: Melmetal|94/100|[from] Stealth Rock
|move|p2a: Volcanion|Steam Eruption|p1a: Melmetal
|-damage|p1a: Melmetal|10/100
|
|upkeep
|turn|13
|-enditem|p1a: Melmetal|Custap Berry|[eat]
|-activate|p1a: Melmetal|item: Custap Berry|[consumed]
|
|t:|1659893277
|move|p1a: Melmetal|Earthquake|p2a: Volcanion
|-supereffective|p2a: Volcanion
|-damage|p2a: Volcanion|0 fnt
|faint|p2a: Volcanion
|
|upkeep
|
|t:|1659893289
|switch|p2a: Kartana|Kartana|100/100
|-damage|p2a: Kartana|94/100|[from] Stealth Rock
|turn|14
|
|t:|1659893294
|move|p2a: Kartana|Knock Off|p1a: Melmetal
|-damage|p1a: Melmetal|0 fnt
|faint|p1a: Melmetal
|-ability|p2a: Kartana|Beast Boost|boost
|-boost|p2a: Kartana|atk|1
|
|-fieldend|Misty Terrain
|upkeep
|
|t:|1659893303
|switch|p1a: Ray Charles|Tornadus-Therian, M|100/100
|turn|15
|
|t:|1659893306
|switch|p2a: Zapdos|Zapdos|73/100
|move|p1a: Ray Charles|Heat Wave|p2a: Zapdos
|-damage|p2a: Zapdos|44/100
|
|upkeep
|turn|16
|
|t:|1659893311
|switch|p1a: CSslave|Stunfisk, M|100/100
|-damage|p1a: CSslave|94/100|[from] Stealth Rock
|move|p2a: Zapdos|Roost|p2a: Zapdos
|-heal|p2a: Zapdos|94/100
|-singleturn|p2a: Zapdos|move: Roost
|
|-heal|p1a: CSslave|100/100|[from] item: Leftovers
|upkeep
|turn|17
|
|t:|1659893317
|move|p2a: Zapdos|Hurricane|p1a: CSslave
|-resisted|p1a: CSslave
|-damage|p1a: CSslave|84/100
|move|p1a: CSslave|Discharge|p2a: Zapdos
|-damage|p2a: Zapdos|69/100
|
|-heal|p1a: CSslave|91/100|[from] item: Leftovers
|upkeep
|turn|18
|j| zzhh
|
|t:|1659893321
|switch|p2a: Melmetal|Melmetal|90/100
|-damage|p2a: Melmetal|84/100|[from] Stealth Rock
|move|p1a: CSslave|Discharge|p2a: Melmetal
|-damage|p2a: Melmetal|70/100
|-status|p2a: Melmetal|par
|
|-heal|p1a: CSslave|97/100|[from] item: Leftovers
|upkeep
|turn|19
|
|t:|1659893334
|switch|p1a: Crawdaunt|Crawdaunt, F|100/100
|-damage|p1a: Crawdaunt|88/100|[from] Stealth Rock
|move|p2a: Melmetal|Earthquake|p1a: Crawdaunt
|-damage|p1a: Crawdaunt|31/100
|
|upkeep
|turn|20
|
|t:|1659893344
|move|p1a: Crawdaunt|Knock Off|p2a: Melmetal
|-damage|p2a: Melmetal|14/100 par
|-enditem|p2a: Melmetal|Assault Vest|[from] move: Knock Off|[of] p1a: Crawdaunt
|-damage|p1a: Crawdaunt|21/100|[from] item: Life Orb
|cant|p2a: Melmetal|par
|
|upkeep
|turn|21
|
|t:|1659893349
|move|p1a: Crawdaunt|Knock Off|p2a: Melmetal
|-damage|p2a: Melmetal|0 fnt
|faint|p2a: Melmetal
|-damage|p1a: Crawdaunt|11/100|[from] item: Life Orb
|
|upkeep
|
|t:|1659893351
|switch|p2a: Kartana|Kartana|94/100
|-damage|p2a: Kartana|88/100|[from] Stealth Rock
|turn|22
|
|t:|1659893357
|move|p1a: Crawdaunt|Aqua Jet|p2a: Kartana
|-resisted|p2a: Kartana
|-damage|p2a: Kartana|68/100
|-damage|p1a: Crawdaunt|2/100|[from] item: Life Orb
|move|p2a: Kartana|Knock Off|p1a: Crawdaunt
|-resisted|p1a: Crawdaunt
|-damage|p1a: Crawdaunt|0 fnt
|-enditem|p1a: Crawdaunt|Life Orb|[from] move: Knock Off|[of] p2a: Kartana
|faint|p1a: Crawdaunt
|-ability|p2a: Kartana|Beast Boost|boost
|-boost|p2a: Kartana|atk|1
|
|upkeep
|
|t:|1659893361
|switch|p1a: Tapu Fini|Tapu Fini|70/100
|-damage|p1a: Tapu Fini|57/100|[from] Stealth Rock
|-fieldstart|move: Misty Terrain|[from] ability: Misty Surge|[of] p1a: Tapu Fini
|turn|23
|
|t:|1659893363
|switch|p2a: Zapdos|Zapdos|69/100
|switch|p1a: CSslave|Stunfisk, M|97/100
|-damage|p1a: CSslave|91/100|[from] Stealth Rock
|
|-heal|p1a: CSslave|97/100|[from] item: Leftovers
|upkeep
|turn|24
|
|t:|1659893368
|switch|p2a: Weavile|Weavile, M|76/100
|-damage|p2a: Weavile|51/100|[from] Stealth Rock
|-ability|p2a: Weavile|Pressure
|move|p1a: CSslave|Earth Power|p2a: Weavile
|-damage|p2a: Weavile|11/100
|
|-heal|p1a: CSslave|100/100|[from] item: Leftovers
|upkeep
|turn|25
|
|t:|1659893373
|switch|p1a: Tapu Fini|Tapu Fini|57/100
|-damage|p1a: Tapu Fini|45/100|[from] Stealth Rock
|move|p2a: Weavile|Triple Axel|p1a: Tapu Fini
|-resisted|p1a: Tapu Fini
|-damage|p1a: Tapu Fini|39/100
|-resisted|p1a: Tapu Fini
|-damage|p1a: Tapu Fini|28/100
|-resisted|p1a: Tapu Fini
|-damage|p1a: Tapu Fini|12/100
|-hitcount|p1a: Tapu Fini|3
|
|upkeep
|turn|26
|
|t:|1659893378
|move|p2a: Weavile|Triple Axel|p1a: Tapu Fini
|-resisted|p1a: Tapu Fini
|-crit|p1a: Tapu Fini
|-damage|p1a: Tapu Fini|3/100
|-resisted|p1a: Tapu Fini
|-damage|p1a: Tapu Fini|0 fnt
|faint|p1a: Tapu Fini
|-hitcount|p1: Tapu Fini|2
|
|upkeep
|
|t:|1659893383
|switch|p1a: Victini|Victini|54/100
|turn|27
|
|t:|1659893390
|move|p2a: Weavile|Triple Axel|p1a: Victini
|-resisted|p1a: Victini
|-damage|p1a: Victini|45/100
|-hitcount|p1a: Victini|1
|move|p1a: Victini|U-turn|p2a: Weavile
|-supereffective|p2a: Weavile
|-damage|p2a: Weavile|0 fnt
|faint|p2a: Weavile
|
|t:|1659893398
|switch|p1a: Ray Charles|Tornadus-Therian, M|100/100|[from]move: U-turn
|
|-fieldend|Misty Terrain
|upkeep
|
|t:|1659893400
|switch|p2a: Zapdos|Zapdos|69/100
|turn|28
|
|t:|1659893407
|move|p1a: Ray Charles|U-turn|p2a: Zapdos
|-resisted|p2a: Zapdos
|-damage|p2a: Zapdos|61/100
|
|t:|1659893409
|switch|p1a: CSslave|Stunfisk, M|100/100|[from]move: U-turn
|-damage|p1a: CSslave|94/100|[from] Stealth Rock
|move|p2a: Zapdos|Hurricane|p1a: CSslave
|-resisted|p1a: CSslave
|-damage|p1a: CSslave|77/100
|-start|p1a: CSslave|confusion
|
|-heal|p1a: CSslave|83/100|[from] item: Leftovers
|upkeep
|turn|29
|j| FU SHUN HA
|
|t:|1659893415
|switch|p2a: Kartana|Kartana|68/100
|-damage|p2a: Kartana|62/100|[from] Stealth Rock
|-activate|p1a: CSslave|confusion
|-damage|p1a: CSslave|78/100|[from] confusion
|
|-heal|p1a: CSslave|85/100|[from] item: Leftovers
|upkeep
|turn|30
|
|t:|1659893424
|switch|p1a: Victini|Victini|45/100
|move|p2a: Kartana|Knock Off|p1a: Victini
|-supereffective|p1a: Victini
|-damage|p1a: Victini|0 fnt
|-enditem|p1a: Victini|Heavy-Duty Boots|[from] move: Knock Off|[of] p2a: Kartana
|faint|p1a: Victini
|-ability|p2a: Kartana|Beast Boost|boost
|-boost|p2a: Kartana|atk|1
|
|upkeep
|
|t:|1659893426
|switch|p1a: Ray Charles|Tornadus-Therian, M|100/100
|turn|31
|
|t:|1659893430
|switch|p2a: Zapdos|Zapdos|61/100
|move|p1a: Ray Charles|Heat Wave|p2a: Zapdos
|-damage|p2a: Zapdos|34/100
|
|upkeep
|turn|32
|
|t:|1659893437
|switch|p1a: CSslave|Stunfisk, M|85/100
|-damage|p1a: CSslave|78/100|[from] Stealth Rock
|move|p2a: Zapdos|Roost|p2a: Zapdos
|-heal|p2a: Zapdos|84/100
|-singleturn|p2a: Zapdos|move: Roost
|
|-heal|p1a: CSslave|85/100|[from] item: Leftovers
|upkeep
|turn|33
|
|t:|1659893440
|move|p2a: Zapdos|Hurricane|p1a: CSslave|[miss]
|-miss|p2a: Zapdos|p1a: CSslave
|move|p1a: CSslave|Earth Power|p2a: Zapdos
|-immune|p2a: Zapdos
|
|-heal|p1a: CSslave|91/100|[from] item: Leftovers
|upkeep
|turn|34
|
|t:|1659893444
|move|p2a: Zapdos|Hurricane|p1a: CSslave
|-resisted|p1a: CSslave
|-damage|p1a: CSslave|75/100
|move|p1a: CSslave|Earth Power|p2a: Zapdos
|-immune|p2a: Zapdos
|
|-heal|p1a: CSslave|81/100|[from] item: Leftovers
|upkeep
|turn|35
|
|t:|1659893447
|switch|p2a: Kartana|Kartana|62/100
|-damage|p2a: Kartana|56/100|[from] Stealth Rock
|move|p1a: CSslave|Discharge|p2a: Kartana
|-resisted|p2a: Kartana
|-damage|p2a: Kartana|20/100
|
|-heal|p1a: CSslave|87/100|[from] item: Leftovers
|upkeep
|turn|36
|
|t:|1659893459
|switch|p1a: Ray Charles|Tornadus-Therian, M|100/100
|move|p2a: Kartana|Knock Off|p1a: Ray Charles
|-damage|p1a: Ray Charles|49/100
|-enditem|p1a: Ray Charles|Heavy-Duty Boots|[from] move: Knock Off|[of] p2a: Kartana
|
|upkeep
|turn|37
|
|t:|1659893478
|switch|p2a: Zapdos|Zapdos|84/100
|move|p1a: Ray Charles|Heat Wave|p2a: Zapdos
|-damage|p2a: Zapdos|58/100
|
|upkeep
|turn|38
|
|t:|1659893483
|switch|p1a: CSslave|Stunfisk, M|87/100
|-damage|p1a: CSslave|81/100|[from] Stealth Rock
|move|p2a: Zapdos|Hurricane|p1a: CSslave|[miss]
|-miss|p2a: Zapdos|p1a: CSslave
|
|-heal|p1a: CSslave|87/100|[from] item: Leftovers
|upkeep
|turn|39
|
|t:|1659893488
|move|p2a: Zapdos|Hurricane|p1a: CSslave|[miss]
|-miss|p2a: Zapdos|p1a: CSslave
|move|p1a: CSslave|Discharge|p2a: Zapdos
|-damage|p2a: Zapdos|35/100
|
|-heal|p1a: CSslave|93/100|[from] item: Leftovers
|upkeep
|turn|40
|
|t:|1659893491
|move|p2a: Zapdos|Hurricane|p1a: CSslave|[miss]
|-miss|p2a: Zapdos|p1a: CSslave
|move|p1a: CSslave|Earth Power|p2a: Zapdos
|-immune|p2a: Zapdos
|
|-heal|p1a: CSslave|99/100|[from] item: Leftovers
|upkeep
|turn|41
|j| Mewzzy
|
|t:|1659893495
|move|p2a: Zapdos|Hurricane|p1a: CSslave
|-resisted|p1a: CSslave
|-damage|p1a: CSslave|82/100
|move|p1a: CSslave|Earth Power|p2a: Zapdos
|-immune|p2a: Zapdos
|
|-heal|p1a: CSslave|88/100|[from] item: Leftovers
|upkeep
|turn|42
|
|t:|1659893500
|move|p2a: Zapdos|Hurricane|p1a: CSslave|[miss]
|-miss|p2a: Zapdos|p1a: CSslave
|move|p1a: CSslave|Discharge|p2a: Zapdos
|-damage|p2a: Zapdos|9/100
|
|-heal|p1a: CSslave|94/100|[from] item: Leftovers
|upkeep
|turn|43
|
|t:|1659893504
|move|p2a: Zapdos|Roost|p2a: Zapdos
|-heal|p2a: Zapdos|59/100
|-singleturn|p2a: Zapdos|move: Roost
|move|p1a: CSslave|Toxic|p2a: Zapdos
|-status|p2a: Zapdos|tox
|
|-heal|p1a: CSslave|99/100|[from] item: Leftovers
|-damage|p2a: Zapdos|53/100 tox|[from] psn
|upkeep
|turn|44
|c|☆LT92PF PDC|please
|
|t:|1659893508
|move|p2a: Zapdos|Hurricane|p1a: CSslave
|-resisted|p1a: CSslave
|-damage|p1a: CSslave|83/100
|move|p1a: CSslave|Discharge|p2a: Zapdos
|-damage|p2a: Zapdos|30/100 tox
|
|-heal|p1a: CSslave|89/100|[from] item: Leftovers
|-damage|p2a: Zapdos|18/100 tox|[from] psn
|upkeep
|turn|45
|
|t:|1659893512
|move|p2a: Zapdos|Hurricane|p1a: CSslave|[miss]
|-miss|p2a: Zapdos|p1a: CSslave
|move|p1a: CSslave|Discharge|p2a: Zapdos
|-damage|p2a: Zapdos|0 fnt
|faint|p2a: Zapdos
|
|-heal|p1a: CSslave|96/100|[from] item: Leftovers
|upkeep
|
|t:|1659893513
|switch|p2a: Kartana|Kartana|20/100
|-damage|p2a: Kartana|14/100|[from] Stealth Rock
|turn|46
|
|t:|1659893519
|move|p2a: Kartana|Leaf Blade|p1a: CSslave
|-supereffective|p1a: CSslave
|-damage|p1a: CSslave|0 fnt
|-status|p2a: Kartana|par|[from] ability: Static|[of] p1a: CSslave
|faint|p1a: CSslave
|-ability|p2a: Kartana|Beast Boost|boost
|-boost|p2a: Kartana|atk|1
|
|upkeep
|
|t:|1659893521
|switch|p1a: Ray Charles|Tornadus-Therian, M|82/100
|-damage|p1a: Ray Charles|58/100|[from] Stealth Rock
|turn|47
|
|t:|1659893524
|move|p1a: Ray Charles|Heat Wave|p2a: Kartana
|-supereffective|p2a: Kartana
|-damage|p2a: Kartana|0 fnt
|faint|p2a: Kartana
|
|win|Juyen RPPLF
|raw|Juyen RPPLF's rating: 1744 &rarr; <strong>1771</strong><br />(+27 for winning)
|raw|LT92PF PDC's rating: 1873 &rarr; <strong>1846</strong><br />(-27 for losing)
|l|☆LT92PF PDC
|l| zzhh
|l| FU SHUN HA
||Ladder isn't responding, score probably updated but might not have (Request timeout).
|l| Mewzzy
