|j|☆JaegerJaquezz
|j|☆galarian dragapult
|t:|1637190898
|gametype|singles
|player|p1|JaegerJaquezz|brawly|1639
|player|p2|galarian dragapult|169|1785
|teamsize|p1|6
|teamsize|p2|6
|gen|8
|tier|[Gen 8] OU
|rated|
|rule|Sleep Clause Mod: Limit one foe put to sleep
|rule|Species Clause: Limit one of each Pokémon
|rule|OHKO Clause: OHKO moves are banned
|rule|Evasion Moves Clause: Evasion moves are banned
|rule|Endless Battle Clause: Forcing endless battles is banned
|rule|HP Percentage Mod: HP is shown in percentages
|rule|Dynamax Clause: You cannot dynamax
|clearpoke
|poke|p1|Garchomp, M|
|poke|p1|Magnezone|
|poke|p1|Tapu Fini|
|poke|p1|Volcarona, F|
|poke|p1|Hawlucha, F|
|poke|p1|Mamoswine, M|
|poke|p2|Corviknight, M|
|poke|p2|Dragapult, M|
|poke|p2|Blissey, F|
|poke|p2|Victini|
|poke|p2|Tapu Fini|
|poke|p2|Nidoking, M|
|teampreview
|j| Ilovebugs345
|
|t:|1637190906
|start
|switch|p1a: Mamoswine|Mamoswine, M|100/100
|switch|p2a: Tapu Fini|Tapu Fini|100/100
|-fieldstart|move: Misty Terrain|[from] ability: Misty Surge|[of] p2a: Tapu Fini
|turn|1
|inactive|Battle timer is ON: inactive players will automatically lose when time's up. (requested by galarian dragapult)
|
|t:|1637190917
|move|p2a: Tapu Fini|Hydro Pump|p1a: Mamoswine
|-supereffective|p1a: Mamoswine
|-enditem|p1a: Mamoswine|Focus Sash
|-damage|p1a: Mamoswine|1/100
|move|p1a: Mamoswine|Stealth Rock|p2a: Tapu Fini
|-sidestart|p2: galarian dragapult|move: Stealth Rock
|
|upkeep
|turn|2
|
|t:|1637190924
|move|p2a: Tapu Fini|Hydro Pump|p1a: Mamoswine
|-supereffective|p1a: Mamoswine
|-damage|p1a: Mamoswine|0 fnt
|faint|p1a: Mamoswine
|
|upkeep
|
|t:|1637190930
|switch|p1a: Magnezone|Magnezone|100/100
|turn|3
|
|t:|1637190947
|switch|p2a: Victini|Victini|100/100
|-damage|p2a: Victini|76/100|[from] Stealth Rock
|move|p1a: Magnezone|Flash Cannon|p2a: Victini
|-resisted|p2a: Victini
|-damage|p2a: Victini|54/100
|
|upkeep
|turn|4
|
|t:|1637190953
|switch|p1a: Tapu Fini|Tapu Fini|100/100
|move|p2a: Victini|Glaciate|p1a: Tapu Fini
|-resisted|p1a: Tapu Fini
|-damage|p1a: Tapu Fini|93/100
|-unboost|p1a: Tapu Fini|spe|1
|
|upkeep
|turn|5
|
|t:|1637190965
|move|p2a: Victini|Thunder|p1a: Tapu Fini
|-supereffective|p1a: Tapu Fini
|-damage|p1a: Tapu Fini|29/100
|move|p1a: Tapu Fini|Trick|p2a: Victini
|-activate|p1a: Tapu Fini|move: Trick|[of] p2a: Victini
|-item|p2a: Victini|Choice Scarf|[from] move: Trick
|-item|p1a: Tapu Fini|Expert Belt|[from] move: Trick
|
|-fieldend|Misty Terrain
|upkeep
|turn|6
|l| Ilovebugs345
|
|t:|1637190975
|switch|p2a: Corviknight|Corviknight, M|100/100
|-damage|p2a: Corviknight|88/100|[from] Stealth Rock
|-ability|p2a: Corviknight|Pressure
|switch|p1a: Garchomp|Garchomp, M|100/100
|
|upkeep
|turn|7
|
|t:|1637190984
|move|p1a: Garchomp|Fire Fang|p2a: Corviknight
|-supereffective|p2a: Corviknight
|-damage|p2a: Corviknight|47/100
|-damage|p1a: Garchomp|84/100|[from] item: Rocky Helmet|[of] p2a: Corviknight
|move|p2a: Corviknight|Defog|p1a: Garchomp
|-unboost|p1a: Garchomp|evasion|1
|-sideend|p2: galarian dragapult|Stealth Rock|[from] move: Defog|[of] p2a: Corviknight
|
|upkeep
|turn|8
|
|t:|1637190992
|move|p1a: Garchomp|Fire Fang|p2a: Corviknight
|-supereffective|p2a: Corviknight
|-damage|p2a: Corviknight|6/100
|-status|p2a: Corviknight|brn
|-damage|p1a: Garchomp|67/100|[from] item: Rocky Helmet|[of] p2a: Corviknight
|move|p2a: Corviknight|U-turn|p1a: Garchomp
|-damage|p1a: Garchomp|60/100
|-damage|p2a: Corviknight|0 fnt|[from] ability: Rough Skin|[of] p1a: Garchomp
|faint|p2a: Corviknight
|
|upkeep
|
|t:|1637191001
|switch|p2a: Tapu Fini|Tapu Fini|100/100
|-fieldstart|move: Misty Terrain|[from] ability: Misty Surge|[of] p2a: Tapu Fini
|turn|9
|
|t:|1637191012
|switch|p1a: Tapu Fini|Tapu Fini|29/100
|move|p2a: Tapu Fini|Moonblast|p1a: Tapu Fini
|-damage|p1a: Tapu Fini|5/100
|
|upkeep
|turn|10
|
|t:|1637191017
|switch|p1a: Magnezone|Magnezone|100/100
|move|p2a: Tapu Fini|Moonblast|p1a: Magnezone
|-resisted|p1a: Magnezone
|-damage|p1a: Magnezone|89/100
|-unboost|p1a: Magnezone|spa|1
|
|upkeep
|turn|11
|
|t:|1637191025
|switch|p2a: Blissey|Blissey, F|100/100
|move|p1a: Magnezone|Volt Switch|p2a: Blissey
|-damage|p2a: Blissey|91/100
|
|t:|1637191031
|switch|p1a: Hawlucha|Hawlucha, F|100/100|[from]move: Volt Switch
|-enditem|p1a: Hawlucha|Misty Seed
|-boost|p1a: Hawlucha|spd|1|[from] item: Misty Seed
|
|upkeep
|turn|12
|
|t:|1637191037
|move|p1a: Hawlucha|Swords Dance|p1a: Hawlucha
|-boost|p1a: Hawlucha|atk|2
|move|p2a: Blissey|Toxic|p1a: Hawlucha
|-status|p1a: Hawlucha|tox
|
|-damage|p1a: Hawlucha|94/100 tox|[from] psn
|upkeep
|turn|13
|
|t:|1637191045
|switch|p2a: Victini|Victini|54/100
|move|p1a: Hawlucha|Acrobatics|p2a: Victini
|-damage|p2a: Victini|0 fnt
|faint|p2a: Victini
|
|-damage|p1a: Hawlucha|82/100 tox|[from] psn
|-fieldend|Misty Terrain
|upkeep
|
|t:|1637191047
|switch|p2a: Tapu Fini|Tapu Fini|100/100
|-fieldstart|move: Misty Terrain|[from] ability: Misty Surge|[of] p2a: Tapu Fini
|turn|14
|
|t:|1637191056
|move|p1a: Hawlucha|Acrobatics|p2a: Tapu Fini
|-damage|p2a: Tapu Fini|27/100
|move|p2a: Tapu Fini|Moonblast|p1a: Hawlucha
|-supereffective|p1a: Hawlucha
|-damage|p1a: Hawlucha|19/100 tox
|
|-damage|p1a: Hawlucha|1/100 tox|[from] psn
|upkeep
|turn|15
|inactive|galarian dragapult has 120 seconds left.
|
|t:|1637191102
|switch|p2a: Nidoking|Nidoking, M|100/100
|move|p1a: Hawlucha|Acrobatics|p2a: Nidoking
|-damage|p2a: Nidoking|0 fnt
|faint|p2a: Nidoking
|
|-damage|p1a: Hawlucha|0 fnt|[from] psn
|faint|p1a: Hawlucha
|upkeep
|j| 70to90gxe
|c|☆JaegerJaquezz|why keep fini?
|c|☆galarian dragapult|scale shot
|inactive|galarian dragapult has 90 seconds left.
|c|☆JaegerJaquezz|i see
|
|t:|1637191149
|switch|p1a: Tapu Fini|Tapu Fini|5/100
|switch|p2a: Dragapult|Dragapult, M|100/100
|turn|16
|
|t:|1637191155
|move|p2a: Dragapult|U-turn|p1a: Tapu Fini
|-resisted|p1a: Tapu Fini
|-damage|p1a: Tapu Fini|0 fnt
|faint|p1a: Tapu Fini
|
|t:|1637191157
|switch|p2a: Tapu Fini|Tapu Fini|27/100|[from]move: U-turn
|
|upkeep
|
|t:|1637191161
|switch|p1a: Magnezone|Magnezone|89/100
|turn|17
|
|t:|1637191164
|switch|p2a: Blissey|Blissey, F|91/100
|move|p1a: Magnezone|Volt Switch|p2a: Blissey
|-damage|p2a: Blissey|75/100
|
|t:|1637191169
|switch|p1a: Garchomp|Garchomp, M|60/100|[from]move: Volt Switch
|
|upkeep
|turn|18
|
|t:|1637191181
|switch|p2a: Tapu Fini|Tapu Fini|27/100
|move|p1a: Garchomp|Earthquake|p2a: Tapu Fini
|-damage|p2a: Tapu Fini|0 fnt
|faint|p2a: Tapu Fini
|
|-fieldend|Misty Terrain
|upkeep
|
|t:|1637191183
|switch|p2a: Dragapult|Dragapult, M|100/100
|turn|19
|
|t:|1637191197
|switch|p1a: Magnezone|Magnezone|89/100
|move|p2a: Dragapult|Dragon Darts|p1a: Magnezone
|-resisted|p1a: Magnezone
|-damage|p1a: Magnezone|69/100
|-anim|p2a: Dragapult|Dragon Darts|p1a: Magnezone
|-resisted|p1a: Magnezone
|-damage|p1a: Magnezone|50/100
|
|upkeep
|turn|20
|
|t:|1637191206
|move|p2a: Dragapult|Dragon Darts|p1a: Magnezone
|-resisted|p1a: Magnezone
|-damage|p1a: Magnezone|31/100
|-anim|p2a: Dragapult|Dragon Darts|p1a: Magnezone
|-resisted|p1a: Magnezone
|-damage|p1a: Magnezone|14/100
|move|p1a: Magnezone|Volt Switch|p2a: Dragapult
|-resisted|p2a: Dragapult
|-damage|p2a: Dragapult|73/100
|
|t:|1637191214
|switch|p1a: Volcarona|Volcarona, F|100/100|[from]move: Volt Switch
|
|upkeep
|turn|21
|
|t:|1637191219
|move|p2a: Dragapult|Dragon Darts|p1a: Volcarona
|-damage|p1a: Volcarona|38/100
|-anim|p2a: Dragapult|Dragon Darts|p1a: Volcarona
|-damage|p1a: Volcarona|0 fnt
|faint|p1a: Volcarona
|
|upkeep
|
|t:|1637191229
|switch|p1a: Garchomp|Garchomp, M|60/100
|turn|22
|c|☆galarian dragapult|scarf chomp lol
|
|t:|1637191235
|move|p2a: Dragapult|Dragon Darts|p1a: Garchomp
|-supereffective|p1a: Garchomp
|-damage|p1a: Garchomp|0 fnt
|faint|p1a: Garchomp
|
|upkeep
|c|☆JaegerJaquezz|gg
|c|☆galarian dragapult|ah
|
|t:|1637191240
|switch|p1a: Magnezone|Magnezone|14/100
|turn|23
|c|☆galarian dragapult|gg man
|
|t:|1637191244
|move|p2a: Dragapult|Dragon Darts|p1a: Magnezone
|-resisted|p1a: Magnezone
|-damage|p1a: Magnezone|0 fnt
|faint|p1a: Magnezone
|
|win|galarian dragapult
|raw|JaegerJaquezz's rating: 1639 &rarr; <strong>1627</strong><br />(-12 for losing)
|raw|galarian dragapult's rating: 1785 &rarr; <strong>1797</strong><br />(+12 for winning)
|l|☆JaegerJaquezz
||Ladder isn't responding, score probably updated but might not have (Request timeout).
