|raw|<div class="broadcast-blue"><strong>This battle is required to be public due to a player having a name starting with 'LT74PF'.</div>
|j|☆Ayante
|j|☆LT74PF DeeJ
|t:|1599340135
|player|p1|Ayante|koga|1781
|player|p2|LT74PF DeeJ|nate|1848
|teamsize|p1|6
|teamsize|p2|6
|gametype|singles
|gen|8
|tier|[Gen 8] OU
|rated|
|clearpoke
|poke|p1|Excadrill, F|
|poke|p1|Zeraora|
|poke|p1|Dragapult, F|
|poke|p1|Volcarona, M|
|poke|p1|Primarina, F|
|poke|p1|Rillaboom, F|
|poke|p2|Torkoal, F|
|poke|p2|Darmanitan, M|
|poke|p2|Venusaur, M|
|poke|p2|Hatterene, F|
|poke|p2|Blissey, F|
|poke|p2|Kommo-o, F|
|rule|Sleep Clause Mod: Limit one foe put to sleep
|rule|Species Clause: Limit one of each Pokémon
|rule|OHKO Clause: OHKO moves are banned
|rule|Evasion Moves Clause: Evasion moves are banned
|rule|Endless Battle Clause: Forcing endless battles is banned
|rule|HP Percentage Mod: HP is shown in percentages
|rule|Dynamax Clause: You cannot dynamax
|teampreview
|inactive|Battle timer is ON: inactive players will automatically lose when time's up. (requested by LT74PF DeeJ)
|j| Chainsawhand
|j| Potatochan789
|
|t:|1599340167
|start
|switch|p1a: Primarina|Primarina, F|100/100
|switch|p2a: Kommo-o|Kommo-o, F|100/100
|turn|1
|
|t:|1599340178
|switch|p2a: Blissey|Blissey, F|100/100
|move|p1a: Primarina|Calm Mind|p1a: Primarina
|-boost|p1a: Primarina|spa|1
|-boost|p1a: Primarina|spd|1
|
|upkeep
|turn|2
|
|t:|1599340184
|switch|p1a: Excadrill|Excadrill, F|100/100
|-ability|p1a: Excadrill|Mold Breaker
|move|p2a: Blissey|Seismic Toss|p1a: Excadrill
|-damage|p1a: Excadrill|74/100
|
|-heal|p1a: Excadrill|80/100|[from] item: Leftovers
|upkeep
|turn|3
|
|t:|1599340195
|switch|p2a: Kommo-o|Kommo-o, F|100/100
|move|p1a: Excadrill|Stealth Rock|p2a: Kommo-o
|-sidestart|p2: LT74PF DeeJ|move: Stealth Rock
|
|-heal|p1a: Excadrill|86/100|[from] item: Leftovers
|upkeep
|turn|4
|j|+Primal Unova
|j| viash
|
|t:|1599340211
|switch|p1a: Primarina|Primarina, F|100/100
|move|p2a: Kommo-o|Stealth Rock|p1a: Primarina
|-sidestart|p1: Ayante|move: Stealth Rock
|
|upkeep
|turn|5
|
|t:|1599340220
|switch|p2a: Blissey|Blissey, F|100/100
|move|p1a: Primarina|Calm Mind|p1a: Primarina
|-boost|p1a: Primarina|spa|1
|-boost|p1a: Primarina|spd|1
|
|upkeep
|turn|6
|
|t:|1599340228
|move|p1a: Primarina|Calm Mind|p1a: Primarina
|-boost|p1a: Primarina|spa|1
|-boost|p1a: Primarina|spd|1
|move|p2a: Blissey|Seismic Toss|p1a: Primarina
|-damage|p1a: Primarina|73/100
|
|-heal|p1a: Primarina|79/100|[from] item: Leftovers
|upkeep
|turn|7
|
|t:|1599340237
|move|p1a: Primarina|Calm Mind|p1a: Primarina
|-boost|p1a: Primarina|spa|1
|-boost|p1a: Primarina|spd|1
|move|p2a: Blissey|Seismic Toss|p1a: Primarina
|-damage|p1a: Primarina|51/100
|
|-heal|p1a: Primarina|58/100|[from] item: Leftovers
|upkeep
|turn|8
|
|t:|1599340246
|move|p1a: Primarina|Draining Kiss|p2a: Blissey
|-damage|p2a: Blissey|81/100
|-heal|p1a: Primarina|86/100|[from] drain|[of] p2a: Blissey
|move|p2a: Blissey|Toxic|p1a: Primarina
|-status|p1a: Primarina|tox
|
|-heal|p1a: Primarina|92/100 tox|[from] item: Leftovers
|-damage|p1a: Primarina|86/100 tox|[from] psn
|upkeep
|turn|9
|l| Chainsawhand
|
|t:|1599340260
|move|p1a: Primarina|Scald|p2a: Blissey
|-damage|p2a: Blissey|49/100
|move|p2a: Blissey|Toxic|p1a: Primarina
|-fail|p1a: Primarina|tox
|
|-heal|p1a: Primarina|92/100 tox|[from] item: Leftovers
|-damage|p1a: Primarina|80/100 tox|[from] psn
|upkeep
|turn|10
|
|t:|1599340270
|move|p1a: Primarina|Scald|p2a: Blissey
|-damage|p2a: Blissey|20/100
|-status|p2a: Blissey|brn
|move|p2a: Blissey|Soft-Boiled|p2a: Blissey
|-heal|p2a: Blissey|70/100 brn
|
|-heal|p1a: Primarina|86/100 tox|[from] item: Leftovers
|-damage|p1a: Primarina|67/100 tox|[from] psn
|-damage|p2a: Blissey|64/100 brn|[from] brn
|upkeep
|turn|11
|
|t:|1599340282
|switch|p1a: Rillaboom|Rillaboom, F|100/100
|-damage|p1a: Rillaboom|88/100|[from] Stealth Rock
|-fieldstart|move: Grassy Terrain|[from] ability: Grassy Surge|[of] p1a: Rillaboom
|move|p2a: Blissey|Soft-Boiled|p2a: Blissey
|-heal|p2a: Blissey|100/100 brn
|
|-heal|p1a: Rillaboom|94/100|[from] Grassy Terrain
|-damage|p2a: Blissey|94/100 brn|[from] brn
|upkeep
|turn|12
|
|t:|1599340304
|switch|p2a: Torkoal|Torkoal, F|100/100
|-damage|p2a: Torkoal|76/100|[from] Stealth Rock
|-weather|SunnyDay|[from] ability: Drought|[of] p2a: Torkoal
|move|p1a: Rillaboom|Swords Dance|p1a: Rillaboom
|-boost|p1a: Rillaboom|atk|2
|
|-weather|SunnyDay|[upkeep]
|-heal|p1a: Rillaboom|99/100|[from] Grassy Terrain
|-heal|p2a: Torkoal|82/100|[from] Grassy Terrain
|upkeep
|turn|13
|
|t:|1599340316
|move|p1a: Rillaboom|High Horsepower|p2a: Torkoal
|-supereffective|p2a: Torkoal
|-damage|p2a: Torkoal|0 fnt
|-damage|p1a: Rillaboom|90/100|[from] item: Life Orb
|faint|p2a: Torkoal
|
|-weather|SunnyDay|[upkeep]
|-heal|p1a: Rillaboom|96/100|[from] Grassy Terrain
|upkeep
|
|t:|1599340321
|switch|p2a: Venusaur|Venusaur, M|100/100
|-damage|p2a: Venusaur|88/100|[from] Stealth Rock
|turn|14
|inactive|Ayante has 120 seconds left.
|
|t:|1599340357
|move|p1a: Rillaboom|Grassy Glide|p2a: Venusaur
|-resisted|p2a: Venusaur
|-damage|p2a: Venusaur|44/100
|-damage|p1a: Rillaboom|87/100|[from] item: Life Orb
|move|p2a: Venusaur|Weather Ball|p1a: Rillaboom
|-supereffective|p1a: Rillaboom
|-damage|p1a: Rillaboom|0 fnt
|-damage|p2a: Venusaur|34/100|[from] item: Life Orb
|faint|p1a: Rillaboom
|
|-weather|SunnyDay|[upkeep]
|-heal|p2a: Venusaur|40/100|[from] Grassy Terrain
|upkeep
|
|t:|1599340380
|switch|p1a: Dragapult|Dragapult, F|100/100
|-damage|p1a: Dragapult|88/100|[from] Stealth Rock
|turn|15
|
|t:|1599340398
|switch|p2a: Hatterene|Hatterene, F|100/100
|-damage|p2a: Hatterene|88/100|[from] Stealth Rock
|move|p1a: Dragapult|Shadow Ball|p2a: Hatterene
|-supereffective|p2a: Hatterene
|-damage|p2a: Hatterene|6/100
|
|-weather|SunnyDay|[upkeep]
|-heal|p1a: Dragapult|94/100|[from] Grassy Terrain
|-heal|p2a: Hatterene|12/100|[from] Grassy Terrain
|-fieldend|move: Grassy Terrain
|upkeep
|turn|16
|
|t:|1599340410
|switch|p2a: Blissey|Blissey, F|94/100
|move|p1a: Dragapult|Shadow Ball|p2a: Blissey
|-immune|p2a: Blissey
|
|-weather|SunnyDay|[upkeep]
|upkeep
|turn|17
|l| Potatochan789
|
|t:|1599340428
|move|p1a: Dragapult|Shadow Ball|p2a: Blissey
|-immune|p2a: Blissey
|move|p2a: Blissey|Teleport|p2a: Blissey
|j| oxjfhf
|
|t:|1599340434
|switch|p2a: Kommo-o|Kommo-o, F|100/100|[from]move: Teleport
|-damage|p2a: Kommo-o|94/100|[from] Stealth Rock
|
|-weather|SunnyDay|[upkeep]
|upkeep
|turn|18
|l| oxjfhf
|inactive|Ayante has 90 seconds left.
|
|t:|1599340463
|switch|p1a: Primarina|Primarina, F|67/100 tox
|-damage|p1a: Primarina|55/100 tox|[from] Stealth Rock
|move|p2a: Kommo-o|Earthquake|p1a: Primarina
|-damage|p1a: Primarina|33/100 tox
|
|-weather|SunnyDay|[upkeep]
|-heal|p1a: Primarina|39/100 tox|[from] item: Leftovers
|-damage|p1a: Primarina|33/100 tox|[from] psn
|upkeep
|turn|19
|inactive|Ayante has 90 seconds left.
|
|t:|1599340488
|switch|p2a: Blissey|Blissey, F|94/100
|move|p1a: Primarina|Draining Kiss|p2a: Blissey
|-damage|p2a: Blissey|87/100
|-heal|p1a: Primarina|44/100 tox|[from] drain|[of] p2a: Blissey
|
|-weather|none
|-heal|p1a: Primarina|50/100 tox|[from] item: Leftovers
|-damage|p1a: Primarina|38/100 tox|[from] psn
|upkeep
|turn|20
|inactive|Ayante has 90 seconds left.
|
|t:|1599340514
|move|p1a: Primarina|Draining Kiss|p2a: Blissey
|-damage|p2a: Blissey|79/100
|-heal|p1a: Primarina|50/100 tox|[from] drain|[of] p2a: Blissey
|move|p2a: Blissey|Teleport|p2a: Blissey
|
|t:|1599340520
|switch|p2a: Darmanitan|Darmanitan, M|100/100|[from]move: Teleport
|-damage|p2a: Darmanitan|76/100|[from] Stealth Rock
|
|-heal|p1a: Primarina|56/100 tox|[from] item: Leftovers
|-damage|p1a: Primarina|37/100 tox|[from] psn
|upkeep
|turn|21
|
|t:|1599340530
|move|p2a: Darmanitan|Earthquake|p1a: Primarina
|-damage|p1a: Primarina|0 fnt
|faint|p1a: Primarina
|
|upkeep
|
|t:|1599340539
|switch|p1a: Volcarona|Volcarona, M|100/100
|turn|22
|
|t:|1599340543
|move|p2a: Darmanitan|Earthquake|p1a: Volcarona
|-damage|p1a: Volcarona|41/100
|move|p1a: Volcarona|Quiver Dance|p1a: Volcarona
|-boost|p1a: Volcarona|spa|1
|-boost|p1a: Volcarona|spd|1
|-boost|p1a: Volcarona|spe|1
|
|upkeep
|turn|23
|
|t:|1599340556
|move|p1a: Volcarona|Roost|p1a: Volcarona
|-heal|p1a: Volcarona|91/100
|-singleturn|p1a: Volcarona|move: Roost
|move|p2a: Darmanitan|Earthquake|p1a: Volcarona
|-damage|p1a: Volcarona|40/100
|
|upkeep
|turn|24
|
|t:|1599340563
|move|p1a: Volcarona|Roost|p1a: Volcarona
|-heal|p1a: Volcarona|91/100
|-singleturn|p1a: Volcarona|move: Roost
|move|p2a: Darmanitan|Earthquake|p1a: Volcarona
|-damage|p1a: Volcarona|35/100
|
|upkeep
|turn|25
|
|t:|1599340569
|move|p1a: Volcarona|Roost|p1a: Volcarona
|-heal|p1a: Volcarona|85/100
|-singleturn|p1a: Volcarona|move: Roost
|move|p2a: Darmanitan|Earthquake|p1a: Volcarona
|-damage|p1a: Volcarona|30/100
|
|upkeep
|turn|26
|
|t:|1599340576
|move|p1a: Volcarona|Roost|p1a: Volcarona
|-heal|p1a: Volcarona|80/100
|-singleturn|p1a: Volcarona|move: Roost
|move|p2a: Darmanitan|Earthquake|p1a: Volcarona
|-damage|p1a: Volcarona|23/100
|
|upkeep
|turn|27
|
|t:|1599340583
|move|p1a: Volcarona|Roost|p1a: Volcarona
|-heal|p1a: Volcarona|73/100
|-singleturn|p1a: Volcarona|move: Roost
|move|p2a: Darmanitan|Earthquake|p1a: Volcarona
|-crit|p1a: Volcarona
|-damage|p1a: Volcarona|0 fnt
|faint|p1a: Volcarona
|
|upkeep
|
|t:|1599340592
|switch|p1a: Dragapult|Dragapult, F|94/100
|-damage|p1a: Dragapult|82/100|[from] Stealth Rock
|turn|28
|
|t:|1599340600
|switch|p2a: Hatterene|Hatterene, F|12/100
|-damage|p2a: Hatterene|0 fnt|[from] Stealth Rock
|faint|p2a: Hatterene
|move|p1a: Dragapult|U-turn|p2: Hatterene|[notarget]
|-fail|p1a: Dragapult
|
|upkeep
|
|t:|1599340609
|switch|p2a: Kommo-o|Kommo-o, F|94/100
|-damage|p2a: Kommo-o|88/100|[from] Stealth Rock
|turn|29
|
|t:|1599340614
|move|p1a: Dragapult|U-turn|p2a: Kommo-o
|-resisted|p2a: Kommo-o
|-damage|p2a: Kommo-o|83/100
|-damage|p1a: Dragapult|65/100|[from] item: Rocky Helmet|[of] p2a: Kommo-o
|
|t:|1599340626
|switch|p1a: Excadrill|Excadrill, F|86/100|[from]move: U-turn
|-damage|p1a: Excadrill|83/100|[from] Stealth Rock
|-ability|p1a: Excadrill|Mold Breaker
|move|p2a: Kommo-o|Body Press|p1a: Excadrill
|-supereffective|p1a: Excadrill
|-damage|p1a: Excadrill|0 fnt
|faint|p1a: Excadrill
|
|upkeep
|
|t:|1599340637
|switch|p1a: Dragapult|Dragapult, F|65/100
|-damage|p1a: Dragapult|53/100|[from] Stealth Rock
|turn|30
|
|t:|1599340645
|switch|p2a: Venusaur|Venusaur, M|40/100
|-damage|p2a: Venusaur|27/100|[from] Stealth Rock
|move|p1a: Dragapult|Draco Meteor|p2a: Venusaur
|-damage|p2a: Venusaur|0 fnt
|-unboost|p1a: Dragapult|spa|2
|faint|p2a: Venusaur
|
|upkeep
|
|t:|1599340651
|switch|p2a: Blissey|Blissey, F|79/100
|turn|31
|
|t:|1599340657
|switch|p1a: Zeraora|Zeraora|100/100
|-damage|p1a: Zeraora|88/100|[from] Stealth Rock
|move|p2a: Blissey|Toxic|p1a: Zeraora
|-status|p1a: Zeraora|tox
|
|-heal|p1a: Zeraora|94/100 tox|[from] item: Leftovers
|-damage|p1a: Zeraora|88/100 tox|[from] psn
|upkeep
|turn|32
|
|t:|1599340669
|switch|p2a: Kommo-o|Kommo-o, F|83/100
|-damage|p2a: Kommo-o|76/100|[from] Stealth Rock
|move|p1a: Zeraora|Close Combat|p2a: Kommo-o
|-damage|p2a: Kommo-o|52/100
|-unboost|p1a: Zeraora|def|1
|-unboost|p1a: Zeraora|spd|1
|-damage|p1a: Zeraora|72/100 tox|[from] item: Rocky Helmet|[of] p2a: Kommo-o
|
|-heal|p1a: Zeraora|78/100 tox|[from] item: Leftovers
|-damage|p1a: Zeraora|66/100 tox|[from] psn
|upkeep
|turn|33
|
|t:|1599340685
|switch|p1a: Dragapult|Dragapult, F|53/100
|-damage|p1a: Dragapult|41/100|[from] Stealth Rock
|move|p2a: Kommo-o|Earthquake|p1a: Dragapult
|-damage|p1a: Dragapult|5/100
|
|upkeep
|turn|34
|
|t:|1599340695
|switch|p2a: Darmanitan|Darmanitan, M|76/100
|-damage|p2a: Darmanitan|51/100|[from] Stealth Rock
|move|p1a: Dragapult|Draco Meteor|p2a: Darmanitan
|-damage|p2a: Darmanitan|0 fnt
|-unboost|p1a: Dragapult|spa|2
|faint|p2a: Darmanitan
|
|upkeep
|
|t:|1599340697
|switch|p2a: Blissey|Blissey, F|79/100
|turn|35
|
|t:|1599340708
|move|p1a: Dragapult|Draco Meteor|p2a: Blissey
|-damage|p2a: Blissey|62/100
|-unboost|p1a: Dragapult|spa|2
|move|p2a: Blissey|Soft-Boiled|p2a: Blissey
|-heal|p2a: Blissey|100/100
|
|upkeep
|turn|36
|-message|Ayante forfeited.
|
|win|LT74PF DeeJ
|l|☆Ayante
|l| viash
|raw|Ayante's rating: 1781 &rarr; <strong>1765</strong><br />(-16 for losing)
|raw|LT74PF DeeJ's rating: 1848 &rarr; <strong>1864</strong><br />(+16 for winning)
