|j|☆cump3
|j|☆tony pizza
|t:|1661541433
|gametype|singles
|player|p1|cump3|266|1642
|player|p2|tony pizza|skier|1663
|teamsize|p1|6
|teamsize|p2|6
|gen|8
|tier|[Gen 8] OU
|rated|
|rule|Sleep Clause Mod: Limit one foe put to sleep
|rule|Species Clause: Limit one of each Pokémon
|rule|OHKO Clause: OHKO moves are banned
|rule|Evasion Items Clause: Evasion items are banned
|rule|Evasion Moves Clause: Evasion moves are banned
|rule|Endless Battle Clause: Forcing endless battles is banned
|rule|HP Percentage Mod: HP is shown in percentages
|rule|Dynamax Clause: You cannot dynamax
|clearpoke
|poke|p1|Nidoking, M|
|poke|p1|Mandibuzz, F|
|poke|p1|Vaporeon, F|
|poke|p1|Rillaboom, M|
|poke|p1|Magnezone|
|poke|p1|Zapdos|
|poke|p2|Kartana|
|poke|p2|Magnezone|
|poke|p2|Weavile, F|
|poke|p2|Blaziken, M|
|poke|p2|Lycanroc-Dusk, M|
|poke|p2|Dragapult, M|
|teampreview
|
|t:|1661541471
|start
|switch|p1a: Rillaboom|Rillaboom, M|100/100
|switch|p2a: Lycanroc|Lycanroc-Dusk, M|100/100
|-fieldstart|move: Grassy Terrain|[from] ability: Grassy Surge|[of] p1a: Rillaboom
|turn|1
|
|t:|1661541476
|move|p1a: Rillaboom|Grassy Glide|p2a: Lycanroc
|-supereffective|p2a: Lycanroc
|-enditem|p2a: Lycanroc|Focus Sash
|-damage|p2a: Lycanroc|1/100
|move|p2a: Lycanroc|Stealth Rock|p1a: Rillaboom
|-sidestart|p1: cump3|move: Stealth Rock
|
|-heal|p2a: Lycanroc|7/100|[from] Grassy Terrain
|upkeep
|turn|2
|
|t:|1661541480
|switch|p2a: Kartana|Kartana|100/100
|move|p1a: Rillaboom|Grassy Glide|p2a: Kartana
|-resisted|p2a: Kartana
|-damage|p2a: Kartana|82/100
|
|-heal|p2a: Kartana|88/100|[from] Grassy Terrain
|upkeep
|turn|3
|
|t:|1661541485
|switch|p1a: Mandibuzz|Mandibuzz, F|100/100
|move|p2a: Kartana|Knock Off|p1a: Mandibuzz
|-resisted|p1a: Mandibuzz
|-damage|p1a: Mandibuzz|89/100
|-enditem|p1a: Mandibuzz|Heavy-Duty Boots|[from] move: Knock Off|[of] p2a: Kartana
|
|-heal|p2a: Kartana|94/100|[from] Grassy Terrain
|upkeep
|turn|4
|
|t:|1661541492
|switch|p2a: Magnezone|Magnezone|100/100
|move|p1a: Mandibuzz|Defog|p2a: Magnezone
|-unboost|p2a: Magnezone|evasion|1
|-sideend|p1: cump3|Stealth Rock|[from] move: Defog|[of] p1a: Mandibuzz
|-fieldend|move: Grassy Terrain
|
|upkeep
|turn|5
|
|t:|1661541499
|switch|p1a: Nidoking|Nidoking, M, shiny|100/100
|move|p2a: Magnezone|Flash Cannon|p1a: Nidoking
|-damage|p1a: Nidoking|41/100
|-unboost|p1a: Nidoking|spd|1
|
|upkeep
|turn|6
|
|t:|1661541505
|move|p2a: Magnezone|Flash Cannon|p1a: Nidoking
|-damage|p1a: Nidoking|0 fnt
|faint|p1a: Nidoking
|
|upkeep
|
|t:|1661541512
|switch|p1a: Magnezone|Magnezone, shiny|100/100
|turn|7
|
|t:|1661541517
|move|p2a: Magnezone|Flash Cannon|p1a: Magnezone
|-resisted|p1a: Magnezone
|-damage|p1a: Magnezone|88/100
|move|p1a: Magnezone|Iron Defense|p1a: Magnezone
|-boost|p1a: Magnezone|def|2
|
|-heal|p1a: Magnezone|94/100|[from] item: Leftovers
|upkeep
|turn|8
|
|t:|1661541519
|move|p2a: Magnezone|Flash Cannon|p1a: Magnezone
|-resisted|p1a: Magnezone
|-damage|p1a: Magnezone|81/100
|move|p1a: Magnezone|Iron Defense|p1a: Magnezone
|-boost|p1a: Magnezone|def|2
|
|-heal|p1a: Magnezone|88/100|[from] item: Leftovers
|upkeep
|turn|9
|
|t:|1661541523
|move|p2a: Magnezone|Flash Cannon|p1a: Magnezone
|-resisted|p1a: Magnezone
|-damage|p1a: Magnezone|75/100
|move|p1a: Magnezone|Iron Defense|p1a: Magnezone
|-boost|p1a: Magnezone|def|2
|
|-heal|p1a: Magnezone|81/100|[from] item: Leftovers
|upkeep
|turn|10
|
|t:|1661541525
|move|p2a: Magnezone|Flash Cannon|p1a: Magnezone
|-resisted|p1a: Magnezone
|-crit|p1a: Magnezone
|-damage|p1a: Magnezone|64/100
|move|p1a: Magnezone|Magnet Rise|p1a: Magnezone
|-start|p1a: Magnezone|Magnet Rise
|
|-heal|p1a: Magnezone|70/100|[from] item: Leftovers
|upkeep
|turn|11
|
|t:|1661541526
|move|p2a: Magnezone|Flash Cannon|p1a: Magnezone
|-resisted|p1a: Magnezone
|-damage|p1a: Magnezone|57/100
|move|p1a: Magnezone|Body Press|p2a: Magnezone
|-supereffective|p2a: Magnezone
|-damage|p2a: Magnezone|0 fnt
|faint|p2a: Magnezone
|
|-heal|p1a: Magnezone|63/100|[from] item: Leftovers
|upkeep
|
|t:|1661541529
|switch|p2a: Dragapult|Dragapult, M|100/100
|turn|12
|
|t:|1661541531
|switch|p1a: Vaporeon|Vaporeon, F, shiny|100/100
|move|p2a: Dragapult|Fire Blast|p1a: Vaporeon
|-resisted|p1a: Vaporeon
|-damage|p1a: Vaporeon|88/100
|
|-heal|p1a: Vaporeon|94/100|[from] item: Leftovers
|upkeep
|turn|13
|
|t:|1661541535
|switch|p2a: Kartana|Kartana|94/100
|move|p1a: Vaporeon|Scald|p2a: Kartana
|-resisted|p2a: Kartana
|-damage|p2a: Kartana|46/100
|
|-heal|p1a: Vaporeon|99/100|[from] item: Leftovers
|upkeep
|turn|14
|
|t:|1661541540
|switch|p1a: Mandibuzz|Mandibuzz, F|89/100
|move|p2a: Kartana|Leaf Blade|p1a: Mandibuzz
|-resisted|p1a: Mandibuzz
|-damage|p1a: Mandibuzz|71/100
|
|upkeep
|turn|15
|
|t:|1661541545
|switch|p2a: Blaziken|Blaziken, M|100/100
|move|p1a: Mandibuzz|U-turn|p2a: Blaziken
|-resisted|p2a: Blaziken
|-damage|p2a: Blaziken|97/100
|
|t:|1661541550
|switch|p1a: Zapdos|Zapdos|100/100|[from]move: U-turn
|
|upkeep
|turn|16
|
|t:|1661541557
|switch|p2a: Dragapult|Dragapult, M|100/100
|move|p1a: Zapdos|Thunderbolt|p2a: Dragapult
|-resisted|p2a: Dragapult
|-damage|p2a: Dragapult|51/100
|
|upkeep
|turn|17
|
|t:|1661541562
|switch|p1a: Vaporeon|Vaporeon, F, shiny|99/100
|move|p2a: Dragapult|Draco Meteor|p1a: Vaporeon
|-damage|p1a: Vaporeon|53/100
|-unboost|p2a: Dragapult|spa|2
|
|-heal|p1a: Vaporeon|59/100|[from] item: Leftovers
|upkeep
|turn|18
|
|t:|1661541572
|switch|p2a: Lycanroc|Lycanroc-Dusk, M|7/100
|move|p1a: Vaporeon|Scald|p2a: Lycanroc
|-supereffective|p2a: Lycanroc
|-damage|p2a: Lycanroc|0 fnt
|faint|p2a: Lycanroc
|
|-heal|p1a: Vaporeon|66/100|[from] item: Leftovers
|upkeep
|
|t:|1661541575
|switch|p2a: Blaziken|Blaziken, M|97/100
|turn|19
|
|t:|1661541577
|move|p2a: Blaziken|Close Combat|p1a: Vaporeon
|-damage|p1a: Vaporeon|0 fnt
|-unboost|p2a: Blaziken|def|1
|-unboost|p2a: Blaziken|spd|1
|faint|p1a: Vaporeon
|
|-ability|p2a: Blaziken|Speed Boost|boost
|-boost|p2a: Blaziken|spe|1
|upkeep
|
|t:|1661541581
|switch|p1a: Rillaboom|Rillaboom, M|100/100
|-fieldstart|move: Grassy Terrain|[from] ability: Grassy Surge|[of] p1a: Rillaboom
|turn|20
|
|t:|1661541583
|move|p1a: Rillaboom|Grassy Glide|p2a: Blaziken
|-resisted|p2a: Blaziken
|-damage|p2a: Blaziken|4/100
|move|p2a: Blaziken|Close Combat|p1a: Rillaboom
|-damage|p1a: Rillaboom|0 fnt
|-unboost|p2a: Blaziken|def|1
|-unboost|p2a: Blaziken|spd|1
|faint|p1a: Rillaboom
|
|-heal|p2a: Blaziken|10/100|[from] Grassy Terrain
|-ability|p2a: Blaziken|Speed Boost|boost
|-boost|p2a: Blaziken|spe|1
|upkeep
|
|t:|1661541588
|switch|p1a: Zapdos|Zapdos|100/100
|turn|21
|
|t:|1661541600
|move|p2a: Blaziken|Close Combat|p1a: Zapdos
|-resisted|p1a: Zapdos
|-damage|p1a: Zapdos|48/100
|-unboost|p2a: Blaziken|def|1
|-unboost|p2a: Blaziken|spd|1
|move|p1a: Zapdos|Volt Switch|p2a: Blaziken
|-damage|p2a: Blaziken|0 fnt
|faint|p2a: Blaziken
|
|t:|1661541604
|switch|p1a: Magnezone|Magnezone, shiny|63/100|[from]move: Volt Switch
|
|-heal|p1a: Magnezone|69/100|[from] Grassy Terrain
|-heal|p1a: Magnezone|75/100|[from] item: Leftovers
|upkeep
|
|t:|1661541613
|switch|p2a: Dragapult|Dragapult, M|51/100
|turn|22
|
|t:|1661541618
|switch|p1a: Zapdos|Zapdos|48/100
|move|p2a: Dragapult|Fire Blast|p1a: Zapdos
|-damage|p1a: Zapdos|0 fnt
|faint|p1a: Zapdos
|
|-heal|p2a: Dragapult|57/100|[from] Grassy Terrain
|upkeep
|
|t:|1661541623
|switch|p1a: Mandibuzz|Mandibuzz, F|71/100
|turn|23
|
|t:|1661541627
|move|p2a: Dragapult|Fire Blast|p1a: Mandibuzz
|-damage|p1a: Mandibuzz|30/100
|move|p1a: Mandibuzz|Roost|p1a: Mandibuzz
|-heal|p1a: Mandibuzz|80/100
|-singleturn|p1a: Mandibuzz|move: Roost
|
|-heal|p2a: Dragapult|63/100|[from] Grassy Terrain
|-heal|p1a: Mandibuzz|86/100|[from] Grassy Terrain
|upkeep
|turn|24
|
|t:|1661541634
|switch|p2a: Weavile|Weavile, F|100/100
|move|p1a: Mandibuzz|Foul Play|p2a: Weavile
|-resisted|p2a: Weavile
|-damage|p2a: Weavile|61/100
|
|-heal|p2a: Weavile|67/100|[from] Grassy Terrain
|-fieldend|move: Grassy Terrain
|upkeep
|turn|25
|
|t:|1661541643
|switch|p1a: Magnezone|Magnezone, shiny|75/100
|move|p2a: Weavile|Triple Axel|p1a: Magnezone
|-resisted|p1a: Magnezone
|-damage|p1a: Magnezone|72/100
|-hitcount|p1a: Magnezone|1
|
|-heal|p1a: Magnezone|78/100|[from] item: Leftovers
|upkeep
|turn|26
|c|☆tony pizza|ok
|
|t:|1661541656
|switch|p2a: Kartana|Kartana|46/100
|switch|p1a: Mandibuzz|Mandibuzz, F|86/100
|
|upkeep
|turn|27
|
|t:|1661541663
|move|p2a: Kartana|Sacred Sword|p1a: Mandibuzz
|-damage|p1a: Mandibuzz|64/100
|move|p1a: Mandibuzz|Foul Play|p2a: Kartana
|-damage|p2a: Kartana|0 fnt
|faint|p2a: Kartana
|
|upkeep
|
|t:|1661541670
|switch|p2a: Weavile|Weavile, F|67/100
|turn|28
|
|t:|1661541675
|switch|p2a: Dragapult|Dragapult, M|63/100
|switch|p1a: Magnezone|Magnezone, shiny|78/100
|
|-heal|p1a: Magnezone|84/100|[from] item: Leftovers
|upkeep
|turn|29
|
|t:|1661541679
|switch|p1a: Mandibuzz|Mandibuzz, F|64/100
|move|p2a: Dragapult|Fire Blast|p1a: Mandibuzz
|-damage|p1a: Mandibuzz|27/100
|
|upkeep
|turn|30
|
|t:|1661541686
|move|p2a: Dragapult|Fire Blast|p1a: Mandibuzz
|-crit|p1a: Mandibuzz
|-damage|p1a: Mandibuzz|0 fnt
|faint|p1a: Mandibuzz
|
|upkeep
|
|t:|1661541689
|switch|p1a: Magnezone|Magnezone, shiny|84/100
|turn|31
|
|t:|1661541701
|move|p2a: Dragapult|Fire Blast|p1a: Magnezone
|-supereffective|p1a: Magnezone
|-damage|p1a: Magnezone|0 fnt
|faint|p1a: Magnezone
|
|win|tony pizza
|raw|cump3's rating: 1642 &rarr; <strong>1623</strong><br />(-19 for losing)
|raw|tony pizza's rating: 1663 &rarr; <strong>1682</strong><br />(+19 for winning)
|c|☆tony pizza|gg
|c|☆cump3|gg
||Ladder isn't responding, score probably updated but might not have (Request timeout).
