|j|☆tesla roadster
|j|☆LT94JE Allistair
|t:|1667305999
|gametype|singles
|player|p1|tesla roadster|265|1684
|player|p2|LT94JE Allistair|170|1719
|teamsize|p1|6
|teamsize|p2|6
|gen|8
|tier|[Gen 8] OU
|rated|
|rule|Sleep Clause Mod: Limit one foe put to sleep
|rule|Species Clause: Limit one of each Pokémon
|rule|OHKO Clause: OHKO moves are banned
|rule|Evasion Items Clause: Evasion items are banned
|rule|Evasion Moves Clause: Evasion moves are banned
|rule|Endless Battle Clause: Forcing endless battles is banned
|rule|HP Percentage Mod: HP is shown in percentages
|rule|Dynamax Clause: You cannot dynamax
|clearpoke
|poke|p1|Tyranitar, M|
|poke|p1|Excadrill, M|
|poke|p1|Reuniclus, M|
|poke|p1|Tangrowth, M|
|poke|p1|Clefable, M|
|poke|p1|Rotom-Wash|
|poke|p2|Mew|
|poke|p2|Slurpuff, M|
|poke|p2|Vanilluxe, M|
|poke|p2|Jirachi|
|poke|p2|Weavile, F|
|poke|p2|Nidoking, M|
|teampreview
|c|☆tesla roadster|hf
|
|t:|1667306034
|start
|switch|p1a: Tyranitar|Tyranitar, M|100/100
|switch|p2a: Slurpuff|Slurpuff, M|100/100
|-weather|Sandstorm|[from] ability: Sand Stream|[of] p1a: Tyranitar
|turn|1
|
|t:|1667306040
|move|p2a: Slurpuff|Sticky Web|p1a: Tyranitar
|-sidestart|p1: tesla roadster|move: Sticky Web
|move|p1a: Tyranitar|Stone Edge|p2a: Slurpuff|[miss]
|-miss|p1a: Tyranitar|p2a: Slurpuff
|
|-weather|Sandstorm|[upkeep]
|-damage|p2a: Slurpuff|94/100|[from] Sandstorm
|upkeep
|turn|2
|
|t:|1667306051
|move|p2a: Slurpuff|Yawn|p1a: Tyranitar
|-start|p1a: Tyranitar|move: Yawn|[of] p2a: Slurpuff
|move|p1a: Tyranitar|Stone Edge|p2a: Slurpuff
|-damage|p2a: Slurpuff|23/100
|
|-weather|Sandstorm|[upkeep]
|-damage|p2a: Slurpuff|17/100|[from] Sandstorm
|upkeep
|turn|3
|j| Panda1234
|
|t:|1667306067
|switch|p1a: Excadrill|Excadrill, M|100/100
|-activate|p1a: Excadrill|move: Sticky Web
|-unboost|p1a: Excadrill|spe|1
|move|p2a: Slurpuff|Yawn|p1a: Excadrill
|-start|p1a: Excadrill|move: Yawn|[of] p2a: Slurpuff
|
|-weather|Sandstorm|[upkeep]
|-damage|p2a: Slurpuff|10/100|[from] Sandstorm
|upkeep
|turn|4
|
|t:|1667306074
|move|p1a: Excadrill|Rapid Spin|p2a: Slurpuff
|-damage|p2a: Slurpuff|0 fnt
|-boost|p1a: Excadrill|spe|1
|-sideend|p1: tesla roadster|Sticky Web|[from] move: Rapid Spin|[of] p1a: Excadrill
|faint|p2a: Slurpuff
|
|-weather|Sandstorm|[upkeep]
|-end|p1a: Excadrill|move: Yawn|[silent]
|-status|p1a: Excadrill|slp
|upkeep
|
|t:|1667306083
|switch|p2a: Weavile|Weavile, F|100/100
|-ability|p2a: Weavile|Pressure
|turn|5
|
|t:|1667306089
|switch|p1a: Clefable|Clefable, M|100/100
|move|p2a: Weavile|Swords Dance|p2a: Weavile
|-boost|p2a: Weavile|atk|2
|
|-weather|none
|upkeep
|turn|6
|
|t:|1667306094
|move|p2a: Weavile|Triple Axel|p1a: Clefable
|-damage|p1a: Clefable|77/100
|-damage|p2a: Weavile|84/100|[from] item: Rocky Helmet|[of] p1a: Clefable
|-damage|p1a: Clefable|35/100
|-damage|p2a: Weavile|68/100|[from] item: Rocky Helmet|[of] p1a: Clefable
|-hitcount|p1a: Clefable|2
|-damage|p2a: Weavile|58/100|[from] item: Life Orb
|move|p1a: Clefable|Moonblast|p2a: Weavile
|-supereffective|p2a: Weavile
|-damage|p2a: Weavile|0 fnt
|faint|p2a: Weavile
|
|upkeep
|c|☆LT94JE Allistair|..........
|c|☆tesla roadster|unlucky
|
|t:|1667306109
|switch|p2a: Nidoking|Nidoking, M|100/100
|turn|7
|
|t:|1667306117
|switch|p1a: Reuniclus|Reuniclus, M|100/100
|move|p2a: Nidoking|Ice Beam|p1a: Reuniclus
|-damage|p1a: Reuniclus|83/100
|
|upkeep
|turn|8
|
|t:|1667306123
|move|p2a: Nidoking|Taunt|p1a: Reuniclus
|-start|p1a: Reuniclus|move: Taunt
|move|p1a: Reuniclus|Knock Off|p2a: Nidoking
|-crit|p2a: Nidoking
|-damage|p2a: Nidoking|68/100
|-enditem|p2a: Nidoking|Life Orb|[from] move: Knock Off|[of] p1a: Reuniclus
|
|upkeep
|turn|9
|
|t:|1667306130
|move|p2a: Nidoking|Earth Power|p1a: Reuniclus
|-damage|p1a: Reuniclus|62/100
|move|p1a: Reuniclus|Future Sight|p2a: Nidoking
|-start|p1a: Reuniclus|move: Future Sight
|
|upkeep
|turn|10
|c|☆LT94JE Allistair|ye was game right there
|
|t:|1667306139
|move|p2a: Nidoking|Flamethrower|p1a: Reuniclus
|-damage|p1a: Reuniclus|47/100
|move|p1a: Reuniclus|Psychic|p2a: Nidoking
|-supereffective|p2a: Nidoking
|-damage|p2a: Nidoking|0 fnt
|faint|p2a: Nidoking
|
|-end|p1a: Reuniclus|move: Taunt
|upkeep
|
|t:|1667306147
|switch|p2a: Vanilluxe|Vanilluxe, M|100/100
|-weather|Hail|[from] ability: Snow Warning|[of] p2a: Vanilluxe
|turn|11
|c|☆tesla roadster|demon rachi can always clutch
|
|t:|1667306170
|switch|p1a: Tyranitar|Tyranitar, M|100/100
|-weather|Sandstorm|[from] ability: Sand Stream|[of] p1a: Tyranitar
|move|p2a: Vanilluxe|Hail|p2a: Vanilluxe
|-weather|Hail
|
|-weather|Hail|[upkeep]
|-damage|p1a: Tyranitar|94/100|[from] Hail
|-end|p2a: Vanilluxe|move: Future Sight
|-damage|p2a: Vanilluxe|33/100
|upkeep
|turn|12
|
|t:|1667306176
|switch|p1a: Reuniclus|Reuniclus, M|80/100
|move|p2a: Vanilluxe|Aurora Veil|p2a: Vanilluxe
|-sidestart|p2: LT94JE Allistair|move: Aurora Veil
|
|-weather|Hail|[upkeep]
|-damage|p1a: Reuniclus|74/100|[from] Hail
|upkeep
|turn|13
|
|t:|1667306183
|switch|p1a: Tyranitar|Tyranitar, M|94/100
|-weather|Sandstorm|[from] ability: Sand Stream|[of] p1a: Tyranitar
|move|p2a: Vanilluxe|Explosion|p1a: Tyranitar
|-resisted|p1a: Tyranitar
|-damage|p1a: Tyranitar|59/100
|faint|p2a: Vanilluxe
|
|-weather|Sandstorm|[upkeep]
|upkeep
|
|t:|1667306186
|switch|p2a: Jirachi|Jirachi|100/100
|turn|14
|
|t:|1667306192
|move|p2a: Jirachi|Cosmic Power|p2a: Jirachi
|-boost|p2a: Jirachi|def|1
|-boost|p2a: Jirachi|spd|1
|move|p1a: Tyranitar|Crunch|p2a: Jirachi
|-supereffective|p2a: Jirachi
|-damage|p2a: Jirachi|62/100
|-enditem|p2a: Jirachi|Weakness Policy
|-boost|p2a: Jirachi|atk|2|[from] item: Weakness Policy
|-boost|p2a: Jirachi|spa|2|[from] item: Weakness Policy
|
|-weather|Sandstorm|[upkeep]
|upkeep
|turn|15
|
|t:|1667306201
|move|p2a: Jirachi|Wish|p2a: Jirachi
|move|p1a: Tyranitar|Crunch|p2a: Jirachi
|-supereffective|p2a: Jirachi
|-damage|p2a: Jirachi|19/100
|-unboost|p2a: Jirachi|def|1
|
|-weather|Sandstorm|[upkeep]
|upkeep
|turn|16
|
|t:|1667306204
|move|p2a: Jirachi|Aura Sphere|p1a: Tyranitar
|-supereffective|p1a: Tyranitar
|-damage|p1a: Tyranitar|0 fnt
|faint|p1a: Tyranitar
|
|-weather|Sandstorm|[upkeep]
|-heal|p2a: Jirachi|69/100|[from] move: Wish|[wisher] Jirachi
|upkeep
|c|☆tesla roadster|gg
|-message|tesla roadster forfeited.
|
|win|LT94JE Allistair
|raw|tesla roadster's rating: 1684 &rarr; <strong>1666</strong><br />(-18 for losing)
|raw|LT94JE Allistair's rating: 1719 &rarr; <strong>1737</strong><br />(+18 for winning)
|c|☆LT94JE Allistair|gg
|l|☆tesla roadster
|l|☆LT94JE Allistair
|l| Panda1234
