|j|☆Mel2345
|j|☆AgencyIsOwn
|t:|1636652883
|gametype|singles
|player|p1|Mel2345|cheren-gen5bw2|1729
|player|p2|AgencyIsOwn|zinnia|1847
|teamsize|p1|6
|teamsize|p2|6
|gen|8
|tier|[Gen 8] OU
|rated|
|rule|Sleep Clause Mod: Limit one foe put to sleep
|rule|Species Clause: Limit one of each Pokémon
|rule|OHKO Clause: OHKO moves are banned
|rule|Evasion Moves Clause: Evasion moves are banned
|rule|Endless Battle Clause: Forcing endless battles is banned
|rule|HP Percentage Mod: HP is shown in percentages
|rule|Dynamax Clause: You cannot dynamax
|clearpoke
|poke|p1|Mew|
|poke|p1|Blissey, F|
|poke|p1|Corviknight, M|
|poke|p1|Landorus-Therian, M|
|poke|p1|Toxapex, M|
|poke|p1|Kyurem|
|poke|p2|Hippowdon, M|
|poke|p2|Dracozolt|
|poke|p2|Excadrill, M|
|poke|p2|Ferrothorn, M|
|poke|p2|Landorus-Therian, M|
|poke|p2|Tapu Fini|
|teampreview
|inactive|Battle timer is ON: inactive players will automatically lose when time's up. (requested by Mel2345)
|
|t:|1636652905
|start
|switch|p1a: Kyurem|Kyurem|100/100
|switch|p2a: Hippowdon|Hippowdon, M|100/100
|-ability|p1a: Kyurem|Pressure
|-weather|Sandstorm|[from] ability: Sand Stream|[of] p2a: Hippowdon
|turn|1
|
|t:|1636652910
|switch|p2a: Ferrothorn|Ferrothorn, M, shiny|100/100
|move|p1a: Kyurem|Substitute|p1a: Kyurem
|-start|p1a: Kyurem|Substitute
|-damage|p1a: Kyurem|76/100
|
|-weather|Sandstorm|[upkeep]
|-damage|p1a: Kyurem|69/100|[from] Sandstorm
|upkeep
|turn|2
|j| RLplayer °_°
|
|t:|1636652913
|move|p1a: Kyurem|Freeze-Dry|p2a: Ferrothorn
|-damage|p2a: Ferrothorn|72/100
|move|p2a: Ferrothorn|Body Press|p1a: Kyurem
|-supereffective|p1a: Kyurem
|-crit|p1a: Kyurem
|-end|p1a: Kyurem|Substitute
|
|-weather|Sandstorm|[upkeep]
|-damage|p1a: Kyurem|63/100|[from] Sandstorm
|-heal|p2a: Ferrothorn|78/100|[from] item: Leftovers
|upkeep
|turn|3
|
|t:|1636652921
|switch|p1a: Toxapex|Toxapex, M|100/100
|move|p2a: Ferrothorn|Leech Seed|p1a: Toxapex
|-start|p1a: Toxapex|move: Leech Seed
|
|-weather|Sandstorm|[upkeep]
|-damage|p1a: Toxapex|94/100|[from] Sandstorm
|-heal|p2a: Ferrothorn|85/100|[from] item: Leftovers
|-damage|p1a: Toxapex|82/100|[from] Leech Seed|[of] p2a: Ferrothorn
|-heal|p2a: Ferrothorn|95/100|[silent]
|upkeep
|turn|4
|
|t:|1636652924
|move|p1a: Toxapex|Knock Off|p2a: Ferrothorn
|-damage|p2a: Ferrothorn|87/100
|-damage|p1a: Toxapex|69/100|[from] ability: Iron Barbs|[of] p2a: Ferrothorn
|-enditem|p2a: Ferrothorn|Leftovers|[from] move: Knock Off|[of] p1a: Toxapex
|move|p2a: Ferrothorn|Gravity|p2a: Ferrothorn
|-fieldstart|move: Gravity
|
|-weather|Sandstorm|[upkeep]
|-damage|p1a: Toxapex|63/100|[from] Sandstorm
|-damage|p1a: Toxapex|50/100|[from] Leech Seed|[of] p2a: Ferrothorn
|-heal|p2a: Ferrothorn|98/100|[silent]
|upkeep
|turn|5
|
|t:|1636652934
|switch|p2a: Excadrill|Excadrill, M|100/100
|move|p1a: Toxapex|Recover|p1a: Toxapex
|-heal|p1a: Toxapex|100/100
|
|-weather|Sandstorm|[upkeep]
|-damage|p1a: Toxapex|94/100|[from] Sandstorm
|-damage|p1a: Toxapex|82/100|[from] Leech Seed|[of] p2a: Excadrill
|upkeep
|turn|6
|
|t:|1636652937
|switch|p1a: Landorus|Landorus-Therian, M|100/100
|-ability|p1a: Landorus|Intimidate|boost
|-unboost|p2a: Excadrill|atk|1
|move|p2a: Excadrill|Earthquake|p1a: Landorus
|-damage|p1a: Landorus|60/100
|
|-weather|Sandstorm|[upkeep]
|-heal|p1a: Landorus|66/100|[from] item: Leftovers
|upkeep
|turn|7
|
|t:|1636652943
|switch|p2a: Ferrothorn|Ferrothorn, M, shiny|98/100
|move|p1a: Landorus|Earthquake|p2a: Ferrothorn
|-damage|p2a: Ferrothorn|72/100
|
|-weather|Sandstorm|[upkeep]
|-heal|p1a: Landorus|72/100|[from] item: Leftovers
|upkeep
|turn|8
|
|t:|1636652948
|move|p1a: Landorus|Earthquake|p2a: Ferrothorn
|-damage|p2a: Ferrothorn|43/100
|move|p2a: Ferrothorn|Leech Seed|p1a: Landorus
|-start|p1a: Landorus|move: Leech Seed
|
|-weather|none
|-heal|p1a: Landorus|78/100|[from] item: Leftovers
|-damage|p1a: Landorus|65/100|[from] Leech Seed|[of] p2a: Ferrothorn
|-heal|p2a: Ferrothorn|57/100|[silent]
|-fieldend|move: Gravity
|upkeep
|turn|9
|
|t:|1636652961
|switch|p1a: Corviknight|Corviknight, M|100/100
|-ability|p1a: Corviknight|Pressure
|move|p2a: Ferrothorn|Knock Off|p1a: Corviknight
|-damage|p1a: Corviknight|87/100
|-damage|p2a: Ferrothorn|40/100|[from] item: Rocky Helmet|[of] p1a: Corviknight
|-enditem|p1a: Corviknight|Rocky Helmet|[from] move: Knock Off|[of] p2a: Ferrothorn
|
|upkeep
|turn|10
|
|t:|1636652967
|switch|p2a: Landorus|Landorus-Therian, M, shiny|100/100
|-ability|p2a: Landorus|Intimidate|boost
|-unboost|p1a: Corviknight|atk|1
|move|p1a: Corviknight|Body Press|p2a: Landorus
|-resisted|p2a: Landorus
|-crit|p2a: Landorus
|-damage|p2a: Landorus|80/100
|
|-heal|p2a: Landorus|86/100|[from] item: Leftovers
|upkeep
|turn|11
|
|t:|1636652973
|move|p2a: Landorus|Gravity|p2a: Landorus
|-fieldstart|move: Gravity
|move|p1a: Corviknight|U-turn|p2a: Landorus
|-resisted|p2a: Landorus
|-damage|p2a: Landorus|80/100
|
|t:|1636652976
|switch|p1a: Landorus|Landorus-Therian, M|65/100|[from]move: U-turn
|-ability|p1a: Landorus|Intimidate|boost
|-unboost|p2a: Landorus|atk|1
|
|-heal|p2a: Landorus|86/100|[from] item: Leftovers
|-heal|p1a: Landorus|71/100|[from] item: Leftovers
|upkeep
|turn|12
|
|t:|1636652980
|move|p2a: Landorus|Swords Dance|p2a: Landorus
|-boost|p2a: Landorus|atk|2
|move|p1a: Landorus|Earthquake|p2a: Landorus
|-damage|p2a: Landorus|27/100
|
|-heal|p2a: Landorus|33/100|[from] item: Leftovers
|-heal|p1a: Landorus|77/100|[from] item: Leftovers
|upkeep
|turn|13
|
|t:|1636652984
|move|p2a: Landorus|Earthquake|p1a: Landorus
|-damage|p1a: Landorus|19/100
|move|p1a: Landorus|Earthquake|p2a: Landorus
|-damage|p2a: Landorus|0 fnt
|faint|p2a: Landorus
|
|-heal|p1a: Landorus|25/100|[from] item: Leftovers
|upkeep
|
|t:|1636652989
|switch|p2a: Excadrill|Excadrill, M|100/100
|turn|14
|
|t:|1636652993
|move|p2a: Excadrill|Earthquake|p1a: Landorus
|-damage|p1a: Landorus|0 fnt
|faint|p1a: Landorus
|
|upkeep
|
|t:|1636653003
|switch|p1a: Mew|Mew|100/100
|turn|15
|
|t:|1636653007
|switch|p2a: Tapu Fini|Tapu Fini, shiny|100/100
|-fieldstart|move: Misty Terrain|[from] ability: Misty Surge|[of] p2a: Tapu Fini
|move|p1a: Mew|Cosmic Power|p1a: Mew
|-boost|p1a: Mew|def|1
|-boost|p1a: Mew|spd|1
|
|-fieldend|move: Gravity
|upkeep
|turn|16
|
|t:|1636653019
|switch|p2a: Hippowdon|Hippowdon, M|100/100
|-weather|Sandstorm|[from] ability: Sand Stream|[of] p2a: Hippowdon
|move|p1a: Mew|Taunt|p2a: Hippowdon
|-start|p2a: Hippowdon|move: Taunt
|
|-weather|Sandstorm|[upkeep]
|-damage|p1a: Mew|94/100|[from] Sandstorm
|-heal|p1a: Mew|100/100|[from] item: Leftovers
|upkeep
|turn|17
|
|t:|1636653032
|switch|p2a: Tapu Fini|Tapu Fini, shiny|100/100
|move|p1a: Mew|Cosmic Power|p1a: Mew
|-boost|p1a: Mew|def|1
|-boost|p1a: Mew|spd|1
|
|-weather|Sandstorm|[upkeep]
|-damage|p2a: Tapu Fini|94/100|[from] Sandstorm
|-damage|p1a: Mew|94/100|[from] Sandstorm
|-heal|p1a: Mew|100/100|[from] item: Leftovers
|upkeep
|turn|18
|
|t:|1636653036
|move|p2a: Tapu Fini|Trick|p1a: Mew
|-activate|p2a: Tapu Fini|move: Trick|[of] p1a: Mew
|-item|p1a: Mew|Choice Scarf|[from] move: Trick
|-item|p2a: Tapu Fini|Leftovers|[from] move: Trick
|move|p1a: Mew|Taunt|p2a: Tapu Fini
|-start|p2a: Tapu Fini|move: Taunt
|
|-weather|Sandstorm|[upkeep]
|-damage|p1a: Mew|94/100|[from] Sandstorm
|-damage|p2a: Tapu Fini|88/100|[from] Sandstorm
|-heal|p2a: Tapu Fini|94/100|[from] item: Leftovers
|upkeep
|turn|19
|
|t:|1636653049
|switch|p2a: Ferrothorn|Ferrothorn, M, shiny|40/100
|move|p1a: Mew|Taunt|p2a: Ferrothorn
|-start|p2a: Ferrothorn|move: Taunt
|
|-weather|Sandstorm|[upkeep]
|-damage|p1a: Mew|88/100|[from] Sandstorm
|-fieldend|Misty Terrain
|upkeep
|turn|20
|
|t:|1636653055
|switch|p1a: Corviknight|Corviknight, M|87/100
|-ability|p1a: Corviknight|Pressure
|switch|p2a: Dracozolt|Dracozolt, shiny|100/100
|
|-weather|Sandstorm|[upkeep]
|upkeep
|turn|21
|
|t:|1636653061
|switch|p1a: Mew|Mew|88/100
|move|p2a: Dracozolt|Bolt Beak|p1a: Mew
|-damage|p1a: Mew|10/100
|-damage|p2a: Dracozolt|91/100|[from] item: Life Orb
|
|-weather|Sandstorm|[upkeep]
|-damage|p1a: Mew|4/100|[from] Sandstorm
|upkeep
|turn|22
|
|t:|1636653070
|switch|p2a: Tapu Fini|Tapu Fini, shiny|94/100
|-fieldstart|move: Misty Terrain|[from] ability: Misty Surge|[of] p2a: Tapu Fini
|move|p1a: Mew|Stored Power|p2a: Tapu Fini
|-damage|p2a: Tapu Fini|87/100
|
|-weather|Sandstorm|[upkeep]
|-damage|p1a: Mew|0 fnt|[from] Sandstorm
|-damage|p2a: Tapu Fini|81/100|[from] Sandstorm
|faint|p1a: Mew
|-heal|p2a: Tapu Fini|87/100|[from] item: Leftovers
|upkeep
|
|t:|1636653074
|switch|p1a: Kyurem|Kyurem|63/100
|-ability|p1a: Kyurem|Pressure
|turn|23
|
|t:|1636653080
|switch|p1a: Blissey|Blissey, F|100/100
|move|p2a: Tapu Fini|Moonblast|p1a: Blissey
|-damage|p1a: Blissey|84/100
|
|-weather|none
|-heal|p2a: Tapu Fini|93/100|[from] item: Leftovers
|upkeep
|turn|24
|
|t:|1636653085
|switch|p2a: Hippowdon|Hippowdon, M|100/100
|-weather|Sandstorm|[from] ability: Sand Stream|[of] p2a: Hippowdon
|move|p1a: Blissey|Seismic Toss|p2a: Hippowdon
|-damage|p2a: Hippowdon|77/100
|
|-weather|Sandstorm|[upkeep]
|-damage|p1a: Blissey|78/100|[from] Sandstorm
|upkeep
|turn|25
|
|t:|1636653088
|move|p1a: Blissey|Toxic|p2a: Hippowdon
|-activate|p2a: Hippowdon|move: Misty Terrain
|move|p2a: Hippowdon|Stealth Rock|p1a: Blissey
|-sidestart|p1: Mel2345|move: Stealth Rock
|
|-weather|Sandstorm|[upkeep]
|-damage|p1a: Blissey|72/100|[from] Sandstorm
|upkeep
|turn|26
|
|t:|1636653092
|switch|p2a: Ferrothorn|Ferrothorn, M, shiny|40/100
|move|p1a: Blissey|Teleport|p1a: Blissey
|
|t:|1636653096
|switch|p1a: Corviknight|Corviknight, M|87/100|[from]move: Teleport
|-damage|p1a: Corviknight|74/100|[from] Stealth Rock
|-ability|p1a: Corviknight|Pressure
|
|-weather|Sandstorm|[upkeep]
|-fieldend|Misty Terrain
|upkeep
|turn|27
|
|t:|1636653099
|move|p1a: Corviknight|Body Press|p2a: Ferrothorn
|-supereffective|p2a: Ferrothorn
|-crit|p2a: Ferrothorn
|-damage|p2a: Ferrothorn|0 fnt
|-damage|p1a: Corviknight|62/100|[from] ability: Iron Barbs|[of] p2a: Ferrothorn
|faint|p2a: Ferrothorn
|
|-weather|Sandstorm|[upkeep]
|upkeep
|
|t:|1636653102
|switch|p2a: Dracozolt|Dracozolt, shiny|91/100
|turn|28
|
|t:|1636653110
|switch|p1a: Toxapex|Toxapex, M|100/100
|-damage|p1a: Toxapex|88/100|[from] Stealth Rock
|move|p2a: Dracozolt|Bolt Beak|p1a: Toxapex
|-supereffective|p1a: Toxapex
|-damage|p1a: Toxapex|0 fnt
|faint|p1a: Toxapex
|-damage|p2a: Dracozolt|81/100|[from] item: Life Orb
|
|-weather|Sandstorm|[upkeep]
|upkeep
|
|t:|1636653116
|switch|p1a: Kyurem|Kyurem|63/100
|-ability|p1a: Kyurem|Pressure
|turn|29
|
|t:|1636653135
|move|p2a: Dracozolt|Draco Meteor|p1a: Kyurem
|-supereffective|p1a: Kyurem
|-damage|p1a: Kyurem|0 fnt
|-unboost|p2a: Dracozolt|spa|2
|faint|p1a: Kyurem
|-damage|p2a: Dracozolt|71/100|[from] item: Life Orb
|
|-weather|Sandstorm|[upkeep]
|upkeep
|c|☆AgencyIsOwn|fgg
|-message|Mel2345 forfeited.
|
|win|AgencyIsOwn
|raw|Mel2345's rating: 1729 &rarr; <strong>1716</strong><br />(-13 for losing)
|raw|AgencyIsOwn's rating: 1847 &rarr; <strong>1860</strong><br />(+13 for winning)
|c|☆AgencyIsOwn|gg*
|l|☆Mel2345
