|j|☆IIIodyne
|j|☆Emblema de Fuego
|t:|1664820412
|gametype|singles
|player|p1|IIIodyne|2|1802
|player|p2|Emblema de Fuego|blue|1812
|teamsize|p1|6
|teamsize|p2|6
|gen|8
|tier|[Gen 8] OU
|rated|
|rule|Sleep Clause Mod: Limit one foe put to sleep
|rule|Species Clause: Limit one of each Pokémon
|rule|OHKO Clause: OHKO moves are banned
|rule|Evasion Items Clause: Evasion items are banned
|rule|Evasion Moves Clause: Evasion moves are banned
|rule|Endless Battle Clause: Forcing endless battles is banned
|rule|HP Percentage Mod: HP is shown in percentages
|rule|Dynamax Clause: You cannot dynamax
|clearpoke
|poke|p1|Snorlax, F|
|poke|p1|Suicune|
|poke|p1|Melmetal|
|poke|p1|Victini|
|poke|p1|Landorus-Therian, M|
|poke|p1|Zapdos|
|poke|p2|Slowbro, M|
|poke|p2|Hatterene, F|
|poke|p2|Marowak-Alola, F|
|poke|p2|Ferrothorn, M|
|poke|p2|Garchomp, M|
|poke|p2|Drampa, M|
|teampreview
|j| IMGAYFORU69
|inactive|Battle timer is ON: inactive players will automatically lose when time's up. (requested by IIIodyne)
|
|t:|1664820424
|start
|switch|p1a: Landorus|Landorus-Therian, M|100/100
|switch|p2a: Sharpo|Garchomp, M|100/100
|-ability|p1a: Landorus|Intimidate|boost
|-unboost|p2a: Sharpo|atk|1
|turn|1
|j| t-yeu
|
|t:|1664820431
|switch|p2a: Sonso|Slowbro, M|100/100
|move|p1a: Landorus|Earthquake|p2a: Sonso
|-damage|p2a: Sonso|65/100
|
|upkeep
|turn|2
|
|t:|1664820438
|switch|p2a: Thorns|Ferrothorn, M|100/100
|move|p1a: Landorus|Earthquake|p2a: Thorns
|-crit|p2a: Thorns
|-damage|p2a: Thorns|41/100
|
|upkeep
|turn|3
|
|t:|1664820444
|switch|p2a: Sonso|Slowbro, M|98/100
|move|p1a: Landorus|Earthquake|p2a: Sonso
|-damage|p2a: Sonso|68/100
|
|upkeep
|turn|4
|
|t:|1664820449
|switch|p1a: Zapdos|Zapdos|100/100
|move|p2a: Sonso|Trick Room|p2a: Sonso
|-fieldstart|move: Trick Room|[of] p2a: Sonso
|
|upkeep
|turn|5
|c| IMGAYFORU69|yes sir
|
|t:|1664820473
|switch|p2a: Falko|Drampa, M|100/100
|move|p1a: Zapdos|Hurricane|p2a: Falko|[miss]
|-miss|p1a: Zapdos|p2a: Falko
|
|upkeep
|turn|6
|l| IMGAYFORU69
|
|t:|1664820480
|switch|p1a: Snorlax|Snorlax, F|100/100
|move|p2a: Falko|Focus Blast|p1a: Snorlax
|-supereffective|p1a: Snorlax
|-damage|p1a: Snorlax|49/100
|
|-heal|p1a: Snorlax|55/100|[from] item: Leftovers
|upkeep
|turn|7
|
|t:|1664820487
|move|p2a: Falko|Focus Blast|p1a: Snorlax
|-supereffective|p1a: Snorlax
|-damage|p1a: Snorlax|7/100
|move|p1a: Snorlax|Body Slam|p2a: Falko
|-damage|p2a: Falko|65/100
|
|-heal|p1a: Snorlax|13/100|[from] item: Leftovers
|upkeep
|turn|8
|j| TheCavi
|
|t:|1664820499
|move|p2a: Falko|Ice Beam|p1a: Snorlax
|-damage|p1a: Snorlax|5/100
|move|p1a: Snorlax|Body Slam|p2a: Falko
|-damage|p2a: Falko|31/100
|-ability|p2a: Falko|Berserk|boost
|-boost|p2a: Falko|spa|1
|
|-heal|p1a: Snorlax|11/100|[from] item: Leftovers
|-fieldend|move: Trick Room
|upkeep
|turn|9
|
|t:|1664820508
|switch|p2a: Sharpo|Garchomp, M|100/100
|move|p1a: Snorlax|Rest|p1a: Snorlax
|-status|p1a: Snorlax|slp|[from] move: Rest
|-heal|p1a: Snorlax|100/100 slp|[silent]
|
|upkeep
|turn|10
|
|t:|1664820514
|switch|p1a: Suicune|Suicune|100/100
|-ability|p1a: Suicune|Pressure
|move|p2a: Sharpo|Swords Dance|p2a: Sharpo
|-boost|p2a: Sharpo|atk|2
|
|upkeep
|turn|11
|
|t:|1664820522
|move|p2a: Sharpo|Scale Shot|p1a: Suicune
|-damage|p1a: Suicune|85/100
|-damage|p1a: Suicune|71/100
|-hitcount|p1a: Suicune|2
|-unboost|p2a: Sharpo|def|1
|-boost|p2a: Sharpo|spe|1
|move|p1a: Suicune|Ice Beam|p2a: Sharpo
|-supereffective|p2a: Sharpo
|-damage|p2a: Sharpo|15/100
|
|-heal|p2a: Sharpo|22/100|[from] item: Leftovers
|-heal|p1a: Suicune|77/100|[from] item: Leftovers
|upkeep
|turn|12
|
|t:|1664820537
|move|p2a: Sharpo|Earthquake|p1a: Suicune
|-damage|p1a: Suicune|22/100
|move|p1a: Suicune|Ice Beam|p2a: Sharpo
|-supereffective|p2a: Sharpo
|-damage|p2a: Sharpo|0 fnt
|faint|p2a: Sharpo
|
|-heal|p1a: Suicune|29/100|[from] item: Leftovers
|upkeep
|
|t:|1664820545
|switch|p2a: Thorns|Ferrothorn, M|41/100
|turn|13
|
|t:|1664820548
|switch|p1a: Zapdos|Zapdos|100/100
|move|p2a: Thorns|Stealth Rock|p1a: Zapdos
|-sidestart|p1: IIIodyne|move: Stealth Rock
|
|upkeep
|turn|14
|j| kakarotto13
|
|t:|1664820553
|move|p1a: Zapdos|Defog|p2a: Thorns
|-unboost|p2a: Thorns|evasion|1
|-sideend|p1: IIIodyne|Stealth Rock|[from] move: Defog|[of] p1a: Zapdos
|move|p2a: Thorns|Leech Seed|p1a: Zapdos
|-start|p1a: Zapdos|move: Leech Seed
|
|-damage|p1a: Zapdos|88/100|[from] Leech Seed|[of] p2a: Thorns
|-heal|p2a: Thorns|53/100|[silent]
|upkeep
|turn|15
|
|t:|1664820561
|move|p1a: Zapdos|Volt Switch|p2a: Thorns
|-resisted|p2a: Thorns
|-damage|p2a: Thorns|40/100
|
|t:|1664820564
|switch|p1a: Victini|Victini|100/100|[from]move: Volt Switch
|move|p2a: Thorns|Stealth Rock|p1a: Victini
|-sidestart|p1: IIIodyne|move: Stealth Rock
|
|upkeep
|turn|16
|
|t:|1664820571
|switch|p2a: Sonso|Slowbro, M|100/100
|move|p1a: Victini|V-create|p2a: Sonso
|-resisted|p2a: Sonso
|-damage|p2a: Sonso|65/100
|-unboost|p1a: Victini|spe|1
|-unboost|p1a: Victini|def|1
|-unboost|p1a: Victini|spd|1
|
|upkeep
|turn|17
|
|t:|1664820578
|switch|p1a: Zapdos|Zapdos|88/100
|move|p2a: Sonso|Trick Room|p2a: Sonso
|-fieldstart|move: Trick Room|[of] p2a: Sonso
|
|upkeep
|turn|18
|
|t:|1664820585
|switch|p2a: Falko|Drampa, M|31/100
|move|p1a: Zapdos|Defog|p2a: Falko
|-unboost|p2a: Falko|evasion|1
|-sideend|p1: IIIodyne|Stealth Rock|[from] move: Defog|[of] p1a: Zapdos
|
|upkeep
|turn|19
|
|t:|1664820593
|move|p2a: Falko|Roost|p2a: Falko
|-heal|p2a: Falko|81/100
|-singleturn|p2a: Falko|move: Roost
|move|p1a: Zapdos|Hurricane|p2a: Falko
|-damage|p2a: Falko|22/100
|-start|p2a: Falko|confusion
|-ability|p2a: Falko|Berserk|boost
|-boost|p2a: Falko|spa|1
|
|upkeep
|turn|20
|
|t:|1664820604
|switch|p1a: Snorlax|Snorlax, F|100/100 slp
|-activate|p2a: Falko|confusion
|move|p2a: Falko|Ice Beam|p1a: Snorlax
|-damage|p1a: Snorlax|88/100 slp
|
|-heal|p1a: Snorlax|94/100 slp|[from] item: Leftovers
|upkeep
|turn|21
|
|t:|1664820611
|-activate|p2a: Falko|confusion
|-damage|p2a: Falko|17/100|[from] confusion
|cant|p1a: Snorlax|slp
|
|-heal|p1a: Snorlax|99/100 slp|[from] item: Leftovers
|-fieldend|move: Trick Room
|upkeep
|turn|22
|l| TheCavi
|
|t:|1664820640
|cant|p1a: Snorlax|slp
|-activate|p2a: Falko|confusion
|-damage|p2a: Falko|11/100|[from] confusion
|
|-heal|p1a: Snorlax|100/100 slp|[from] item: Leftovers
|upkeep
|turn|23
|c|☆Emblema de Fuego|......
|
|t:|1664820666
|switch|p2a: Billy B.|Marowak-Alola, F|100/100
|-curestatus|p1a: Snorlax|slp|[msg]
|move|p1a: Snorlax|Body Slam|p2a: Billy B.
|-immune|p2a: Billy B.
|
|upkeep
|turn|24
|
|t:|1664820677
|switch|p1a: Suicune|Suicune|29/100
|-ability|p1a: Suicune|Pressure
|move|p2a: Billy B.|Swords Dance|p2a: Billy B.
|-boost|p2a: Billy B.|atk|2
|
|-heal|p1a: Suicune|35/100|[from] item: Leftovers
|upkeep
|turn|25
|
|t:|1664820685
|move|p1a: Suicune|Scald|p2a: Billy B.
|-supereffective|p2a: Billy B.
|-damage|p2a: Billy B.|19/100
|move|p2a: Billy B.|Flare Blitz|p1a: Suicune
|-resisted|p1a: Suicune
|-damage|p1a: Suicune|0 fnt
|faint|p1a: Suicune
|
|upkeep
|j| Skgkkemdkd
|
|t:|1664820702
|switch|p1a: Zapdos|Zapdos|88/100
|turn|26
|
|t:|1664820716
|switch|p2a: Gorra|Hatterene, F|100/100
|move|p1a: Zapdos|Volt Switch|p2a: Gorra
|-damage|p2a: Gorra|68/100
|
|t:|1664820719
|switch|p1a: Victini|Victini|100/100|[from]move: Volt Switch
|
|upkeep
|turn|27
|
|t:|1664820724
|switch|p2a: Thorns|Ferrothorn, M|40/100
|move|p1a: Victini|Bolt Strike|p2a: Thorns
|-resisted|p2a: Thorns
|-damage|p2a: Thorns|19/100
|-damage|p1a: Victini|88/100|[from] ability: Iron Barbs|[of] p2a: Thorns
|
|upkeep
|turn|28
|
|t:|1664820732
|move|p1a: Victini|Bolt Strike|p2a: Thorns
|-resisted|p2a: Thorns
|-damage|p2a: Thorns|0 fnt
|-damage|p1a: Victini|76/100|[from] ability: Iron Barbs|[of] p2a: Thorns
|faint|p2a: Thorns
|
|upkeep
|
|t:|1664820738
|switch|p2a: Gorra|Hatterene, F|68/100
|turn|29
|
|t:|1664820742
|move|p1a: Victini|Bolt Strike|p2a: Gorra
|-damage|p2a: Gorra|15/100
|-status|p2a: Gorra|par
|move|p2a: Gorra|Trick Room|p2a: Gorra
|-fieldstart|move: Trick Room|[of] p2a: Gorra
|
|upkeep
|turn|30
|
|t:|1664820747
|move|p2a: Gorra|Healing Wish|p2a: Gorra
|faint|p2a: Gorra
|move|p1a: Victini|Bolt Strike|p2: Gorra|[notarget]
|-fail|p1a: Victini
|
|upkeep
|l| Skgkkemdkd
|
|t:|1664820754
|switch|p2a: Billy B.|Marowak-Alola, F|19/100
|-heal|p2a: Billy B.|100/100|[from] move: Healing Wish
|turn|31
|
|t:|1664820763
|switch|p1a: Snorlax|Snorlax, F|100/100
|move|p2a: Billy B.|Swords Dance|p2a: Billy B.
|-boost|p2a: Billy B.|atk|2
|
|upkeep
|turn|32
|
|t:|1664820774
|switch|p1a: Victini|Victini|76/100
|move|p2a: Billy B.|Flare Blitz|p1a: Victini
|-resisted|p1a: Victini
|-damage|p1a: Victini|0 fnt
|faint|p1a: Victini
|
|upkeep
|
|t:|1664820780
|switch|p1a: Landorus|Landorus-Therian, M|100/100
|-ability|p1a: Landorus|Intimidate|boost
|-unboost|p2a: Billy B.|atk|1
|turn|33
|
|t:|1664820784
|switch|p1a: Snorlax|Snorlax, F|100/100
|move|p2a: Billy B.|Flare Blitz|p1a: Snorlax
|-damage|p1a: Snorlax|30/100
|
|-heal|p1a: Snorlax|36/100|[from] item: Leftovers
|-fieldend|move: Trick Room
|upkeep
|turn|34
|
|t:|1664820792
|move|p2a: Billy B.|Flare Blitz|p1a: Snorlax
|-damage|p1a: Snorlax|0 fnt
|faint|p1a: Snorlax
|
|upkeep
|
|t:|1664820795
|switch|p1a: Landorus|Landorus-Therian, M|100/100
|-ability|p1a: Landorus|Intimidate|boost
|-unboost|p2a: Billy B.|atk|1
|turn|35
|
|t:|1664820799
|switch|p2a: Sonso|Slowbro, M|99/100
|move|p1a: Landorus|Knock Off|p2a: Sonso
|-supereffective|p2a: Sonso
|-enditem|p2a: Sonso|Colbur Berry|[eat]
|-enditem|p2a: Sonso|Colbur Berry|[weaken]
|-damage|p2a: Sonso|79/100
|
|upkeep
|turn|36
|j| Lenape
|
|t:|1664820807
|switch|p1a: Zapdos|Zapdos|88/100
|move|p2a: Sonso|Trick Room|p2a: Sonso
|-fieldstart|move: Trick Room|[of] p2a: Sonso
|
|upkeep
|turn|37
|
|t:|1664820813
|move|p2a: Sonso|Scald|p1a: Zapdos
|-damage|p1a: Zapdos|60/100
|move|p1a: Zapdos|Volt Switch|p2a: Sonso
|-supereffective|p2a: Sonso
|-damage|p2a: Sonso|1/100
|
|t:|1664820816
|switch|p1a: Landorus|Landorus-Therian, M|100/100|[from]move: Volt Switch
|-ability|p1a: Landorus|Intimidate|boost
|-unboost|p2a: Sonso|atk|1
|
|upkeep
|turn|38
|
|t:|1664820825
|move|p2a: Sonso|Slack Off|p2a: Sonso
|-heal|p2a: Sonso|51/100
|move|p1a: Landorus|Earthquake|p2a: Sonso
|-damage|p2a: Sonso|20/100
|
|upkeep
|turn|39
|j| Espressuuu
|
|t:|1664820840
|move|p2a: Sonso|Slack Off|p2a: Sonso
|-heal|p2a: Sonso|70/100
|move|p1a: Landorus|Earthquake|p2a: Sonso
|-damage|p2a: Sonso|39/100
|
|upkeep
|turn|40
|
|t:|1664820846
|switch|p1a: Zapdos|Zapdos|60/100
|move|p2a: Sonso|Slack Off|p2a: Sonso
|-heal|p2a: Sonso|89/100
|
|-fieldend|move: Trick Room
|upkeep
|turn|41
|
|t:|1664820852
|move|p1a: Zapdos|Hurricane|p2a: Sonso
|-damage|p2a: Sonso|32/100
|move|p2a: Sonso|Trick Room|p2a: Sonso
|-fieldstart|move: Trick Room|[of] p2a: Sonso
|
|upkeep
|turn|42
|
|t:|1664820856
|switch|p2a: Falko|Drampa, M|11/100
|move|p1a: Zapdos|Volt Switch|p2a: Falko
|-resisted|p2a: Falko
|-damage|p2a: Falko|0 fnt
|faint|p2a: Falko
|
|t:|1664820868
|switch|p1a: Landorus|Landorus-Therian, M|100/100|[from]move: Volt Switch
|
|upkeep
|
|t:|1664820871
|switch|p2a: Billy B.|Marowak-Alola, F|100/100
|turn|43
|
|t:|1664820873
|move|p2a: Billy B.|Flare Blitz|p1a: Landorus
|-damage|p1a: Landorus|0 fnt
|faint|p1a: Landorus
|
|upkeep
|
|t:|1664820890
|switch|p1a: Zapdos|Zapdos|60/100
|turn|44
|
|t:|1664820895
|move|p2a: Billy B.|Flare Blitz|p1a: Zapdos
|-damage|p1a: Zapdos|0 fnt
|faint|p1a: Zapdos
|
|upkeep
|
|t:|1664820898
|switch|p1a: Melmetal|Melmetal|100/100
|turn|45
|
|t:|1664820901
|switch|p2a: Sonso|Slowbro, M|65/100
|move|p1a: Melmetal|Earthquake|p2a: Sonso
|-damage|p2a: Sonso|42/100
|
|-fieldend|move: Trick Room
|upkeep
|turn|46
|
|t:|1664820907
|move|p1a: Melmetal|Thunder Punch|p2a: Sonso
|-supereffective|p2a: Sonso
|-damage|p2a: Sonso|1/100
|move|p2a: Sonso|Body Press|p1a: Melmetal
|-supereffective|p1a: Melmetal
|-damage|p1a: Melmetal|64/100
|
|upkeep
|turn|47
|
|t:|1664820914
|move|p1a: Melmetal|Earthquake|p2a: Sonso
|-damage|p2a: Sonso|0 fnt
|faint|p2a: Sonso
|
|upkeep
|
|t:|1664820918
|switch|p2a: Billy B.|Marowak-Alola, F|100/100
|turn|48
|
|t:|1664820920
|move|p2a: Billy B.|Flare Blitz|p1a: Melmetal
|-supereffective|p1a: Melmetal
|-damage|p1a: Melmetal|0 fnt
|faint|p1a: Melmetal
|
|win|Emblema de Fuego
|raw|IIIodyne's rating: 1802 &rarr; <strong>1783</strong><br />(-19 for losing)
|raw|Emblema de Fuego's rating: 1812 &rarr; <strong>1831</strong><br />(+19 for winning)
|l|☆IIIodyne
