|j|☆zKally
|j|☆1-800-CallMyBluff
|t:|1653669379
|gametype|singles
|player|p1|zKally|steven|1344
|player|p2|1-800-CallMyBluff|battlegirl-gen4|1350
|teamsize|p1|6
|teamsize|p2|6
|gen|8
|tier|[Gen 8] OU
|rated|
|rule|Sleep Clause Mod: Limit one foe put to sleep
|rule|Species Clause: Limit one of each Pokémon
|rule|OHKO Clause: OHKO moves are banned
|rule|Evasion Moves Clause: Evasion moves are banned
|rule|Endless Battle Clause: Forcing endless battles is banned
|rule|HP Percentage Mod: HP is shown in percentages
|rule|Dynamax Clause: You cannot dynamax
|clearpoke
|poke|p1|Zapdos-Galar|
|poke|p1|Weavile, F|
|poke|p1|Regieleki|
|poke|p1|Landorus-Therian, M|
|poke|p1|Slowking, M|
|poke|p1|Ferrothorn, F|
|poke|p2|Regieleki|
|poke|p2|Tapu Fini|
|poke|p2|Steelix, M|
|poke|p2|Buzzwole|
|poke|p2|Landorus-Therian, M|
|poke|p2|Slowking, M|
|teampreview
|inactive|Battle timer is ON: inactive players will automatically lose when time's up. (requested by 1-800-CallMyBluff)
|
|t:|1653669400
|start
|switch|p1a: Landorus|Landorus-Therian, M|100/100
|switch|p2a: Slowking|Slowking, M, shiny|100/100
|-ability|p1a: Landorus|Intimidate|boost
|-unboost|p2a: Slowking|atk|1
|turn|1
|
|t:|1653669408
|move|p1a: Landorus|Toxic|p2a: Slowking
|-status|p2a: Slowking|tox
|move|p2a: Slowking|Scald|p1a: Landorus
|-supereffective|p1a: Landorus
|-damage|p1a: Landorus|56/100
|
|-heal|p1a: Landorus|62/100|[from] item: Leftovers
|-damage|p2a: Slowking|94/100 tox|[from] psn
|upkeep
|turn|2
|
|t:|1653669413
|move|p1a: Landorus|U-turn|p2a: Slowking
|-supereffective|p2a: Slowking
|-damage|p2a: Slowking|63/100 tox
|-damage|p1a: Landorus|45/100|[from] item: Rocky Helmet|[of] p2a: Slowking
|
|t:|1653669418
|switch|p1a: Slowking|Slowking, M|100/100|[from]move: U-turn
|move|p2a: Slowking|Future Sight|p1a: Slowking
|-start|p2a: Slowking|move: Future Sight
|
|-damage|p2a: Slowking|51/100 tox|[from] psn
|upkeep
|turn|3
|
|t:|1653669425
|move|p2a: Slowking|Teleport|p2a: Slowking
|
|t:|1653669430
|switch|p2a: Regieleki|Regieleki, shiny|100/100|[from]move: Teleport
|move|p1a: Slowking|Teleport|p1a: Slowking
|
|t:|1653669434
|switch|p1a: Ferrothorn|Ferrothorn, F|100/100|[from]move: Teleport
|
|upkeep
|turn|4
|
|t:|1653669439
|move|p2a: Regieleki|Volt Switch|p1a: Ferrothorn
|-resisted|p1a: Ferrothorn
|-damage|p1a: Ferrothorn|69/100
|
|t:|1653669445
|switch|p2a: Steelix|Steelix, M, shiny|100/100|[from]move: Volt Switch
|move|p1a: Ferrothorn|Spikes|p2a: Steelix
|-sidestart|p2: 1-800-CallMyBluff|Spikes
|
|-end|p1a: Ferrothorn|move: Future Sight
|-resisted|p1a: Ferrothorn
|-damage|p1a: Ferrothorn|50/100
|-heal|p1a: Ferrothorn|56/100|[from] item: Leftovers
|upkeep
|turn|5
|
|t:|1653669456
|switch|p1a: Slowking|Slowking, M|100/100
|move|p2a: Steelix|Fire Fang|p1a: Slowking
|-resisted|p1a: Slowking
|-damage|p1a: Slowking|86/100
|
|upkeep
|turn|6
|
|t:|1653669463
|switch|p2a: Slowking|Slowking, M, shiny|84/100 tox
|-damage|p2a: Slowking|71/100 tox|[from] Spikes
|move|p1a: Slowking|Scald|p2a: Slowking
|-resisted|p2a: Slowking
|-damage|p2a: Slowking|60/100 tox
|
|-damage|p2a: Slowking|54/100 tox|[from] psn
|upkeep
|turn|7
|
|t:|1653669468
|move|p2a: Slowking|Future Sight|p1a: Slowking
|-start|p2a: Slowking|move: Future Sight
|move|p1a: Slowking|Teleport|p1a: Slowking
|
|t:|1653669471
|switch|p1a: Weavile|Weavile, F|100/100|[from]move: Teleport
|-ability|p1a: Weavile|Pressure
|
|-damage|p2a: Slowking|42/100 tox|[from] psn
|upkeep
|turn|8
|
|t:|1653669476
|switch|p2a: Buzzwole|Buzzwole, shiny|100/100
|-damage|p2a: Buzzwole|88/100|[from] Spikes
|move|p1a: Weavile|Swords Dance|p1a: Weavile
|-boost|p1a: Weavile|atk|2
|
|upkeep
|turn|9
|
|t:|1653669483
|switch|p1a: Slowking|Slowking, M|100/100
|move|p2a: Buzzwole|Leech Life|p1a: Slowking
|-supereffective|p1a: Slowking
|-damage|p1a: Slowking|22/100
|-heal|p2a: Buzzwole|100/100|[from] drain|[of] p1a: Slowking
|
|-end|p1a: Slowking|move: Future Sight
|-resisted|p1a: Slowking
|-damage|p1a: Slowking|10/100
|upkeep
|turn|10
|
|t:|1653669491
|switch|p1a: Landorus|Landorus-Therian, M|45/100
|-ability|p1a: Landorus|Intimidate|boost
|-unboost|p2a: Buzzwole|atk|1
|move|p2a: Buzzwole|Ice Punch|p1a: Landorus
|-supereffective|p1a: Landorus
|-damage|p1a: Landorus|0 fnt
|faint|p1a: Landorus
|-ability|p2a: Buzzwole|Beast Boost|boost
|-boost|p2a: Buzzwole|def|1
|
|upkeep
|
|t:|1653669501
|switch|p1a: Regieleki|Regieleki|100/100
|turn|11
|
|t:|1653669506
|switch|p2a: Landorus|Landorus-Therian, M, shiny|100/100
|-ability|p2a: Landorus|Intimidate|boost
|-unboost|p1a: Regieleki|atk|1
|move|p1a: Regieleki|Electro Ball|p2a: Landorus
|-immune|p2a: Landorus
|
|upkeep
|turn|12
|
|t:|1653669513
|switch|p1a: Zapdos|Zapdos-Galar|100/100
|move|p2a: Landorus|Stealth Rock|p1a: Zapdos
|-sidestart|p1: zKally|move: Stealth Rock
|
|upkeep
|turn|13
|
|t:|1653669522
|switch|p2a: Steelix|Steelix, M, shiny|100/100
|-damage|p2a: Steelix|88/100|[from] Spikes
|move|p1a: Zapdos|U-turn|p2a: Steelix
|-resisted|p2a: Steelix
|-damage|p2a: Steelix|79/100
|
|t:|1653669531
|switch|p1a: Slowking|Slowking, M|43/100|[from]move: U-turn
|
|upkeep
|turn|14
|
|t:|1653669536
|move|p2a: Steelix|Earthquake|p1a: Slowking
|-damage|p1a: Slowking|0 fnt
|faint|p1a: Slowking
|-damage|p2a: Steelix|69/100|[from] item: Life Orb
|
|upkeep
|
|t:|1653669539
|switch|p1a: Zapdos|Zapdos-Galar|100/100
|-damage|p1a: Zapdos|88/100|[from] Stealth Rock
|turn|15
|
|t:|1653669558
|move|p1a: Zapdos|Brave Bird|p2a: Steelix
|-resisted|p2a: Steelix
|-damage|p2a: Steelix|44/100
|-damage|p1a: Zapdos|79/100|[from] Recoil
|move|p2a: Steelix|Ice Fang|p1a: Zapdos
|-supereffective|p1a: Zapdos
|-damage|p1a: Zapdos|7/100
|
|upkeep
|turn|16
|-message|zKally forfeited.
|
|win|1-800-CallMyBluff
|raw|zKally's rating: 1344 &rarr; <strong>1324</strong><br />(-20 for losing)
|raw|1-800-CallMyBluff's rating: 1350 &rarr; <strong>1370</strong><br />(+20 for winning)
|l|☆zKally
||Ladder isn't responding, score probably updated but might not have (Request timeout).
