|j|☆Dysipius
|j|☆maxinyuuu
|t:|1667968729
|gametype|singles
|player|p1|Dysipius|riley|1553
|player|p2|maxinyuuu|lusamine-nihilego|1643
|teamsize|p1|6
|teamsize|p2|6
|gen|8
|tier|[Gen 8] OU
|rated|
|rule|Sleep Clause Mod: Limit one foe put to sleep
|rule|Species Clause: Limit one of each Pokémon
|rule|OHKO Clause: OHKO moves are banned
|rule|Evasion Items Clause: Evasion items are banned
|rule|Evasion Moves Clause: Evasion moves are banned
|rule|Endless Battle Clause: Forcing endless battles is banned
|rule|HP Percentage Mod: HP is shown in percentages
|rule|Dynamax Clause: You cannot dynamax
|clearpoke
|poke|p1|Buzzwole|
|poke|p1|Zapdos-Galar|
|poke|p1|Blacephalon|
|poke|p1|Milotic, M|
|poke|p1|Landorus-Therian, M|
|poke|p1|Heatran, F|
|poke|p2|Regieleki|
|poke|p2|Tapu Koko|
|poke|p2|Melmetal|
|poke|p2|Rillaboom, M|
|poke|p2|Tornadus-Therian, M|
|poke|p2|Grimmsnarl, M|
|teampreview
|inactive|Battle timer is ON: inactive players will automatically lose when time's up. (requested by Dysipius)
|
|t:|1667968741
|start
|switch|p1a: Heatran|Heatran, F|100/100
|switch|p2a: Rillaboom|Rillaboom, M|100/100
|-fieldstart|move: Grassy Terrain|[from] ability: Grassy Surge|[of] p2a: Rillaboom
|turn|1
|
|t:|1667968745
|switch|p1a: Buzzwole|Buzzwole|100/100
|move|p2a: Rillaboom|Superpower|p1a: Buzzwole
|-resisted|p1a: Buzzwole
|-damage|p1a: Buzzwole|87/100
|-unboost|p2a: Rillaboom|atk|1
|-unboost|p2a: Rillaboom|def|1
|-damage|p2a: Rillaboom|84/100|[from] item: Rocky Helmet|[of] p1a: Buzzwole
|
|-heal|p2a: Rillaboom|90/100|[from] Grassy Terrain
|-heal|p1a: Buzzwole|94/100|[from] Grassy Terrain
|upkeep
|turn|2
|
|t:|1667968752
|switch|p2a: Tornadus|Tornadus-Therian, M|100/100
|move|p1a: Buzzwole|Toxic|p2a: Tornadus
|-status|p2a: Tornadus|tox
|
|-heal|p1a: Buzzwole|99/100|[from] Grassy Terrain
|-damage|p2a: Tornadus|94/100 tox|[from] psn
|upkeep
|turn|3
|
|t:|1667968756
|switch|p1a: Milotic|Milotic, M|100/100
|move|p2a: Tornadus|Heat Wave|p1a: Milotic
|-resisted|p1a: Milotic
|-damage|p1a: Milotic|94/100
|
|-heal|p1a: Milotic|99/100|[from] Grassy Terrain
|-heal|p1a: Milotic|100/100|[from] item: Leftovers
|-damage|p2a: Tornadus|82/100 tox|[from] psn
|upkeep
|turn|4
|
|t:|1667968764
|switch|p2a: Tapu Koko|Tapu Koko|100/100
|-fieldstart|move: Electric Terrain|[from] ability: Electric Surge|[of] p2a: Tapu Koko
|move|p1a: Milotic|Flip Turn|p2a: Tapu Koko
|-damage|p2a: Tapu Koko|83/100
|
|t:|1667968768
|switch|p1a: Heatran|Heatran, F|100/100|[from]move: Flip Turn
|
|upkeep
|turn|5
|
|t:|1667968772
|move|p2a: Tapu Koko|Volt Switch|p1a: Heatran
|-damage|p1a: Heatran|68/100
|
|t:|1667968781
|switch|p2a: Tornadus|Tornadus-Therian, M|100/100 tox|[from]move: Volt Switch
|move|p1a: Heatran|Stealth Rock|p2a: Tornadus
|-sidestart|p2: maxinyuuu|move: Stealth Rock
|
|-heal|p1a: Heatran|75/100|[from] item: Leftovers
|-damage|p2a: Tornadus|94/100 tox|[from] psn
|upkeep
|turn|6
|
|t:|1667968788
|move|p2a: Tornadus|Defog|p1a: Heatran
|-unboost|p1a: Heatran|evasion|1
|-sideend|p2: maxinyuuu|Stealth Rock|[from] move: Defog|[of] p2a: Tornadus
|-fieldend|move: Electric Terrain
|move|p1a: Heatran|Magma Storm|p2a: Tornadus
|-damage|p2a: Tornadus|53/100 tox
|-activate|p2a: Tornadus|move: Magma Storm|[of] p1a: Heatran
|
|-heal|p1a: Heatran|81/100|[from] item: Leftovers
|-damage|p2a: Tornadus|41/100 tox|[from] psn
|-damage|p2a: Tornadus|29/100 tox|[from] move: Magma Storm|[partiallytrapped]
|upkeep
|turn|7
|
|t:|1667968809
|move|p2a: Tornadus|Knock Off|p1a: Heatran
|-damage|p1a: Heatran|65/100
|-enditem|p1a: Heatran|Leftovers|[from] move: Knock Off|[of] p2a: Tornadus
|move|p1a: Heatran|Stealth Rock|p2a: Tornadus
|-sidestart|p2: maxinyuuu|move: Stealth Rock
|
|-damage|p2a: Tornadus|10/100 tox|[from] psn
|-damage|p2a: Tornadus|0 fnt|[from] move: Magma Storm|[partiallytrapped]
|faint|p2a: Tornadus
|upkeep
|
|t:|1667968816
|switch|p2a: Rillaboom|Rillaboom, M|90/100
|-damage|p2a: Rillaboom|78/100|[from] Stealth Rock
|-fieldstart|move: Grassy Terrain|[from] ability: Grassy Surge|[of] p2a: Rillaboom
|turn|8
|
|t:|1667968825
|switch|p1a: Buzzwole|Buzzwole|99/100
|move|p2a: Rillaboom|Superpower|p1a: Buzzwole
|-resisted|p1a: Buzzwole
|-damage|p1a: Buzzwole|86/100
|-unboost|p2a: Rillaboom|atk|1
|-unboost|p2a: Rillaboom|def|1
|-damage|p2a: Rillaboom|61/100|[from] item: Rocky Helmet|[of] p1a: Buzzwole
|
|-heal|p2a: Rillaboom|68/100|[from] Grassy Terrain
|-heal|p1a: Buzzwole|92/100|[from] Grassy Terrain
|upkeep
|turn|9
|
|t:|1667968831
|switch|p2a: Tapu Koko|Tapu Koko|83/100
|-damage|p2a: Tapu Koko|71/100|[from] Stealth Rock
|-fieldstart|move: Electric Terrain|[from] ability: Electric Surge|[of] p2a: Tapu Koko
|move|p1a: Buzzwole|Ice Punch|p2a: Tapu Koko
|-damage|p2a: Tapu Koko|37/100
|
|upkeep
|turn|10
|
|t:|1667968835
|switch|p2a: Grimmsnarl|Grimmsnarl, M|100/100
|-damage|p2a: Grimmsnarl|88/100|[from] Stealth Rock
|switch|p1a: Landorus|Landorus-Therian, M|100/100
|-ability|p1a: Landorus|Intimidate|boost
|-unboost|p2a: Grimmsnarl|atk|1
|
|upkeep
|turn|11
|
|t:|1667968839
|move|p2a: Grimmsnarl|Trick|p1a: Landorus
|-activate|p2a: Grimmsnarl|move: Trick|[of] p1a: Landorus
|-item|p1a: Landorus|Ring Target|[from] move: Trick
|-item|p2a: Grimmsnarl|Leftovers|[from] move: Trick
|move|p1a: Landorus|Earthquake|p2a: Grimmsnarl
|-damage|p2a: Grimmsnarl|35/100
|
|-heal|p2a: Grimmsnarl|41/100|[from] item: Leftovers
|upkeep
|turn|12
|
|t:|1667968848
|move|p2a: Grimmsnarl|Taunt|p1a: Landorus
|-start|p1a: Landorus|move: Taunt
|move|p1a: Landorus|Earthquake|p2a: Grimmsnarl
|-damage|p2a: Grimmsnarl|0 fnt
|faint|p2a: Grimmsnarl
|
|upkeep
|
|t:|1667968854
|switch|p2a: Regieleki|Regieleki|100/100
|-damage|p2a: Regieleki|88/100|[from] Stealth Rock
|turn|13
|
|t:|1667968860
|move|p2a: Regieleki|Rising Voltage|p1a: Landorus
|-supereffective|p1a: Landorus
|-damage|p1a: Landorus|0 fnt
|faint|p1a: Landorus
|
|-fieldend|move: Electric Terrain
|upkeep
|
|t:|1667968863
|switch|p1a: Heatran|Heatran, F|65/100
|turn|14
|
|t:|1667968876
|switch|p2a: Tapu Koko|Tapu Koko|37/100
|-damage|p2a: Tapu Koko|25/100|[from] Stealth Rock
|-fieldstart|move: Electric Terrain|[from] ability: Electric Surge|[of] p2a: Tapu Koko
|move|p1a: Heatran|Earth Power|p2a: Tapu Koko
|-supereffective|p2a: Tapu Koko
|-damage|p2a: Tapu Koko|0 fnt
|faint|p2a: Tapu Koko
|
|upkeep
|
|t:|1667968879
|switch|p2a: Regieleki|Regieleki|88/100
|-damage|p2a: Regieleki|76/100|[from] Stealth Rock
|turn|15
|
|t:|1667968886
|switch|p1a: Zapdos|Zapdos-Galar|100/100
|move|p2a: Regieleki|Rising Voltage|p1a: Zapdos
|-supereffective|p1a: Zapdos
|-damage|p1a: Zapdos|0 fnt
|faint|p1a: Zapdos
|
|upkeep
|
|t:|1667968891
|switch|p1a: Blacephalon|Blacephalon, shiny|100/100
|turn|16
|
|t:|1667968895
|move|p2a: Regieleki|Rising Voltage|p1a: Blacephalon
|-hint|Rising Voltage's BP doubled on grounded target.
|-damage|p1a: Blacephalon|0 fnt
|faint|p1a: Blacephalon
|
|upkeep
|
|t:|1667968899
|switch|p1a: Milotic|Milotic, M|100/100
|turn|17
|
|t:|1667968901
|move|p2a: Regieleki|Rising Voltage|p1a: Milotic
|-hint|Rising Voltage's BP doubled on grounded target.
|-supereffective|p1a: Milotic
|-damage|p1a: Milotic|0 fnt
|faint|p1a: Milotic
|
|upkeep
|
|t:|1667968907
|switch|p1a: Heatran|Heatran, F|65/100
|turn|18
|
|t:|1667968909
|move|p2a: Regieleki|Rising Voltage|p1a: Heatran
|-hint|Rising Voltage's BP doubled on grounded target.
|-damage|p1a: Heatran|0 fnt
|faint|p1a: Heatran
|
|-fieldend|move: Electric Terrain
|upkeep
|
|t:|1667968911
|switch|p1a: Buzzwole|Buzzwole|92/100
|turn|19
|
|t:|1667968915
|switch|p2a: Rillaboom|Rillaboom, M|68/100
|-damage|p2a: Rillaboom|55/100|[from] Stealth Rock
|-fieldstart|move: Grassy Terrain|[from] ability: Grassy Surge|[of] p2a: Rillaboom
|move|p1a: Buzzwole|Ice Punch|p2a: Rillaboom
|-supereffective|p2a: Rillaboom
|-damage|p2a: Rillaboom|2/100
|
|-heal|p2a: Rillaboom|8/100|[from] Grassy Terrain
|-heal|p1a: Buzzwole|99/100|[from] Grassy Terrain
|upkeep
|turn|20
|
|t:|1667968924
|move|p2a: Rillaboom|Grassy Glide|p1a: Buzzwole
|-resisted|p1a: Buzzwole
|-damage|p1a: Buzzwole|83/100
|-damage|p2a: Rillaboom|0 fnt|[from] item: Rocky Helmet|[of] p1a: Buzzwole
|faint|p2a: Rillaboom
|move|p1a: Buzzwole|Drain Punch|p2: Rillaboom|[notarget]
|-fail|p1a: Buzzwole
|
|-heal|p1a: Buzzwole|89/100|[from] Grassy Terrain
|upkeep
|
|t:|1667968929
|switch|p2a: Regieleki|Regieleki|76/100
|-damage|p2a: Regieleki|64/100|[from] Stealth Rock
|turn|21
|
|t:|1667968933
|move|p2a: Regieleki|Thunderbolt|p1a: Buzzwole
|-damage|p1a: Buzzwole|0 fnt
|faint|p1a: Buzzwole
|
|win|maxinyuuu
|raw|Dysipius's rating: 1553 &rarr; <strong>1538</strong><br />(-15 for losing)
|raw|maxinyuuu's rating: 1643 &rarr; <strong>1658</strong><br />(+15 for winning)
|l|☆Dysipius
