|raw|<div class="broadcast-blue"><strong>This battle is required to be public due to a player having a name starting with 'lt94je'.</div>
|j|☆lt94je bj
|j|‽kinetic chain
|t:|1661463762
|gametype|singles
|player|p1|lt94je bj|colress|1766
|player|p2|kinetic chain|giovanni-gen1|1854
|teamsize|p1|6
|teamsize|p2|6
|gen|8
|tier|[Gen 8] OU
|rated|
|rule|Sleep Clause Mod: Limit one foe put to sleep
|rule|Species Clause: Limit one of each Pokémon
|rule|OHKO Clause: OHKO moves are banned
|rule|Evasion Items Clause: Evasion items are banned
|rule|Evasion Moves Clause: Evasion moves are banned
|rule|Endless Battle Clause: Forcing endless battles is banned
|rule|HP Percentage Mod: HP is shown in percentages
|rule|Dynamax Clause: You cannot dynamax
|clearpoke
|poke|p1|Garchomp, M|
|poke|p1|Volcarona, M|
|poke|p1|Kartana|
|poke|p1|Tapu Fini|
|poke|p1|Heatran, F|
|poke|p1|Tornadus-Therian, M|
|poke|p2|Dragapult, M|
|poke|p2|Nihilego|
|poke|p2|Landorus-Therian, M|
|poke|p2|Melmetal|
|poke|p2|Magnezone|
|poke|p2|Kartana|
|teampreview
|inactive|Battle timer is ON: inactive players will automatically lose when time's up. (requested by kinetic chain)
|
|t:|1661463785
|start
|switch|p1a: Garchomp|Garchomp, M|100/100
|switch|p2a: Landorus|Landorus-Therian, M, shiny|100/100
|-ability|p2a: Landorus|Intimidate|boost
|-unboost|p1a: Garchomp|atk|1
|turn|1
|
|t:|1661463792
|switch|p1a: Tornadus|Tornadus-Therian, M|100/100
|move|p2a: Landorus|Earthquake|p1a: Tornadus
|-immune|p1a: Tornadus
|
|upkeep
|turn|2
|j| Kingpin u r sexy
|j| Rubiaa
|j| isabela000◥▶_◀◤
|
|t:|1661463801
|move|p1a: Tornadus|Knock Off|p2a: Landorus
|-damage|p2a: Landorus|76/100
|-enditem|p2a: Landorus|Soft Sand|[from] move: Knock Off|[of] p1a: Tornadus
|move|p2a: Landorus|Knock Off|p1a: Tornadus
|-damage|p1a: Tornadus|58/100
|-enditem|p1a: Tornadus|Assault Vest|[from] move: Knock Off|[of] p2a: Landorus
|
|upkeep
|turn|3
|
|t:|1661463809
|switch|p2a: Nihilego|Nihilego, shiny|100/100
|move|p1a: Tornadus|Hurricane|p2a: Nihilego
|-resisted|p2a: Nihilego
|-damage|p2a: Nihilego|85/100
|
|upkeep
|turn|4
|j|+Sacri'
|
|t:|1661463816
|move|p1a: Tornadus|U-turn|p2a: Nihilego
|-resisted|p2a: Nihilego
|-damage|p2a: Nihilego|73/100
|
|t:|1661463818
|switch|p1a: Garchomp|Garchomp, M|100/100|[from]move: U-turn
|move|p2a: Nihilego|Stealth Rock|p1a: Garchomp
|-sidestart|p1: lt94je bj|move: Stealth Rock
|
|upkeep
|turn|5
|j| storm zone
|
|t:|1661463823
|switch|p2a: Landorus|Landorus-Therian, M, shiny|76/100
|-ability|p2a: Landorus|Intimidate|boost
|-unboost|p1a: Garchomp|atk|1
|move|p1a: Garchomp|Swords Dance|p1a: Garchomp
|-boost|p1a: Garchomp|atk|2
|
|upkeep
|turn|6
|
|t:|1661463831
|move|p2a: Landorus|Earthquake|p1a: Garchomp
|-damage|p1a: Garchomp|48/100
|move|p1a: Garchomp|Scale Shot|p2a: Landorus
|-damage|p2a: Landorus|46/100
|-damage|p2a: Landorus|16/100
|-damage|p2a: Landorus|0 fnt
|faint|p2a: Landorus
|-hitcount|p2: Landorus|3
|-unboost|p1a: Garchomp|def|1
|-boost|p1a: Garchomp|spe|1
|-damage|p1a: Garchomp|39/100|[from] item: Life Orb
|
|upkeep
|
|t:|1661463846
|switch|p2a: Kartana|Kartana, shiny|100/100
|turn|7
|
|t:|1661463858
|switch|p1a: Heatran|Heatran, F|100/100
|-damage|p1a: Heatran|88/100|[from] Stealth Rock
|move|p2a: Kartana|Knock Off|p1a: Heatran
|-damage|p1a: Heatran|60/100
|-enditem|p1a: Heatran|Leftovers|[from] move: Knock Off|[of] p2a: Kartana
|
|upkeep
|turn|8
|
|t:|1661463868
|switch|p2a: Nihilego|Nihilego, shiny|73/100
|move|p1a: Heatran|Stealth Rock|p2a: Nihilego
|-sidestart|p2: kinetic chain|move: Stealth Rock
|
|upkeep
|turn|9
|
|t:|1661463877
|move|p2a: Nihilego|Meteor Beam||[still]
|-prepare|p2a: Nihilego|Meteor Beam
|-boost|p2a: Nihilego|spa|1
|-enditem|p2a: Nihilego|Power Herb
|-anim|p2a: Nihilego|Meteor Beam|p1a: Heatran
|-damage|p1a: Heatran|0 fnt
|faint|p1a: Heatran
|-ability|p2a: Nihilego|Beast Boost|boost
|-boost|p2a: Nihilego|spe|1
|
|upkeep
|j| pepsi
|
|t:|1661463881
|switch|p1a: Kartana|Kartana|100/100
|-damage|p1a: Kartana|94/100|[from] Stealth Rock
|turn|10
|j|+Sun
|inactive|kinetic chain has 120 seconds left.
|inactive|lt94je bj has 120 seconds left.
|j| Lunala
|
|t:|1661463938
|move|p1a: Kartana|Leaf Blade|p2a: Nihilego
|-damage|p2a: Nihilego|0 fnt
|faint|p2a: Nihilego
|-ability|p1a: Kartana|Beast Boost|boost
|-boost|p1a: Kartana|atk|1
|
|upkeep
|j| LT94JE Kingpin
|
|t:|1661463944
|switch|p2a: Magnezone|Magnezone, shiny|100/100
|-damage|p2a: Magnezone|95/100|[from] Stealth Rock
|-item|p2a: Magnezone|Air Balloon
|turn|11
|
|t:|1661463951
|move|p1a: Kartana|Leaf Blade|p2a: Magnezone
|-resisted|p2a: Magnezone
|-crit|p2a: Magnezone
|-damage|p2a: Magnezone|49/100
|-enditem|p2a: Magnezone|Air Balloon
|move|p2a: Magnezone|Iron Defense|p2a: Magnezone
|-boost|p2a: Magnezone|def|2
|
|upkeep
|turn|12
|
|t:|1661463959
|move|p1a: Kartana|Leaf Blade|p2a: Magnezone
|-resisted|p2a: Magnezone
|-damage|p2a: Magnezone|32/100
|move|p2a: Magnezone|Body Press|p1a: Kartana
|-supereffective|p1a: Kartana
|-damage|p1a: Kartana|0 fnt
|faint|p1a: Kartana
|
|upkeep
|j| tapu moxo
|
|t:|1661463969
|switch|p1a: Volcarona|Volcarona, M|100/100
|turn|13
|
|t:|1661463978
|move|p1a: Volcarona|Quiver Dance|p1a: Volcarona
|-boost|p1a: Volcarona|spa|1
|-boost|p1a: Volcarona|spd|1
|-boost|p1a: Volcarona|spe|1
|move|p2a: Magnezone|Discharge|p1a: Volcarona
|-damage|p1a: Volcarona|77/100
|
|upkeep
|turn|14
|j| Celestex
|inactive|kinetic chain has 120 seconds left.
|
|t:|1661463987
|move|p1a: Volcarona|Flamethrower|p2a: Magnezone
|-supereffective|p2a: Magnezone
|-damage|p2a: Magnezone|0 fnt
|faint|p2a: Magnezone
|
|upkeep
|inactive|kinetic chain has 120 seconds left.
|
|t:|1661463998
|switch|p2a: Kartana|Kartana, shiny|100/100
|-damage|p2a: Kartana|94/100|[from] Stealth Rock
|turn|15
|l| Celestex
|inactive|kinetic chain has 120 seconds left.
|
|t:|1661464006
|move|p2a: Kartana|Knock Off|p1a: Volcarona
|-damage|p1a: Volcarona|12/100
|-enditem|p1a: Volcarona|Heavy-Duty Boots|[from] move: Knock Off|[of] p2a: Kartana
|move|p1a: Volcarona|Quiver Dance|p1a: Volcarona
|-boost|p1a: Volcarona|spa|1
|-boost|p1a: Volcarona|spd|1
|-boost|p1a: Volcarona|spe|1
|
|upkeep
|turn|16
|
|t:|1661464012
|switch|p2a: Melmetal|Melmetal, shiny|100/100
|-damage|p2a: Melmetal|94/100|[from] Stealth Rock
|move|p1a: Volcarona|Flamethrower|p2a: Melmetal
|-supereffective|p2a: Melmetal
|-damage|p2a: Melmetal|0 fnt
|faint|p2a: Melmetal
|
|upkeep
|
|t:|1661464020
|switch|p2a: Dragapult|Dragapult, M, shiny|100/100
|-damage|p2a: Dragapult|88/100|[from] Stealth Rock
|turn|17
|
|t:|1661464024
|move|p1a: Volcarona|Bug Buzz|p2a: Dragapult
|-resisted|p2a: Dragapult
|-damage|p2a: Dragapult|0 fnt
|faint|p2a: Dragapult
|
|upkeep
|l| tapu moxo
|l|+Sun
|-message|kinetic chain forfeited.
|
|win|lt94je bj
|raw|lt94je bj's rating: 1766 &rarr; <strong>1791</strong><br />(+25 for winning)
|raw|kinetic chain's rating: 1854 &rarr; <strong>1829</strong><br />(-25 for losing)
|j| C je fu t th tu
