|j|☆Ferrothornail草钢甲
|j|☆Gotham Paladin
|t:|1662953538
|gametype|singles
|player|p1|Ferrothornail草钢甲|lillie|1835
|player|p2|Gotham Paladin|oak-gen1rb|1814
|teamsize|p1|6
|teamsize|p2|6
|gen|8
|tier|[Gen 8] OU
|rated|
|rule|Sleep Clause Mod: Limit one foe put to sleep
|rule|Species Clause: Limit one of each Pokémon
|rule|OHKO Clause: OHKO moves are banned
|rule|Evasion Items Clause: Evasion items are banned
|rule|Evasion Moves Clause: Evasion moves are banned
|rule|Endless Battle Clause: Forcing endless battles is banned
|rule|HP Percentage Mod: HP is shown in percentages
|rule|Dynamax Clause: You cannot dynamax
|clearpoke
|poke|p1|Hatterene, F|
|poke|p1|Porygon2|
|poke|p1|Cresselia, F|
|poke|p1|Marowak-Alola, M|
|poke|p1|Crawdaunt, M|
|poke|p1|Melmetal|
|poke|p2|Hippowdon, M|
|poke|p2|Dracozolt|
|poke|p2|Ferrothorn, F|
|poke|p2|Zapdos|
|poke|p2|Heatran, M|
|poke|p2|Buzzwole|
|teampreview
|
|t:|1662953549
|start
|switch|p1a: Hatterene|Hatterene, F|100/100
|switch|p2a: Garfield Lynns|Heatran, M|100/100
|turn|1
|
|t:|1662953552
|move|p2a: Garfield Lynns|Magma Storm|p1a: Hatterene|[miss]
|-miss|p2a: Garfield Lynns|p1a: Hatterene
|move|p1a: Hatterene|Trick Room|p1a: Hatterene
|-fieldstart|move: Trick Room|[of] p1a: Hatterene
|
|upkeep
|turn|2
|
|t:|1662953556
|move|p1a: Hatterene|Psychic|p2a: Garfield Lynns
|-resisted|p2a: Garfield Lynns
|-damage|p2a: Garfield Lynns|74/100
|move|p2a: Garfield Lynns|Magma Storm|p1a: Hatterene
|-damage|p1a: Hatterene|47/100
|-activate|p1a: Hatterene|move: Magma Storm|[of] p2a: Garfield Lynns
|
|-damage|p1a: Hatterene|34/100|[from] move: Magma Storm|[partiallytrapped]
|upkeep
|turn|3
|
|t:|1662953561
|move|p1a: Hatterene|Psychic|p2a: Garfield Lynns
|-resisted|p2a: Garfield Lynns
|-damage|p2a: Garfield Lynns|50/100
|move|p2a: Garfield Lynns|Earth Power|p1a: Hatterene
|-damage|p1a: Hatterene|3/100
|-unboost|p1a: Hatterene|spd|1
|
|-damage|p1a: Hatterene|0 fnt|[from] move: Magma Storm|[partiallytrapped]
|faint|p1a: Hatterene
|upkeep
|
|t:|1662953564
|switch|p1a: Crawdaunt|Crawdaunt, M|100/100
|turn|4
|
|t:|1662953572
|move|p1a: Crawdaunt|Knock Off|p2a: Garfield Lynns
|-damage|p2a: Garfield Lynns|0 fnt
|-enditem|p2a: Garfield Lynns|Power Herb|[from] move: Knock Off|[of] p1a: Crawdaunt
|faint|p2a: Garfield Lynns
|-damage|p1a: Crawdaunt|90/100|[from] item: Life Orb
|
|upkeep
|
|t:|1662953575
|switch|p2a: Bane|Buzzwole|100/100
|turn|5
|
|t:|1662953578
|switch|p1a: Marowak|Marowak-Alola, M|100/100
|move|p2a: Bane|Close Combat|p1a: Marowak
|-immune|p1a: Marowak
|
|-fieldend|move: Trick Room
|upkeep
|turn|6
|
|t:|1662953584
|switch|p2a: Lester Buchinsky|Dracozolt|100/100
|move|p1a: Marowak|Flare Blitz|p2a: Lester Buchinsky
|-resisted|p2a: Lester Buchinsky
|-damage|p2a: Lester Buchinsky|44/100
|
|-heal|p2a: Lester Buchinsky|50/100|[from] item: Leftovers
|upkeep
|turn|7
|
|t:|1662953591
|move|p2a: Lester Buchinsky|Bolt Beak|p1a: Marowak
|-damage|p1a: Marowak|26/100
|move|p1a: Marowak|Flare Blitz|p2a: Lester Buchinsky
|-resisted|p2a: Lester Buchinsky
|-damage|p2a: Lester Buchinsky|0 fnt
|faint|p2a: Lester Buchinsky
|
|upkeep
|
|t:|1662953597
|switch|p2a: Bane|Buzzwole|100/100
|turn|8
|
|t:|1662953601
|switch|p1a: Cresselia|Cresselia, F|100/100
|move|p2a: Bane|Earthquake|p1a: Cresselia
|-immune|p1a: Cresselia|[from] ability: Levitate
|
|upkeep
|turn|9
|
|t:|1662953603
|move|p2a: Bane|Ice Punch|p1a: Cresselia
|-damage|p1a: Cresselia|89/100
|move|p1a: Cresselia|Trick Room|p1a: Cresselia
|-fieldstart|move: Trick Room|[of] p1a: Cresselia
|
|upkeep
|turn|10
|
|t:|1662953605
|switch|p1a: Marowak|Marowak-Alola, M|26/100
|move|p2a: Bane|Ice Punch|p1a: Marowak
|-resisted|p1a: Marowak
|-damage|p1a: Marowak|15/100
|
|upkeep
|turn|11
|
|t:|1662953609
|switch|p2a: Waylon Jones|Hippowdon, M|100/100
|-weather|Sandstorm|[from] ability: Sand Stream|[of] p2a: Waylon Jones
|move|p1a: Marowak|Flare Blitz|p2a: Waylon Jones
|-damage|p2a: Waylon Jones|33/100
|-status|p2a: Waylon Jones|brn
|
|-weather|Sandstorm|[upkeep]
|-damage|p1a: Marowak|9/100|[from] Sandstorm
|-heal|p2a: Waylon Jones|40/100 brn|[from] item: Leftovers
|-damage|p2a: Waylon Jones|33/100 brn|[from] brn
|upkeep
|turn|12
|
|t:|1662953630
|switch|p2a: Pamela Isley|Ferrothorn, F|100/100
|move|p1a: Marowak|Flare Blitz|p2a: Pamela Isley
|-supereffective|p2a: Pamela Isley
|-damage|p2a: Pamela Isley|0 fnt
|-damage|p1a: Marowak|0 fnt|[from] ability: Iron Barbs|[of] p2a: Pamela Isley
|faint|p2a: Pamela Isley
|faint|p1a: Marowak
|
|-weather|Sandstorm|[upkeep]
|upkeep
|
|t:|1662953637
|switch|p2a: Bane|Buzzwole|100/100
|switch|p1a: Melmetal|Melmetal|100/100
|turn|13
|
|t:|1662953641
|move|p1a: Melmetal|Double Iron Bash|p2a: Bane
|-damage|p2a: Bane|66/100
|-damage|p1a: Melmetal|84/100|[from] item: Rocky Helmet|[of] p2a: Bane
|-damage|p2a: Bane|30/100
|-damage|p1a: Melmetal|67/100|[from] item: Rocky Helmet|[of] p2a: Bane
|-hitcount|p2a: Bane|2
|cant|p2a: Bane|flinch
|
|-weather|Sandstorm|[upkeep]
|-damage|p2a: Bane|24/100|[from] Sandstorm
|-fieldend|move: Trick Room
|upkeep
|turn|14
|
|t:|1662953649
|switch|p1a: Cresselia|Cresselia, F|89/100
|move|p2a: Bane|Roost|p2a: Bane
|-heal|p2a: Bane|74/100
|-singleturn|p2a: Bane|move: Roost
|
|-weather|Sandstorm|[upkeep]
|-damage|p2a: Bane|68/100|[from] Sandstorm
|-damage|p1a: Cresselia|83/100|[from] Sandstorm
|upkeep
|turn|15
|
|t:|1662953653
|move|p2a: Bane|Ice Punch|p1a: Cresselia
|-damage|p1a: Cresselia|73/100
|move|p1a: Cresselia|Trick Room|p1a: Cresselia
|-fieldstart|move: Trick Room|[of] p1a: Cresselia
|
|-weather|none
|upkeep
|turn|16
|
|t:|1662953657
|switch|p1a: Melmetal|Melmetal|67/100
|move|p2a: Bane|Roost|p2a: Bane
|-heal|p2a: Bane|100/100
|-singleturn|p2a: Bane|move: Roost
|
|upkeep
|turn|17
|
|t:|1662953662
|move|p1a: Melmetal|Double Iron Bash|p2a: Bane
|-damage|p2a: Bane|64/100
|-damage|p1a: Melmetal|50/100|[from] item: Rocky Helmet|[of] p2a: Bane
|-damage|p2a: Bane|30/100
|-damage|p1a: Melmetal|34/100|[from] item: Rocky Helmet|[of] p2a: Bane
|-hitcount|p2a: Bane|2
|cant|p2a: Bane|flinch
|
|upkeep
|turn|18
|j| Bowensonfire
|
|t:|1662953671
|switch|p2a: Waylon Jones|Hippowdon, M|33/100 brn
|-weather|Sandstorm|[from] ability: Sand Stream|[of] p2a: Waylon Jones
|move|p1a: Melmetal|Double Iron Bash|p2a: Waylon Jones
|-damage|p2a: Waylon Jones|0 fnt
|faint|p2a: Waylon Jones
|-hitcount|p2: Waylon Jones|1
|
|-weather|Sandstorm|[upkeep]
|upkeep
|
|t:|1662953672
|switch|p2a: Kirk Langstrom|Zapdos|100/100
|turn|19
|
|t:|1662953675
|move|p1a: Melmetal|Double Iron Bash|p2a: Kirk Langstrom
|-resisted|p2a: Kirk Langstrom
|-damage|p2a: Kirk Langstrom|62/100
|-resisted|p2a: Kirk Langstrom
|-damage|p2a: Kirk Langstrom|20/100
|-hitcount|p2a: Kirk Langstrom|2
|cant|p2a: Kirk Langstrom|flinch
|
|-weather|Sandstorm|[upkeep]
|-damage|p2a: Kirk Langstrom|14/100|[from] Sandstorm
|-fieldend|move: Trick Room
|upkeep
|turn|20
|
|t:|1662953678
|move|p2a: Kirk Langstrom|Roost|p2a: Kirk Langstrom
|-heal|p2a: Kirk Langstrom|64/100
|-singleturn|p2a: Kirk Langstrom|move: Roost
|move|p1a: Melmetal|Double Iron Bash|p2a: Kirk Langstrom
|-resisted|p2a: Kirk Langstrom
|-damage|p2a: Kirk Langstrom|21/100
|-status|p1a: Melmetal|par|[from] ability: Static|[of] p2a: Kirk Langstrom
|-resisted|p2a: Kirk Langstrom
|-damage|p2a: Kirk Langstrom|0 fnt
|faint|p2a: Kirk Langstrom
|-hitcount|p2: Kirk Langstrom|2
|
|-weather|Sandstorm|[upkeep]
|upkeep
|
|t:|1662953680
|switch|p2a: Bane|Buzzwole|30/100
|turn|21
|
|t:|1662953682
|switch|p1a: Cresselia|Cresselia, F|73/100
|move|p2a: Bane|Roost|p2a: Bane
|-heal|p2a: Bane|80/100
|-singleturn|p2a: Bane|move: Roost
|
|-weather|Sandstorm|[upkeep]
|-damage|p2a: Bane|74/100|[from] Sandstorm
|-damage|p1a: Cresselia|66/100|[from] Sandstorm
|upkeep
|turn|22
|
|t:|1662953685
|move|p2a: Bane|Ice Punch|p1a: Cresselia
|-damage|p1a: Cresselia|54/100
|move|p1a: Cresselia|Trick Room|p1a: Cresselia
|-fieldstart|move: Trick Room|[of] p1a: Cresselia
|
|-weather|none
|upkeep
|turn|23
|
|t:|1662953686
|move|p1a: Cresselia|Lunar Dance|p1a: Cresselia
|faint|p1a: Cresselia
|move|p2a: Bane|Roost|p2a: Bane
|-heal|p2a: Bane|100/100
|-singleturn|p2a: Bane|move: Roost
|
|upkeep
|
|t:|1662953688
|switch|p1a: Melmetal|Melmetal|34/100 par
|-heal|p1a: Melmetal|100/100|[from] move: Lunar Dance
|turn|24
|
|t:|1662953695
|move|p1a: Melmetal|Double Iron Bash|p2a: Bane
|-damage|p2a: Bane|62/100
|-damage|p1a: Melmetal|84/100|[from] item: Rocky Helmet|[of] p2a: Bane
|-damage|p2a: Bane|25/100
|-damage|p1a: Melmetal|67/100|[from] item: Rocky Helmet|[of] p2a: Bane
|-hitcount|p2a: Bane|2
|cant|p2a: Bane|flinch
|
|upkeep
|turn|25
|-message|Gotham Paladin forfeited.
|
|win|Ferrothornail草钢甲
|raw|Ferrothornail草钢甲's rating: 1835 &rarr; <strong>1854</strong><br />(+19 for winning)
|raw|Gotham Paladin's rating: 1814 &rarr; <strong>1795</strong><br />(-19 for losing)
|l|☆Gotham Paladin
|j| xing-ggggg
|j| sleepdrawirnig
|j| tryut
||Ladder isn't responding, score probably updated but might not have (Request timeout).
