|j|☆mickey m
|j|☆splippbot
|t:|1604675264
|player|p1|mickey m|hilbert-dueldisk|1311
|player|p2|splippbot|170|1274
|teamsize|p1|6
|teamsize|p2|6
|gametype|singles
|gen|8
|tier|[Gen 8] OU
|rated|
|clearpoke
|poke|p1|Rillaboom, F|
|poke|p1|Moltres-Galar|
|poke|p1|Dragonite, M|
|poke|p1|Cinderace, F|
|poke|p1|Pheromosa|
|poke|p1|Blaziken, F|
|poke|p2|Magearna|
|poke|p2|Rillaboom, M|
|poke|p2|Swampert, M|
|poke|p2|Tornadus-Therian, M|
|poke|p2|Dragapult, F|
|poke|p2|Buzzwole|
|rule|Sleep Clause Mod: Limit one foe put to sleep
|rule|Species Clause: Limit one of each Pokémon
|rule|OHKO Clause: OHKO moves are banned
|rule|Evasion Moves Clause: Evasion moves are banned
|rule|Endless Battle Clause: Forcing endless battles is banned
|rule|HP Percentage Mod: HP is shown in percentages
|rule|Dynamax Clause: You cannot dynamax
|teampreview
|inactive|Battle timer is ON: inactive players will automatically lose when time's up. (requested by splippbot)
|
|t:|1604675277
|start
|switch|p1a: Cinderace|Cinderace, F|100/100
|switch|p2a: Dragapult|Dragapult, F|100/100
|turn|1
|
|t:|1604675284
|switch|p2a: Tornadus|Tornadus-Therian, M|100/100
|move|p1a: Cinderace|Bulk Up|p1a: Cinderace
|-start|p1a: Cinderace|typechange|Fighting|[from] ability: Libero
|-boost|p1a: Cinderace|atk|1
|-boost|p1a: Cinderace|def|1
|
|upkeep
|turn|2
|
|t:|1604675292
|move|p2a: Tornadus|Hurricane|p1a: Cinderace
|-supereffective|p1a: Cinderace
|-damage|p1a: Cinderace|0 fnt
|faint|p1a: Cinderace
|
|upkeep
|
|t:|1604675299
|switch|p1a: Pheromosa|Pheromosa|100/100
|turn|3
|
|t:|1604675305
|switch|p2a: Buzzwole|Buzzwole|100/100
|move|p1a: Pheromosa|Quiver Dance|p1a: Pheromosa
|-boost|p1a: Pheromosa|spa|1
|-boost|p1a: Pheromosa|spd|1
|-boost|p1a: Pheromosa|spe|1
|
|upkeep
|turn|4
|
|t:|1604675318
|move|p1a: Pheromosa|Ice Beam|p2a: Buzzwole
|-damage|p2a: Buzzwole|24/100
|move|p2a: Buzzwole|Ice Punch|p1a: Pheromosa
|-damage|p1a: Pheromosa|37/100
|
|-heal|p2a: Buzzwole|30/100|[from] item: Leftovers
|upkeep
|turn|5
|
|t:|1604675327
|switch|p2a: Swampert|Swampert, M|100/100
|move|p1a: Pheromosa|Ice Beam|p2a: Swampert
|-damage|p2a: Swampert|65/100
|
|-heal|p2a: Swampert|71/100|[from] item: Leftovers
|upkeep
|turn|6
|
|t:|1604675334
|move|p1a: Pheromosa|Focus Blast|p2a: Swampert
|-damage|p2a: Swampert|3/100
|move|p2a: Swampert|Earthquake|p1a: Pheromosa
|-resisted|p1a: Pheromosa
|-damage|p1a: Pheromosa|0 fnt
|faint|p1a: Pheromosa
|
|-heal|p2a: Swampert|10/100|[from] item: Leftovers
|upkeep
|
|t:|1604675343
|switch|p1a: Rillaboom|Rillaboom, F|100/100
|-fieldstart|move: Grassy Terrain|[from] ability: Grassy Surge|[of] p1a: Rillaboom
|-enditem|p1a: Rillaboom|Grassy Seed
|-boost|p1a: Rillaboom|def|1|[from] item: Grassy Seed
|turn|7
|
|t:|1604675349
|switch|p2a: Tornadus|Tornadus-Therian, M|100/100
|move|p1a: Rillaboom|Swords Dance|p1a: Rillaboom
|-boost|p1a: Rillaboom|atk|2
|
|upkeep
|turn|8
|
|t:|1604675356
|move|p2a: Tornadus|Hurricane|p1a: Rillaboom
|-supereffective|p1a: Rillaboom
|-damage|p1a: Rillaboom|0 fnt
|faint|p1a: Rillaboom
|
|upkeep
|
|t:|1604675362
|switch|p1a: Dragonite|Dragonite, M|100/100
|turn|9
|
|t:|1604675365
|move|p2a: Tornadus|Hurricane|p1a: Dragonite|[miss]
|-miss|p2a: Tornadus|p1a: Dragonite
|move|p1a: Dragonite|Dragon Dance|p1a: Dragonite
|-boost|p1a: Dragonite|atk|1
|-boost|p1a: Dragonite|spe|1
|
|upkeep
|turn|10
|
|t:|1604675371
|switch|p2a: Buzzwole|Buzzwole|30/100
|move|p1a: Dragonite|Dragon Dance|p1a: Dragonite
|-boost|p1a: Dragonite|atk|1
|-boost|p1a: Dragonite|spe|1
|
|-heal|p2a: Buzzwole|37/100|[from] item: Leftovers
|-heal|p2a: Buzzwole|43/100|[from] Grassy Terrain
|upkeep
|turn|11
|
|t:|1604675381
|switch|p2a: Swampert|Swampert, M|10/100
|move|p1a: Dragonite|Dragon Claw|p2a: Swampert
|-damage|p2a: Swampert|0 fnt
|faint|p2a: Swampert
|
|-fieldend|move: Grassy Terrain
|upkeep
|
|t:|1604675381
|switch|p2a: Rillaboom|Rillaboom, M|100/100
|-fieldstart|move: Grassy Terrain|[from] ability: Grassy Surge|[of] p2a: Rillaboom
|turn|12
|
|t:|1604675391
|switch|p2a: Buzzwole|Buzzwole|43/100
|move|p1a: Dragonite|Dragon Dance|p1a: Dragonite
|-boost|p1a: Dragonite|atk|1
|-boost|p1a: Dragonite|spe|1
|
|-heal|p2a: Buzzwole|49/100|[from] item: Leftovers
|-heal|p2a: Buzzwole|55/100|[from] Grassy Terrain
|upkeep
|turn|13
|
|t:|1604675399
|move|p1a: Dragonite|Dragon Claw|p2a: Buzzwole
|-damage|p2a: Buzzwole|0 fnt
|faint|p2a: Buzzwole
|
|upkeep
|
|t:|1604675399
|switch|p2a: Magearna|Magearna|100/100
|turn|14
|
|t:|1604675405
|move|p1a: Dragonite|Earthquake|p2a: Magearna
|-supereffective|p2a: Magearna
|-damage|p2a: Magearna|7/100
|move|p2a: Magearna|Ice Beam|p1a: Dragonite
|-supereffective|p1a: Dragonite
|-damage|p1a: Dragonite|32/100
|-enditem|p1a: Dragonite|Weakness Policy
|-boost|p1a: Dragonite|atk|2|[from] item: Weakness Policy
|-boost|p1a: Dragonite|spa|2|[from] item: Weakness Policy
|
|-heal|p2a: Magearna|13/100|[from] item: Leftovers
|-heal|p2a: Magearna|19/100|[from] Grassy Terrain
|upkeep
|turn|15
|
|t:|1604675416
|move|p1a: Dragonite|Earthquake|p2a: Magearna
|-supereffective|p2a: Magearna
|-damage|p2a: Magearna|0 fnt
|faint|p2a: Magearna
|
|upkeep
|
|t:|1604675416
|switch|p2a: Dragapult|Dragapult, F|100/100
|turn|16
|
|t:|1604675424
|move|p1a: Dragonite|Dragon Claw|p2a: Dragapult
|-supereffective|p2a: Dragapult
|-damage|p2a: Dragapult|0 fnt
|faint|p2a: Dragapult
|
|-fieldend|move: Grassy Terrain
|upkeep
|
|t:|1604675424
|switch|p2a: Tornadus|Tornadus-Therian, M|100/100
|turn|17
|
|t:|1604675432
|move|p1a: Dragonite|Dragon Claw|p2a: Tornadus
|-damage|p2a: Tornadus|0 fnt
|faint|p2a: Tornadus
|
|upkeep
|
|t:|1604675432
|switch|p2a: Rillaboom|Rillaboom, M|100/100
|-fieldstart|move: Grassy Terrain|[from] ability: Grassy Surge|[of] p2a: Rillaboom
|turn|18
|
|t:|1604675440
|move|p2a: Rillaboom|Grassy Glide|p1a: Dragonite
|-resisted|p1a: Dragonite
|-damage|p1a: Dragonite|12/100
|move|p1a: Dragonite|Dragon Claw|p2a: Rillaboom
|-damage|p2a: Rillaboom|0 fnt
|faint|p2a: Rillaboom
|
|win|mickey m
