|raw|<div class="broadcast-blue"><strong>This battle is required to be public due to a player having a name starting with 'lt93oq'.</div>
|j|☆Mimikyu Stardust
|j|☆LT93OQ ouille
|t:|1660907171
|gametype|singles
|player|p1|Mimikyu Stardust|#mimikyustardust|1854
|player|p2|LT93OQ ouille|fisherman-gen4|1790
|teamsize|p1|6
|teamsize|p2|6
|gen|8
|tier|[Gen 8] OU
|rated|
|rule|Sleep Clause Mod: Limit one foe put to sleep
|rule|Species Clause: Limit one of each Pokémon
|rule|OHKO Clause: OHKO moves are banned
|rule|Evasion Items Clause: Evasion items are banned
|rule|Evasion Moves Clause: Evasion moves are banned
|rule|Endless Battle Clause: Forcing endless battles is banned
|rule|HP Percentage Mod: HP is shown in percentages
|rule|Dynamax Clause: You cannot dynamax
|clearpoke
|poke|p1|Mew|
|poke|p1|Blacephalon|
|poke|p1|Kartana|
|poke|p1|Crawdaunt, M|
|poke|p1|Weavile, F|
|poke|p1|Gengar, F|
|poke|p2|Ninetales-Alola, M|
|poke|p2|Arctozolt|
|poke|p2|Volcanion|
|poke|p2|Landorus-Therian, M|
|poke|p2|Tornadus-Therian, M|
|poke|p2|Corviknight, F|
|teampreview
|j| wisg
|
|t:|1660907187
|start
|switch|p1a: Mew|Mew|100/100
|switch|p2a: Landorus|Landorus-Therian, M|100/100
|-ability|p2a: Landorus|Intimidate|boost
|-unboost|p1a: Mew|atk|1
|turn|1
|j| quiverdancecascoon
|
|t:|1660907208
|move|p1a: Mew|Stealth Rock|p2a: Landorus
|-sidestart|p2: LT93OQ ouille|move: Stealth Rock
|move|p2a: Landorus|U-turn|p1a: Mew
|-supereffective|p1a: Mew
|-damage|p1a: Mew|54/100
|j| rydeen ride
|
|t:|1660907223
|switch|p2a: Corviknight|Corviknight, F|100/100|[from]move: U-turn
|-damage|p2a: Corviknight|88/100|[from] Stealth Rock
|
|upkeep
|turn|2
|j| chenfenye2
|l| wisg
|
|t:|1660907238
|move|p1a: Mew|Explosion|p2a: Corviknight
|-resisted|p2a: Corviknight
|-damage|p2a: Corviknight|73/100
|faint|p1a: Mew
|move|p2a: Corviknight|U-turn|p1: Mew|[notarget]
|-fail|p2a: Corviknight
|
|upkeep
|
|t:|1660907245
|switch|p1a: Blacephalon|Blacephalon|100/100
|turn|3
|
|t:|1660907255
|switch|p2a: Tornadus|Tornadus-Therian, M|100/100
|-damage|p2a: Tornadus|76/100|[from] Stealth Rock
|move|p1a: Blacephalon|Flamethrower|p2a: Tornadus
|-damage|p2a: Tornadus|29/100
|
|upkeep
|turn|4
|
|t:|1660907264
|move|p2a: Tornadus|U-turn|p1a: Blacephalon
|-resisted|p1a: Blacephalon
|-damage|p1a: Blacephalon|93/100
|j| impromptubossbatle
|
|t:|1660907268
|switch|p2a: Volcanion|Volcanion|100/100|[from]move: U-turn
|-damage|p2a: Volcanion|76/100|[from] Stealth Rock
|move|p1a: Blacephalon|Flamethrower|p2a: Volcanion
|-resisted|p2a: Volcanion
|-damage|p2a: Volcanion|50/100
|
|upkeep
|turn|5
|
|t:|1660907290
|switch|p1a: Crawdaunt|Crawdaunt, M|100/100
|move|p2a: Volcanion|Earth Power|p1a: Crawdaunt
|-damage|p1a: Crawdaunt|0 fnt
|faint|p1a: Crawdaunt
|
|upkeep
|
|t:|1660907304
|switch|p1a: Blacephalon|Blacephalon|93/100
|turn|6
|
|t:|1660907322
|move|p1a: Blacephalon|Shadow Ball|p2a: Volcanion
|-crit|p2a: Volcanion
|-damage|p2a: Volcanion|0 fnt
|faint|p2a: Volcanion
|-ability|p1a: Blacephalon|Beast Boost|boost
|-boost|p1a: Blacephalon|spa|1
|
|upkeep
|
|t:|1660907329
|switch|p2a: Tornadus|Tornadus-Therian, M|62/100
|-damage|p2a: Tornadus|37/100|[from] Stealth Rock
|turn|7
|
|t:|1660907344
|move|p2a: Tornadus|Knock Off|p1a: Blacephalon
|-supereffective|p1a: Blacephalon
|-damage|p1a: Blacephalon|6/100
|-enditem|p1a: Blacephalon|Choice Specs|[from] move: Knock Off|[of] p2a: Tornadus
|move|p1a: Blacephalon|Shadow Ball|p2a: Tornadus
|-damage|p2a: Tornadus|0 fnt
|faint|p2a: Tornadus
|-ability|p1a: Blacephalon|Beast Boost|boost
|-boost|p1a: Blacephalon|spa|1
|
|upkeep
|
|t:|1660907352
|switch|p2a: Ninetales|Ninetales-Alola, M|100/100
|-damage|p2a: Ninetales|76/100|[from] Stealth Rock
|-weather|Hail|[from] ability: Snow Warning|[of] p2a: Ninetales
|turn|8
|
|t:|1660907364
|switch|p2a: Landorus|Landorus-Therian, M|100/100
|-damage|p2a: Landorus|88/100|[from] Stealth Rock
|-ability|p2a: Landorus|Intimidate|boost
|-unboost|p1a: Blacephalon|atk|1
|switch|p1a: Gengar|Gengar, F|100/100
|
|-weather|Hail|[upkeep]
|-damage|p1a: Gengar|94/100|[from] Hail
|-damage|p2a: Landorus|82/100|[from] Hail
|upkeep
|turn|9
|
|t:|1660907371
|switch|p1a: Weavile|Weavile, F|100/100
|-ability|p1a: Weavile|Pressure
|move|p2a: Landorus|Earthquake|p1a: Weavile
|-damage|p1a: Weavile|25/100
|
|-weather|Hail|[upkeep]
|-damage|p2a: Landorus|76/100|[from] Hail
|upkeep
|turn|10
|
|t:|1660907397
|move|p1a: Weavile|Knock Off|p2a: Landorus
|-damage|p2a: Landorus|19/100
|-enditem|p2a: Landorus|Eject Button|[from] move: Knock Off|[of] p1a: Weavile
|-damage|p1a: Weavile|15/100|[from] item: Life Orb
|move|p2a: Landorus|U-turn|p1a: Weavile
|-supereffective|p1a: Weavile
|-damage|p1a: Weavile|0 fnt
|faint|p1a: Weavile
|
|t:|1660907404
|switch|p2a: Arctozolt|Arctozolt|100/100|[from]move: U-turn
|-damage|p2a: Arctozolt|76/100|[from] Stealth Rock
|
|-weather|Hail|[upkeep]
|-heal|p2a: Arctozolt|82/100|[from] item: Leftovers
|upkeep
|
|t:|1660907411
|switch|p1a: Gengar|Gengar, F|94/100
|turn|11
|
|t:|1660907421
|move|p1a: Gengar|Focus Blast|p2a: Arctozolt
|-supereffective|p2a: Arctozolt
|-damage|p2a: Arctozolt|0 fnt
|faint|p2a: Arctozolt
|
|-weather|Hail|[upkeep]
|-damage|p1a: Gengar|88/100|[from] Hail
|upkeep
|
|t:|1660907429
|switch|p2a: Corviknight|Corviknight, F|73/100
|-damage|p2a: Corviknight|60/100|[from] Stealth Rock
|turn|12
|
|t:|1660907441
|switch|p1a: Kartana|Kartana|100/100
|move|p2a: Corviknight|Roost|p2a: Corviknight
|-heal|p2a: Corviknight|100/100
|-singleturn|p2a: Corviknight|move: Roost
|
|-weather|Hail|[upkeep]
|-damage|p1a: Kartana|94/100|[from] Hail
|-damage|p2a: Corviknight|94/100|[from] Hail
|upkeep
|turn|13
|
|t:|1660907450
|move|p1a: Kartana|Swords Dance|p1a: Kartana
|-boost|p1a: Kartana|atk|2
|move|p2a: Corviknight|Body Press|p1a: Kartana
|-supereffective|p1a: Kartana
|-damage|p1a: Kartana|40/100
|
|-weather|Hail|[upkeep]
|-damage|p1a: Kartana|34/100|[from] Hail
|-damage|p2a: Corviknight|88/100|[from] Hail
|upkeep
|turn|14
|
|t:|1660907466
|move|p1a: Kartana|Knock Off|p2a: Corviknight
|-damage|p2a: Corviknight|18/100
|-damage|p1a: Kartana|17/100|[from] item: Rocky Helmet|[of] p2a: Corviknight
|-enditem|p2a: Corviknight|Rocky Helmet|[from] move: Knock Off|[of] p1a: Kartana
|-damage|p1a: Kartana|8/100|[from] item: Life Orb
|move|p2a: Corviknight|Body Press|p1a: Kartana
|-supereffective|p1a: Kartana
|-damage|p1a: Kartana|0 fnt
|faint|p1a: Kartana
|
|-weather|Hail|[upkeep]
|-damage|p2a: Corviknight|12/100|[from] Hail
|upkeep
|j| Vader96
|l| Vader96
|
|t:|1660907493
|switch|p1a: Gengar|Gengar, F|88/100
|turn|15
|
|t:|1660907543
|move|p1a: Gengar|Shadow Ball|p2a: Corviknight
|-damage|p2a: Corviknight|0 fnt
|faint|p2a: Corviknight
|
|-weather|none
|upkeep
|
|t:|1660907547
|switch|p2a: Ninetales|Ninetales-Alola, M|76/100
|-damage|p2a: Ninetales|51/100|[from] Stealth Rock
|-weather|Hail|[from] ability: Snow Warning|[of] p2a: Ninetales
|turn|16
|inactive|Battle timer is ON: inactive players will automatically lose when time's up. (requested by Mimikyu Stardust)
|
|t:|1660907552
|move|p1a: Gengar|Shadow Ball|p2a: Ninetales
|-damage|p2a: Ninetales|11/100
|move|p2a: Ninetales|Aurora Veil|p2a: Ninetales
|-sidestart|p2: LT93OQ ouille|move: Aurora Veil
|
|-weather|Hail|[upkeep]
|-damage|p1a: Gengar|82/100|[from] Hail
|upkeep
|turn|17
|-message|LT93OQ ouille forfeited.
|
|win|Mimikyu Stardust
|raw|Mimikyu Stardust's rating: 1854 &rarr; <strong>1870</strong><br />(+16 for winning)
|raw|LT93OQ ouille's rating: 1790 &rarr; <strong>1774</strong><br />(-16 for losing)
|l|☆LT93OQ ouille
