|j|☆1owercase
|j|☆Kikoobuster
|t:|1665222935
|gametype|singles
|player|p1|1owercase|flannery|1792
|player|p2|Kikoobuster|170|1719
|teamsize|p1|6
|teamsize|p2|6
|gen|8
|tier|[Gen 8] OU
|rated|
|rule|Sleep Clause Mod: Limit one foe put to sleep
|rule|Species Clause: Limit one of each Pokémon
|rule|OHKO Clause: OHKO moves are banned
|rule|Evasion Items Clause: Evasion items are banned
|rule|Evasion Moves Clause: Evasion moves are banned
|rule|Endless Battle Clause: Forcing endless battles is banned
|rule|HP Percentage Mod: HP is shown in percentages
|rule|Dynamax Clause: You cannot dynamax
|clearpoke
|poke|p1|Latios, M|
|poke|p1|Buzzwole|
|poke|p1|Politoed, M|
|poke|p1|Landorus-Therian, M|
|poke|p1|Ferrothorn, M|
|poke|p1|Kabutops, F|
|poke|p2|Lycanroc-Dusk, M|
|poke|p2|Excadrill, F|
|poke|p2|Hawlucha, M|
|poke|p2|Azumarill, M|
|poke|p2|Zeraora|
|poke|p2|Rillaboom, M|
|teampreview
|inactive|Battle timer is ON: inactive players will automatically lose when time's up. (requested by 1owercase)
|inactive|Kikoobuster also wants the timer to be on.
|j|+Dragonillis
|
|t:|1665222952
|start
|switch|p1a: SusCanada|Landorus-Therian, M, shiny|100/100
|switch|p2a: Lycanroc|Lycanroc-Dusk, M|100/100
|-ability|p1a: SusCanada|Intimidate|boost
|-unboost|p2a: Lycanroc|atk|1
|turn|1
|
|t:|1665222957
|move|p2a: Lycanroc|Stealth Rock|p1a: SusCanada
|-sidestart|p1: 1owercase|move: Stealth Rock
|move|p1a: SusCanada|U-turn|p2a: Lycanroc
|-damage|p2a: Lycanroc|56/100
|
|t:|1665222961
|switch|p1a: PinocchioMega|Buzzwole, shiny|100/100|[from]move: U-turn
|
|upkeep
|turn|2
|
|t:|1665222965
|move|p2a: Lycanroc|Endeavor|p1a: PinocchioMega
|-damage|p1a: PinocchioMega|41/100
|move|p1a: PinocchioMega|Drain Punch|p2a: Lycanroc
|-supereffective|p2a: Lycanroc
|-damage|p2a: Lycanroc|0 fnt
|-heal|p1a: PinocchioMega|61/100|[from] drain|[of] p2a: Lycanroc
|faint|p2a: Lycanroc
|-ability|p1a: PinocchioMega|Beast Boost|boost
|-boost|p1a: PinocchioMega|def|1
|
|upkeep
|j| tapu moxo
|
|t:|1665222975
|switch|p2a: Azumarill|Azumarill, M|100/100
|turn|3
|
|t:|1665222985
|switch|p1a: MaxBAdlib|Ferrothorn, M, shiny|100/100
|-damage|p1a: MaxBAdlib|94/100|[from] Stealth Rock
|move|p2a: Azumarill|Belly Drum|p2a: Azumarill
|-damage|p2a: Azumarill|50/100
|-setboost|p2a: Azumarill|atk|6|[from] move: Belly Drum
|-enditem|p2a: Azumarill|Sitrus Berry|[eat]
|-heal|p2a: Azumarill|75/100|[from] item: Sitrus Berry
|
|-heal|p1a: MaxBAdlib|100/100|[from] item: Leftovers
|upkeep
|turn|4
|
|t:|1665222996
|move|p2a: Azumarill|Knock Off|p1a: MaxBAdlib
|-damage|p1a: MaxBAdlib|10/100
|-damage|p2a: Azumarill|63/100|[from] ability: Iron Barbs|[of] p1a: MaxBAdlib
|-enditem|p1a: MaxBAdlib|Leftovers|[from] move: Knock Off|[of] p2a: Azumarill
|move|p1a: MaxBAdlib|Leech Seed|p2a: Azumarill
|-start|p2a: Azumarill|move: Leech Seed
|
|-damage|p2a: Azumarill|51/100|[from] Leech Seed|[of] p1a: MaxBAdlib
|-heal|p1a: MaxBAdlib|22/100|[silent]
|upkeep
|turn|5
|
|t:|1665223014
|move|p2a: Azumarill|Knock Off|p1a: MaxBAdlib
|-damage|p1a: MaxBAdlib|0 fnt
|-damage|p2a: Azumarill|39/100|[from] ability: Iron Barbs|[of] p1a: MaxBAdlib
|faint|p1a: MaxBAdlib
|
|upkeep
|inactive|1owercase has 120 seconds left.
|
|t:|1665223040
|switch|p1a: InTheCut|Latios, M, shiny|100/100
|-damage|p1a: InTheCut|88/100|[from] Stealth Rock
|turn|6
|
|t:|1665223045
|move|p2a: Azumarill|Aqua Jet|p1a: InTheCut
|-resisted|p1a: InTheCut
|-damage|p1a: InTheCut|17/100
|move|p1a: InTheCut|Psychic|p2a: Azumarill
|-damage|p2a: Azumarill|0 fnt
|faint|p2a: Azumarill
|
|upkeep
|
|t:|1665223053
|switch|p2a: Rillaboom|Rillaboom, M|100/100
|-fieldstart|move: Grassy Terrain|[from] ability: Grassy Surge|[of] p2a: Rillaboom
|turn|7
|
|t:|1665223058
|move|p2a: Rillaboom|Grassy Glide|p1a: InTheCut
|-resisted|p1a: InTheCut
|-damage|p1a: InTheCut|0 fnt
|faint|p1a: InTheCut
|
|upkeep
|
|t:|1665223059
|switch|p1a: PinocchioMega|Buzzwole, shiny|61/100
|turn|8
|
|t:|1665223064
|switch|p2a: Zeraora|Zeraora|100/100
|move|p1a: PinocchioMega|Bulk Up|p1a: PinocchioMega
|-boost|p1a: PinocchioMega|atk|1
|-boost|p1a: PinocchioMega|def|1
|
|-heal|p1a: PinocchioMega|67/100|[from] Grassy Terrain
|upkeep
|turn|9
|
|t:|1665223067
|move|p2a: Zeraora|Taunt|p1a: PinocchioMega
|-start|p1a: PinocchioMega|move: Taunt
|cant|p1a: PinocchioMega|move: Taunt|Roost
|
|-heal|p1a: PinocchioMega|73/100|[from] Grassy Terrain
|upkeep
|turn|10
|
|t:|1665223076
|move|p2a: Zeraora|Play Rough|p1a: PinocchioMega|[miss]
|-miss|p2a: Zeraora|p1a: PinocchioMega
|move|p1a: PinocchioMega|Drain Punch|p2a: Zeraora
|-damage|p2a: Zeraora|27/100
|-heal|p1a: PinocchioMega|100/100|[from] drain|[of] p2a: Zeraora
|
|-heal|p2a: Zeraora|33/100|[from] Grassy Terrain
|-heal|p2a: Zeraora|39/100|[from] item: Leftovers
|upkeep
|turn|11
|
|t:|1665223082
|move|p2a: Zeraora|Play Rough|p1a: PinocchioMega|[miss]
|-miss|p2a: Zeraora|p1a: PinocchioMega
|move|p1a: PinocchioMega|Drain Punch|p2a: Zeraora
|-damage|p2a: Zeraora|0 fnt
|faint|p2a: Zeraora
|-ability|p1a: PinocchioMega|Beast Boost|boost
|-boost|p1a: PinocchioMega|def|1
|
|-end|p1a: PinocchioMega|move: Taunt
|-fieldend|move: Grassy Terrain
|upkeep
|
|t:|1665223084
|switch|p2a: Hawlucha|Hawlucha, M|100/100
|turn|12
|
|t:|1665223086
|move|p2a: Hawlucha|Acrobatics|p1a: PinocchioMega
|-supereffective|p1a: PinocchioMega
|-crit|p1a: PinocchioMega
|-damage|p1a: PinocchioMega|19/100
|move|p1a: PinocchioMega|Ice Punch|p2a: Hawlucha
|-supereffective|p2a: Hawlucha
|-damage|p2a: Hawlucha|0 fnt
|faint|p2a: Hawlucha
|-ability|p1a: PinocchioMega|Beast Boost|boost
|-boost|p1a: PinocchioMega|def|1
|
|upkeep
|
|t:|1665223096
|switch|p2a: Excadrill|Excadrill, F, shiny|100/100
|-ability|p2a: Excadrill|Mold Breaker
|turn|13
|
|t:|1665223101
|move|p2a: Excadrill|Iron Head|p1a: PinocchioMega
|-damage|p1a: PinocchioMega|9/100
|move|p1a: PinocchioMega|Roost|p1a: PinocchioMega
|-heal|p1a: PinocchioMega|60/100
|-singleturn|p1a: PinocchioMega|move: Roost
|
|upkeep
|turn|14
|-message|Kikoobuster forfeited.
|
|win|1owercase
|raw|1owercase's rating: 1792 &rarr; <strong>1808</strong><br />(+16 for winning)
|raw|Kikoobuster's rating: 1719 &rarr; <strong>1703</strong><br />(-16 for losing)
|l|☆Kikoobuster
|l|☆1owercase
