|j|☆30 bands
|j|☆big boss 447
|t:|1657607449
|gametype|singles
|player|p1|30 bands|2|1694
|player|p2|big boss 447|harlequin|1668
|teamsize|p1|6
|teamsize|p2|6
|gen|8
|tier|[Gen 8] OU
|rated|
|rule|Sleep Clause Mod: Limit one foe put to sleep
|rule|Species Clause: Limit one of each Pokémon
|rule|OHKO Clause: OHKO moves are banned
|rule|Evasion Moves Clause: Evasion moves are banned
|rule|Endless Battle Clause: Forcing endless battles is banned
|rule|HP Percentage Mod: HP is shown in percentages
|rule|Dynamax Clause: You cannot dynamax
|clearpoke
|poke|p1|Blacephalon|
|poke|p1|Landorus-Therian, M|
|poke|p1|Slowbro, M|
|poke|p1|Kartana|
|poke|p1|Corviknight, M|
|poke|p1|Entei|
|poke|p2|Urshifu-*, F|
|poke|p2|Decidueye, F|
|poke|p2|Victini|
|poke|p2|Landorus-Therian, M|
|poke|p2|Ferrothorn, M|
|poke|p2|Tapu Lele|
|teampreview
|inactive|Battle timer is ON: inactive players will automatically lose when time's up. (requested by big boss 447)
|
|t:|1657607466
|start
|switch|p1a: Blacephalon|Blacephalon|100/100
|switch|p2a: Decidueye|Decidueye, F|100/100
|turn|1
|
|t:|1657607469
|move|p2a: Decidueye|Shadow Sneak|p1a: Blacephalon
|-supereffective|p1a: Blacephalon
|-damage|p1a: Blacephalon|0 fnt
|faint|p1a: Blacephalon
|
|upkeep
|
|t:|1657607472
|switch|p1a: Entei|Entei|100/100
|turn|2
|
|t:|1657607480
|switch|p2a: Victini|Victini|100/100
|move|p1a: Entei|Sacred Fire|p2a: Victini
|-resisted|p2a: Victini
|-damage|p2a: Victini|78/100
|
|upkeep
|turn|3
|
|t:|1657607484
|move|p1a: Entei|Stomping Tantrum|p2a: Victini
|-supereffective|p2a: Victini
|-crit|p2a: Victini
|-damage|p2a: Victini|7/100
|move|p2a: Victini|U-turn|p1a: Entei
|-resisted|p1a: Entei
|-damage|p1a: Entei|89/100
|
|t:|1657607488
|switch|p2a: Urshifu|Urshifu-Rapid-Strike, F|100/100|[from]move: U-turn
|
|upkeep
|turn|4
|
|t:|1657607492
|switch|p1a: Slowbro|Slowbro, M|100/100
|move|p2a: Urshifu|U-turn|p1a: Slowbro
|-supereffective|p1a: Slowbro
|-damage|p1a: Slowbro|71/100
|
|t:|1657607497
|switch|p2a: Decidueye|Decidueye, F|100/100|[from]move: U-turn
|
|upkeep
|turn|5
|
|t:|1657607500
|switch|p1a: Corviknight|Corviknight, M|100/100
|-ability|p1a: Corviknight|Pressure
|move|p2a: Decidueye|Poltergeist|p1a: Corviknight
|-activate|p1a: Corviknight|move: Poltergeist|Leftovers
|-damage|p1a: Corviknight|43/100
|
|-heal|p1a: Corviknight|50/100|[from] item: Leftovers
|upkeep
|turn|6
|
|t:|1657607509
|move|p2a: Decidueye|Poltergeist|p1a: Corviknight
|-activate|p1a: Corviknight|move: Poltergeist|Leftovers
|-damage|p1a: Corviknight|0 fnt
|faint|p1a: Corviknight
|
|upkeep
|
|t:|1657607512
|switch|p1a: Entei|Entei|89/100
|turn|7
|
|t:|1657607518
|switch|p2a: Victini|Victini|7/100
|move|p1a: Entei|Sacred Fire|p2a: Victini
|-resisted|p2a: Victini
|-damage|p2a: Victini|0 fnt
|faint|p2a: Victini
|
|upkeep
|
|t:|1657607521
|switch|p2a: Urshifu|Urshifu-Rapid-Strike, F|100/100
|turn|8
|
|t:|1657607526
|switch|p1a: Slowbro|Slowbro, M|100/100
|move|p2a: Urshifu|Surging Strikes|p1a: Slowbro
|-resisted|p1a: Slowbro
|-crit|p1a: Slowbro
|-damage|p1a: Slowbro|94/100
|-resisted|p1a: Slowbro
|-crit|p1a: Slowbro
|-damage|p1a: Slowbro|88/100
|-resisted|p1a: Slowbro
|-crit|p1a: Slowbro
|-damage|p1a: Slowbro|81/100
|-hitcount|p1a: Slowbro|3
|
|upkeep
|turn|9
|
|t:|1657607530
|move|p2a: Urshifu|U-turn|p1a: Slowbro
|-supereffective|p1a: Slowbro
|-damage|p1a: Slowbro|46/100
|
|t:|1657607531
|switch|p2a: Decidueye|Decidueye, F|100/100|[from]move: U-turn
|move|p1a: Slowbro|Teleport|p1a: Slowbro
|
|t:|1657607534
|switch|p1a: Entei|Entei|89/100|[from]move: Teleport
|
|upkeep
|turn|10
|
|t:|1657607536
|switch|p2a: Urshifu|Urshifu-Rapid-Strike, F|100/100
|move|p1a: Entei|Sacred Fire|p2a: Urshifu
|-resisted|p2a: Urshifu
|-damage|p2a: Urshifu|78/100
|-status|p2a: Urshifu|brn
|
|-damage|p2a: Urshifu|71/100 brn|[from] brn
|upkeep
|turn|11
|
|t:|1657607539
|switch|p1a: Slowbro|Slowbro, M|80/100
|move|p2a: Urshifu|U-turn|p1a: Slowbro
|-supereffective|p1a: Slowbro
|-damage|p1a: Slowbro|64/100
|
|t:|1657607541
|switch|p2a: Decidueye|Decidueye, F|100/100|[from]move: U-turn
|
|upkeep
|turn|12
|
|t:|1657607546
|move|p2a: Decidueye|Poltergeist|p1a: Slowbro
|-activate|p1a: Slowbro|move: Poltergeist|Rocky Helmet
|-supereffective|p1a: Slowbro
|-damage|p1a: Slowbro|0 fnt
|faint|p1a: Slowbro
|
|upkeep
|
|t:|1657607548
|switch|p1a: Kartana|Kartana|100/100
|turn|13
|
|t:|1657607553
|switch|p2a: Ferrothorn|Ferrothorn, M|100/100
|move|p1a: Kartana|Knock Off|p2a: Ferrothorn
|-damage|p2a: Ferrothorn|66/100
|-damage|p1a: Kartana|88/100|[from] ability: Iron Barbs|[of] p2a: Ferrothorn
|-enditem|p2a: Ferrothorn|Leftovers|[from] move: Knock Off|[of] p1a: Kartana
|
|upkeep
|turn|14
|
|t:|1657607561
|switch|p1a: Entei|Entei|89/100
|move|p2a: Ferrothorn|Leech Seed|p1a: Entei
|-start|p1a: Entei|move: Leech Seed
|
|-damage|p1a: Entei|77/100|[from] Leech Seed|[of] p2a: Ferrothorn
|-heal|p2a: Ferrothorn|79/100|[silent]
|upkeep
|turn|15
|
|t:|1657607567
|switch|p2a: Urshifu|Urshifu-Rapid-Strike, F|71/100 brn
|move|p1a: Entei|Flare Blitz|p2a: Urshifu
|-resisted|p2a: Urshifu
|-damage|p2a: Urshifu|44/100 brn
|-damage|p1a: Entei|68/100|[from] Recoil
|
|-damage|p1a: Entei|56/100|[from] Leech Seed|[of] p2a: Urshifu
|-heal|p2a: Urshifu|57/100 brn|[silent]
|-damage|p2a: Urshifu|51/100 brn|[from] brn
|upkeep
|turn|16
|
|t:|1657607570
|switch|p1a: Landorus|Landorus-Therian, M|100/100
|-ability|p1a: Landorus|Intimidate|boost
|-unboost|p2a: Urshifu|atk|1
|move|p2a: Urshifu|Close Combat|p1a: Landorus
|-resisted|p1a: Landorus
|-damage|p1a: Landorus|89/100
|-unboost|p2a: Urshifu|def|1
|-unboost|p2a: Urshifu|spd|1
|
|-heal|p1a: Landorus|95/100|[from] item: Leftovers
|-damage|p2a: Urshifu|45/100 brn|[from] brn
|upkeep
|turn|17
|
|t:|1657607581
|switch|p1a: Entei|Entei|56/100
|move|p2a: Urshifu|Surging Strikes|p1a: Entei
|-supereffective|p1a: Entei
|-crit|p1a: Entei
|-damage|p1a: Entei|35/100
|-supereffective|p1a: Entei
|-crit|p1a: Entei
|-damage|p1a: Entei|10/100
|-supereffective|p1a: Entei
|-crit|p1a: Entei
|-damage|p1a: Entei|0 fnt
|faint|p1a: Entei
|-hitcount|p1: Entei|3
|
|-damage|p2a: Urshifu|39/100 brn|[from] brn
|upkeep
|
|t:|1657607583
|switch|p1a: Kartana|Kartana|88/100
|turn|18
|
|t:|1657607589
|move|p1a: Kartana|Sacred Sword|p2a: Urshifu
|-damage|p2a: Urshifu|0 fnt
|faint|p2a: Urshifu
|-ability|p1a: Kartana|Beast Boost|boost
|-boost|p1a: Kartana|atk|1
|
|upkeep
|
|t:|1657607594
|switch|p2a: Tapu Lele|Tapu Lele|100/100
|-fieldstart|move: Psychic Terrain|[from] ability: Psychic Surge|[of] p2a: Tapu Lele
|turn|19
|
|t:|1657607596
|switch|p1a: Landorus|Landorus-Therian, M|95/100
|-ability|p1a: Landorus|Intimidate|boost
|-unboost|p2a: Tapu Lele|atk|1
|move|p2a: Tapu Lele|Psychic|p1a: Landorus
|-damage|p1a: Landorus|45/100
|
|-heal|p1a: Landorus|51/100|[from] item: Leftovers
|upkeep
|turn|20
|
|t:|1657607608
|switch|p2a: Landorus|Landorus-Therian, M|100/100
|-ability|p2a: Landorus|Intimidate|boost
|-unboost|p1a: Landorus|atk|1
|move|p1a: Landorus|Earthquake|p2a: Landorus
|-immune|p2a: Landorus
|
|-heal|p1a: Landorus|57/100|[from] item: Leftovers
|upkeep
|turn|21
|
|t:|1657607614
|move|p2a: Landorus|Bulk Up|p2a: Landorus
|-boost|p2a: Landorus|atk|1
|-boost|p2a: Landorus|def|1
|move|p1a: Landorus|Knock Off|p2a: Landorus
|-damage|p2a: Landorus|87/100
|-enditem|p2a: Landorus|Leftovers|[from] move: Knock Off|[of] p1a: Landorus
|
|-heal|p1a: Landorus|63/100|[from] item: Leftovers
|upkeep
|turn|22
|
|t:|1657607616
|move|p2a: Landorus|Substitute|p2a: Landorus
|-start|p2a: Landorus|Substitute
|-damage|p2a: Landorus|62/100
|move|p1a: Landorus|Toxic||[still]
|-fail|p1a: Landorus
|
|-heal|p1a: Landorus|69/100|[from] item: Leftovers
|upkeep
|turn|23
|
|t:|1657607619
|move|p2a: Landorus|Bulk Up|p2a: Landorus
|-boost|p2a: Landorus|atk|1
|-boost|p2a: Landorus|def|1
|move|p1a: Landorus|Knock Off|p2a: Landorus
|-activate|p2a: Landorus|move: Substitute|[damage]
|
|-heal|p1a: Landorus|75/100|[from] item: Leftovers
|-fieldend|move: Psychic Terrain
|upkeep
|turn|24
|
|t:|1657607622
|move|p2a: Landorus|Smack Down|p1a: Landorus
|-damage|p1a: Landorus|45/100
|-start|p1a: Landorus|Smack Down
|move|p1a: Landorus|Knock Off|p2a: Landorus
|-activate|p2a: Landorus|move: Substitute|[damage]
|
|-heal|p1a: Landorus|51/100|[from] item: Leftovers
|upkeep
|turn|25
|
|t:|1657607626
|move|p2a: Landorus|Earthquake|p1a: Landorus
|-damage|p1a: Landorus|0 fnt
|faint|p1a: Landorus
|
|upkeep
|
|t:|1657607629
|switch|p1a: Kartana|Kartana|88/100
|turn|26
|
|t:|1657607633
|move|p1a: Kartana|Leaf Blade|p2a: Landorus
|-end|p2a: Landorus|Substitute
|move|p2a: Landorus|Earthquake|p1a: Kartana
|-crit|p1a: Kartana
|-damage|p1a: Kartana|0 fnt
|faint|p1a: Kartana
|
|win|big boss 447
|raw|30 bands's rating: 1694 &rarr; <strong>1673</strong><br />(-21 for losing)
|raw|big boss 447's rating: 1668 &rarr; <strong>1689</strong><br />(+21 for winning)
|l|☆30 bands
