|j|☆IIIodyne
|j|☆Djpablix
|t:|1664858430
|gametype|singles
|player|p1|IIIodyne|2|1718
|player|p2|Djpablix|hilbert|1774
|teamsize|p1|6
|teamsize|p2|6
|gen|8
|tier|[Gen 8] OU
|rated|
|rule|Sleep Clause Mod: Limit one foe put to sleep
|rule|Species Clause: Limit one of each Pokémon
|rule|OHKO Clause: OHKO moves are banned
|rule|Evasion Items Clause: Evasion items are banned
|rule|Evasion Moves Clause: Evasion moves are banned
|rule|Endless Battle Clause: Forcing endless battles is banned
|rule|HP Percentage Mod: HP is shown in percentages
|rule|Dynamax Clause: You cannot dynamax
|clearpoke
|poke|p1|Snorlax, M|
|poke|p1|Suicune|
|poke|p1|Melmetal|
|poke|p1|Victini|
|poke|p1|Landorus-Therian, M|
|poke|p1|Zapdos|
|poke|p2|Gengar, M|
|poke|p2|Dragapult, M|
|poke|p2|Blaziken, M|
|poke|p2|Landorus-Therian, M|
|poke|p2|Kartana|
|poke|p2|Latias, F|
|teampreview
|
|t:|1664858434
|start
|switch|p1a: Landorus|Landorus-Therian, M|100/100
|switch|p2a: Gengar|Gengar, M|100/100
|-ability|p1a: Landorus|Intimidate|boost
|-unboost|p2a: Gengar|atk|1
|turn|1
|j| bqrel
|inactive|Battle timer is ON: inactive players will automatically lose when time's up. (requested by IIIodyne)
|
|t:|1664858445
|move|p2a: Gengar|Trick|p1a: Landorus
|-activate|p2a: Gengar|move: Trick|[of] p1a: Landorus
|-item|p1a: Landorus|Choice Scarf|[from] move: Trick
|-item|p2a: Gengar|Choice Scarf|[from] move: Trick
|move|p1a: Landorus|Knock Off|p2a: Gengar
|-supereffective|p2a: Gengar
|-damage|p2a: Gengar|0 fnt
|-start|p1a: Landorus|Disable|Knock Off|[from] ability: Cursed Body|[of] p2a: Gengar
|-enditem|p2a: Gengar|Choice Scarf|[from] move: Knock Off|[of] p1a: Landorus
|faint|p2a: Gengar
|
|upkeep
|
|t:|1664858471
|switch|p2a: Landorus|Landorus-Therian, M|100/100
|-ability|p2a: Landorus|Intimidate|boost
|-unboost|p1a: Landorus|atk|1
|turn|2
|
|t:|1664858474
|switch|p1a: Suicune|Suicune|100/100
|-ability|p1a: Suicune|Pressure
|move|p2a: Landorus|Rock Polish|p2a: Landorus
|-boost|p2a: Landorus|spe|2
|
|upkeep
|turn|3
|
|t:|1664858478
|move|p2a: Landorus|Swords Dance|p2a: Landorus
|-boost|p2a: Landorus|atk|2
|move|p1a: Suicune|Ice Beam|p2a: Landorus
|-supereffective|p2a: Landorus
|-crit|p2a: Landorus
|-enditem|p2a: Landorus|Yache Berry|[eat]
|-enditem|p2a: Landorus|Yache Berry|[weaken]
|-damage|p2a: Landorus|23/100
|
|upkeep
|turn|4
|
|t:|1664858484
|move|p2a: Landorus|Earthquake|p1a: Suicune
|-damage|p1a: Suicune|28/100
|move|p1a: Suicune|Ice Beam|p2a: Landorus
|-supereffective|p2a: Landorus
|-damage|p2a: Landorus|0 fnt
|faint|p2a: Landorus
|
|-heal|p1a: Suicune|34/100|[from] item: Leftovers
|upkeep
|
|t:|1664858488
|switch|p2a: Latias|Latias, F|100/100
|turn|5
|j| MeansAndEnds
|
|t:|1664858493
|switch|p1a: Melmetal|Melmetal|100/100
|move|p2a: Latias|Agility|p2a: Latias
|-boost|p2a: Latias|spe|2
|
|upkeep
|turn|6
|
|t:|1664858497
|move|p2a: Latias|Calm Mind|p2a: Latias
|-boost|p2a: Latias|spa|1
|-boost|p2a: Latias|spd|1
|move|p1a: Melmetal|Double Iron Bash|p2a: Latias
|-damage|p2a: Latias|54/100
|-crit|p2a: Latias
|-damage|p2a: Latias|0 fnt
|faint|p2a: Latias
|-hitcount|p2: Latias|2
|
|upkeep
|
|t:|1664858500
|switch|p2a: Kartana|Kartana|100/100
|turn|7
|
|t:|1664858504
|switch|p1a: Zapdos|Zapdos|100/100
|move|p2a: Kartana|Swords Dance|p2a: Kartana
|-boost|p2a: Kartana|atk|2
|
|upkeep
|turn|8
|-activate|p2a: Kartana|item: Quick Claw
|
|t:|1664858507
|move|p2a: Kartana|Knock Off|p1a: Zapdos
|-damage|p1a: Zapdos|34/100
|-status|p2a: Kartana|par|[from] ability: Static|[of] p1a: Zapdos
|-enditem|p1a: Zapdos|Heavy-Duty Boots|[from] move: Knock Off|[of] p2a: Kartana
|move|p1a: Zapdos|Heat Wave|p2a: Kartana
|-supereffective|p2a: Kartana
|-damage|p2a: Kartana|0 fnt
|faint|p2a: Kartana
|
|upkeep
|
|t:|1664858511
|switch|p2a: Dragapult|Dragapult, M|100/100
|turn|9
|
|t:|1664858513
|switch|p1a: Snorlax|Snorlax, M|100/100
|move|p2a: Dragapult|Dragon Dance|p2a: Dragapult
|-boost|p2a: Dragapult|atk|1
|-boost|p2a: Dragapult|spe|1
|
|upkeep
|turn|10
|
|t:|1664858522
|move|p2a: Dragapult|Dragon Darts|p1a: Snorlax
|-damage|p1a: Snorlax|47/100
|-anim|p2a: Dragapult|Dragon Darts|p1a: Snorlax
|-damage|p1a: Snorlax|0 fnt
|faint|p1a: Snorlax
|-damage|p2a: Dragapult|91/100|[from] item: Life Orb
|
|upkeep
|
|t:|1664858525
|switch|p1a: Melmetal|Melmetal|100/100
|turn|11
|
|t:|1664858529
|move|p2a: Dragapult|Flamethrower|p1a: Melmetal
|-supereffective|p1a: Melmetal
|-damage|p1a: Melmetal|63/100
|-damage|p2a: Dragapult|81/100|[from] item: Life Orb
|move|p1a: Melmetal|Double Iron Bash|p2a: Dragapult
|-damage|p2a: Dragapult|13/100
|-damage|p2a: Dragapult|0 fnt
|faint|p2a: Dragapult
|-hitcount|p2: Dragapult|2
|
|upkeep
|
|t:|1664858532
|switch|p2a: Blaziken|Blaziken, M|100/100
|turn|12
|
|t:|1664858534
|move|p2a: Blaziken|Swords Dance|p2a: Blaziken
|-boost|p2a: Blaziken|atk|2
|move|p1a: Melmetal|Earthquake|p2a: Blaziken
|-supereffective|p2a: Blaziken
|-damage|p2a: Blaziken|0 fnt
|faint|p2a: Blaziken
|
|win|IIIodyne
|raw|IIIodyne's rating: 1718 &rarr; <strong>1741</strong><br />(+23 for winning)
|raw|Djpablix's rating: 1774 &rarr; <strong>1751</strong><br />(-23 for losing)
|l|☆Djpablix
||Ladder isn't responding, score probably updated but might not have (Request timeout).
