|j|☆playeraccount
|j|☆Cpt Shenanigans
|t:|1661765733
|gametype|singles
|player|p1|playeraccount|102|1208
|player|p2|Cpt Shenanigans|fisher-gen8|1188
|teamsize|p1|6
|teamsize|p2|6
|gen|8
|tier|[Gen 8] OU
|rated|
|rule|Sleep Clause Mod: Limit one foe put to sleep
|rule|Species Clause: Limit one of each Pokémon
|rule|OHKO Clause: OHKO moves are banned
|rule|Evasion Items Clause: Evasion items are banned
|rule|Evasion Moves Clause: Evasion moves are banned
|rule|Endless Battle Clause: Forcing endless battles is banned
|rule|HP Percentage Mod: HP is shown in percentages
|rule|Dynamax Clause: You cannot dynamax
|clearpoke
|poke|p1|Landorus-Therian, M|
|poke|p1|Nidoqueen, F|
|poke|p1|Slowbro, F|
|poke|p1|Scizor, M|
|poke|p1|Zapdos|
|poke|p1|Blissey, F|
|poke|p2|Latios, M|
|poke|p2|Dracozolt|
|poke|p2|Barraskewda, F|
|poke|p2|Toxapex, M|
|poke|p2|Buzzwole|
|poke|p2|Zapdos-Galar|
|teampreview
|inactive|Battle timer is ON: inactive players will automatically lose when time's up. (requested by Cpt Shenanigans)
|
|t:|1661765742
|start
|switch|p1a: Scizor|Scizor, M, shiny|100/100
|switch|p2a: Barraskewda|Barraskewda, F|100/100
|turn|1
|
|t:|1661765750
|switch|p1a: Slowbro|Slowbro, F, shiny|100/100
|move|p2a: Barraskewda|Liquidation|p1a: Slowbro
|-resisted|p1a: Slowbro
|-crit|p1a: Slowbro
|-damage|p1a: Slowbro|81/100
|-damage|p2a: Barraskewda|84/100|[from] item: Rocky Helmet|[of] p1a: Slowbro
|
|upkeep
|turn|2
|
|t:|1661765757
|switch|p2a: Toxapex|Toxapex, M|100/100
|move|p1a: Slowbro|Counter||[still]
|-fail|p1a: Slowbro
|
|upkeep
|turn|3
|
|t:|1661765760
|move|p2a: Toxapex|Toxic Spikes|p1a: Slowbro
|-sidestart|p1: playeraccount|move: Toxic Spikes
|move|p1a: Slowbro|Future Sight|p2a: Toxapex
|-start|p1a: Slowbro|move: Future Sight
|
|upkeep
|turn|4
|
|t:|1661765765
|switch|p1a: Nidoqueen|Nidoqueen, F, shiny|100/100
|-sideend|p1: playeraccount|move: Toxic Spikes|[of] p1a: Nidoqueen
|move|p2a: Toxapex|Toxic Spikes|p1a: Nidoqueen
|-sidestart|p1: playeraccount|move: Toxic Spikes
|
|upkeep
|turn|5
|
|t:|1661765773
|switch|p2a: Latios|Latios, M|100/100
|move|p1a: Nidoqueen|Thunderbolt|p2a: Latios
|-resisted|p2a: Latios
|-damage|p2a: Latios|81/100
|
|-end|p2a: Latios|move: Future Sight
|-resisted|p2a: Latios
|-damage|p2a: Latios|59/100
|upkeep
|turn|6
|
|t:|1661765783
|switch|p1a: Blissey|Blissey, F, shiny|100/100
|-status|p1a: Blissey|psn
|move|p2a: Latios|Trick|p1a: Blissey
|-activate|p2a: Latios|move: Trick|[of] p1a: Blissey
|-item|p1a: Blissey|Choice Scarf|[from] move: Trick
|-item|p2a: Latios|Leftovers|[from] move: Trick
|
|-heal|p2a: Latios|65/100|[from] item: Leftovers
|-damage|p1a: Blissey|88/100 psn|[from] psn
|upkeep
|turn|7
|
|t:|1661765791
|switch|p2a: Toxapex|Toxapex, M|100/100
|move|p1a: Blissey|Wish|p1a: Blissey
|
|-damage|p1a: Blissey|76/100 psn|[from] psn
|upkeep
|turn|8
|
|t:|1661765801
|-curestatus|p1a: Blissey|psn|[from] ability: Natural Cure
|switch|p1a: Nidoqueen|Nidoqueen, F, shiny|100/100
|-sideend|p1: playeraccount|move: Toxic Spikes|[of] p1a: Nidoqueen
|move|p2a: Toxapex|Knock Off|p1a: Nidoqueen
|-damage|p1a: Nidoqueen|85/100
|-enditem|p1a: Nidoqueen|Life Orb|[from] move: Knock Off|[of] p2a: Toxapex
|
|-heal|p1a: Nidoqueen|100/100|[from] move: Wish|[wisher] Blissey
|upkeep
|turn|9
|
|t:|1661765813
|switch|p2a: Barraskewda|Barraskewda, F|84/100
|move|p1a: Nidoqueen|Earth Power|p2a: Barraskewda
|-damage|p2a: Barraskewda|0 fnt
|faint|p2a: Barraskewda
|
|upkeep
|
|t:|1661765818
|switch|p2a: Latios|Latios, M|65/100
|turn|10
|
|t:|1661765826
|switch|p1a: Blissey|Blissey, F, shiny|76/100
|move|p2a: Latios|Psychic|p1a: Blissey
|-damage|p1a: Blissey|57/100
|
|-heal|p2a: Latios|71/100|[from] item: Leftovers
|upkeep
|turn|11
|
|t:|1661765832
|move|p2a: Latios|Psychic|p1a: Blissey
|-damage|p1a: Blissey|41/100
|move|p1a: Blissey|Wish|p1a: Blissey
|
|-heal|p2a: Latios|77/100|[from] item: Leftovers
|upkeep
|turn|12
|
|t:|1661765836
|move|p2a: Latios|Psychic|p1a: Blissey
|-damage|p1a: Blissey|23/100
|move|p1a: Blissey|Wish||[still]
|-fail|p1a: Blissey
|
|-heal|p1a: Blissey|73/100|[from] move: Wish|[wisher] Blissey
|-heal|p2a: Latios|83/100|[from] item: Leftovers
|upkeep
|turn|13
|
|t:|1661765854
|switch|p2a: Dracozolt|Dracozolt|100/100
|move|p1a: Blissey|Wish|p1a: Blissey
|
|upkeep
|turn|14
|
|t:|1661765862
|switch|p1a: Landorus|Landorus-Therian, M, shiny|100/100
|-ability|p1a: Landorus|Intimidate|boost
|-unboost|p2a: Dracozolt|atk|1
|move|p2a: Dracozolt|Draco Meteor|p1a: Landorus
|-damage|p1a: Landorus|40/100
|-unboost|p2a: Dracozolt|spa|2
|-damage|p2a: Dracozolt|91/100|[from] item: Life Orb
|
|-heal|p1a: Landorus|100/100|[from] move: Wish|[wisher] Blissey
|upkeep
|turn|15
|
|t:|1661765872
|switch|p2a: Buzzwole|Buzzwole|100/100
|move|p1a: Landorus|Stealth Rock|p2a: Buzzwole
|-sidestart|p2: Cpt Shenanigans|move: Stealth Rock
|
|upkeep
|turn|16
|
|t:|1661765878
|switch|p1a: Zapdos|Zapdos, shiny|100/100
|-ability|p1a: Zapdos|Pressure
|move|p2a: Buzzwole|Ice Punch|p1a: Zapdos
|-supereffective|p1a: Zapdos
|-damage|p1a: Zapdos|51/100
|
|upkeep
|turn|17
|
|t:|1661765885
|move|p1a: Zapdos|Heat Wave|p2a: Buzzwole
|-supereffective|p2a: Buzzwole
|-damage|p2a: Buzzwole|29/100
|move|p2a: Buzzwole|Ice Punch|p1a: Zapdos
|-supereffective|p1a: Zapdos
|-damage|p1a: Zapdos|1/100
|
|upkeep
|turn|18
|
|t:|1661765896
|move|p1a: Zapdos|Heat Wave|p2a: Buzzwole
|-supereffective|p2a: Buzzwole
|-damage|p2a: Buzzwole|0 fnt
|faint|p2a: Buzzwole
|
|upkeep
|
|t:|1661765901
|switch|p2a: Latios|Latios, M|83/100
|-damage|p2a: Latios|71/100|[from] Stealth Rock
|turn|19
|
|t:|1661765909
|switch|p1a: Blissey|Blissey, F, shiny|73/100
|move|p2a: Latios|Psychic|p1a: Blissey
|-damage|p1a: Blissey|57/100
|
|-heal|p2a: Latios|77/100|[from] item: Leftovers
|upkeep
|turn|20
|
|t:|1661765917
|switch|p2a: Zapdos|Zapdos-Galar|100/100
|-damage|p2a: Zapdos|88/100|[from] Stealth Rock
|move|p1a: Blissey|Wish|p1a: Blissey
|
|upkeep
|turn|21
|
|t:|1661765923
|switch|p1a: Slowbro|Slowbro, F, shiny|100/100
|move|p2a: Zapdos|U-turn|p1a: Slowbro
|-supereffective|p1a: Slowbro
|-damage|p1a: Slowbro|55/100
|-damage|p2a: Zapdos|72/100|[from] item: Rocky Helmet|[of] p1a: Slowbro
|
|t:|1661765928
|switch|p2a: Dracozolt|Dracozolt|91/100|[from]move: U-turn
|-damage|p2a: Dracozolt|78/100|[from] Stealth Rock
|
|-heal|p1a: Slowbro|100/100|[from] move: Wish|[wisher] Blissey
|upkeep
|turn|22
|
|t:|1661765935
|move|p2a: Dracozolt|Bolt Beak|p1a: Slowbro
|-supereffective|p1a: Slowbro
|-damage|p1a: Slowbro|0 fnt
|-damage|p2a: Dracozolt|62/100|[from] item: Rocky Helmet|[of] p1a: Slowbro
|faint|p1a: Slowbro
|-damage|p2a: Dracozolt|52/100|[from] item: Life Orb
|
|upkeep
|
|t:|1661765946
|switch|p1a: Landorus|Landorus-Therian, M, shiny|100/100
|-ability|p1a: Landorus|Intimidate|boost
|-unboost|p2a: Dracozolt|atk|1
|turn|23
|
|t:|1661765951
|move|p1a: Landorus|Toxic|p2a: Dracozolt
|-status|p2a: Dracozolt|tox
|move|p2a: Dracozolt|Draco Meteor|p1a: Landorus
|-damage|p1a: Landorus|36/100
|-unboost|p2a: Dracozolt|spa|2
|-damage|p2a: Dracozolt|42/100 tox|[from] item: Life Orb
|
|-damage|p2a: Dracozolt|35/100 tox|[from] psn
|upkeep
|turn|24
|
|t:|1661765956
|switch|p2a: Toxapex|Toxapex, M|100/100
|-damage|p2a: Toxapex|88/100|[from] Stealth Rock
|move|p1a: Landorus|U-turn|p2a: Toxapex
|-resisted|p2a: Toxapex
|-damage|p2a: Toxapex|82/100
|-damage|p1a: Landorus|20/100|[from] item: Rocky Helmet|[of] p2a: Toxapex
|
|t:|1661765964
|switch|p1a: Nidoqueen|Nidoqueen, F, shiny|100/100|[from]move: U-turn
|
|upkeep
|turn|25
|
|t:|1661765971
|move|p1a: Nidoqueen|Thunderbolt|p2a: Toxapex
|-supereffective|p2a: Toxapex
|-damage|p2a: Toxapex|38/100
|move|p2a: Toxapex|Recover|p2a: Toxapex
|-heal|p2a: Toxapex|88/100
|
|upkeep
|turn|26
|
|t:|1661765976
|switch|p2a: Latios|Latios, M|77/100
|-damage|p2a: Latios|65/100|[from] Stealth Rock
|move|p1a: Nidoqueen|Earth Power|p2a: Latios
|-immune|p2a: Latios|[from] ability: Levitate
|
|-heal|p2a: Latios|71/100|[from] item: Leftovers
|upkeep
|turn|27
|
|t:|1661765985
|switch|p2a: Zapdos|Zapdos-Galar|72/100
|-damage|p2a: Zapdos|59/100|[from] Stealth Rock
|switch|p1a: Zapdos|Zapdos, shiny|1/100
|-ability|p1a: Zapdos|Pressure
|
|upkeep
|turn|28
|
|t:|1661765990
|move|p2a: Zapdos|U-turn|p1a: Zapdos
|-resisted|p1a: Zapdos
|-damage|p1a: Zapdos|0 fnt
|faint|p1a: Zapdos
|
|t:|1661765995
|switch|p2a: Latios|Latios, M|71/100|[from]move: U-turn
|-damage|p2a: Latios|58/100|[from] Stealth Rock
|
|-heal|p2a: Latios|64/100|[from] item: Leftovers
|upkeep
|
|t:|1661766002
|switch|p1a: Scizor|Scizor, M, shiny|100/100
|turn|29
|
|t:|1661766004
|move|p2a: Latios|Mystical Fire|p1a: Scizor
|-supereffective|p1a: Scizor
|-damage|p1a: Scizor|0 fnt
|faint|p1a: Scizor
|
|-heal|p2a: Latios|70/100|[from] item: Leftovers
|upkeep
|
|t:|1661766009
|switch|p1a: Blissey|Blissey, F, shiny|57/100
|turn|30
|
|t:|1661766016
|move|p2a: Latios|Psychic|p1a: Blissey
|-crit|p1a: Blissey
|-damage|p1a: Blissey|29/100
|-unboost|p1a: Blissey|spd|1
|move|p1a: Blissey|Wish|p1a: Blissey
|
|-heal|p2a: Latios|76/100|[from] item: Leftovers
|upkeep
|turn|31
|
|t:|1661766023
|switch|p1a: Landorus|Landorus-Therian, M, shiny|20/100
|-ability|p1a: Landorus|Intimidate|boost
|-unboost|p2a: Latios|atk|1
|move|p2a: Latios|Psychic|p1a: Landorus
|-damage|p1a: Landorus|0 fnt
|faint|p1a: Landorus
|
|-heal|p2a: Latios|82/100|[from] item: Leftovers
|upkeep
|-message|playeraccount forfeited.
|
|win|Cpt Shenanigans
|raw|playeraccount's rating: 1208 &rarr; <strong>1182</strong><br />(-26 for losing)
|raw|Cpt Shenanigans's rating: 1188 &rarr; <strong>1214</strong><br />(+26 for winning)
|l|☆playeraccount
