|j|☆Corumba
|j|☆smollest brian
|t:|1648677702
|gametype|singles
|player|p1|Corumba|1|1718
|player|p2|smollest brian|shelly|1753
|teamsize|p1|6
|teamsize|p2|6
|gen|8
|tier|[Gen 8] OU
|rated|
|rule|Sleep Clause Mod: Limit one foe put to sleep
|rule|Species Clause: Limit one of each Pokémon
|rule|OHKO Clause: OHKO moves are banned
|rule|Evasion Moves Clause: Evasion moves are banned
|rule|Endless Battle Clause: Forcing endless battles is banned
|rule|HP Percentage Mod: HP is shown in percentages
|rule|Dynamax Clause: You cannot dynamax
|clearpoke
|poke|p1|Melmetal|
|poke|p1|Mamoswine, F|
|poke|p1|Ferrothorn, M|
|poke|p1|Celesteela|
|poke|p1|Dragapult, F|
|poke|p1|Dragonite, M|
|poke|p2|Conkeldurr, F|
|poke|p2|Rillaboom, F|
|poke|p2|Moltres|
|poke|p2|Garchomp, F|
|poke|p2|Melmetal|
|poke|p2|Zeraora|
|teampreview
|j| god multiface
|
|t:|1648677724
|start
|switch|p1a: Dragonite|Dragonite, M|100/100
|switch|p2a: Garchomp|Garchomp, F|100/100
|turn|1
|j| DcMarvelAnimeFan
|
|t:|1648677730
|move|p1a: Dragonite|Ice Beam|p2a: Garchomp
|-supereffective|p2a: Garchomp
|-damage|p2a: Garchomp|27/100
|move|p2a: Garchomp|Toxic|p1a: Dragonite
|-status|p1a: Dragonite|tox
|
|-damage|p1a: Dragonite|94/100 tox|[from] psn
|upkeep
|turn|2
|
|t:|1648677745
|switch|p2a: Conkeldurr|Conkeldurr, F|100/100
|move|p1a: Dragonite|Ice Beam|p2a: Conkeldurr
|-damage|p2a: Conkeldurr|72/100
|
|-damage|p1a: Dragonite|82/100 tox|[from] psn
|-status|p2a: Conkeldurr|brn|[from] item: Flame Orb
|upkeep
|turn|3
|j| Hella Rare Pepe
|
|t:|1648677769
|switch|p1a: Ferrothorn|Ferrothorn, M|100/100
|move|p2a: Conkeldurr|Knock Off|p1a: Ferrothorn
|-damage|p1a: Ferrothorn|57/100
|-damage|p2a: Conkeldurr|59/100 brn|[from] ability: Iron Barbs|[of] p1a: Ferrothorn
|-enditem|p1a: Ferrothorn|Leftovers|[from] move: Knock Off|[of] p2a: Conkeldurr
|
|-damage|p2a: Conkeldurr|53/100 brn|[from] brn
|upkeep
|turn|4
|
|t:|1648677778
|switch|p1a: Dragapult|Dragapult, F|100/100
|move|p2a: Conkeldurr|Close Combat|p1a: Dragapult
|-immune|p1a: Dragapult
|
|-damage|p2a: Conkeldurr|47/100 brn|[from] brn
|upkeep
|turn|5
|
|t:|1648677782
|switch|p2a: Melmetal|Melmetal|100/100
|move|p1a: Dragapult|Dragon Darts|p2a: Melmetal
|-resisted|p2a: Melmetal
|-damage|p2a: Melmetal|93/100
|-anim|p1a: Dragapult|Dragon Darts|p2a: Melmetal
|-resisted|p2a: Melmetal
|-damage|p2a: Melmetal|85/100
|
|upkeep
|turn|6
|
|t:|1648677789
|switch|p1a: Ferrothorn|Ferrothorn, M|57/100
|move|p2a: Melmetal|Earthquake|p1a: Ferrothorn
|-damage|p1a: Ferrothorn|25/100
|
|upkeep
|turn|7
|
|t:|1648677800
|move|p2a: Melmetal|Earthquake|p1a: Ferrothorn
|-damage|p1a: Ferrothorn|0 fnt
|faint|p1a: Ferrothorn
|
|upkeep
|j| The Northern Blade
|inactive|Battle timer is ON: inactive players will automatically lose when time's up. (requested by smollest brian)
|
|t:|1648677805
|switch|p1a: Melmetal|Melmetal|100/100
|turn|8
|j| Chiwis Del Norte
|inactive|smollest brian has 120 seconds left.
|
|t:|1648677836
|switch|p2a: Moltres|Moltres|100/100
|move|p1a: Melmetal|Thunder Wave|p2a: Moltres
|-status|p2a: Moltres|par
|
|upkeep
|turn|9
|
|t:|1648677843
|move|p1a: Melmetal|Thunder Punch|p2a: Moltres
|-supereffective|p2a: Moltres
|-damage|p2a: Moltres|32/100 par
|cant|p2a: Moltres|par
|
|upkeep
|turn|10
|
|t:|1648677848
|switch|p2a: Garchomp|Garchomp, F|27/100
|move|p1a: Melmetal|Double Iron Bash|p2a: Garchomp
|-damage|p2a: Garchomp|0 fnt
|-activate|p2a: Garchomp|ability: Rough Skin
|-activate|p1a: Melmetal|item: Protective Pads
|faint|p2a: Garchomp
|-hitcount|p2: Garchomp|1
|
|upkeep
|
|t:|1648677854
|switch|p2a: Conkeldurr|Conkeldurr, F|47/100 brn
|turn|11
|inactive|Corumba has 120 seconds left.
|
|t:|1648677896
|switch|p1a: Dragonite|Dragonite, M|82/100 tox
|move|p2a: Conkeldurr|Close Combat|p1a: Dragonite
|-resisted|p1a: Dragonite
|-damage|p1a: Dragonite|32/100 tox
|-unboost|p2a: Conkeldurr|def|1
|-unboost|p2a: Conkeldurr|spd|1
|
|-damage|p1a: Dragonite|26/100 tox|[from] psn
|-damage|p2a: Conkeldurr|41/100 brn|[from] brn
|upkeep
|turn|12
|
|t:|1648677905
|switch|p2a: Rillaboom|Rillaboom, F|100/100
|-fieldstart|move: Grassy Terrain|[from] ability: Grassy Surge|[of] p2a: Rillaboom
|move|p1a: Dragonite|Ice Beam|p2a: Rillaboom
|-supereffective|p2a: Rillaboom
|-damage|p2a: Rillaboom|42/100
|
|-heal|p2a: Rillaboom|49/100|[from] Grassy Terrain
|-damage|p1a: Dragonite|14/100 tox|[from] psn
|upkeep
|turn|13
|j| shinyshuriken
|inactive|Corumba has 120 seconds left.
|
|t:|1648677919
|switch|p2a: Melmetal|Melmetal|85/100
|move|p1a: Dragonite|Roost|p1a: Dragonite
|-heal|p1a: Dragonite|64/100 tox
|-singleturn|p1a: Dragonite|move: Roost
|
|-heal|p1a: Dragonite|70/100 tox|[from] Grassy Terrain
|-heal|p2a: Melmetal|92/100|[from] Grassy Terrain
|-damage|p1a: Dragonite|51/100 tox|[from] psn
|upkeep
|turn|14
|
|t:|1648677924
|move|p1a: Dragonite|Thunder Wave|p2a: Melmetal
|-status|p2a: Melmetal|par
|move|p2a: Melmetal|Double Iron Bash|p1a: Dragonite
|-damage|p1a: Dragonite|13/100 tox
|-damage|p1a: Dragonite|0 fnt
|faint|p1a: Dragonite
|-hitcount|p1: Dragonite|2
|
|-heal|p2a: Melmetal|98/100 par|[from] Grassy Terrain
|upkeep
|
|t:|1648677930
|switch|p1a: Melmetal|Melmetal|100/100
|turn|15
|
|t:|1648677933
|move|p1a: Melmetal|Double Iron Bash|p2a: Melmetal
|-resisted|p2a: Melmetal
|-damage|p2a: Melmetal|86/100 par
|-resisted|p2a: Melmetal
|-damage|p2a: Melmetal|75/100 par
|-hitcount|p2a: Melmetal|2
|move|p2a: Melmetal|Thunder Punch|p1a: Melmetal
|-damage|p1a: Melmetal|77/100
|-status|p1a: Melmetal|par
|
|-heal|p1a: Melmetal|83/100 par|[from] Grassy Terrain
|-heal|p2a: Melmetal|81/100 par|[from] Grassy Terrain
|upkeep
|turn|16
|
|t:|1648677947
|switch|p2a: Moltres|Moltres|32/100 par
|move|p1a: Melmetal|Double Iron Bash|p2a: Moltres
|-resisted|p2a: Moltres
|-damage|p2a: Moltres|9/100 par
|-resisted|p2a: Moltres
|-damage|p2a: Moltres|0 fnt
|faint|p2a: Moltres
|-hitcount|p2: Moltres|2
|
|-heal|p1a: Melmetal|90/100 par|[from] Grassy Terrain
|-fieldend|move: Grassy Terrain
|upkeep
|
|t:|1648677951
|switch|p2a: Conkeldurr|Conkeldurr, F|41/100 brn
|turn|17
|
|t:|1648677975
|switch|p1a: Dragapult|Dragapult, F|100/100
|move|p2a: Conkeldurr|Knock Off|p1a: Dragapult
|-supereffective|p1a: Dragapult
|-damage|p1a: Dragapult|0 fnt
|-enditem|p1a: Dragapult|Heavy-Duty Boots|[from] move: Knock Off|[of] p2a: Conkeldurr
|faint|p1a: Dragapult
|
|-damage|p2a: Conkeldurr|34/100 brn|[from] brn
|upkeep
|
|t:|1648677980
|switch|p1a: Celesteela|Celesteela|100/100
|turn|18
|l| god multiface
|j| god multiface
|
|t:|1648677992
|switch|p2a: Melmetal|Melmetal|81/100 par
|move|p1a: Celesteela|Air Slash|p2a: Melmetal
|-resisted|p2a: Melmetal
|-damage|p2a: Melmetal|68/100 par
|
|upkeep
|turn|19
|
|t:|1648677999
|switch|p1a: Melmetal|Melmetal|90/100 par
|move|p2a: Melmetal|Thunder Punch|p1a: Melmetal
|-damage|p1a: Melmetal|68/100 par
|
|upkeep
|turn|20
|
|t:|1648678008
|cant|p1a: Melmetal|par
|cant|p2a: Melmetal|par
|
|upkeep
|turn|21
|
|t:|1648678010
|move|p1a: Melmetal|Earthquake|p2a: Melmetal
|-supereffective|p2a: Melmetal
|-damage|p2a: Melmetal|27/100 par
|move|p2a: Melmetal|Earthquake|p1a: Melmetal
|-supereffective|p1a: Melmetal
|-damage|p1a: Melmetal|21/100 par
|
|upkeep
|turn|22
|
|t:|1648678014
|move|p1a: Melmetal|Earthquake|p2a: Melmetal
|-supereffective|p2a: Melmetal
|-damage|p2a: Melmetal|0 fnt
|faint|p2a: Melmetal
|
|upkeep
|
|t:|1648678016
|switch|p2a: Rillaboom|Rillaboom, F|49/100
|-fieldstart|move: Grassy Terrain|[from] ability: Grassy Surge|[of] p2a: Rillaboom
|turn|23
|
|t:|1648678024
|move|p2a: Rillaboom|U-turn|p1a: Melmetal
|-resisted|p1a: Melmetal
|-damage|p1a: Melmetal|9/100 par
|
|t:|1648678026
|switch|p2a: Zeraora|Zeraora|100/100|[from]move: U-turn
|move|p1a: Melmetal|Double Iron Bash|p2a: Zeraora
|-resisted|p2a: Zeraora
|-damage|p2a: Zeraora|68/100
|-resisted|p2a: Zeraora
|-damage|p2a: Zeraora|39/100
|-hitcount|p2a: Zeraora|2
|
|-heal|p2a: Zeraora|45/100|[from] Grassy Terrain
|-heal|p1a: Melmetal|15/100 par|[from] Grassy Terrain
|upkeep
|turn|24
|
|t:|1648678032
|move|p2a: Zeraora|Plasma Fists|p1a: Melmetal
|-damage|p1a: Melmetal|0 fnt
|-fieldactivate|move: Ion Deluge
|-hint|Normal-type moves become Electric-type after using Plasma Fists.
|faint|p1a: Melmetal
|
|-heal|p2a: Zeraora|51/100|[from] Grassy Terrain
|upkeep
|l| Hella Rare Pepe
|inactive|Corumba has 120 seconds left.
|
|t:|1648678081
|switch|p1a: Mamoswine|Mamoswine, F|100/100
|turn|25
|
|t:|1648678099
|switch|p2a: Rillaboom|Rillaboom, F|49/100
|move|p1a: Mamoswine|Earthquake|p2a: Rillaboom
|-resisted|p2a: Rillaboom
|-damage|p2a: Rillaboom|34/100
|
|-heal|p2a: Rillaboom|40/100|[from] Grassy Terrain
|upkeep
|turn|26
|
|t:|1648678104
|switch|p1a: Celesteela|Celesteela|100/100
|move|p2a: Rillaboom|Knock Off|p1a: Celesteela
|-damage|p1a: Celesteela|53/100
|-enditem|p1a: Celesteela|Power Herb|[from] move: Knock Off|[of] p2a: Rillaboom
|
|-heal|p2a: Rillaboom|46/100|[from] Grassy Terrain
|upkeep
|turn|27
|
|t:|1648678122
|move|p2a: Rillaboom|Knock Off|p1a: Celesteela
|-damage|p1a: Celesteela|15/100
|move|p1a: Celesteela|Autotomize|p1a: Celesteela
|-boost|p1a: Celesteela|spe|2
|-start|p1a: Celesteela|Autotomize
|
|-heal|p2a: Rillaboom|52/100|[from] Grassy Terrain
|-fieldend|move: Grassy Terrain
|upkeep
|turn|28
|c|☆Corumba|im an idiot for eq'ing
|j| lonely crowd
|c|☆Corumba|but going to rilla was a true smoll brian move
|inactive|Corumba has 120 seconds left.
|c|☆smollest brian|indeed
|c| lonely crowd|is this airfare
|
|t:|1648678147
|move|p1a: Celesteela|Air Slash|p2a: Rillaboom
|-supereffective|p2a: Rillaboom
|-damage|p2a: Rillaboom|0 fnt
|faint|p2a: Rillaboom
|-ability|p1a: Celesteela|Beast Boost|boost
|-boost|p1a: Celesteela|spa|1
|
|upkeep
|
|t:|1648678149
|switch|p2a: Conkeldurr|Conkeldurr, F|34/100 brn
|turn|29
|
|t:|1648678156
|move|p2a: Conkeldurr|Mach Punch|p1a: Celesteela
|-damage|p1a: Celesteela|0 fnt
|faint|p1a: Celesteela
|
|-damage|p2a: Conkeldurr|28/100 brn|[from] brn
|upkeep
|
|t:|1648678159
|switch|p1a: Mamoswine|Mamoswine, F|100/100
|turn|30
|
|t:|1648678161
|move|p1a: Mamoswine|Ice Shard|p2a: Conkeldurr
|-damage|p2a: Conkeldurr|5/100 brn
|move|p2a: Conkeldurr|Mach Punch|p1a: Mamoswine
|-supereffective|p1a: Mamoswine
|-damage|p1a: Mamoswine|11/100
|
|-damage|p2a: Conkeldurr|0 fnt|[from] brn
|faint|p2a: Conkeldurr
|upkeep
|
|t:|1648678164
|switch|p2a: Zeraora|Zeraora|51/100
|turn|31
|c|☆smollest brian|gg
|c|☆Corumba|super annoying
|c|☆smollest brian|ok and?
|c|☆Corumba|i eq'd because i thought there's no way you'd choke
|c|☆Corumba|but i should have haha
|c|☆Corumba|gg
|inactive|Corumba has 120 seconds left.
|
|t:|1648678195
|move|p1a: Mamoswine|Ice Shard|p2a: Zeraora
|-damage|p2a: Zeraora|18/100
|move|p2a: Zeraora|Knock Off|p1a: Mamoswine
|-damage|p1a: Mamoswine|0 fnt
|-enditem|p1a: Mamoswine|Heavy-Duty Boots|[from] move: Knock Off|[of] p2a: Zeraora
|faint|p1a: Mamoswine
|
|win|smollest brian
|raw|Corumba's rating: 1718 &rarr; <strong>1700</strong><br />(-18 for losing)
|raw|smollest brian's rating: 1753 &rarr; <strong>1771</strong><br />(+18 for winning)
|l| Chiwis Del Norte
|l| lonely crowd
|l|☆Corumba
||Ladder isn't responding, score probably updated but might not have (Request timeout).
