|j|☆Blaze Fenix
|j|☆lizzyPark
|t:|1614101841
|player|p1|Blaze Fenix|birdkeeper-gen4dp|1596
|player|p2|lizzyPark|doctor|1571
|teamsize|p1|6
|teamsize|p2|6
|gametype|singles
|gen|8
|tier|[Gen 8] OU
|rated|
|clearpoke
|poke|p1|Volcarona, F|
|poke|p1|Tapu Fini|
|poke|p1|Landorus-Therian, M|
|poke|p1|Rillaboom, M|
|poke|p1|Blissey, F|
|poke|p1|Melmetal|
|poke|p2|Tapu Koko|
|poke|p2|Cloyster, F|
|poke|p2|Garchomp, F|
|poke|p2|Hawlucha, M|
|poke|p2|Latias, F|
|poke|p2|Dragapult, M|
|rule|Sleep Clause Mod: Limit one foe put to sleep
|rule|Species Clause: Limit one of each Pokémon
|rule|OHKO Clause: OHKO moves are banned
|rule|Evasion Moves Clause: Evasion moves are banned
|rule|Endless Battle Clause: Forcing endless battles is banned
|rule|HP Percentage Mod: HP is shown in percentages
|rule|Dynamax Clause: You cannot dynamax
|teampreview
|inactive|Battle timer is ON: inactive players will automatically lose when time's up. (requested by Blaze Fenix)
|
|t:|1614101879
|start
|switch|p1a: Melmetal|Melmetal|100/100
|switch|p2a: Latias|Latias, F|100/100
|turn|1
|
|t:|1614101885
|move|p2a: Latias|Calm Mind|p2a: Latias
|-boost|p2a: Latias|spa|1
|-boost|p2a: Latias|spd|1
|move|p1a: Melmetal|Double Iron Bash|p2a: Latias
|-damage|p2a: Latias|53/100
|-damage|p2a: Latias|6/100
|-hitcount|p2a: Latias|2
|
|upkeep
|turn|2
|
|t:|1614101892
|move|p2a: Latias|Aura Sphere|p1a: Melmetal
|-supereffective|p1a: Melmetal
|-damage|p1a: Melmetal|33/100
|move|p1a: Melmetal|Double Iron Bash|p2a: Latias
|-damage|p2a: Latias|0 fnt
|-hitcount|p2a: Latias|1
|faint|p2a: Latias
|
|upkeep
|
|t:|1614101898
|switch|p2a: Garchomp|Garchomp, F|100/100
|turn|3
|
|t:|1614101906
|switch|p1a: Rillaboom|Rillaboom, M|100/100
|-fieldstart|move: Grassy Terrain|[from] ability: Grassy Surge|[of] p1a: Rillaboom
|move|p2a: Garchomp|Stealth Rock|p1a: Rillaboom
|-sidestart|p1: Blaze Fenix|move: Stealth Rock
|
|upkeep
|turn|4
|
|t:|1614101916
|switch|p2a: Tapu Koko|Tapu Koko|100/100
|-fieldstart|move: Electric Terrain|[from] ability: Electric Surge|[of] p2a: Tapu Koko
|move|p1a: Rillaboom|Swords Dance|p1a: Rillaboom
|-boost|p1a: Rillaboom|atk|2
|
|upkeep
|turn|5
|
|t:|1614101929
|move|p2a: Tapu Koko|Reflect|p2a: Tapu Koko
|-sidestart|p2: lizzyPark|Reflect
|move|p1a: Rillaboom|Grassy Glide|p2a: Tapu Koko
|-damage|p2a: Tapu Koko|52/100
|-damage|p1a: Rillaboom|91/100|[from] item: Life Orb
|
|upkeep
|turn|6
|
|t:|1614101939
|move|p2a: Tapu Koko|Taunt|p1a: Rillaboom
|-start|p1a: Rillaboom|move: Taunt
|move|p1a: Rillaboom|Knock Off|p2a: Tapu Koko
|-resisted|p2a: Tapu Koko
|-damage|p2a: Tapu Koko|28/100
|-enditem|p2a: Tapu Koko|Light Clay|[from] move: Knock Off|[of] p1a: Rillaboom
|-damage|p1a: Rillaboom|81/100|[from] item: Life Orb
|
|upkeep
|turn|7
|
|t:|1614101949
|switch|p1a: Tapu Fini|Tapu Fini|100/100
|-damage|p1a: Tapu Fini|88/100|[from] Stealth Rock
|-fieldstart|move: Misty Terrain|[from] ability: Misty Surge|[of] p1a: Tapu Fini
|move|p2a: Tapu Koko|Light Screen|p2a: Tapu Koko
|-sidestart|p2: lizzyPark|move: Light Screen
|
|-heal|p1a: Tapu Fini|94/100|[from] item: Leftovers
|upkeep
|turn|8
|inactive|lizzyPark has 120 seconds left.
|
|t:|1614102001
|move|p2a: Tapu Koko|U-turn|p1a: Tapu Fini
|-resisted|p1a: Tapu Fini
|-damage|p1a: Tapu Fini|88/100
|
|t:|1614102008
|switch|p2a: Dragapult|Dragapult, M|100/100|[from]move: U-turn
|move|p1a: Tapu Fini|Knock Off|p2a: Dragapult
|-supereffective|p2a: Dragapult
|-damage|p2a: Dragapult|81/100
|-start|p1a: Tapu Fini|Disable|Knock Off|[from] ability: Cursed Body|[of] p2a: Dragapult
|-enditem|p2a: Dragapult|Leftovers|[from] move: Knock Off|[of] p1a: Tapu Fini
|
|-heal|p1a: Tapu Fini|94/100|[from] item: Leftovers
|upkeep
|turn|9
|
|t:|1614102023
|move|p2a: Dragapult|Dragon Dance|p2a: Dragapult
|-boost|p2a: Dragapult|atk|1
|-boost|p2a: Dragapult|spe|1
|move|p1a: Tapu Fini|Moonblast|p2a: Dragapult
|-supereffective|p2a: Dragapult
|-damage|p2a: Dragapult|40/100
|
|-heal|p1a: Tapu Fini|100/100|[from] item: Leftovers
|upkeep
|turn|10
|
|t:|1614102031
|switch|p1a: Landorus|Landorus-Therian, M|100/100
|-damage|p1a: Landorus|88/100|[from] Stealth Rock
|-ability|p1a: Landorus|Intimidate|boost
|-unboost|p2a: Dragapult|atk|1
|move|p2a: Dragapult|Phantom Force||[still]
|-prepare|p2a: Dragapult|Phantom Force
|
|upkeep
|turn|11
|
|t:|1614102041
|move|p2a: Dragapult|Phantom Force|p1a: Landorus|[from]lockedmove
|-damage|p1a: Landorus|58/100
|-damage|p2a: Dragapult|23/100|[from] item: Rocky Helmet|[of] p1a: Landorus
|move|p1a: Landorus|Defog|p2a: Dragapult
|-unboost|p2a: Dragapult|evasion|1
|-sideend|p2: lizzyPark|Reflect
|-sideend|p2: lizzyPark|move: Light Screen
|-sideend|p1: Blaze Fenix|Stealth Rock|[from] move: Defog|[of] p1a: Landorus
|-fieldend|Misty Terrain
|
|upkeep
|turn|12
|
|t:|1614102050
|move|p2a: Dragapult|Dragon Darts|p1a: Landorus
|-damage|p1a: Landorus|42/100
|-anim|p2a: Dragapult|Dragon Darts|p1a: Landorus
|-damage|p1a: Landorus|24/100
|move|p1a: Landorus|Stealth Rock|p2a: Dragapult
|-sidestart|p2: lizzyPark|move: Stealth Rock
|
|upkeep
|turn|13
|
|t:|1614102059
|switch|p1a: Tapu Fini|Tapu Fini|100/100
|-fieldstart|move: Misty Terrain|[from] ability: Misty Surge|[of] p1a: Tapu Fini
|move|p2a: Dragapult|Dragon Darts|p1a: Tapu Fini
|-immune|p1a: Tapu Fini
|
|upkeep
|turn|14
|
|t:|1614102066
|move|p2a: Dragapult|Phantom Force||[still]
|-prepare|p2a: Dragapult|Phantom Force
|move|p1a: Tapu Fini|Moonblast|p2a: Dragapult|[miss]
|-miss|p1a: Tapu Fini|p2a: Dragapult
|
|upkeep
|turn|15
|
|t:|1614102074
|switch|p1a: Landorus|Landorus-Therian, M|24/100
|-ability|p1a: Landorus|Intimidate|boost
|-unboost|p2a: Dragapult|atk|1
|move|p2a: Dragapult|Phantom Force|p1a: Landorus|[from]lockedmove
|-damage|p1a: Landorus|2/100
|-damage|p2a: Dragapult|7/100|[from] item: Rocky Helmet|[of] p1a: Landorus
|
|upkeep
|turn|16
|
|t:|1614102088
|switch|p1a: Tapu Fini|Tapu Fini|100/100
|move|p2a: Dragapult|Dragon Darts|p1a: Tapu Fini
|-immune|p1a: Tapu Fini
|
|upkeep
|turn|17
|
|t:|1614102094
|move|p2a: Dragapult|Phantom Force||[still]
|-prepare|p2a: Dragapult|Phantom Force
|move|p1a: Tapu Fini|Knock Off|p2a: Dragapult|[miss]
|-miss|p1a: Tapu Fini|p2a: Dragapult
|
|-fieldend|Misty Terrain
|upkeep
|turn|18
|
|t:|1614102101
|switch|p1a: Landorus|Landorus-Therian, M|2/100
|-ability|p1a: Landorus|Intimidate|boost
|-unboost|p2a: Dragapult|atk|1
|move|p2a: Dragapult|Phantom Force|p1a: Landorus|[from]lockedmove
|-damage|p1a: Landorus|0 fnt
|-damage|p2a: Dragapult|0 fnt|[from] item: Rocky Helmet|[of] p1a: Landorus
|faint|p1a: Landorus
|faint|p2a: Dragapult
|
|upkeep
|
|t:|1614102111
|switch|p2a: Garchomp|Garchomp, F|100/100
|switch|p1a: Rillaboom|Rillaboom, M|81/100
|-damage|p2a: Garchomp|94/100|[from] Stealth Rock
|-fieldstart|move: Grassy Terrain|[from] ability: Grassy Surge|[of] p1a: Rillaboom
|turn|19
|
|t:|1614102120
|move|p2a: Garchomp|Swords Dance|p2a: Garchomp
|-boost|p2a: Garchomp|atk|2
|move|p1a: Rillaboom|Swords Dance|p1a: Rillaboom
|-boost|p1a: Rillaboom|atk|2
|
|-heal|p2a: Garchomp|100/100|[from] Grassy Terrain
|-heal|p1a: Rillaboom|87/100|[from] Grassy Terrain
|upkeep
|turn|20
|
|t:|1614102133
|move|p1a: Rillaboom|Grassy Glide|p2a: Garchomp
|-damage|p2a: Garchomp|0 fnt
|-damage|p1a: Rillaboom|74/100|[from] ability: Rough Skin|[of] p2a: Garchomp
|-damage|p1a: Rillaboom|64/100|[from] item: Life Orb
|faint|p2a: Garchomp
|
|-heal|p1a: Rillaboom|71/100|[from] Grassy Terrain
|upkeep
|
|t:|1614102142
|switch|p2a: Tapu Koko|Tapu Koko|28/100
|-damage|p2a: Tapu Koko|16/100|[from] Stealth Rock
|-fieldstart|move: Electric Terrain|[from] ability: Electric Surge|[of] p2a: Tapu Koko
|turn|21
|
|t:|1614102148
|switch|p1a: Tapu Fini|Tapu Fini|100/100
|-fieldstart|move: Misty Terrain|[from] ability: Misty Surge|[of] p1a: Tapu Fini
|move|p2a: Tapu Koko|Reflect|p2a: Tapu Koko
|-sidestart|p2: lizzyPark|Reflect
|
|upkeep
|turn|22
|
|t:|1614102156
|move|p2a: Tapu Koko|Light Screen|p2a: Tapu Koko
|-sidestart|p2: lizzyPark|move: Light Screen
|move|p1a: Tapu Fini|Calm Mind|p1a: Tapu Fini
|-boost|p1a: Tapu Fini|spa|1
|-boost|p1a: Tapu Fini|spd|1
|
|upkeep
|turn|23
|
|t:|1614102161
|move|p2a: Tapu Koko|Taunt|p1a: Tapu Fini
|-start|p1a: Tapu Fini|move: Taunt
|move|p1a: Tapu Fini|Knock Off|p2a: Tapu Koko
|-resisted|p2a: Tapu Koko
|-damage|p2a: Tapu Koko|13/100
|
|upkeep
|turn|24
|
|t:|1614102167
|move|p2a: Tapu Koko|U-turn|p1a: Tapu Fini
|-resisted|p1a: Tapu Fini
|-damage|p1a: Tapu Fini|94/100
|
|t:|1614102169
|switch|p2a: Cloyster|Cloyster, F|100/100|[from]move: U-turn
|-damage|p2a: Cloyster|76/100|[from] Stealth Rock
|move|p1a: Tapu Fini|Knock Off|p2a: Cloyster
|-damage|p2a: Cloyster|68/100
|-enditem|p2a: Cloyster|King's Rock|[from] move: Knock Off|[of] p1a: Tapu Fini
|
|-heal|p1a: Tapu Fini|99/100|[from] item: Leftovers
|upkeep
|turn|25
|-message|lizzyPark forfeited.
|
|win|Blaze Fenix
|l|☆lizzyPark
||Ladder (probably) updated, but score could not be retrieved (Request timeout).
