|j|☆Pepetovzl
|j|☆VirginJimmy99
|t:|1644018020
|gametype|singles
|player|p1|Pepetovzl|drayden|1444
|player|p2|VirginJimmy99|rocketgrunt|1423
|teamsize|p1|6
|teamsize|p2|6
|gen|8
|tier|[Gen 8] OU
|rated|
|rule|Sleep Clause Mod: Limit one foe put to sleep
|rule|Species Clause: Limit one of each Pokémon
|rule|OHKO Clause: OHKO moves are banned
|rule|Evasion Moves Clause: Evasion moves are banned
|rule|Endless Battle Clause: Forcing endless battles is banned
|rule|HP Percentage Mod: HP is shown in percentages
|rule|Dynamax Clause: You cannot dynamax
|clearpoke
|poke|p1|Volcarona, M|
|poke|p1|Blissey, F|
|poke|p1|Garchomp, M|
|poke|p1|Gengar, F|
|poke|p1|Gyarados, F|
|poke|p1|Kartana|
|poke|p2|Escavalier, F|
|poke|p2|Ninetales-Alola, F|
|poke|p2|Arctozolt|
|poke|p2|Landorus-Therian, M|
|poke|p2|Tapu Fini|
|poke|p2|Kommo-o, F|
|teampreview
|inactive|Battle timer is ON: inactive players will automatically lose when time's up. (requested by Pepetovzl)
|
|t:|1644018038
|start
|switch|p1a: Gengar|Gengar, F|100/100
|switch|p2a: Ninetales|Ninetales-Alola, F|100/100
|-weather|Hail|[from] ability: Snow Warning|[of] p2a: Ninetales
|turn|1
|
|t:|1644018045
|switch|p2a: Landorus|Landorus-Therian, M|100/100
|-ability|p2a: Landorus|Intimidate|boost
|-unboost|p1a: Gengar|atk|1
|move|p1a: Gengar|Sludge Wave|p2a: Landorus
|-resisted|p2a: Landorus
|-damage|p2a: Landorus|76/100
|
|-weather|Hail|[upkeep]
|-damage|p1a: Gengar|94/100|[from] Hail
|-damage|p2a: Landorus|70/100|[from] Hail
|-heal|p2a: Landorus|76/100|[from] item: Leftovers
|upkeep
|turn|2
|
|t:|1644018057
|switch|p1a: Gyarados|Gyarados, F|100/100
|-ability|p1a: Gyarados|Intimidate|boost
|-unboost|p2a: Landorus|atk|1
|move|p2a: Landorus|Earthquake|p1a: Gyarados
|-immune|p1a: Gyarados
|
|-weather|Hail|[upkeep]
|-damage|p1a: Gyarados|94/100|[from] Hail
|-damage|p2a: Landorus|70/100|[from] Hail
|-heal|p2a: Landorus|76/100|[from] item: Leftovers
|upkeep
|turn|3
|
|t:|1644018067
|switch|p2a: Tapu Fini|Tapu Fini|100/100
|-fieldstart|move: Misty Terrain|[from] ability: Misty Surge|[of] p2a: Tapu Fini
|move|p1a: Gyarados|Taunt|p2a: Tapu Fini
|-start|p2a: Tapu Fini|move: Taunt
|
|-weather|Hail|[upkeep]
|-damage|p2a: Tapu Fini|94/100|[from] Hail
|-damage|p1a: Gyarados|88/100|[from] Hail
|upkeep
|turn|4
|
|t:|1644018076
|switch|p1a: Blissey|Blissey, F|100/100
|move|p2a: Tapu Fini|Moonblast|p1a: Blissey
|-damage|p1a: Blissey|87/100
|
|-weather|Hail|[upkeep]
|-damage|p2a: Tapu Fini|88/100|[from] Hail
|-damage|p1a: Blissey|80/100|[from] Hail
|-heal|p1a: Blissey|87/100|[from] item: Leftovers
|upkeep
|turn|5
|
|t:|1644018084
|switch|p2a: Escavalier|Escavalier, F|100/100
|move|p1a: Blissey|Seismic Toss|p2a: Escavalier
|-damage|p2a: Escavalier|71/100
|
|-weather|Hail|[upkeep]
|-damage|p1a: Blissey|80/100|[from] Hail
|-heal|p1a: Blissey|87/100|[from] item: Leftovers
|-heal|p2a: Escavalier|78/100|[from] item: Leftovers
|upkeep
|turn|6
|
|t:|1644018097
|switch|p1a: Volcarona|Volcarona, M|100/100
|move|p2a: Escavalier|Knock Off|p1a: Volcarona
|-damage|p1a: Volcarona|61/100
|-enditem|p1a: Volcarona|Heavy-Duty Boots|[from] move: Knock Off|[of] p2a: Escavalier
|
|-weather|Hail|[upkeep]
|-damage|p1a: Volcarona|55/100|[from] Hail
|-heal|p2a: Escavalier|84/100|[from] item: Leftovers
|upkeep
|turn|7
|
|t:|1644018106
|move|p1a: Volcarona|Roost|p1a: Volcarona
|-heal|p1a: Volcarona|100/100
|-singleturn|p1a: Volcarona|move: Roost
|move|p2a: Escavalier|Encore|p1a: Volcarona
|-start|p1a: Volcarona|Encore
|
|-weather|Hail|[upkeep]
|-damage|p1a: Volcarona|94/100|[from] Hail
|-heal|p2a: Escavalier|90/100|[from] item: Leftovers
|-fieldend|Misty Terrain
|upkeep
|turn|8
|
|t:|1644018115
|switch|p1a: Garchomp|Garchomp, M|100/100
|move|p2a: Escavalier|Swords Dance|p2a: Escavalier
|-boost|p2a: Escavalier|atk|2
|
|-weather|none
|-heal|p2a: Escavalier|96/100|[from] item: Leftovers
|upkeep
|turn|9
|
|t:|1644018123
|move|p1a: Garchomp|Earthquake|p2a: Escavalier
|-damage|p2a: Escavalier|49/100
|move|p2a: Escavalier|Iron Head|p1a: Garchomp
|-damage|p1a: Garchomp|16/100
|-damage|p2a: Escavalier|37/100|[from] ability: Rough Skin|[of] p1a: Garchomp
|
|-heal|p2a: Escavalier|43/100|[from] item: Leftovers
|upkeep
|turn|10
|
|t:|1644018131
|switch|p1a: Volcarona|Volcarona, M|94/100
|switch|p2a: Landorus|Landorus-Therian, M|76/100
|-ability|p2a: Landorus|Intimidate|boost
|-unboost|p1a: Volcarona|atk|1
|
|-heal|p2a: Landorus|82/100|[from] item: Leftovers
|upkeep
|turn|11
|
|t:|1644018140
|move|p1a: Volcarona|Fiery Dance|p2a: Landorus
|-damage|p2a: Landorus|50/100
|move|p2a: Landorus|Toxic|p1a: Volcarona
|-status|p1a: Volcarona|tox
|
|-heal|p2a: Landorus|57/100|[from] item: Leftovers
|-damage|p1a: Volcarona|88/100 tox|[from] psn
|upkeep
|turn|12
|
|t:|1644018150
|switch|p1a: Gyarados|Gyarados, F|88/100
|-ability|p1a: Gyarados|Intimidate|boost
|-unboost|p2a: Landorus|atk|1
|move|p2a: Landorus|Stealth Rock|p1a: Gyarados
|-sidestart|p1: Pepetovzl|move: Stealth Rock
|
|-heal|p2a: Landorus|63/100|[from] item: Leftovers
|upkeep
|turn|13
|
|t:|1644018157
|switch|p2a: Tapu Fini|Tapu Fini|88/100
|-fieldstart|move: Misty Terrain|[from] ability: Misty Surge|[of] p2a: Tapu Fini
|move|p1a: Gyarados|Taunt|p2a: Tapu Fini
|-start|p2a: Tapu Fini|move: Taunt
|
|upkeep
|turn|14
|
|t:|1644018166
|switch|p2a: Arctozolt|Arctozolt|100/100
|switch|p1a: Blissey|Blissey, F|87/100
|-damage|p1a: Blissey|74/100|[from] Stealth Rock
|
|-heal|p1a: Blissey|80/100|[from] item: Leftovers
|upkeep
|turn|15
|
|t:|1644018175
|move|p2a: Arctozolt|Bolt Beak|p1a: Blissey
|-damage|p1a: Blissey|13/100
|move|p1a: Blissey|Seismic Toss|p2a: Arctozolt
|-damage|p2a: Arctozolt|69/100
|
|-heal|p1a: Blissey|19/100|[from] item: Leftovers
|upkeep
|turn|16
|
|t:|1644018184
|switch|p1a: Garchomp|Garchomp, M|16/100
|-damage|p1a: Garchomp|10/100|[from] Stealth Rock
|move|p2a: Arctozolt|Low Kick|p1a: Garchomp
|-damage|p1a: Garchomp|0 fnt
|-damage|p2a: Arctozolt|57/100|[from] ability: Rough Skin|[of] p1a: Garchomp
|faint|p1a: Garchomp
|
|upkeep
|
|t:|1644018192
|switch|p1a: Gengar|Gengar, F|94/100
|-damage|p1a: Gengar|82/100|[from] Stealth Rock
|turn|17
|
|t:|1644018197
|switch|p2a: Ninetales|Ninetales-Alola, F|100/100
|-weather|Hail|[from] ability: Snow Warning|[of] p2a: Ninetales
|move|p1a: Gengar|Shadow Ball|p2a: Ninetales
|-damage|p2a: Ninetales|30/100
|-unboost|p2a: Ninetales|spd|1
|
|-weather|Hail|[upkeep]
|-damage|p1a: Gengar|76/100|[from] Hail
|-fieldend|Misty Terrain
|upkeep
|turn|18
|
|t:|1644018207
|switch|p2a: Kommo-o|Kommo-o, F|100/100
|move|p1a: Gengar|Shadow Ball|p2a: Kommo-o
|-immune|p2a: Kommo-o|[from] ability: Bulletproof
|
|-weather|Hail|[upkeep]
|-damage|p1a: Gengar|70/100|[from] Hail
|-damage|p2a: Kommo-o|94/100|[from] Hail
|-heal|p2a: Kommo-o|100/100|[from] item: Leftovers
|upkeep
|turn|19
|
|t:|1644018217
|switch|p1a: Gyarados|Gyarados, F|88/100
|-damage|p1a: Gyarados|64/100|[from] Stealth Rock
|-ability|p1a: Gyarados|Intimidate|boost
|-unboost|p2a: Kommo-o|atk|1
|move|p2a: Kommo-o|Scale Shot|p1a: Gyarados
|-damage|p1a: Gyarados|55/100
|-damage|p1a: Gyarados|45/100
|-damage|p1a: Gyarados|35/100
|-hitcount|p1a: Gyarados|3
|-unboost|p2a: Kommo-o|def|1
|-boost|p2a: Kommo-o|spe|1
|
|-weather|Hail|[upkeep]
|-damage|p2a: Kommo-o|94/100|[from] Hail
|-damage|p1a: Gyarados|29/100|[from] Hail
|-heal|p2a: Kommo-o|100/100|[from] item: Leftovers
|upkeep
|turn|20
|
|t:|1644018232
|move|p2a: Kommo-o|Swords Dance|p2a: Kommo-o
|-boost|p2a: Kommo-o|atk|2
|move|p1a: Gyarados|Earthquake|p2a: Kommo-o
|-damage|p2a: Kommo-o|50/100
|
|-weather|Hail|[upkeep]
|-damage|p2a: Kommo-o|44/100|[from] Hail
|-damage|p1a: Gyarados|23/100|[from] Hail
|-heal|p2a: Kommo-o|50/100|[from] item: Leftovers
|upkeep
|turn|21
|
|t:|1644018241
|move|p2a: Kommo-o|Scale Shot|p1a: Gyarados
|-damage|p1a: Gyarados|1/100
|-damage|p1a: Gyarados|0 fnt
|faint|p1a: Gyarados
|-hitcount|p1: Gyarados|2
|-unboost|p2a: Kommo-o|def|1
|-boost|p2a: Kommo-o|spe|1
|
|-weather|Hail|[upkeep]
|-damage|p2a: Kommo-o|44/100|[from] Hail
|-heal|p2a: Kommo-o|50/100|[from] item: Leftovers
|upkeep
|
|t:|1644018251
|switch|p1a: Kartana|Kartana|100/100
|-damage|p1a: Kartana|94/100|[from] Stealth Rock
|turn|22
|
|t:|1644018256
|move|p2a: Kommo-o|Close Combat|p1a: Kartana
|-supereffective|p1a: Kartana
|-damage|p1a: Kartana|0 fnt
|-unboost|p2a: Kommo-o|def|1
|-unboost|p2a: Kommo-o|spd|1
|faint|p1a: Kartana
|
|-weather|Hail|[upkeep]
|-damage|p2a: Kommo-o|44/100|[from] Hail
|-heal|p2a: Kommo-o|50/100|[from] item: Leftovers
|upkeep
|-message|Pepetovzl forfeited.
|
|win|VirginJimmy99
|raw|Pepetovzl's rating: 1444 &rarr; <strong>1423</strong><br />(-21 for losing)
|raw|VirginJimmy99's rating: 1423 &rarr; <strong>1444</strong><br />(+21 for winning)
|l|☆Pepetovzl
