|html|<div class="broadcast-blue"><strong>[Gen 8] OU is currently suspecting Spectrier! For information on how to participate check out the <a href="https://www.smogon.com/forums/threads/np-ss-ou-suspect-process-round-9-old-town-road.3676744/">suspect thread</a>.</strong></div>
|j|☆BugCatcherWeevil
|j|☆yau5
|t:|1612350436
|player|p1|BugCatcherWeevil|7|1620
|player|p2|yau5|1|1587
|teamsize|p1|6
|teamsize|p2|6
|gametype|singles
|gen|8
|tier|[Gen 8] OU
|rated|
|clearpoke
|poke|p1|Cinderace, F|
|poke|p1|Kyurem|
|poke|p1|Jirachi|
|poke|p1|Hippowdon, F|
|poke|p1|Dragapult, M|
|poke|p1|Mandibuzz, F|
|poke|p2|Pelipper, M|
|poke|p2|Zapdos|
|poke|p2|Barraskewda, M|
|poke|p2|Ferrothorn, F|
|poke|p2|Garchomp, M|
|poke|p2|Azumarill, F|
|rule|Sleep Clause Mod: Limit one foe put to sleep
|rule|Species Clause: Limit one of each Pokémon
|rule|OHKO Clause: OHKO moves are banned
|rule|Evasion Moves Clause: Evasion moves are banned
|rule|Endless Battle Clause: Forcing endless battles is banned
|rule|HP Percentage Mod: HP is shown in percentages
|rule|Dynamax Clause: You cannot dynamax
|teampreview
|
|t:|1612350453
|start
|switch|p1a: Dragapult|Dragapult, M|100/100
|switch|p2a: Pelipper|Pelipper, M|100/100
|-weather|RainDance|[from] ability: Drizzle|[of] p2a: Pelipper
|turn|1
|
|t:|1612350466
|switch|p2a: Ferrothorn|Ferrothorn, F|100/100
|move|p1a: Dragapult|Shadow Ball|p2a: Ferrothorn
|-damage|p2a: Ferrothorn|64/100
|-unboost|p2a: Ferrothorn|spd|1
|
|-weather|RainDance|[upkeep]
|-heal|p2a: Ferrothorn|70/100|[from] item: Leftovers
|upkeep
|turn|2
|
|t:|1612350486
|move|p1a: Dragapult|Shadow Ball|p2a: Ferrothorn
|-damage|p2a: Ferrothorn|20/100
|move|p2a: Ferrothorn|Knock Off|p1a: Dragapult
|-supereffective|p1a: Dragapult
|-crit|p1a: Dragapult
|-damage|p1a: Dragapult|11/100
|-enditem|p1a: Dragapult|Choice Specs|[from] move: Knock Off|[of] p2a: Ferrothorn
|
|-weather|RainDance|[upkeep]
|-heal|p2a: Ferrothorn|26/100|[from] item: Leftovers
|upkeep
|turn|3
|
|t:|1612350496
|switch|p2a: Garchomp|Garchomp, M|100/100
|move|p1a: Dragapult|Shadow Ball|p2a: Garchomp
|-damage|p2a: Garchomp|67/100
|
|-weather|RainDance|[upkeep]
|upkeep
|turn|4
|
|t:|1612350510
|move|p1a: Dragapult|Draco Meteor|p2a: Garchomp
|-supereffective|p2a: Garchomp
|-damage|p2a: Garchomp|0 fnt
|-unboost|p1a: Dragapult|spa|2
|faint|p2a: Garchomp
|
|-weather|RainDance|[upkeep]
|upkeep
|
|t:|1612350518
|switch|p2a: Barraskewda|Barraskewda, M|100/100
|turn|5
|
|t:|1612350523
|switch|p1a: Hippowdon|Hippowdon, F|100/100
|-weather|Sandstorm|[from] ability: Sand Stream|[of] p1a: Hippowdon
|move|p2a: Barraskewda|Liquidation|p1a: Hippowdon
|-supereffective|p1a: Hippowdon
|-damage|p1a: Hippowdon|31/100
|-damage|p2a: Barraskewda|84/100|[from] item: Rocky Helmet|[of] p1a: Hippowdon
|
|-weather|Sandstorm|[upkeep]
|-damage|p2a: Barraskewda|78/100|[from] Sandstorm
|upkeep
|turn|6
|
|t:|1612350535
|switch|p1a: Mandibuzz|Mandibuzz, F|100/100
|move|p2a: Barraskewda|Liquidation|p1a: Mandibuzz
|-damage|p1a: Mandibuzz|54/100
|
|-weather|Sandstorm|[upkeep]
|-damage|p2a: Barraskewda|72/100|[from] Sandstorm
|upkeep
|turn|7
|
|t:|1612350543
|switch|p2a: Pelipper|Pelipper, M|100/100
|-weather|RainDance|[from] ability: Drizzle|[of] p2a: Pelipper
|move|p1a: Mandibuzz|U-turn|p2a: Pelipper
|-resisted|p2a: Pelipper
|-damage|p2a: Pelipper|96/100
|
|t:|1612350549
|switch|p1a: Kyurem|Kyurem|100/100|[from]move: U-turn
|-ability|p1a: Kyurem|Pressure
|
|-weather|RainDance|[upkeep]
|upkeep
|turn|8
|
|t:|1612350560
|switch|p2a: Ferrothorn|Ferrothorn, F|26/100
|move|p1a: Kyurem|Freeze-Dry|p2a: Ferrothorn
|-damage|p2a: Ferrothorn|0 fnt
|faint|p2a: Ferrothorn
|
|-weather|RainDance|[upkeep]
|upkeep
|
|t:|1612350566
|switch|p2a: Barraskewda|Barraskewda, M|72/100
|turn|9
|
|t:|1612350577
|switch|p1a: Jirachi|Jirachi|100/100
|move|p2a: Barraskewda|Close Combat|p1a: Jirachi
|-damage|p1a: Jirachi|43/100
|-unboost|p2a: Barraskewda|def|1
|-unboost|p2a: Barraskewda|spd|1
|
|-weather|RainDance|[upkeep]
|-heal|p1a: Jirachi|49/100|[from] item: Leftovers
|upkeep
|turn|10
|
|t:|1612350587
|switch|p2a: Azumarill|Azumarill, F|100/100
|switch|p1a: Dragapult|Dragapult, M|11/100
|
|-weather|RainDance|[upkeep]
|upkeep
|turn|11
|
|t:|1612350593
|switch|p1a: Jirachi|Jirachi|49/100
|move|p2a: Azumarill|Aqua Jet|p1a: Jirachi
|-damage|p1a: Jirachi|4/100
|
|-weather|RainDance|[upkeep]
|-heal|p1a: Jirachi|10/100|[from] item: Leftovers
|upkeep
|turn|12
|
|t:|1612350601
|move|p2a: Azumarill|Aqua Jet|p1a: Jirachi
|-damage|p1a: Jirachi|0 fnt
|faint|p1a: Jirachi
|
|-weather|RainDance|[upkeep]
|upkeep
|
|t:|1612350606
|switch|p1a: Kyurem|Kyurem|100/100
|-ability|p1a: Kyurem|Pressure
|turn|13
|
|t:|1612350615
|move|p2a: Azumarill|Aqua Jet|p1a: Kyurem
|-resisted|p1a: Kyurem
|-damage|p1a: Kyurem|73/100
|move|p1a: Kyurem|Freeze-Dry|p2a: Azumarill
|-supereffective|p2a: Azumarill
|-damage|p2a: Azumarill|0 fnt
|faint|p2a: Azumarill
|
|-weather|RainDance|[upkeep]
|upkeep
|
|t:|1612350622
|switch|p2a: Barraskewda|Barraskewda, M|72/100
|turn|14
|
|t:|1612350635
|switch|p1a: Hippowdon|Hippowdon, F|31/100
|-weather|Sandstorm|[from] ability: Sand Stream|[of] p1a: Hippowdon
|move|p2a: Barraskewda|Close Combat|p1a: Hippowdon
|-damage|p1a: Hippowdon|0 fnt
|-unboost|p2a: Barraskewda|def|1
|-unboost|p2a: Barraskewda|spd|1
|-damage|p2a: Barraskewda|56/100|[from] item: Rocky Helmet|[of] p1a: Hippowdon
|faint|p1a: Hippowdon
|
|-weather|Sandstorm|[upkeep]
|-damage|p2a: Barraskewda|50/100|[from] Sandstorm
|upkeep
|
|t:|1612350648
|switch|p1a: Dragapult|Dragapult, M|11/100
|turn|15
|
|t:|1612350653
|switch|p2a: Pelipper|Pelipper, M|96/100
|-weather|RainDance|[from] ability: Drizzle|[of] p2a: Pelipper
|move|p1a: Dragapult|U-turn|p2a: Pelipper
|-resisted|p2a: Pelipper
|-damage|p2a: Pelipper|90/100
|
|t:|1612350661
|switch|p1a: Kyurem|Kyurem|73/100|[from]move: U-turn
|-ability|p1a: Kyurem|Pressure
|
|-weather|RainDance|[upkeep]
|upkeep
|turn|16
|j| Shane Tsung
|
|t:|1612350671
|move|p1a: Kyurem|Freeze-Dry|p2a: Pelipper
|-supereffective|p2a: Pelipper
|-damage|p2a: Pelipper|0 fnt
|faint|p2a: Pelipper
|
|-weather|RainDance|[upkeep]
|upkeep
|
|t:|1612350679
|switch|p2a: Zapdos|Zapdos|100/100
|turn|17
|
|t:|1612350691
|switch|p1a: Cinderace|Cinderace, F|100/100
|move|p2a: Zapdos|Hurricane|p1a: Cinderace
|-damage|p1a: Cinderace|16/100
|-start|p1a: Cinderace|confusion
|
|-weather|RainDance|[upkeep]
|upkeep
|turn|18
|
|t:|1612350700
|-activate|p1a: Cinderace|confusion
|move|p1a: Cinderace|Zen Headbutt|p2a: Zapdos
|-start|p1a: Cinderace|typechange|Psychic|[from] ability: Libero
|-damage|p2a: Zapdos|53/100
|-status|p1a: Cinderace|par|[from] ability: Static|[of] p2a: Zapdos
|move|p2a: Zapdos|Hurricane|p1a: Cinderace
|-damage|p1a: Cinderace|0 fnt
|faint|p1a: Cinderace
|
|-weather|RainDance|[upkeep]
|upkeep
|j| ulosesir
|
|t:|1612350714
|switch|p1a: Dragapult|Dragapult, M|11/100
|turn|19
|
|t:|1612350721
|move|p1a: Dragapult|Draco Meteor|p2a: Zapdos
|-damage|p2a: Zapdos|0 fnt
|-unboost|p1a: Dragapult|spa|2
|faint|p2a: Zapdos
|
|-weather|RainDance|[upkeep]
|upkeep
|
|t:|1612350726
|switch|p2a: Barraskewda|Barraskewda, M|50/100
|turn|20
|
|t:|1612350729
|move|p2a: Barraskewda|Liquidation|p1a: Dragapult
|-resisted|p1a: Dragapult
|-damage|p1a: Dragapult|0 fnt
|faint|p1a: Dragapult
|
|-weather|RainDance|[upkeep]
|upkeep
|
|t:|1612350735
|switch|p1a: Mandibuzz|Mandibuzz, F|54/100
|turn|21
|
|t:|1612350740
|move|p2a: Barraskewda|Liquidation|p1a: Mandibuzz
|-damage|p1a: Mandibuzz|0 fnt
|faint|p1a: Mandibuzz
|
|-weather|RainDance|[upkeep]
|upkeep
|
|t:|1612350745
|switch|p1a: Kyurem|Kyurem|73/100
|-ability|p1a: Kyurem|Pressure
|turn|22
|
|t:|1612350749
|move|p2a: Barraskewda|Liquidation|p1a: Kyurem
|-resisted|p1a: Kyurem
|-damage|p1a: Kyurem|26/100
|move|p1a: Kyurem|Freeze-Dry|p2a: Barraskewda
|-supereffective|p2a: Barraskewda
|-damage|p2a: Barraskewda|0 fnt
|faint|p2a: Barraskewda
|
|win|BugCatcherWeevil
|raw|BugCatcherWeevil's rating: 1620 &rarr; <strong>1638</strong><br />(+18 for winning)
|raw|yau5's rating: 1586 &rarr; <strong>1568</strong><br />(-18 for losing)
|l|☆yau5
