|raw|<div class="broadcast-blue"><strong>This battle is required to be public due to a player having a name starting with 'lt92pf'.</div>
|j|☆LT92PF casual
|j|☆Orangesavior
|t:|1659817779
|gametype|singles
|player|p1|LT92PF casual|leon-masters|1688
|player|p2|Orangesavior|silver|1631
|teamsize|p1|6
|teamsize|p2|6
|gen|8
|tier|[Gen 8] OU
|rated|
|rule|Sleep Clause Mod: Limit one foe put to sleep
|rule|Species Clause: Limit one of each Pokémon
|rule|OHKO Clause: OHKO moves are banned
|rule|Evasion Items Clause: Evasion items are banned
|rule|Evasion Moves Clause: Evasion moves are banned
|rule|Endless Battle Clause: Forcing endless battles is banned
|rule|HP Percentage Mod: HP is shown in percentages
|rule|Dynamax Clause: You cannot dynamax
|clearpoke
|poke|p1|Mew|
|poke|p1|Grimmsnarl, M|
|poke|p1|Rillaboom, M|
|poke|p1|Kartana|
|poke|p1|Hawlucha, M|
|poke|p1|Blacephalon|
|poke|p2|Pelipper, F|
|poke|p2|Barraskewda, F|
|poke|p2|Ferrothorn, F|
|poke|p2|Seismitoad, F|
|poke|p2|Tapu Koko|
|poke|p2|Tornadus-Therian, M|
|teampreview
|inactive|Battle timer is ON: inactive players will automatically lose when time's up. (requested by Orangesavior)
|
|t:|1659817783
|start
|switch|p1a: Mew|Mew|100/100
|switch|p2a: Speed Overdose|Tapu Koko|100/100
|-fieldstart|move: Electric Terrain|[from] ability: Electric Surge|[of] p2a: Speed Overdose
|turn|1
|
|t:|1659817788
|move|p2a: Speed Overdose|Volt Switch|p1a: Mew
|-damage|p1a: Mew|54/100
|
|t:|1659817792
|switch|p2a: One fish two fish|Barraskewda, F|100/100|[from]move: Volt Switch
|move|p1a: Mew|Stealth Rock|p2a: One fish two fish
|-sidestart|p2: Orangesavior|move: Stealth Rock
|
|upkeep
|turn|2
|
|t:|1659817799
|move|p2a: One fish two fish|Liquidation|p1a: Mew
|-damage|p1a: Mew|0 fnt
|faint|p1a: Mew
|
|upkeep
|
|t:|1659817802
|switch|p1a: Rillaboom|Rillaboom, M|100/100
|-fieldstart|move: Grassy Terrain|[from] ability: Grassy Surge|[of] p1a: Rillaboom
|turn|3
|
|t:|1659817806
|switch|p2a: Lando Black sheep|Tornadus-Therian, M|100/100
|move|p1a: Rillaboom|Knock Off|p2a: Lando Black sheep
|-damage|p2a: Lando Black sheep|51/100
|-enditem|p2a: Lando Black sheep|Heavy-Duty Boots|[from] move: Knock Off|[of] p1a: Rillaboom
|-damage|p1a: Rillaboom|91/100|[from] item: Life Orb
|
|-heal|p1a: Rillaboom|97/100|[from] Grassy Terrain
|upkeep
|turn|4
|
|t:|1659817811
|switch|p1a: Grimmsnarl|Grimmsnarl, M|100/100
|move|p2a: Lando Black sheep|Defog|p1a: Grimmsnarl
|-unboost|p1a: Grimmsnarl|evasion|1
|-sideend|p2: Orangesavior|Stealth Rock|[from] move: Defog|[of] p2a: Lando Black sheep
|-fieldend|move: Grassy Terrain
|
|upkeep
|turn|5
|
|t:|1659817816
|move|p1a: Grimmsnarl|Reflect|p1a: Grimmsnarl
|-sidestart|p1: LT92PF casual|Reflect
|move|p2a: Lando Black sheep|Knock Off|p1a: Grimmsnarl
|-resisted|p1a: Grimmsnarl
|-damage|p1a: Grimmsnarl|97/100
|-enditem|p1a: Grimmsnarl|Light Clay|[from] move: Knock Off|[of] p2a: Lando Black sheep
|
|upkeep
|turn|6
|
|t:|1659817824
|switch|p2a: Hates rain|Ferrothorn, F|100/100
|move|p1a: Grimmsnarl|Light Screen|p1a: Grimmsnarl
|-sidestart|p1: LT92PF casual|move: Light Screen
|
|upkeep
|turn|7
|
|t:|1659817834
|move|p1a: Grimmsnarl|Taunt|p2a: Hates rain
|-start|p2a: Hates rain|move: Taunt
|move|p2a: Hates rain|Knock Off|p1a: Grimmsnarl
|-resisted|p1a: Grimmsnarl
|-damage|p1a: Grimmsnarl|95/100
|
|upkeep
|turn|8
|
|t:|1659817841
|switch|p1a: Rillaboom|Rillaboom, M|97/100
|-fieldstart|move: Grassy Terrain|[from] ability: Grassy Surge|[of] p1a: Rillaboom
|move|p2a: Hates rain|Knock Off|p1a: Rillaboom
|-damage|p1a: Rillaboom|86/100
|-enditem|p1a: Rillaboom|Life Orb|[from] move: Knock Off|[of] p2a: Hates rain
|
|-heal|p1a: Rillaboom|92/100|[from] Grassy Terrain
|upkeep
|turn|9
|
|t:|1659817853
|switch|p2a: Lando Black sheep|Tornadus-Therian, M|84/100
|move|p1a: Rillaboom|Swords Dance|p1a: Rillaboom
|-boost|p1a: Rillaboom|atk|2
|
|-heal|p1a: Rillaboom|98/100|[from] Grassy Terrain
|upkeep
|turn|10
|
|t:|1659817858
|move|p1a: Rillaboom|Grassy Glide|p2a: Lando Black sheep
|-resisted|p2a: Lando Black sheep
|-damage|p2a: Lando Black sheep|31/100
|move|p2a: Lando Black sheep|Defog|p1a: Rillaboom
|-unboost|p1a: Rillaboom|evasion|1
|-sideend|p1: LT92PF casual|Reflect
|-sideend|p1: LT92PF casual|move: Light Screen
|-fieldend|move: Grassy Terrain
|
|upkeep
|turn|11
|
|t:|1659817865
|move|p2a: Lando Black sheep|U-turn|p1a: Rillaboom
|-supereffective|p1a: Rillaboom
|-damage|p1a: Rillaboom|66/100
|
|t:|1659817869
|switch|p2a: Hates rain|Ferrothorn, F|100/100|[from]move: U-turn
|move|p1a: Rillaboom|Knock Off|p2a: Hates rain
|-damage|p2a: Hates rain|55/100
|-damage|p1a: Rillaboom|53/100|[from] ability: Iron Barbs|[of] p2a: Hates rain
|-enditem|p2a: Hates rain|Leftovers|[from] move: Knock Off|[of] p1a: Rillaboom
|
|upkeep
|turn|12
|
|t:|1659817873
|switch|p2a: Lando Black sheep|Tornadus-Therian, M|64/100
|move|p1a: Rillaboom|Superpower|p2a: Lando Black sheep
|-resisted|p2a: Lando Black sheep
|-damage|p2a: Lando Black sheep|13/100
|-unboost|p1a: Rillaboom|atk|1
|-unboost|p1a: Rillaboom|def|1
|
|upkeep
|turn|13
|
|t:|1659817880
|switch|p1a: Grimmsnarl|Grimmsnarl, M|95/100
|move|p2a: Lando Black sheep|U-turn|p1a: Grimmsnarl
|-damage|p1a: Grimmsnarl|75/100
|
|t:|1659817882
|switch|p2a: Speed Overdose|Tapu Koko|100/100|[from]move: U-turn
|-fieldstart|move: Electric Terrain|[from] ability: Electric Surge|[of] p2a: Speed Overdose
|
|upkeep
|turn|14
|
|t:|1659817885
|move|p1a: Grimmsnarl|Light Screen|p1a: Grimmsnarl
|-sidestart|p1: LT92PF casual|move: Light Screen
|move|p2a: Speed Overdose|Volt Switch|p1a: Grimmsnarl
|-damage|p1a: Grimmsnarl|43/100
|
|t:|1659817890
|switch|p2a: Lando Black sheep|Tornadus-Therian, M|46/100|[from]move: Volt Switch
|
|upkeep
|turn|15
|
|t:|1659817897
|move|p2a: Lando Black sheep|U-turn|p1a: Grimmsnarl
|-damage|p1a: Grimmsnarl|24/100
|
|t:|1659817900
|switch|p2a: Hates rain|Ferrothorn, F|55/100|[from]move: U-turn
|move|p1a: Grimmsnarl|Spirit Break|p2a: Hates rain
|-resisted|p2a: Hates rain
|-damage|p2a: Hates rain|43/100
|-unboost|p2a: Hates rain|spa|1
|-damage|p1a: Grimmsnarl|11/100|[from] ability: Iron Barbs|[of] p2a: Hates rain
|
|upkeep
|turn|16
|
|t:|1659817903
|move|p1a: Grimmsnarl|Reflect|p1a: Grimmsnarl
|-sidestart|p1: LT92PF casual|Reflect
|move|p2a: Hates rain|Knock Off|p1a: Grimmsnarl
|-resisted|p1a: Grimmsnarl
|-damage|p1a: Grimmsnarl|9/100
|
|upkeep
|turn|17
|
|t:|1659817909
|move|p1a: Grimmsnarl|Taunt|p2a: Hates rain
|-start|p2a: Hates rain|move: Taunt
|cant|p2a: Hates rain|move: Taunt|Spikes
|
|-fieldend|move: Electric Terrain
|upkeep
|turn|18
|
|t:|1659817916
|move|p1a: Grimmsnarl|Spirit Break|p2a: Hates rain
|-resisted|p2a: Hates rain
|-damage|p2a: Hates rain|31/100
|-unboost|p2a: Hates rain|spa|1
|-damage|p1a: Grimmsnarl|0 fnt|[from] ability: Iron Barbs|[of] p2a: Hates rain
|faint|p1a: Grimmsnarl
|move|p2a: Hates rain|Knock Off|p1: Grimmsnarl|[notarget]
|-fail|p2a: Hates rain
|
|-sideend|p1: LT92PF casual|move: Light Screen
|upkeep
|
|t:|1659817920
|switch|p1a: Blacephalon|Blacephalon|100/100
|turn|19
|
|t:|1659817928
|move|p1a: Blacephalon|Shadow Ball|p2a: Hates rain
|-damage|p2a: Hates rain|0 fnt
|faint|p2a: Hates rain
|-ability|p1a: Blacephalon|Beast Boost|boost
|-boost|p1a: Blacephalon|spe|1
|
|upkeep
|
|t:|1659817931
|switch|p2a: Big Gulp sponsor|Pelipper, F|100/100
|-weather|RainDance|[from] ability: Drizzle|[of] p2a: Big Gulp sponsor
|turn|20
|
|t:|1659817938
|switch|p2a: Agent ¥|Seismitoad, F, shiny|100/100
|move|p1a: Blacephalon|Substitute|p1a: Blacephalon
|-start|p1a: Blacephalon|Substitute
|-damage|p1a: Blacephalon|76/100
|
|-weather|RainDance|[upkeep]
|-sideend|p1: LT92PF casual|Reflect
|upkeep
|turn|21
|
|t:|1659817942
|move|p1a: Blacephalon|Shadow Ball|p2a: Agent ¥
|-damage|p2a: Agent ¥|48/100
|move|p2a: Agent ¥|Weather Ball|p1a: Blacephalon
|-supereffective|p1a: Blacephalon
|-end|p1a: Blacephalon|Substitute
|-damage|p2a: Agent ¥|38/100|[from] item: Life Orb
|
|-weather|RainDance|[upkeep]
|upkeep
|turn|22
|
|t:|1659817950
|move|p1a: Blacephalon|Shadow Ball|p2a: Agent ¥
|-damage|p2a: Agent ¥|0 fnt
|faint|p2a: Agent ¥
|-ability|p1a: Blacephalon|Beast Boost|boost
|-boost|p1a: Blacephalon|spe|1
|
|-weather|RainDance|[upkeep]
|upkeep
|
|t:|1659817954
|switch|p2a: One fish two fish|Barraskewda, F|100/100
|turn|23
|
|t:|1659817981
|switch|p1a: Rillaboom|Rillaboom, M|53/100
|-fieldstart|move: Grassy Terrain|[from] ability: Grassy Surge|[of] p1a: Rillaboom
|move|p2a: One fish two fish|Flip Turn|p1a: Rillaboom
|-resisted|p1a: Rillaboom
|-damage|p1a: Rillaboom|15/100
|
|t:|1659817987
|switch|p2a: Lando Black sheep|Tornadus-Therian, M|80/100|[from]move: Flip Turn
|
|-weather|RainDance|[upkeep]
|-heal|p1a: Rillaboom|21/100|[from] Grassy Terrain
|upkeep
|turn|24
|
|t:|1659818000
|switch|p1a: Hawlucha|Hawlucha, M|100/100
|-enditem|p1a: Hawlucha|Grassy Seed
|-boost|p1a: Hawlucha|def|1|[from] item: Grassy Seed
|move|p2a: Lando Black sheep|U-turn|p1a: Hawlucha
|-resisted|p1a: Hawlucha
|-damage|p1a: Hawlucha|98/100
|
|t:|1659818005
|switch|p2a: Speed Overdose|Tapu Koko|100/100|[from]move: U-turn
|-fieldstart|move: Electric Terrain|[from] ability: Electric Surge|[of] p2a: Speed Overdose
|
|-weather|RainDance|[upkeep]
|upkeep
|turn|25
|
|t:|1659818012
|move|p1a: Hawlucha|Acrobatics|p2a: Speed Overdose
|-resisted|p2a: Speed Overdose
|-damage|p2a: Speed Overdose|68/100
|move|p2a: Speed Overdose|Volt Switch|p1a: Hawlucha
|-supereffective|p1a: Hawlucha
|-damage|p1a: Hawlucha|0 fnt
|faint|p1a: Hawlucha
|
|t:|1659818017
|switch|p2a: One fish two fish|Barraskewda, F|100/100|[from]move: Volt Switch
|
|-weather|RainDance|[upkeep]
|upkeep
|
|t:|1659818021
|switch|p1a: Kartana|Kartana|100/100
|turn|26
|
|t:|1659818026
|move|p2a: One fish two fish|Flip Turn|p1a: Kartana
|-resisted|p1a: Kartana
|-crit|p1a: Kartana
|-damage|p1a: Kartana|53/100
|
|t:|1659818031
|switch|p2a: Lando Black sheep|Tornadus-Therian, M|100/100|[from]move: Flip Turn
|move|p1a: Kartana|Swords Dance|p1a: Kartana
|-boost|p1a: Kartana|atk|2
|
|-weather|RainDance|[upkeep]
|upkeep
|turn|27
|
|t:|1659818039
|move|p2a: Lando Black sheep|Hurricane|p1a: Kartana
|-damage|p1a: Kartana|0 fnt
|faint|p1a: Kartana
|
|-weather|none
|upkeep
|
|t:|1659818042
|switch|p1a: Blacephalon|Blacephalon|76/100
|turn|28
|
|t:|1659818044
|move|p2a: Lando Black sheep|Knock Off|p1a: Blacephalon
|-supereffective|p1a: Blacephalon
|-damage|p1a: Blacephalon|0 fnt
|-enditem|p1a: Blacephalon|Heavy-Duty Boots|[from] move: Knock Off|[of] p2a: Lando Black sheep
|faint|p1a: Blacephalon
|
|-fieldend|move: Electric Terrain
|upkeep
|-message|LT92PF casual forfeited.
|
|win|Orangesavior
|raw|LT92PF casual's rating: 1688 &rarr; <strong>1665</strong><br />(-23 for losing)
|raw|Orangesavior's rating: 1631 &rarr; <strong>1654</strong><br />(+23 for winning)
|l|☆LT92PF casual
||Ladder isn't responding, score probably updated but might not have (Request timeout).
