|j|☆brettfavreinnocent
|j|☆Jrpartner
|t:|1664064541
|gametype|singles
|player|p1|brettfavreinnocent|pokemaniac|1566
|player|p2|Jrpartner|170|1699
|teamsize|p1|6
|teamsize|p2|6
|gen|8
|tier|[Gen 8] OU
|rated|
|rule|Sleep Clause Mod: Limit one foe put to sleep
|rule|Species Clause: Limit one of each Pokémon
|rule|OHKO Clause: OHKO moves are banned
|rule|Evasion Items Clause: Evasion items are banned
|rule|Evasion Moves Clause: Evasion moves are banned
|rule|Endless Battle Clause: Forcing endless battles is banned
|rule|HP Percentage Mod: HP is shown in percentages
|rule|Dynamax Clause: You cannot dynamax
|clearpoke
|poke|p1|Garchomp, F|
|poke|p1|Slowbro-Galar, M|
|poke|p1|Moltres-Galar|
|poke|p1|Pelipper, F|
|poke|p1|Melmetal|
|poke|p1|Urshifu-*, M|
|poke|p2|Urshifu-*, M|
|poke|p2|Melmetal|
|poke|p2|Tapu Fini|
|poke|p2|Tentacruel, M|
|poke|p2|Landorus-Therian, M|
|poke|p2|Zapdos|
|teampreview
|
|t:|1664064564
|start
|switch|p1a: Melmetal|Melmetal|100/100
|switch|p2a: Tapu Fini|Tapu Fini|100/100
|-fieldstart|move: Misty Terrain|[from] ability: Misty Surge|[of] p2a: Tapu Fini
|turn|1
|
|t:|1664064574
|switch|p2a: Urshifu|Urshifu-Rapid-Strike, M|100/100
|move|p1a: Melmetal|Double Iron Bash|p2a: Urshifu
|-resisted|p2a: Urshifu
|-damage|p2a: Urshifu|83/100
|-resisted|p2a: Urshifu
|-damage|p2a: Urshifu|64/100
|-hitcount|p2a: Urshifu|2
|
|upkeep
|turn|2
|
|t:|1664064583
|switch|p1a: Garchomp|Garchomp, F|100/100
|move|p2a: Urshifu|U-turn|p1a: Garchomp
|-damage|p1a: Garchomp|77/100
|-damage|p2a: Urshifu|51/100|[from] ability: Rough Skin|[of] p1a: Garchomp
|-damage|p2a: Urshifu|35/100|[from] item: Rocky Helmet|[of] p1a: Garchomp
|
|t:|1664064592
|switch|p2a: Landorus|Landorus-Therian, M|100/100|[from]move: U-turn
|-ability|p2a: Landorus|Intimidate|boost
|-unboost|p1a: Garchomp|atk|1
|
|upkeep
|turn|3
|
|t:|1664064598
|move|p1a: Garchomp|Toxic|p2a: Landorus
|-status|p2a: Landorus|tox
|move|p2a: Landorus|Earthquake|p1a: Garchomp
|-damage|p1a: Garchomp|46/100
|
|-damage|p2a: Landorus|94/100 tox|[from] psn
|upkeep
|turn|4
|
|t:|1664064603
|move|p1a: Garchomp|Stealth Rock|p2a: Landorus
|-sidestart|p2: Jrpartner|move: Stealth Rock
|move|p2a: Landorus|Earthquake|p1a: Garchomp
|-damage|p1a: Garchomp|17/100
|
|-damage|p2a: Landorus|82/100 tox|[from] psn
|upkeep
|turn|5
|
|t:|1664064607
|move|p1a: Garchomp|Protect|p1a: Garchomp
|-singleturn|p1a: Garchomp|Protect
|move|p2a: Landorus|Earthquake|p1a: Garchomp
|-activate|p1a: Garchomp|move: Protect
|
|-damage|p2a: Landorus|64/100 tox|[from] psn
|-fieldend|Misty Terrain
|upkeep
|turn|6
|
|t:|1664064612
|switch|p1a: Moltres|Moltres-Galar|100/100
|move|p2a: Landorus|Stealth Rock|p1a: Moltres
|-sidestart|p1: brettfavreinnocent|move: Stealth Rock
|
|-damage|p2a: Landorus|40/100 tox|[from] psn
|upkeep
|turn|7
|
|t:|1664064620
|switch|p1a: Garchomp|Garchomp, F|17/100
|-damage|p1a: Garchomp|11/100|[from] Stealth Rock
|switch|p2a: Tapu Fini|Tapu Fini|100/100
|-damage|p2a: Tapu Fini|88/100|[from] Stealth Rock
|-fieldstart|move: Misty Terrain|[from] ability: Misty Surge|[of] p2a: Tapu Fini
|
|-heal|p2a: Tapu Fini|94/100|[from] item: Leftovers
|upkeep
|turn|8
|
|t:|1664064627
|move|p1a: Garchomp|Earthquake|p2a: Tapu Fini
|-damage|p2a: Tapu Fini|62/100
|move|p2a: Tapu Fini|Scald|p1a: Garchomp
|-damage|p1a: Garchomp|0 fnt
|faint|p1a: Garchomp
|
|-heal|p2a: Tapu Fini|69/100|[from] item: Leftovers
|upkeep
|
|t:|1664064636
|switch|p1a: Melmetal|Melmetal|100/100
|-damage|p1a: Melmetal|94/100|[from] Stealth Rock
|turn|9
|
|t:|1664064640
|switch|p2a: Landorus|Landorus-Therian, M|40/100 tox
|-damage|p2a: Landorus|28/100 tox|[from] Stealth Rock
|-ability|p2a: Landorus|Intimidate|boost
|-unboost|p1a: Melmetal|atk|1
|move|p1a: Melmetal|Double Iron Bash|p2a: Landorus
|-damage|p2a: Landorus|10/100 tox
|-damage|p1a: Melmetal|78/100|[from] item: Rocky Helmet|[of] p2a: Landorus
|-damage|p2a: Landorus|0 fnt
|-damage|p1a: Melmetal|61/100|[from] item: Rocky Helmet|[of] p2a: Landorus
|faint|p2a: Landorus
|-hitcount|p2: Landorus|2
|
|upkeep
|
|t:|1664064650
|switch|p2a: Urshifu|Urshifu-Rapid-Strike, M|35/100
|-damage|p2a: Urshifu|29/100|[from] Stealth Rock
|turn|10
|
|t:|1664064670
|move|p2a: Urshifu|Close Combat|p1a: Melmetal
|-supereffective|p1a: Melmetal
|-damage|p1a: Melmetal|0 fnt
|-unboost|p2a: Urshifu|def|1
|-unboost|p2a: Urshifu|spd|1
|faint|p1a: Melmetal
|
|upkeep
|
|t:|1664064703
|switch|p1a: Moltres|Moltres-Galar|100/100
|turn|11
|
|t:|1664064714
|move|p2a: Urshifu|Close Combat|p1a: Moltres
|-damage|p1a: Moltres|0 fnt
|-unboost|p2a: Urshifu|def|1
|-unboost|p2a: Urshifu|spd|1
|faint|p1a: Moltres
|
|-fieldend|Misty Terrain
|upkeep
|
|t:|1664064721
|switch|p1a: Slowbro|Slowbro-Galar, M|100/100
|-damage|p1a: Slowbro|88/100|[from] Stealth Rock
|turn|12
|
|t:|1664064748
|switch|p2a: Tentacruel|Tentacruel, M|100/100
|-damage|p2a: Tentacruel|88/100|[from] Stealth Rock
|move|p1a: Slowbro|Nasty Plot|p1a: Slowbro
|-boost|p1a: Slowbro|spa|2
|
|upkeep
|turn|13
|-activate|p1a: Slowbro|ability: Quick Draw
|
|t:|1664064755
|move|p1a: Slowbro|Psyshock|p2a: Tentacruel
|-supereffective|p2a: Tentacruel
|-damage|p2a: Tentacruel|0 fnt
|faint|p2a: Tentacruel
|
|upkeep
|
|t:|1664064761
|switch|p2a: Melmetal|Melmetal|100/100
|-damage|p2a: Melmetal|94/100|[from] Stealth Rock
|turn|14
|-activate|p1a: Slowbro|ability: Quick Draw
|
|t:|1664064769
|move|p1a: Slowbro|Focus Blast|p2a: Melmetal
|-supereffective|p2a: Melmetal
|-damage|p2a: Melmetal|18/100
|move|p2a: Melmetal|Double Iron Bash|p1a: Slowbro
|-damage|p1a: Slowbro|54/100
|-damage|p1a: Slowbro|22/100
|-hitcount|p1a: Slowbro|2
|
|upkeep
|turn|15
|
|t:|1664064782
|move|p1a: Slowbro|Psyshock|p2a: Melmetal
|-resisted|p2a: Melmetal
|-damage|p2a: Melmetal|0 fnt
|faint|p2a: Melmetal
|
|upkeep
|
|t:|1664064807
|switch|p2a: Zapdos|Zapdos|100/100
|turn|16
|-activate|p1a: Slowbro|item: Quick Claw
|
|t:|1664064818
|move|p1a: Slowbro|Sludge Bomb|p2a: Zapdos
|-damage|p2a: Zapdos|0 fnt
|faint|p2a: Zapdos
|
|upkeep
|
|t:|1664064823
|switch|p2a: Urshifu|Urshifu-Rapid-Strike, M|29/100
|-damage|p2a: Urshifu|22/100|[from] Stealth Rock
|turn|17
|-activate|p1a: Slowbro|ability: Quick Draw
|
|t:|1664064828
|move|p1a: Slowbro|Sludge Bomb|p2a: Urshifu
|-damage|p2a: Urshifu|0 fnt
|faint|p2a: Urshifu
|
|upkeep
|
|t:|1664064833
|switch|p2a: Tapu Fini|Tapu Fini|69/100
|-damage|p2a: Tapu Fini|56/100|[from] Stealth Rock
|-fieldstart|move: Misty Terrain|[from] ability: Misty Surge|[of] p2a: Tapu Fini
|turn|18
|-activate|p1a: Slowbro|ability: Quick Draw
|
|t:|1664064835
|move|p1a: Slowbro|Sludge Bomb|p2a: Tapu Fini
|-supereffective|p2a: Tapu Fini
|-damage|p2a: Tapu Fini|0 fnt
|faint|p2a: Tapu Fini
|
|win|brettfavreinnocent
|raw|brettfavreinnocent's rating: 1566 &rarr; <strong>1593</strong><br />(+27 for winning)
|raw|Jrpartner's rating: 1699 &rarr; <strong>1672</strong><br />(-27 for losing)
|c|☆Jrpartner|nuts
|l|☆Jrpartner
||Ladder isn't responding, score probably updated but might not have (Request timeout).
