|j|☆OUTB f
|j|☆user_1 ou
|t:|1607275860
|player|p1|OUTB f|1|1667
|player|p2|user_1 ou|eusine|1729
|teamsize|p1|6
|teamsize|p2|6
|gametype|singles
|gen|8
|tier|[Gen 8] OU
|rated|
|clearpoke
|poke|p1|Tapu Koko|
|poke|p1|Hawlucha, F|
|poke|p1|Mew|
|poke|p1|Magearna-Original|
|poke|p1|Nidoking, M|
|poke|p1|Spectrier|
|poke|p2|Landorus-Therian, M|
|poke|p2|Tapu Fini|
|poke|p2|Urshifu-*, M|
|poke|p2|Nidoking, M|
|poke|p2|Cinderace, M|
|poke|p2|Dragonite, F|
|rule|Sleep Clause Mod: Limit one foe put to sleep
|rule|Species Clause: Limit one of each Pokémon
|rule|OHKO Clause: OHKO moves are banned
|rule|Evasion Moves Clause: Evasion moves are banned
|rule|Endless Battle Clause: Forcing endless battles is banned
|rule|HP Percentage Mod: HP is shown in percentages
|rule|Dynamax Clause: You cannot dynamax
|teampreview
|inactive|Battle timer is ON: inactive players will automatically lose when time's up. (requested by OUTB f)
|
|t:|1607275889
|start
|switch|p1a: Mew|Mew|100/100
|switch|p2a: Landorus|Landorus-Therian, M|100/100
|-ability|p2a: Landorus|Intimidate|boost
|-unboost|p1a: Mew|atk|1
|turn|1
|
|t:|1607275894
|move|p1a: Mew|Taunt|p2a: Landorus
|-start|p2a: Landorus|move: Taunt
|cant|p2a: Landorus|move: Taunt|Stealth Rock
|
|upkeep
|turn|2
|
|t:|1607275901
|move|p1a: Mew|Stealth Rock|p2a: Landorus
|-sidestart|p2: user_1 ou|move: Stealth Rock
|move|p2a: Landorus|Rock Tomb|p1a: Mew
|-damage|p1a: Mew|76/100
|-unboost|p1a: Mew|spe|1
|
|upkeep
|turn|3
|
|t:|1607275908
|move|p2a: Landorus|Rock Tomb|p1a: Mew
|-damage|p1a: Mew|52/100
|-unboost|p1a: Mew|spe|1
|move|p1a: Mew|Explosion|p2a: Landorus
|-damage|p2a: Landorus|44/100
|faint|p1a: Mew
|
|-end|p2a: Landorus|move: Taunt
|upkeep
|j| yuy
|
|t:|1607275917
|switch|p1a: Spectrier|Spectrier|100/100
|turn|4
|
|t:|1607275922
|move|p1a: Spectrier|Shadow Ball|p2a: Landorus
|-damage|p2a: Landorus|0 fnt
|faint|p2a: Landorus
|-ability|p1a: Spectrier|Grim Neigh|boost
|-boost|p1a: Spectrier|spa|1
|
|upkeep
|
|t:|1607275925
|switch|p2a: Urshifu|Urshifu, M|100/100
|-damage|p2a: Urshifu|94/100|[from] Stealth Rock
|turn|5
|
|t:|1607275929
|move|p1a: Spectrier|Hyper Beam|p2a: Urshifu
|-damage|p2a: Urshifu|0 fnt
|-mustrecharge|p1a: Spectrier
|faint|p2a: Urshifu
|-ability|p1a: Spectrier|Grim Neigh|boost
|-boost|p1a: Spectrier|spa|1
|
|upkeep
|
|t:|1607275935
|switch|p2a: Cinderace|Cinderace, M|100/100
|turn|6
|
|t:|1607275937
|cant|p1a: Spectrier|recharge
|move|p2a: Cinderace|Pyro Ball|p1a: Spectrier
|-damage|p1a: Spectrier|9/100
|
|upkeep
|turn|7
|
|t:|1607275943
|move|p1a: Spectrier|Shadow Ball|p2a: Cinderace
|-damage|p2a: Cinderace|0 fnt
|faint|p2a: Cinderace
|-ability|p1a: Spectrier|Grim Neigh|boost
|-boost|p1a: Spectrier|spa|1
|
|upkeep
|-message|user_1 ou forfeited.
|
|win|OUTB f
|l|☆user_1 ou
|l| yuy
||Ladder (probably) updated, but score could not be retrieved (Request timeout).
