|j|☆Alu9204
|j|‽MegaStarUniverse
|t:|1645080563
|gametype|singles
|player|p1|Alu9204|burglar|1470
|player|p2|MegaStarUniverse|nate|1455
|teamsize|p1|6
|teamsize|p2|6
|gen|8
|tier|[Gen 8] OU
|rated|
|rule|Sleep Clause Mod: Limit one foe put to sleep
|rule|Species Clause: Limit one of each Pokémon
|rule|OHKO Clause: OHKO moves are banned
|rule|Evasion Moves Clause: Evasion moves are banned
|rule|Endless Battle Clause: Forcing endless battles is banned
|rule|HP Percentage Mod: HP is shown in percentages
|rule|Dynamax Clause: You cannot dynamax
|clearpoke
|poke|p1|Kartana|
|poke|p1|Slowbro, F|
|poke|p1|Zapdos|
|poke|p1|Weavile, M|
|poke|p1|Garchomp, M|
|poke|p1|Landorus-Therian, M|
|poke|p2|Ferrothorn, F|
|poke|p2|Tapu Lele|
|poke|p2|Landorus-Therian, M|
|poke|p2|Heatran, F|
|poke|p2|Slowbro, M|
|poke|p2|Weavile, M|
|teampreview
|inactive|Battle timer is ON: inactive players will automatically lose when time's up. (requested by MegaStarUniverse)
|
|t:|1645080591
|start
|switch|p1a: Landorus|Landorus-Therian, M|100/100
|switch|p2a: Weavile|Weavile, M|100/100
|-ability|p2a: Weavile|Pressure
|-ability|p1a: Landorus|Intimidate|boost
|-unboost|p2a: Weavile|atk|1
|turn|1
|
|t:|1645080600
|switch|p2a: Ferrothorn|Ferrothorn, F|100/100
|switch|p1a: Weavile|Weavile, M|100/100
|-ability|p1a: Weavile|Pressure
|
|upkeep
|turn|2
|
|t:|1645080607
|switch|p1a: Zapdos|Zapdos|100/100
|move|p2a: Ferrothorn|Body Press|p1a: Zapdos
|-resisted|p1a: Zapdos
|-damage|p1a: Zapdos|88/100
|
|upkeep
|turn|3
|
|t:|1645080618
|switch|p2a: Heatran|Heatran, F|100/100
|move|p1a: Zapdos|Heat Wave|p2a: Heatran
|-start|p2a: Heatran|ability: Flash Fire
|
|upkeep
|turn|4
|
|t:|1645080621
|move|p1a: Zapdos|Volt Switch|p2a: Heatran
|-damage|p2a: Heatran|82/100
|
|t:|1645080624
|switch|p1a: Landorus|Landorus-Therian, M|100/100|[from]move: Volt Switch
|-ability|p1a: Landorus|Intimidate|boost
|-unboost|p2a: Heatran|atk|1
|move|p2a: Heatran|Stealth Rock|p1a: Landorus
|-sidestart|p1: Alu9204|move: Stealth Rock
|
|-heal|p2a: Heatran|88/100|[from] item: Leftovers
|upkeep
|turn|5
|
|t:|1645080635
|-end|p2a: Heatran|ability: Flash Fire|[silent]
|switch|p2a: Landorus|Landorus-Therian, M|100/100
|-ability|p2a: Landorus|Intimidate|boost
|-unboost|p1a: Landorus|atk|1
|move|p1a: Landorus|Stealth Rock|p2a: Landorus
|-sidestart|p2: MegaStarUniverse|move: Stealth Rock
|
|upkeep
|turn|6
|
|t:|1645080644
|move|p1a: Landorus|Toxic|p2a: Landorus
|-status|p2a: Landorus|tox
|move|p2a: Landorus|U-turn|p1a: Landorus
|-resisted|p1a: Landorus
|-crit|p1a: Landorus
|-damage|p1a: Landorus|85/100
|
|t:|1645080658
|switch|p2a: Tapu Lele|Tapu Lele|100/100|[from]move: U-turn
|-damage|p2a: Tapu Lele|88/100|[from] Stealth Rock
|-fieldstart|move: Psychic Terrain|[from] ability: Psychic Surge|[of] p2a: Tapu Lele
|
|-heal|p1a: Landorus|91/100|[from] item: Leftovers
|upkeep
|turn|7
|
|t:|1645080666
|move|p2a: Tapu Lele|Moonblast|p1a: Landorus
|-damage|p1a: Landorus|25/100
|move|p1a: Landorus|U-turn|p2a: Tapu Lele
|-damage|p2a: Tapu Lele|67/100
|
|t:|1645080673
|switch|p1a: Kartana|Kartana|100/100|[from]move: U-turn
|-damage|p1a: Kartana|94/100|[from] Stealth Rock
|
|upkeep
|turn|8
|
|t:|1645080683
|switch|p2a: Ferrothorn|Ferrothorn, F|100/100
|-damage|p2a: Ferrothorn|94/100|[from] Stealth Rock
|move|p1a: Kartana|Sacred Sword|p2a: Ferrothorn
|-supereffective|p2a: Ferrothorn
|-damage|p2a: Ferrothorn|50/100
|-damage|p1a: Kartana|82/100|[from] ability: Iron Barbs|[of] p2a: Ferrothorn
|
|-heal|p2a: Ferrothorn|56/100|[from] item: Leftovers
|upkeep
|turn|9
|
|t:|1645080695
|switch|p1a: Zapdos|Zapdos|88/100
|move|p2a: Ferrothorn|Body Press|p1a: Zapdos
|-resisted|p1a: Zapdos
|-damage|p1a: Zapdos|76/100
|
|-heal|p2a: Ferrothorn|62/100|[from] item: Leftovers
|upkeep
|turn|10
|
|t:|1645080704
|switch|p2a: Landorus|Landorus-Therian, M|100/100 tox
|-damage|p2a: Landorus|88/100 tox|[from] Stealth Rock
|-ability|p2a: Landorus|Intimidate|boost
|-unboost|p1a: Zapdos|atk|1
|move|p1a: Zapdos|Volt Switch|p2a: Landorus
|-immune|p2a: Landorus
|
|-heal|p2a: Landorus|94/100 tox|[from] item: Leftovers
|-damage|p2a: Landorus|88/100 tox|[from] psn
|-fieldend|move: Psychic Terrain
|upkeep
|turn|11
|
|t:|1645080709
|switch|p1a: Landorus|Landorus-Therian, M|25/100
|-damage|p1a: Landorus|13/100|[from] Stealth Rock
|-ability|p1a: Landorus|Intimidate|boost
|-unboost|p2a: Landorus|atk|1
|move|p2a: Landorus|U-turn|p1a: Landorus
|-resisted|p1a: Landorus
|-damage|p1a: Landorus|5/100
|
|t:|1645080716
|switch|p2a: Ferrothorn|Ferrothorn, F|62/100|[from]move: U-turn
|-damage|p2a: Ferrothorn|56/100|[from] Stealth Rock
|
|-heal|p1a: Landorus|11/100|[from] item: Leftovers
|-heal|p2a: Ferrothorn|62/100|[from] item: Leftovers
|upkeep
|turn|12
|
|t:|1645080726
|move|p1a: Landorus|Earthquake|p2a: Ferrothorn
|-damage|p2a: Ferrothorn|37/100
|move|p2a: Ferrothorn|Spikes|p1a: Landorus
|-sidestart|p1: Alu9204|Spikes
|
|-heal|p1a: Landorus|18/100|[from] item: Leftovers
|-heal|p2a: Ferrothorn|43/100|[from] item: Leftovers
|upkeep
|turn|13
|
|t:|1645080733
|move|p1a: Landorus|Earthquake|p2a: Ferrothorn
|-damage|p2a: Ferrothorn|16/100
|move|p2a: Ferrothorn|Knock Off|p1a: Landorus
|-damage|p1a: Landorus|0 fnt
|-enditem|p1a: Landorus|Leftovers|[from] move: Knock Off|[of] p2a: Ferrothorn
|faint|p1a: Landorus
|
|-heal|p2a: Ferrothorn|23/100|[from] item: Leftovers
|upkeep
|
|t:|1645080739
|switch|p1a: Zapdos|Zapdos|76/100
|turn|14
|
|t:|1645080743
|switch|p2a: Landorus|Landorus-Therian, M|88/100 tox
|-damage|p2a: Landorus|76/100 tox|[from] Stealth Rock
|-ability|p2a: Landorus|Intimidate|boost
|-unboost|p1a: Zapdos|atk|1
|move|p1a: Zapdos|Defog|p2a: Landorus
|-unboost|p2a: Landorus|evasion|1
|-sideend|p2: MegaStarUniverse|Stealth Rock|[from] move: Defog|[of] p1a: Zapdos
|-sideend|p1: Alu9204|Spikes|[from] move: Defog|[of] p1a: Zapdos
|-sideend|p1: Alu9204|Stealth Rock|[from] move: Defog|[of] p1a: Zapdos
|
|-heal|p2a: Landorus|82/100 tox|[from] item: Leftovers
|-damage|p2a: Landorus|76/100 tox|[from] psn
|upkeep
|turn|15
|
|t:|1645080759
|switch|p1a: Slowbro|Slowbro, F|100/100
|move|p2a: Landorus|U-turn|p1a: Slowbro
|-supereffective|p1a: Slowbro
|-damage|p1a: Slowbro|74/100
|inactive|MegaStarUniverse has 120 seconds left.
|
|t:|1645080793
|switch|p2a: Tapu Lele|Tapu Lele|67/100|[from]move: U-turn
|-fieldstart|move: Psychic Terrain|[from] ability: Psychic Surge|[of] p2a: Tapu Lele
|
|upkeep
|turn|16
|
|t:|1645080804
|move|p2a: Tapu Lele|Moonblast|p1a: Slowbro
|-damage|p1a: Slowbro|0 fnt
|faint|p1a: Slowbro
|
|upkeep
|
|t:|1645080808
|switch|p1a: Kartana|Kartana|82/100
|turn|17
|
|t:|1645080814
|switch|p2a: Ferrothorn|Ferrothorn, F|23/100
|move|p1a: Kartana|Knock Off|p2a: Ferrothorn
|-damage|p2a: Ferrothorn|0 fnt
|-damage|p1a: Kartana|70/100|[from] ability: Iron Barbs|[of] p2a: Ferrothorn
|-enditem|p2a: Ferrothorn|Leftovers|[from] move: Knock Off|[of] p1a: Kartana
|faint|p2a: Ferrothorn
|-ability|p1a: Kartana|Beast Boost|boost
|-boost|p1a: Kartana|atk|1
|
|upkeep
|
|t:|1645080825
|switch|p2a: Landorus|Landorus-Therian, M|76/100 tox
|-ability|p2a: Landorus|Intimidate|boost
|-unboost|p1a: Kartana|atk|1
|turn|18
|
|t:|1645080832
|switch|p1a: Zapdos|Zapdos|76/100
|move|p2a: Landorus|U-turn|p1a: Zapdos
|-resisted|p1a: Zapdos
|-damage|p1a: Zapdos|68/100
|
|t:|1645080847
|switch|p2a: Tapu Lele|Tapu Lele|67/100|[from]move: U-turn
|
|upkeep
|turn|19
|j| Bellini Bon Voyage
|inactive|Alu9204 has 120 seconds left.
|
|t:|1645080877
|switch|p1a: Weavile|Weavile, M|100/100
|-ability|p1a: Weavile|Pressure
|move|p2a: Tapu Lele|Moonblast|p1a: Weavile
|-supereffective|p1a: Weavile
|-damage|p1a: Weavile|0 fnt
|faint|p1a: Weavile
|
|-fieldend|move: Psychic Terrain
|upkeep
|inactive|Alu9204 has 120 seconds left.
|
|t:|1645080884
|switch|p1a: Kartana|Kartana|70/100
|turn|20
|
|t:|1645080910
|switch|p2a: Landorus|Landorus-Therian, M|76/100 tox
|-ability|p2a: Landorus|Intimidate|boost
|-unboost|p1a: Kartana|atk|1
|move|p1a: Kartana|Leaf Blade|p2a: Landorus
|-damage|p2a: Landorus|36/100 tox
|
|-heal|p2a: Landorus|42/100 tox|[from] item: Leftovers
|-damage|p2a: Landorus|36/100 tox|[from] psn
|upkeep
|turn|21
|inactive|Alu9204 has 120 seconds left.
|
|t:|1645080928
|switch|p2a: Heatran|Heatran, F|88/100
|move|p1a: Kartana|Leaf Blade|p2a: Heatran
|-resisted|p2a: Heatran
|-damage|p2a: Heatran|80/100
|
|-heal|p2a: Heatran|86/100|[from] item: Leftovers
|upkeep
|turn|22
|l| Bellini Bon Voyage
|
|t:|1645080938
|switch|p1a: Garchomp|Garchomp, M|100/100
|move|p2a: Heatran|Stealth Rock|p1a: Garchomp
|-sidestart|p1: Alu9204|move: Stealth Rock
|
|-heal|p2a: Heatran|92/100|[from] item: Leftovers
|upkeep
|turn|23
|
|t:|1645080948
|switch|p2a: Slowbro|Slowbro, M|100/100
|move|p1a: Garchomp|Swords Dance|p1a: Garchomp
|-boost|p1a: Garchomp|atk|2
|
|upkeep
|turn|24
|
|t:|1645080956
|move|p1a: Garchomp|Earthquake|p2a: Slowbro
|-damage|p2a: Slowbro|39/100
|move|p2a: Slowbro|Scald|p1a: Garchomp
|-damage|p1a: Garchomp|71/100
|
|-heal|p1a: Garchomp|77/100|[from] item: Leftovers
|upkeep
|turn|25
|
|t:|1645080960
|move|p1a: Garchomp|Earthquake|p2a: Slowbro
|-damage|p2a: Slowbro|0 fnt
|faint|p2a: Slowbro
|
|-heal|p1a: Garchomp|83/100|[from] item: Leftovers
|upkeep
|
|t:|1645080962
|switch|p2a: Weavile|Weavile, M|100/100
|-ability|p2a: Weavile|Pressure
|turn|26
|
|t:|1645080974
|switch|p1a: Zapdos|Zapdos|68/100
|move|p2a: Weavile|Ice Shard|p1a: Zapdos
|-supereffective|p1a: Zapdos
|-damage|p1a: Zapdos|11/100
|
|upkeep
|turn|27
|
|t:|1645080983
|move|p2a: Weavile|Ice Shard|p1a: Zapdos
|-supereffective|p1a: Zapdos
|-crit|p1a: Zapdos
|-damage|p1a: Zapdos|0 fnt
|faint|p1a: Zapdos
|
|upkeep
|
|t:|1645080985
|switch|p1a: Kartana|Kartana|70/100
|-damage|p1a: Kartana|63/100|[from] Stealth Rock
|turn|28
|
|t:|1645081015
|switch|p2a: Landorus|Landorus-Therian, M|36/100 tox
|-ability|p2a: Landorus|Intimidate|boost
|-unboost|p1a: Kartana|atk|1
|move|p1a: Kartana|Sacred Sword|p2a: Landorus
|-resisted|p2a: Landorus
|-damage|p2a: Landorus|22/100 tox
|
|-heal|p2a: Landorus|28/100 tox|[from] item: Leftovers
|-damage|p2a: Landorus|22/100 tox|[from] psn
|upkeep
|turn|29
|
|t:|1645081030
|move|p1a: Kartana|Sacred Sword|p2a: Landorus
|-resisted|p2a: Landorus
|-damage|p2a: Landorus|9/100 tox
|move|p2a: Landorus|U-turn|p1a: Kartana
|-damage|p1a: Kartana|40/100
|
|t:|1645081039
|switch|p2a: Tapu Lele|Tapu Lele|67/100|[from]move: U-turn
|-fieldstart|move: Psychic Terrain|[from] ability: Psychic Surge|[of] p2a: Tapu Lele
|
|upkeep
|turn|30
|
|t:|1645081045
|move|p1a: Kartana|Sacred Sword|p2a: Tapu Lele
|-resisted|p2a: Tapu Lele
|-damage|p2a: Tapu Lele|57/100
|move|p2a: Tapu Lele|Moonblast|p1a: Kartana
|-resisted|p1a: Kartana
|-damage|p1a: Kartana|0 fnt
|faint|p1a: Kartana
|
|upkeep
|
|t:|1645081053
|switch|p1a: Garchomp|Garchomp, M|83/100
|-damage|p1a: Garchomp|77/100|[from] Stealth Rock
|turn|31
|
|t:|1645081057
|move|p1a: Garchomp|Earthquake|p2a: Tapu Lele
|-damage|p2a: Tapu Lele|0 fnt
|faint|p2a: Tapu Lele
|
|-heal|p1a: Garchomp|83/100|[from] item: Leftovers
|upkeep
|
|t:|1645081060
|switch|p2a: Weavile|Weavile, M|100/100
|-ability|p2a: Weavile|Pressure
|turn|32
|
|t:|1645081068
|move|p2a: Weavile|Triple Axel|p1a: Garchomp
|-supereffective|p1a: Garchomp
|-damage|p1a: Garchomp|12/100
|-damage|p2a: Weavile|88/100|[from] ability: Rough Skin|[of] p1a: Garchomp
|-supereffective|p1a: Garchomp
|-damage|p1a: Garchomp|0 fnt
|-damage|p2a: Weavile|76/100|[from] ability: Rough Skin|[of] p1a: Garchomp
|faint|p1a: Garchomp
|-hitcount|p1: Garchomp|2
|
|win|MegaStarUniverse
|raw|Alu9204's rating: 1470 &rarr; <strong>1449</strong><br />(-21 for losing)
|raw|MegaStarUniverse's rating: 1455 &rarr; <strong>1476</strong><br />(+21 for winning)
