|html|<div class="broadcast-blue"><strong>[Gen 8] OU is currently suspecting Spectrier! For information on how to participate check out the <a href="https://www.smogon.com/forums/threads/np-ss-ou-suspect-process-round-9-old-town-road.3676744/">suspect thread</a>.</strong></div>
|j|☆Mutako Z
|j|☆Ldf35
|t:|1612550011
|player|p1|Mutako Z|28|1243
|player|p2|Ldf35|richboy-gen4|1228
|teamsize|p1|6
|teamsize|p2|6
|gametype|singles
|gen|8
|tier|[Gen 8] OU
|rated|
|clearpoke
|poke|p1|Moltres|
|poke|p1|Cinderace, F|
|poke|p1|Landorus-Therian, M|
|poke|p1|Kyurem|
|poke|p1|Spectrier|
|poke|p1|Grimmsnarl, M|
|poke|p2|Tyranitar, M|
|poke|p2|Swampert, F|
|poke|p2|Blissey, F|
|poke|p2|Spectrier|
|poke|p2|Zapdos-Galar|
|poke|p2|Landorus-Therian, M|
|rule|Sleep Clause Mod: Limit one foe put to sleep
|rule|Species Clause: Limit one of each Pokémon
|rule|OHKO Clause: OHKO moves are banned
|rule|Evasion Moves Clause: Evasion moves are banned
|rule|Endless Battle Clause: Forcing endless battles is banned
|rule|HP Percentage Mod: HP is shown in percentages
|rule|Dynamax Clause: You cannot dynamax
|teampreview
|inactive|Battle timer is ON: inactive players will automatically lose when time's up. (requested by Mutako Z)
|
|t:|1612550094
|start
|switch|p1a: Landorus|Landorus-Therian, M|100/100
|switch|p2a: Swampert|Swampert, F|100/100
|-ability|p1a: Landorus|Intimidate|boost
|-unboost|p2a: Swampert|atk|1
|turn|1
|
|t:|1612550104
|switch|p1a: Grimmsnarl|Grimmsnarl, M|100/100
|move|p2a: Swampert|Flip Turn|p1a: Grimmsnarl
|-damage|p1a: Grimmsnarl|83/100
|
|t:|1612550112
|switch|p2a: Landorus|Landorus-Therian, M|100/100|[from]move: Flip Turn
|-ability|p2a: Landorus|Intimidate|boost
|-unboost|p1a: Grimmsnarl|atk|1
|
|upkeep
|turn|2
|
|t:|1612550117
|move|p1a: Grimmsnarl|Taunt|p2a: Landorus
|-start|p2a: Landorus|move: Taunt
|move|p2a: Landorus|U-turn|p1a: Grimmsnarl
|-damage|p1a: Grimmsnarl|50/100
|
|t:|1612550126
|switch|p2a: Swampert|Swampert, F|100/100|[from]move: U-turn
|
|upkeep
|turn|3
|
|t:|1612550132
|move|p1a: Grimmsnarl|Reflect|p1a: Grimmsnarl
|-sidestart|p1: Mutako Z|Reflect
|move|p2a: Swampert|Earthquake|p1a: Grimmsnarl
|-damage|p1a: Grimmsnarl|27/100
|
|upkeep
|turn|4
|
|t:|1612550141
|move|p1a: Grimmsnarl|Light Screen|p1a: Grimmsnarl
|-sidestart|p1: Mutako Z|move: Light Screen
|move|p2a: Swampert|Stealth Rock|p1a: Grimmsnarl
|-sidestart|p1: Mutako Z|move: Stealth Rock
|
|upkeep
|turn|5
|
|t:|1612550152
|move|p1a: Grimmsnarl|Darkest Lariat|p2a: Swampert
|-damage|p2a: Swampert|85/100
|move|p2a: Swampert|Earthquake|p1a: Grimmsnarl
|-damage|p1a: Grimmsnarl|6/100
|
|-heal|p2a: Swampert|91/100|[from] item: Leftovers
|upkeep
|turn|6
|
|t:|1612550160
|move|p1a: Grimmsnarl|Darkest Lariat|p2a: Swampert
|-damage|p2a: Swampert|77/100
|move|p2a: Swampert|Flip Turn|p1a: Grimmsnarl
|-damage|p1a: Grimmsnarl|0 fnt
|faint|p1a: Grimmsnarl
|
|t:|1612550166
|switch|p2a: Landorus|Landorus-Therian, M|100/100|[from]move: Flip Turn
|
|upkeep
|
|t:|1612550180
|switch|p1a: Kyurem|Kyurem|100/100
|-damage|p1a: Kyurem|76/100|[from] Stealth Rock
|-ability|p1a: Kyurem|Pressure
|turn|7
|
|t:|1612550192
|switch|p2a: Tyranitar|Tyranitar, M|100/100
|-weather|Sandstorm|[from] ability: Sand Stream|[of] p2a: Tyranitar
|move|p1a: Kyurem|Dragon Dance|p1a: Kyurem
|-boost|p1a: Kyurem|atk|1
|-boost|p1a: Kyurem|spe|1
|
|-weather|Sandstorm|[upkeep]
|-damage|p1a: Kyurem|70/100|[from] Sandstorm
|upkeep
|turn|8
|
|t:|1612550206
|move|p1a: Kyurem|Dragon Dance|p1a: Kyurem
|-boost|p1a: Kyurem|atk|1
|-boost|p1a: Kyurem|spe|1
|move|p2a: Tyranitar|Toxic|p1a: Kyurem|[miss]
|-miss|p2a: Tyranitar|p1a: Kyurem
|
|-weather|Sandstorm|[upkeep]
|-damage|p1a: Kyurem|63/100|[from] Sandstorm
|upkeep
|turn|9
|
|t:|1612550213
|move|p1a: Kyurem|Icicle Spear|p2a: Tyranitar
|-damage|p2a: Tyranitar|69/100
|-damage|p2a: Tyranitar|42/100
|-damage|p2a: Tyranitar|10/100
|-hitcount|p2a: Tyranitar|3
|-damage|p1a: Kyurem|53/100|[from] item: Life Orb
|move|p2a: Tyranitar|Superpower|p1a: Kyurem
|-supereffective|p1a: Kyurem
|-damage|p1a: Kyurem|19/100
|-unboost|p2a: Tyranitar|atk|1
|-unboost|p2a: Tyranitar|def|1
|
|-weather|Sandstorm|[upkeep]
|-damage|p1a: Kyurem|13/100|[from] Sandstorm
|-heal|p2a: Tyranitar|17/100|[from] item: Leftovers
|upkeep
|turn|10
|
|t:|1612550237
|move|p1a: Kyurem|Icicle Spear|p2a: Tyranitar
|-damage|p2a: Tyranitar|0 fnt
|-hitcount|p2a: Tyranitar|1
|-damage|p1a: Kyurem|3/100|[from] item: Life Orb
|faint|p2a: Tyranitar
|
|-weather|Sandstorm|[upkeep]
|-damage|p1a: Kyurem|0 fnt|[from] Sandstorm
|faint|p1a: Kyurem
|-sideend|p1: Mutako Z|Reflect
|upkeep
|
|t:|1612550249
|switch|p1a: Spectrier|Spectrier|100/100
|switch|p2a: Landorus|Landorus-Therian, M|100/100
|-ability|p2a: Landorus|Intimidate|boost
|-unboost|p1a: Spectrier|atk|1
|-damage|p1a: Spectrier|88/100|[from] Stealth Rock
|turn|11
|
|t:|1612550257
|move|p2a: Landorus|U-turn|p1a: Spectrier
|-resisted|p1a: Spectrier
|-damage|p1a: Spectrier|67/100
|
|t:|1612550261
|switch|p2a: Blissey|Blissey, F|100/100|[from]move: U-turn
|move|p1a: Spectrier|Shadow Ball|p2a: Blissey
|-immune|p2a: Blissey
|
|-weather|none
|-heal|p1a: Spectrier|74/100|[from] item: Leftovers
|-sideend|p1: Mutako Z|move: Light Screen
|upkeep
|turn|12
|
|t:|1612550272
|move|p1a: Spectrier|Substitute|p1a: Spectrier
|-start|p1a: Spectrier|Substitute
|-damage|p1a: Spectrier|49/100
|move|p2a: Blissey|Thunder Wave||[still]
|-fail|p2a: Blissey
|
|-heal|p1a: Spectrier|55/100|[from] item: Leftovers
|upkeep
|turn|13
|
|t:|1612550287
|switch|p2a: Swampert|Swampert, F|77/100
|move|p1a: Spectrier|Nasty Plot|p1a: Spectrier
|-boost|p1a: Spectrier|spa|2
|
|-heal|p1a: Spectrier|61/100|[from] item: Leftovers
|-heal|p2a: Swampert|83/100|[from] item: Leftovers
|upkeep
|turn|14
|
|t:|1612550305
|move|p1a: Spectrier|Shadow Ball|p2a: Swampert
|-damage|p2a: Swampert|6/100
|move|p2a: Swampert|Roar|p1a: Spectrier
|drag|p1a: Cinderace|Cinderace, F|100/100
|
|-heal|p2a: Swampert|12/100|[from] item: Leftovers
|upkeep
|turn|15
|
|t:|1612550314
|move|p1a: Cinderace|Zen Headbutt|p2a: Swampert
|-start|p1a: Cinderace|typechange|Psychic|[from] ability: Libero
|-damage|p2a: Swampert|0 fnt
|faint|p2a: Swampert
|
|upkeep
|
|t:|1612550327
|switch|p2a: Spectrier|Spectrier|100/100
|turn|16
|
|t:|1612550331
|move|p1a: Cinderace|Sucker Punch||[still]
|-fail|p1a: Cinderace
|move|p2a: Spectrier|Substitute|p2a: Spectrier
|-start|p2a: Spectrier|Substitute
|-damage|p2a: Spectrier|76/100
|
|-heal|p2a: Spectrier|82/100|[from] item: Leftovers
|upkeep
|turn|17
|
|t:|1612550340
|move|p1a: Cinderace|Sucker Punch||[still]
|-fail|p1a: Cinderace
|move|p2a: Spectrier|Nasty Plot|p2a: Spectrier
|-boost|p2a: Spectrier|spa|2
|
|-heal|p2a: Spectrier|88/100|[from] item: Leftovers
|upkeep
|turn|18
|
|t:|1612550349
|move|p1a: Cinderace|Sucker Punch||[still]
|-fail|p1a: Cinderace
|move|p2a: Spectrier|Nasty Plot|p2a: Spectrier
|-boost|p2a: Spectrier|spa|2
|
|-heal|p2a: Spectrier|94/100|[from] item: Leftovers
|upkeep
|turn|19
|
|t:|1612550357
|move|p2a: Spectrier|Shadow Ball|p1a: Cinderace
|-supereffective|p1a: Cinderace
|-damage|p1a: Cinderace|0 fnt
|faint|p1a: Cinderace
|-ability|p2a: Spectrier|Grim Neigh|boost
|-boost|p2a: Spectrier|spa|1
|
|-heal|p2a: Spectrier|99/100|[from] item: Leftovers
|upkeep
|
|t:|1612550367
|switch|p1a: Landorus|Landorus-Therian, M|100/100
|-damage|p1a: Landorus|88/100|[from] Stealth Rock
|-ability|p1a: Landorus|Intimidate|boost
|-immune|p2a: Spectrier
|turn|20
|
|t:|1612550373
|move|p2a: Spectrier|Shadow Ball|p1a: Landorus
|-damage|p1a: Landorus|0 fnt
|faint|p1a: Landorus
|-ability|p2a: Spectrier|Grim Neigh|boost
|-boost|p2a: Spectrier|spa|1
|
|-heal|p2a: Spectrier|100/100|[from] item: Leftovers
|upkeep
|-message|Mutako Z forfeited.
|
|win|Ldf35
|l|☆Mutako Z
||Ladder (probably) updated, but score could not be retrieved (Request timeout).
