|j|☆ldailey19
|j|‽Guest 5890168
|t:|1664867849
|gametype|singles
|player|p1|ldailey19|lance|1548
|player|p2|Guest 5890168|170|1674
|teamsize|p1|6
|teamsize|p2|6
|gen|8
|tier|[Gen 8] OU
|rated|
|rule|Sleep Clause Mod: Limit one foe put to sleep
|rule|Species Clause: Limit one of each Pokémon
|rule|OHKO Clause: OHKO moves are banned
|rule|Evasion Items Clause: Evasion items are banned
|rule|Evasion Moves Clause: Evasion moves are banned
|rule|Endless Battle Clause: Forcing endless battles is banned
|rule|HP Percentage Mod: HP is shown in percentages
|rule|Dynamax Clause: You cannot dynamax
|clearpoke
|poke|p1|Magnezone|
|poke|p1|Weavile, F|
|poke|p1|Urshifu-*, M|
|poke|p1|Heatran, F|
|poke|p1|Landorus-Therian, M|
|poke|p1|Dragapult, M|
|poke|p2|Rotom-Wash|
|poke|p2|Weavile, F|
|poke|p2|Landorus-Therian, M|
|poke|p2|Heatran, M|
|poke|p2|Tangrowth, F|
|poke|p2|Melmetal|
|teampreview
|inactive|Battle timer is ON: inactive players will automatically lose when time's up. (requested by ldailey19)
|
|t:|1664867853
|start
|switch|p1a: Dragapult|Dragapult, M, shiny|100/100
|switch|p2a: Rotom|Rotom-Wash|100/100
|turn|1
|inactive|Guest 5890168 also wants the timer to be on.
|
|t:|1664867864
|switch|p2a: Melmetal|Melmetal|100/100
|move|p1a: Dragapult|Dragon Darts|p2a: Melmetal
|-resisted|p2a: Melmetal
|-damage|p2a: Melmetal|93/100
|-anim|p1a: Dragapult|Dragon Darts|p2a: Melmetal
|-resisted|p2a: Melmetal
|-damage|p2a: Melmetal|87/100
|
|upkeep
|turn|2
|
|t:|1664867867
|move|p1a: Dragapult|U-turn|p2a: Melmetal
|-resisted|p2a: Melmetal
|-crit|p2a: Melmetal
|-damage|p2a: Melmetal|78/100
|
|t:|1664867871
|switch|p1a: Landorus|Landorus-Therian, M|100/100|[from]move: U-turn
|-ability|p1a: Landorus|Intimidate|boost
|-unboost|p2a: Melmetal|atk|1
|move|p2a: Melmetal|Double Iron Bash|p1a: Landorus
|-damage|p1a: Landorus|81/100
|-damage|p2a: Melmetal|61/100|[from] item: Rocky Helmet|[of] p1a: Landorus
|-damage|p1a: Landorus|60/100
|-damage|p2a: Melmetal|44/100|[from] item: Rocky Helmet|[of] p1a: Landorus
|-hitcount|p1a: Landorus|2
|
|upkeep
|turn|3
|
|t:|1664867876
|switch|p2a: Landorus|Landorus-Therian, M|100/100
|-ability|p2a: Landorus|Intimidate|boost
|-unboost|p1a: Landorus|atk|1
|move|p1a: Landorus|Knock Off|p2a: Landorus
|-damage|p2a: Landorus|81/100
|-enditem|p2a: Landorus|Leftovers|[from] move: Knock Off|[of] p1a: Landorus
|
|upkeep
|turn|4
|
|t:|1664867881
|move|p1a: Landorus|Knock Off|p2a: Landorus
|-damage|p2a: Landorus|67/100
|move|p2a: Landorus|Earthquake|p1a: Landorus
|-immune|p1a: Landorus
|
|upkeep
|turn|5
|
|t:|1664867888
|move|p1a: Landorus|Knock Off|p2a: Landorus
|-damage|p2a: Landorus|54/100
|move|p2a: Landorus|Earthquake|p1a: Landorus
|-immune|p1a: Landorus
|
|upkeep
|turn|6
|
|t:|1664867895
|move|p1a: Landorus|Stealth Rock|p2a: Landorus
|-sidestart|p2: Guest 5890168|move: Stealth Rock
|move|p2a: Landorus|Earthquake|p1a: Landorus
|-immune|p1a: Landorus
|
|upkeep
|turn|7
|
|t:|1664867900
|move|p1a: Landorus|Knock Off|p2a: Landorus
|-damage|p2a: Landorus|40/100
|move|p2a: Landorus|Defog|p1a: Landorus
|-unboost|p1a: Landorus|evasion|1
|-sideend|p2: Guest 5890168|Stealth Rock|[from] move: Defog|[of] p2a: Landorus
|
|upkeep
|turn|8
|
|t:|1664867907
|move|p1a: Landorus|Knock Off|p2a: Landorus
|-damage|p2a: Landorus|26/100
|move|p2a: Landorus|Earthquake|p1a: Landorus
|-immune|p1a: Landorus
|
|upkeep
|turn|9
|
|t:|1664867913
|switch|p2a: Heatran|Heatran, M|100/100
|-item|p2a: Heatran|Air Balloon
|move|p1a: Landorus|Knock Off|p2a: Heatran
|-damage|p2a: Heatran|78/100
|-enditem|p2a: Heatran|Air Balloon
|
|upkeep
|turn|10
|
|t:|1664867919
|move|p2a: Heatran|Eruption|p1a: Landorus
|-damage|p1a: Landorus|0 fnt
|faint|p1a: Landorus
|
|upkeep
|
|t:|1664867933
|switch|p1a: Weavile|Weavile, F|100/100
|-ability|p1a: Weavile|Pressure
|turn|11
|
|t:|1664867938
|switch|p2a: Landorus|Landorus-Therian, M|26/100
|-ability|p2a: Landorus|Intimidate|boost
|-unboost|p1a: Weavile|atk|1
|move|p1a: Weavile|Knock Off|p2a: Landorus
|-damage|p2a: Landorus|0 fnt
|faint|p2a: Landorus
|
|upkeep
|
|t:|1664867938
|switch|p2a: Heatran|Heatran, M|78/100
|turn|12
|
|t:|1664867943
|switch|p1a: Heatran|Heatran, F, shiny|100/100
|-item|p1a: Heatran|Air Balloon
|move|p2a: Heatran|Earth Power|p1a: Heatran
|-immune|p1a: Heatran
|
|upkeep
|turn|13
|
|t:|1664867947
|switch|p2a: Rotom|Rotom-Wash|100/100
|move|p1a: Heatran|Earth Power|p2a: Rotom
|-immune|p2a: Rotom|[from] ability: Levitate
|
|upkeep
|turn|14
|
|t:|1664867951
|switch|p1a: Magnezone|Magnezone, shiny|100/100
|move|p2a: Rotom|Nasty Plot|p2a: Rotom
|-boost|p2a: Rotom|spa|2
|
|upkeep
|turn|15
|j| Ran Kob
|
|t:|1664867955
|move|p2a: Rotom|Hydro Pump|p1a: Magnezone
|-damage|p1a: Magnezone|42/100
|move|p1a: Magnezone|Volt Switch|p2a: Rotom
|-damage|p2a: Rotom|48/100
|
|t:|1664867961
|switch|p1a: Weavile|Weavile, F|100/100|[from]move: Volt Switch
|-ability|p1a: Weavile|Pressure
|
|-heal|p2a: Rotom|54/100|[from] item: Leftovers
|upkeep
|turn|16
|
|t:|1664867963
|move|p1a: Weavile|Knock Off|p2a: Rotom
|-damage|p2a: Rotom|0 fnt
|-enditem|p2a: Rotom|Leftovers|[from] move: Knock Off|[of] p1a: Weavile
|faint|p2a: Rotom
|
|upkeep
|
|t:|1664867963
|switch|p2a: Melmetal|Melmetal|44/100
|turn|17
|
|t:|1664867977
|switch|p2a: Weavile|Weavile, F|100/100
|-ability|p2a: Weavile|Pressure
|move|p1a: Weavile|Knock Off|p2a: Weavile
|-resisted|p2a: Weavile
|-damage|p2a: Weavile|39/100
|-enditem|p2a: Weavile|Choice Band|[from] move: Knock Off|[of] p1a: Weavile
|
|upkeep
|turn|18
|
|t:|1664867987
|move|p2a: Weavile|Ice Shard|p1a: Weavile
|-resisted|p1a: Weavile
|-damage|p1a: Weavile|83/100
|move|p1a: Weavile|Knock Off|p2a: Weavile
|-resisted|p2a: Weavile
|-damage|p2a: Weavile|0 fnt
|faint|p2a: Weavile
|
|upkeep
|
|t:|1664867987
|switch|p2a: Melmetal|Melmetal|44/100
|turn|19
|
|t:|1664867996
|move|p1a: Weavile|Knock Off|p2a: Melmetal
|-damage|p2a: Melmetal|3/100
|-enditem|p2a: Melmetal|Assault Vest|[from] move: Knock Off|[of] p1a: Weavile
|move|p2a: Melmetal|Thunder Punch|p1a: Weavile
|-damage|p1a: Weavile|26/100
|
|upkeep
|turn|20
|
|t:|1664868004
|move|p1a: Weavile|Knock Off|p2a: Melmetal
|-damage|p2a: Melmetal|0 fnt
|faint|p2a: Melmetal
|
|upkeep
|
|t:|1664868004
|switch|p2a: Tangrowth|Tangrowth, F|100/100
|turn|21
|
|t:|1664868010
|move|p1a: Weavile|Knock Off|p2a: Tangrowth
|-damage|p2a: Tangrowth|62/100
|-damage|p1a: Weavile|9/100|[from] item: Rocky Helmet|[of] p2a: Tangrowth
|-enditem|p2a: Tangrowth|Rocky Helmet|[from] move: Knock Off|[of] p1a: Weavile
|move|p2a: Tangrowth|Sleep Powder|p1a: Weavile|[miss]
|-miss|p2a: Tangrowth|p1a: Weavile
|
|upkeep
|turn|22
|
|t:|1664868017
|move|p1a: Weavile|Knock Off|p2a: Tangrowth
|-damage|p2a: Tangrowth|36/100
|move|p2a: Tangrowth|Sleep Powder|p1a: Weavile
|-status|p1a: Weavile|slp|[from] move: Sleep Powder
|
|upkeep
|turn|23
|
|t:|1664868023
|cant|p1a: Weavile|slp
|move|p2a: Tangrowth|Knock Off|p1a: Weavile
|-resisted|p1a: Weavile
|-damage|p1a: Weavile|0 fnt
|-enditem|p1a: Weavile|Choice Band|[from] move: Knock Off|[of] p2a: Tangrowth
|faint|p1a: Weavile
|
|upkeep
|
|t:|1664868039
|switch|p1a: Urshifu|Urshifu-Rapid-Strike, M|100/100
|turn|24
|
|t:|1664868040
|move|p1a: Urshifu|Close Combat|p2a: Tangrowth
|-damage|p2a: Tangrowth|1/100
|-unboost|p1a: Urshifu|def|1
|-unboost|p1a: Urshifu|spd|1
|move|p2a: Tangrowth|Knock Off|p1a: Urshifu
|-resisted|p1a: Urshifu
|-crit|p1a: Urshifu
|-damage|p1a: Urshifu|77/100
|-enditem|p1a: Urshifu|Focus Sash|[from] move: Knock Off|[of] p2a: Tangrowth
|
|upkeep
|turn|25
|
|t:|1664868049
|move|p1a: Urshifu|Surging Strikes|p2a: Tangrowth
|-resisted|p2a: Tangrowth
|-crit|p2a: Tangrowth
|-damage|p2a: Tangrowth|0 fnt
|faint|p2a: Tangrowth
|-hitcount|p2: Tangrowth|1
|
|upkeep
|
|t:|1664868050
|switch|p2a: Heatran|Heatran, M|78/100
|turn|26
|
|t:|1664868052
|move|p1a: Urshifu|Close Combat|p2a: Heatran
|-supereffective|p2a: Heatran
|-damage|p2a: Heatran|0 fnt
|-unboost|p1a: Urshifu|def|1
|-unboost|p1a: Urshifu|spd|1
|faint|p2a: Heatran
|
|win|ldailey19
|raw|ldailey19's rating: 1548 &rarr; <strong>1575</strong><br />(+27 for winning)
|raw|Guest 5890168's rating: 1674 &rarr; <strong>1647</strong><br />(-27 for losing)
