|j|☆Hatogorudo
|j|☆ultimategoogolplex
|t:|1667143436
|gametype|singles
|player|p1|Hatogorudo|170|1605
|player|p2|ultimategoogolplex|2|1657
|teamsize|p1|6
|teamsize|p2|6
|gen|8
|tier|[Gen 8] OU
|rated|
|rule|Sleep Clause Mod: Limit one foe put to sleep
|rule|Species Clause: Limit one of each Pokémon
|rule|OHKO Clause: OHKO moves are banned
|rule|Evasion Items Clause: Evasion items are banned
|rule|Evasion Moves Clause: Evasion moves are banned
|rule|Endless Battle Clause: Forcing endless battles is banned
|rule|HP Percentage Mod: HP is shown in percentages
|rule|Dynamax Clause: You cannot dynamax
|clearpoke
|poke|p1|Dragapult, F|
|poke|p1|Urshifu-*, F|
|poke|p1|Slowbro, M|
|poke|p1|Garchomp, F|
|poke|p1|Clefable, M|
|poke|p1|Tornadus-Therian, M|
|poke|p2|Weavile, M|
|poke|p2|Volcanion|
|poke|p2|Zapdos|
|poke|p2|Landorus-Therian, M|
|poke|p2|Kartana|
|poke|p2|Melmetal|
|teampreview
|inactive|Battle timer is ON: inactive players will automatically lose when time's up. (requested by ultimategoogolplex)
|
|t:|1667143459
|start
|switch|p1a: Urshifu|Urshifu-Rapid-Strike, F|100/100
|switch|p2a: Volcanion|Volcanion|100/100
|turn|1
|
|t:|1667143464
|switch|p2a: Zapdos|Zapdos|100/100
|move|p1a: Urshifu|U-turn|p2a: Zapdos
|-resisted|p2a: Zapdos
|-damage|p2a: Zapdos|86/100
|-status|p1a: Urshifu|par|[from] ability: Static|[of] p2a: Zapdos
|
|t:|1667143467
|switch|p1a: Garchomp|Garchomp, F, shiny|100/100|[from]move: U-turn
|
|upkeep
|turn|2
|
|t:|1667143473
|switch|p2a: Landorus|Landorus-Therian, M|100/100
|-ability|p2a: Landorus|Intimidate|boost
|-unboost|p1a: Garchomp|atk|1
|move|p1a: Garchomp|Toxic|p2a: Landorus
|-status|p2a: Landorus|tox
|
|-damage|p2a: Landorus|94/100 tox|[from] psn
|upkeep
|turn|3
|
|t:|1667143481
|switch|p1a: Tornadus|Tornadus-Therian, M|100/100
|move|p2a: Landorus|Toxic|p1a: Tornadus
|-status|p1a: Tornadus|tox
|
|-heal|p2a: Landorus|100/100 tox|[from] item: Leftovers
|-damage|p1a: Tornadus|94/100 tox|[from] psn
|-damage|p2a: Landorus|88/100 tox|[from] psn
|upkeep
|turn|4
|
|t:|1667143491
|switch|p2a: Zapdos|Zapdos|86/100
|move|p1a: Tornadus|Knock Off|p2a: Zapdos
|-crit|p2a: Zapdos
|-damage|p2a: Zapdos|61/100
|-enditem|p2a: Zapdos|Heavy-Duty Boots|[from] move: Knock Off|[of] p1a: Tornadus
|
|-damage|p1a: Tornadus|82/100 tox|[from] psn
|upkeep
|turn|5
|
|t:|1667143499
|switch|p1a: Garchomp|Garchomp, F, shiny|100/100
|switch|p2a: Landorus|Landorus-Therian, M|88/100 tox
|-ability|p2a: Landorus|Intimidate|boost
|-unboost|p1a: Garchomp|atk|1
|
|-heal|p2a: Landorus|94/100 tox|[from] item: Leftovers
|-damage|p2a: Landorus|88/100 tox|[from] psn
|upkeep
|turn|6
|
|t:|1667143508
|move|p1a: Garchomp|Stealth Rock|p2a: Landorus
|-sidestart|p2: ultimategoogolplex|move: Stealth Rock
|move|p2a: Landorus|Stealth Rock|p1a: Garchomp
|-sidestart|p1: Hatogorudo|move: Stealth Rock
|
|-heal|p2a: Landorus|94/100 tox|[from] item: Leftovers
|-damage|p2a: Landorus|82/100 tox|[from] psn
|upkeep
|turn|7
|
|t:|1667143515
|switch|p1a: Tornadus|Tornadus-Therian, M|100/100 tox
|move|p2a: Landorus|U-turn|p1a: Tornadus
|-resisted|p1a: Tornadus
|-damage|p1a: Tornadus|88/100 tox
|
|t:|1667143519
|switch|p2a: Zapdos|Zapdos|61/100|[from]move: U-turn
|-damage|p2a: Zapdos|37/100|[from] Stealth Rock
|
|-damage|p1a: Tornadus|82/100 tox|[from] psn
|upkeep
|turn|8
|
|t:|1667143525
|switch|p1a: Garchomp|Garchomp, F, shiny|100/100
|-damage|p1a: Garchomp|94/100|[from] Stealth Rock
|move|p2a: Zapdos|Roost|p2a: Zapdos
|-heal|p2a: Zapdos|87/100
|-singleturn|p2a: Zapdos|move: Roost
|
|-heal|p1a: Garchomp|100/100|[from] item: Leftovers
|upkeep
|turn|9
|
|t:|1667143535
|switch|p2a: Landorus|Landorus-Therian, M|82/100 tox
|-damage|p2a: Landorus|70/100 tox|[from] Stealth Rock
|-ability|p2a: Landorus|Intimidate|boost
|-unboost|p1a: Garchomp|atk|1
|move|p1a: Garchomp|Toxic|p2a: Landorus
|-fail|p2a: Landorus|tox
|
|-heal|p2a: Landorus|76/100 tox|[from] item: Leftovers
|-damage|p2a: Landorus|70/100 tox|[from] psn
|upkeep
|turn|10
|
|t:|1667143546
|switch|p1a: Tornadus|Tornadus-Therian, M|100/100 tox
|move|p2a: Landorus|U-turn|p1a: Tornadus
|-resisted|p1a: Tornadus
|-damage|p1a: Tornadus|87/100 tox
|
|t:|1667143552
|switch|p2a: Melmetal|Melmetal|100/100|[from]move: U-turn
|-damage|p2a: Melmetal|94/100|[from] Stealth Rock
|
|-damage|p1a: Tornadus|81/100 tox|[from] psn
|upkeep
|turn|11
|
|t:|1667143562
|switch|p1a: Slowbro|Slowbro, M|100/100
|-damage|p1a: Slowbro|88/100|[from] Stealth Rock
|move|p2a: Melmetal|Thunder Punch|p1a: Slowbro
|-supereffective|p1a: Slowbro
|-damage|p1a: Slowbro|48/100
|-damage|p2a: Melmetal|78/100|[from] item: Rocky Helmet|[of] p1a: Slowbro
|
|upkeep
|turn|12
|
|t:|1667143577
|switch|p2a: Zapdos|Zapdos|87/100
|-damage|p2a: Zapdos|62/100|[from] Stealth Rock
|switch|p1a: Garchomp|Garchomp, F, shiny|100/100
|-damage|p1a: Garchomp|94/100|[from] Stealth Rock
|
|-heal|p1a: Garchomp|100/100|[from] item: Leftovers
|upkeep
|turn|13
|
|t:|1667143587
|switch|p2a: Landorus|Landorus-Therian, M|70/100 tox
|-damage|p2a: Landorus|58/100 tox|[from] Stealth Rock
|-ability|p2a: Landorus|Intimidate|boost
|-unboost|p1a: Garchomp|atk|1
|move|p1a: Garchomp|Toxic|p2a: Landorus
|-fail|p2a: Landorus|tox
|
|-heal|p2a: Landorus|64/100 tox|[from] item: Leftovers
|-damage|p2a: Landorus|58/100 tox|[from] psn
|upkeep
|turn|14
|
|t:|1667143596
|switch|p1a: Tornadus|Tornadus-Therian, M|100/100 tox
|move|p2a: Landorus|Toxic|p1a: Tornadus
|-fail|p1a: Tornadus|tox
|
|-heal|p2a: Landorus|64/100 tox|[from] item: Leftovers
|-damage|p1a: Tornadus|94/100 tox|[from] psn
|-damage|p2a: Landorus|52/100 tox|[from] psn
|upkeep
|turn|15
|
|t:|1667143608
|switch|p2a: Melmetal|Melmetal|78/100
|-damage|p2a: Melmetal|72/100|[from] Stealth Rock
|move|p1a: Tornadus|Knock Off|p2a: Melmetal
|-damage|p2a: Melmetal|60/100
|-enditem|p2a: Melmetal|Assault Vest|[from] move: Knock Off|[of] p1a: Tornadus
|
|-damage|p1a: Tornadus|82/100 tox|[from] psn
|upkeep
|turn|16
|
|t:|1667143621
|move|p1a: Tornadus|U-turn|p2a: Melmetal
|-resisted|p2a: Melmetal
|-damage|p2a: Melmetal|56/100
|
|t:|1667143624
|switch|p1a: Slowbro|Slowbro, M|81/100|[from]move: U-turn
|-damage|p1a: Slowbro|69/100|[from] Stealth Rock
|move|p2a: Melmetal|Earthquake|p1a: Slowbro
|-damage|p1a: Slowbro|48/100
|
|upkeep
|turn|17
|
|t:|1667143635
|move|p2a: Melmetal|Earthquake|p1a: Slowbro
|-damage|p1a: Slowbro|24/100
|move|p1a: Slowbro|Teleport|p1a: Slowbro
|
|t:|1667143639
|switch|p1a: Dragapult|Dragapult, F|100/100|[from]move: Teleport
|-damage|p1a: Dragapult|88/100|[from] Stealth Rock
|
|upkeep
|turn|18
|
|t:|1667143645
|move|p1a: Dragapult|Flamethrower|p2a: Melmetal
|-supereffective|p2a: Melmetal
|-damage|p2a: Melmetal|0 fnt
|faint|p2a: Melmetal
|
|upkeep
|
|t:|1667143652
|switch|p2a: Kartana|Kartana|100/100
|-damage|p2a: Kartana|94/100|[from] Stealth Rock
|turn|19
|
|t:|1667143657
|switch|p1a: Tornadus|Tornadus-Therian, M|100/100 tox
|move|p2a: Kartana|Knock Off|p1a: Tornadus
|-damage|p1a: Tornadus|54/100 tox
|-enditem|p1a: Tornadus|Heavy-Duty Boots|[from] move: Knock Off|[of] p2a: Kartana
|
|-damage|p1a: Tornadus|48/100 tox|[from] psn
|upkeep
|turn|20
|
|t:|1667143676
|switch|p2a: Zapdos|Zapdos|62/100
|-damage|p2a: Zapdos|37/100|[from] Stealth Rock
|move|p1a: Tornadus|Hurricane|p2a: Zapdos|[miss]
|-miss|p1a: Tornadus|p2a: Zapdos
|
|-damage|p1a: Tornadus|36/100 tox|[from] psn
|upkeep
|turn|21
|
|t:|1667143685
|switch|p1a: Garchomp|Garchomp, F, shiny|100/100
|-damage|p1a: Garchomp|94/100|[from] Stealth Rock
|move|p2a: Zapdos|Roost|p2a: Zapdos
|-heal|p2a: Zapdos|87/100
|-singleturn|p2a: Zapdos|move: Roost
|
|-heal|p1a: Garchomp|100/100|[from] item: Leftovers
|upkeep
|turn|22
|
|t:|1667143694
|switch|p2a: Landorus|Landorus-Therian, M|52/100 tox
|-damage|p2a: Landorus|40/100 tox|[from] Stealth Rock
|-ability|p2a: Landorus|Intimidate|boost
|-unboost|p1a: Garchomp|atk|1
|move|p1a: Garchomp|Toxic|p2a: Landorus
|-fail|p2a: Landorus|tox
|
|-heal|p2a: Landorus|46/100 tox|[from] item: Leftovers
|-damage|p2a: Landorus|40/100 tox|[from] psn
|upkeep
|turn|23
|
|t:|1667143704
|move|p1a: Garchomp|Protect|p1a: Garchomp
|-singleturn|p1a: Garchomp|Protect
|move|p2a: Landorus|U-turn|p1a: Garchomp
|-activate|p1a: Garchomp|move: Protect
|
|-heal|p2a: Landorus|46/100 tox|[from] item: Leftovers
|-damage|p2a: Landorus|33/100 tox|[from] psn
|upkeep
|turn|24
|
|t:|1667143713
|switch|p1a: Clefable|Clefable, M|100/100
|-damage|p1a: Clefable|88/100|[from] Stealth Rock
|move|p2a: Landorus|U-turn|p1a: Clefable
|-resisted|p1a: Clefable
|-damage|p1a: Clefable|80/100
|
|t:|1667143720
|switch|p2a: Kartana|Kartana|94/100|[from]move: U-turn
|-damage|p2a: Kartana|88/100|[from] Stealth Rock
|
|-heal|p1a: Clefable|86/100|[from] item: Leftovers
|upkeep
|turn|25
|
|t:|1667143727
|move|p1a: Clefable|Protect|p1a: Clefable
|-singleturn|p1a: Clefable|Protect
|move|p2a: Kartana|Leaf Blade|p1a: Clefable
|-activate|p1a: Clefable|move: Protect
|
|-heal|p1a: Clefable|92/100|[from] item: Leftovers
|upkeep
|turn|26
|
|t:|1667143735
|switch|p2a: Zapdos|Zapdos|87/100
|-damage|p2a: Zapdos|62/100|[from] Stealth Rock
|move|p1a: Clefable|Wish|p1a: Clefable
|
|-heal|p1a: Clefable|98/100|[from] item: Leftovers
|upkeep
|turn|27
|
|t:|1667143744
|move|p2a: Zapdos|Defog|p1a: Clefable
|-unboost|p1a: Clefable|evasion|1
|-sideend|p1: Hatogorudo|Stealth Rock|[from] move: Defog|[of] p2a: Zapdos
|-sideend|p2: ultimategoogolplex|Stealth Rock|[from] move: Defog|[of] p2a: Zapdos
|move|p1a: Clefable|Heal Bell|p1a: Clefable
|-activate|p1a: Clefable|move: Heal Bell
|-curestatus|p1: Tornadus|tox|[msg]
|-curestatus|p1: Urshifu|par|[msg]
|
|-heal|p1a: Clefable|100/100|[from] move: Wish|[wisher] Clefable
|upkeep
|turn|28
|
|t:|1667143754
|switch|p1a: Garchomp|Garchomp, F, shiny|100/100
|move|p2a: Zapdos|Hurricane|p1a: Garchomp
|-damage|p1a: Garchomp|62/100
|
|-heal|p1a: Garchomp|69/100|[from] item: Leftovers
|upkeep
|turn|29
|
|t:|1667143761
|switch|p2a: Weavile|Weavile, M|100/100
|-ability|p2a: Weavile|Pressure
|move|p1a: Garchomp|Toxic|p2a: Weavile
|-status|p2a: Weavile|tox
|
|-heal|p1a: Garchomp|75/100|[from] item: Leftovers
|-damage|p2a: Weavile|94/100 tox|[from] psn
|upkeep
|turn|30
|
|t:|1667143774
|switch|p1a: Clefable|Clefable, M|100/100
|move|p2a: Weavile|Knock Off|p1a: Clefable
|-resisted|p1a: Clefable
|-damage|p1a: Clefable|68/100
|-enditem|p1a: Clefable|Leftovers|[from] move: Knock Off|[of] p2a: Weavile
|
|-damage|p2a: Weavile|82/100 tox|[from] psn
|upkeep
|turn|31
|
|t:|1667143783
|switch|p2a: Volcanion|Volcanion|100/100
|move|p1a: Clefable|Wish|p1a: Clefable
|
|upkeep
|turn|32
|
|t:|1667143792
|move|p1a: Clefable|Protect|p1a: Clefable
|-singleturn|p1a: Clefable|Protect
|move|p2a: Volcanion|Sludge Wave|p1a: Clefable
|-activate|p1a: Clefable|move: Protect
|
|-heal|p1a: Clefable|100/100|[from] move: Wish|[wisher] Clefable
|upkeep
|turn|33
|
|t:|1667143800
|switch|p2a: Weavile|Weavile, M|82/100 tox
|-ability|p2a: Weavile|Pressure
|switch|p1a: Garchomp|Garchomp, F, shiny|75/100
|
|-heal|p1a: Garchomp|81/100|[from] item: Leftovers
|-damage|p2a: Weavile|76/100 tox|[from] psn
|upkeep
|turn|34
|
|t:|1667143812
|switch|p1a: Clefable|Clefable, M|100/100
|move|p2a: Weavile|Knock Off|p1a: Clefable
|-resisted|p1a: Clefable
|-damage|p1a: Clefable|80/100
|
|-damage|p2a: Weavile|64/100 tox|[from] psn
|upkeep
|turn|35
|
|t:|1667143824
|switch|p2a: Volcanion|Volcanion|100/100
|move|p1a: Clefable|Wish|p1a: Clefable
|
|upkeep
|turn|36
|
|t:|1667143832
|move|p1a: Clefable|Protect|p1a: Clefable
|-singleturn|p1a: Clefable|Protect
|move|p2a: Volcanion|Steam Eruption|p1a: Clefable
|-activate|p1a: Clefable|move: Protect
|
|-heal|p1a: Clefable|100/100|[from] move: Wish|[wisher] Clefable
|upkeep
|turn|37
|
|t:|1667143839
|move|p2a: Volcanion|Steam Eruption|p1a: Clefable
|-damage|p1a: Clefable|14/100
|move|p1a: Clefable|Wish|p1a: Clefable
|
|upkeep
|turn|38
|
|t:|1667143844
|move|p1a: Clefable|Protect|p1a: Clefable
|-singleturn|p1a: Clefable|Protect
|move|p2a: Volcanion|Steam Eruption|p1a: Clefable
|-activate|p1a: Clefable|move: Protect
|
|-heal|p1a: Clefable|64/100|[from] move: Wish|[wisher] Clefable
|upkeep
|turn|39
|
|t:|1667143853
|switch|p1a: Slowbro|Slowbro, M|58/100
|move|p2a: Volcanion|Steam Eruption|p1a: Slowbro
|-resisted|p1a: Slowbro
|-damage|p1a: Slowbro|13/100
|-status|p1a: Slowbro|brn
|
|-damage|p1a: Slowbro|7/100 brn|[from] brn
|upkeep
|turn|40
|
|t:|1667143863
|move|p2a: Volcanion|Steam Eruption|p1a: Slowbro
|-resisted|p1a: Slowbro
|-damage|p1a: Slowbro|0 fnt
|faint|p1a: Slowbro
|
|upkeep
|
|t:|1667143870
|switch|p1a: Garchomp|Garchomp, F, shiny|81/100
|turn|41
|
|t:|1667143874
|switch|p2a: Landorus|Landorus-Therian, M|33/100 tox
|-ability|p2a: Landorus|Intimidate|boost
|-unboost|p1a: Garchomp|atk|1
|move|p1a: Garchomp|Earthquake|p2a: Landorus
|-immune|p2a: Landorus
|
|-heal|p1a: Garchomp|87/100|[from] item: Leftovers
|-heal|p2a: Landorus|40/100 tox|[from] item: Leftovers
|-damage|p2a: Landorus|33/100 tox|[from] psn
|upkeep
|turn|42
|j| KappaHalo
|
|t:|1667143884
|move|p1a: Garchomp|Stealth Rock|p2a: Landorus
|-sidestart|p2: ultimategoogolplex|move: Stealth Rock
|move|p2a: Landorus|Stealth Rock|p1a: Garchomp
|-sidestart|p1: Hatogorudo|move: Stealth Rock
|
|-heal|p1a: Garchomp|93/100|[from] item: Leftovers
|-heal|p2a: Landorus|40/100 tox|[from] item: Leftovers
|-damage|p2a: Landorus|27/100 tox|[from] psn
|upkeep
|turn|43
|
|t:|1667143893
|move|p1a: Garchomp|Protect|p1a: Garchomp
|-singleturn|p1a: Garchomp|Protect
|move|p2a: Landorus|U-turn|p1a: Garchomp
|-activate|p1a: Garchomp|move: Protect
|
|-heal|p1a: Garchomp|99/100|[from] item: Leftovers
|-heal|p2a: Landorus|33/100 tox|[from] item: Leftovers
|-damage|p2a: Landorus|15/100 tox|[from] psn
|upkeep
|turn|44
|
|t:|1667143907
|switch|p1a: Dragapult|Dragapult, F|88/100
|-damage|p1a: Dragapult|76/100|[from] Stealth Rock
|move|p2a: Landorus|U-turn|p1a: Dragapult
|-resisted|p1a: Dragapult
|-damage|p1a: Dragapult|62/100
|
|t:|1667143913
|switch|p2a: Kartana|Kartana|88/100|[from]move: U-turn
|-damage|p2a: Kartana|82/100|[from] Stealth Rock
|
|upkeep
|turn|45
|
|t:|1667143918
|switch|p1a: Tornadus|Tornadus-Therian, M|69/100
|-damage|p1a: Tornadus|44/100|[from] Stealth Rock
|move|p2a: Kartana|Smart Strike|p1a: Tornadus
|-damage|p1a: Tornadus|0 fnt
|faint|p1a: Tornadus
|-ability|p2a: Kartana|Beast Boost|boost
|-boost|p2a: Kartana|atk|1
|
|upkeep
|
|t:|1667143921
|switch|p1a: Clefable|Clefable, M|64/100
|-damage|p1a: Clefable|52/100|[from] Stealth Rock
|turn|46
|
|t:|1667143930
|move|p2a: Kartana|Smart Strike|p1a: Clefable
|-supereffective|p1a: Clefable
|-damage|p1a: Clefable|0 fnt
|faint|p1a: Clefable
|-ability|p2a: Kartana|Beast Boost|boost
|-boost|p2a: Kartana|atk|1
|
|upkeep
|-message|Hatogorudo forfeited.
|
|win|ultimategoogolplex
|raw|Hatogorudo's rating: 1605 &rarr; <strong>1588</strong><br />(-17 for losing)
|raw|ultimategoogolplex's rating: 1657 &rarr; <strong>1674</strong><br />(+17 for winning)
|l|☆Hatogorudo
