|j|☆Raph369
|j|☆alvar03
|t:|1667747659
|gametype|singles
|player|p1|Raph369|blaine|1885
|player|p2|alvar03|alder|1951
|teamsize|p1|6
|teamsize|p2|6
|gen|8
|tier|[Gen 8] OU
|rated|
|rule|Sleep Clause Mod: Limit one foe put to sleep
|rule|Species Clause: Limit one of each Pokémon
|rule|OHKO Clause: OHKO moves are banned
|rule|Evasion Items Clause: Evasion items are banned
|rule|Evasion Moves Clause: Evasion moves are banned
|rule|Endless Battle Clause: Forcing endless battles is banned
|rule|HP Percentage Mod: HP is shown in percentages
|rule|Dynamax Clause: You cannot dynamax
|clearpoke
|poke|p1|Tyranitar, M|
|poke|p1|Excadrill, F|
|poke|p1|Pelipper, M|
|poke|p1|Urshifu-*, F|
|poke|p1|Zapdos|
|poke|p1|Ferrothorn, M|
|poke|p2|Latias, F|
|poke|p2|Heatran, M|
|poke|p2|Buzzwole|
|poke|p2|Slowking, M|
|poke|p2|Landorus-Therian, M|
|poke|p2|Dragapult, F|
|teampreview
|j| zgiata 创世神
|inactive|Battle timer is ON: inactive players will automatically lose when time's up. (requested by alvar03)
|j| Cocoon Evolution
|
|t:|1667747685
|start
|switch|p1a: Tyranitar|Tyranitar, M, shiny|100/100
|switch|p2a: Slowking|Slowking, M|100/100
|-weather|Sandstorm|[from] ability: Sand Stream|[of] p1a: Tyranitar
|turn|1
|
|t:|1667747693
|switch|p2a: Buzzwole|Buzzwole|100/100
|move|p1a: Tyranitar|Stone Edge|p2a: Buzzwole|[miss]
|-miss|p1a: Tyranitar|p2a: Buzzwole
|
|-weather|Sandstorm|[upkeep]
|-damage|p2a: Buzzwole|94/100|[from] Sandstorm
|upkeep
|turn|2
|
|t:|1667747696
|switch|p1a: Pelipper|Pelipper, M, shiny|100/100
|-weather|RainDance|[from] ability: Drizzle|[of] p1a: Pelipper
|move|p2a: Buzzwole|Toxic|p1a: Pelipper|[miss]
|-miss|p2a: Buzzwole|p1a: Pelipper
|
|-weather|RainDance|[upkeep]
|upkeep
|turn|3
|
|t:|1667747701
|switch|p2a: Slowking|Slowking, M|100/100
|move|p1a: Pelipper|U-turn|p2a: Slowking
|-supereffective|p2a: Slowking
|-damage|p2a: Slowking|83/100
|
|t:|1667747703
|switch|p1a: Tyranitar|Tyranitar, M, shiny|100/100|[from]move: U-turn
|-weather|Sandstorm|[from] ability: Sand Stream|[of] p1a: Tyranitar
|
|-weather|Sandstorm|[upkeep]
|-damage|p2a: Slowking|77/100|[from] Sandstorm
|upkeep
|turn|4
|
|t:|1667747706
|switch|p2a: Buzzwole|Buzzwole|94/100
|move|p1a: Tyranitar|Stone Edge|p2a: Buzzwole
|-damage|p2a: Buzzwole|40/100
|
|-weather|Sandstorm|[upkeep]
|-damage|p2a: Buzzwole|34/100|[from] Sandstorm
|upkeep
|turn|5
|
|t:|1667747735
|switch|p1a: Pelipper|Pelipper, M, shiny|100/100
|-weather|RainDance|[from] ability: Drizzle|[of] p1a: Pelipper
|move|p2a: Buzzwole|Roost|p2a: Buzzwole
|-heal|p2a: Buzzwole|84/100
|-singleturn|p2a: Buzzwole|move: Roost
|
|-weather|RainDance|[upkeep]
|upkeep
|turn|6
|
|t:|1667747740
|switch|p2a: Slowking|Slowking, M|100/100
|move|p1a: Pelipper|U-turn|p2a: Slowking
|-supereffective|p2a: Slowking
|-damage|p2a: Slowking|83/100
|inactive|Raph369 has 120 seconds left.
|
|t:|1667747757
|switch|p1a: Zapdos|Zapdos, shiny|100/100|[from]move: U-turn
|
|-weather|RainDance|[upkeep]
|upkeep
|turn|7
|
|t:|1667747763
|switch|p2a: Latias|Latias, F|100/100
|move|p1a: Zapdos|Discharge|p2a: Latias
|-resisted|p2a: Latias
|-damage|p2a: Latias|87/100
|-status|p2a: Latias|par
|
|-weather|RainDance|[upkeep]
|upkeep
|turn|8
|
|t:|1667747770
|move|p1a: Zapdos|Volt Switch|p2a: Latias
|-resisted|p2a: Latias
|-damage|p2a: Latias|74/100 par
|
|t:|1667747778
|switch|p1a: Pelipper|Pelipper, M, shiny|100/100|[from]move: Volt Switch
|move|p2a: Latias|Ice Beam|p1a: Pelipper
|-damage|p1a: Pelipper|51/100
|
|-weather|RainDance|[upkeep]
|upkeep
|turn|9
|
|t:|1667747782
|move|p1a: Pelipper|U-turn|p2a: Latias
|-supereffective|p2a: Latias
|-damage|p2a: Latias|53/100 par
|
|t:|1667747784
|switch|p1a: Tyranitar|Tyranitar, M, shiny|100/100|[from]move: U-turn
|-weather|Sandstorm|[from] ability: Sand Stream|[of] p1a: Tyranitar
|move|p2a: Latias|Psychic|p1a: Tyranitar
|-immune|p1a: Tyranitar
|
|-weather|Sandstorm|[upkeep]
|-damage|p2a: Latias|47/100 par|[from] Sandstorm
|upkeep
|turn|10
|
|t:|1667747788
|switch|p2a: Landorus|Landorus-Therian, M|100/100
|-ability|p2a: Landorus|Intimidate|boost
|-unboost|p1a: Tyranitar|atk|1
|move|p1a: Tyranitar|Stone Edge|p2a: Landorus
|-damage|p2a: Landorus|48/100
|
|-weather|Sandstorm|[upkeep]
|-heal|p2a: Landorus|54/100|[from] item: Leftovers
|upkeep
|turn|11
|
|t:|1667747804
|switch|p1a: Ferrothorn|Ferrothorn, M, shiny|100/100
|move|p2a: Landorus|U-turn|p1a: Ferrothorn
|-damage|p1a: Ferrothorn|86/100
|-damage|p2a: Landorus|42/100|[from] ability: Iron Barbs|[of] p1a: Ferrothorn
|
|t:|1667747806
|switch|p2a: Heatran|Heatran, M|100/100|[from]move: U-turn
|
|-weather|Sandstorm|[upkeep]
|-heal|p1a: Ferrothorn|92/100|[from] item: Leftovers
|upkeep
|turn|12
|
|t:|1667747812
|switch|p1a: Pelipper|Pelipper, M, shiny|51/100
|-weather|RainDance|[from] ability: Drizzle|[of] p1a: Pelipper
|move|p2a: Heatran|Stealth Rock|p1a: Pelipper
|-sidestart|p1: Raph369|move: Stealth Rock
|
|-weather|RainDance|[upkeep]
|upkeep
|turn|13
|
|t:|1667747821
|switch|p2a: Slowking|Slowking, M|100/100
|move|p1a: Pelipper|Weather Ball|p2a: Slowking
|-resisted|p2a: Slowking
|-damage|p2a: Slowking|70/100
|
|-weather|RainDance|[upkeep]
|upkeep
|turn|14
|
|t:|1667747828
|move|p1a: Pelipper|Weather Ball|p2a: Slowking
|-resisted|p2a: Slowking
|-damage|p2a: Slowking|41/100
|move|p2a: Slowking|Teleport|p2a: Slowking
|
|t:|1667747832
|switch|p2a: Dragapult|Dragapult, F|100/100|[from]move: Teleport
|
|-weather|RainDance|[upkeep]
|upkeep
|turn|15
|
|t:|1667747837
|switch|p1a: Ferrothorn|Ferrothorn, M, shiny|92/100
|-damage|p1a: Ferrothorn|86/100|[from] Stealth Rock
|move|p2a: Dragapult|Dragon Darts|p1a: Ferrothorn
|-resisted|p1a: Ferrothorn
|-damage|p1a: Ferrothorn|78/100
|-anim|p2a: Dragapult|Dragon Darts|p1a: Ferrothorn
|-resisted|p1a: Ferrothorn
|-damage|p1a: Ferrothorn|70/100
|
|-weather|RainDance|[upkeep]
|-heal|p1a: Ferrothorn|76/100|[from] item: Leftovers
|upkeep
|turn|16
|j| Esquini11
|j| viper33
|
|t:|1667747846
|switch|p2a: Heatran|Heatran, M|100/100
|move|p1a: Ferrothorn|Leech Seed|p2a: Heatran|[miss]
|-miss|p1a: Ferrothorn|p2a: Heatran
|
|-weather|none
|-heal|p1a: Ferrothorn|82/100|[from] item: Leftovers
|upkeep
|turn|17
|
|t:|1667747851
|switch|p1a: Tyranitar|Tyranitar, M, shiny|100/100
|-damage|p1a: Tyranitar|88/100|[from] Stealth Rock
|-weather|Sandstorm|[from] ability: Sand Stream|[of] p1a: Tyranitar
|move|p2a: Heatran|Lava Plume|p1a: Tyranitar
|-resisted|p1a: Tyranitar
|-damage|p1a: Tyranitar|73/100
|
|-weather|Sandstorm|[upkeep]
|upkeep
|turn|18
|
|t:|1667747861
|move|p2a: Heatran|Flash Cannon|p1a: Tyranitar
|-supereffective|p1a: Tyranitar
|-damage|p1a: Tyranitar|9/100
|move|p1a: Tyranitar|Stone Edge|p2a: Heatran
|-damage|p2a: Heatran|17/100
|
|-weather|Sandstorm|[upkeep]
|-heal|p2a: Heatran|23/100|[from] item: Leftovers
|upkeep
|turn|19
|
|t:|1667747871
|move|p2a: Heatran|Lava Plume|p1a: Tyranitar
|-resisted|p1a: Tyranitar
|-damage|p1a: Tyranitar|0 fnt
|faint|p1a: Tyranitar
|
|-weather|Sandstorm|[upkeep]
|-heal|p2a: Heatran|29/100|[from] item: Leftovers
|upkeep
|
|t:|1667747879
|switch|p1a: Excadrill|Excadrill, F, shiny|100/100
|-damage|p1a: Excadrill|97/100|[from] Stealth Rock
|turn|20
|
|t:|1667747885
|move|p1a: Excadrill|Rapid Spin|p2a: Heatran
|-resisted|p2a: Heatran
|-damage|p2a: Heatran|20/100
|-boost|p1a: Excadrill|spe|1
|-sideend|p1: Raph369|Stealth Rock|[from] move: Rapid Spin|[of] p1a: Excadrill
|move|p2a: Heatran|Earth Power|p1a: Excadrill
|-supereffective|p1a: Excadrill
|-damage|p1a: Excadrill|0 fnt
|faint|p1a: Excadrill
|
|-weather|Sandstorm|[upkeep]
|-heal|p2a: Heatran|26/100|[from] item: Leftovers
|upkeep
|
|t:|1667747890
|switch|p1a: Pelipper|Pelipper, M, shiny|51/100
|-weather|RainDance|[from] ability: Drizzle|[of] p1a: Pelipper
|turn|21
|
|t:|1667747893
|switch|p2a: Slowking|Slowking, M|74/100
|move|p1a: Pelipper|Weather Ball|p2a: Slowking
|-resisted|p2a: Slowking
|-damage|p2a: Slowking|42/100
|
|-weather|RainDance|[upkeep]
|upkeep
|turn|22
|
|t:|1667747895
|move|p1a: Pelipper|Weather Ball|p2a: Slowking
|-resisted|p2a: Slowking
|-damage|p2a: Slowking|9/100
|move|p2a: Slowking|Teleport|p2a: Slowking
|
|t:|1667747902
|switch|p2a: Dragapult|Dragapult, F|100/100|[from]move: Teleport
|
|-weather|RainDance|[upkeep]
|upkeep
|turn|23
|
|t:|1667747905
|switch|p1a: Ferrothorn|Ferrothorn, M, shiny|82/100
|move|p2a: Dragapult|Dragon Darts|p1a: Ferrothorn
|-resisted|p1a: Ferrothorn
|-damage|p1a: Ferrothorn|73/100
|-anim|p2a: Dragapult|Dragon Darts|p1a: Ferrothorn
|-resisted|p1a: Ferrothorn
|-damage|p1a: Ferrothorn|65/100
|
|-weather|RainDance|[upkeep]
|-heal|p1a: Ferrothorn|71/100|[from] item: Leftovers
|upkeep
|turn|24
|j| Holy Ghost
|
|t:|1667747919
|move|p2a: Dragapult|Substitute|p2a: Dragapult
|-start|p2a: Dragapult|Substitute
|-damage|p2a: Dragapult|76/100
|move|p1a: Ferrothorn|Leech Seed||[still]
|-fail|p1a: Ferrothorn
|
|-weather|RainDance|[upkeep]
|-heal|p2a: Dragapult|82/100|[from] item: Leftovers
|-heal|p1a: Ferrothorn|77/100|[from] item: Leftovers
|upkeep
|turn|25
|
|t:|1667747923
|move|p2a: Dragapult|Dragon Darts|p1a: Ferrothorn
|-resisted|p1a: Ferrothorn
|-damage|p1a: Ferrothorn|69/100
|-anim|p2a: Dragapult|Dragon Darts|p1a: Ferrothorn
|-resisted|p1a: Ferrothorn
|-damage|p1a: Ferrothorn|60/100
|move|p1a: Ferrothorn|Knock Off|p2a: Dragapult
|-supereffective|p2a: Dragapult
|-end|p2a: Dragapult|Substitute
|
|-weather|none
|-heal|p2a: Dragapult|88/100|[from] item: Leftovers
|-heal|p1a: Ferrothorn|66/100|[from] item: Leftovers
|upkeep
|turn|26
|
|t:|1667747929
|switch|p2a: Latias|Latias, F|47/100 par
|move|p1a: Ferrothorn|Stealth Rock|p2a: Latias
|-sidestart|p2: alvar03|move: Stealth Rock
|
|-heal|p1a: Ferrothorn|72/100|[from] item: Leftovers
|upkeep
|turn|27
|
|t:|1667747939
|switch|p1a: Urshifu|Urshifu-Rapid-Strike, F|100/100
|cant|p2a: Latias|par
|
|upkeep
|turn|28
|l| viper33
|
|t:|1667747946
|move|p1a: Urshifu|U-turn|p2a: Latias
|-supereffective|p2a: Latias
|-damage|p2a: Latias|0 fnt
|faint|p2a: Latias
|
|t:|1667747953
|switch|p1a: Pelipper|Pelipper, M, shiny|51/100|[from]move: U-turn
|-weather|RainDance|[from] ability: Drizzle|[of] p1a: Pelipper
|
|-weather|RainDance|[upkeep]
|upkeep
|j| 0SiegeWarfare
|
|t:|1667747960
|switch|p2a: Dragapult|Dragapult, F|88/100
|-damage|p2a: Dragapult|75/100|[from] Stealth Rock
|turn|29
|
|t:|1667747963
|switch|p1a: Ferrothorn|Ferrothorn, M, shiny|72/100
|move|p2a: Dragapult|Dragon Darts|p1a: Ferrothorn
|-resisted|p1a: Ferrothorn
|-damage|p1a: Ferrothorn|64/100
|-anim|p2a: Dragapult|Dragon Darts|p1a: Ferrothorn
|-resisted|p1a: Ferrothorn
|-damage|p1a: Ferrothorn|56/100
|
|-weather|RainDance|[upkeep]
|-heal|p2a: Dragapult|81/100|[from] item: Leftovers
|-heal|p1a: Ferrothorn|62/100|[from] item: Leftovers
|upkeep
|turn|30
|j| tapu moxo
|
|t:|1667747967
|switch|p2a: Landorus|Landorus-Therian, M|42/100
|-damage|p2a: Landorus|29/100|[from] Stealth Rock
|-ability|p2a: Landorus|Intimidate|boost
|-unboost|p1a: Ferrothorn|atk|1
|move|p1a: Ferrothorn|Leech Seed|p2a: Landorus
|-start|p2a: Landorus|move: Leech Seed
|
|-weather|RainDance|[upkeep]
|-heal|p2a: Landorus|35/100|[from] item: Leftovers
|-heal|p1a: Ferrothorn|68/100|[from] item: Leftovers
|-damage|p2a: Landorus|23/100|[from] Leech Seed|[of] p1a: Ferrothorn
|-heal|p1a: Ferrothorn|81/100|[silent]
|upkeep
|turn|31
|
|t:|1667747977
|move|p2a: Landorus|Defog|p1a: Ferrothorn
|-unboost|p1a: Ferrothorn|evasion|1
|-sideend|p2: alvar03|Stealth Rock|[from] move: Defog|[of] p2a: Landorus
|move|p1a: Ferrothorn|Knock Off|p2a: Landorus
|-damage|p2a: Landorus|9/100
|-enditem|p2a: Landorus|Leftovers|[from] move: Knock Off|[of] p1a: Ferrothorn
|
|-weather|RainDance|[upkeep]
|-heal|p1a: Ferrothorn|88/100|[from] item: Leftovers
|-damage|p2a: Landorus|0 fnt|[from] Leech Seed|[of] p1a: Ferrothorn
|-heal|p1a: Ferrothorn|97/100|[silent]
|faint|p2a: Landorus
|upkeep
|
|t:|1667747979
|switch|p2a: Heatran|Heatran, M|26/100
|turn|32
|
|t:|1667747986
|move|p2a: Heatran|Lava Plume|p1a: Ferrothorn
|-supereffective|p1a: Ferrothorn
|-damage|p1a: Ferrothorn|31/100
|move|p1a: Ferrothorn|Knock Off|p2a: Heatran
|-damage|p2a: Heatran|11/100
|-enditem|p2a: Heatran|Leftovers|[from] move: Knock Off|[of] p1a: Ferrothorn
|
|-weather|none
|-heal|p1a: Ferrothorn|38/100|[from] item: Leftovers
|upkeep
|turn|33
|j| balenciagamon
|
|t:|1667747998
|switch|p1a: Pelipper|Pelipper, M, shiny|51/100
|-weather|RainDance|[from] ability: Drizzle|[of] p1a: Pelipper
|move|p2a: Heatran|Lava Plume|p1a: Pelipper
|-resisted|p1a: Pelipper
|-damage|p1a: Pelipper|31/100
|
|-weather|RainDance|[upkeep]
|upkeep
|turn|34
|
|t:|1667748003
|move|p2a: Heatran|Flash Cannon|p1a: Pelipper
|-resisted|p1a: Pelipper
|-damage|p1a: Pelipper|0 fnt
|faint|p1a: Pelipper
|
|-weather|RainDance|[upkeep]
|upkeep
|
|t:|1667748007
|switch|p1a: Urshifu|Urshifu-Rapid-Strike, F|100/100
|turn|35
|
|t:|1667748018
|move|p1a: Urshifu|Surging Strikes|p2a: Heatran
|-supereffective|p2a: Heatran
|-crit|p2a: Heatran
|-damage|p2a: Heatran|0 fnt
|faint|p2a: Heatran
|-hitcount|p2: Heatran|1
|
|-weather|RainDance|[upkeep]
|upkeep
|
|t:|1667748022
|switch|p2a: Buzzwole|Buzzwole|84/100
|turn|36
|
|t:|1667748025
|switch|p1a: Zapdos|Zapdos, shiny|100/100
|move|p2a: Buzzwole|Roost|p2a: Buzzwole
|-heal|p2a: Buzzwole|100/100
|-singleturn|p2a: Buzzwole|move: Roost
|
|-weather|RainDance|[upkeep]
|upkeep
|turn|37
|
|t:|1667748030
|move|p1a: Zapdos|Discharge|p2a: Buzzwole
|-damage|p2a: Buzzwole|55/100
|move|p2a: Buzzwole|Toxic|p1a: Zapdos
|-status|p1a: Zapdos|tox
|
|-weather|none
|-damage|p1a: Zapdos|94/100 tox|[from] psn
|upkeep
|turn|38
|j| Leavers
|
|t:|1667748035
|move|p1a: Zapdos|Volt Switch|p2a: Buzzwole
|-damage|p2a: Buzzwole|14/100
|
|t:|1667748037
|switch|p1a: Ferrothorn|Ferrothorn, M, shiny|38/100|[from]move: Volt Switch
|move|p2a: Buzzwole|Roost|p2a: Buzzwole
|-heal|p2a: Buzzwole|64/100
|-singleturn|p2a: Buzzwole|move: Roost
|
|-heal|p1a: Ferrothorn|44/100|[from] item: Leftovers
|upkeep
|turn|39
|
|t:|1667748040
|switch|p1a: Zapdos|Zapdos, shiny|94/100 tox
|move|p2a: Buzzwole|Close Combat|p1a: Zapdos
|-resisted|p1a: Zapdos
|-damage|p1a: Zapdos|71/100 tox
|-unboost|p2a: Buzzwole|def|1
|-unboost|p2a: Buzzwole|spd|1
|-status|p2a: Buzzwole|par|[from] ability: Static|[of] p1a: Zapdos
|
|-damage|p1a: Zapdos|65/100 tox|[from] psn
|upkeep
|turn|40
|l| Esquini11
|
|t:|1667748053
|move|p1a: Zapdos|Volt Switch|p2a: Buzzwole
|-damage|p2a: Buzzwole|2/100 par
|j| cypherstest
|
|t:|1667748058
|switch|p1a: Urshifu|Urshifu-Rapid-Strike, F|100/100|[from]move: Volt Switch
|cant|p2a: Buzzwole|par
|
|upkeep
|turn|41
|
|t:|1667748062
|move|p1a: Urshifu|U-turn|p2a: Buzzwole
|-resisted|p2a: Buzzwole
|-damage|p2a: Buzzwole|0 fnt
|-damage|p1a: Urshifu|84/100|[from] item: Rocky Helmet|[of] p2a: Buzzwole
|faint|p2a: Buzzwole
|
|t:|1667748068
|switch|p1a: Ferrothorn|Ferrothorn, M, shiny|44/100|[from]move: U-turn
|
|-heal|p1a: Ferrothorn|50/100|[from] item: Leftovers
|upkeep
|
|t:|1667748070
|switch|p2a: Slowking|Slowking, M|42/100
|turn|42
|
|t:|1667748074
|move|p1a: Ferrothorn|Leech Seed|p2a: Slowking
|-start|p2a: Slowking|move: Leech Seed
|move|p2a: Slowking|Scald|p1a: Ferrothorn
|-resisted|p1a: Ferrothorn
|-damage|p1a: Ferrothorn|39/100
|-status|p1a: Ferrothorn|brn
|
|-heal|p1a: Ferrothorn|46/100 brn|[from] item: Leftovers
|-damage|p2a: Slowking|30/100|[from] Leech Seed|[of] p1a: Ferrothorn
|-heal|p1a: Ferrothorn|60/100 brn|[silent]
|-damage|p1a: Ferrothorn|53/100 brn|[from] brn
|upkeep
|turn|43
|
|t:|1667748079
|move|p1a: Ferrothorn|Knock Off|p2a: Slowking
|-supereffective|p2a: Slowking
|-damage|p2a: Slowking|9/100
|-enditem|p2a: Slowking|Heavy-Duty Boots|[from] move: Knock Off|[of] p1a: Ferrothorn
|move|p2a: Slowking|Teleport|p2a: Slowking
|
|t:|1667748081
|switch|p2a: Dragapult|Dragapult, F|81/100|[from]move: Teleport
|
|-heal|p2a: Dragapult|87/100|[from] item: Leftovers
|-heal|p1a: Ferrothorn|60/100 brn|[from] item: Leftovers
|-damage|p1a: Ferrothorn|53/100 brn|[from] brn
|upkeep
|turn|44
|
|t:|1667748084
|move|p2a: Dragapult|Dragon Dance|p2a: Dragapult
|-boost|p2a: Dragapult|atk|1
|-boost|p2a: Dragapult|spe|1
|move|p1a: Ferrothorn|Knock Off|p2a: Dragapult
|-supereffective|p2a: Dragapult
|-damage|p2a: Dragapult|57/100
|-enditem|p2a: Dragapult|Leftovers|[from] move: Knock Off|[of] p1a: Ferrothorn
|
|-heal|p1a: Ferrothorn|60/100 brn|[from] item: Leftovers
|-damage|p1a: Ferrothorn|53/100 brn|[from] brn
|upkeep
|turn|45
|
|t:|1667748090
|move|p2a: Dragapult|Substitute|p2a: Dragapult
|-start|p2a: Dragapult|Substitute
|-damage|p2a: Dragapult|32/100
|move|p1a: Ferrothorn|Knock Off|p2a: Dragapult
|-supereffective|p2a: Dragapult
|-activate|p2a: Dragapult|move: Substitute|[damage]
|
|-heal|p1a: Ferrothorn|60/100 brn|[from] item: Leftovers
|-damage|p1a: Ferrothorn|53/100 brn|[from] brn
|upkeep
|turn|46
|
|t:|1667748095
|move|p2a: Dragapult|Dragon Darts|p1a: Ferrothorn
|-resisted|p1a: Ferrothorn
|-damage|p1a: Ferrothorn|40/100 brn
|-anim|p2a: Dragapult|Dragon Darts|p1a: Ferrothorn
|-resisted|p1a: Ferrothorn
|-damage|p1a: Ferrothorn|27/100 brn
|move|p1a: Ferrothorn|Knock Off|p2a: Dragapult
|-supereffective|p2a: Dragapult
|-end|p2a: Dragapult|Substitute
|
|-heal|p1a: Ferrothorn|34/100 brn|[from] item: Leftovers
|-damage|p1a: Ferrothorn|27/100 brn|[from] brn
|upkeep
|turn|47
|
|t:|1667748102
|move|p2a: Dragapult|Substitute|p2a: Dragapult
|-start|p2a: Dragapult|Substitute
|-damage|p2a: Dragapult|7/100
|move|p1a: Ferrothorn|Knock Off|p2a: Dragapult
|-supereffective|p2a: Dragapult
|-activate|p2a: Dragapult|move: Substitute|[damage]
|
|-heal|p1a: Ferrothorn|34/100 brn|[from] item: Leftovers
|-damage|p1a: Ferrothorn|27/100 brn|[from] brn
|upkeep
|turn|48
|
|t:|1667748104
|move|p2a: Dragapult|Dragon Darts|p1a: Ferrothorn
|-resisted|p1a: Ferrothorn
|-damage|p1a: Ferrothorn|16/100 brn
|-anim|p2a: Dragapult|Dragon Darts|p1a: Ferrothorn
|-resisted|p1a: Ferrothorn
|-damage|p1a: Ferrothorn|3/100 brn
|move|p1a: Ferrothorn|Knock Off|p2a: Dragapult
|-supereffective|p2a: Dragapult
|-end|p2a: Dragapult|Substitute
|
|-heal|p1a: Ferrothorn|9/100 brn|[from] item: Leftovers
|-damage|p1a: Ferrothorn|3/100 brn|[from] brn
|upkeep
|turn|49
|
|t:|1667748108
|move|p2a: Dragapult|Dragon Darts|p1a: Ferrothorn
|-resisted|p1a: Ferrothorn
|-damage|p1a: Ferrothorn|0 fnt
|faint|p1a: Ferrothorn
|
|upkeep
|
|t:|1667748112
|switch|p1a: Urshifu|Urshifu-Rapid-Strike, F|84/100
|turn|50
|
|t:|1667748115
|move|p2a: Dragapult|Dragon Darts|p1a: Urshifu
|-damage|p1a: Urshifu|45/100
|-anim|p2a: Dragapult|Dragon Darts|p1a: Urshifu
|-damage|p1a: Urshifu|1/100
|move|p1a: Urshifu|U-turn|p2a: Dragapult
|-resisted|p2a: Dragapult
|-damage|p2a: Dragapult|0 fnt
|faint|p2a: Dragapult
|
|t:|1667748118
|switch|p1a: Zapdos|Zapdos, shiny|65/100 tox|[from]move: U-turn
|
|-damage|p1a: Zapdos|59/100 tox|[from] psn
|upkeep
|
|t:|1667748119
|switch|p2a: Slowking|Slowking, M|42/100
|turn|51
|
|t:|1667748122
|move|p1a: Zapdos|Discharge|p2a: Slowking
|-supereffective|p2a: Slowking
|-damage|p2a: Slowking|0 fnt
|faint|p2a: Slowking
|
|win|Raph369
|raw|Raph369's rating: 1885 &rarr; <strong>1909</strong><br />(+24 for winning)
|raw|alvar03's rating: 1951 &rarr; <strong>1927</strong><br />(-24 for losing)
|c|☆alvar03|wtf was that roll man
||Ladder isn't responding, score probably updated but might not have (Request timeout).
|l|☆alvar03
|l| Cocoon Evolution
|l| cypherstest
|l| Holy Ghost
|l| Leavers
|l|☆Raph369
|j|☆Raph369
|player|p1|Raph369|blaine
