|j|☆Ilovejessie
|j|☆damorush
|t:|1636499948
|gametype|singles
|player|p1|Ilovejessie|248|1533
|player|p2|damorush|alder|1544
|teamsize|p1|6
|teamsize|p2|6
|gen|8
|tier|[Gen 8] OU
|rated|
|rule|Sleep Clause Mod: Limit one foe put to sleep
|rule|Species Clause: Limit one of each Pokémon
|rule|OHKO Clause: OHKO moves are banned
|rule|Evasion Moves Clause: Evasion moves are banned
|rule|Endless Battle Clause: Forcing endless battles is banned
|rule|HP Percentage Mod: HP is shown in percentages
|rule|Dynamax Clause: You cannot dynamax
|clearpoke
|poke|p1|Volcarona, F|
|poke|p1|Swampert, F|
|poke|p1|Zapdos|
|poke|p1|Tapu Lele|
|poke|p1|Tyranitar, M|
|poke|p1|Nidoking, M|
|poke|p2|Dragapult, F|
|poke|p2|Urshifu-*, M|
|poke|p2|Weavile, M|
|poke|p2|Shuckle, F|
|poke|p2|Blacephalon|
|poke|p2|Kartana|
|teampreview
|
|t:|1636499958
|start
|switch|p1a: Zapdos|Zapdos|100/100
|switch|p2a: Shuckle|Shuckle, F|100/100
|turn|1
|
|t:|1636499964
|move|p1a: Zapdos|Toxic|p2a: Shuckle
|-status|p2a: Shuckle|tox
|move|p2a: Shuckle|Sticky Web|p1a: Zapdos
|-sidestart|p1: Ilovejessie|move: Sticky Web
|
|-damage|p2a: Shuckle|94/100 tox|[from] psn
|upkeep
|turn|2
|
|t:|1636499975
|switch|p2a: Weavile|Weavile, M|100/100
|-ability|p2a: Weavile|Pressure
|move|p1a: Zapdos|Volt Switch|p2a: Weavile
|-damage|p2a: Weavile|60/100
|
|t:|1636499987
|switch|p1a: Swampert|Swampert, F|100/100|[from]move: Volt Switch
|-activate|p1a: Swampert|move: Sticky Web
|-unboost|p1a: Swampert|spe|1
|
|upkeep
|turn|3
|
|t:|1636499994
|switch|p2a: Shuckle|Shuckle, F|94/100 tox
|move|p1a: Swampert|Flip Turn|p2a: Shuckle
|-supereffective|p2a: Shuckle
|-damage|p2a: Shuckle|67/100 tox
|-enditem|p2a: Shuckle|Red Card|[of] p1a: Swampert
|drag|p1a: Zapdos|Zapdos|100/100
|
|-damage|p2a: Shuckle|61/100 tox|[from] psn
|upkeep
|turn|4
|
|t:|1636500010
|move|p1a: Zapdos|Volt Switch|p2a: Shuckle
|-damage|p2a: Shuckle|43/100 tox
|
|t:|1636500015
|switch|p1a: Swampert|Swampert, F|100/100|[from]move: Volt Switch
|-activate|p1a: Swampert|move: Sticky Web
|-unboost|p1a: Swampert|spe|1
|move|p2a: Shuckle|Encore||[still]
|-fail|p2a: Shuckle
|
|-damage|p2a: Shuckle|30/100 tox|[from] psn
|upkeep
|turn|5
|
|t:|1636500023
|move|p1a: Swampert|Flip Turn|p2a: Shuckle
|-supereffective|p2a: Shuckle
|-damage|p2a: Shuckle|3/100 tox
|
|t:|1636500049
|switch|p1a: Zapdos|Zapdos|100/100|[from]move: Flip Turn
|move|p2a: Shuckle|Stealth Rock|p1a: Zapdos
|-sidestart|p1: Ilovejessie|move: Stealth Rock
|
|-damage|p2a: Shuckle|0 fnt|[from] psn
|faint|p2a: Shuckle
|upkeep
|
|t:|1636500059
|switch|p2a: Weavile|Weavile, M|60/100
|-ability|p2a: Weavile|Pressure
|turn|6
|
|t:|1636500071
|switch|p1a: Tyranitar|Tyranitar, M|100/100
|-damage|p1a: Tyranitar|88/100|[from] Stealth Rock
|-activate|p1a: Tyranitar|move: Sticky Web
|-unboost|p1a: Tyranitar|spe|1
|-weather|Sandstorm|[from] ability: Sand Stream|[of] p1a: Tyranitar
|move|p2a: Weavile|Swords Dance|p2a: Weavile
|-boost|p2a: Weavile|atk|2
|
|-weather|Sandstorm|[upkeep]
|-damage|p2a: Weavile|54/100|[from] Sandstorm
|upkeep
|turn|7
|
|t:|1636500085
|switch|p2a: Urshifu|Urshifu-Rapid-Strike, M|100/100
|switch|p1a: Zapdos|Zapdos|100/100
|
|-weather|Sandstorm|[upkeep]
|-damage|p2a: Urshifu|94/100|[from] Sandstorm
|-damage|p1a: Zapdos|94/100|[from] Sandstorm
|upkeep
|turn|8
|
|t:|1636500094
|move|p2a: Urshifu|Surging Strikes|p1a: Zapdos
|-crit|p1a: Zapdos
|-damage|p1a: Zapdos|72/100
|-crit|p1a: Zapdos
|-damage|p1a: Zapdos|52/100
|-crit|p1a: Zapdos
|-damage|p1a: Zapdos|32/100
|-hitcount|p1a: Zapdos|3
|move|p1a: Zapdos|Defog|p2a: Urshifu
|-unboost|p2a: Urshifu|evasion|1
|-sideend|p1: Ilovejessie|Stealth Rock|[from] move: Defog|[of] p1a: Zapdos
|-sideend|p1: Ilovejessie|Sticky Web|[from] move: Defog|[of] p1a: Zapdos
|
|-weather|Sandstorm|[upkeep]
|-damage|p2a: Urshifu|88/100|[from] Sandstorm
|-damage|p1a: Zapdos|26/100|[from] Sandstorm
|upkeep
|turn|9
|
|t:|1636500108
|move|p2a: Urshifu|Surging Strikes|p1a: Zapdos
|-crit|p1a: Zapdos
|-damage|p1a: Zapdos|3/100
|-status|p2a: Urshifu|par|[from] ability: Static|[of] p1a: Zapdos
|-crit|p1a: Zapdos
|-damage|p1a: Zapdos|0 fnt
|faint|p1a: Zapdos
|-hitcount|p1: Zapdos|2
|
|-weather|Sandstorm|[upkeep]
|-damage|p2a: Urshifu|82/100 par|[from] Sandstorm
|upkeep
|
|t:|1636500126
|switch|p1a: Tapu Lele|Tapu Lele|100/100
|-fieldstart|move: Psychic Terrain|[from] ability: Psychic Surge|[of] p1a: Tapu Lele
|turn|10
|
|t:|1636500130
|move|p1a: Tapu Lele|Moonblast|p2a: Urshifu
|-supereffective|p2a: Urshifu
|-damage|p2a: Urshifu|0 fnt
|faint|p2a: Urshifu
|
|-weather|none
|upkeep
|
|t:|1636500135
|switch|p2a: Blacephalon|Blacephalon|100/100
|turn|11
|
|t:|1636500140
|switch|p2a: Kartana|Kartana|100/100
|switch|p1a: Tyranitar|Tyranitar, M|88/100
|-weather|Sandstorm|[from] ability: Sand Stream|[of] p1a: Tyranitar
|
|-weather|Sandstorm|[upkeep]
|upkeep
|turn|12
|
|t:|1636500159
|switch|p1a: Nidoking|Nidoking, M|100/100
|move|p2a: Kartana|Swords Dance|p2a: Kartana
|-boost|p2a: Kartana|atk|2
|
|-weather|Sandstorm|[upkeep]
|upkeep
|turn|13
|
|t:|1636500166
|move|p2a: Kartana|Knock Off|p1a: Nidoking
|-damage|p1a: Nidoking|0 fnt
|-enditem|p1a: Nidoking|Life Orb|[from] move: Knock Off|[of] p2a: Kartana
|faint|p1a: Nidoking
|-ability|p2a: Kartana|Beast Boost|boost
|-boost|p2a: Kartana|atk|1
|-damage|p2a: Kartana|91/100|[from] item: Life Orb
|
|-weather|Sandstorm|[upkeep]
|upkeep
|
|t:|1636500178
|switch|p1a: Tapu Lele|Tapu Lele|100/100
|turn|14
|
|t:|1636500183
|switch|p2a: Weavile|Weavile, M|54/100
|-ability|p2a: Weavile|Pressure
|move|p1a: Tapu Lele|Focus Blast|p2a: Weavile
|-supereffective|p2a: Weavile
|-damage|p2a: Weavile|0 fnt
|faint|p2a: Weavile
|
|-weather|Sandstorm|[upkeep]
|-damage|p1a: Tapu Lele|94/100|[from] Sandstorm
|-fieldend|move: Psychic Terrain
|upkeep
|
|t:|1636500198
|switch|p2a: Kartana|Kartana|91/100
|turn|15
|
|t:|1636500204
|switch|p1a: Volcarona|Volcarona, F|100/100
|move|p2a: Kartana|Leaf Blade|p1a: Volcarona
|-resisted|p1a: Volcarona
|-damage|p1a: Volcarona|82/100
|-damage|p2a: Kartana|81/100|[from] item: Life Orb
|
|-weather|none
|upkeep
|turn|16
|
|t:|1636500226
|switch|p2a: Dragapult|Dragapult, F|100/100
|switch|p1a: Tyranitar|Tyranitar, M|88/100
|-weather|Sandstorm|[from] ability: Sand Stream|[of] p1a: Tyranitar
|
|-weather|Sandstorm|[upkeep]
|-damage|p2a: Dragapult|95/100|[from] Sandstorm
|upkeep
|turn|17
|
|t:|1636500236
|move|p2a: Dragapult|Dragon Darts|p1a: Tyranitar
|-damage|p1a: Tyranitar|66/100
|-anim|p2a: Dragapult|Dragon Darts|p1a: Tyranitar
|-damage|p1a: Tyranitar|45/100
|-damage|p2a: Dragapult|85/100|[from] item: Life Orb
|move|p1a: Tyranitar|Crunch|p2a: Dragapult
|-supereffective|p2a: Dragapult
|-damage|p2a: Dragapult|0 fnt
|faint|p2a: Dragapult
|
|-weather|Sandstorm|[upkeep]
|upkeep
|
|t:|1636500246
|switch|p2a: Kartana|Kartana|81/100
|turn|18
|
|t:|1636500271
|move|p2a: Kartana|Leaf Blade|p1a: Tyranitar
|-supereffective|p1a: Tyranitar
|-damage|p1a: Tyranitar|0 fnt
|faint|p1a: Tyranitar
|-ability|p2a: Kartana|Beast Boost|boost
|-boost|p2a: Kartana|atk|1
|-damage|p2a: Kartana|72/100|[from] item: Life Orb
|
|-weather|Sandstorm|[upkeep]
|upkeep
|
|t:|1636500280
|switch|p1a: Volcarona|Volcarona, F|82/100
|turn|19
|
|t:|1636500284
|move|p2a: Kartana|Knock Off|p1a: Volcarona
|-damage|p1a: Volcarona|3/100
|-status|p2a: Kartana|brn|[from] ability: Flame Body|[of] p1a: Volcarona
|-enditem|p1a: Volcarona|Heavy-Duty Boots|[from] move: Knock Off|[of] p2a: Kartana
|-damage|p2a: Kartana|62/100 brn|[from] item: Life Orb
|move|p1a: Volcarona|Fiery Dance|p2a: Kartana
|-supereffective|p2a: Kartana
|-damage|p2a: Kartana|0 fnt
|-boost|p1a: Volcarona|spa|1
|faint|p2a: Kartana
|
|-weather|Sandstorm|[upkeep]
|-damage|p1a: Volcarona|0 fnt|[from] Sandstorm
|faint|p1a: Volcarona
|upkeep
|
|t:|1636500297
|switch|p2a: Blacephalon|Blacephalon|100/100
|switch|p1a: Swampert|Swampert, F|100/100
|turn|20
|l|☆damorush
|player|p2|
|inactive|Battle timer is ON: inactive players will automatically lose when time's up. (requested by Ilovejessie)
|inactive|damorush has 30 seconds to reconnect!
|inactive|damorush has 20 seconds to reconnect!
|inactive|damorush has 15 seconds to reconnect!
|inactive|damorush has 10 seconds to reconnect!
|inactive|damorush has 5 seconds to reconnect!
|-message|damorush lost due to inactivity.
|
|win|Ilovejessie
|raw|Ilovejessie's rating: 1533 &rarr; <strong>1554</strong><br />(+21 for winning)
|raw|damorush's rating: 1544 &rarr; <strong>1523</strong><br />(-21 for losing)
|l|☆Ilovejessie
||Ladder isn't responding, score probably updated but might not have (Request timeout).
|j|☆Ilovejessie
|player|p1|Ilovejessie|248
