|j|☆LT_Alt1
|j|☆49erz$
|t:|1660896246
|gametype|singles
|player|p1|LT_Alt1|101|1773
|player|p2|49erz$|red|1731
|teamsize|p1|6
|teamsize|p2|6
|gen|8
|tier|[Gen 8] OU
|rated|
|rule|Sleep Clause Mod: Limit one foe put to sleep
|rule|Species Clause: Limit one of each Pokémon
|rule|OHKO Clause: OHKO moves are banned
|rule|Evasion Items Clause: Evasion items are banned
|rule|Evasion Moves Clause: Evasion moves are banned
|rule|Endless Battle Clause: Forcing endless battles is banned
|rule|HP Percentage Mod: HP is shown in percentages
|rule|Dynamax Clause: You cannot dynamax
|clearpoke
|poke|p1|Alakazam, M|
|poke|p1|Chansey, F|
|poke|p1|Zapdos|
|poke|p1|Clefable, M|
|poke|p1|Slowbro, F|
|poke|p1|Rhydon, F|
|poke|p2|Ninetales-Alola, M|
|poke|p2|Urshifu-*, F|
|poke|p2|Zeraora|
|poke|p2|Volcarona, F|
|poke|p2|Rillaboom, F|
|poke|p2|Dragonite, F|
|teampreview
|
|t:|1660896257
|start
|switch|p1a: Slowbro|Slowbro, F|100/100
|switch|p2a: Dragonite|Dragonite, F|100/100
|turn|1
|
|t:|1660896262
|move|p2a: Dragonite|Dragon Dance|p2a: Dragonite
|-boost|p2a: Dragonite|atk|1
|-boost|p2a: Dragonite|spe|1
|move|p1a: Slowbro|Ice Beam|p2a: Dragonite
|-supereffective|p2a: Dragonite
|-damage|p2a: Dragonite|55/100
|-enditem|p2a: Dragonite|Weakness Policy
|-boost|p2a: Dragonite|atk|2|[from] item: Weakness Policy
|-boost|p2a: Dragonite|spa|2|[from] item: Weakness Policy
|
|upkeep
|turn|2
|inactive|Battle timer is ON: inactive players will automatically lose when time's up. (requested by 49erz$)
|
|t:|1660896270
|move|p2a: Dragonite|Dual Wingbeat|p1a: Slowbro
|-damage|p1a: Slowbro|68/100
|-damage|p2a: Dragonite|39/100|[from] item: Rocky Helmet|[of] p1a: Slowbro
|-damage|p1a: Slowbro|38/100
|-damage|p2a: Dragonite|22/100|[from] item: Rocky Helmet|[of] p1a: Slowbro
|-hitcount|p1a: Slowbro|2
|move|p1a: Slowbro|Ice Beam|p2a: Dragonite
|-supereffective|p2a: Dragonite
|-damage|p2a: Dragonite|0 fnt
|faint|p2a: Dragonite
|
|upkeep
|
|t:|1660896277
|switch|p2a: Ninetales|Ninetales-Alola, M|100/100
|-weather|Hail|[from] ability: Snow Warning|[of] p2a: Ninetales
|turn|3
|
|t:|1660896283
|switch|p1a: Chansey|Chansey, F|100/100
|move|p2a: Ninetales|Aurora Veil|p2a: Ninetales
|-sidestart|p2: 49erz$|move: Aurora Veil
|
|-weather|Hail|[upkeep]
|-damage|p1a: Chansey|94/100|[from] Hail
|upkeep
|turn|4
|j| PurpleJayK
|
|t:|1660896292
|move|p2a: Ninetales|Misty Terrain|p2a: Ninetales
|-fieldstart|move: Misty Terrain
|move|p1a: Chansey|Teleport|p1a: Chansey
|
|t:|1660896296
|switch|p1a: Alakazam|Alakazam, M|100/100|[from]move: Teleport
|
|-weather|Hail|[upkeep]
|upkeep
|turn|5
|
|t:|1660896308
|move|p1a: Alakazam|Encore|p2a: Ninetales
|-start|p2a: Ninetales|Encore
|move|p2a: Ninetales|Misty Terrain||[still]
|-fail|p2a: Ninetales
|
|-weather|Hail|[upkeep]
|upkeep
|turn|6
|
|t:|1660896324
|switch|p2a: Rillaboom|Rillaboom, F|100/100
|-fieldstart|move: Grassy Terrain|[from] ability: Grassy Surge|[of] p2a: Rillaboom
|move|p1a: Alakazam|Psychic|p2a: Rillaboom
|-damage|p2a: Rillaboom|58/100
|
|-weather|Hail|[upkeep]
|-damage|p2a: Rillaboom|52/100|[from] Hail
|-heal|p2a: Rillaboom|58/100|[from] Grassy Terrain
|upkeep
|turn|7
|j| 98% fire blast
|inactive|49erz$ has 120 seconds left.
|
|t:|1660896356
|switch|p1a: Zapdos|Zapdos|100/100
|move|p2a: Rillaboom|Knock Off|p1a: Zapdos
|-damage|p1a: Zapdos|64/100
|-enditem|p1a: Zapdos|Heavy-Duty Boots|[from] move: Knock Off|[of] p2a: Rillaboom
|-damage|p2a: Rillaboom|48/100|[from] item: Life Orb
|
|-weather|none
|-heal|p2a: Rillaboom|54/100|[from] Grassy Terrain
|upkeep
|turn|8
|
|t:|1660896366
|switch|p1a: Rhydon|Rhydon, F|100/100
|move|p2a: Rillaboom|Swords Dance|p2a: Rillaboom
|-boost|p2a: Rillaboom|atk|2
|
|-heal|p2a: Rillaboom|60/100|[from] Grassy Terrain
|upkeep
|turn|9
|
|t:|1660896373
|switch|p1a: Zapdos|Zapdos|64/100
|move|p2a: Rillaboom|Drain Punch|p1a: Zapdos
|-resisted|p1a: Zapdos
|-damage|p1a: Zapdos|38/100
|-heal|p2a: Rillaboom|75/100|[from] drain|[of] p1a: Zapdos
|-damage|p2a: Rillaboom|65/100|[from] item: Life Orb
|
|-heal|p2a: Rillaboom|71/100|[from] Grassy Terrain
|upkeep
|turn|10
|c| 98% fire blast|LOL
|
|t:|1660896395
|move|p2a: Rillaboom|Grassy Glide|p1a: Zapdos
|-resisted|p1a: Zapdos
|-damage|p1a: Zapdos|0 fnt
|faint|p1a: Zapdos
|-damage|p2a: Rillaboom|61/100|[from] item: Life Orb
|
|-heal|p2a: Rillaboom|67/100|[from] Grassy Terrain
|-sideend|p2: 49erz$|move: Aurora Veil
|-fieldend|move: Grassy Terrain
|upkeep
|
|t:|1660896403
|switch|p1a: Alakazam|Alakazam, M|100/100
|turn|11
|
|t:|1660896419
|switch|p2a: Ninetales|Ninetales-Alola, M|100/100
|-weather|Hail|[from] ability: Snow Warning|[of] p2a: Ninetales
|move|p1a: Alakazam|Psychic|p2a: Ninetales
|-crit|p2a: Ninetales
|-damage|p2a: Ninetales|14/100
|
|-weather|Hail|[upkeep]
|upkeep
|turn|12
|c|☆LT_Alt1|hurricane killed
|
|t:|1660896427
|move|p1a: Alakazam|Psychic|p2a: Ninetales
|-damage|p2a: Ninetales|0 fnt
|faint|p2a: Ninetales
|
|-weather|Hail|[upkeep]
|upkeep
|
|t:|1660896435
|switch|p2a: Zeraora|Zeraora, shiny|100/100
|turn|13
|
|t:|1660896439
|move|p2a: Zeraora|Knock Off|p1a: Alakazam
|-supereffective|p1a: Alakazam
|-damage|p1a: Alakazam|0 fnt
|-enditem|p1a: Alakazam|Life Orb|[from] move: Knock Off|[of] p2a: Zeraora
|faint|p1a: Alakazam
|
|-weather|Hail|[upkeep]
|-damage|p2a: Zeraora|95/100|[from] Hail
|upkeep
|
|t:|1660896445
|switch|p1a: Rhydon|Rhydon, F|100/100
|turn|14
|
|t:|1660896449
|switch|p2a: Volcarona|Volcarona, F|100/100
|move|p1a: Rhydon|Stone Edge|p2a: Volcarona
|-supereffective|p2a: Volcarona
|-damage|p2a: Volcarona|0 fnt
|faint|p2a: Volcarona
|
|-weather|Hail|[upkeep]
|-damage|p1a: Rhydon|94/100|[from] Hail
|upkeep
|c| 98% fire blast|LOL
|
|t:|1660896454
|switch|p2a: Urshifu|Urshifu-Rapid-Strike, F|100/100
|turn|15
|
|t:|1660896464
|move|p2a: Urshifu|Bulk Up|p2a: Urshifu
|-boost|p2a: Urshifu|atk|1
|-boost|p2a: Urshifu|def|1
|move|p1a: Rhydon|Fire Punch|p2a: Urshifu
|-resisted|p2a: Urshifu
|-damage|p2a: Urshifu|90/100
|
|-weather|none
|upkeep
|turn|16
|
|t:|1660896471
|switch|p1a: Slowbro|Slowbro, F|71/100
|move|p2a: Urshifu|Surging Strikes|p1a: Slowbro
|-resisted|p1a: Slowbro
|-crit|p1a: Slowbro
|-damage|p1a: Slowbro|61/100
|-resisted|p1a: Slowbro
|-crit|p1a: Slowbro
|-damage|p1a: Slowbro|53/100
|-resisted|p1a: Slowbro
|-crit|p1a: Slowbro
|-damage|p1a: Slowbro|45/100
|-hitcount|p1a: Slowbro|3
|
|upkeep
|turn|17
|
|t:|1660896481
|move|p2a: Urshifu|Thunder Punch|p1a: Slowbro
|-supereffective|p1a: Slowbro
|-damage|p1a: Slowbro|0 fnt
|faint|p1a: Slowbro
|
|upkeep
|c| 98% fire blast|LOL
|
|t:|1660896486
|switch|p1a: Clefable|Clefable, M|100/100
|turn|18
|
|t:|1660896490
|move|p2a: Urshifu|Surging Strikes|p1a: Clefable
|-crit|p1a: Clefable
|-damage|p1a: Clefable|75/100
|-crit|p1a: Clefable
|-damage|p1a: Clefable|48/100
|-crit|p1a: Clefable
|-damage|p1a: Clefable|22/100
|-hitcount|p1a: Clefable|3
|move|p1a: Clefable|Moonblast|p2a: Urshifu
|-supereffective|p2a: Urshifu
|-damage|p2a: Urshifu|0 fnt
|faint|p2a: Urshifu
|
|upkeep
|
|t:|1660896498
|switch|p2a: Zeraora|Zeraora, shiny|95/100
|turn|19
|
|t:|1660896502
|move|p2a: Zeraora|Bulk Up|p2a: Zeraora
|-boost|p2a: Zeraora|atk|1
|-boost|p2a: Zeraora|def|1
|move|p1a: Clefable|Moonblast|p2a: Zeraora
|-damage|p2a: Zeraora|45/100
|
|upkeep
|turn|20
|
|t:|1660896509
|move|p2a: Zeraora|Plasma Fists|p1a: Clefable
|-damage|p1a: Clefable|0 fnt
|-fieldactivate|move: Ion Deluge
|-hint|Normal-type moves become Electric-type after using Plasma Fists.
|faint|p1a: Clefable
|
|upkeep
|
|t:|1660896514
|switch|p1a: Rhydon|Rhydon, F|94/100
|turn|21
|
|t:|1660896517
|move|p2a: Zeraora|Drain Punch|p1a: Rhydon
|-supereffective|p1a: Rhydon
|-damage|p1a: Rhydon|57/100
|-heal|p2a: Zeraora|68/100|[from] drain|[of] p1a: Rhydon
|move|p1a: Rhydon|Earthquake|p2a: Zeraora
|-supereffective|p2a: Zeraora
|-damage|p2a: Zeraora|0 fnt
|faint|p2a: Zeraora
|
|upkeep
|
|t:|1660896523
|switch|p2a: Rillaboom|Rillaboom, F|67/100
|-fieldstart|move: Grassy Terrain|[from] ability: Grassy Surge|[of] p2a: Rillaboom
|turn|22
|
|t:|1660896527
|move|p2a: Rillaboom|Grassy Glide|p1a: Rhydon
|-supereffective|p1a: Rhydon
|-damage|p1a: Rhydon|0 fnt
|faint|p1a: Rhydon
|-damage|p2a: Rillaboom|57/100|[from] item: Life Orb
|
|-heal|p2a: Rillaboom|64/100|[from] Grassy Terrain
|upkeep
|
|t:|1660896534
|switch|p1a: Chansey|Chansey, F|94/100
|turn|23
|
|t:|1660896537
|move|p2a: Rillaboom|Drain Punch|p1a: Chansey
|-supereffective|p1a: Chansey
|-damage|p1a: Chansey|51/100
|-heal|p2a: Rillaboom|100/100|[from] drain|[of] p1a: Chansey
|-damage|p2a: Rillaboom|91/100|[from] item: Life Orb
|move|p1a: Chansey|Reflect|p1a: Chansey
|-sidestart|p1: LT_Alt1|Reflect
|
|-heal|p2a: Rillaboom|97/100|[from] Grassy Terrain
|-heal|p1a: Chansey|58/100|[from] Grassy Terrain
|upkeep
|turn|24
|c| 98% fire blast|LOL
|c|☆LT_Alt1|jackass
|-message|LT_Alt1 forfeited.
|
|win|49erz$
|raw|LT_Alt1's rating: 1773 &rarr; <strong>1751</strong><br />(-22 for losing)
|raw|49erz$'s rating: 1731 &rarr; <strong>1753</strong><br />(+22 for winning)
|l|☆LT_Alt1
|c|☆49erz$|lol
|c| 98% fire blast|LOL
|c|☆49erz$|why he mad at me
