|j|☆BTLT200$ mimilimi
|j|☆minimax_ai
|t:|1667934812
|gametype|singles
|player|p1|BTLT200$ mimilimi|preschooler|1407
|player|p2|minimax_ai|169|1407
|teamsize|p1|6
|teamsize|p2|6
|gen|8
|tier|[Gen 8] OU
|rated|
|rule|Sleep Clause Mod: Limit one foe put to sleep
|rule|Species Clause: Limit one of each Pokémon
|rule|OHKO Clause: OHKO moves are banned
|rule|Evasion Items Clause: Evasion items are banned
|rule|Evasion Moves Clause: Evasion moves are banned
|rule|Endless Battle Clause: Forcing endless battles is banned
|rule|HP Percentage Mod: HP is shown in percentages
|rule|Dynamax Clause: You cannot dynamax
|clearpoke
|poke|p1|Skarmory, F|
|poke|p1|Heatran, M|
|poke|p1|Zapdos|
|poke|p1|Urshifu-*, F|
|poke|p1|Tapu Lele|
|poke|p1|Gastrodon, M|
|poke|p2|Rotom-Wash|
|poke|p2|Weavile, M|
|poke|p2|Landorus-Therian, M|
|poke|p2|Heatran, M|
|poke|p2|Tangrowth, M|
|poke|p2|Melmetal|
|teampreview
|c|☆minimax_ai|hf
|inactive|Battle timer is ON: inactive players will automatically lose when time's up. (requested by minimax_ai)
|
|t:|1667934820
|start
|switch|p1a: Urshifu|Urshifu-Rapid-Strike, F|100/100
|switch|p2a: rotomwash|Rotom-Wash|100/100
|turn|1
|
|t:|1667934831
|move|p1a: Urshifu|U-turn|p2a: rotomwash
|-damage|p2a: rotomwash|72/100
|
|t:|1667934833
|switch|p1a: Gastrodon|Gastrodon, M|100/100|[from]move: U-turn
|move|p2a: rotomwash|Pain Split|p1a: Gastrodon
|-sethp|p1a: Gastrodon|76/100|[from] move: Pain Split|[silent]
|-sethp|p2a: rotomwash|100/100|[from] move: Pain Split
|
|upkeep
|turn|2
|
|t:|1667934836
|move|p2a: rotomwash|Nasty Plot|p2a: rotomwash
|-boost|p2a: rotomwash|spa|2
|move|p1a: Gastrodon|Scald|p2a: rotomwash
|-resisted|p2a: rotomwash
|-damage|p2a: rotomwash|86/100
|-status|p2a: rotomwash|brn
|
|-heal|p2a: rotomwash|92/100 brn|[from] item: Leftovers
|-damage|p2a: rotomwash|86/100 brn|[from] brn
|upkeep
|turn|3
|
|t:|1667934842
|move|p2a: rotomwash|Nasty Plot|p2a: rotomwash
|-boost|p2a: rotomwash|spa|2
|move|p1a: Gastrodon|Clear Smog|p2a: rotomwash
|-damage|p2a: rotomwash|75/100 brn
|-clearboost|p2a: rotomwash
|
|-heal|p2a: rotomwash|81/100 brn|[from] item: Leftovers
|-damage|p2a: rotomwash|75/100 brn|[from] brn
|upkeep
|turn|4
|
|t:|1667934844
|move|p2a: rotomwash|Pain Split|p1a: Gastrodon
|-sethp|p1a: Gastrodon|65/100|[from] move: Pain Split|[silent]
|-sethp|p2a: rotomwash|91/100 brn|[from] move: Pain Split
|move|p1a: Gastrodon|Recover|p1a: Gastrodon
|-heal|p1a: Gastrodon|100/100
|
|-heal|p2a: rotomwash|97/100 brn|[from] item: Leftovers
|-damage|p2a: rotomwash|91/100 brn|[from] brn
|upkeep
|turn|5
|
|t:|1667934847
|move|p2a: rotomwash|Pain Split|p1a: Gastrodon
|-sethp|p1a: Gastrodon|83/100|[from] move: Pain Split|[silent]
|-sethp|p2a: rotomwash|100/100 brn|[from] move: Pain Split
|move|p1a: Gastrodon|Scald|p2a: rotomwash
|-resisted|p2a: rotomwash
|-damage|p2a: rotomwash|86/100 brn
|
|-heal|p2a: rotomwash|92/100 brn|[from] item: Leftovers
|-damage|p2a: rotomwash|86/100 brn|[from] brn
|upkeep
|turn|6
|
|t:|1667934848
|move|p2a: rotomwash|Pain Split|p1a: Gastrodon
|-sethp|p1a: Gastrodon|72/100|[from] move: Pain Split|[silent]
|-sethp|p2a: rotomwash|100/100 brn|[from] move: Pain Split
|move|p1a: Gastrodon|Scald|p2a: rotomwash
|-resisted|p2a: rotomwash
|-damage|p2a: rotomwash|87/100 brn
|
|-heal|p2a: rotomwash|94/100 brn|[from] item: Leftovers
|-damage|p2a: rotomwash|87/100 brn|[from] brn
|upkeep
|turn|7
|
|t:|1667934853
|move|p2a: rotomwash|Pain Split|p1a: Gastrodon
|-sethp|p1a: Gastrodon|67/100|[from] move: Pain Split|[silent]
|-sethp|p2a: rotomwash|94/100 brn|[from] move: Pain Split
|move|p1a: Gastrodon|Recover|p1a: Gastrodon
|-heal|p1a: Gastrodon|100/100
|
|-heal|p2a: rotomwash|99/100 brn|[from] item: Leftovers
|-damage|p2a: rotomwash|94/100 brn|[from] brn
|upkeep
|turn|8
|
|t:|1667934859
|switch|p1a: Tapu Lele|Tapu Lele|100/100
|-fieldstart|move: Psychic Terrain|[from] ability: Psychic Surge|[of] p1a: Tapu Lele
|move|p2a: rotomwash|Pain Split|p1a: Tapu Lele
|-sethp|p1a: Tapu Lele|100/100|[from] move: Pain Split|[silent]
|-sethp|p2a: rotomwash|93/100 brn|[from] move: Pain Split
|
|-heal|p2a: rotomwash|99/100 brn|[from] item: Leftovers
|-damage|p2a: rotomwash|93/100 brn|[from] brn
|upkeep
|turn|9
|
|t:|1667934868
|switch|p2a: Melmetal|Melmetal|100/100
|move|p1a: Tapu Lele|Psyshock|p2a: Melmetal
|-resisted|p2a: Melmetal
|-damage|p2a: Melmetal|85/100
|
|upkeep
|turn|10
|
|t:|1667934873
|switch|p1a: Skarmory|Skarmory, F|100/100
|move|p2a: Melmetal|Ice Punch|p1a: Skarmory
|-damage|p1a: Skarmory|75/100
|-damage|p2a: Melmetal|68/100|[from] item: Rocky Helmet|[of] p1a: Skarmory
|
|upkeep
|turn|11
|
|t:|1667934876
|move|p1a: Skarmory|Spikes|p2a: Melmetal
|-sidestart|p2: minimax_ai|Spikes
|move|p2a: Melmetal|Thunder Punch|p1a: Skarmory
|-supereffective|p1a: Skarmory
|-damage|p1a: Skarmory|23/100
|-damage|p2a: Melmetal|52/100|[from] item: Rocky Helmet|[of] p1a: Skarmory
|
|upkeep
|turn|12
|
|t:|1667934880
|switch|p2a: landorustherian|Landorus-Therian, M|100/100
|-ability|p2a: landorustherian|Intimidate|boost
|-unboost|p1a: Skarmory|atk|1
|move|p1a: Skarmory|Roost|p1a: Skarmory
|-heal|p1a: Skarmory|73/100
|-singleturn|p1a: Skarmory|move: Roost
|
|-fieldend|move: Psychic Terrain
|upkeep
|turn|13
|
|t:|1667934882
|move|p1a: Skarmory|Swords Dance|p1a: Skarmory
|-boost|p1a: Skarmory|atk|2
|move|p2a: landorustherian|Defog|p1a: Skarmory
|-unboost|p1a: Skarmory|evasion|1
|-sideend|p2: minimax_ai|Spikes|[from] move: Defog|[of] p2a: landorustherian
|
|upkeep
|turn|14
|
|t:|1667934884
|move|p1a: Skarmory|Spikes|p2a: landorustherian
|-sidestart|p2: minimax_ai|Spikes
|move|p2a: landorustherian|U-turn|p1a: Skarmory
|-resisted|p1a: Skarmory
|-damage|p1a: Skarmory|68/100
|-damage|p2a: landorustherian|84/100|[from] item: Rocky Helmet|[of] p1a: Skarmory
|
|t:|1667934884
|switch|p2a: Heatran|Heatran, M|100/100|[from]move: U-turn
|-item|p2a: Heatran|Air Balloon
|
|upkeep
|turn|15
|
|t:|1667934888
|switch|p1a: Gastrodon|Gastrodon, M|100/100
|move|p2a: Heatran|Magma Storm|p1a: Gastrodon|[miss]
|-miss|p2a: Heatran|p1a: Gastrodon
|
|upkeep
|turn|16
|
|t:|1667934911
|move|p2a: Heatran|Stealth Rock|p1a: Gastrodon
|-sidestart|p1: BTLT200$ mimilimi|move: Stealth Rock
|move|p1a: Gastrodon|Scald|p2a: Heatran
|-supereffective|p2a: Heatran
|-damage|p2a: Heatran|48/100
|-enditem|p2a: Heatran|Air Balloon
|
|upkeep
|turn|17
|
|t:|1667934913
|switch|p2a: landorustherian|Landorus-Therian, M|84/100
|-ability|p2a: landorustherian|Intimidate|boost
|-unboost|p1a: Gastrodon|atk|1
|move|p1a: Gastrodon|Scald|p2a: landorustherian
|-supereffective|p2a: landorustherian
|-damage|p2a: landorustherian|46/100
|-status|p2a: landorustherian|brn
|
|-heal|p2a: landorustherian|52/100 brn|[from] item: Leftovers
|-damage|p2a: landorustherian|46/100 brn|[from] brn
|upkeep
|turn|18
|
|t:|1667934915
|move|p2a: landorustherian|Earthquake|p1a: Gastrodon
|-damage|p1a: Gastrodon|74/100
|move|p1a: Gastrodon|Scald|p2a: landorustherian
|-supereffective|p2a: landorustherian
|-damage|p2a: landorustherian|3/100 brn
|
|-heal|p2a: landorustherian|9/100 brn|[from] item: Leftovers
|-damage|p2a: landorustherian|3/100 brn|[from] brn
|upkeep
|turn|19
|
|t:|1667934918
|move|p2a: landorustherian|Earthquake|p1a: Gastrodon
|-damage|p1a: Gastrodon|47/100
|move|p1a: Gastrodon|Recover|p1a: Gastrodon
|-heal|p1a: Gastrodon|97/100
|
|-heal|p2a: landorustherian|9/100 brn|[from] item: Leftovers
|-damage|p2a: landorustherian|3/100 brn|[from] brn
|upkeep
|turn|20
|
|t:|1667934920
|switch|p2a: rotomwash|Rotom-Wash|93/100 brn
|move|p1a: Gastrodon|Scald|p2a: rotomwash
|-resisted|p2a: rotomwash
|-damage|p2a: rotomwash|79/100 brn
|
|-heal|p2a: rotomwash|85/100 brn|[from] item: Leftovers
|-damage|p2a: rotomwash|79/100 brn|[from] brn
|upkeep
|turn|21
|
|t:|1667934924
|switch|p1a: Tapu Lele|Tapu Lele|100/100
|-damage|p1a: Tapu Lele|88/100|[from] Stealth Rock
|-fieldstart|move: Psychic Terrain|[from] ability: Psychic Surge|[of] p1a: Tapu Lele
|move|p2a: rotomwash|Hydro Pump|p1a: Tapu Lele
|-damage|p1a: Tapu Lele|41/100
|
|-heal|p2a: rotomwash|85/100 brn|[from] item: Leftovers
|-damage|p2a: rotomwash|79/100 brn|[from] brn
|upkeep
|turn|22
|
|t:|1667934928
|switch|p2a: landorustherian|Landorus-Therian, M|3/100 brn
|-ability|p2a: landorustherian|Intimidate|boost
|-unboost|p1a: Tapu Lele|atk|1
|move|p1a: Tapu Lele|Moonblast|p2a: landorustherian
|-damage|p2a: landorustherian|0 fnt
|faint|p2a: landorustherian
|
|upkeep
|
|t:|1667934928
|switch|p2a: Weavile|Weavile, M|100/100
|-damage|p2a: Weavile|88/100|[from] Spikes
|-ability|p2a: Weavile|Pressure
|turn|23
|
|t:|1667934931
|move|p1a: Tapu Lele|Moonblast|p2a: Weavile
|-supereffective|p2a: Weavile
|-damage|p2a: Weavile|0 fnt
|faint|p2a: Weavile
|
|upkeep
|
|t:|1667934931
|switch|p2a: Melmetal|Melmetal|52/100
|-damage|p2a: Melmetal|39/100|[from] Spikes
|turn|24
|
|t:|1667934934
|switch|p1a: Skarmory|Skarmory, F|68/100
|-damage|p1a: Skarmory|56/100|[from] Stealth Rock
|move|p2a: Melmetal|Ice Punch|p1a: Skarmory
|-damage|p1a: Skarmory|28/100
|-damage|p2a: Melmetal|22/100|[from] item: Rocky Helmet|[of] p1a: Skarmory
|
|upkeep
|turn|25
|
|t:|1667934937
|switch|p2a: Tangrowth|Tangrowth, M|100/100
|-damage|p2a: Tangrowth|88/100|[from] Spikes
|move|p1a: Skarmory|Roost|p1a: Skarmory
|-heal|p1a: Skarmory|78/100
|-singleturn|p1a: Skarmory|move: Roost
|
|-fieldend|move: Psychic Terrain
|upkeep
|turn|26
|
|t:|1667934940
|move|p1a: Skarmory|Swords Dance|p1a: Skarmory
|-boost|p1a: Skarmory|atk|2
|move|p2a: Tangrowth|Sleep Powder|p1a: Skarmory
|-status|p1a: Skarmory|slp|[from] move: Sleep Powder
|
|upkeep
|turn|27
|
|t:|1667934943
|cant|p1a: Skarmory|slp
|move|p2a: Tangrowth|Giga Drain|p1a: Skarmory
|-resisted|p1a: Skarmory
|-damage|p1a: Skarmory|69/100 slp
|-heal|p2a: Tangrowth|92/100|[from] drain|[of] p1a: Skarmory
|
|upkeep
|turn|28
|
|t:|1667934946
|cant|p1a: Skarmory|slp
|move|p2a: Tangrowth|Giga Drain|p1a: Skarmory
|-resisted|p1a: Skarmory
|-crit|p1a: Skarmory
|-damage|p1a: Skarmory|56/100 slp
|-heal|p2a: Tangrowth|97/100|[from] drain|[of] p1a: Skarmory
|
|upkeep
|turn|29
|
|t:|1667934948
|cant|p1a: Skarmory|slp
|move|p2a: Tangrowth|Giga Drain|p1a: Skarmory
|-resisted|p1a: Skarmory
|-damage|p1a: Skarmory|48/100 slp
|-heal|p2a: Tangrowth|100/100|[from] drain|[of] p1a: Skarmory
|
|upkeep
|turn|30
|
|t:|1667934950
|-curestatus|p1a: Skarmory|slp|[msg]
|move|p1a: Skarmory|Roost|p1a: Skarmory
|-heal|p1a: Skarmory|98/100
|-singleturn|p1a: Skarmory|move: Roost
|move|p2a: Tangrowth|Giga Drain|p1a: Skarmory
|-resisted|p1a: Skarmory
|-damage|p1a: Skarmory|83/100
|
|upkeep
|turn|31
|
|t:|1667934955
|move|p1a: Skarmory|Swords Dance|p1a: Skarmory
|-boost|p1a: Skarmory|atk|2
|move|p2a: Tangrowth|Sleep Powder|p1a: Skarmory|[miss]
|-miss|p2a: Tangrowth|p1a: Skarmory
|
|upkeep
|turn|32
|
|t:|1667934958
|move|p1a: Skarmory|Brave Bird|p2a: Tangrowth
|-supereffective|p2a: Tangrowth
|-damage|p2a: Tangrowth|0 fnt
|-damage|p1a: Skarmory|67/100|[from] item: Rocky Helmet|[of] p2a: Tangrowth
|faint|p2a: Tangrowth
|-damage|p1a: Skarmory|27/100|[from] Recoil
|
|upkeep
|
|t:|1667934958
|switch|p2a: Heatran|Heatran, M|48/100
|-damage|p2a: Heatran|35/100|[from] Spikes
|turn|33
|
|t:|1667934961
|move|p2a: Heatran|Magma Storm|p1a: Skarmory
|-supereffective|p1a: Skarmory
|-damage|p1a: Skarmory|0 fnt
|faint|p1a: Skarmory
|
|upkeep
|
|t:|1667934963
|switch|p1a: Urshifu|Urshifu-Rapid-Strike, F|100/100
|-damage|p1a: Urshifu|94/100|[from] Stealth Rock
|turn|34
|
|t:|1667934965
|switch|p2a: Melmetal|Melmetal|22/100
|-damage|p2a: Melmetal|10/100|[from] Spikes
|move|p1a: Urshifu|Close Combat|p2a: Melmetal
|-supereffective|p2a: Melmetal
|-damage|p2a: Melmetal|0 fnt
|-unboost|p1a: Urshifu|def|1
|-unboost|p1a: Urshifu|spd|1
|faint|p2a: Melmetal
|
|upkeep
|
|t:|1667934965
|switch|p2a: rotomwash|Rotom-Wash|79/100 brn
|turn|35
|
|t:|1667934968
|move|p1a: Urshifu|Close Combat|p2a: rotomwash
|-damage|p2a: rotomwash|16/100 brn
|-unboost|p1a: Urshifu|def|1
|-unboost|p1a: Urshifu|spd|1
|move|p2a: rotomwash|Thunderbolt|p1a: Urshifu
|-supereffective|p1a: Urshifu
|-damage|p1a: Urshifu|0 fnt
|faint|p1a: Urshifu
|
|-heal|p2a: rotomwash|22/100 brn|[from] item: Leftovers
|-damage|p2a: rotomwash|16/100 brn|[from] brn
|upkeep
|
|t:|1667934972
|switch|p1a: Tapu Lele|Tapu Lele|41/100
|-damage|p1a: Tapu Lele|29/100|[from] Stealth Rock
|-fieldstart|move: Psychic Terrain|[from] ability: Psychic Surge|[of] p1a: Tapu Lele
|turn|36
|
|t:|1667934973
|move|p1a: Tapu Lele|Psyshock|p2a: rotomwash
|-damage|p2a: rotomwash|0 fnt
|faint|p2a: rotomwash
|
|upkeep
|
|t:|1667934973
|switch|p2a: Heatran|Heatran, M|35/100
|-damage|p2a: Heatran|23/100|[from] Spikes
|turn|37
|
|t:|1667934986
|move|p1a: Tapu Lele|Psyshock|p2a: Heatran
|-resisted|p2a: Heatran
|-damage|p2a: Heatran|0 fnt
|faint|p2a: Heatran
|
|win|BTLT200$ mimilimi
|raw|BTLT200$ mimilimi's rating: 1407 &rarr; <strong>1427</strong><br />(+20 for winning)
|raw|minimax_ai's rating: 1407 &rarr; <strong>1387</strong><br />(-20 for losing)
|c|☆minimax_ai|gg
