|j|☆Chikami
|j|☆Fastpitchkiller
|t:|1645746153
|gametype|singles
|player|p1|Chikami|ethan|1752
|player|p2|Fastpitchkiller|169|1689
|teamsize|p1|6
|teamsize|p2|6
|gen|8
|tier|[Gen 8] OU
|rated|
|rule|Sleep Clause Mod: Limit one foe put to sleep
|rule|Species Clause: Limit one of each Pokémon
|rule|OHKO Clause: OHKO moves are banned
|rule|Evasion Moves Clause: Evasion moves are banned
|rule|Endless Battle Clause: Forcing endless battles is banned
|rule|HP Percentage Mod: HP is shown in percentages
|rule|Dynamax Clause: You cannot dynamax
|clearpoke
|poke|p1|Mew|
|poke|p1|Ninetales-Alola, F|
|poke|p1|Garchomp, M|
|poke|p1|Regieleki|
|poke|p1|Kartana|
|poke|p1|Zapdos-Galar|
|poke|p2|Blaziken, M|
|poke|p2|Slowbro, F|
|poke|p2|Tyranitar, M|
|poke|p2|Corviknight, M|
|poke|p2|Landorus-Therian, M|
|poke|p2|Tapu Koko|
|teampreview
|j| lick back
|inactive|Battle timer is ON: inactive players will automatically lose when time's up. (requested by Chikami)
|j| LT_Alt1
|
|t:|1645746165
|start
|switch|p1a: Mew|Mew|100/100
|switch|p2a: GODzilla|Tyranitar, M|100/100
|-weather|Sandstorm|[from] ability: Sand Stream|[of] p2a: GODzilla
|turn|1
|
|t:|1645746176
|move|p1a: Mew|Stealth Rock|p2a: GODzilla
|-sidestart|p2: Fastpitchkiller|move: Stealth Rock
|move|p2a: GODzilla|Rock Blast|p1a: Mew
|-damage|p1a: Mew|90/100
|-damage|p1a: Mew|77/100
|-damage|p1a: Mew|67/100
|-damage|p1a: Mew|56/100
|-hitcount|p1a: Mew|4
|
|-weather|Sandstorm|[upkeep]
|-damage|p1a: Mew|50/100|[from] Sandstorm
|upkeep
|turn|2
|j| Flying Ducheman
|
|t:|1645746192
|move|p1a: Mew|Thunder Wave|p2a: GODzilla|[miss]
|-miss|p1a: Mew|p2a: GODzilla
|move|p2a: GODzilla|Stealth Rock|p1a: Mew
|-sidestart|p1: Chikami|move: Stealth Rock
|
|-weather|Sandstorm|[upkeep]
|-damage|p1a: Mew|44/100|[from] Sandstorm
|upkeep
|turn|3
|
|t:|1645746205
|move|p1a: Mew|Explosion|p2a: GODzilla
|-resisted|p2a: GODzilla
|-damage|p2a: GODzilla|73/100
|faint|p1a: Mew
|move|p2a: GODzilla|Rock Blast|p1: Mew|[notarget]
|-fail|p2a: GODzilla
|
|-weather|Sandstorm|[upkeep]
|-heal|p2a: GODzilla|79/100|[from] item: Leftovers
|upkeep
|
|t:|1645746224
|switch|p1a: Zapdos|Zapdos-Galar|100/100
|-damage|p1a: Zapdos|88/100|[from] Stealth Rock
|turn|4
|
|t:|1645746228
|switch|p2a: Slowgatell|Slowbro, F|100/100
|-damage|p2a: Slowgatell|88/100|[from] Stealth Rock
|move|p1a: Zapdos|U-turn|p2a: Slowgatell
|-supereffective|p2a: Slowgatell
|-damage|p2a: Slowgatell|59/100
|-damage|p1a: Zapdos|72/100|[from] item: Rocky Helmet|[of] p2a: Slowgatell
|j| Multiface God
|
|t:|1645746244
|switch|p1a: Kartana|Kartana|100/100|[from]move: U-turn
|-damage|p1a: Kartana|94/100|[from] Stealth Rock
|
|-weather|Sandstorm|[upkeep]
|-damage|p2a: Slowgatell|53/100|[from] Sandstorm
|upkeep
|turn|5
|
|t:|1645746258
|switch|p2a: Corvikstall|Corviknight, M|100/100
|-damage|p2a: Corvikstall|88/100|[from] Stealth Rock
|-ability|p2a: Corvikstall|Pressure
|move|p1a: Kartana|Swords Dance|p1a: Kartana
|-boost|p1a: Kartana|atk|2
|
|-weather|none
|upkeep
|turn|6
|l|☆Fastpitchkiller
|inactive|Fastpitchkiller disconnected and has a minute to reconnect!
|player|p2|
|j|☆Fastpitchkiller
|inactive|Fastpitchkiller reconnected and has 130 seconds left.
|player|p2|Fastpitchkiller|169
|
|t:|1645746284
|move|p1a: Kartana|Knock Off|p2a: Corvikstall
|-damage|p2a: Corvikstall|11/100
|-damage|p1a: Kartana|78/100|[from] item: Rocky Helmet|[of] p2a: Corvikstall
|-enditem|p2a: Corvikstall|Rocky Helmet|[from] move: Knock Off|[of] p1a: Kartana
|-damage|p1a: Kartana|68/100|[from] item: Life Orb
|move|p2a: Corvikstall|Roost|p2a: Corvikstall
|-heal|p2a: Corvikstall|61/100
|-singleturn|p2a: Corvikstall|move: Roost
|
|upkeep
|turn|7
|
|t:|1645746295
|move|p1a: Kartana|Sacred Sword|p2a: Corvikstall
|-damage|p2a: Corvikstall|0 fnt
|faint|p2a: Corvikstall
|-ability|p1a: Kartana|Beast Boost|boost
|-boost|p1a: Kartana|atk|1
|-damage|p1a: Kartana|58/100|[from] item: Life Orb
|
|upkeep
|j| smth is wrong w me
|
|t:|1645746302
|switch|p2a: Precoz|Tapu Koko|100/100
|-fieldstart|move: Electric Terrain|[from] ability: Electric Surge|[of] p2a: Precoz
|turn|8
|inactive|Chikami has 120 seconds left.
|
|t:|1645746341
|move|p2a: Precoz|Thunderbolt|p1a: Kartana
|-resisted|p1a: Kartana
|-damage|p1a: Kartana|0 fnt
|faint|p1a: Kartana
|
|upkeep
|j| humasho
|l| lick back
|
|t:|1645746355
|switch|p1a: Garchomp|Garchomp, M|100/100
|-damage|p1a: Garchomp|94/100|[from] Stealth Rock
|turn|9
|
|t:|1645746365
|move|p2a: Precoz|U-turn|p1a: Garchomp
|-damage|p1a: Garchomp|77/100
|-damage|p2a: Precoz|88/100|[from] ability: Rough Skin|[of] p1a: Garchomp
|j| kottom bek
|
|t:|1645746369
|switch|p2a: Enamorousito|Landorus-Therian, M|100/100|[from]move: U-turn
|-damage|p2a: Enamorousito|88/100|[from] Stealth Rock
|-ability|p2a: Enamorousito|Intimidate|boost
|-unboost|p1a: Garchomp|atk|1
|move|p1a: Garchomp|Swords Dance|p1a: Garchomp
|-boost|p1a: Garchomp|atk|2
|
|-heal|p1a: Garchomp|83/100|[from] item: Leftovers
|-heal|p2a: Enamorousito|94/100|[from] item: Leftovers
|upkeep
|turn|10
|j| Jjjddd
|inactive|Chikami has 120 seconds left.
|
|t:|1645746383
|move|p1a: Garchomp|Scale Shot|p2a: Enamorousito
|-damage|p2a: Enamorousito|69/100
|-damage|p2a: Enamorousito|48/100
|-damage|p2a: Enamorousito|26/100
|-damage|p2a: Enamorousito|3/100
|-hitcount|p2a: Enamorousito|4
|-unboost|p1a: Garchomp|def|1
|-boost|p1a: Garchomp|spe|1
|move|p2a: Enamorousito|Earthquake|p1a: Garchomp
|-damage|p1a: Garchomp|1/100
|
|-heal|p1a: Garchomp|7/100|[from] item: Leftovers
|-heal|p2a: Enamorousito|9/100|[from] item: Leftovers
|upkeep
|turn|11
|inactive|Chikami has 120 seconds left.
|
|t:|1645746402
|switch|p2a: Slowgatell|Slowbro, F|86/100
|-damage|p2a: Slowgatell|74/100|[from] Stealth Rock
|move|p1a: Garchomp|Scale Shot|p2a: Slowgatell
|-damage|p2a: Slowgatell|62/100
|-damage|p2a: Slowgatell|49/100
|-damage|p2a: Slowgatell|37/100
|-hitcount|p2a: Slowgatell|3
|-unboost|p1a: Garchomp|def|1
|-boost|p1a: Garchomp|spe|1
|
|-heal|p1a: Garchomp|13/100|[from] item: Leftovers
|upkeep
|turn|12
|inactive|Chikami has 120 seconds left.
|
|t:|1645746416
|switch|p2a: Enamorousito|Landorus-Therian, M|9/100
|-damage|p2a: Enamorousito|0 fnt|[from] Stealth Rock
|faint|p2a: Enamorousito
|move|p1a: Garchomp|Earthquake|p2: Enamorousito|[notarget]
|-fail|p1a: Garchomp
|
|-heal|p1a: Garchomp|20/100|[from] item: Leftovers
|-fieldend|move: Electric Terrain
|upkeep
|
|t:|1645746425
|switch|p2a: Slowgatell|Slowbro, F|71/100
|-damage|p2a: Slowgatell|58/100|[from] Stealth Rock
|turn|13
|
|t:|1645746433
|move|p1a: Garchomp|Earthquake|p2a: Slowgatell
|-damage|p2a: Slowgatell|11/100
|move|p2a: Slowgatell|Scald|p1a: Garchomp
|-damage|p1a: Garchomp|0 fnt
|faint|p1a: Garchomp
|
|upkeep
|
|t:|1645746441
|switch|p1a: Regieleki|Regieleki|100/100
|-damage|p1a: Regieleki|88/100|[from] Stealth Rock
|turn|14
|
|t:|1645746449
|move|p1a: Regieleki|Thunderbolt|p2a: Slowgatell
|-supereffective|p2a: Slowgatell
|-damage|p2a: Slowgatell|0 fnt
|faint|p2a: Slowgatell
|
|upkeep
|j| Toon Cards
|
|t:|1645746455
|switch|p2a: GODzilla|Tyranitar, M|79/100
|-damage|p2a: GODzilla|67/100|[from] Stealth Rock
|-weather|Sandstorm|[from] ability: Sand Stream|[of] p2a: GODzilla
|turn|15
|
|t:|1645746461
|move|p1a: Regieleki|Volt Switch|p2a: GODzilla
|-damage|p2a: GODzilla|45/100
|
|t:|1645746464
|switch|p1a: Ninetales|Ninetales-Alola, F|100/100|[from]move: Volt Switch
|-damage|p1a: Ninetales|76/100|[from] Stealth Rock
|-weather|Hail|[from] ability: Snow Warning|[of] p1a: Ninetales
|move|p2a: GODzilla|Rock Blast|p1a: Ninetales
|-supereffective|p1a: Ninetales
|-damage|p1a: Ninetales|46/100
|-supereffective|p1a: Ninetales
|-damage|p1a: Ninetales|19/100
|-supereffective|p1a: Ninetales
|-damage|p1a: Ninetales|0 fnt
|faint|p1a: Ninetales
|-hitcount|p1: Ninetales|3
|
|-weather|Hail|[upkeep]
|-damage|p2a: GODzilla|39/100|[from] Hail
|-heal|p2a: GODzilla|45/100|[from] item: Leftovers
|upkeep
|inactive|Chikami has 120 seconds left.
|l| kottom bek
|inactive|Chikami has 90 seconds left.
|inactive|Chikami has 60 seconds left.
|
|t:|1645746559
|switch|p1a: Zapdos|Zapdos-Galar|72/100
|-damage|p1a: Zapdos|59/100|[from] Stealth Rock
|turn|16
|
|t:|1645746564
|switch|p2a: Claudio|Blaziken, M|100/100
|-damage|p2a: Claudio|88/100|[from] Stealth Rock
|move|p1a: Zapdos|Close Combat|p2a: Claudio
|-damage|p2a: Claudio|1/100
|-unboost|p1a: Zapdos|def|1
|-unboost|p1a: Zapdos|spd|1
|
|-weather|Hail|[upkeep]
|-damage|p1a: Zapdos|53/100|[from] Hail
|-damage|p2a: Claudio|0 fnt|[from] Hail
|faint|p2a: Claudio
|upkeep
|
|t:|1645746577
|switch|p2a: Precoz|Tapu Koko|88/100
|-fieldstart|move: Electric Terrain|[from] ability: Electric Surge|[of] p2a: Precoz
|turn|17
|l| Multiface God
|
|t:|1645746585
|switch|p1a: Regieleki|Regieleki|88/100
|-damage|p1a: Regieleki|76/100|[from] Stealth Rock
|move|p2a: Precoz|Dazzling Gleam|p1a: Regieleki
|-damage|p1a: Regieleki|7/100
|
|-weather|Hail|[upkeep]
|-damage|p1a: Regieleki|1/100|[from] Hail
|-damage|p2a: Precoz|82/100|[from] Hail
|upkeep
|turn|18
|
|t:|1645746599
|move|p1a: Regieleki|Thunderbolt|p2a: Precoz
|-resisted|p2a: Precoz
|-damage|p2a: Precoz|14/100
|move|p2a: Precoz|Roost|p2a: Precoz
|-heal|p2a: Precoz|65/100
|-singleturn|p2a: Precoz|move: Roost
|
|-weather|Hail|[upkeep]
|-damage|p1a: Regieleki|0 fnt|[from] Hail
|-damage|p2a: Precoz|59/100|[from] Hail
|faint|p1a: Regieleki
|upkeep
|
|t:|1645746603
|switch|p1a: Zapdos|Zapdos-Galar|53/100
|-damage|p1a: Zapdos|40/100|[from] Stealth Rock
|turn|19
|j| DelanTK
|
|t:|1645746615
|move|p1a: Zapdos|Close Combat|p2a: Precoz
|-resisted|p2a: Precoz
|-damage|p2a: Precoz|15/100
|-unboost|p1a: Zapdos|def|1
|-unboost|p1a: Zapdos|spd|1
|move|p2a: Precoz|Thunderbolt|p1a: Zapdos
|-supereffective|p1a: Zapdos
|-damage|p1a: Zapdos|0 fnt
|faint|p1a: Zapdos
|
|win|Fastpitchkiller
|raw|Chikami's rating: 1752 &rarr; <strong>1728</strong><br />(-24 for losing)
|raw|Fastpitchkiller's rating: 1689 &rarr; <strong>1713</strong><br />(+24 for winning)
|l|☆Chikami
|l| DelanTK
|l| Jjjddd
|l| smth is wrong w me
