|j|☆baigu
|j|☆El Stefano
|t:|1663244801
|gametype|singles
|player|p1|baigu|1|1621
|player|p2|El Stefano|265|1672
|teamsize|p1|6
|teamsize|p2|6
|gen|8
|tier|[Gen 8] OU
|rated|
|rule|Sleep Clause Mod: Limit one foe put to sleep
|rule|Species Clause: Limit one of each Pokémon
|rule|OHKO Clause: OHKO moves are banned
|rule|Evasion Items Clause: Evasion items are banned
|rule|Evasion Moves Clause: Evasion moves are banned
|rule|Endless Battle Clause: Forcing endless battles is banned
|rule|HP Percentage Mod: HP is shown in percentages
|rule|Dynamax Clause: You cannot dynamax
|clearpoke
|poke|p1|Pelipper, M|
|poke|p1|Ferrothorn, M|
|poke|p1|Zapdos|
|poke|p1|Barraskewda, M|
|poke|p1|Volcanion|
|poke|p1|Seismitoad, M|
|poke|p2|Tapu Lele|
|poke|p2|Dragapult, M|
|poke|p2|Toxapex, F|
|poke|p2|Landorus-Therian, M|
|poke|p2|Corviknight, F|
|poke|p2|Blacephalon|
|teampreview
|
|t:|1663244814
|start
|switch|p1a: Pelipper|Pelipper, M|100/100
|switch|p2a: Tapu Lele|Tapu Lele|100/100
|-fieldstart|move: Psychic Terrain|[from] ability: Psychic Surge|[of] p2a: Tapu Lele
|-weather|RainDance|[from] ability: Drizzle|[of] p1a: Pelipper
|turn|1
|
|t:|1663244822
|switch|p1a: Ferrothorn|Ferrothorn, M|100/100
|move|p2a: Tapu Lele|Psychic|p1a: Ferrothorn
|-resisted|p1a: Ferrothorn
|-damage|p1a: Ferrothorn|55/100
|
|-weather|RainDance|[upkeep]
|-heal|p1a: Ferrothorn|61/100|[from] item: Leftovers
|upkeep
|turn|2
|
|t:|1663244847
|move|p2a: Tapu Lele|Psychic|p1a: Ferrothorn
|-resisted|p1a: Ferrothorn
|-damage|p1a: Ferrothorn|17/100
|move|p1a: Ferrothorn|Gyro Ball|p2a: Tapu Lele
|-supereffective|p2a: Tapu Lele
|-damage|p2a: Tapu Lele|0 fnt
|faint|p2a: Tapu Lele
|
|-weather|RainDance|[upkeep]
|-heal|p1a: Ferrothorn|23/100|[from] item: Leftovers
|upkeep
|
|t:|1663244854
|switch|p2a: Dragapult|Dragapult, M|100/100
|turn|3
|
|t:|1663244885
|move|p2a: Dragapult|Shadow Ball|p1a: Ferrothorn
|-damage|p1a: Ferrothorn|0 fnt
|faint|p1a: Ferrothorn
|
|-weather|RainDance|[upkeep]
|upkeep
|
|t:|1663244899
|switch|p1a: Volcanion|Volcanion|100/100
|turn|4
|inactive|Battle timer is ON: inactive players will automatically lose when time's up. (requested by baigu)
|
|t:|1663244905
|move|p2a: Dragapult|Shadow Ball|p1a: Volcanion
|-damage|p1a: Volcanion|39/100
|move|p1a: Volcanion|Steam Eruption|p2a: Dragapult
|-resisted|p2a: Dragapult
|-damage|p2a: Dragapult|10/100
|
|-weather|RainDance|[upkeep]
|upkeep
|turn|5
|
|t:|1663244914
|switch|p1a: Zapdos|Zapdos|100/100
|move|p2a: Dragapult|Shadow Ball|p1a: Zapdos
|-damage|p1a: Zapdos|48/100
|
|-weather|RainDance|[upkeep]
|-fieldend|move: Psychic Terrain
|upkeep
|turn|6
|
|t:|1663244918
|move|p2a: Dragapult|Shadow Ball|p1a: Zapdos
|-damage|p1a: Zapdos|0 fnt
|faint|p1a: Zapdos
|
|-weather|RainDance|[upkeep]
|upkeep
|
|t:|1663244920
|switch|p1a: Barraskewda|Barraskewda, M, shiny|100/100
|turn|7
|
|t:|1663244923
|switch|p2a: Toxapex|Toxapex, F|100/100
|move|p1a: Barraskewda|Flip Turn|p2a: Toxapex
|-resisted|p2a: Toxapex
|-damage|p2a: Toxapex|80/100
|-damage|p1a: Barraskewda|84/100|[from] item: Rocky Helmet|[of] p2a: Toxapex
|
|t:|1663244926
|switch|p1a: Volcanion|Volcanion|39/100|[from]move: Flip Turn
|
|-weather|RainDance|[upkeep]
|upkeep
|turn|8
|
|t:|1663244937
|switch|p2a: Landorus|Landorus-Therian, M|100/100
|-ability|p2a: Landorus|Intimidate|boost
|-unboost|p1a: Volcanion|atk|1
|move|p1a: Volcanion|Steam Eruption|p2a: Landorus
|-supereffective|p2a: Landorus
|-damage|p2a: Landorus|0 fnt
|faint|p2a: Landorus
|
|-weather|none
|upkeep
|
|t:|1663244945
|switch|p2a: Blacephalon|Blacephalon|100/100
|turn|9
|
|t:|1663244948
|switch|p1a: Pelipper|Pelipper, M|100/100
|-weather|RainDance|[from] ability: Drizzle|[of] p1a: Pelipper
|move|p2a: Blacephalon|Shadow Ball|p1a: Pelipper
|-damage|p1a: Pelipper|31/100
|
|-weather|RainDance|[upkeep]
|upkeep
|turn|10
|
|t:|1663244961
|switch|p1a: Seismitoad|Seismitoad, M|100/100
|move|p2a: Blacephalon|Shadow Ball|p1a: Seismitoad
|-damage|p1a: Seismitoad|47/100
|
|-weather|RainDance|[upkeep]
|upkeep
|turn|11
|
|t:|1663244973
|move|p1a: Seismitoad|Liquidation|p2a: Blacephalon
|-supereffective|p2a: Blacephalon
|-damage|p2a: Blacephalon|0 fnt
|faint|p2a: Blacephalon
|-damage|p1a: Seismitoad|37/100|[from] item: Life Orb
|
|-weather|RainDance|[upkeep]
|upkeep
|
|t:|1663244980
|switch|p2a: Toxapex|Toxapex, F|100/100
|turn|12
|
|t:|1663244985
|move|p1a: Seismitoad|Earthquake|p2a: Toxapex
|-supereffective|p2a: Toxapex
|-damage|p2a: Toxapex|39/100
|-damage|p1a: Seismitoad|27/100|[from] item: Life Orb
|move|p2a: Toxapex|Knock Off|p1a: Seismitoad
|-damage|p1a: Seismitoad|8/100
|-enditem|p1a: Seismitoad|Life Orb|[from] move: Knock Off|[of] p2a: Toxapex
|
|-weather|RainDance|[upkeep]
|upkeep
|turn|13
|
|t:|1663244997
|switch|p2a: Corviknight|Corviknight, F|100/100
|-ability|p2a: Corviknight|Pressure
|move|p1a: Seismitoad|Liquidation|p2a: Corviknight
|-damage|p2a: Corviknight|59/100
|
|-weather|RainDance|[upkeep]
|-heal|p2a: Corviknight|65/100|[from] item: Leftovers
|upkeep
|turn|14
|
|t:|1663245005
|move|p1a: Seismitoad|Stealth Rock|p2a: Corviknight
|-sidestart|p2: El Stefano|move: Stealth Rock
|move|p2a: Corviknight|Roost|p2a: Corviknight
|-heal|p2a: Corviknight|100/100
|-singleturn|p2a: Corviknight|move: Roost
|
|-weather|RainDance|[upkeep]
|upkeep
|turn|15
|
|t:|1663245015
|move|p1a: Seismitoad|Liquidation|p2a: Corviknight
|-damage|p2a: Corviknight|58/100
|move|p2a: Corviknight|Defog|p1a: Seismitoad
|-unboost|p1a: Seismitoad|evasion|1
|-sideend|p2: El Stefano|Stealth Rock|[from] move: Defog|[of] p2a: Corviknight
|
|-weather|RainDance|[upkeep]
|-heal|p2a: Corviknight|64/100|[from] item: Leftovers
|upkeep
|turn|16
|
|t:|1663245021
|move|p1a: Seismitoad|Stealth Rock|p2a: Corviknight
|-sidestart|p2: El Stefano|move: Stealth Rock
|move|p2a: Corviknight|Roost|p2a: Corviknight
|-heal|p2a: Corviknight|100/100
|-singleturn|p2a: Corviknight|move: Roost
|
|-weather|none
|upkeep
|turn|17
|
|t:|1663245025
|switch|p1a: Pelipper|Pelipper, M|31/100
|-weather|RainDance|[from] ability: Drizzle|[of] p1a: Pelipper
|move|p2a: Corviknight|Defog|p1a: Pelipper
|-unboost|p1a: Pelipper|evasion|1
|-sideend|p2: El Stefano|Stealth Rock|[from] move: Defog|[of] p2a: Corviknight
|
|-weather|RainDance|[upkeep]
|upkeep
|turn|18
|
|t:|1663245032
|move|p2a: Corviknight|Brave Bird|p1a: Pelipper
|-damage|p1a: Pelipper|4/100
|-damage|p2a: Corviknight|93/100|[from] Recoil
|move|p1a: Pelipper|U-turn|p2a: Corviknight
|-resisted|p2a: Corviknight
|-damage|p2a: Corviknight|91/100
|
|t:|1663245035
|switch|p1a: Volcanion|Volcanion|39/100|[from]move: U-turn
|
|-weather|RainDance|[upkeep]
|-heal|p2a: Corviknight|97/100|[from] item: Leftovers
|upkeep
|turn|19
|
|t:|1663245039
|switch|p2a: Toxapex|Toxapex, F|72/100
|move|p1a: Volcanion|Steam Eruption|p2a: Toxapex
|-resisted|p2a: Toxapex
|-damage|p2a: Toxapex|18/100
|-status|p2a: Toxapex|brn
|
|-weather|RainDance|[upkeep]
|-damage|p2a: Toxapex|12/100 brn|[from] brn
|upkeep
|turn|20
|
|t:|1663245047
|switch|p2a: Corviknight|Corviknight, F|97/100
|-ability|p2a: Corviknight|Pressure
|move|p1a: Volcanion|Steam Eruption|p2a: Corviknight
|-damage|p2a: Corviknight|0 fnt
|faint|p2a: Corviknight
|
|-weather|RainDance|[upkeep]
|upkeep
|
|t:|1663245050
|switch|p2a: Dragapult|Dragapult, M|10/100
|turn|21
|
|t:|1663245057
|switch|p1a: Seismitoad|Seismitoad, M|8/100
|move|p2a: Dragapult|U-turn|p1a: Seismitoad
|-damage|p1a: Seismitoad|0 fnt
|faint|p1a: Seismitoad
|
|t:|1663245063
|switch|p2a: Toxapex|Toxapex, F|45/100 brn|[from]move: U-turn
|
|-weather|RainDance|[upkeep]
|-damage|p2a: Toxapex|39/100 brn|[from] brn
|upkeep
|
|t:|1663245065
|switch|p1a: Volcanion|Volcanion|39/100
|turn|22
|
|t:|1663245069
|move|p1a: Volcanion|Earth Power|p2a: Toxapex
|-supereffective|p2a: Toxapex
|-damage|p2a: Toxapex|0 fnt
|faint|p2a: Toxapex
|
|-weather|RainDance|[upkeep]
|upkeep
|
|t:|1663245072
|switch|p2a: Dragapult|Dragapult, M|10/100
|turn|23
|
|t:|1663245076
|move|p2a: Dragapult|Shadow Ball|p1a: Volcanion
|-damage|p1a: Volcanion|0 fnt
|faint|p1a: Volcanion
|
|-weather|RainDance|[upkeep]
|upkeep
|
|t:|1663245078
|switch|p1a: Barraskewda|Barraskewda, M, shiny|84/100
|turn|24
|
|t:|1663245081
|move|p1a: Barraskewda|Waterfall|p2a: Dragapult
|-resisted|p2a: Dragapult
|-damage|p2a: Dragapult|0 fnt
|faint|p2a: Dragapult
|
|win|baigu
|raw|baigu's rating: 1621 &rarr; <strong>1644</strong><br />(+23 for winning)
|raw|El Stefano's rating: 1672 &rarr; <strong>1649</strong><br />(-23 for losing)
