|j|☆metatran
|j|☆Rheinmetal
|player|p1|metatran|137|1404
|player|p2|Rheinmetal|cynthia|1398
|teamsize|p1|6
|teamsize|p2|6
|gametype|singles
|gen|8
|tier|[Gen 8] OU
|rated|
|html|<div class="broadcast-red"><strong>OU is currently suspecting Arena Trap! For information on how to participate check out the <a href="https://www.smogon.com/forums/threads/3661134/">suspect thread</a>.</strong></div>
|clearpoke
|poke|p1|Dugtrio, F|
|poke|p1|Tsareena, F|
|poke|p1|Darmanitan, F|
|poke|p1|Ribombee, M|
|poke|p1|Hydreigon, M|
|poke|p1|Rotom-Wash|
|poke|p2|Crawdaunt, F|
|poke|p2|Clefable, M|
|poke|p2|Rotom-Heat|
|poke|p2|Hippowdon, F|
|poke|p2|Excadrill, F|
|poke|p2|Dragapult, F|
|rule|Sleep Clause Mod: Limit one foe put to sleep
|rule|Species Clause: Limit one of each Pokémon
|rule|OHKO Clause: OHKO moves are banned
|rule|Evasion Moves Clause: Evasion moves are banned
|rule|Endless Battle Clause: Forcing endless battles is banned
|rule|HP Percentage Mod: HP is shown in percentages
|rule|Dynamax Clause: You cannot dynamax
|teampreview
|inactive|Battle timer is ON: inactive players will automatically lose when time's up. (requested by Rheinmetal)
|
|start
|switch|p1a: Darmanitan|Darmanitan, F|100/100
|switch|p2a: Dragapult|Dragapult, F|100/100
|turn|1
|
|move|p2a: Dragapult|U-turn|p1a: Darmanitan
|-resisted|p1a: Darmanitan
|-crit|p1a: Darmanitan
|-damage|p1a: Darmanitan|82/100
|
|switch|p2a: Hippowdon|Hippowdon, F|100/100|[from]move: U-turn
|-weather|Sandstorm|[from] ability: Sand Stream|[of] p2a: Hippowdon
|move|p1a: Darmanitan|U-turn|p2a: Hippowdon
|-damage|p2a: Hippowdon|86/100
|
|switch|p1a: Rotom|Rotom-Wash|100/100|[from]move: U-turn
|
|-weather|Sandstorm|[upkeep]
|-damage|p1a: Rotom|94/100|[from] Sandstorm
|-heal|p1a: Rotom|100/100|[from] item: Leftovers
|-heal|p2a: Hippowdon|92/100|[from] item: Leftovers
|upkeep
|turn|2
|
|switch|p2a: Clefable|Clefable, M, shiny|100/100
|move|p1a: Rotom|Hydro Pump|p2a: Clefable
|-damage|p2a: Clefable|74/100
|
|-weather|Sandstorm|[upkeep]
|-damage|p1a: Rotom|94/100|[from] Sandstorm
|-heal|p1a: Rotom|100/100|[from] item: Leftovers
|-heal|p2a: Clefable|80/100|[from] item: Leftovers
|upkeep
|turn|3
|
|move|p1a: Rotom|Volt Switch|p2a: Clefable
|-damage|p2a: Clefable|64/100
|
|switch|p1a: Dugtrio|Dugtrio, F|100/100|[from]move: Volt Switch
|move|p2a: Clefable|Gravity|p2a: Clefable
|-fieldstart|move: Gravity
|
|-weather|Sandstorm|[upkeep]
|-heal|p2a: Clefable|71/100|[from] item: Leftovers
|upkeep
|turn|4
|
|move|p1a: Dugtrio|Earthquake|p2a: Clefable
|-damage|p2a: Clefable|0 fnt
|faint|p2a: Clefable
|
|-weather|Sandstorm|[upkeep]
|upkeep
|
|switch|p2a: Excadrill|Excadrill, F|100/100
|turn|5
|
|switch|p1a: Tsareena|Tsareena, F|100/100
|move|p2a: Excadrill|Earthquake|p1a: Tsareena
|-resisted|p1a: Tsareena
|-damage|p1a: Tsareena|58/100
|
|-weather|none
|upkeep
|turn|6
|
|switch|p2a: Rotom|Rotom-Heat, shiny|100/100
|move|p1a: Tsareena|Power Whip|p2a: Rotom
|-resisted|p2a: Rotom
|-damage|p2a: Rotom|66/100
|
|upkeep
|turn|7
|
|move|p2a: Rotom|Volt Switch|p1a: Tsareena
|-resisted|p1a: Tsareena
|-damage|p1a: Tsareena|50/100
|
|switch|p2a: Dragapult|Dragapult, F|100/100|[from]move: Volt Switch
|move|p1a: Tsareena|Zen Headbutt|p2a: Dragapult
|-damage|p2a: Dragapult|59/100
|
|-fieldend|move: Gravity
|upkeep
|turn|8
|
|switch|p1a: Darmanitan|Darmanitan, F|82/100
|move|p2a: Dragapult|Shadow Ball|p1a: Darmanitan
|-damage|p1a: Darmanitan|20/100
|
|upkeep
|turn|9
|
|switch|p1a: Hydreigon|Hydreigon, M|100/100
|move|p2a: Dragapult|Shadow Ball|p1a: Hydreigon
|-resisted|p1a: Hydreigon
|-damage|p1a: Hydreigon|80/100
|
|upkeep
|turn|10
|
|switch|p2a: Hippowdon|Hippowdon, F|92/100
|-weather|Sandstorm|[from] ability: Sand Stream|[of] p2a: Hippowdon
|move|p1a: Hydreigon|Dark Pulse|p2a: Hippowdon
|-damage|p2a: Hippowdon|32/100
|-damage|p1a: Hydreigon|70/100|[from] item: Life Orb
|
|-weather|Sandstorm|[upkeep]
|-damage|p1a: Hydreigon|64/100|[from] Sandstorm
|-heal|p2a: Hippowdon|38/100|[from] item: Leftovers
|upkeep
|turn|11
|
|move|p1a: Hydreigon|Dark Pulse|p2a: Hippowdon
|-damage|p2a: Hippowdon|0 fnt
|-damage|p1a: Hydreigon|54/100|[from] item: Life Orb
|faint|p2a: Hippowdon
|
|-weather|Sandstorm|[upkeep]
|-damage|p1a: Hydreigon|48/100|[from] Sandstorm
|upkeep
|
|switch|p2a: Excadrill|Excadrill, F|100/100
|turn|12
|
|switch|p1a: Rotom|Rotom-Wash|100/100
|move|p2a: Excadrill|X-Scissor|p1a: Rotom
|-damage|p1a: Rotom|51/100
|
|-weather|Sandstorm|[upkeep]
|-damage|p1a: Rotom|45/100|[from] Sandstorm
|-heal|p1a: Rotom|51/100|[from] item: Leftovers
|upkeep
|turn|13
|
|move|p2a: Excadrill|X-Scissor|p1a: Rotom
|-damage|p1a: Rotom|0 fnt
|faint|p1a: Rotom
|
|-weather|Sandstorm|[upkeep]
|upkeep
|
|switch|p1a: Darmanitan|Darmanitan, F|20/100
|turn|14
|
|move|p2a: Excadrill|X-Scissor|p1a: Darmanitan
|-resisted|p1a: Darmanitan
|-damage|p1a: Darmanitan|0 fnt
|faint|p1a: Darmanitan
|
|-weather|none
|upkeep
|
|switch|p1a: Dugtrio|Dugtrio, F|100/100
|turn|15
|
|move|p1a: Dugtrio|Earthquake|p2a: Excadrill
|-supereffective|p2a: Excadrill
|-damage|p2a: Excadrill|0 fnt
|faint|p2a: Excadrill
|
|upkeep
|
|switch|p2a: Dragapult|Dragapult, F|59/100
|turn|16
|
|switch|p1a: Hydreigon|Hydreigon, M|48/100
|move|p2a: Dragapult|U-turn|p1a: Hydreigon
|-supereffective|p1a: Hydreigon
|-damage|p1a: Hydreigon|11/100
|
|switch|p2a: Crawdaunt|Crawdaunt, F|100/100|[from]move: U-turn
|
|upkeep
|turn|17
|
|move|p1a: Hydreigon|Draco Meteor|p2a: Crawdaunt
|-damage|p2a: Crawdaunt|0 fnt
|-unboost|p1a: Hydreigon|spa|2
|-damage|p1a: Hydreigon|1/100|[from] item: Life Orb
|faint|p2a: Crawdaunt
|
|upkeep
|
|switch|p2a: Dragapult|Dragapult, F|59/100
|turn|18
|
|move|p2a: Dragapult|U-turn|p1a: Hydreigon
|-supereffective|p1a: Hydreigon
|-damage|p1a: Hydreigon|0 fnt
|faint|p1a: Hydreigon
|
|switch|p2a: Rotom|Rotom-Heat, shiny|66/100|[from]move: U-turn
|
|upkeep
|
|switch|p1a: Ribombee|Ribombee, M|100/100
|turn|19
|
|move|p1a: Ribombee|Sticky Web|p2a: Rotom
|-sidestart|p2: Rheinmetal|move: Sticky Web
|move|p2a: Rotom|Overheat|p1a: Ribombee|[miss]
|-miss|p2a: Rotom|p1a: Ribombee
|
|upkeep
|turn|20
|
|switch|p1a: Tsareena|Tsareena, F|50/100
|move|p2a: Rotom|Overheat|p1a: Tsareena
|-supereffective|p1a: Tsareena
|-damage|p1a: Tsareena|0 fnt
|-unboost|p2a: Rotom|spa|2
|faint|p1a: Tsareena
|
|upkeep
|
|switch|p1a: Dugtrio|Dugtrio, F|100/100
|turn|21
|
|move|p1a: Dugtrio|Shadow Claw|p2a: Rotom
|-crit|p2a: Rotom
|-damage|p2a: Rotom|14/100
|move|p2a: Rotom|Overheat|p1a: Dugtrio
|-damage|p1a: Dugtrio|49/100
|-unboost|p2a: Rotom|spa|2
|
|upkeep
|turn|22
|-message|Rheinmetal forfeited.
|
|win|metatran
|l|☆Rheinmetal
|raw|metatran's rating: 1404 &rarr; <strong>1424</strong><br />(+20 for winning)
|raw|Rheinmetal's rating: 1398 &rarr; <strong>1379</strong><br />(-19 for losing)
