|raw|<div class="broadcast-blue"><strong>This battle is required to be public due to a player having a name starting with 'lt84jm'.</div>
|j|☆Coach Jones 6fifth
|j|☆lt84jm cryinghard
|t:|1627240602
|gametype|singles
|player|p1|Coach Jones 6fifth|lusamine-nihilego|1851
|player|p2|lt84jm cryinghard|lass-gen4dp|1796
|teamsize|p1|6
|teamsize|p2|6
|gen|8
|tier|[Gen 8] OU
|rated|
|rule|Sleep Clause Mod: Limit one foe put to sleep
|rule|Species Clause: Limit one of each Pokémon
|rule|OHKO Clause: OHKO moves are banned
|rule|Evasion Moves Clause: Evasion moves are banned
|rule|Endless Battle Clause: Forcing endless battles is banned
|rule|HP Percentage Mod: HP is shown in percentages
|rule|Dynamax Clause: You cannot dynamax
|clearpoke
|poke|p1|Magnezone|
|poke|p1|Rillaboom, F|
|poke|p1|Tapu Lele|
|poke|p1|Heatran, F|
|poke|p1|Corviknight, F|
|poke|p1|Swampert, M|
|poke|p2|Barraskewda, M|
|poke|p2|Volcanion|
|poke|p2|Pelipper, M|
|poke|p2|Dragonite, M|
|poke|p2|Seismitoad, M|
|poke|p2|Melmetal|
|teampreview
|inactive|Battle timer is ON: inactive players will automatically lose when time's up. (requested by lt84jm cryinghard)
|j| LT84JMM
|j| LT82ZW UnzipsC
|l| LT82ZW UnzipsC
|j| LT84JM asiancy
|j| 2019 pajeros room
|j| ironwater@!
|
|t:|1627240631
|start
|switch|p1a: Magnezone|Magnezone|100/100
|switch|p2a: Barraskewda|Barraskewda, M|100/100
|turn|1
|
|t:|1627240639
|move|p2a: Barraskewda|Flip Turn|p1a: Magnezone
|-damage|p1a: Magnezone|55/100
|
|t:|1627240648
|switch|p2a: Seismitoad|Seismitoad, M|100/100|[from]move: Flip Turn
|move|p1a: Magnezone|Body Press|p2a: Seismitoad
|-damage|p2a: Seismitoad|64/100
|
|upkeep
|turn|2
|j| anita fajita
|
|t:|1627240654
|switch|p1a: Corviknight|Corviknight, F|100/100
|-ability|p1a: Corviknight|Pressure
|move|p2a: Seismitoad|Stealth Rock|p1a: Corviknight
|-sidestart|p1: Coach Jones 6fifth|move: Stealth Rock
|
|upkeep
|turn|3
|j| LT84JM Ash
|
|t:|1627240662
|switch|p2a: Pelipper|Pelipper, M|100/100
|-weather|RainDance|[from] ability: Drizzle|[of] p2a: Pelipper
|move|p1a: Corviknight|Defog|p2a: Pelipper
|-unboost|p2a: Pelipper|evasion|1
|-sideend|p1: Coach Jones 6fifth|Stealth Rock|[from] move: Defog|[of] p1a: Corviknight
|
|-weather|RainDance|[upkeep]
|upkeep
|turn|4
|
|t:|1627240665
|move|p2a: Pelipper|U-turn|p1a: Corviknight
|-resisted|p1a: Corviknight
|-damage|p1a: Corviknight|99/100
|
|t:|1627240668
|switch|p2a: Seismitoad|Seismitoad, M|64/100|[from]move: U-turn
|move|p1a: Corviknight|U-turn|p2a: Seismitoad
|-damage|p2a: Seismitoad|45/100
|
|t:|1627240671
|switch|p1a: Rillaboom|Rillaboom, F|100/100|[from]move: U-turn
|-fieldstart|move: Grassy Terrain|[from] ability: Grassy Surge|[of] p1a: Rillaboom
|
|-weather|RainDance|[upkeep]
|-heal|p2a: Seismitoad|51/100|[from] Grassy Terrain
|upkeep
|turn|5
|j| Licking Baltoys
|
|t:|1627240676
|move|p1a: Rillaboom|Grassy Glide|p2a: Seismitoad
|-supereffective|p2a: Seismitoad
|-damage|p2a: Seismitoad|0 fnt
|faint|p2a: Seismitoad
|
|-weather|RainDance|[upkeep]
|upkeep
|
|t:|1627240696
|switch|p2a: Volcanion|Volcanion|100/100
|turn|6
|
|t:|1627240711
|switch|p1a: Magnezone|Magnezone|55/100
|move|p2a: Volcanion|Steam Eruption|p1a: Magnezone
|-damage|p1a: Magnezone|0 fnt
|faint|p1a: Magnezone
|
|-weather|RainDance|[upkeep]
|upkeep
|
|t:|1627240715
|switch|p1a: Rillaboom|Rillaboom, F|100/100
|turn|7
|
|t:|1627240718
|switch|p2a: Dragonite|Dragonite, M|100/100
|move|p1a: Rillaboom|Wood Hammer|p2a: Dragonite
|-resisted|p2a: Dragonite
|-damage|p2a: Dragonite|83/100
|-damage|p1a: Rillaboom|95/100|[from] Recoil
|
|-weather|RainDance|[upkeep]
|-heal|p1a: Rillaboom|100/100|[from] Grassy Terrain
|upkeep
|turn|8
|
|t:|1627240737
|move|p2a: Dragonite|Ice Punch|p1a: Rillaboom
|-supereffective|p1a: Rillaboom
|-damage|p1a: Rillaboom|42/100
|move|p1a: Rillaboom|Wood Hammer|p2a: Dragonite
|-resisted|p2a: Dragonite
|-damage|p2a: Dragonite|46/100
|-damage|p1a: Rillaboom|31/100|[from] Recoil
|
|-weather|RainDance|[upkeep]
|-heal|p1a: Rillaboom|37/100|[from] Grassy Terrain
|-fieldend|move: Grassy Terrain
|upkeep
|turn|9
|
|t:|1627240744
|switch|p2a: Volcanion|Volcanion|100/100
|switch|p1a: Swampert|Swampert, M|100/100
|
|-weather|RainDance|[upkeep]
|upkeep
|turn|10
|
|t:|1627240747
|move|p2a: Volcanion|Steam Eruption|p1a: Swampert
|-damage|p1a: Swampert|0 fnt
|faint|p1a: Swampert
|
|-weather|none
|upkeep
|l| anita fajita
|
|t:|1627240750
|switch|p1a: Rillaboom|Rillaboom, F|37/100
|-fieldstart|move: Grassy Terrain|[from] ability: Grassy Surge|[of] p1a: Rillaboom
|turn|11
|
|t:|1627240767
|switch|p2a: Dragonite|Dragonite, M|46/100
|move|p1a: Rillaboom|U-turn|p2a: Dragonite
|-resisted|p2a: Dragonite
|-damage|p2a: Dragonite|24/100
|
|t:|1627240769
|switch|p1a: Tapu Lele|Tapu Lele|100/100|[from]move: U-turn
|-fieldstart|move: Psychic Terrain|[from] ability: Psychic Surge|[of] p1a: Tapu Lele
|
|upkeep
|turn|12
|
|t:|1627240772
|switch|p2a: Melmetal|Melmetal|100/100
|move|p1a: Tapu Lele|Psychic|p2a: Melmetal
|-resisted|p2a: Melmetal
|-damage|p2a: Melmetal|86/100
|
|upkeep
|turn|13
|
|t:|1627240779
|switch|p1a: Corviknight|Corviknight, F|99/100
|-ability|p1a: Corviknight|Pressure
|switch|p2a: Volcanion|Volcanion|100/100
|
|-heal|p1a: Corviknight|100/100|[from] item: Leftovers
|upkeep
|turn|14
|
|t:|1627240784
|move|p2a: Volcanion|Steam Eruption|p1a: Corviknight
|-damage|p1a: Corviknight|40/100
|move|p1a: Corviknight|Roost|p1a: Corviknight
|-heal|p1a: Corviknight|90/100
|-singleturn|p1a: Corviknight|move: Roost
|
|-heal|p1a: Corviknight|97/100|[from] item: Leftovers
|upkeep
|turn|15
|
|t:|1627240788
|move|p2a: Volcanion|Steam Eruption|p1a: Corviknight
|-damage|p1a: Corviknight|29/100
|-status|p1a: Corviknight|brn
|move|p1a: Corviknight|Roost|p1a: Corviknight
|-heal|p1a: Corviknight|79/100 brn
|-singleturn|p1a: Corviknight|move: Roost
|
|-heal|p1a: Corviknight|85/100 brn|[from] item: Leftovers
|-damage|p1a: Corviknight|79/100 brn|[from] brn
|-fieldend|move: Psychic Terrain
|upkeep
|turn|16
|j| lehoang24121992
|
|t:|1627240793
|switch|p2a: Pelipper|Pelipper, M|100/100
|-weather|RainDance|[from] ability: Drizzle|[of] p2a: Pelipper
|move|p1a: Corviknight|Roost|p1a: Corviknight
|-heal|p1a: Corviknight|100/100 brn
|-singleturn|p1a: Corviknight|move: Roost
|
|-weather|RainDance|[upkeep]
|-damage|p1a: Corviknight|94/100 brn|[from] brn
|upkeep
|turn|17
|
|t:|1627240796
|move|p2a: Pelipper|Scald|p1a: Corviknight
|-crit|p1a: Corviknight
|-damage|p1a: Corviknight|52/100 brn
|move|p1a: Corviknight|U-turn|p2a: Pelipper
|-resisted|p2a: Pelipper
|-crit|p2a: Pelipper
|-damage|p2a: Pelipper|96/100
|
|t:|1627240798
|switch|p1a: Tapu Lele|Tapu Lele|100/100|[from]move: U-turn
|-fieldstart|move: Psychic Terrain|[from] ability: Psychic Surge|[of] p1a: Tapu Lele
|
|-weather|RainDance|[upkeep]
|upkeep
|turn|18
|
|t:|1627240801
|switch|p2a: Melmetal|Melmetal|86/100
|move|p1a: Tapu Lele|Focus Blast|p2a: Melmetal
|-supereffective|p2a: Melmetal
|-damage|p2a: Melmetal|46/100
|
|-weather|RainDance|[upkeep]
|upkeep
|turn|19
|
|t:|1627240809
|switch|p1a: Heatran|Heatran, F|100/100
|move|p2a: Melmetal|Double Iron Bash|p1a: Heatran
|-resisted|p1a: Heatran
|-damage|p1a: Heatran|93/100
|-resisted|p1a: Heatran
|-damage|p1a: Heatran|85/100
|-hitcount|p1a: Heatran|2
|
|-weather|RainDance|[upkeep]
|-heal|p1a: Heatran|91/100|[from] item: Leftovers
|upkeep
|turn|20
|
|t:|1627240827
|switch|p2a: Pelipper|Pelipper, M|96/100
|move|p1a: Heatran|Earth Power|p2a: Pelipper
|-immune|p2a: Pelipper
|
|-weather|RainDance|[upkeep]
|-heal|p1a: Heatran|97/100|[from] item: Leftovers
|upkeep
|turn|21
|
|t:|1627240849
|switch|p1a: Corviknight|Corviknight, F|52/100 brn
|-ability|p1a: Corviknight|Pressure
|move|p2a: Pelipper|U-turn|p1a: Corviknight
|-resisted|p1a: Corviknight
|-damage|p1a: Corviknight|50/100 brn
|j| malaskar
|
|t:|1627240856
|switch|p2a: Barraskewda|Barraskewda, M|100/100|[from]move: U-turn
|
|-weather|RainDance|[upkeep]
|-heal|p1a: Corviknight|57/100 brn|[from] item: Leftovers
|-damage|p1a: Corviknight|50/100 brn|[from] brn
|-fieldend|move: Psychic Terrain
|upkeep
|turn|22
|
|t:|1627240859
|move|p2a: Barraskewda|Liquidation|p1a: Corviknight
|-damage|p1a: Corviknight|0 fnt
|faint|p1a: Corviknight
|
|-weather|RainDance|[upkeep]
|upkeep
|
|t:|1627240864
|switch|p1a: Rillaboom|Rillaboom, F|37/100
|-fieldstart|move: Grassy Terrain|[from] ability: Grassy Surge|[of] p1a: Rillaboom
|turn|23
|
|t:|1627240869
|switch|p2a: Melmetal|Melmetal|46/100
|move|p1a: Rillaboom|Wood Hammer|p2a: Melmetal
|-resisted|p2a: Melmetal
|-damage|p2a: Melmetal|10/100
|-damage|p1a: Rillaboom|22/100|[from] Recoil
|
|-weather|none
|-heal|p1a: Rillaboom|28/100|[from] Grassy Terrain
|-heal|p2a: Melmetal|16/100|[from] Grassy Terrain
|upkeep
|turn|24
|
|t:|1627240876
|switch|p1a: Tapu Lele|Tapu Lele|100/100
|-fieldstart|move: Psychic Terrain|[from] ability: Psychic Surge|[of] p1a: Tapu Lele
|move|p2a: Melmetal|Double Iron Bash|p1a: Tapu Lele
|-supereffective|p1a: Tapu Lele
|-damage|p1a: Tapu Lele|0 fnt
|faint|p1a: Tapu Lele
|-hitcount|p1: Tapu Lele|1
|
|upkeep
|
|t:|1627240878
|switch|p1a: Rillaboom|Rillaboom, F|28/100
|-fieldstart|move: Grassy Terrain|[from] ability: Grassy Surge|[of] p1a: Rillaboom
|turn|25
|
|t:|1627240884
|move|p1a: Rillaboom|Grassy Glide|p2a: Melmetal
|-resisted|p2a: Melmetal
|-damage|p2a: Melmetal|0 fnt
|faint|p2a: Melmetal
|
|-heal|p1a: Rillaboom|34/100|[from] Grassy Terrain
|upkeep
|j| ppev
|
|t:|1627240893
|switch|p2a: Pelipper|Pelipper, M|96/100
|-weather|RainDance|[from] ability: Drizzle|[of] p2a: Pelipper
|turn|26
|
|t:|1627240896
|move|p1a: Rillaboom|Grassy Glide|p2a: Pelipper
|-damage|p2a: Pelipper|42/100
|move|p2a: Pelipper|U-turn|p1a: Rillaboom
|-supereffective|p1a: Rillaboom
|-damage|p1a: Rillaboom|15/100
|
|t:|1627240902
|switch|p2a: Volcanion|Volcanion|100/100|[from]move: U-turn
|
|-weather|RainDance|[upkeep]
|-heal|p1a: Rillaboom|21/100|[from] Grassy Terrain
|upkeep
|turn|27
|
|t:|1627240911
|move|p1a: Rillaboom|Grassy Glide|p2a: Volcanion
|-damage|p2a: Volcanion|29/100
|move|p2a: Volcanion|Earth Power|p1a: Rillaboom
|-resisted|p1a: Rillaboom
|-damage|p1a: Rillaboom|0 fnt
|faint|p1a: Rillaboom
|
|-weather|RainDance|[upkeep]
|-heal|p2a: Volcanion|35/100|[from] Grassy Terrain
|upkeep
|
|t:|1627240914
|switch|p1a: Heatran|Heatran, F|97/100
|turn|28
|
|t:|1627240916
|move|p2a: Volcanion|Earth Power|p1a: Heatran
|-supereffective|p1a: Heatran
|-damage|p1a: Heatran|0 fnt
|faint|p1a: Heatran
|
|win|lt84jm cryinghard
|raw|Coach Jones 6fifth's rating: 1851 &rarr; <strong>1828</strong><br />(-23 for losing)
|raw|lt84jm cryinghard's rating: 1796 &rarr; <strong>1819</strong><br />(+23 for winning)
|c|☆Coach Jones 6fifth|gg
|c|☆lt84jm cryinghard|gg
|l|☆Coach Jones 6fifth
|l|☆lt84jm cryinghard
|l| Licking Baltoys
||Ladder isn't responding, score probably updated but might not have (Request timeout).
|l| ppev
|l| LT84JM Ash
|l| ironwater
|l| LT84JM asiancy
