|j|☆Forwards
|j|☆Sliceofbread96
|t:|1661874289
|gametype|singles
|player|p1|Forwards|psychicf-gen4|1422
|player|p2|Sliceofbread96|giovanni-gen1rb|1466
|teamsize|p1|6
|teamsize|p2|6
|gen|8
|tier|[Gen 8] OU
|rated|
|rule|Sleep Clause Mod: Limit one foe put to sleep
|rule|Species Clause: Limit one of each Pokémon
|rule|OHKO Clause: OHKO moves are banned
|rule|Evasion Items Clause: Evasion items are banned
|rule|Evasion Moves Clause: Evasion moves are banned
|rule|Endless Battle Clause: Forcing endless battles is banned
|rule|HP Percentage Mod: HP is shown in percentages
|rule|Dynamax Clause: You cannot dynamax
|clearpoke
|poke|p1|Terrakion|
|poke|p1|Mew|
|poke|p1|Darmanitan, F|
|poke|p1|Boltund, F|
|poke|p1|Moltres-Galar|
|poke|p1|Dragapult, F|
|poke|p2|Octillery, M|
|poke|p2|Crawdaunt, M|
|poke|p2|Slowbro, M|
|poke|p2|Melmetal|
|poke|p2|Porygon2|
|poke|p2|Hatterene, F|
|teampreview
|inactive|Battle timer is ON: inactive players will automatically lose when time's up. (requested by Sliceofbread96)
|
|t:|1661874300
|start
|switch|p1a: Dragapult|Dragapult, F|100/100
|switch|p2a: ONG Bruh 🤑|Slowbro, M|100/100
|turn|1
|
|t:|1661874307
|move|p1a: Dragapult|Light Screen|p1a: Dragapult
|-sidestart|p1: Forwards|move: Light Screen
|move|p2a: ONG Bruh 🤑|Trick Room|p2a: ONG Bruh 🤑
|-fieldstart|move: Trick Room|[of] p2a: ONG Bruh 🤑
|
|upkeep
|turn|2
|
|t:|1661874310
|move|p2a: ONG Bruh 🤑|Rain Dance|p2a: ONG Bruh 🤑
|-weather|RainDance
|move|p1a: Dragapult|Reflect|p1a: Dragapult
|-sidestart|p1: Forwards|Reflect
|
|-weather|RainDance|[upkeep]
|upkeep
|turn|3
|
|t:|1661874315
|move|p1a: Dragapult|Will-O-Wisp|p2a: ONG Bruh 🤑
|-status|p2a: ONG Bruh 🤑|brn
|move|p2a: ONG Bruh 🤑|Teleport|p2a: ONG Bruh 🤑
|
|t:|1661874319
|switch|p2a: The Daunt 🦀|Crawdaunt, M|100/100|[from]move: Teleport
|
|-weather|RainDance|[upkeep]
|upkeep
|turn|4
|
|t:|1661874323
|switch|p1a: Terrakion|Terrakion|100/100
|move|p2a: The Daunt 🦀|Knock Off|p1a: Terrakion
|-resisted|p1a: Terrakion
|-damage|p1a: Terrakion|74/100
|-ability|p1a: Terrakion|Justified|boost
|-boost|p1a: Terrakion|atk|1
|-enditem|p1a: Terrakion|Focus Sash|[from] move: Knock Off|[of] p2a: The Daunt 🦀
|-damage|p2a: The Daunt 🦀|90/100|[from] item: Life Orb
|
|-weather|RainDance|[upkeep]
|upkeep
|turn|5
|
|t:|1661874329
|switch|p1a: Dragapult|Dragapult, F|100/100
|move|p2a: The Daunt 🦀|Crabhammer|p1a: Dragapult
|-resisted|p1a: Dragapult
|-damage|p1a: Dragapult|63/100
|-damage|p2a: The Daunt 🦀|80/100|[from] item: Life Orb
|
|-weather|RainDance|[upkeep]
|-fieldend|move: Trick Room
|upkeep
|turn|6
|
|t:|1661874335
|switch|p1a: Terrakion|Terrakion|74/100
|switch|p2a: ONG Bruh 🤑|Slowbro, M|100/100 brn
|
|-weather|RainDance|[upkeep]
|-damage|p2a: ONG Bruh 🤑|94/100 brn|[from] brn
|upkeep
|turn|7
|
|t:|1661874343
|move|p1a: Terrakion|Taunt|p2a: ONG Bruh 🤑
|-start|p2a: ONG Bruh 🤑|move: Taunt
|move|p2a: ONG Bruh 🤑|Future Sight|p1a: Terrakion
|-start|p2a: ONG Bruh 🤑|move: Future Sight
|
|-weather|RainDance|[upkeep]
|-damage|p2a: ONG Bruh 🤑|88/100 brn|[from] brn
|upkeep
|turn|8
|
|t:|1661874357
|switch|p1a: Boltund|Boltund, F|100/100
|switch|p2a: Laria|Hatterene, F|100/100
|
|-weather|RainDance|[upkeep]
|-sideend|p1: Forwards|move: Light Screen
|upkeep
|turn|9
|
|t:|1661874361
|switch|p2a: Pp🤏|Porygon2|100/100
|-ability|p2a: Pp🤏|Competitive|[from] ability: Trace|[of] p1a: Boltund
|move|p1a: Boltund|Thunderbolt|p2a: Pp🤏
|-damage|p2a: Pp🤏|77/100
|
|-weather|none
|-end|p1a: Boltund|move: Future Sight
|-damage|p1a: Boltund|22/100
|-sideend|p1: Forwards|Reflect
|upkeep
|turn|10
|
|t:|1661874371
|switch|p1a: Dragapult|Dragapult, F|63/100
|move|p2a: Pp🤏|Ice Beam|p1a: Dragapult
|-supereffective|p1a: Dragapult
|-damage|p1a: Dragapult|11/100
|-start|p2a: Pp🤏|Disable|Ice Beam|[from] ability: Cursed Body|[of] p1a: Dragapult
|
|upkeep
|turn|11
|
|t:|1661874377
|move|p1a: Dragapult|Light Screen|p1a: Dragapult
|-sidestart|p1: Forwards|move: Light Screen
|move|p2a: Pp🤏|Trick Room|p2a: Pp🤏
|-fieldstart|move: Trick Room|[of] p2a: Pp🤏
|
|upkeep
|turn|12
|
|t:|1661874380
|move|p1a: Dragapult|Reflect|p1a: Dragapult
|-sidestart|p1: Forwards|Reflect
|move|p2a: Pp🤏|Teleport|p2a: Pp🤏
|
|t:|1661874383
|switch|p2a: The Daunt 🦀|Crawdaunt, M|80/100|[from]move: Teleport
|
|upkeep
|turn|13
|
|t:|1661874386
|switch|p1a: Terrakion|Terrakion|74/100
|move|p2a: The Daunt 🦀|Knock Off|p1a: Terrakion
|-resisted|p1a: Terrakion
|-damage|p1a: Terrakion|57/100
|-ability|p1a: Terrakion|Justified|boost
|-boost|p1a: Terrakion|atk|1
|-damage|p2a: The Daunt 🦀|70/100|[from] item: Life Orb
|
|upkeep
|turn|14
|
|t:|1661874393
|move|p2a: The Daunt 🦀|Crabhammer|p1a: Terrakion
|-supereffective|p1a: Terrakion
|-damage|p1a: Terrakion|0 fnt
|faint|p1a: Terrakion
|-damage|p2a: The Daunt 🦀|60/100|[from] item: Life Orb
|
|upkeep
|
|t:|1661874400
|switch|p1a: Moltres|Moltres-Galar|100/100
|turn|15
|
|t:|1661874410
|switch|p2a: Laria|Hatterene, F|100/100
|move|p1a: Moltres|Nasty Plot|p1a: Moltres
|-boost|p1a: Moltres|spa|2
|
|-fieldend|move: Trick Room
|upkeep
|turn|16
|
|t:|1661874414
|move|p1a: Moltres|Air Slash|p2a: Laria
|-damage|p2a: Laria|24/100
|move|p2a: Laria|Trick Room|p2a: Laria
|-fieldstart|move: Trick Room|[of] p2a: Laria
|
|upkeep
|turn|17
|
|t:|1661874419
|move|p2a: Laria|Misty Explosion|p1a: Moltres
|-supereffective|p1a: Moltres
|-damage|p1a: Moltres|65/100
|-enditem|p1a: Moltres|Weakness Policy
|-boost|p1a: Moltres|atk|2|[from] item: Weakness Policy
|-boost|p1a: Moltres|spa|2|[from] item: Weakness Policy
|faint|p2a: Laria
|move|p1a: Moltres|Fiery Wrath|p2: Laria|[notarget]
|-fail|p1a: Moltres
|
|upkeep
|
|t:|1661874446
|switch|p2a: Phonk|Melmetal|100/100
|turn|18
|
|t:|1661874473
|move|p2a: Phonk|Double Iron Bash|p1a: Moltres
|-damage|p1a: Moltres|38/100
|-damage|p1a: Moltres|9/100
|-hitcount|p1a: Moltres|2
|-ability|p1a: Moltres|Berserk|boost
|-boost|p1a: Moltres|spa|1
|-damage|p2a: Phonk|91/100|[from] item: Life Orb
|move|p1a: Moltres|Fiery Wrath|p2a: Phonk
|-damage|p2a: Phonk|0 fnt
|faint|p2a: Phonk
|
|-sideend|p1: Forwards|move: Light Screen
|upkeep
|
|t:|1661874484
|switch|p2a: The Menace|Octillery, M|100/100
|turn|19
|
|t:|1661874497
|move|p2a: The Menace|Water Spout|p1a: Moltres
|-damage|p1a: Moltres|0 fnt
|faint|p1a: Moltres
|
|-sideend|p1: Forwards|Reflect
|upkeep
|
|t:|1661874499
|switch|p1a: Boltund|Boltund, F|22/100
|turn|20
|
|t:|1661874502
|switch|p1a: Dragapult|Dragapult, F|11/100
|move|p2a: The Menace|Water Spout|p1a: Dragapult
|-resisted|p1a: Dragapult
|-damage|p1a: Dragapult|0 fnt
|faint|p1a: Dragapult
|
|-fieldend|move: Trick Room
|upkeep
|
|t:|1661874508
|switch|p1a: Mew|Mew|100/100
|turn|21
|
|t:|1661874513
|move|p1a: Mew|Cosmic Power|p1a: Mew
|-boost|p1a: Mew|def|1
|-boost|p1a: Mew|spd|1
|move|p2a: The Menace|Water Spout|p1a: Mew
|-damage|p1a: Mew|34/100
|
|-heal|p1a: Mew|40/100|[from] item: Leftovers
|upkeep
|turn|22
|
|t:|1661874518
|switch|p2a: Pp🤏|Porygon2|77/100
|-ability|p2a: Pp🤏|Synchronize|[from] ability: Trace|[of] p1a: Mew
|move|p1a: Mew|Stored Power|p2a: Pp🤏
|-damage|p2a: Pp🤏|67/100
|
|-heal|p1a: Mew|46/100|[from] item: Leftovers
|upkeep
|turn|23
|
|t:|1661874522
|move|p1a: Mew|Taunt|p2a: Pp🤏
|-start|p2a: Pp🤏|move: Taunt
|cant|p2a: Pp🤏|move: Taunt|Trick Room
|
|-heal|p1a: Mew|52/100|[from] item: Leftovers
|upkeep
|turn|24
|
|t:|1661874525
|move|p1a: Mew|Stored Power|p2a: Pp🤏
|-damage|p2a: Pp🤏|58/100
|move|p2a: Pp🤏|Ice Beam|p1a: Mew
|-damage|p1a: Mew|40/100
|
|-heal|p1a: Mew|46/100|[from] item: Leftovers
|upkeep
|turn|25
|
|t:|1661874527
|move|p1a: Mew|Stored Power|p2a: Pp🤏
|-damage|p2a: Pp🤏|48/100
|move|p2a: Pp🤏|Ice Beam|p1a: Mew
|-damage|p1a: Mew|34/100
|
|-heal|p1a: Mew|40/100|[from] item: Leftovers
|-end|p2a: Pp🤏|move: Taunt
|upkeep
|turn|26
|
|t:|1661874530
|move|p1a: Mew|Taunt|p2a: Pp🤏
|-start|p2a: Pp🤏|move: Taunt
|move|p2a: Pp🤏|Ice Beam|p1a: Mew
|-damage|p1a: Mew|28/100
|
|-heal|p1a: Mew|35/100|[from] item: Leftovers
|upkeep
|turn|27
|
|t:|1661874533
|move|p1a: Mew|Stored Power|p2a: Pp🤏
|-damage|p2a: Pp🤏|38/100
|move|p2a: Pp🤏|Ice Beam|p1a: Mew
|-damage|p1a: Mew|22/100
|
|-heal|p1a: Mew|28/100|[from] item: Leftovers
|upkeep
|turn|28
|
|t:|1661874536
|move|p1a: Mew|Stored Power|p2a: Pp🤏
|-damage|p2a: Pp🤏|29/100
|move|p2a: Pp🤏|Ice Beam|p1a: Mew
|-damage|p1a: Mew|15/100
|
|-heal|p1a: Mew|22/100|[from] item: Leftovers
|-end|p2a: Pp🤏|move: Taunt
|upkeep
|turn|29
|
|t:|1661874540
|move|p1a: Mew|Stored Power|p2a: Pp🤏
|-damage|p2a: Pp🤏|19/100
|move|p2a: Pp🤏|Ice Beam|p1a: Mew
|-damage|p1a: Mew|9/100
|
|-heal|p1a: Mew|15/100|[from] item: Leftovers
|upkeep
|turn|30
|
|t:|1661874546
|move|p1a: Mew|Taunt|p2a: Pp🤏
|-start|p2a: Pp🤏|move: Taunt
|cant|p2a: Pp🤏|move: Taunt|Trick Room
|
|-heal|p1a: Mew|21/100|[from] item: Leftovers
|upkeep
|turn|31
|
|t:|1661874549
|move|p1a: Mew|Stored Power|p2a: Pp🤏
|-damage|p2a: Pp🤏|9/100
|move|p2a: Pp🤏|Ice Beam|p1a: Mew
|-damage|p1a: Mew|9/100
|
|-heal|p1a: Mew|15/100|[from] item: Leftovers
|upkeep
|turn|32
|
|t:|1661874554
|switch|p1a: Darmanitan|Darmanitan, F|100/100
|move|p2a: Pp🤏|Ice Beam|p1a: Darmanitan
|-resisted|p1a: Darmanitan
|-damage|p1a: Darmanitan|83/100
|
|-end|p2a: Pp🤏|move: Taunt
|upkeep
|turn|33
|
|t:|1661874559
|move|p1a: Darmanitan|Substitute|p1a: Darmanitan
|-start|p1a: Darmanitan|Substitute
|-damage|p1a: Darmanitan|58/100
|move|p2a: Pp🤏|Ice Beam|p1a: Darmanitan
|-resisted|p1a: Darmanitan
|-activate|p1a: Darmanitan|move: Substitute|[damage]
|
|upkeep
|turn|34
|
|t:|1661874572
|move|p1a: Darmanitan|Fire Punch|p2a: Pp🤏
|-damage|p2a: Pp🤏|0 fnt
|faint|p2a: Pp🤏
|
|upkeep
|
|t:|1661874579
|switch|p2a: ONG Bruh 🤑|Slowbro, M|100/100 brn
|turn|35
|
|t:|1661874589
|move|p1a: Darmanitan|Belly Drum|p1a: Darmanitan
|-damage|p1a: Darmanitan|8/100
|-setboost|p1a: Darmanitan|atk|6|[from] move: Belly Drum
|-enditem|p1a: Darmanitan|Salac Berry|[eat]
|-boost|p1a: Darmanitan|spe|1|[from] item: Salac Berry
|move|p2a: ONG Bruh 🤑|Future Sight|p1a: Darmanitan
|-start|p2a: ONG Bruh 🤑|move: Future Sight
|
|-damage|p2a: ONG Bruh 🤑|94/100 brn|[from] brn
|upkeep
|turn|36
|
|t:|1661874604
|move|p1a: Darmanitan|Earthquake|p2a: ONG Bruh 🤑
|-damage|p2a: ONG Bruh 🤑|13/100 brn
|move|p2a: ONG Bruh 🤑|Trick Room|p2a: ONG Bruh 🤑
|-fieldstart|move: Trick Room|[of] p2a: ONG Bruh 🤑
|
|-damage|p2a: ONG Bruh 🤑|7/100 brn|[from] brn
|upkeep
|turn|37
|
|t:|1661874612
|move|p2a: ONG Bruh 🤑|Rain Dance|p2a: ONG Bruh 🤑
|-weather|RainDance
|move|p1a: Darmanitan|Earthquake|p2a: ONG Bruh 🤑
|-damage|p2a: ONG Bruh 🤑|0 fnt
|faint|p2a: ONG Bruh 🤑
|
|-weather|RainDance|[upkeep]
|-end|p1a: Darmanitan|move: Future Sight
|-end|p1a: Darmanitan|Substitute
|upkeep
|
|t:|1661874616
|switch|p2a: The Menace|Octillery, M|100/100
|turn|38
|
|t:|1661874622
|move|p2a: The Menace|Water Spout|p1a: Darmanitan
|-supereffective|p1a: Darmanitan
|-damage|p1a: Darmanitan|0 fnt
|faint|p1a: Darmanitan
|
|-weather|RainDance|[upkeep]
|upkeep
|-message|Forwards forfeited.
|
|win|Sliceofbread96
|raw|Forwards's rating: 1422 &rarr; <strong>1405</strong><br />(-17 for losing)
|raw|Sliceofbread96's rating: 1466 &rarr; <strong>1483</strong><br />(+17 for winning)
|l|☆Forwards
