|j|☆8balljacketguy
|j|☆jeff325.
|t:|1630733174
|gametype|singles
|player|p1|8balljacketguy|red|1212
|player|p2|jeff325.|silver|1200
|teamsize|p1|6
|teamsize|p2|6
|gen|8
|tier|[Gen 8] OU
|rated|
|rule|Sleep Clause Mod: Limit one foe put to sleep
|rule|Species Clause: Limit one of each Pokémon
|rule|OHKO Clause: OHKO moves are banned
|rule|Evasion Moves Clause: Evasion moves are banned
|rule|Endless Battle Clause: Forcing endless battles is banned
|rule|HP Percentage Mod: HP is shown in percentages
|rule|Dynamax Clause: You cannot dynamax
|clearpoke
|poke|p1|Weavile, M|
|poke|p1|Landorus-Therian, M|
|poke|p1|Tapu Fini|
|poke|p1|Magnezone|
|poke|p1|Dragapult, F|
|poke|p1|Volcarona, F|
|poke|p2|Aurorus, F|
|poke|p2|Grimmsnarl, M|
|poke|p2|Nidoking, M|
|poke|p2|Zapdos|
|poke|p2|Virizion|
|poke|p2|Centiskorch, M|
|teampreview
|inactive|Battle timer is ON: inactive players will automatically lose when time's up. (requested by 8balljacketguy)
|
|t:|1630733187
|start
|switch|p1a: Magnezone|Magnezone|100/100
|switch|p2a: Aurorus|Aurorus, F, shiny|100/100
|turn|1
|
|t:|1630733196
|move|p2a: Aurorus|Earth Power|p1a: Magnezone
|-supereffective|p1a: Magnezone
|-damage|p1a: Magnezone|0 fnt
|faint|p1a: Magnezone
|
|upkeep
|
|t:|1630733202
|switch|p1a: Landorus|Landorus-Therian, M, shiny|100/100
|-ability|p1a: Landorus|Intimidate|boost
|-unboost|p2a: Aurorus|atk|1
|turn|2
|
|t:|1630733208
|switch|p2a: Zapdos|Zapdos|100/100
|move|p1a: Landorus|Toxic|p2a: Zapdos
|-status|p2a: Zapdos|tox
|
|-damage|p2a: Zapdos|94/100 tox|[from] psn
|upkeep
|turn|3
|
|t:|1630733217
|switch|p2a: Aurorus|Aurorus, F, shiny|100/100
|move|p1a: Landorus|U-turn|p2a: Aurorus
|-damage|p2a: Aurorus|73/100
|
|t:|1630733229
|switch|p1a: Tapu Fini|Tapu Fini, shiny|100/100|[from]move: U-turn
|-fieldstart|move: Misty Terrain|[from] ability: Misty Surge|[of] p1a: Tapu Fini
|
|upkeep
|turn|4
|
|t:|1630733235
|move|p2a: Aurorus|Freeze-Dry|p1a: Tapu Fini
|-supereffective|p1a: Tapu Fini
|-damage|p1a: Tapu Fini|49/100
|move|p1a: Tapu Fini|Calm Mind|p1a: Tapu Fini
|-boost|p1a: Tapu Fini|spa|1
|-boost|p1a: Tapu Fini|spd|1
|
|-heal|p1a: Tapu Fini|55/100|[from] item: Leftovers
|upkeep
|turn|5
|
|t:|1630733245
|switch|p2a: Virizion|Virizion|100/100
|move|p1a: Tapu Fini|Draining Kiss|p2a: Virizion
|-supereffective|p2a: Virizion
|-damage|p2a: Virizion|56/100
|-heal|p1a: Tapu Fini|87/100|[from] drain|[of] p2a: Virizion
|
|-heal|p1a: Tapu Fini|93/100|[from] item: Leftovers
|upkeep
|turn|6
|
|t:|1630733255
|switch|p1a: Volcarona|Volcarona, F|100/100
|move|p2a: Virizion|Leaf Blade|p1a: Volcarona
|-resisted|p1a: Volcarona
|-damage|p1a: Volcarona|84/100
|
|upkeep
|turn|7
|
|t:|1630733262
|switch|p2a: Zapdos|Zapdos|94/100 tox
|move|p1a: Volcarona|Quiver Dance|p1a: Volcarona
|-boost|p1a: Volcarona|spa|1
|-boost|p1a: Volcarona|spd|1
|-boost|p1a: Volcarona|spe|1
|
|-damage|p2a: Zapdos|88/100 tox|[from] psn
|-fieldend|Misty Terrain
|upkeep
|turn|8
|
|t:|1630733272
|move|p1a: Volcarona|Quiver Dance|p1a: Volcarona
|-boost|p1a: Volcarona|spa|1
|-boost|p1a: Volcarona|spd|1
|-boost|p1a: Volcarona|spe|1
|move|p2a: Zapdos|Whirlwind|p1a: Volcarona
|drag|p1a: Weavile|Weavile, M|100/100
|-ability|p1a: Weavile|Pressure
|
|-damage|p2a: Zapdos|75/100 tox|[from] psn
|upkeep
|turn|9
|
|t:|1630733287
|switch|p2a: Centiskorch|Centiskorch, M|100/100
|move|p1a: Weavile|Icicle Crash|p2a: Centiskorch
|-resisted|p2a: Centiskorch
|-damage|p2a: Centiskorch|56/100
|
|upkeep
|turn|10
|
|t:|1630733296
|switch|p1a: Volcarona|Volcarona, F|84/100
|move|p2a: Centiskorch|Fire Lash|p1a: Volcarona
|-damage|p1a: Volcarona|28/100
|-unboost|p1a: Volcarona|def|1
|
|upkeep
|turn|11
|
|t:|1630733306
|switch|p1a: Landorus|Landorus-Therian, M, shiny|100/100
|-ability|p1a: Landorus|Intimidate|boost
|-unboost|p2a: Centiskorch|atk|1
|move|p2a: Centiskorch|Fire Lash|p1a: Landorus
|-damage|p1a: Landorus|73/100
|-unboost|p1a: Landorus|def|1
|
|-heal|p1a: Landorus|80/100|[from] item: Leftovers
|upkeep
|turn|12
|
|t:|1630733320
|switch|p2a: Virizion|Virizion|56/100
|move|p1a: Landorus|U-turn|p2a: Virizion
|-damage|p2a: Virizion|26/100
|
|t:|1630733326
|switch|p1a: Volcarona|Volcarona, F|28/100|[from]move: U-turn
|
|upkeep
|turn|13
|
|t:|1630733334
|move|p2a: Virizion|Quick Attack|p1a: Volcarona
|-damage|p1a: Volcarona|6/100
|-status|p2a: Virizion|brn|[from] ability: Flame Body|[of] p1a: Volcarona
|move|p1a: Volcarona|Roost|p1a: Volcarona
|-heal|p1a: Volcarona|56/100
|-singleturn|p1a: Volcarona|move: Roost
|
|-damage|p2a: Virizion|20/100 brn|[from] brn
|upkeep
|turn|14
|
|t:|1630733346
|switch|p2a: Aurorus|Aurorus, F, shiny|73/100
|move|p1a: Volcarona|Roost|p1a: Volcarona
|-heal|p1a: Volcarona|100/100
|-singleturn|p1a: Volcarona|move: Roost
|
|upkeep
|turn|15
|
|t:|1630733355
|switch|p1a: Tapu Fini|Tapu Fini, shiny|93/100
|-fieldstart|move: Misty Terrain|[from] ability: Misty Surge|[of] p1a: Tapu Fini
|move|p2a: Aurorus|Ancient Power|p1a: Tapu Fini
|-damage|p1a: Tapu Fini|73/100
|
|-heal|p1a: Tapu Fini|80/100|[from] item: Leftovers
|upkeep
|turn|16
|
|t:|1630733365
|switch|p2a: Nidoking|Nidoking, M|100/100
|move|p1a: Tapu Fini|Taunt|p2a: Nidoking
|-start|p2a: Nidoking|move: Taunt
|
|-heal|p1a: Tapu Fini|86/100|[from] item: Leftovers
|upkeep
|turn|17
|
|t:|1630733379
|move|p2a: Nidoking|Ice Beam|p1a: Tapu Fini
|-resisted|p1a: Tapu Fini
|-damage|p1a: Tapu Fini|73/100
|move|p1a: Tapu Fini|Scald|p2a: Nidoking
|-supereffective|p2a: Nidoking
|-damage|p2a: Nidoking|19/100
|
|-heal|p1a: Tapu Fini|79/100|[from] item: Leftovers
|upkeep
|turn|18
|
|t:|1630733388
|move|p2a: Nidoking|Sludge Wave|p1a: Tapu Fini
|-supereffective|p1a: Tapu Fini
|-crit|p1a: Tapu Fini
|-damage|p1a: Tapu Fini|0 fnt
|faint|p1a: Tapu Fini
|
|-end|p2a: Nidoking|move: Taunt
|upkeep
|
|t:|1630733392
|switch|p1a: Weavile|Weavile, M|100/100
|-ability|p1a: Weavile|Pressure
|turn|19
|
|t:|1630733405
|switch|p2a: Virizion|Virizion|20/100 brn
|move|p1a: Weavile|Icicle Crash|p2a: Virizion
|-supereffective|p2a: Virizion
|-damage|p2a: Virizion|0 fnt
|faint|p2a: Virizion
|
|-fieldend|Misty Terrain
|upkeep
|
|t:|1630733419
|switch|p2a: Grimmsnarl|Grimmsnarl, M|100/100
|-item|p1a: Weavile|Choice Band|[from] ability: Frisk|[of] p2a: Grimmsnarl|[identify]
|turn|20
|
|t:|1630733426
|switch|p1a: Landorus|Landorus-Therian, M, shiny|80/100
|-ability|p1a: Landorus|Intimidate|boost
|-unboost|p2a: Grimmsnarl|atk|1
|move|p2a: Grimmsnarl|Drain Punch|p1a: Landorus
|-resisted|p1a: Landorus
|-damage|p1a: Landorus|70/100
|
|-heal|p1a: Landorus|76/100|[from] item: Leftovers
|upkeep
|turn|21
|
|t:|1630733438
|switch|p2a: Zapdos|Zapdos|75/100 tox
|move|p1a: Landorus|Earthquake|p2a: Zapdos
|-immune|p2a: Zapdos
|
|-heal|p1a: Landorus|82/100|[from] item: Leftovers
|-damage|p2a: Zapdos|69/100 tox|[from] psn
|upkeep
|turn|22
|
|t:|1630733450
|move|p2a: Zapdos|Hurricane|p1a: Landorus
|-damage|p1a: Landorus|34/100
|-start|p1a: Landorus|confusion
|-activate|p1a: Landorus|confusion
|-damage|p1a: Landorus|21/100|[from] confusion
|
|-heal|p1a: Landorus|28/100|[from] item: Leftovers
|-damage|p2a: Zapdos|57/100 tox|[from] psn
|upkeep
|turn|23
|
|t:|1630733463
|move|p2a: Zapdos|Hurricane|p1a: Landorus
|-damage|p1a: Landorus|0 fnt
|faint|p1a: Landorus
|
|-damage|p2a: Zapdos|38/100 tox|[from] psn
|upkeep
|
|t:|1630733468
|switch|p1a: Weavile|Weavile, M|100/100
|-ability|p1a: Weavile|Pressure
|turn|24
|
|t:|1630733480
|move|p1a: Weavile|Icicle Crash|p2a: Zapdos
|-supereffective|p2a: Zapdos
|-damage|p2a: Zapdos|0 fnt
|faint|p2a: Zapdos
|
|upkeep
|
|t:|1630733486
|switch|p2a: Centiskorch|Centiskorch, M|56/100
|turn|25
|
|t:|1630733492
|switch|p1a: Dragapult|Dragapult, F, shiny|100/100
|move|p2a: Centiskorch|Knock Off|p1a: Dragapult
|-supereffective|p1a: Dragapult
|-damage|p1a: Dragapult|3/100
|-enditem|p1a: Dragapult|Choice Band|[from] move: Knock Off|[of] p2a: Centiskorch
|
|upkeep
|turn|26
|
|t:|1630733502
|switch|p2a: Nidoking|Nidoking, M|19/100
|move|p1a: Dragapult|Dragon Darts|p2a: Nidoking
|-damage|p2a: Nidoking|0 fnt
|faint|p2a: Nidoking
|
|upkeep
|
|t:|1630733510
|switch|p2a: Grimmsnarl|Grimmsnarl, M|100/100
|turn|27
|
|t:|1630733518
|move|p1a: Dragapult|U-turn|p2a: Grimmsnarl
|-damage|p2a: Grimmsnarl|67/100
|
|t:|1630733524
|switch|p1a: Weavile|Weavile, M|100/100|[from]move: U-turn
|-ability|p1a: Weavile|Pressure
|move|p2a: Grimmsnarl|Darkest Lariat|p1a: Weavile
|-resisted|p1a: Weavile
|-damage|p1a: Weavile|56/100
|
|upkeep
|turn|28
|
|t:|1630733541
|switch|p2a: Centiskorch|Centiskorch, M|56/100
|move|p1a: Weavile|Poison Jab|p2a: Centiskorch
|-damage|p2a: Centiskorch|0 fnt
|faint|p2a: Centiskorch
|
|upkeep
|
|t:|1630733549
|switch|p2a: Aurorus|Aurorus, F, shiny|73/100
|turn|29
|
|t:|1630733554
|switch|p1a: Dragapult|Dragapult, F, shiny|3/100
|move|p2a: Aurorus|Ancient Power|p1a: Dragapult
|-damage|p1a: Dragapult|0 fnt
|faint|p1a: Dragapult
|
|upkeep
|
|t:|1630733565
|switch|p1a: Weavile|Weavile, M|56/100
|-ability|p1a: Weavile|Pressure
|turn|30
|
|t:|1630733574
|move|p2a: Aurorus|Ancient Power|p1a: Weavile
|-supereffective|p1a: Weavile
|-damage|p1a: Weavile|0 fnt
|faint|p1a: Weavile
|
|upkeep
|
|t:|1630733576
|switch|p1a: Volcarona|Volcarona, F|100/100
|turn|31
|
|t:|1630733585
|move|p2a: Aurorus|Ancient Power|p1a: Volcarona
|-supereffective|p1a: Volcarona
|-damage|p1a: Volcarona|3/100
|move|p1a: Volcarona|Quiver Dance|p1a: Volcarona
|-boost|p1a: Volcarona|spa|1
|-boost|p1a: Volcarona|spd|1
|-boost|p1a: Volcarona|spe|1
|
|upkeep
|turn|32
|
|t:|1630733593
|move|p1a: Volcarona|Fiery Dance|p2a: Aurorus
|-damage|p2a: Aurorus|24/100
|move|p2a: Aurorus|Ancient Power|p1a: Volcarona
|-supereffective|p1a: Volcarona
|-damage|p1a: Volcarona|0 fnt
|faint|p1a: Volcarona
|
|win|jeff325.
|raw|8balljacketguy's rating: 1212 &rarr; <strong>1186</strong><br />(-26 for losing)
|raw|jeff325.'s rating: 1200 &rarr; <strong>1226</strong><br />(+26 for winning)
|c|☆8balljacketguy|Wowwww
|c|☆8balljacketguy|Gg
|c|☆jeff325.|Gg
|c|☆jeff325.|:)
