|j|☆irgendwasmitmeeem
|j|‽okaybears
|t:|1660317747
|gametype|singles
|player|p1|irgendwasmitmeeem|may-masters|1715
|player|p2|okaybears|169|1640
|teamsize|p1|6
|teamsize|p2|6
|gen|8
|tier|[Gen 8] OU
|rated|
|rule|Sleep Clause Mod: Limit one foe put to sleep
|rule|Species Clause: Limit one of each Pokémon
|rule|OHKO Clause: OHKO moves are banned
|rule|Evasion Items Clause: Evasion items are banned
|rule|Evasion Moves Clause: Evasion moves are banned
|rule|Endless Battle Clause: Forcing endless battles is banned
|rule|HP Percentage Mod: HP is shown in percentages
|rule|Dynamax Clause: You cannot dynamax
|clearpoke
|poke|p1|Tapu Lele|
|poke|p1|Tapu Fini|
|poke|p1|Tapu Bulu|
|poke|p1|Tapu Koko|
|poke|p1|Heatran, M|
|poke|p1|Landorus-Therian, M|
|poke|p2|Clefable, F|
|poke|p2|Dragonite, F|
|poke|p2|Pelipper, F|
|poke|p2|Urshifu-*, F|
|poke|p2|Landorus-Therian, M|
|poke|p2|Ferrothorn, M|
|teampreview
|
|t:|1660317764
|start
|switch|p1a: Roadrunner|Tapu Koko, shiny|100/100
|switch|p2a: Landorus|Landorus-Therian, M|100/100
|-fieldstart|move: Electric Terrain|[from] ability: Electric Surge|[of] p1a: Roadrunner
|-ability|p2a: Landorus|Intimidate|boost
|-unboost|p1a: Roadrunner|atk|1
|turn|1
|inactive|Battle timer is ON: inactive players will automatically lose when time's up. (requested by irgendwasmitmeeem)
|
|t:|1660317770
|move|p1a: Roadrunner|U-turn|p2a: Landorus
|-resisted|p2a: Landorus
|-damage|p2a: Landorus|96/100
|
|t:|1660317772
|switch|p1a: Enten|Landorus-Therian, M, shiny|100/100|[from]move: U-turn
|-ability|p1a: Enten|Intimidate|boost
|-unboost|p2a: Landorus|atk|1
|move|p2a: Landorus|U-turn|p1a: Enten
|-resisted|p1a: Enten
|-damage|p1a: Enten|95/100
|
|t:|1660317776
|switch|p2a: Urshifu|Urshifu-Rapid-Strike, F|100/100|[from]move: U-turn
|
|-heal|p1a: Enten|100/100|[from] item: Leftovers
|upkeep
|turn|2
|
|t:|1660317782
|switch|p1a: Saruman|Tapu Fini, shiny|100/100
|-fieldstart|move: Misty Terrain|[from] ability: Misty Surge|[of] p1a: Saruman
|move|p2a: Urshifu|Surging Strikes|p1a: Saruman
|-resisted|p1a: Saruman
|-crit|p1a: Saruman
|-damage|p1a: Saruman|90/100
|-resisted|p1a: Saruman
|-crit|p1a: Saruman
|-damage|p1a: Saruman|79/100
|-resisted|p1a: Saruman
|-crit|p1a: Saruman
|-damage|p1a: Saruman|68/100
|-hitcount|p1a: Saruman|3
|
|upkeep
|turn|3
|
|t:|1660317786
|switch|p1a: VulcanoKid|Heatran, M, shiny|100/100
|switch|p2a: Ferrothorn|Ferrothorn, M|100/100
|
|upkeep
|turn|4
|
|t:|1660317789
|switch|p2a: Pelipper|Pelipper, F|100/100
|-weather|RainDance|[from] ability: Drizzle|[of] p2a: Pelipper
|move|p1a: VulcanoKid|Magma Storm|p2a: Pelipper
|-resisted|p2a: Pelipper
|-damage|p2a: Pelipper|73/100
|-activate|p2a: Pelipper|move: Magma Storm|[of] p1a: VulcanoKid
|
|-weather|RainDance|[upkeep]
|-damage|p2a: Pelipper|61/100|[from] move: Magma Storm|[partiallytrapped]
|upkeep
|turn|5
|
|t:|1660317797
|switch|p1a: Roadrunner|Tapu Koko, shiny|100/100
|-fieldstart|move: Electric Terrain|[from] ability: Electric Surge|[of] p1a: Roadrunner
|move|p2a: Pelipper|Weather Ball|p1a: Roadrunner
|-damage|p1a: Roadrunner|0 fnt
|faint|p1a: Roadrunner
|
|-weather|RainDance|[upkeep]
|-end|p2a: Pelipper|Magma Storm|[partiallytrapped]|[silent]
|upkeep
|
|t:|1660317801
|switch|p1a: VulcanoKid|Heatran, M, shiny|100/100
|turn|6
|
|t:|1660317805
|switch|p2a: Clefable|Clefable, F|100/100
|move|p1a: VulcanoKid|Nature Power|p2a: Clefable
|move|p1a: VulcanoKid|Thunderbolt|p2a: Clefable|[from]move: Nature Power
|-damage|p2a: Clefable|57/100
|-status|p2a: Clefable|par
|
|-weather|RainDance|[upkeep]
|-heal|p2a: Clefable|63/100 par|[from] item: Leftovers
|upkeep
|turn|7
|
|t:|1660317815
|switch|p2a: Landorus|Landorus-Therian, M|96/100
|-ability|p2a: Landorus|Intimidate|boost
|-unboost|p1a: VulcanoKid|atk|1
|move|p1a: VulcanoKid|Magma Storm|p2a: Landorus
|-damage|p2a: Landorus|68/100
|-activate|p2a: Landorus|move: Magma Storm|[of] p1a: VulcanoKid
|
|-weather|RainDance|[upkeep]
|-heal|p2a: Landorus|75/100|[from] item: Leftovers
|-damage|p2a: Landorus|62/100|[from] move: Magma Storm|[partiallytrapped]
|upkeep
|turn|8
|
|t:|1660317824
|switch|p1a: Saruman|Tapu Fini, shiny|68/100
|-fieldstart|move: Misty Terrain|[from] ability: Misty Surge|[of] p1a: Saruman
|move|p2a: Landorus|U-turn|p1a: Saruman
|-resisted|p1a: Saruman
|-damage|p1a: Saruman|57/100
|
|t:|1660317832
|switch|p2a: Ferrothorn|Ferrothorn, M|100/100|[from]move: U-turn
|
|-weather|none
|upkeep
|turn|9
|
|t:|1660317837
|switch|p1a: VulcanoKid|Heatran, M, shiny|100/100
|move|p2a: Ferrothorn|Gyro Ball|p1a: VulcanoKid
|-resisted|p1a: VulcanoKid
|-damage|p1a: VulcanoKid|88/100
|
|-heal|p1a: VulcanoKid|95/100|[from] item: Leftovers
|upkeep
|turn|10
|
|t:|1660317850
|switch|p2a: Clefable|Clefable, F|63/100 par
|move|p1a: VulcanoKid|Nature Power|p2a: Clefable
|move|p1a: VulcanoKid|Moonblast|p2a: Clefable|[from]move: Nature Power
|-damage|p2a: Clefable|27/100 par
|
|-heal|p1a: VulcanoKid|100/100|[from] item: Leftovers
|-heal|p2a: Clefable|33/100 par|[from] item: Leftovers
|upkeep
|turn|11
|
|t:|1660317854
|move|p1a: VulcanoKid|Nature Power|p2a: Clefable
|move|p1a: VulcanoKid|Moonblast|p2a: Clefable|[from]move: Nature Power
|-damage|p2a: Clefable|0 fnt
|faint|p2a: Clefable
|
|upkeep
|
|t:|1660317858
|switch|p2a: Urshifu|Urshifu-Rapid-Strike, F|100/100
|turn|12
|
|t:|1660317863
|switch|p1a: Saruman|Tapu Fini, shiny|57/100
|move|p2a: Urshifu|Close Combat|p1a: Saruman
|-resisted|p1a: Saruman
|-damage|p1a: Saruman|23/100
|-unboost|p2a: Urshifu|def|1
|-unboost|p2a: Urshifu|spd|1
|
|-fieldend|Misty Terrain
|upkeep
|turn|13
|
|t:|1660317875
|switch|p1a: VulcanoKid|Heatran, M, shiny|100/100
|switch|p2a: Ferrothorn|Ferrothorn, M|100/100
|
|upkeep
|turn|14
|
|t:|1660317881
|switch|p2a: Dragonite|Dragonite, F|100/100
|move|p1a: VulcanoKid|Magma Storm|p2a: Dragonite
|-resisted|p2a: Dragonite
|-damage|p2a: Dragonite|88/100
|-activate|p2a: Dragonite|move: Magma Storm|[of] p1a: VulcanoKid
|
|-damage|p2a: Dragonite|76/100|[from] move: Magma Storm|[partiallytrapped]
|upkeep
|turn|15
|
|t:|1660317890
|switch|p1a: Enten|Landorus-Therian, M, shiny|100/100
|-ability|p1a: Enten|Intimidate|boost
|-unboost|p2a: Dragonite|atk|1
|move|p2a: Dragonite|Roost|p2a: Dragonite
|-heal|p2a: Dragonite|100/100
|-singleturn|p2a: Dragonite|move: Roost
|
|-end|p2a: Dragonite|Magma Storm|[partiallytrapped]|[silent]
|upkeep
|turn|16
|
|t:|1660317893
|move|p2a: Dragonite|Surf|p1a: Enten
|-supereffective|p1a: Enten
|-damage|p1a: Enten|58/100
|move|p1a: Enten|Toxic|p2a: Dragonite|[miss]
|-miss|p1a: Enten|p2a: Dragonite
|
|-heal|p1a: Enten|64/100|[from] item: Leftovers
|upkeep
|turn|17
|
|t:|1660317898
|move|p2a: Dragonite|Surf|p1a: Enten
|-supereffective|p1a: Enten
|-damage|p1a: Enten|18/100
|move|p1a: Enten|Toxic|p2a: Dragonite
|-status|p2a: Dragonite|tox
|
|-heal|p1a: Enten|24/100|[from] item: Leftovers
|-damage|p2a: Dragonite|94/100 tox|[from] psn
|upkeep
|turn|18
|
|t:|1660317906
|move|p2a: Dragonite|Heal Bell|p2a: Dragonite
|-activate|p2a: Dragonite|move: Heal Bell
|-curestatus|p2a: Dragonite|tox|[msg]
|move|p1a: Enten|Stealth Rock|p2a: Dragonite
|-sidestart|p2: okaybears|move: Stealth Rock
|
|-heal|p1a: Enten|30/100|[from] item: Leftovers
|upkeep
|turn|19
|
|t:|1660317911
|move|p2a: Dragonite|Hurricane|p1a: Enten|[miss]
|-miss|p2a: Dragonite|p1a: Enten
|move|p1a: Enten|U-turn|p2a: Dragonite
|-resisted|p2a: Dragonite
|-damage|p2a: Dragonite|87/100
|
|t:|1660317923
|switch|p1a: Psychokinese|Tapu Lele, shiny|100/100|[from]move: U-turn
|-fieldstart|move: Psychic Terrain|[from] ability: Psychic Surge|[of] p1a: Psychokinese
|
|upkeep
|turn|20
|
|t:|1660317931
|switch|p2a: Pelipper|Pelipper, F|61/100
|-damage|p2a: Pelipper|36/100|[from] Stealth Rock
|-weather|RainDance|[from] ability: Drizzle|[of] p2a: Pelipper
|move|p1a: Psychokinese|Moonblast|p2a: Pelipper
|-damage|p2a: Pelipper|0 fnt
|faint|p2a: Pelipper
|
|-weather|RainDance|[upkeep]
|upkeep
|
|t:|1660317933
|switch|p2a: Ferrothorn|Ferrothorn, M|100/100
|-damage|p2a: Ferrothorn|94/100|[from] Stealth Rock
|turn|21
|
|t:|1660317943
|switch|p1a: VulcanoKid|Heatran, M, shiny|100/100
|move|p2a: Ferrothorn|Gyro Ball|p1a: VulcanoKid
|-resisted|p1a: VulcanoKid
|-damage|p1a: VulcanoKid|88/100
|
|-weather|RainDance|[upkeep]
|-heal|p1a: VulcanoKid|95/100|[from] item: Leftovers
|-heal|p2a: Ferrothorn|100/100|[from] item: Leftovers
|upkeep
|turn|22
|
|t:|1660317950
|move|p2a: Ferrothorn|Protect|p2a: Ferrothorn
|-singleturn|p2a: Ferrothorn|Protect
|move|p1a: VulcanoKid|Nature Power|p2a: Ferrothorn
|move|p1a: VulcanoKid|Psychic|p2a: Ferrothorn|[from]move: Nature Power
|-activate|p2a: Ferrothorn|move: Protect
|
|-weather|RainDance|[upkeep]
|-heal|p1a: VulcanoKid|100/100|[from] item: Leftovers
|upkeep
|turn|23
|
|t:|1660317956
|switch|p2a: Landorus|Landorus-Therian, M|62/100
|-damage|p2a: Landorus|50/100|[from] Stealth Rock
|-ability|p2a: Landorus|Intimidate|boost
|-unboost|p1a: VulcanoKid|atk|1
|move|p1a: VulcanoKid|Magma Storm|p2a: Landorus
|-damage|p2a: Landorus|19/100
|-activate|p2a: Landorus|move: Magma Storm|[of] p1a: VulcanoKid
|
|-weather|RainDance|[upkeep]
|-heal|p2a: Landorus|26/100|[from] item: Leftovers
|-damage|p2a: Landorus|13/100|[from] move: Magma Storm|[partiallytrapped]
|-fieldend|move: Psychic Terrain
|upkeep
|turn|24
|
|t:|1660317978
|move|p1a: VulcanoKid|Nature Power|p2a: Landorus
|move|p1a: VulcanoKid|Tri Attack|p2a: Landorus|[from]move: Nature Power
|-damage|p2a: Landorus|0 fnt
|faint|p2a: Landorus
|
|-weather|none
|upkeep
|
|t:|1660317983
|switch|p2a: Urshifu|Urshifu-Rapid-Strike, F|100/100
|-damage|p2a: Urshifu|94/100|[from] Stealth Rock
|turn|25
|
|t:|1660317989
|switch|p1a: Hufflepuff|Tapu Bulu, shiny|100/100
|-fieldstart|move: Grassy Terrain|[from] ability: Grassy Surge|[of] p1a: Hufflepuff
|move|p2a: Urshifu|Surging Strikes|p1a: Hufflepuff
|-resisted|p1a: Hufflepuff
|-crit|p1a: Hufflepuff
|-damage|p1a: Hufflepuff|89/100
|-resisted|p1a: Hufflepuff
|-crit|p1a: Hufflepuff
|-damage|p1a: Hufflepuff|79/100
|-resisted|p1a: Hufflepuff
|-crit|p1a: Hufflepuff
|-damage|p1a: Hufflepuff|69/100
|-hitcount|p1a: Hufflepuff|3
|
|-heal|p2a: Urshifu|100/100|[from] Grassy Terrain
|-heal|p1a: Hufflepuff|75/100|[from] Grassy Terrain
|upkeep
|turn|26
|
|t:|1660317994
|move|p2a: Urshifu|U-turn|p1a: Hufflepuff
|-damage|p1a: Hufflepuff|48/100
|
|t:|1660317997
|switch|p2a: Dragonite|Dragonite, F|87/100|[from]move: U-turn
|move|p1a: Hufflepuff|Close Combat|p2a: Dragonite
|-resisted|p2a: Dragonite
|-damage|p2a: Dragonite|61/100
|-unboost|p1a: Hufflepuff|def|1
|-unboost|p1a: Hufflepuff|spd|1
|
|-heal|p1a: Hufflepuff|54/100|[from] Grassy Terrain
|upkeep
|turn|27
|
|t:|1660318003
|switch|p1a: Psychokinese|Tapu Lele, shiny|100/100
|-fieldstart|move: Psychic Terrain|[from] ability: Psychic Surge|[of] p1a: Psychokinese
|move|p2a: Dragonite|Roost|p2a: Dragonite
|-heal|p2a: Dragonite|100/100
|-singleturn|p2a: Dragonite|move: Roost
|
|upkeep
|turn|28
|
|t:|1660318008
|move|p2a: Dragonite|Roost||[still]
|-fail|p2a: Dragonite|heal
|move|p1a: Psychokinese|Psychic|p2a: Dragonite
|-damage|p2a: Dragonite|59/100
|
|upkeep
|turn|29
|
|t:|1660318014
|move|p2a: Dragonite|Roost|p2a: Dragonite
|-heal|p2a: Dragonite|100/100
|-singleturn|p2a: Dragonite|move: Roost
|move|p1a: Psychokinese|Psychic|p2a: Dragonite
|-damage|p2a: Dragonite|59/100
|
|upkeep
|turn|30
|
|t:|1660318017
|move|p2a: Dragonite|Roost|p2a: Dragonite
|-heal|p2a: Dragonite|100/100
|-singleturn|p2a: Dragonite|move: Roost
|move|p1a: Psychokinese|Psychic|p2a: Dragonite
|-damage|p2a: Dragonite|54/100
|
|upkeep
|turn|31
|
|t:|1660318020
|move|p2a: Dragonite|Roost|p2a: Dragonite
|-heal|p2a: Dragonite|100/100
|-singleturn|p2a: Dragonite|move: Roost
|move|p1a: Psychokinese|Psychic|p2a: Dragonite
|-damage|p2a: Dragonite|52/100
|
|-fieldend|move: Psychic Terrain
|upkeep
|turn|32
|
|t:|1660318026
|move|p2a: Dragonite|Roost|p2a: Dragonite
|-heal|p2a: Dragonite|100/100
|-singleturn|p2a: Dragonite|move: Roost
|move|p1a: Psychokinese|Psychic|p2a: Dragonite
|-damage|p2a: Dragonite|64/100
|
|upkeep
|turn|33
|
|t:|1660318032
|switch|p2a: Ferrothorn|Ferrothorn, M|100/100
|-damage|p2a: Ferrothorn|94/100|[from] Stealth Rock
|move|p1a: Psychokinese|Psychic|p2a: Ferrothorn
|-resisted|p2a: Ferrothorn
|-damage|p2a: Ferrothorn|69/100
|-unboost|p2a: Ferrothorn|spd|1
|
|-heal|p2a: Ferrothorn|75/100|[from] item: Leftovers
|upkeep
|turn|34
|
|t:|1660318040
|switch|p1a: VulcanoKid|Heatran, M, shiny|100/100
|switch|p2a: Urshifu|Urshifu-Rapid-Strike, F|100/100
|-damage|p2a: Urshifu|94/100|[from] Stealth Rock
|
|upkeep
|turn|35
|
|t:|1660318046
|switch|p1a: Enten|Landorus-Therian, M, shiny|30/100
|-ability|p1a: Enten|Intimidate|boost
|-unboost|p2a: Urshifu|atk|1
|move|p2a: Urshifu|Surging Strikes|p1a: Enten
|-supereffective|p1a: Enten
|-crit|p1a: Enten
|-damage|p1a: Enten|0 fnt
|faint|p1a: Enten
|-hitcount|p1: Enten|1
|
|upkeep
|
|t:|1660318055
|switch|p1a: Hufflepuff|Tapu Bulu, shiny|54/100
|-fieldstart|move: Grassy Terrain|[from] ability: Grassy Surge|[of] p1a: Hufflepuff
|turn|36
|
|t:|1660318060
|move|p2a: Urshifu|U-turn|p1a: Hufflepuff
|-damage|p1a: Hufflepuff|36/100
|
|t:|1660318063
|switch|p2a: Dragonite|Dragonite, F|64/100|[from]move: U-turn
|move|p1a: Hufflepuff|Stone Edge|p2a: Dragonite
|-supereffective|p2a: Dragonite
|-damage|p2a: Dragonite|0 fnt
|faint|p2a: Dragonite
|
|-heal|p1a: Hufflepuff|42/100|[from] Grassy Terrain
|upkeep
|
|t:|1660318066
|switch|p2a: Urshifu|Urshifu-Rapid-Strike, F|94/100
|-damage|p2a: Urshifu|88/100|[from] Stealth Rock
|turn|37
|
|t:|1660318075
|move|p2a: Urshifu|Surging Strikes|p1a: Hufflepuff
|-resisted|p1a: Hufflepuff
|-crit|p1a: Hufflepuff
|-damage|p1a: Hufflepuff|32/100
|-resisted|p1a: Hufflepuff
|-crit|p1a: Hufflepuff
|-damage|p1a: Hufflepuff|22/100
|-resisted|p1a: Hufflepuff
|-crit|p1a: Hufflepuff
|-damage|p1a: Hufflepuff|11/100
|-hitcount|p1a: Hufflepuff|3
|move|p1a: Hufflepuff|Stone Edge|p2a: Urshifu
|-resisted|p2a: Urshifu
|-damage|p2a: Urshifu|61/100
|
|-heal|p2a: Urshifu|67/100|[from] Grassy Terrain
|-heal|p1a: Hufflepuff|17/100|[from] Grassy Terrain
|upkeep
|turn|38
|
|t:|1660318080
|move|p2a: Urshifu|Surging Strikes|p1a: Hufflepuff
|-resisted|p1a: Hufflepuff
|-crit|p1a: Hufflepuff
|-damage|p1a: Hufflepuff|6/100
|-resisted|p1a: Hufflepuff
|-crit|p1a: Hufflepuff
|-damage|p1a: Hufflepuff|0 fnt
|faint|p1a: Hufflepuff
|-hitcount|p1: Hufflepuff|2
|
|-heal|p2a: Urshifu|73/100|[from] Grassy Terrain
|upkeep
|
|t:|1660318083
|switch|p1a: Saruman|Tapu Fini, shiny|23/100
|-fieldstart|move: Misty Terrain|[from] ability: Misty Surge|[of] p1a: Saruman
|turn|39
|
|t:|1660318086
|switch|p1a: VulcanoKid|Heatran, M, shiny|100/100
|switch|p2a: Ferrothorn|Ferrothorn, M|75/100
|-damage|p2a: Ferrothorn|69/100|[from] Stealth Rock
|
|-heal|p2a: Ferrothorn|75/100|[from] item: Leftovers
|upkeep
|turn|40
|
|t:|1660318091
|move|p2a: Ferrothorn|Protect|p2a: Ferrothorn
|-singleturn|p2a: Ferrothorn|Protect
|move|p1a: VulcanoKid|Magma Storm|p2a: Ferrothorn
|-activate|p2a: Ferrothorn|move: Protect
|
|-heal|p2a: Ferrothorn|81/100|[from] item: Leftovers
|upkeep
|turn|41
|
|t:|1660318094
|switch|p2a: Urshifu|Urshifu-Rapid-Strike, F|73/100
|-damage|p2a: Urshifu|67/100|[from] Stealth Rock
|move|p1a: VulcanoKid|Nature Power|p2a: Urshifu
|move|p1a: VulcanoKid|Moonblast|p2a: Urshifu|[from]move: Nature Power
|-supereffective|p2a: Urshifu
|-damage|p2a: Urshifu|0 fnt
|faint|p2a: Urshifu
|
|upkeep
|
|t:|1660318099
|switch|p2a: Ferrothorn|Ferrothorn, M|81/100
|-damage|p2a: Ferrothorn|75/100|[from] Stealth Rock
|turn|42
|
|t:|1660318104
|move|p1a: VulcanoKid|Magma Storm|p2a: Ferrothorn
|-supereffective|p2a: Ferrothorn
|-damage|p2a: Ferrothorn|0 fnt
|faint|p2a: Ferrothorn
|
|win|irgendwasmitmeeem
|raw|irgendwasmitmeeem's rating: 1715 &rarr; <strong>1731</strong><br />(+16 for winning)
|raw|okaybears's rating: 1640 &rarr; <strong>1624</strong><br />(-16 for losing)
|l|‽okaybears
||Ladder isn't responding, score probably updated but might not have (Request timeout).
