|html|<div class="broadcast-blue"><strong>[Gen 8] OU is currently suspecting Melmetal! For information on how to participate check out the <a href="https://www.smogon.com/forums/threads/np-ss-ou-suspect-process-round-12-monster-mash.3709234/">suspect thread</a>.</strong></div>
|j|☆i know im horrible
|j|☆outdo me please
|t:|1666176079
|gametype|singles
|player|p1|i know im horrible|1|1461
|player|p2|outdo me please|preschooler|1413
|teamsize|p1|6
|teamsize|p2|6
|gen|8
|tier|[Gen 8] OU
|rated|
|rule|Sleep Clause Mod: Limit one foe put to sleep
|rule|Species Clause: Limit one of each Pokémon
|rule|OHKO Clause: OHKO moves are banned
|rule|Evasion Items Clause: Evasion items are banned
|rule|Evasion Moves Clause: Evasion moves are banned
|rule|Endless Battle Clause: Forcing endless battles is banned
|rule|HP Percentage Mod: HP is shown in percentages
|rule|Dynamax Clause: You cannot dynamax
|clearpoke
|poke|p1|Torkoal, M|
|poke|p1|Charizard, M|
|poke|p1|Landorus-Therian, M|
|poke|p1|Venusaur, F|
|poke|p1|Heatran, M|
|poke|p1|Slowbro, F|
|poke|p2|Primarina, M|
|poke|p2|Heatran, F|
|poke|p2|Ferrothorn, M|
|poke|p2|Landorus-Therian, M|
|poke|p2|Tapu Koko|
|poke|p2|Tornadus-Therian, M|
|teampreview
|
|t:|1666176106
|start
|switch|p1a: Torkoal|Torkoal, M|100/100
|switch|p2a: Primarina|Primarina, M|100/100
|-weather|SunnyDay|[from] ability: Drought|[of] p1a: Torkoal
|turn|1
|
|t:|1666176112
|switch|p1a: Venusaur|Venusaur, F|100/100
|move|p2a: Primarina|Hydro Pump|p1a: Venusaur
|-resisted|p1a: Venusaur
|-damage|p1a: Venusaur|76/100
|
|-weather|SunnyDay|[upkeep]
|upkeep
|turn|2
|
|t:|1666176125
|switch|p2a: Tornadus|Tornadus-Therian, M|100/100
|move|p1a: Venusaur|Growth|p1a: Venusaur
|-boost|p1a: Venusaur|atk|2
|-boost|p1a: Venusaur|spa|2
|
|-weather|SunnyDay|[upkeep]
|upkeep
|turn|3
|
|t:|1666176129
|move|p1a: Venusaur|Weather Ball|p2a: Tornadus
|-damage|p2a: Tornadus|0 fnt
|faint|p2a: Tornadus
|-damage|p1a: Venusaur|66/100|[from] item: Life Orb
|
|-weather|SunnyDay|[upkeep]
|upkeep
|j| Neutran
|
|t:|1666176138
|switch|p2a: Landorus|Landorus-Therian, M|100/100
|-ability|p2a: Landorus|Intimidate|boost
|-unboost|p1a: Venusaur|atk|1
|turn|4
|
|t:|1666176141
|switch|p2a: Heatran|Heatran, F|100/100
|move|p1a: Venusaur|Giga Drain|p2a: Heatran
|-resisted|p2a: Heatran
|-damage|p2a: Heatran|85/100
|-heal|p1a: Venusaur|76/100|[from] drain|[of] p2a: Heatran
|-damage|p1a: Venusaur|66/100|[from] item: Life Orb
|
|-weather|SunnyDay|[upkeep]
|-heal|p2a: Heatran|91/100|[from] item: Leftovers
|upkeep
|turn|5
|
|t:|1666176145
|switch|p2a: Landorus|Landorus-Therian, M|100/100
|-ability|p2a: Landorus|Intimidate|boost
|-unboost|p1a: Venusaur|atk|1
|move|p1a: Venusaur|Earth Power|p2a: Landorus
|-immune|p2a: Landorus
|
|-weather|SunnyDay|[upkeep]
|upkeep
|turn|6
|
|t:|1666176150
|move|p1a: Venusaur|Giga Drain|p2a: Landorus
|-damage|p2a: Landorus|33/100
|-heal|p1a: Venusaur|100/100|[from] drain|[of] p2a: Landorus
|-damage|p1a: Venusaur|91/100|[from] item: Life Orb
|move|p2a: Landorus|Earthquake|p1a: Venusaur
|-damage|p1a: Venusaur|29/100
|
|-weather|SunnyDay|[upkeep]
|-heal|p2a: Landorus|39/100|[from] item: Leftovers
|upkeep
|turn|7
|
|t:|1666176155
|move|p1a: Venusaur|Giga Drain|p2a: Landorus
|-damage|p2a: Landorus|0 fnt
|-heal|p1a: Venusaur|53/100|[from] drain|[of] p2a: Landorus
|faint|p2a: Landorus
|-damage|p1a: Venusaur|43/100|[from] item: Life Orb
|
|-weather|SunnyDay|[upkeep]
|upkeep
|
|t:|1666176160
|switch|p2a: Ferrothorn|Ferrothorn, M|100/100
|turn|8
|
|t:|1666176164
|move|p1a: Venusaur|Earth Power|p2a: Ferrothorn
|-damage|p2a: Ferrothorn|34/100
|-damage|p1a: Venusaur|33/100|[from] item: Life Orb
|move|p2a: Ferrothorn|Gyro Ball|p1a: Venusaur
|-damage|p1a: Venusaur|0 fnt
|faint|p1a: Venusaur
|
|-weather|none
|-heal|p2a: Ferrothorn|41/100|[from] item: Leftovers
|upkeep
|
|t:|1666176170
|switch|p1a: Torkoal|Torkoal, M|100/100
|-weather|SunnyDay|[from] ability: Drought|[of] p1a: Torkoal
|turn|9
|
|t:|1666176175
|move|p1a: Torkoal|Lava Plume|p2a: Ferrothorn
|-supereffective|p2a: Ferrothorn
|-damage|p2a: Ferrothorn|0 fnt
|faint|p2a: Ferrothorn
|
|-weather|SunnyDay|[upkeep]
|upkeep
|
|t:|1666176178
|switch|p2a: Primarina|Primarina, M|100/100
|turn|10
|
|t:|1666176182
|switch|p1a: Slowbro|Slowbro, F|100/100
|move|p2a: Primarina|Moonblast|p1a: Slowbro
|-damage|p1a: Slowbro|17/100
|
|-weather|SunnyDay|[upkeep]
|upkeep
|turn|11
|
|t:|1666176185
|move|p2a: Primarina|Moonblast|p1a: Slowbro
|-damage|p1a: Slowbro|0 fnt
|faint|p1a: Slowbro
|
|-weather|SunnyDay|[upkeep]
|upkeep
|
|t:|1666176187
|switch|p1a: Charizard|Charizard, M|100/100
|turn|12
|
|t:|1666176192
|switch|p2a: Tapu Koko|Tapu Koko|100/100
|-fieldstart|move: Electric Terrain|[from] ability: Electric Surge|[of] p2a: Tapu Koko
|move|p1a: Charizard|Focus Blast|p2a: Tapu Koko
|-resisted|p2a: Tapu Koko
|-damage|p2a: Tapu Koko|45/100
|
|-weather|SunnyDay|[upkeep]
|-damage|p1a: Charizard|88/100|[from] ability: Solar Power|[of] p1a: Charizard
|upkeep
|turn|13
|
|t:|1666176200
|switch|p1a: Landorus|Landorus-Therian, M|100/100
|-ability|p1a: Landorus|Intimidate|boost
|-unboost|p2a: Tapu Koko|atk|1
|move|p2a: Tapu Koko|Nature's Madness|p1a: Landorus
|-damage|p1a: Landorus|50/100
|
|-weather|SunnyDay|[upkeep]
|-heal|p1a: Landorus|57/100|[from] item: Leftovers
|upkeep
|turn|14
|
|t:|1666176204
|move|p2a: Tapu Koko|U-turn|p1a: Landorus
|-resisted|p1a: Landorus
|-damage|p1a: Landorus|53/100
|
|t:|1666176216
|switch|p2a: Heatran|Heatran, F|91/100|[from]move: U-turn
|move|p1a: Landorus|Earthquake|p2a: Heatran
|-supereffective|p2a: Heatran
|-damage|p2a: Heatran|0 fnt
|faint|p2a: Heatran
|
|-weather|SunnyDay|[upkeep]
|-heal|p1a: Landorus|59/100|[from] item: Leftovers
|upkeep
|
|t:|1666176218
|switch|p2a: Primarina|Primarina, M|100/100
|turn|15
|
|t:|1666176221
|move|p1a: Landorus|Earthquake|p2a: Primarina
|-damage|p2a: Primarina|34/100
|move|p2a: Primarina|Scald|p1a: Landorus
|-supereffective|p1a: Landorus
|-damage|p1a: Landorus|0 fnt
|faint|p1a: Landorus
|
|-weather|SunnyDay|[upkeep]
|upkeep
|
|t:|1666176226
|switch|p1a: Charizard|Charizard, M|88/100
|turn|16
|
|t:|1666176229
|move|p1a: Charizard|Weather Ball|p2a: Primarina
|-resisted|p2a: Primarina
|-damage|p2a: Primarina|0 fnt
|faint|p2a: Primarina
|
|-weather|none
|-fieldend|move: Electric Terrain
|upkeep
|
|t:|1666176231
|switch|p2a: Tapu Koko|Tapu Koko|45/100
|-fieldstart|move: Electric Terrain|[from] ability: Electric Surge|[of] p2a: Tapu Koko
|turn|17
|
|t:|1666176234
|switch|p1a: Torkoal|Torkoal, M|100/100
|-weather|SunnyDay|[from] ability: Drought|[of] p1a: Torkoal
|move|p2a: Tapu Koko|Thunderbolt|p1a: Torkoal
|-damage|p1a: Torkoal|44/100
|
|-weather|SunnyDay|[upkeep]
|upkeep
|turn|18
|
|t:|1666176237
|move|p2a: Tapu Koko|Thunderbolt|p1a: Torkoal
|-damage|p1a: Torkoal|0 fnt
|faint|p1a: Torkoal
|
|-weather|SunnyDay|[upkeep]
|upkeep
|
|t:|1666176239
|switch|p1a: Heatran|Heatran, M|100/100
|turn|19
|c|☆outdo me please|ggwp
|
|t:|1666176243
|move|p1a: Heatran|Eruption|p2a: Tapu Koko
|-damage|p2a: Tapu Koko|0 fnt
|faint|p2a: Tapu Koko
|
|win|i know im horrible
|raw|i know im horrible's rating: 1461 &rarr; <strong>1478</strong><br />(+17 for winning)
|raw|outdo me please's rating: 1413 &rarr; <strong>1396</strong><br />(-17 for losing)
|c|☆i know im horrible|gg
