|j|☆NeoNaruto®++
|j|☆Down$hift
|t:|1632444801
|gametype|singles
|player|p1|NeoNaruto®++|medium|1742
|player|p2|Down$hift|teamrocket|1754
|teamsize|p1|6
|teamsize|p2|6
|gen|8
|tier|[Gen 8] OU
|rated|
|rule|Sleep Clause Mod: Limit one foe put to sleep
|rule|Species Clause: Limit one of each Pokémon
|rule|OHKO Clause: OHKO moves are banned
|rule|Evasion Moves Clause: Evasion moves are banned
|rule|Endless Battle Clause: Forcing endless battles is banned
|rule|HP Percentage Mod: HP is shown in percentages
|rule|Dynamax Clause: You cannot dynamax
|clearpoke
|poke|p1|Landorus-Therian, M|
|poke|p1|Slowbro, M|
|poke|p1|Tapu Koko|
|poke|p1|Dragonite, M|
|poke|p1|Darmanitan, F|
|poke|p1|Tyranitar, F|
|poke|p2|Regieleki|
|poke|p2|Tapu Koko|
|poke|p2|Landorus-Therian, M|
|poke|p2|Tyranitar, F|
|poke|p2|Amoonguss, F|
|poke|p2|Corviknight, M|
|teampreview
|inactive|Battle timer is ON: inactive players will automatically lose when time's up. (requested by NeoNaruto®++)
|c|☆Down$hift|Hf
|
|t:|1632444809
|start
|switch|p1a: Bernie Landers|Landorus-Therian, M|100/100
|switch|p2a: LandOUrus-T|Landorus-Therian, M|100/100
|-ability|p1a: Bernie Landers|Intimidate|boost
|-unboost|p2a: LandOUrus-T|atk|1
|-ability|p2a: LandOUrus-T|Intimidate|boost
|-unboost|p1a: Bernie Landers|atk|1
|turn|1
|inactive|NeoNaruto®++ has 120 seconds left.
|
|t:|1632444849
|move|p1a: Bernie Landers|Knock Off|p2a: LandOUrus-T
|-damage|p2a: LandOUrus-T|80/100
|-enditem|p2a: LandOUrus-T|Leftovers|[from] move: Knock Off|[of] p1a: Bernie Landers
|move|p2a: LandOUrus-T|Knock Off|p1a: Bernie Landers
|-damage|p1a: Bernie Landers|86/100
|-damage|p2a: LandOUrus-T|63/100|[from] item: Rocky Helmet|[of] p1a: Bernie Landers
|-enditem|p1a: Bernie Landers|Rocky Helmet|[from] move: Knock Off|[of] p2a: LandOUrus-T
|
|upkeep
|turn|2
|
|t:|1632444853
|move|p1a: Bernie Landers|Stealth Rock|p2a: LandOUrus-T
|-sidestart|p2: Down$hift|move: Stealth Rock
|move|p2a: LandOUrus-T|Stealth Rock|p1a: Bernie Landers
|-sidestart|p1: NeoNaruto®++|move: Stealth Rock
|
|upkeep
|turn|3
|j| VirginGuysSucks
|
|t:|1632444857
|move|p1a: Bernie Landers|Knock Off|p2a: LandOUrus-T
|-damage|p2a: LandOUrus-T|49/100
|move|p2a: LandOUrus-T|U-turn|p1a: Bernie Landers
|-resisted|p1a: Bernie Landers
|-damage|p1a: Bernie Landers|80/100
|
|t:|1632444871
|switch|p2a: House Of Pain|Regieleki|100/100|[from]move: U-turn
|-damage|p2a: House Of Pain|88/100|[from] Stealth Rock
|
|upkeep
|turn|4
|
|t:|1632444873
|move|p2a: House Of Pain|Explosion|p1a: Bernie Landers
|-damage|p1a: Bernie Landers|5/100
|faint|p2a: House Of Pain
|move|p1a: Bernie Landers|Knock Off|p2: House Of Pain|[notarget]
|-fail|p1a: Bernie Landers
|
|upkeep
|
|t:|1632444884
|switch|p2a: LandOUrus-T|Landorus-Therian, M|49/100
|-damage|p2a: LandOUrus-T|37/100|[from] Stealth Rock
|-ability|p2a: LandOUrus-T|Intimidate|boost
|-unboost|p1a: Bernie Landers|atk|1
|turn|5
|
|t:|1632444889
|move|p1a: Bernie Landers|U-turn|p2a: LandOUrus-T
|-resisted|p2a: LandOUrus-T
|-damage|p2a: LandOUrus-T|31/100
|
|t:|1632444891
|switch|p1a: spvceghvstpvrrp|Slowbro, M, shiny|100/100|[from]move: U-turn
|-damage|p1a: spvceghvstpvrrp|88/100|[from] Stealth Rock
|move|p2a: LandOUrus-T|U-turn|p1a: spvceghvstpvrrp
|-supereffective|p1a: spvceghvstpvrrp
|-damage|p1a: spvceghvstpvrrp|57/100
|-damage|p2a: LandOUrus-T|15/100|[from] item: Rocky Helmet|[of] p1a: spvceghvstpvrrp
|
|t:|1632444895
|switch|p2a: Tapu OHKO|Tapu Koko|100/100|[from]move: U-turn
|-damage|p2a: Tapu OHKO|88/100|[from] Stealth Rock
|-fieldstart|move: Electric Terrain|[from] ability: Electric Surge|[of] p2a: Tapu OHKO
|
|upkeep
|turn|6
|
|t:|1632444901
|switch|p1a: Bernie Landers|Landorus-Therian, M|5/100
|-damage|p1a: Bernie Landers|0 fnt|[from] Stealth Rock
|faint|p1a: Bernie Landers
|move|p2a: Tapu OHKO|Volt Switch|p1: Bernie Landers|[notarget]
|-fail|p2a: Tapu OHKO
|
|upkeep
|
|t:|1632444905
|switch|p1a: Tapu Koko|Tapu Koko|100/100
|-damage|p1a: Tapu Koko|88/100|[from] Stealth Rock
|turn|7
|
|t:|1632444908
|switch|p2a: AMOGUS|Amoonguss, F|100/100
|-damage|p2a: AMOGUS|88/100|[from] Stealth Rock
|move|p1a: Tapu Koko|Volt Switch|p2a: AMOGUS
|-resisted|p2a: AMOGUS
|-damage|p2a: AMOGUS|63/100
|
|t:|1632444912
|switch|p1a: PURRP FOR SALE|Darmanitan, F|100/100|[from]move: Volt Switch
|
|upkeep
|turn|8
|
|t:|1632444916
|switch|p2a: LandOUrus-T|Landorus-Therian, M|15/100
|-damage|p2a: LandOUrus-T|2/100|[from] Stealth Rock
|-ability|p2a: LandOUrus-T|Intimidate|boost
|-unboost|p1a: PURRP FOR SALE|atk|1
|move|p1a: PURRP FOR SALE|Flare Blitz|p2a: LandOUrus-T
|-damage|p2a: LandOUrus-T|0 fnt
|faint|p2a: LandOUrus-T
|-damage|p1a: PURRP FOR SALE|99/100|[from] Recoil
|
|upkeep
|
|t:|1632444920
|switch|p2a: Tapu OHKO|Tapu Koko|88/100
|-damage|p2a: Tapu OHKO|76/100|[from] Stealth Rock
|turn|9
|
|t:|1632444930
|switch|p1a: VODECi|Tyranitar, F|100/100
|-damage|p1a: VODECi|88/100|[from] Stealth Rock
|-weather|Sandstorm|[from] ability: Sand Stream|[of] p1a: VODECi
|move|p2a: Tapu OHKO|Volt Switch|p1a: VODECi
|-damage|p1a: VODECi|73/100
|
|t:|1632444936
|switch|p2a: Back in Buisness|Tyranitar, F|100/100|[from]move: Volt Switch
|-damage|p2a: Back in Buisness|88/100|[from] Stealth Rock
|
|-weather|Sandstorm|[upkeep]
|-heal|p2a: Back in Buisness|94/100|[from] item: Leftovers
|-fieldend|move: Electric Terrain
|upkeep
|turn|10
|
|t:|1632444939
|switch|p1a: spvceghvstpvrrp|Slowbro, M, shiny|90/100
|-damage|p1a: spvceghvstpvrrp|78/100|[from] Stealth Rock
|move|p2a: Back in Buisness|Earthquake|p1a: spvceghvstpvrrp
|-damage|p1a: spvceghvstpvrrp|56/100
|
|-weather|Sandstorm|[upkeep]
|-damage|p1a: spvceghvstpvrrp|50/100|[from] Sandstorm
|-heal|p2a: Back in Buisness|100/100|[from] item: Leftovers
|upkeep
|turn|11
|
|t:|1632444947
|move|p2a: Back in Buisness|Rock Blast|p1a: spvceghvstpvrrp
|-damage|p1a: spvceghvstpvrrp|40/100
|-damage|p1a: spvceghvstpvrrp|30/100
|-damage|p1a: spvceghvstpvrrp|21/100
|-hitcount|p1a: spvceghvstpvrrp|3
|move|p1a: spvceghvstpvrrp|Teleport|p1a: spvceghvstpvrrp
|
|t:|1632444949
|switch|p1a: PURRP FOR SALE|Darmanitan, F|99/100|[from]move: Teleport
|
|-weather|Sandstorm|[upkeep]
|-damage|p1a: PURRP FOR SALE|94/100|[from] Sandstorm
|upkeep
|turn|12
|
|t:|1632444958
|switch|p2a: AMOGUS|Amoonguss, F|96/100
|-damage|p2a: AMOGUS|84/100|[from] Stealth Rock
|move|p1a: PURRP FOR SALE|Superpower|p2a: AMOGUS
|-resisted|p2a: AMOGUS
|-damage|p2a: AMOGUS|65/100
|-unboost|p1a: PURRP FOR SALE|atk|1
|-unboost|p1a: PURRP FOR SALE|def|1
|-damage|p1a: PURRP FOR SALE|77/100|[from] item: Rocky Helmet|[of] p2a: AMOGUS
|
|-weather|Sandstorm|[upkeep]
|-damage|p1a: PURRP FOR SALE|71/100|[from] Sandstorm
|-damage|p2a: AMOGUS|59/100|[from] Sandstorm
|upkeep
|turn|13
|j| 7o77superpanda
|j| Lucrodium
|
|t:|1632444965
|switch|p2a: Back in Buisness|Tyranitar, F|100/100
|-damage|p2a: Back in Buisness|88/100|[from] Stealth Rock
|move|p1a: PURRP FOR SALE|Flare Blitz|p2a: Back in Buisness
|-resisted|p2a: Back in Buisness
|-damage|p2a: Back in Buisness|63/100
|-damage|p1a: PURRP FOR SALE|62/100|[from] Recoil
|
|-weather|none
|-heal|p2a: Back in Buisness|69/100|[from] item: Leftovers
|upkeep
|turn|14
|
|t:|1632444970
|switch|p2a: AMOGUS|Amoonguss, F|92/100
|-damage|p2a: AMOGUS|80/100|[from] Stealth Rock
|move|p1a: PURRP FOR SALE|U-turn|p2a: AMOGUS
|-damage|p2a: AMOGUS|64/100
|-damage|p1a: PURRP FOR SALE|46/100|[from] item: Rocky Helmet|[of] p2a: AMOGUS
|j| Hella Rare Pepe
|
|t:|1632444976
|switch|p1a: Tapu Koko|Tapu Koko|88/100|[from]move: U-turn
|-damage|p1a: Tapu Koko|76/100|[from] Stealth Rock
|-fieldstart|move: Electric Terrain|[from] ability: Electric Surge|[of] p1a: Tapu Koko
|
|upkeep
|turn|15
|
|t:|1632444981
|move|p1a: Tapu Koko|Volt Switch|p2a: AMOGUS
|-resisted|p2a: AMOGUS
|-damage|p2a: AMOGUS|39/100
|
|t:|1632444984
|switch|p1a: VODECi|Tyranitar, F|73/100|[from]move: Volt Switch
|-damage|p1a: VODECi|60/100|[from] Stealth Rock
|-weather|Sandstorm|[from] ability: Sand Stream|[of] p1a: VODECi
|move|p2a: AMOGUS|Sludge Bomb|p1a: VODECi
|-resisted|p1a: VODECi
|-damage|p1a: VODECi|56/100
|
|-weather|Sandstorm|[upkeep]
|-damage|p2a: AMOGUS|33/100|[from] Sandstorm
|upkeep
|turn|16
|j| die♥inside
|
|t:|1632444990
|move|p1a: VODECi|Fire Blast|p2a: AMOGUS
|-supereffective|p2a: AMOGUS
|-damage|p2a: AMOGUS|0 fnt
|faint|p2a: AMOGUS
|
|-weather|Sandstorm|[upkeep]
|upkeep
|
|t:|1632444996
|switch|p2a: Excalibird|Corviknight, M|100/100
|-damage|p2a: Excalibird|88/100|[from] Stealth Rock
|-ability|p2a: Excalibird|Pressure
|turn|17
|
|t:|1632445001
|switch|p1a: Tapu Koko|Tapu Koko|76/100
|-damage|p1a: Tapu Koko|63/100|[from] Stealth Rock
|move|p2a: Excalibird|Body Press|p1a: Tapu Koko
|-resisted|p1a: Tapu Koko
|-damage|p1a: Tapu Koko|45/100
|
|-weather|Sandstorm|[upkeep]
|-damage|p1a: Tapu Koko|39/100|[from] Sandstorm
|upkeep
|turn|18
|-message|Down$hift forfeited.
|
|win|NeoNaruto®++
|raw|NeoNaruto®++'s rating: 1742 &rarr; <strong>1763</strong><br />(+21 for winning)
|raw|Down$hift's rating: 1754 &rarr; <strong>1733</strong><br />(-21 for losing)
|l|☆Down$hift
|l|☆NeoNaruto®++
|l| VirginGuysSucks
|l| Hella Rare Pepe
