|html|<div class="broadcast-blue"><strong>[Gen 8] OU is currently suspecting Melmetal! For information on how to participate check out the <a href="https://www.smogon.com/forums/threads/np-ss-ou-suspect-process-round-12-monster-mash.3709234/">suspect thread</a>.</strong></div>
|j|☆shiawasenostory
|j|☆Dash/Jay
|t:|1666905865
|gametype|singles
|player|p1|shiawasenostory|winona|1889
|player|p2|Dash/Jay|gambler|1694
|teamsize|p1|6
|teamsize|p2|6
|gen|8
|tier|[Gen 8] OU
|rated|
|rule|Sleep Clause Mod: Limit one foe put to sleep
|rule|Species Clause: Limit one of each Pokémon
|rule|OHKO Clause: OHKO moves are banned
|rule|Evasion Items Clause: Evasion items are banned
|rule|Evasion Moves Clause: Evasion moves are banned
|rule|Endless Battle Clause: Forcing endless battles is banned
|rule|HP Percentage Mod: HP is shown in percentages
|rule|Dynamax Clause: You cannot dynamax
|clearpoke
|poke|p1|Skarmory, M|
|poke|p1|Ditto|
|poke|p1|Toxapex, M|
|poke|p1|Blissey, F|
|poke|p1|Shedinja|
|poke|p1|Quagsire, M|
|poke|p2|Hitmonchan, M|
|poke|p2|Scizor, M|
|poke|p2|Weavile, M|
|poke|p2|Swampert, F|
|poke|p2|Vikavolt, M|
|poke|p2|Blaziken, M|
|teampreview
|inactive|Battle timer is ON: inactive players will automatically lose when time's up. (requested by Dash/Jay)
|
|t:|1666905871
|start
|switch|p1a: Ditto|Ditto, shiny|100/100
|switch|p2a: Gradius|Vikavolt, M, shiny|100/100
|-transform|p1a: Ditto|p2a: Gradius|[from] ability: Imposter
|-item|p1a: Ditto|Air Balloon
|turn|1
|
|t:|1666905877
|switch|p1a: Shedinja|Shedinja|100/100
|move|p2a: Gradius|Sticky Web|p1a: Shedinja
|-sidestart|p1: shiawasenostory|move: Sticky Web
|
|upkeep
|turn|2
|
|t:|1666905883
|switch|p2a: Akashi|Scizor, M|100/100
|move|p1a: Shedinja|Toxic|p2a: Akashi
|-immune|p2a: Akashi
|
|upkeep
|turn|3
|
|t:|1666905898
|switch|p1a: Toxapex|Toxapex, M|100/100
|move|p2a: Akashi|Dual Wingbeat|p1a: Toxapex|[miss]
|-miss|p2a: Akashi|p1a: Toxapex
|
|upkeep
|turn|4
|
|t:|1666905904
|switch|p2a: Gradius|Vikavolt, M, shiny|100/100
|move|p1a: Toxapex|Scald|p2a: Gradius
|-damage|p2a: Gradius|80/100
|
|upkeep
|turn|5
|
|t:|1666905910
|switch|p2a: Akashi|Scizor, M|100/100
|switch|p1a: Shedinja|Shedinja|100/100
|
|upkeep
|turn|6
|
|t:|1666905919
|switch|p1a: Toxapex|Toxapex, M|100/100
|move|p2a: Akashi|Sand Tomb|p1a: Toxapex
|-supereffective|p1a: Toxapex
|-damage|p1a: Toxapex|63/100
|-activate|p1a: Toxapex|move: Sand Tomb|[of] p2a: Akashi
|
|-damage|p1a: Toxapex|50/100|[from] move: Sand Tomb|[partiallytrapped]
|upkeep
|turn|7
|j| Celtis
|
|t:|1666905939
|move|p2a: Akashi|Sand Tomb|p1a: Toxapex
|-supereffective|p1a: Toxapex
|-damage|p1a: Toxapex|16/100
|move|p1a: Toxapex|Recover|p1a: Toxapex
|-heal|p1a: Toxapex|66/100
|
|-damage|p1a: Toxapex|54/100|[from] move: Sand Tomb|[partiallytrapped]
|upkeep
|turn|8
|
|t:|1666905946
|move|p2a: Akashi|Sand Tomb|p1a: Toxapex
|-supereffective|p1a: Toxapex
|-damage|p1a: Toxapex|18/100
|move|p1a: Toxapex|Recover|p1a: Toxapex
|-heal|p1a: Toxapex|68/100
|
|-damage|p1a: Toxapex|56/100|[from] move: Sand Tomb|[partiallytrapped]
|upkeep
|turn|9
|
|t:|1666905950
|move|p2a: Akashi|Sand Tomb|p1a: Toxapex
|-supereffective|p1a: Toxapex
|-damage|p1a: Toxapex|20/100
|move|p1a: Toxapex|Recover|p1a: Toxapex
|-heal|p1a: Toxapex|70/100
|
|-damage|p1a: Toxapex|57/100|[from] move: Sand Tomb|[partiallytrapped]
|upkeep
|turn|10
|
|t:|1666905956
|move|p2a: Akashi|Sand Tomb|p1a: Toxapex|[miss]
|-miss|p2a: Akashi|p1a: Toxapex
|move|p1a: Toxapex|Recover|p1a: Toxapex
|-heal|p1a: Toxapex|100/100
|
|-damage|p1a: Toxapex|88/100|[from] move: Sand Tomb|[partiallytrapped]
|upkeep
|turn|11
|
|t:|1666905962
|switch|p2a: Kipper|Swampert, F, shiny|100/100
|move|p1a: Toxapex|Knock Off|p2a: Kipper
|-damage|p2a: Kipper|87/100
|-damage|p1a: Toxapex|72/100|[from] item: Rocky Helmet|[of] p2a: Kipper
|-enditem|p2a: Kipper|Rocky Helmet|[from] move: Knock Off|[of] p1a: Toxapex
|
|-end|p1a: Toxapex|Sand Tomb|[partiallytrapped]
|upkeep
|turn|12
|
|t:|1666905969
|switch|p1a: Skarmory|Skarmory, M|100/100
|move|p2a: Kipper|Stealth Rock|p1a: Skarmory
|-sidestart|p1: shiawasenostory|move: Stealth Rock
|
|upkeep
|turn|13
|
|t:|1666905973
|move|p1a: Skarmory|Spikes|p2a: Kipper
|-sidestart|p2: Dash/Jay|Spikes
|move|p2a: Kipper|Scald|p1a: Skarmory
|-damage|p1a: Skarmory|61/100
|
|-heal|p1a: Skarmory|67/100|[from] item: Leftovers
|upkeep
|turn|14
|
|t:|1666905979
|switch|p1a: Blissey|Blissey, F|100/100
|move|p2a: Kipper|Scald|p1a: Blissey
|-damage|p1a: Blissey|92/100
|
|upkeep
|turn|15
|
|t:|1666905984
|move|p2a: Kipper|Scald|p1a: Blissey
|-damage|p1a: Blissey|83/100
|move|p1a: Blissey|Stealth Rock|p2a: Kipper
|-sidestart|p2: Dash/Jay|move: Stealth Rock
|
|upkeep
|turn|16
|
|t:|1666905988
|move|p2a: Kipper|Scald|p1a: Blissey
|-damage|p1a: Blissey|74/100
|move|p1a: Blissey|Toxic|p2a: Kipper
|-status|p2a: Kipper|tox
|
|-damage|p2a: Kipper|81/100 tox|[from] psn
|upkeep
|turn|17
|
|t:|1666905992
|move|p2a: Kipper|Endeavor|p1a: Blissey
|-damage|p1a: Blissey|39/100
|move|p1a: Blissey|Seismic Toss|p2a: Kipper
|-damage|p2a: Kipper|52/100 tox
|
|-damage|p2a: Kipper|39/100 tox|[from] psn
|upkeep
|turn|18
|
|t:|1666906004
|switch|p2a: Tychan|Hitmonchan, M|100/100
|-damage|p2a: Tychan|88/100|[from] Spikes
|-damage|p2a: Tychan|82/100|[from] Stealth Rock
|switch|p1a: Shedinja|Shedinja|100/100
|
|upkeep
|turn|19
|
|t:|1666906016
|switch|p2a: Gradius|Vikavolt, M, shiny|80/100
|-damage|p2a: Gradius|56/100|[from] Stealth Rock
|switch|p1a: Toxapex|Toxapex, M|100/100
|
|upkeep
|turn|20
|
|t:|1666906022
|switch|p2a: Tychan|Hitmonchan, M|82/100
|-damage|p2a: Tychan|70/100|[from] Spikes
|-damage|p2a: Tychan|64/100|[from] Stealth Rock
|switch|p1a: Shedinja|Shedinja|100/100
|
|upkeep
|turn|21
|
|t:|1666906027
|switch|p1a: Toxapex|Toxapex, M|100/100
|move|p2a: Tychan|Rapid Spin|p1a: Toxapex
|-damage|p1a: Toxapex|91/100
|-boost|p2a: Tychan|spe|1
|-sideend|p2: Dash/Jay|Spikes|[from] move: Rapid Spin|[of] p2a: Tychan
|-sideend|p2: Dash/Jay|Stealth Rock|[from] move: Rapid Spin|[of] p2a: Tychan
|
|upkeep
|turn|22
|
|t:|1666906032
|move|p2a: Tychan|Thunder Punch|p1a: Toxapex
|-supereffective|p1a: Toxapex
|-damage|p1a: Toxapex|59/100
|-status|p1a: Toxapex|par
|move|p1a: Toxapex|Knock Off|p2a: Tychan
|-resisted|p2a: Tychan
|-damage|p2a: Tychan|53/100
|-enditem|p2a: Tychan|Assault Vest|[from] move: Knock Off|[of] p1a: Toxapex
|
|upkeep
|turn|23
|
|t:|1666906040
|switch|p2a: Akashi|Scizor, M|100/100
|switch|p1a: Shedinja|Shedinja|100/100
|
|upkeep
|turn|24
|j| Ctannn
|
|t:|1666906044
|switch|p1a: Skarmory|Skarmory, M|67/100
|-damage|p1a: Skarmory|55/100|[from] Stealth Rock
|move|p2a: Akashi|U-turn|p1a: Skarmory
|-resisted|p1a: Skarmory
|-damage|p1a: Skarmory|44/100
|
|t:|1666906047
|switch|p2a: Ken|Blaziken, M, shiny|100/100|[from]move: U-turn
|
|-heal|p1a: Skarmory|50/100|[from] item: Leftovers
|upkeep
|turn|25
|
|t:|1666906051
|switch|p1a: Quagsire|Quagsire, M|100/100
|move|p2a: Ken|Overheat|p1a: Quagsire
|-resisted|p1a: Quagsire
|-damage|p1a: Quagsire|59/100
|-unboost|p2a: Ken|spa|2
|
|-ability|p2a: Ken|Speed Boost|boost
|-boost|p2a: Ken|spe|1
|upkeep
|turn|26
|
|t:|1666906059
|switch|p2a: Akashi|Scizor, M|100/100
|switch|p1a: Toxapex|Toxapex, M|93/100 par
|
|upkeep
|turn|27
|
|t:|1666906066
|move|p2a: Akashi|U-turn|p1a: Toxapex
|-resisted|p1a: Toxapex
|-damage|p1a: Toxapex|75/100 par
|
|t:|1666906069
|switch|p2a: Gradius|Vikavolt, M, shiny|56/100|[from]move: U-turn
|cant|p1a: Toxapex|par
|
|upkeep
|turn|28
|
|t:|1666906076
|switch|p2a: Akashi|Scizor, M|100/100
|switch|p1a: Shedinja|Shedinja|100/100
|
|upkeep
|turn|29
|
|t:|1666906082
|switch|p1a: Toxapex|Toxapex, M|100/100 par
|move|p2a: Akashi|Dual Wingbeat|p1a: Toxapex
|-damage|p1a: Toxapex|81/100 par
|-damage|p1a: Toxapex|59/100 par
|-hitcount|p1a: Toxapex|2
|
|upkeep
|turn|30
|
|t:|1666906089
|switch|p1a: Skarmory|Skarmory, M|50/100
|-damage|p1a: Skarmory|38/100|[from] Stealth Rock
|move|p2a: Akashi|Dual Wingbeat|p1a: Skarmory
|-resisted|p1a: Skarmory
|-damage|p1a: Skarmory|25/100
|-resisted|p1a: Skarmory
|-damage|p1a: Skarmory|13/100
|-hitcount|p1a: Skarmory|2
|
|-heal|p1a: Skarmory|20/100|[from] item: Leftovers
|upkeep
|turn|31
|
|t:|1666906103
|switch|p2a: Ken|Blaziken, M, shiny|100/100
|move|p1a: Skarmory|Roost|p1a: Skarmory
|-heal|p1a: Skarmory|70/100
|-singleturn|p1a: Skarmory|move: Roost
|
|-heal|p1a: Skarmory|76/100|[from] item: Leftovers
|upkeep
|turn|32
|
|t:|1666906107
|switch|p1a: Toxapex|Toxapex, M|92/100 par
|move|p2a: Ken|Overheat|p1a: Toxapex
|-resisted|p1a: Toxapex
|-damage|p1a: Toxapex|65/100 par
|-unboost|p2a: Ken|spa|2
|
|-ability|p2a: Ken|Speed Boost|boost
|-boost|p2a: Ken|spe|1
|upkeep
|turn|33
|
|t:|1666906115
|move|p2a: Ken|Earthquake|p1a: Toxapex
|-supereffective|p1a: Toxapex
|-damage|p1a: Toxapex|28/100 par
|move|p1a: Toxapex|Toxic|p2a: Ken
|-status|p2a: Ken|tox
|
|-damage|p2a: Ken|95/100 tox|[from] psn
|-ability|p2a: Ken|Speed Boost|boost
|-boost|p2a: Ken|spe|1
|upkeep
|turn|34
|
|t:|1666906122
|switch|p2a: Akashi|Scizor, M|100/100
|switch|p1a: Quagsire|Quagsire, M|59/100
|
|upkeep
|turn|35
|
|t:|1666906126
|move|p2a: Akashi|U-turn|p1a: Quagsire
|-damage|p1a: Quagsire|17/100
|
|t:|1666906131
|switch|p2a: Sin|Weavile, M|100/100|[from]move: U-turn
|move|p1a: Quagsire|Recover|p1a: Quagsire
|-heal|p1a: Quagsire|67/100
|
|upkeep
|turn|36
|
|t:|1666906138
|move|p2a: Sin|Swords Dance|p2a: Sin
|-boost|p2a: Sin|atk|2
|move|p1a: Quagsire|Recover|p1a: Quagsire
|-heal|p1a: Quagsire|100/100
|
|upkeep
|turn|37
|
|t:|1666906144
|move|p2a: Sin|Knock Off|p1a: Quagsire
|-damage|p1a: Quagsire|56/100
|-enditem|p1a: Quagsire|Heavy-Duty Boots|[from] move: Knock Off|[of] p2a: Sin
|-damage|p2a: Sin|91/100|[from] item: Life Orb
|move|p1a: Quagsire|Toxic|p2a: Sin
|-status|p2a: Sin|tox
|
|-damage|p2a: Sin|84/100 tox|[from] psn
|upkeep
|turn|38
|
|t:|1666906151
|switch|p2a: Akashi|Scizor, M|100/100
|move|p1a: Quagsire|Recover|p1a: Quagsire
|-heal|p1a: Quagsire|100/100
|
|upkeep
|turn|39
|
|t:|1666906157
|switch|p1a: Skarmory|Skarmory, M|76/100
|-damage|p1a: Skarmory|63/100|[from] Stealth Rock
|move|p2a: Akashi|Dual Wingbeat|p1a: Skarmory
|-resisted|p1a: Skarmory
|-damage|p1a: Skarmory|50/100
|-resisted|p1a: Skarmory
|-damage|p1a: Skarmory|36/100
|-hitcount|p1a: Skarmory|2
|
|-heal|p1a: Skarmory|42/100|[from] item: Leftovers
|upkeep
|turn|40
|
|t:|1666906166
|switch|p2a: Ken|Blaziken, M, shiny|95/100 tox
|move|p1a: Skarmory|Spikes|p2a: Ken
|-sidestart|p2: Dash/Jay|Spikes
|
|-heal|p1a: Skarmory|48/100|[from] item: Leftovers
|-damage|p2a: Ken|89/100 tox|[from] psn
|upkeep
|turn|41
|
|t:|1666906177
|switch|p1a: Quagsire|Quagsire, M|100/100
|-activate|p1a: Quagsire|move: Sticky Web
|-unboost|p1a: Quagsire|spe|1
|-damage|p1a: Quagsire|94/100|[from] Stealth Rock
|move|p2a: Ken|Overheat|p1a: Quagsire
|-resisted|p1a: Quagsire
|-damage|p1a: Quagsire|51/100
|-unboost|p2a: Ken|spa|2
|
|-damage|p2a: Ken|77/100 tox|[from] psn
|-ability|p2a: Ken|Speed Boost|boost
|-boost|p2a: Ken|spe|1
|upkeep
|turn|42
|j| qxfn143
|
|t:|1666906191
|switch|p2a: Tychan|Hitmonchan, M|53/100
|-damage|p2a: Tychan|41/100|[from] Spikes
|move|p1a: Quagsire|Recover|p1a: Quagsire
|-heal|p1a: Quagsire|100/100
|
|upkeep
|turn|43
|l| qxfn143
|
|t:|1666906196
|switch|p1a: Shedinja|Shedinja|100/100
|move|p2a: Tychan|Rapid Spin|p1a: Shedinja
|-immune|p1a: Shedinja|[from] ability: Wonder Guard
|
|upkeep
|turn|44
|
|t:|1666906204
|move|p1a: Shedinja|Protect|p1a: Shedinja
|-singleturn|p1a: Shedinja|Protect
|move|p2a: Tychan|Rapid Spin|p1a: Shedinja
|-activate|p1a: Shedinja|move: Protect
|
|upkeep
|turn|45
|j| FortniteVegetaUE
|
|t:|1666906209
|move|p2a: Tychan|Rapid Spin|p1a: Shedinja
|-immune|p1a: Shedinja|[from] ability: Wonder Guard
|move|p1a: Shedinja|Toxic|p2a: Tychan
|-status|p2a: Tychan|tox
|
|-damage|p2a: Tychan|35/100 tox|[from] psn
|upkeep
|turn|46
|c| FortniteVegetaUE|you are so diffy dash
|
|t:|1666906214
|move|p2a: Tychan|Thunder Punch|p1a: Shedinja
|-immune|p1a: Shedinja|[from] ability: Wonder Guard
|move|p1a: Shedinja|Will-O-Wisp||[still]
|-fail|p1a: Shedinja
|
|-damage|p2a: Tychan|23/100 tox|[from] psn
|upkeep
|turn|47
|c| FortniteVegetaUE|your blueprints are insane
|
|t:|1666906229
|switch|p2a: Gradius|Vikavolt, M, shiny|56/100
|move|p1a: Shedinja|Protect||[still]
|-fail|p1a: Shedinja
|
|upkeep
|turn|48
|
|t:|1666906244
|switch|p2a: Kipper|Swampert, F, shiny|39/100 tox
|-damage|p2a: Kipper|27/100 tox|[from] Spikes
|move|p1a: Shedinja|Will-O-Wisp||[still]
|-fail|p1a: Shedinja
|
|-damage|p2a: Kipper|21/100 tox|[from] psn
|upkeep
|turn|49
|
|t:|1666906250
|move|p1a: Shedinja|Protect|p1a: Shedinja
|-singleturn|p1a: Shedinja|Protect
|move|p2a: Kipper|Roar|p1a: Shedinja
|drag|p1a: Blissey|Blissey, F|39/100
|
|-damage|p2a: Kipper|8/100 tox|[from] psn
|upkeep
|turn|50
|
|t:|1666906261
|switch|p1a: Shedinja|Shedinja|100/100
|move|p2a: Kipper|Endeavor|p1a: Shedinja
|-immune|p1a: Shedinja|[from] ability: Wonder Guard
|
|-damage|p2a: Kipper|0 fnt|[from] psn
|faint|p2a: Kipper
|upkeep
|
|t:|1666906271
|switch|p2a: Sin|Weavile, M|84/100 tox
|-damage|p2a: Sin|72/100 tox|[from] Spikes
|turn|51
|c|☆Dash/Jay|the ditto is a nice touch to this team
|
|t:|1666906290
|switch|p2a: Akashi|Scizor, M|100/100
|-damage|p2a: Akashi|88/100|[from] Spikes
|switch|p1a: Quagsire|Quagsire, M|100/100
|-activate|p1a: Quagsire|move: Sticky Web
|-unboost|p1a: Quagsire|spe|1
|-damage|p1a: Quagsire|94/100|[from] Stealth Rock
|
|upkeep
|turn|52
|
|t:|1666906310
|move|p2a: Akashi|U-turn|p1a: Quagsire
|-damage|p1a: Quagsire|51/100
|
|t:|1666906312
|switch|p2a: Gradius|Vikavolt, M, shiny|56/100|[from]move: U-turn
|move|p1a: Quagsire|Scald|p2a: Gradius
|-damage|p2a: Gradius|31/100
|-status|p2a: Gradius|brn
|
|-damage|p2a: Gradius|25/100 brn|[from] brn
|upkeep
|turn|53
|
|t:|1666906321
|switch|p1a: Shedinja|Shedinja|100/100
|move|p2a: Gradius|Energy Ball|p1a: Shedinja
|-immune|p1a: Shedinja|[from] ability: Wonder Guard
|
|-damage|p2a: Gradius|19/100 brn|[from] brn
|upkeep
|turn|54
|
|t:|1666906327
|switch|p2a: Tychan|Hitmonchan, M|23/100 tox
|-damage|p2a: Tychan|11/100 tox|[from] Spikes
|move|p1a: Shedinja|Shadow Sneak|p2a: Tychan
|-damage|p2a: Tychan|0 fnt
|faint|p2a: Tychan
|
|upkeep
|
|t:|1666906336
|switch|p2a: Akashi|Scizor, M|88/100
|-damage|p2a: Akashi|76/100|[from] Spikes
|turn|55
|
|t:|1666906344
|switch|p1a: Skarmory|Skarmory, M|48/100
|-damage|p1a: Skarmory|36/100|[from] Stealth Rock
|move|p2a: Akashi|U-turn|p1a: Skarmory
|-resisted|p1a: Skarmory
|-damage|p1a: Skarmory|24/100
|
|t:|1666906355
|switch|p2a: Gradius|Vikavolt, M, shiny|19/100 brn|[from]move: U-turn
|
|-heal|p1a: Skarmory|31/100|[from] item: Leftovers
|-damage|p2a: Gradius|13/100 brn|[from] brn
|upkeep
|turn|56
|c| FortniteVegetaUE|can you drop the paste for this insane team
|
|t:|1666906362
|switch|p1a: Shedinja|Shedinja|100/100
|move|p2a: Gradius|Volt Switch|p1a: Shedinja
|-immune|p1a: Shedinja|[from] ability: Wonder Guard
|
|-damage|p2a: Gradius|6/100 brn|[from] brn
|upkeep
|turn|57
|
|t:|1666906367
|move|p1a: Shedinja|Shadow Sneak|p2a: Gradius
|-damage|p2a: Gradius|0 fnt
|-damage|p1a: Shedinja|0 fnt|[from] item: Rocky Helmet|[of] p2a: Gradius
|faint|p2a: Gradius
|faint|p1a: Shedinja
|
|upkeep
|c|☆Dash/Jay|yedssss
|
|t:|1666906381
|switch|p1a: Quagsire|Quagsire, M|51/100
|switch|p2a: Akashi|Scizor, M|76/100
|-damage|p2a: Akashi|63/100|[from] Spikes
|-activate|p1a: Quagsire|move: Sticky Web
|-unboost|p1a: Quagsire|spe|1
|-damage|p1a: Quagsire|45/100|[from] Stealth Rock
|turn|58
|
|t:|1666906388
|move|p2a: Akashi|U-turn|p1a: Quagsire
|-damage|p1a: Quagsire|0 fnt
|faint|p1a: Quagsire
|
|t:|1666906398
|switch|p2a: Ken|Blaziken, M, shiny|77/100 tox|[from]move: U-turn
|-damage|p2a: Ken|64/100 tox|[from] Spikes
|
|-damage|p2a: Ken|58/100 tox|[from] psn
|upkeep
|
|t:|1666906401
|switch|p1a: Toxapex|Toxapex, M|61/100 par
|turn|59
|
|t:|1666906405
|move|p2a: Ken|Rock Slide|p1a: Toxapex
|-damage|p1a: Toxapex|50/100 par
|cant|p1a: Toxapex|flinch
|
|-damage|p2a: Ken|46/100 tox|[from] psn
|-ability|p2a: Ken|Speed Boost|boost
|-boost|p2a: Ken|spe|1
|upkeep
|turn|60
|
|t:|1666906414
|switch|p1a: Blissey|Blissey, F|39/100
|move|p2a: Ken|Earthquake|p1a: Blissey
|-damage|p1a: Blissey|14/100
|
|-damage|p2a: Ken|28/100 tox|[from] psn
|-ability|p2a: Ken|Speed Boost|boost
|-boost|p2a: Ken|spe|1
|upkeep
|turn|61
|
|t:|1666906423
|switch|p1a: Toxapex|Toxapex, M|83/100 par
|move|p2a: Ken|Earthquake|p1a: Toxapex
|-supereffective|p1a: Toxapex
|-damage|p1a: Toxapex|48/100 par
|
|-damage|p2a: Ken|4/100 tox|[from] psn
|-ability|p2a: Ken|Speed Boost|boost
|-boost|p2a: Ken|spe|1
|upkeep
|turn|62
|
|t:|1666906429
|move|p2a: Ken|Rock Slide|p1a: Toxapex
|-damage|p1a: Toxapex|35/100 par
|cant|p1a: Toxapex|flinch
|
|-damage|p2a: Ken|0 fnt|[from] psn
|faint|p2a: Ken
|upkeep
|
|t:|1666906434
|switch|p2a: Sin|Weavile, M|72/100 tox
|-damage|p2a: Sin|60/100 tox|[from] Spikes
|turn|63
|
|t:|1666906438
|switch|p1a: Blissey|Blissey, F|14/100
|move|p2a: Sin|Swords Dance|p2a: Sin
|-boost|p2a: Sin|atk|2
|
|-damage|p2a: Sin|54/100 tox|[from] psn
|upkeep
|turn|64
|
|t:|1666906446
|move|p2a: Sin|Knock Off|p1a: Blissey
|-damage|p1a: Blissey|0 fnt
|-enditem|p1a: Blissey|Heavy-Duty Boots|[from] move: Knock Off|[of] p2a: Sin
|faint|p1a: Blissey
|-damage|p2a: Sin|44/100 tox|[from] item: Life Orb
|
|-damage|p2a: Sin|31/100 tox|[from] psn
|upkeep
|
|t:|1666906457
|switch|p1a: Ditto|Ditto, shiny|100/100
|-damage|p1a: Ditto|88/100|[from] Stealth Rock
|-transform|p1a: Ditto|p2a: Sin|[from] ability: Imposter
|-item|p1a: Ditto|Air Balloon
|turn|65
|
|t:|1666906465
|move|p1a: Ditto|Ice Shard|p2a: Sin
|-resisted|p2a: Sin
|-damage|p2a: Sin|0 fnt
|faint|p2a: Sin
|
|upkeep
|
|t:|1666906467
|switch|p2a: Akashi|Scizor, M|63/100
|-damage|p2a: Akashi|51/100|[from] Spikes
|turn|66
|c| FortniteVegetaUE|please drop the sauce dash this is a diffy team
|c|☆Dash/Jay|i dont know what diffy team means and am too lazy to use a pastebin :/
|
|t:|1666906491
|switch|p1a: Toxapex|Toxapex, M|68/100 par
|move|p2a: Akashi|Sand Tomb|p1a: Toxapex
|-supereffective|p1a: Toxapex
|-crit|p1a: Toxapex
|-damage|p1a: Toxapex|16/100 par
|-activate|p1a: Toxapex|move: Sand Tomb|[of] p2a: Akashi
|
|-damage|p1a: Toxapex|4/100 par|[from] move: Sand Tomb|[partiallytrapped]
|upkeep
|turn|67
|
|t:|1666906499
|move|p2a: Akashi|Sand Tomb|p1a: Toxapex
|-supereffective|p1a: Toxapex
|-damage|p1a: Toxapex|0 fnt
|faint|p1a: Toxapex
|
|upkeep
|c| Ctannn|Wait what
|
|t:|1666906503
|switch|p1a: Ditto|Ditto, shiny|88/100
|-damage|p1a: Ditto|76/100|[from] Stealth Rock
|-transform|p1a: Ditto|p2a: Akashi|[from] ability: Imposter
|-item|p1a: Ditto|Air Balloon
|turn|68
|c| FortniteVegetaUE|go to teambuilder and click upload to pokepaste at the bottom
|c| FortniteVegetaUE|it gives you a link
|
|t:|1666906509
|move|p2a: Akashi|Sand Tomb|p1a: Ditto
|-immune|p1a: Ditto
|move|p1a: Ditto|Sand Tomb|p2a: Akashi
|-damage|p2a: Akashi|31/100
|-activate|p2a: Akashi|move: Sand Tomb|[of] p1a: Ditto
|
|-damage|p2a: Akashi|19/100|[from] move: Sand Tomb|[partiallytrapped]
|upkeep
|turn|69
|c| Ctannn|why not knock off
|c|☆Dash/Jay|oh word?
|c|☆Dash/Jay|bet
|c|☆shiawasenostory|this is one of the teams of ou
|c|☆Dash/Jay|need wingbat for buzzwole
|c| FortniteVegetaUE|100%
|inactive|Dash/Jay has 120 seconds left.
|j| LT_Alt1
|c|☆Dash/Jay|sandtomb for non stall team pex's
|c|☆Dash/Jay|i just do terribly vs stall teams like this
|c| Ctannn|No I mea
|c|☆Dash/Jay|but atleast im usin mons i like
|inactive|Dash/Jay has 90 seconds left.
|c| Ctannn|why didn’t Weavile knock off
|c| Ctannn|am i missing something
|c| Ctannn|The ditto weavile
|c|☆Dash/Jay|ohhh
|c| FortniteVegetaUE|this team is a prodigy
|inactive|Dash/Jay has 60 seconds left.
|c|☆Dash/Jay|cuz then i ice shard and break balloon
|c|☆Dash/Jay|and if knock off doesnt kill
|c|☆Dash/Jay|its a lil more tricky for him
|c|☆Dash/Jay|(but not really if hes smart)
|c|☆Dash/Jay|he was just upping his percentage of winning
|
|t:|1666906622
|move|p1a: Ditto|Bullet Punch|p2a: Akashi
|-resisted|p2a: Akashi
|-damage|p2a: Akashi|3/100
|move|p2a: Akashi|Sand Tomb|p1a: Ditto
|-immune|p1a: Ditto
|
|-damage|p2a: Akashi|0 fnt|[from] move: Sand Tomb|[partiallytrapped]
|faint|p2a: Akashi
|
|win|shiawasenostory
|upkeep
|raw|shiawasenostory's rating: 1889 &rarr; <strong>1899</strong><br />(+10 for winning)
|raw|Dash&#x2f;Jay's rating: 1694 &rarr; <strong>1684</strong><br />(-10 for losing)
|c|☆Dash/Jay|gg
|c| FortniteVegetaUE|gg
|c| FortniteVegetaUE|pokepaste goes insane
||Ladder isn't responding, score probably updated but might not have (Request timeout).
|c|☆Dash/Jay|https://pokepast.es/75add48a76eeb8f0
|c|☆Dash/Jay|there you go veegta
|l| Ctannn
|c|☆Dash/Jay|vegeta*
|l|☆Dash/Jay
|l|☆shiawasenostory
|c| FortniteVegetaUE|thanks man
