|raw|<div class="broadcast-blue"><strong>This battle is required to be public due to a player having a name starting with 'lt81yl'.</div>
|j|☆LT81YL Manolo
|j|☆4funaccount
|t:|1625778967
|gametype|singles
|player|p1|LT81YL Manolo|winona|1801
|player|p2|4funaccount|170|1774
|teamsize|p1|6
|teamsize|p2|6
|gen|8
|tier|[Gen 8] OU
|rated|
|rule|Sleep Clause Mod: Limit one foe put to sleep
|rule|Species Clause: Limit one of each Pokémon
|rule|OHKO Clause: OHKO moves are banned
|rule|Evasion Moves Clause: Evasion moves are banned
|rule|Endless Battle Clause: Forcing endless battles is banned
|rule|HP Percentage Mod: HP is shown in percentages
|rule|Dynamax Clause: You cannot dynamax
|clearpoke
|poke|p1|Ninetales-Alola, F|
|poke|p1|Heatran, F|
|poke|p1|Dragapult, M|
|poke|p1|Scizor, M|
|poke|p1|Garchomp, F|
|poke|p1|Cloyster, M|
|poke|p2|Weavile, M|
|poke|p2|Victini|
|poke|p2|Tapu Koko|
|poke|p2|Corviknight, F|
|poke|p2|Slowking, F|
|poke|p2|Garchomp, M|
|teampreview
|j| BigMeatDodo
|inactive|Battle timer is ON: inactive players will automatically lose when time's up. (requested by 4funaccount)
|
|t:|1625778994
|start
|switch|p1a: Heatran|Heatran, F|100/100
|switch|p2a: Tapu Koko|Tapu Koko|100/100
|-fieldstart|move: Electric Terrain|[from] ability: Electric Surge|[of] p2a: Tapu Koko
|-item|p1a: Heatran|Air Balloon
|turn|1
|
|t:|1625778998
|move|p2a: Tapu Koko|U-turn|p1a: Heatran
|-resisted|p1a: Heatran
|-damage|p1a: Heatran|96/100
|-status|p2a: Tapu Koko|brn|[from] ability: Flame Body|[of] p1a: Heatran
|-enditem|p1a: Heatran|Air Balloon
|
|t:|1625779009
|switch|p2a: Slowking|Slowking, F|100/100|[from]move: U-turn
|move|p1a: Heatran|Stealth Rock|p2a: Slowking
|-sidestart|p2: 4funaccount|move: Stealth Rock
|
|upkeep
|turn|2
|
|t:|1625779018
|move|p1a: Heatran|Magma Storm|p2a: Slowking
|-resisted|p2a: Slowking
|-damage|p2a: Slowking|86/100
|-activate|p2a: Slowking|move: Magma Storm|[of] p1a: Heatran
|move|p2a: Slowking|Future Sight|p1a: Heatran
|-start|p2a: Slowking|move: Future Sight
|
|-damage|p2a: Slowking|73/100|[from] move: Magma Storm|[partiallytrapped]
|upkeep
|turn|3
|
|t:|1625779022
|move|p1a: Heatran|Taunt|p2a: Slowking
|-start|p2a: Slowking|move: Taunt
|move|p2a: Slowking|Scald|p1a: Heatran
|-supereffective|p1a: Heatran
|-damage|p1a: Heatran|39/100
|
|-damage|p2a: Slowking|61/100|[from] move: Magma Storm|[partiallytrapped]
|upkeep
|turn|4
|
|t:|1625779024
|move|p1a: Heatran|Earth Power|p2a: Slowking
|-damage|p2a: Slowking|42/100
|move|p2a: Slowking|Scald|p1a: Heatran
|-supereffective|p1a: Heatran
|-damage|p1a: Heatran|0 fnt
|faint|p1a: Heatran
|
|-hint|Future Sight did not hit because the target is fainted.
|-end|p2a: Slowking|Magma Storm|[partiallytrapped]|[silent]
|upkeep
|
|t:|1625779054
|switch|p1a: Ninetales|Ninetales-Alola, F|100/100
|-weather|Hail|[from] ability: Snow Warning|[of] p1a: Ninetales
|turn|5
|
|t:|1625779067
|switch|p2a: Corviknight|Corviknight, F|100/100
|-damage|p2a: Corviknight|88/100|[from] Stealth Rock
|-ability|p2a: Corviknight|Pressure
|move|p1a: Ninetales|Aurora Veil|p1a: Ninetales
|-sidestart|p1: LT81YL Manolo|move: Aurora Veil
|
|-weather|Hail|[upkeep]
|-damage|p2a: Corviknight|82/100|[from] Hail
|-heal|p2a: Corviknight|88/100|[from] item: Leftovers
|-fieldend|move: Electric Terrain
|upkeep
|turn|6
|
|t:|1625779077
|switch|p2a: Tapu Koko|Tapu Koko|100/100 brn
|-fieldstart|move: Electric Terrain|[from] ability: Electric Surge|[of] p2a: Tapu Koko
|move|p1a: Ninetales|Hypnosis||[still]
|-fail|p1a: Ninetales
|
|-weather|Hail|[upkeep]
|-damage|p2a: Tapu Koko|94/100 brn|[from] Hail
|-damage|p2a: Tapu Koko|88/100 brn|[from] brn
|upkeep
|turn|7
|
|t:|1625779081
|move|p2a: Tapu Koko|U-turn|p1a: Ninetales
|-resisted|p1a: Ninetales
|-damage|p1a: Ninetales|98/100
|
|t:|1625779084
|switch|p2a: Slowking|Slowking, F|75/100|[from]move: U-turn
|move|p1a: Ninetales|Freeze-Dry|p2a: Slowking
|-supereffective|p2a: Slowking
|-damage|p2a: Slowking|50/100
|
|-weather|Hail|[upkeep]
|-damage|p2a: Slowking|44/100|[from] Hail
|upkeep
|turn|8
|
|t:|1625779103
|switch|p1a: Dragapult|Dragapult, M|100/100
|move|p2a: Slowking|Teleport|p2a: Slowking
|
|t:|1625779108
|switch|p2a: Corviknight|Corviknight, F|88/100|[from]move: Teleport
|-damage|p2a: Corviknight|75/100|[from] Stealth Rock
|-ability|p2a: Corviknight|Pressure
|
|-weather|Hail|[upkeep]
|-damage|p1a: Dragapult|94/100|[from] Hail
|-damage|p2a: Corviknight|69/100|[from] Hail
|-heal|p2a: Corviknight|75/100|[from] item: Leftovers
|upkeep
|turn|9
|
|t:|1625779114
|move|p1a: Dragapult|Dragon Dance|p1a: Dragapult
|-boost|p1a: Dragapult|atk|1
|-boost|p1a: Dragapult|spe|1
|move|p2a: Corviknight|Defog|p1a: Dragapult
|-fail|p1a: Dragapult|unboost|[from] ability: Clear Body|[of] p1a: Dragapult
|-sideend|p1: LT81YL Manolo|move: Aurora Veil
|-sideend|p2: 4funaccount|Stealth Rock|[from] move: Defog|[of] p2a: Corviknight
|-fieldend|move: Electric Terrain
|
|-weather|none
|-heal|p2a: Corviknight|82/100|[from] item: Leftovers
|upkeep
|turn|10
|
|t:|1625779117
|move|p1a: Dragapult|Dragon Dance|p1a: Dragapult
|-boost|p1a: Dragapult|atk|1
|-boost|p1a: Dragapult|spe|1
|move|p2a: Corviknight|U-turn|p1a: Dragapult
|-resisted|p1a: Dragapult
|-damage|p1a: Dragapult|86/100
|
|t:|1625779125
|switch|p2a: Weavile|Weavile, M|100/100|[from]move: U-turn
|-ability|p2a: Weavile|Pressure
|
|upkeep
|turn|11
|
|t:|1625779135
|switch|p2a: Tapu Koko|Tapu Koko|88/100 brn
|-fieldstart|move: Electric Terrain|[from] ability: Electric Surge|[of] p2a: Tapu Koko
|move|p1a: Dragapult|Dragon Darts|p2a: Tapu Koko
|-immune|p2a: Tapu Koko
|
|-damage|p2a: Tapu Koko|82/100 brn|[from] brn
|upkeep
|turn|12
|
|t:|1625779146
|switch|p2a: Garchomp|Garchomp, M|100/100
|move|p1a: Dragapult|Dragon Darts|p2a: Garchomp
|-supereffective|p2a: Garchomp
|-damage|p2a: Garchomp|19/100
|-anim|p1a: Dragapult|Dragon Darts|p2a: Garchomp
|-supereffective|p2a: Garchomp
|-damage|p2a: Garchomp|0 fnt
|faint|p2a: Garchomp
|
|upkeep
|
|t:|1625779149
|switch|p2a: Tapu Koko|Tapu Koko|82/100 brn
|turn|13
|
|t:|1625779154
|switch|p2a: Weavile|Weavile, M|100/100
|-ability|p2a: Weavile|Pressure
|move|p1a: Dragapult|Dragon Darts|p2a: Weavile
|-damage|p2a: Weavile|8/100
|-anim|p1a: Dragapult|Dragon Darts|p2a: Weavile
|-damage|p2a: Weavile|0 fnt
|faint|p2a: Weavile
|
|upkeep
|-message|4funaccount forfeited.
|
|win|LT81YL Manolo
|raw|LT81YL Manolo's rating: 1802 &rarr; <strong>1820</strong><br />(+18 for winning)
|raw|4funaccount's rating: 1774 &rarr; <strong>1756</strong><br />(-18 for losing)
|l|☆4funaccount
|l| BigMeatDodo
||Ladder isn't responding, score probably updated but might not have (Request timeout).
