|j|☆someidiot19
|j|☆frouug
|t:|1665205135
|gametype|singles
|player|p1|someidiot19|teacher-gen2|
|player|p2|frouug|spenser-gen3|
|teamsize|p1|6
|teamsize|p2|6
|gen|8
|tier|[Gen 8] OU
|rule|Sleep Clause Mod: Limit one foe put to sleep
|rule|Species Clause: Limit one of each Pokémon
|rule|OHKO Clause: OHKO moves are banned
|rule|Evasion Items Clause: Evasion items are banned
|rule|Evasion Moves Clause: Evasion moves are banned
|rule|Endless Battle Clause: Forcing endless battles is banned
|rule|HP Percentage Mod: HP is shown in percentages
|rule|Dynamax Clause: You cannot dynamax
|clearpoke
|poke|p1|Trubbish, M|
|poke|p1|Mandibuzz, F|
|poke|p1|Mamoswine, M|
|poke|p1|Heatran, M|
|poke|p1|Quagsire, F|
|poke|p1|Tornadus-Therian, M|
|poke|p2|Tyranitar, F|
|poke|p2|Clefable, M|
|poke|p2|Landorus-Therian, M|
|poke|p2|Blissey, F|
|poke|p2|Melmetal|
|poke|p2|Urshifu-*, F|
|teampreview
|inactive|Battle timer is ON: inactive players will automatically lose when time's up. (requested by someidiot19)
|
|t:|1665205160
|start
|switch|p1a: Trubbish|Trubbish, M|100/100
|switch|p2a: Tyranitar|Tyranitar, F|100/100
|-weather|Sandstorm|[from] ability: Sand Stream|[of] p2a: Tyranitar
|turn|1
|
|t:|1665205168
|move|p1a: Trubbish|Spikes|p2a: Tyranitar
|-sidestart|p2: frouug|Spikes
|move|p2a: Tyranitar|Earthquake|p1a: Trubbish
|-supereffective|p1a: Trubbish
|-damage|p1a: Trubbish|59/100
|
|-weather|Sandstorm|[upkeep]
|-damage|p1a: Trubbish|53/100|[from] Sandstorm
|upkeep
|turn|2
|
|t:|1665205190
|move|p1a: Trubbish|Pain Split|p2a: Tyranitar
|-sethp|p2a: Tyranitar|70/100|[from] move: Pain Split|[silent]
|-sethp|p1a: Trubbish|93/100|[from] move: Pain Split
|move|p2a: Tyranitar|Earthquake|p1a: Trubbish
|-supereffective|p1a: Trubbish
|-damage|p1a: Trubbish|50/100
|
|-weather|Sandstorm|[upkeep]
|-damage|p1a: Trubbish|44/100|[from] Sandstorm
|upkeep
|turn|3
|
|t:|1665205202
|switch|p1a: Quagsire|Quagsire, F|100/100
|move|p2a: Tyranitar|Earthquake|p1a: Quagsire
|-damage|p1a: Quagsire|79/100
|
|-weather|Sandstorm|[upkeep]
|-heal|p1a: Quagsire|85/100|[from] item: Leftovers
|upkeep
|turn|4
|
|t:|1665205213
|switch|p2a: Blissey|Blissey, F|100/100
|-damage|p2a: Blissey|88/100|[from] Spikes
|move|p1a: Quagsire|Scald|p2a: Blissey
|-damage|p2a: Blissey|81/100
|
|-weather|Sandstorm|[upkeep]
|-damage|p2a: Blissey|75/100|[from] Sandstorm
|-heal|p2a: Blissey|81/100|[from] item: Leftovers
|-heal|p1a: Quagsire|91/100|[from] item: Leftovers
|upkeep
|turn|5
|
|t:|1665205228
|switch|p2a: Urshifu|Urshifu-Rapid-Strike, F|100/100
|-damage|p2a: Urshifu|88/100|[from] Spikes
|switch|p1a: Trubbish|Trubbish, M|44/100
|
|-weather|none
|upkeep
|turn|6
|
|t:|1665205253
|switch|p1a: Tornadus|Tornadus-Therian, M|100/100
|move|p2a: Urshifu|U-turn|p1a: Tornadus
|-resisted|p1a: Tornadus
|-damage|p1a: Tornadus|74/100
|inactive|frouug has 270 seconds left.
|
|t:|1665205267
|switch|p2a: Tyranitar|Tyranitar, F|70/100|[from]move: U-turn
|-damage|p2a: Tyranitar|58/100|[from] Spikes
|-weather|Sandstorm|[from] ability: Sand Stream|[of] p2a: Tyranitar
|
|-weather|Sandstorm|[upkeep]
|-damage|p1a: Tornadus|68/100|[from] Sandstorm
|upkeep
|turn|7
|
|t:|1665205274
|move|p1a: Tornadus|Focus Blast|p2a: Tyranitar|[miss]
|-miss|p1a: Tornadus|p2a: Tyranitar
|move|p2a: Tyranitar|Stone Edge|p1a: Tornadus
|-supereffective|p1a: Tornadus
|-damage|p1a: Tornadus|0 fnt
|faint|p1a: Tornadus
|
|-weather|Sandstorm|[upkeep]
|upkeep
|
|t:|1665205278
|switch|p1a: Mamoswine|Mamoswine, M|100/100
|turn|8
|
|t:|1665205284
|move|p1a: Mamoswine|Stealth Rock|p2a: Tyranitar
|-sidestart|p2: frouug|move: Stealth Rock
|move|p2a: Tyranitar|Fire Blast|p1a: Mamoswine|[miss]
|-miss|p2a: Tyranitar|p1a: Mamoswine
|
|-weather|Sandstorm|[upkeep]
|upkeep
|turn|9
|
|t:|1665205296
|switch|p2a: Urshifu|Urshifu-Rapid-Strike, F|88/100
|-damage|p2a: Urshifu|76/100|[from] Spikes
|-damage|p2a: Urshifu|70/100|[from] Stealth Rock
|move|p1a: Mamoswine|Icicle Crash|p2a: Urshifu
|-resisted|p2a: Urshifu
|-damage|p2a: Urshifu|37/100
|-damage|p1a: Mamoswine|91/100|[from] item: Life Orb
|
|-weather|Sandstorm|[upkeep]
|-damage|p2a: Urshifu|31/100|[from] Sandstorm
|upkeep
|turn|10
|
|t:|1665205314
|switch|p1a: Mandibuzz|Mandibuzz, F|100/100
|move|p2a: Urshifu|Surging Strikes|p1a: Mandibuzz
|-crit|p1a: Mandibuzz
|-damage|p1a: Mandibuzz|74/100
|-crit|p1a: Mandibuzz
|-damage|p1a: Mandibuzz|48/100
|-crit|p1a: Mandibuzz
|-damage|p1a: Mandibuzz|20/100
|-hitcount|p1a: Mandibuzz|3
|
|-weather|none
|upkeep
|turn|11
|
|t:|1665205325
|move|p2a: Urshifu|Surging Strikes|p1a: Mandibuzz
|-crit|p1a: Mandibuzz
|-damage|p1a: Mandibuzz|0 fnt
|faint|p1a: Mandibuzz
|-hitcount|p1: Mandibuzz|1
|
|upkeep
|
|t:|1665205330
|switch|p1a: Heatran|Heatran, M|100/100
|turn|12
|
|t:|1665205341
|move|p1a: Heatran|Earth Power|p2a: Urshifu
|-damage|p2a: Urshifu|0 fnt
|faint|p2a: Urshifu
|
|upkeep
|
|t:|1665205351
|switch|p2a: Landorus|Landorus-Therian, M|100/100
|-damage|p2a: Landorus|88/100|[from] Stealth Rock
|-ability|p2a: Landorus|Intimidate|boost
|-unboost|p1a: Heatran|atk|1
|turn|13
|
|t:|1665205356
|switch|p1a: Quagsire|Quagsire, F|91/100
|move|p2a: Landorus|Defog|p1a: Quagsire
|-unboost|p1a: Quagsire|evasion|1
|-sideend|p2: frouug|Spikes|[from] move: Defog|[of] p2a: Landorus
|-sideend|p2: frouug|Stealth Rock|[from] move: Defog|[of] p2a: Landorus
|
|-heal|p2a: Landorus|94/100|[from] item: Leftovers
|-heal|p1a: Quagsire|97/100|[from] item: Leftovers
|upkeep
|turn|14
|
|t:|1665205370
|move|p2a: Landorus|Stealth Rock|p1a: Quagsire
|-sidestart|p1: someidiot19|move: Stealth Rock
|move|p1a: Quagsire|Scald|p2a: Landorus
|-supereffective|p2a: Landorus
|-damage|p2a: Landorus|57/100
|
|-heal|p2a: Landorus|63/100|[from] item: Leftovers
|-heal|p1a: Quagsire|100/100|[from] item: Leftovers
|upkeep
|turn|15
|
|t:|1665205376
|move|p2a: Landorus|U-turn|p1a: Quagsire
|-damage|p1a: Quagsire|86/100
|
|t:|1665205379
|switch|p2a: Clefable|Clefable, M|100/100|[from]move: U-turn
|move|p1a: Quagsire|Scald|p2a: Clefable
|-damage|p2a: Clefable|82/100
|
|-heal|p2a: Clefable|88/100|[from] item: Leftovers
|-heal|p1a: Quagsire|92/100|[from] item: Leftovers
|upkeep
|turn|16
|
|t:|1665205383
|switch|p1a: Trubbish|Trubbish, M|44/100
|-damage|p1a: Trubbish|32/100|[from] Stealth Rock
|move|p2a: Clefable|Calm Mind|p2a: Clefable
|-boost|p2a: Clefable|spa|1
|-boost|p2a: Clefable|spd|1
|
|-heal|p2a: Clefable|94/100|[from] item: Leftovers
|upkeep
|turn|17
|
|t:|1665205394
|move|p1a: Trubbish|Haze|p1a: Trubbish
|-clearallboost
|move|p2a: Clefable|Calm Mind|p2a: Clefable
|-boost|p2a: Clefable|spa|1
|-boost|p2a: Clefable|spd|1
|
|-heal|p2a: Clefable|100/100|[from] item: Leftovers
|upkeep
|turn|18
|
|t:|1665205400
|move|p1a: Trubbish|Pain Split|p2a: Clefable
|-sethp|p2a: Clefable|62/100|[from] move: Pain Split|[silent]
|-sethp|p1a: Trubbish|81/100|[from] move: Pain Split
|move|p2a: Clefable|Flamethrower|p1a: Trubbish
|-damage|p1a: Trubbish|48/100
|
|-heal|p2a: Clefable|68/100|[from] item: Leftovers
|upkeep
|turn|19
|
|t:|1665205410
|switch|p2a: Melmetal|Melmetal|100/100
|move|p1a: Trubbish|Gunk Shot|p2a: Melmetal
|-immune|p2a: Melmetal
|
|upkeep
|turn|20
|
|t:|1665205429
|switch|p2a: Landorus|Landorus-Therian, M|63/100
|-ability|p2a: Landorus|Intimidate|boost
|-unboost|p1a: Trubbish|atk|1
|move|p1a: Trubbish|Spikes|p2a: Landorus
|-sidestart|p2: frouug|Spikes
|
|-heal|p2a: Landorus|70/100|[from] item: Leftovers
|upkeep
|turn|21
|
|t:|1665205437
|move|p2a: Landorus|Earthquake|p1a: Trubbish
|-supereffective|p1a: Trubbish
|-damage|p1a: Trubbish|0 fnt
|faint|p1a: Trubbish
|
|-heal|p2a: Landorus|76/100|[from] item: Leftovers
|upkeep
|
|t:|1665205442
|switch|p1a: Mamoswine|Mamoswine, M|91/100
|-damage|p1a: Mamoswine|78/100|[from] Stealth Rock
|turn|22
|
|t:|1665205451
|move|p1a: Mamoswine|Icicle Crash|p2a: Landorus
|-supereffective|p2a: Landorus
|-damage|p2a: Landorus|0 fnt
|faint|p2a: Landorus
|-damage|p1a: Mamoswine|68/100|[from] item: Life Orb
|
|upkeep
|
|t:|1665205456
|switch|p2a: Melmetal|Melmetal|100/100
|-damage|p2a: Melmetal|88/100|[from] Spikes
|turn|23
|
|t:|1665205462
|move|p1a: Mamoswine|Earthquake|p2a: Melmetal
|-supereffective|p2a: Melmetal
|-crit|p2a: Melmetal
|-damage|p2a: Melmetal|0 fnt
|faint|p2a: Melmetal
|-damage|p1a: Mamoswine|58/100|[from] item: Life Orb
|
|upkeep
|
|t:|1665205483
|switch|p2a: Blissey|Blissey, F|81/100
|-damage|p2a: Blissey|69/100|[from] Spikes
|turn|24
|
|t:|1665205489
|move|p1a: Mamoswine|Earthquake|p2a: Blissey
|-crit|p2a: Blissey
|-damage|p2a: Blissey|0 fnt
|faint|p2a: Blissey
|-damage|p1a: Mamoswine|48/100|[from] item: Life Orb
|
|upkeep
|
|t:|1665205501
|switch|p2a: Tyranitar|Tyranitar, F|58/100
|-damage|p2a: Tyranitar|45/100|[from] Spikes
|-weather|Sandstorm|[from] ability: Sand Stream|[of] p2a: Tyranitar
|turn|25
|
|t:|1665205508
|move|p1a: Mamoswine|Earthquake|p2a: Tyranitar
|-supereffective|p2a: Tyranitar
|-enditem|p2a: Tyranitar|Shuca Berry|[eat]
|-enditem|p2a: Tyranitar|Shuca Berry|[weaken]
|-damage|p2a: Tyranitar|0 fnt
|faint|p2a: Tyranitar
|-damage|p1a: Mamoswine|38/100|[from] item: Life Orb
|
|-weather|Sandstorm|[upkeep]
|upkeep
|
|t:|1665205516
|switch|p2a: Clefable|Clefable, M|68/100
|-damage|p2a: Clefable|56/100|[from] Spikes
|turn|26
|
|t:|1665205522
|move|p1a: Mamoswine|Earthquake|p2a: Clefable
|-damage|p2a: Clefable|0 fnt
|faint|p2a: Clefable
|-damage|p1a: Mamoswine|28/100|[from] item: Life Orb
|
|win|someidiot19
|l|☆frouug
