|j|☆misplayin
|j|☆Vince1314
|t:|1667423144
|gametype|singles
|player|p1|misplayin|bugsy|1741
|player|p2|Vince1314|170|1751
|teamsize|p1|6
|teamsize|p2|6
|gen|8
|tier|[Gen 8] OU
|rated|
|rule|Sleep Clause Mod: Limit one foe put to sleep
|rule|Species Clause: Limit one of each Pokémon
|rule|OHKO Clause: OHKO moves are banned
|rule|Evasion Items Clause: Evasion items are banned
|rule|Evasion Moves Clause: Evasion moves are banned
|rule|Endless Battle Clause: Forcing endless battles is banned
|rule|HP Percentage Mod: HP is shown in percentages
|rule|Dynamax Clause: You cannot dynamax
|clearpoke
|poke|p1|Azumarill, F|
|poke|p1|Gengar, M|
|poke|p1|Garchomp, F|
|poke|p1|Tornadus-Therian, M|
|poke|p1|Landorus-Therian, M|
|poke|p1|Buzzwole|
|poke|p2|Garchomp, M|
|poke|p2|Heatran, M|
|poke|p2|Tapu Fini|
|poke|p2|Zapdos|
|poke|p2|Dragapult, M|
|poke|p2|Melmetal|
|teampreview
|inactive|Battle timer is ON: inactive players will automatically lose when time's up. (requested by misplayin)
|j| intai+frnds
|inactive|misplayin has 120 seconds left.
|
|t:|1667423175
|start
|switch|p1a: Azumarill|Azumarill, F|100/100
|switch|p2a: Heatran|Heatran, M|100/100
|-item|p2a: Heatran|Air Balloon
|turn|1
|
|t:|1667423184
|switch|p2a: Tapu Fini|Tapu Fini|100/100
|-fieldstart|move: Misty Terrain|[from] ability: Misty Surge|[of] p2a: Tapu Fini
|move|p1a: Azumarill|Liquidation|p2a: Tapu Fini
|-resisted|p2a: Tapu Fini
|-damage|p2a: Tapu Fini|64/100
|
|-heal|p2a: Tapu Fini|70/100|[from] item: Leftovers
|upkeep
|turn|2
|
|t:|1667423193
|switch|p1a: Tornadus|Tornadus-Therian, M|100/100
|move|p2a: Tapu Fini|Moonblast|p1a: Tornadus
|-damage|p1a: Tornadus|80/100
|
|-heal|p2a: Tapu Fini|76/100|[from] item: Leftovers
|upkeep
|turn|3
|
|t:|1667423200
|switch|p2a: Zapdos|Zapdos|100/100
|move|p1a: Tornadus|Knock Off|p2a: Zapdos
|-damage|p2a: Zapdos|86/100
|-enditem|p2a: Zapdos|Heavy-Duty Boots|[from] move: Knock Off|[of] p1a: Tornadus
|
|upkeep
|turn|4
|j| goaway12309
|
|t:|1667423206
|switch|p1a: Garchomp|Garchomp, F|100/100
|move|p2a: Zapdos|Hurricane|p1a: Garchomp
|-damage|p1a: Garchomp|67/100
|
|-heal|p1a: Garchomp|74/100|[from] item: Leftovers
|upkeep
|turn|5
|j| Valiant Hearts
|
|t:|1667423213
|switch|p2a: Dragapult|Dragapult, M|100/100
|move|p1a: Garchomp|Stealth Rock|p2a: Dragapult
|-sidestart|p2: Vince1314|move: Stealth Rock
|
|-heal|p1a: Garchomp|80/100|[from] item: Leftovers
|-fieldend|Misty Terrain
|upkeep
|turn|6
|l|☆Vince1314
|inactive|Vince1314 disconnected and has a minute to reconnect!
|player|p2|
|j|☆Vince1314
|inactive|Vince1314 reconnected and has 105 seconds left.
|player|p2|Vince1314|170
|
|t:|1667423263
|move|p1a: Garchomp|Protect|p1a: Garchomp
|-singleturn|p1a: Garchomp|Protect
|move|p2a: Dragapult|Dragon Dance|p2a: Dragapult
|-boost|p2a: Dragapult|atk|1
|-boost|p2a: Dragapult|spe|1
|
|-heal|p1a: Garchomp|86/100|[from] item: Leftovers
|upkeep
|turn|7
|
|t:|1667423269
|switch|p1a: Azumarill|Azumarill, F|100/100
|move|p2a: Dragapult|Dragon Dance|p2a: Dragapult
|-boost|p2a: Dragapult|atk|1
|-boost|p2a: Dragapult|spe|1
|
|upkeep
|turn|8
|
|t:|1667423277
|move|p2a: Dragapult|Phantom Force||[still]
|-prepare|p2a: Dragapult|Phantom Force
|move|p1a: Azumarill|Knock Off|p2a: Dragapult|[miss]
|-miss|p1a: Azumarill|p2a: Dragapult
|
|upkeep
|turn|9
|j| 10 Million Voices
|inactive|misplayin has 120 seconds left.
|
|t:|1667423317
|switch|p1a: Buzzwole|Buzzwole|100/100
|move|p2a: Dragapult|Phantom Force|p1a: Buzzwole|[from]lockedmove
|-damage|p1a: Buzzwole|38/100
|-damage|p2a: Dragapult|84/100|[from] item: Rocky Helmet|[of] p1a: Buzzwole
|-damage|p2a: Dragapult|74/100|[from] item: Life Orb
|
|upkeep
|turn|10
|
|t:|1667423325
|switch|p1a: Azumarill|Azumarill, F|100/100
|move|p2a: Dragapult|Fire Blast|p1a: Azumarill|[miss]
|-miss|p2a: Dragapult|p1a: Azumarill
|
|upkeep
|turn|11
|
|t:|1667423333
|move|p1a: Azumarill|Aqua Jet|p2a: Dragapult
|-resisted|p2a: Dragapult
|-damage|p2a: Dragapult|44/100
|move|p2a: Dragapult|Phantom Force||[still]
|-prepare|p2a: Dragapult|Phantom Force
|
|upkeep
|turn|12
|
|t:|1667423337
|switch|p1a: Buzzwole|Buzzwole|38/100
|move|p2a: Dragapult|Phantom Force|p1a: Buzzwole|[from]lockedmove
|-damage|p1a: Buzzwole|0 fnt
|-damage|p2a: Dragapult|27/100|[from] item: Rocky Helmet|[of] p1a: Buzzwole
|faint|p1a: Buzzwole
|-damage|p2a: Dragapult|18/100|[from] item: Life Orb
|
|upkeep
|
|t:|1667423345
|switch|p1a: Azumarill|Azumarill, F|100/100
|turn|13
|
|t:|1667423349
|move|p1a: Azumarill|Aqua Jet|p2a: Dragapult
|-resisted|p2a: Dragapult
|-damage|p2a: Dragapult|0 fnt
|faint|p2a: Dragapult
|
|upkeep
|
|t:|1667423353
|switch|p2a: Tapu Fini|Tapu Fini|76/100
|-damage|p2a: Tapu Fini|64/100|[from] Stealth Rock
|-fieldstart|move: Misty Terrain|[from] ability: Misty Surge|[of] p2a: Tapu Fini
|turn|14
|
|t:|1667423361
|switch|p1a: Tornadus|Tornadus-Therian, M|100/100
|move|p2a: Tapu Fini|Defog|p1a: Tornadus
|-unboost|p1a: Tornadus|evasion|1
|-sideend|p2: Vince1314|Stealth Rock|[from] move: Defog|[of] p2a: Tapu Fini
|-fieldend|Misty Terrain
|
|-heal|p2a: Tapu Fini|70/100|[from] item: Leftovers
|upkeep
|turn|15
|
|t:|1667423370
|switch|p1a: Garchomp|Garchomp, F|86/100
|move|p2a: Tapu Fini|Scald|p1a: Garchomp
|-damage|p1a: Garchomp|68/100
|
|-heal|p1a: Garchomp|74/100|[from] item: Leftovers
|-heal|p2a: Tapu Fini|76/100|[from] item: Leftovers
|upkeep
|turn|16
|
|t:|1667423377
|switch|p1a: Gengar|Gengar, M|100/100
|move|p2a: Tapu Fini|Moonblast|p1a: Gengar
|-resisted|p1a: Gengar
|-damage|p1a: Gengar|74/100
|
|-heal|p2a: Tapu Fini|82/100|[from] item: Leftovers
|upkeep
|turn|17
|
|t:|1667423385
|switch|p2a: Melmetal|Melmetal|100/100
|move|p1a: Gengar|Nasty Plot|p1a: Gengar
|-boost|p1a: Gengar|spa|2
|
|upkeep
|turn|18
|
|t:|1667423390
|move|p1a: Gengar|Focus Blast|p2a: Melmetal
|-supereffective|p2a: Melmetal
|-damage|p2a: Melmetal|0 fnt
|faint|p2a: Melmetal
|-damage|p1a: Gengar|64/100|[from] item: Life Orb
|
|upkeep
|
|t:|1667423396
|switch|p2a: Heatran|Heatran, M|100/100
|-item|p2a: Heatran|Air Balloon
|turn|19
|
|t:|1667423399
|move|p1a: Gengar|Focus Blast|p2a: Heatran
|-supereffective|p2a: Heatran
|-damage|p2a: Heatran|0 fnt
|-enditem|p2a: Heatran|Air Balloon
|faint|p2a: Heatran
|-damage|p1a: Gengar|55/100|[from] item: Life Orb
|
|upkeep
|-message|Vince1314 forfeited.
|
|win|misplayin
|raw|misplayin's rating: 1741 &rarr; <strong>1762</strong><br />(+21 for winning)
|raw|Vince1314's rating: 1751 &rarr; <strong>1730</strong><br />(-21 for losing)
|l|☆Vince1314
|l| goaway12309
|c| 10 Million Voices|smoked
|l| intai+frnds
|l| 10 Million Voices
|l| Valiant Hearts
||Ladder isn't responding, score probably updated but might not have (Request timeout).
