|j|☆mcp3
|j|☆GORAN EL DRACO
|t:|1667309530
|gametype|singles
|player|p1|mcp3|scientistf|1711
|player|p2|GORAN EL DRACO|harlequin|1755
|teamsize|p1|6
|teamsize|p2|6
|gen|8
|tier|[Gen 8] OU
|rated|
|rule|Sleep Clause Mod: Limit one foe put to sleep
|rule|Species Clause: Limit one of each Pokémon
|rule|OHKO Clause: OHKO moves are banned
|rule|Evasion Items Clause: Evasion items are banned
|rule|Evasion Moves Clause: Evasion moves are banned
|rule|Endless Battle Clause: Forcing endless battles is banned
|rule|HP Percentage Mod: HP is shown in percentages
|rule|Dynamax Clause: You cannot dynamax
|clearpoke
|poke|p1|Tapu Koko|
|poke|p1|Kartana|
|poke|p1|Heatran, M|
|poke|p1|Ferrothorn, F|
|poke|p1|Dragapult, M|
|poke|p1|Landorus-Therian, M|
|poke|p2|Pelipper, F|
|poke|p2|Melmetal|
|poke|p2|Inteleon, F|
|poke|p2|Ferrothorn, F|
|poke|p2|Barraskewda, M|
|poke|p2|Seismitoad, F|
|teampreview
|inactive|Battle timer is ON: inactive players will automatically lose when time's up. (requested by GORAN EL DRACO)
|inactive|mcp3 has 120 seconds left.
|
|t:|1667309567
|start
|switch|p1a: Dragapult|Dragapult, M|100/100
|switch|p2a: Pelipper|Pelipper, F|100/100
|-weather|RainDance|[from] ability: Drizzle|[of] p2a: Pelipper
|turn|1
|j| Jongruenwald
|
|t:|1667309576
|switch|p2a: Ferrothorn|Ferrothorn, F|100/100
|move|p1a: Dragapult|Shadow Ball|p2a: Ferrothorn
|-damage|p2a: Ferrothorn|66/100
|
|-weather|RainDance|[upkeep]
|-heal|p2a: Ferrothorn|72/100|[from] item: Leftovers
|upkeep
|turn|2
|
|t:|1667309585
|switch|p1a: Heatran|Heatran, M|100/100
|-item|p1a: Heatran|Air Balloon
|move|p2a: Ferrothorn|Knock Off|p1a: Heatran
|-damage|p1a: Heatran|79/100
|-enditem|p1a: Heatran|Air Balloon
|
|-weather|RainDance|[upkeep]
|-heal|p2a: Ferrothorn|78/100|[from] item: Leftovers
|upkeep
|turn|3
|
|t:|1667309594
|move|p1a: Heatran|Stealth Rock|p2a: Ferrothorn
|-sidestart|p2: GORAN EL DRACO|move: Stealth Rock
|move|p2a: Ferrothorn|Stealth Rock|p1a: Heatran
|-sidestart|p1: mcp3|move: Stealth Rock
|
|-weather|RainDance|[upkeep]
|-heal|p2a: Ferrothorn|84/100|[from] item: Leftovers
|upkeep
|turn|4
|
|t:|1667309606
|switch|p1a: Ferrothorn|Ferrothorn, F|100/100
|-damage|p1a: Ferrothorn|94/100|[from] Stealth Rock
|switch|p2a: Seismitoad|Seismitoad, F|100/100
|-damage|p2a: Seismitoad|95/100|[from] Stealth Rock
|
|-weather|RainDance|[upkeep]
|-heal|p1a: Ferrothorn|100/100|[from] item: Leftovers
|upkeep
|turn|5
|
|t:|1667309630
|move|p2a: Seismitoad|Earth Power|p1a: Ferrothorn
|-damage|p1a: Ferrothorn|60/100
|-unboost|p1a: Ferrothorn|spd|1
|-damage|p2a: Seismitoad|85/100|[from] item: Life Orb
|move|p1a: Ferrothorn|Leech Seed|p2a: Seismitoad
|-start|p2a: Seismitoad|move: Leech Seed
|
|-weather|RainDance|[upkeep]
|-heal|p1a: Ferrothorn|66/100|[from] item: Leftovers
|-damage|p2a: Seismitoad|72/100|[from] Leech Seed|[of] p1a: Ferrothorn
|-heal|p1a: Ferrothorn|78/100|[silent]
|upkeep
|turn|6
|inactive|mcp3 has 120 seconds left.
|
|t:|1667309671
|switch|p1a: Heatran|Heatran, M|79/100
|-damage|p1a: Heatran|67/100|[from] Stealth Rock
|move|p2a: Seismitoad|Weather Ball|p1a: Heatran
|-supereffective|p1a: Heatran
|-crit|p1a: Heatran
|-damage|p1a: Heatran|0 fnt
|faint|p1a: Heatran
|-damage|p2a: Seismitoad|62/100|[from] item: Life Orb
|
|-weather|RainDance|[upkeep]
|upkeep
|
|t:|1667309674
|switch|p1a: Dragapult|Dragapult, M|100/100
|-damage|p1a: Dragapult|88/100|[from] Stealth Rock
|turn|7
|
|t:|1667309685
|switch|p2a: Ferrothorn|Ferrothorn, F|84/100
|-damage|p2a: Ferrothorn|78/100|[from] Stealth Rock
|move|p1a: Dragapult|Shadow Ball|p2a: Ferrothorn
|-damage|p2a: Ferrothorn|45/100
|
|-weather|RainDance|[upkeep]
|-heal|p2a: Ferrothorn|51/100|[from] item: Leftovers
|upkeep
|turn|8
|
|t:|1667309699
|switch|p1a: Kartana|Kartana|100/100
|-damage|p1a: Kartana|94/100|[from] Stealth Rock
|move|p2a: Ferrothorn|Knock Off|p1a: Kartana
|-damage|p1a: Kartana|73/100
|-enditem|p1a: Kartana|Choice Band|[from] move: Knock Off|[of] p2a: Ferrothorn
|
|-weather|none
|-heal|p2a: Ferrothorn|57/100|[from] item: Leftovers
|upkeep
|turn|9
|
|t:|1667309709
|switch|p2a: Pelipper|Pelipper, F|100/100
|-damage|p2a: Pelipper|76/100|[from] Stealth Rock
|-weather|RainDance|[from] ability: Drizzle|[of] p2a: Pelipper
|move|p1a: Kartana|Sacred Sword|p2a: Pelipper
|-resisted|p2a: Pelipper
|-damage|p2a: Pelipper|61/100
|
|-weather|RainDance|[upkeep]
|upkeep
|turn|10
|inactive|mcp3 has 120 seconds left.
|
|t:|1667309717
|move|p1a: Kartana|Knock Off|p2a: Pelipper
|-damage|p2a: Pelipper|29/100
|-enditem|p2a: Pelipper|Damp Rock|[from] move: Knock Off|[of] p1a: Kartana
|move|p2a: Pelipper|Roost|p2a: Pelipper
|-heal|p2a: Pelipper|79/100
|-singleturn|p2a: Pelipper|move: Roost
|
|-weather|RainDance|[upkeep]
|upkeep
|turn|11
|
|t:|1667309722
|move|p1a: Kartana|Leaf Blade|p2a: Pelipper
|-crit|p2a: Pelipper
|-damage|p2a: Pelipper|13/100
|move|p2a: Pelipper|U-turn|p1a: Kartana
|-damage|p1a: Kartana|65/100
|
|t:|1667309730
|switch|p2a: Seismitoad|Seismitoad, F|62/100|[from]move: U-turn
|-damage|p2a: Seismitoad|56/100|[from] Stealth Rock
|
|-weather|RainDance|[upkeep]
|upkeep
|turn|12
|inactive|mcp3 has 120 seconds left.
|inactive|mcp3 has 90 seconds left.
|inactive|mcp3 has 60 seconds left.
|inactive|mcp3 has 30 seconds left.
|inactive|mcp3 has 20 seconds left.
|
|t:|1667309859
|switch|p1a: Ferrothorn|Ferrothorn, F|78/100
|-damage|p1a: Ferrothorn|72/100|[from] Stealth Rock
|move|p2a: Seismitoad|Weather Ball|p1a: Ferrothorn
|-resisted|p1a: Ferrothorn
|-damage|p1a: Ferrothorn|40/100
|-damage|p2a: Seismitoad|46/100|[from] item: Life Orb
|
|-weather|RainDance|[upkeep]
|-heal|p1a: Ferrothorn|46/100|[from] item: Leftovers
|upkeep
|turn|13
|inactive|mcp3 has 30 seconds left this turn.
|
|t:|1667309864
|switch|p1a: Landorus|Landorus-Therian, M|100/100
|-damage|p1a: Landorus|88/100|[from] Stealth Rock
|-ability|p1a: Landorus|Intimidate|boost
|-unboost|p2a: Seismitoad|atk|1
|move|p2a: Seismitoad|Weather Ball|p1a: Landorus
|-supereffective|p1a: Landorus
|-damage|p1a: Landorus|0 fnt
|faint|p1a: Landorus
|-damage|p2a: Seismitoad|36/100|[from] item: Life Orb
|
|-weather|RainDance|[upkeep]
|upkeep
|inactive|mcp3 has 30 seconds left.
|
|t:|1667309874
|switch|p1a: Ferrothorn|Ferrothorn, F|46/100
|-damage|p1a: Ferrothorn|40/100|[from] Stealth Rock
|turn|14
|
|t:|1667309878
|move|p2a: Seismitoad|Earth Power|p1a: Ferrothorn
|-damage|p1a: Ferrothorn|2/100
|-unboost|p1a: Ferrothorn|spd|1
|-damage|p2a: Seismitoad|26/100|[from] item: Life Orb
|move|p1a: Ferrothorn|Body Press|p2a: Seismitoad
|-damage|p2a: Seismitoad|0 fnt
|faint|p2a: Seismitoad
|
|-weather|RainDance|[upkeep]
|-heal|p1a: Ferrothorn|8/100|[from] item: Leftovers
|upkeep
|
|t:|1667309884
|switch|p2a: Barraskewda|Barraskewda, M|100/100
|-damage|p2a: Barraskewda|88/100|[from] Stealth Rock
|turn|15
|j| Youressi
|
|t:|1667309896
|move|p2a: Barraskewda|Liquidation|p1a: Ferrothorn
|-resisted|p1a: Ferrothorn
|-damage|p1a: Ferrothorn|0 fnt
|-damage|p2a: Barraskewda|76/100|[from] ability: Iron Barbs|[of] p1a: Ferrothorn
|faint|p1a: Ferrothorn
|
|-weather|RainDance|[upkeep]
|upkeep
|
|t:|1667309901
|switch|p1a: Kartana|Kartana|65/100
|-damage|p1a: Kartana|58/100|[from] Stealth Rock
|turn|16
|
|t:|1667309908
|move|p2a: Barraskewda|Liquidation|p1a: Kartana
|-resisted|p1a: Kartana
|-damage|p1a: Kartana|8/100
|move|p1a: Kartana|Sacred Sword|p2a: Barraskewda
|-damage|p2a: Barraskewda|3/100
|
|-weather|none
|upkeep
|turn|17
|inactive|mcp3 has 60 seconds left.
|
|t:|1667309924
|move|p2a: Barraskewda|Liquidation|p1a: Kartana
|-resisted|p1a: Kartana
|-damage|p1a: Kartana|0 fnt
|faint|p1a: Kartana
|
|upkeep
|
|t:|1667309933
|switch|p1a: Tapu Koko|Tapu Koko|100/100
|-fieldstart|move: Electric Terrain|[from] ability: Electric Surge|[of] p1a: Tapu Koko
|turn|18
|inactive|mcp3 has 60 seconds left.
|
|t:|1667309943
|move|p1a: Tapu Koko|Volt Switch|p2a: Barraskewda
|-supereffective|p2a: Barraskewda
|-damage|p2a: Barraskewda|0 fnt
|faint|p2a: Barraskewda
|
|t:|1667309945
|switch|p1a: Dragapult|Dragapult, M|88/100|[from]move: Volt Switch
|-damage|p1a: Dragapult|76/100|[from] Stealth Rock
|
|upkeep
|
|t:|1667309970
|switch|p2a: Ferrothorn|Ferrothorn, F|57/100
|-damage|p2a: Ferrothorn|51/100|[from] Stealth Rock
|turn|19
|
|t:|1667309978
|switch|p2a: Pelipper|Pelipper, F|13/100
|-damage|p2a: Pelipper|0 fnt|[from] Stealth Rock
|faint|p2a: Pelipper
|move|p1a: Dragapult|Flamethrower|p2: Pelipper|[notarget]
|-fail|p1a: Dragapult
|
|upkeep
|
|t:|1667309983
|switch|p2a: GALARIAN SNIPER|Inteleon, F|100/100
|-damage|p2a: GALARIAN SNIPER|88/100|[from] Stealth Rock
|turn|20
|
|t:|1667309998
|switch|p1a: Tapu Koko|Tapu Koko|100/100
|move|p2a: GALARIAN SNIPER|Hydro Cannon|p1a: Tapu Koko
|-crit|p1a: Tapu Koko
|-damage|p1a: Tapu Koko|0 fnt
|-mustrecharge|p2a: GALARIAN SNIPER
|faint|p1a: Tapu Koko
|
|upkeep
|
|t:|1667310002
|switch|p1a: Dragapult|Dragapult, M|76/100
|-damage|p1a: Dragapult|64/100|[from] Stealth Rock
|turn|21
|
|t:|1667310008
|move|p1a: Dragapult|Flamethrower|p2a: GALARIAN SNIPER
|-resisted|p2a: GALARIAN SNIPER
|-damage|p2a: GALARIAN SNIPER|53/100
|cant|p2a: GALARIAN SNIPER|recharge
|
|upkeep
|turn|22
|inactive|mcp3 has 90 seconds left.
|c|☆GORAN EL DRACO|gg
|c|☆mcp3|gg
|
|t:|1667310024
|move|p1a: Dragapult|Flamethrower|p2a: GALARIAN SNIPER
|-resisted|p2a: GALARIAN SNIPER
|-damage|p2a: GALARIAN SNIPER|17/100
|move|p2a: GALARIAN SNIPER|Snipe Shot|p1a: Dragapult
|-resisted|p1a: Dragapult
|-crit|p1a: Dragapult
|-damage|p1a: Dragapult|0 fnt
|faint|p1a: Dragapult
|
|win|GORAN EL DRACO
|raw|mcp3's rating: 1711 &rarr; <strong>1694</strong><br />(-17 for losing)
|raw|GORAN EL DRACO's rating: 1755 &rarr; <strong>1772</strong><br />(+17 for winning)
|l|☆mcp3
|l| Jongruenwald
|l| Youressi
||Ladder isn't responding, score probably updated but might not have (Request timeout).
