|j|☆lxbqwer
|j|☆demgeilem
|t:|1667987168
|gametype|singles
|player|p1|lxbqwer|1|1561
|player|p2|demgeilem|ethan-masters|1515
|teamsize|p1|6
|teamsize|p2|6
|gen|8
|tier|[Gen 8] OU
|rated|
|rule|Sleep Clause Mod: Limit one foe put to sleep
|rule|Species Clause: Limit one of each Pokémon
|rule|OHKO Clause: OHKO moves are banned
|rule|Evasion Items Clause: Evasion items are banned
|rule|Evasion Moves Clause: Evasion moves are banned
|rule|Endless Battle Clause: Forcing endless battles is banned
|rule|HP Percentage Mod: HP is shown in percentages
|rule|Dynamax Clause: You cannot dynamax
|clearpoke
|poke|p1|Tyranitar, F|
|poke|p1|Excadrill, M|
|poke|p1|Toxapex, F|
|poke|p1|Kartana|
|poke|p1|Corviknight, M|
|poke|p1|Landorus-Therian, M|
|poke|p2|Melmetal|
|poke|p2|Dragapult, F|
|poke|p2|Slowbro, F|
|poke|p2|Clefable, F|
|poke|p2|Landorus-Therian, M|
|poke|p2|Buzzwole|
|teampreview
|
|t:|1667987180
|start
|switch|p1a: Landorus|Landorus-Therian, M|100/100
|switch|p2a: Slowbro|Slowbro, F, shiny|100/100
|-ability|p1a: Landorus|Intimidate|boost
|-unboost|p2a: Slowbro|atk|1
|turn|1
|inactive|Battle timer is ON: inactive players will automatically lose when time's up. (requested by lxbqwer)
|
|t:|1667987193
|switch|p2a: Clefable|Clefable, F|100/100
|move|p1a: Landorus|Substitute|p1a: Landorus
|-start|p1a: Landorus|Substitute
|-damage|p1a: Landorus|76/100
|
|-heal|p1a: Landorus|82/100|[from] item: Leftovers
|upkeep
|turn|2
|
|t:|1667987199
|switch|p2a: Dragapult|Dragapult, F|100/100
|move|p1a: Landorus|Earthquake|p2a: Dragapult
|-damage|p2a: Dragapult|20/100
|
|-heal|p1a: Landorus|88/100|[from] item: Leftovers
|upkeep
|turn|3
|
|t:|1667987207
|switch|p1a: Tyranitar|Tyranitar, F|100/100
|-weather|Sandstorm|[from] ability: Sand Stream|[of] p1a: Tyranitar
|move|p2a: Dragapult|Draco Meteor|p1a: Tyranitar
|-damage|p1a: Tyranitar|64/100
|-unboost|p2a: Dragapult|spa|2
|
|-weather|Sandstorm|[upkeep]
|-damage|p2a: Dragapult|14/100|[from] Sandstorm
|-heal|p1a: Tyranitar|70/100|[from] item: Leftovers
|upkeep
|turn|4
|
|t:|1667987218
|switch|p2a: Melmetal|Melmetal|100/100
|move|p1a: Tyranitar|Toxic|p2a: Melmetal
|-immune|p2a: Melmetal
|
|-weather|Sandstorm|[upkeep]
|-heal|p1a: Tyranitar|76/100|[from] item: Leftovers
|upkeep
|turn|5
|
|t:|1667987228
|switch|p1a: Corviknight|Corviknight, M|100/100
|-ability|p1a: Corviknight|Pressure
|move|p2a: Melmetal|Thunder Punch|p1a: Corviknight
|-supereffective|p1a: Corviknight
|-damage|p1a: Corviknight|26/100
|
|-weather|Sandstorm|[upkeep]
|-heal|p1a: Corviknight|33/100|[from] item: Leftovers
|upkeep
|turn|6
|
|t:|1667987236
|switch|p1a: Landorus|Landorus-Therian, M|88/100
|-ability|p1a: Landorus|Intimidate|boost
|-unboost|p2a: Melmetal|atk|1
|move|p2a: Melmetal|Thunder Punch|p1a: Landorus
|-immune|p1a: Landorus
|
|-weather|Sandstorm|[upkeep]
|-heal|p1a: Landorus|94/100|[from] item: Leftovers
|upkeep
|turn|7
|
|t:|1667987239
|switch|p2a: Slowbro|Slowbro, F, shiny|100/100
|move|p1a: Landorus|Substitute|p1a: Landorus
|-start|p1a: Landorus|Substitute
|-damage|p1a: Landorus|69/100
|
|-weather|none
|-heal|p1a: Landorus|75/100|[from] item: Leftovers
|upkeep
|turn|8
|
|t:|1667987243
|move|p1a: Landorus|Knock Off|p2a: Slowbro
|-supereffective|p2a: Slowbro
|-damage|p2a: Slowbro|50/100
|-damage|p1a: Landorus|59/100|[from] item: Rocky Helmet|[of] p2a: Slowbro
|-enditem|p2a: Slowbro|Rocky Helmet|[from] move: Knock Off|[of] p1a: Landorus
|move|p2a: Slowbro|Scald|p1a: Landorus
|-supereffective|p1a: Landorus
|-end|p1a: Landorus|Substitute
|
|-heal|p1a: Landorus|65/100|[from] item: Leftovers
|upkeep
|turn|9
|
|t:|1667987247
|switch|p1a: Tyranitar|Tyranitar, F|76/100
|-weather|Sandstorm|[from] ability: Sand Stream|[of] p1a: Tyranitar
|move|p2a: Slowbro|Slack Off|p2a: Slowbro
|-heal|p2a: Slowbro|99/100
|
|-weather|Sandstorm|[upkeep]
|-damage|p2a: Slowbro|94/100|[from] Sandstorm
|-heal|p1a: Tyranitar|83/100|[from] item: Leftovers
|upkeep
|turn|10
|
|t:|1667987251
|switch|p2a: Melmetal|Melmetal|100/100
|move|p1a: Tyranitar|Stealth Rock|p2a: Melmetal
|-sidestart|p2: demgeilem|move: Stealth Rock
|
|-weather|Sandstorm|[upkeep]
|-heal|p1a: Tyranitar|89/100|[from] item: Leftovers
|upkeep
|turn|11
|
|t:|1667987255
|move|p1a: Tyranitar|Protect|p1a: Tyranitar
|-singleturn|p1a: Tyranitar|Protect
|move|p2a: Melmetal|Double Iron Bash|p1a: Tyranitar
|-activate|p1a: Tyranitar|move: Protect
|
|-weather|Sandstorm|[upkeep]
|-heal|p1a: Tyranitar|95/100|[from] item: Leftovers
|upkeep
|turn|12
|
|t:|1667987265
|switch|p1a: Toxapex|Toxapex, F|100/100
|move|p2a: Melmetal|Double Iron Bash|p1a: Toxapex
|-resisted|p1a: Toxapex
|-damage|p1a: Toxapex|80/100
|-damage|p2a: Melmetal|84/100|[from] item: Rocky Helmet|[of] p1a: Toxapex
|-resisted|p1a: Toxapex
|-damage|p1a: Toxapex|61/100
|-damage|p2a: Melmetal|68/100|[from] item: Rocky Helmet|[of] p1a: Toxapex
|-hitcount|p1a: Toxapex|2
|
|-weather|Sandstorm|[upkeep]
|-damage|p1a: Toxapex|55/100|[from] Sandstorm
|upkeep
|turn|13
|
|t:|1667987277
|switch|p2a: Clefable|Clefable, F|100/100
|move|p1a: Toxapex|Recover|p1a: Toxapex
|-heal|p1a: Toxapex|100/100
|
|-weather|none
|upkeep
|turn|14
|
|t:|1667987281
|switch|p1a: Corviknight|Corviknight, M|33/100
|-ability|p1a: Corviknight|Pressure
|move|p2a: Clefable|Stealth Rock|p1a: Corviknight
|-sidestart|p1: lxbqwer|move: Stealth Rock
|
|-heal|p1a: Corviknight|39/100|[from] item: Leftovers
|upkeep
|turn|15
|
|t:|1667987284
|move|p1a: Corviknight|Roost|p1a: Corviknight
|-heal|p1a: Corviknight|89/100
|-singleturn|p1a: Corviknight|move: Roost
|move|p2a: Clefable|Wish|p2a: Clefable
|
|-heal|p1a: Corviknight|95/100|[from] item: Leftovers
|upkeep
|turn|16
|
|t:|1667987292
|switch|p2a: Melmetal|Melmetal|68/100
|-damage|p2a: Melmetal|61/100|[from] Stealth Rock
|move|p1a: Corviknight|U-turn|p2a: Melmetal
|-resisted|p2a: Melmetal
|-damage|p2a: Melmetal|57/100
|
|t:|1667987298
|switch|p1a: Tyranitar|Tyranitar, F|95/100|[from]move: U-turn
|-damage|p1a: Tyranitar|83/100|[from] Stealth Rock
|-weather|Sandstorm|[from] ability: Sand Stream|[of] p1a: Tyranitar
|
|-weather|Sandstorm|[upkeep]
|-heal|p2a: Melmetal|100/100|[from] move: Wish|[wisher] Clefable
|-heal|p1a: Tyranitar|89/100|[from] item: Leftovers
|upkeep
|turn|17
|
|t:|1667987304
|switch|p2a: Clefable|Clefable, F|100/100
|move|p1a: Tyranitar|Protect||[still]
|-fail|p1a: Tyranitar
|
|-weather|Sandstorm|[upkeep]
|-heal|p1a: Tyranitar|95/100|[from] item: Leftovers
|upkeep
|turn|18
|
|t:|1667987311
|switch|p1a: Landorus|Landorus-Therian, M|65/100
|-damage|p1a: Landorus|53/100|[from] Stealth Rock
|-ability|p1a: Landorus|Intimidate|boost
|-unboost|p2a: Clefable|atk|1
|move|p2a: Clefable|Wish|p2a: Clefable
|
|-weather|Sandstorm|[upkeep]
|-heal|p1a: Landorus|59/100|[from] item: Leftovers
|upkeep
|turn|19
|
|t:|1667987317
|move|p1a: Landorus|Knock Off|p2a: Clefable
|-resisted|p2a: Clefable
|-damage|p2a: Clefable|80/100
|-enditem|p2a: Clefable|Leftovers|[from] move: Knock Off|[of] p1a: Landorus
|move|p2a: Clefable|Moonblast|p1a: Landorus
|-damage|p1a: Landorus|24/100
|
|-weather|Sandstorm|[upkeep]
|-heal|p2a: Clefable|100/100|[from] move: Wish|[wisher] Clefable
|-heal|p1a: Landorus|30/100|[from] item: Leftovers
|upkeep
|turn|20
|
|t:|1667987325
|move|p1a: Landorus|Earthquake|p2a: Clefable
|-damage|p2a: Clefable|39/100
|move|p2a: Clefable|Wish|p2a: Clefable
|
|-weather|none
|-heal|p1a: Landorus|36/100|[from] item: Leftovers
|upkeep
|turn|21
|
|t:|1667987332
|switch|p2a: Slowbro|Slowbro, F, shiny|100/100
|-damage|p2a: Slowbro|88/100|[from] Stealth Rock
|move|p1a: Landorus|Earthquake|p2a: Slowbro
|-damage|p2a: Slowbro|53/100
|
|-heal|p2a: Slowbro|100/100|[from] move: Wish|[wisher] Clefable
|-heal|p1a: Landorus|42/100|[from] item: Leftovers
|upkeep
|turn|22
|
|t:|1667987338
|switch|p1a: Tyranitar|Tyranitar, F|95/100
|-damage|p1a: Tyranitar|83/100|[from] Stealth Rock
|-weather|Sandstorm|[from] ability: Sand Stream|[of] p1a: Tyranitar
|move|p2a: Slowbro|Future Sight|p1a: Tyranitar
|-start|p2a: Slowbro|move: Future Sight
|
|-weather|Sandstorm|[upkeep]
|-damage|p2a: Slowbro|94/100|[from] Sandstorm
|-heal|p1a: Tyranitar|89/100|[from] item: Leftovers
|upkeep
|turn|23
|
|t:|1667987349
|switch|p2a: Buzzwole|Buzzwole|100/100
|-damage|p2a: Buzzwole|88/100|[from] Stealth Rock
|move|p1a: Tyranitar|Rock Blast|p2a: Buzzwole
|-crit|p2a: Buzzwole
|-damage|p2a: Buzzwole|76/100
|-crit|p2a: Buzzwole
|-damage|p2a: Buzzwole|64/100
|-damage|p2a: Buzzwole|56/100
|-hitcount|p2a: Buzzwole|3
|
|-weather|Sandstorm|[upkeep]
|-damage|p2a: Buzzwole|50/100|[from] Sandstorm
|-heal|p1a: Tyranitar|95/100|[from] item: Leftovers
|upkeep
|turn|24
|
|t:|1667987356
|move|p1a: Tyranitar|Protect|p1a: Tyranitar
|-singleturn|p1a: Tyranitar|Protect
|move|p2a: Buzzwole|Close Combat|p1a: Tyranitar
|-activate|p1a: Tyranitar|move: Protect
|
|-weather|Sandstorm|[upkeep]
|-damage|p2a: Buzzwole|43/100|[from] Sandstorm
|-end|p1a: Tyranitar|move: Future Sight
|-immune|p1a: Tyranitar
|-heal|p1a: Tyranitar|100/100|[from] item: Leftovers
|upkeep
|turn|25
|
|t:|1667987362
|move|p2a: Buzzwole|Close Combat|p1a: Tyranitar
|-supereffective|p1a: Tyranitar
|-damage|p1a: Tyranitar|0 fnt
|-unboost|p2a: Buzzwole|def|1
|-unboost|p2a: Buzzwole|spd|1
|faint|p1a: Tyranitar
|-ability|p2a: Buzzwole|Beast Boost|boost
|-boost|p2a: Buzzwole|atk|1
|
|-weather|Sandstorm|[upkeep]
|-damage|p2a: Buzzwole|37/100|[from] Sandstorm
|upkeep
|
|t:|1667987368
|switch|p1a: Kartana|Kartana|100/100
|-damage|p1a: Kartana|94/100|[from] Stealth Rock
|turn|26
|
|t:|1667987379
|switch|p2a: Melmetal|Melmetal|100/100
|-damage|p2a: Melmetal|94/100|[from] Stealth Rock
|move|p1a: Kartana|Aerial Ace|p2a: Melmetal
|-resisted|p2a: Melmetal
|-crit|p2a: Melmetal
|-damage|p2a: Melmetal|78/100
|-damage|p1a: Kartana|85/100|[from] item: Life Orb
|
|-weather|none
|upkeep
|turn|27
|
|t:|1667987391
|move|p1a: Kartana|Sacred Sword|p2a: Melmetal
|-supereffective|p2a: Melmetal
|-damage|p2a: Melmetal|18/100
|-damage|p1a: Kartana|75/100|[from] item: Life Orb
|move|p2a: Melmetal|Superpower|p1a: Kartana
|-supereffective|p1a: Kartana
|-damage|p1a: Kartana|0 fnt
|-unboost|p2a: Melmetal|atk|1
|-unboost|p2a: Melmetal|def|1
|faint|p1a: Kartana
|
|upkeep
|
|t:|1667987396
|switch|p1a: Excadrill|Excadrill, M|100/100
|-damage|p1a: Excadrill|97/100|[from] Stealth Rock
|turn|28
|
|t:|1667987412
|switch|p2a: Landorus|Landorus-Therian, M|100/100
|-damage|p2a: Landorus|88/100|[from] Stealth Rock
|-ability|p2a: Landorus|Intimidate|boost
|-unboost|p1a: Excadrill|atk|1
|move|p1a: Excadrill|Iron Head|p2a: Landorus
|-damage|p2a: Landorus|59/100
|
|-heal|p1a: Excadrill|100/100|[from] item: Leftovers
|-heal|p2a: Landorus|65/100|[from] item: Leftovers
|upkeep
|turn|29
|
|t:|1667987420
|switch|p1a: Corviknight|Corviknight, M|95/100
|-damage|p1a: Corviknight|83/100|[from] Stealth Rock
|-ability|p1a: Corviknight|Pressure
|move|p2a: Landorus|Earthquake|p1a: Corviknight
|-immune|p1a: Corviknight
|
|-heal|p2a: Landorus|71/100|[from] item: Leftovers
|-heal|p1a: Corviknight|89/100|[from] item: Leftovers
|upkeep
|turn|30
|
|t:|1667987425
|move|p2a: Landorus|Defog|p1a: Corviknight
|-unboost|p1a: Corviknight|evasion|1
|-sideend|p1: lxbqwer|Stealth Rock|[from] move: Defog|[of] p2a: Landorus
|-sideend|p2: demgeilem|Stealth Rock|[from] move: Defog|[of] p2a: Landorus
|move|p1a: Corviknight|U-turn|p2a: Landorus
|-resisted|p2a: Landorus
|-damage|p2a: Landorus|63/100
|
|t:|1667987433
|switch|p1a: Landorus|Landorus-Therian, M|42/100|[from]move: U-turn
|-ability|p1a: Landorus|Intimidate|boost
|-unboost|p2a: Landorus|atk|1
|
|-heal|p1a: Landorus|48/100|[from] item: Leftovers
|-heal|p2a: Landorus|69/100|[from] item: Leftovers
|upkeep
|turn|31
|
|t:|1667987445
|move|p1a: Landorus|Substitute|p1a: Landorus
|-start|p1a: Landorus|Substitute
|-damage|p1a: Landorus|23/100
|move|p2a: Landorus|U-turn|p1a: Landorus
|-resisted|p1a: Landorus
|-activate|p1a: Landorus|move: Substitute|[damage]
|
|t:|1667987447
|switch|p2a: Dragapult|Dragapult, F|14/100|[from]move: U-turn
|
|-heal|p1a: Landorus|29/100|[from] item: Leftovers
|upkeep
|turn|32
|
|t:|1667987452
|switch|p1a: Corviknight|Corviknight, M|89/100
|-ability|p1a: Corviknight|Pressure
|move|p2a: Dragapult|Shadow Ball|p1a: Corviknight
|-damage|p1a: Corviknight|42/100
|
|-heal|p1a: Corviknight|49/100|[from] item: Leftovers
|upkeep
|turn|33
|
|t:|1667987467
|switch|p2a: Clefable|Clefable, F|39/100
|move|p1a: Corviknight|Roost|p1a: Corviknight
|-heal|p1a: Corviknight|99/100
|-singleturn|p1a: Corviknight|move: Roost
|
|-heal|p1a: Corviknight|100/100|[from] item: Leftovers
|upkeep
|turn|34
|
|t:|1667987476
|move|p1a: Corviknight|U-turn|p2a: Clefable
|-resisted|p2a: Clefable
|-damage|p2a: Clefable|32/100
|
|t:|1667987477
|switch|p1a: Excadrill|Excadrill, M|100/100|[from]move: U-turn
|move|p2a: Clefable|Soft-Boiled|p2a: Clefable
|-heal|p2a: Clefable|82/100
|
|upkeep
|turn|35
|
|t:|1667987487
|switch|p2a: Slowbro|Slowbro, F, shiny|100/100
|move|p1a: Excadrill|Swords Dance|p1a: Excadrill
|-boost|p1a: Excadrill|atk|2
|
|upkeep
|turn|36
|
|t:|1667987500
|move|p1a: Excadrill|Iron Head|p2a: Slowbro
|-resisted|p2a: Slowbro
|-damage|p2a: Slowbro|77/100
|move|p2a: Slowbro|Scald|p1a: Excadrill
|-supereffective|p1a: Excadrill
|-damage|p1a: Excadrill|32/100
|
|-heal|p1a: Excadrill|38/100|[from] item: Leftovers
|upkeep
|turn|37
|
|t:|1667987507
|move|p1a: Excadrill|Iron Head|p2a: Slowbro
|-resisted|p2a: Slowbro
|-damage|p2a: Slowbro|52/100
|cant|p2a: Slowbro|flinch
|
|-heal|p1a: Excadrill|45/100|[from] item: Leftovers
|upkeep
|turn|38
|inactive|demgeilem has 120 seconds left.
|
|t:|1667987562
|move|p1a: Excadrill|Swords Dance|p1a: Excadrill
|-boost|p1a: Excadrill|atk|2
|move|p2a: Slowbro|Scald|p1a: Excadrill
|-supereffective|p1a: Excadrill
|-damage|p1a: Excadrill|0 fnt
|faint|p1a: Excadrill
|
|upkeep
|-message|lxbqwer forfeited.
|
|win|demgeilem
|raw|lxbqwer's rating: 1561 &rarr; <strong>1538</strong><br />(-23 for losing)
|raw|demgeilem's rating: 1515 &rarr; <strong>1538</strong><br />(+23 for winning)
|l|☆lxbqwer
