|j|☆Testing cwm
|j|☆Tirkys
|t:|1614256121
|player|p1|Testing cwm|10|1614
|player|p2|Tirkys|hilda-dueldisk|1645
|teamsize|p1|6
|teamsize|p2|6
|gametype|singles
|gen|8
|tier|[Gen 8] OU
|rated|
|clearpoke
|poke|p1|Moltres|
|poke|p1|Tyranitar, F|
|poke|p1|Ninetales-Alola, F|
|poke|p1|Slowbro, F|
|poke|p1|Excadrill, F|
|poke|p1|Landorus-Therian, M|
|poke|p2|Volcarona, F|
|poke|p2|Quagsire, F|
|poke|p2|Xatu, M|
|poke|p2|Mantine, F|
|poke|p2|Drapion, F|
|poke|p2|Ninetales-Alola, M|
|rule|Sleep Clause Mod: Limit one foe put to sleep
|rule|Species Clause: Limit one of each Pokémon
|rule|OHKO Clause: OHKO moves are banned
|rule|Evasion Moves Clause: Evasion moves are banned
|rule|Endless Battle Clause: Forcing endless battles is banned
|rule|HP Percentage Mod: HP is shown in percentages
|rule|Dynamax Clause: You cannot dynamax
|teampreview
|inactive|Battle timer is ON: inactive players will automatically lose when time's up. (requested by Tirkys)
|
|t:|1614256134
|start
|switch|p1a: 2.Ban Magearna pls|Tyranitar, F|100/100
|switch|p2a: StarPlatinum|Quagsire, F, shiny|100/100
|-weather|Sandstorm|[from] ability: Sand Stream|[of] p1a: 2.Ban Magearna pls
|turn|1
|
|t:|1614256142
|move|p1a: 2.Ban Magearna pls|Stealth Rock|p2a: StarPlatinum
|-sidestart|p2: Tirkys|move: Stealth Rock
|move|p2a: StarPlatinum|Scald|p1a: 2.Ban Magearna pls
|-supereffective|p1a: 2.Ban Magearna pls
|-damage|p1a: 2.Ban Magearna pls|85/100
|
|-weather|Sandstorm|[upkeep]
|-heal|p1a: 2.Ban Magearna pls|91/100|[from] item: Leftovers
|upkeep
|turn|2
|
|t:|1614256153
|switch|p1a: 4.Ban Magearna pls|Slowbro, F|100/100
|move|p2a: StarPlatinum|Scald|p1a: 4.Ban Magearna pls
|-resisted|p1a: 4.Ban Magearna pls
|-damage|p1a: 4.Ban Magearna pls|90/100
|-status|p1a: 4.Ban Magearna pls|brn
|
|-weather|Sandstorm|[upkeep]
|-damage|p1a: 4.Ban Magearna pls|84/100 brn|[from] Sandstorm
|-damage|p1a: 4.Ban Magearna pls|78/100 brn|[from] brn
|upkeep
|turn|3
|
|t:|1614256163
|switch|p2a: CatchTheRainbow|Mantine, F|100/100
|-damage|p2a: CatchTheRainbow|76/100|[from] Stealth Rock
|move|p1a: 4.Ban Magearna pls|Teleport|p1a: 4.Ban Magearna pls
|
|t:|1614256168
|switch|p1a: 3.Ban Magearna pls|Ninetales-Alola, F|100/100|[from]move: Teleport
|-weather|Hail|[from] ability: Snow Warning|[of] p1a: 3.Ban Magearna pls
|
|-weather|Hail|[upkeep]
|-damage|p2a: CatchTheRainbow|69/100|[from] Hail
|-heal|p2a: CatchTheRainbow|76/100|[from] item: Leftovers
|upkeep
|turn|4
|
|t:|1614256176
|switch|p2a: PurpleHaze|Drapion, F|100/100
|-damage|p2a: PurpleHaze|88/100|[from] Stealth Rock
|move|p1a: 3.Ban Magearna pls|Freeze-Dry|p2a: PurpleHaze
|-damage|p2a: PurpleHaze|66/100
|
|-weather|Hail|[upkeep]
|-damage|p2a: PurpleHaze|60/100|[from] Hail
|-heal|p2a: PurpleHaze|66/100|[from] item: Black Sludge
|upkeep
|turn|5
|
|t:|1614256186
|switch|p1a: 6.Ban Magearna pls|Landorus-Therian, M|100/100
|-ability|p1a: 6.Ban Magearna pls|Intimidate|boost
|-unboost|p2a: PurpleHaze|atk|1
|move|p2a: PurpleHaze|Knock Off|p1a: 6.Ban Magearna pls
|-damage|p1a: 6.Ban Magearna pls|87/100
|-damage|p2a: PurpleHaze|50/100|[from] item: Rocky Helmet|[of] p1a: 6.Ban Magearna pls
|-enditem|p1a: 6.Ban Magearna pls|Rocky Helmet|[from] move: Knock Off|[of] p2a: PurpleHaze
|
|-weather|Hail|[upkeep]
|-damage|p1a: 6.Ban Magearna pls|80/100|[from] Hail
|-damage|p2a: PurpleHaze|44/100|[from] Hail
|-heal|p2a: PurpleHaze|50/100|[from] item: Black Sludge
|upkeep
|turn|6
|
|t:|1614256197
|move|p1a: 6.Ban Magearna pls|U-turn|p2a: PurpleHaze
|-damage|p2a: PurpleHaze|30/100
|
|t:|1614256201
|switch|p1a: 1.Ban Magearna pls|Moltres|100/100|[from]move: U-turn
|move|p2a: PurpleHaze|Ice Fang|p1a: 1.Ban Magearna pls
|-damage|p1a: 1.Ban Magearna pls|93/100
|-status|p2a: PurpleHaze|brn|[from] ability: Flame Body|[of] p1a: 1.Ban Magearna pls
|
|-weather|Hail|[upkeep]
|-damage|p1a: 1.Ban Magearna pls|87/100|[from] Hail
|-damage|p2a: PurpleHaze|23/100 brn|[from] Hail
|-heal|p2a: PurpleHaze|30/100 brn|[from] item: Black Sludge
|-damage|p2a: PurpleHaze|23/100 brn|[from] brn
|upkeep
|turn|7
|j| andrethagiiant
|
|t:|1614256214
|switch|p1a: 6.Ban Magearna pls|Landorus-Therian, M|80/100
|-ability|p1a: 6.Ban Magearna pls|Intimidate|boost
|-unboost|p2a: PurpleHaze|atk|1
|move|p2a: PurpleHaze|Rest|p2a: PurpleHaze
|-status|p2a: PurpleHaze|slp|[from] move: Rest
|-heal|p2a: PurpleHaze|100/100 slp|[silent]
|
|-weather|none
|upkeep
|turn|8
|
|t:|1614256223
|switch|p2a: CatchTheRainbow|Mantine, F|76/100
|-damage|p2a: CatchTheRainbow|51/100|[from] Stealth Rock
|move|p1a: 6.Ban Magearna pls|Knock Off|p2a: CatchTheRainbow
|-damage|p2a: CatchTheRainbow|18/100
|-enditem|p2a: CatchTheRainbow|Leftovers|[from] move: Knock Off|[of] p1a: 6.Ban Magearna pls
|
|upkeep
|turn|9
|
|t:|1614256231
|move|p1a: 6.Ban Magearna pls|Knock Off|p2a: CatchTheRainbow
|-damage|p2a: CatchTheRainbow|0 fnt
|faint|p2a: CatchTheRainbow
|
|upkeep
|
|t:|1614256233
|switch|p2a: WhiteAlbum|Ninetales-Alola, M|100/100
|-damage|p2a: WhiteAlbum|76/100|[from] Stealth Rock
|-weather|Hail|[from] ability: Snow Warning|[of] p2a: WhiteAlbum
|turn|10
|
|t:|1614256239
|switch|p1a: 2.Ban Magearna pls|Tyranitar, F|91/100
|-weather|Sandstorm|[from] ability: Sand Stream|[of] p1a: 2.Ban Magearna pls
|move|p2a: WhiteAlbum|Moonblast|p1a: 2.Ban Magearna pls
|-supereffective|p1a: 2.Ban Magearna pls
|-crit|p1a: 2.Ban Magearna pls
|-damage|p1a: 2.Ban Magearna pls|45/100
|
|-weather|Sandstorm|[upkeep]
|-damage|p2a: WhiteAlbum|70/100|[from] Sandstorm
|-heal|p1a: 2.Ban Magearna pls|51/100|[from] item: Leftovers
|upkeep
|turn|11
|
|t:|1614256249
|switch|p1a: 5.Ban Magearna pls|Excadrill, F|100/100
|move|p2a: WhiteAlbum|Moonblast|p1a: 5.Ban Magearna pls
|-resisted|p1a: 5.Ban Magearna pls
|-damage|p1a: 5.Ban Magearna pls|87/100
|
|-weather|Sandstorm|[upkeep]
|-damage|p2a: WhiteAlbum|64/100|[from] Sandstorm
|-heal|p1a: 5.Ban Magearna pls|93/100|[from] item: Leftovers
|upkeep
|turn|12
|j| raichuanl
|
|t:|1614256259
|switch|p2a: StarPlatinum|Quagsire, F, shiny|100/100
|-damage|p2a: StarPlatinum|94/100|[from] Stealth Rock
|move|p1a: 5.Ban Magearna pls|Iron Head|p2a: StarPlatinum
|-resisted|p2a: StarPlatinum
|-damage|p2a: StarPlatinum|81/100
|
|-weather|Sandstorm|[upkeep]
|-heal|p1a: 5.Ban Magearna pls|99/100|[from] item: Leftovers
|-heal|p2a: StarPlatinum|88/100|[from] item: Leftovers
|upkeep
|turn|13
|
|t:|1614256269
|move|p1a: 5.Ban Magearna pls|Toxic|p2a: StarPlatinum
|-status|p2a: StarPlatinum|tox
|move|p2a: StarPlatinum|Scald|p1a: 5.Ban Magearna pls
|-supereffective|p1a: 5.Ban Magearna pls
|-damage|p1a: 5.Ban Magearna pls|71/100
|
|-weather|Sandstorm|[upkeep]
|-heal|p1a: 5.Ban Magearna pls|77/100|[from] item: Leftovers
|-heal|p2a: StarPlatinum|94/100 tox|[from] item: Leftovers
|-damage|p2a: StarPlatinum|88/100 tox|[from] psn
|upkeep
|turn|14
|
|t:|1614256279
|switch|p1a: 4.Ban Magearna pls|Slowbro, F|100/100 brn
|move|p2a: StarPlatinum|Scald|p1a: 4.Ban Magearna pls
|-resisted|p1a: 4.Ban Magearna pls
|-damage|p1a: 4.Ban Magearna pls|91/100 brn
|
|-weather|none
|-heal|p2a: StarPlatinum|94/100 tox|[from] item: Leftovers
|-damage|p2a: StarPlatinum|81/100 tox|[from] psn
|-damage|p1a: 4.Ban Magearna pls|85/100 brn|[from] brn
|upkeep
|turn|15
|
|t:|1614256289
|move|p2a: StarPlatinum|Rest|p2a: StarPlatinum
|-status|p2a: StarPlatinum|slp|[from] move: Rest
|-heal|p2a: StarPlatinum|100/100 slp|[silent]
|move|p1a: 4.Ban Magearna pls|Teleport|p1a: 4.Ban Magearna pls
|
|t:|1614256295
|switch|p1a: 3.Ban Magearna pls|Ninetales-Alola, F|100/100|[from]move: Teleport
|-weather|Hail|[from] ability: Snow Warning|[of] p1a: 3.Ban Magearna pls
|
|-weather|Hail|[upkeep]
|-damage|p2a: StarPlatinum|94/100 slp|[from] Hail
|-heal|p2a: StarPlatinum|100/100 slp|[from] item: Leftovers
|upkeep
|turn|16
|
|t:|1614256302
|switch|p2a: Magician'sRed|Volcarona, F|100/100
|-damage|p2a: Magician'sRed|51/100|[from] Stealth Rock
|move|p1a: 3.Ban Magearna pls|Freeze-Dry|p2a: Magician'sRed
|-resisted|p2a: Magician'sRed
|-damage|p2a: Magician'sRed|41/100
|
|-weather|Hail|[upkeep]
|-damage|p2a: Magician'sRed|34/100|[from] Hail
|-heal|p2a: Magician'sRed|41/100|[from] item: Leftovers
|upkeep
|turn|17
|
|t:|1614256313
|switch|p1a: 2.Ban Magearna pls|Tyranitar, F|51/100
|-weather|Sandstorm|[from] ability: Sand Stream|[of] p1a: 2.Ban Magearna pls
|move|p2a: Magician'sRed|Quiver Dance|p2a: Magician'sRed
|-boost|p2a: Magician'sRed|spa|1
|-boost|p2a: Magician'sRed|spd|1
|-boost|p2a: Magician'sRed|spe|1
|
|-weather|Sandstorm|[upkeep]
|-damage|p2a: Magician'sRed|34/100|[from] Sandstorm
|-heal|p2a: Magician'sRed|41/100|[from] item: Leftovers
|-heal|p1a: 2.Ban Magearna pls|58/100|[from] item: Leftovers
|upkeep
|turn|18
|
|t:|1614256323
|move|p2a: Magician'sRed|Bug Buzz|p1a: 2.Ban Magearna pls
|-supereffective|p1a: 2.Ban Magearna pls
|-damage|p1a: 2.Ban Magearna pls|5/100
|move|p1a: 2.Ban Magearna pls|Rock Tomb|p2a: Magician'sRed
|-supereffective|p2a: Magician'sRed
|-damage|p2a: Magician'sRed|0 fnt
|faint|p2a: Magician'sRed
|
|-weather|Sandstorm|[upkeep]
|-heal|p1a: 2.Ban Magearna pls|11/100|[from] item: Leftovers
|upkeep
|
|t:|1614256327
|switch|p2a: WhiteAlbum|Ninetales-Alola, M|64/100
|-damage|p2a: WhiteAlbum|39/100|[from] Stealth Rock
|-weather|Hail|[from] ability: Snow Warning|[of] p2a: WhiteAlbum
|turn|19
|
|t:|1614256343
|switch|p1a: 5.Ban Magearna pls|Excadrill, F|77/100
|move|p2a: WhiteAlbum|Freeze-Dry|p1a: 5.Ban Magearna pls
|-damage|p1a: 5.Ban Magearna pls|58/100
|-status|p1a: 5.Ban Magearna pls|frz
|
|-weather|Hail|[upkeep]
|-damage|p1a: 5.Ban Magearna pls|52/100 frz|[from] Hail
|-heal|p1a: 5.Ban Magearna pls|58/100 frz|[from] item: Leftovers
|upkeep
|turn|20
|
|t:|1614256353
|move|p2a: WhiteAlbum|Freeze-Dry|p1a: 5.Ban Magearna pls
|-damage|p1a: 5.Ban Magearna pls|38/100 frz
|cant|p1a: 5.Ban Magearna pls|frz
|
|-weather|Hail|[upkeep]
|-damage|p1a: 5.Ban Magearna pls|32/100 frz|[from] Hail
|-heal|p1a: 5.Ban Magearna pls|38/100 frz|[from] item: Leftovers
|upkeep
|turn|21
|
|t:|1614256363
|move|p2a: WhiteAlbum|Freeze-Dry|p1a: 5.Ban Magearna pls
|-damage|p1a: 5.Ban Magearna pls|20/100 frz
|cant|p1a: 5.Ban Magearna pls|frz
|
|-weather|Hail|[upkeep]
|-damage|p1a: 5.Ban Magearna pls|13/100 frz|[from] Hail
|-heal|p1a: 5.Ban Magearna pls|20/100 frz|[from] item: Leftovers
|upkeep
|turn|22
|
|t:|1614256377
|move|p2a: WhiteAlbum|Freeze-Dry|p1a: 5.Ban Magearna pls
|-damage|p1a: 5.Ban Magearna pls|0 fnt
|faint|p1a: 5.Ban Magearna pls
|
|-weather|Hail|[upkeep]
|upkeep
|c|☆Testing cwm|=(
|
|t:|1614256383
|switch|p1a: 1.Ban Magearna pls|Moltres|87/100
|turn|23
|
|t:|1614256387
|switch|p2a: ManInTheMirror|Xatu, M|100/100
|-damage|p2a: ManInTheMirror|76/100|[from] Stealth Rock
|move|p1a: 1.Ban Magearna pls|Mystical Fire|p2a: ManInTheMirror
|-damage|p2a: ManInTheMirror|47/100
|-unboost|p2a: ManInTheMirror|spa|1
|
|-weather|none
|upkeep
|turn|24
|
|t:|1614256395
|move|p1a: 1.Ban Magearna pls|U-turn|p2a: ManInTheMirror
|-damage|p2a: ManInTheMirror|29/100
|-damage|p1a: 1.Ban Magearna pls|70/100|[from] item: Rocky Helmet|[of] p2a: ManInTheMirror
|
|t:|1614256399
|switch|p1a: 6.Ban Magearna pls|Landorus-Therian, M|80/100|[from]move: U-turn
|-ability|p1a: 6.Ban Magearna pls|Intimidate|boost
|-unboost|p2a: ManInTheMirror|atk|1
|move|p2a: ManInTheMirror|Roost|p2a: ManInTheMirror
|-heal|p2a: ManInTheMirror|79/100
|-singleturn|p2a: ManInTheMirror|move: Roost
|
|upkeep
|turn|25
|
|t:|1614256407
|move|p1a: 6.Ban Magearna pls|Knock Off|p2a: ManInTheMirror
|-supereffective|p2a: ManInTheMirror
|-damage|p2a: ManInTheMirror|10/100
|-damage|p1a: 6.Ban Magearna pls|64/100|[from] item: Rocky Helmet|[of] p2a: ManInTheMirror
|-enditem|p2a: ManInTheMirror|Rocky Helmet|[from] move: Knock Off|[of] p1a: 6.Ban Magearna pls
|move|p2a: ManInTheMirror|Heat Wave|p1a: 6.Ban Magearna pls
|-damage|p1a: 6.Ban Magearna pls|49/100
|
|upkeep
|turn|26
|
|t:|1614256415
|move|p1a: 6.Ban Magearna pls|U-turn|p2a: ManInTheMirror
|-damage|p2a: ManInTheMirror|0 fnt
|faint|p2a: ManInTheMirror
|
|t:|1614256424
|switch|p1a: 3.Ban Magearna pls|Ninetales-Alola, F|100/100|[from]move: U-turn
|-weather|Hail|[from] ability: Snow Warning|[of] p1a: 3.Ban Magearna pls
|
|-weather|Hail|[upkeep]
|upkeep
|
|t:|1614256427
|switch|p2a: PurpleHaze|Drapion, F|100/100 slp
|-damage|p2a: PurpleHaze|88/100 slp|[from] Stealth Rock
|turn|27
|j| Ooepp
|
|t:|1614256433
|switch|p1a: 6.Ban Magearna pls|Landorus-Therian, M|49/100
|-ability|p1a: 6.Ban Magearna pls|Intimidate|boost
|-unboost|p2a: PurpleHaze|atk|1
|cant|p2a: PurpleHaze|slp
|
|-weather|Hail|[upkeep]
|-damage|p1a: 6.Ban Magearna pls|43/100|[from] Hail
|-damage|p2a: PurpleHaze|82/100 slp|[from] Hail
|-heal|p2a: PurpleHaze|88/100 slp|[from] item: Black Sludge
|upkeep
|turn|28
|
|t:|1614256443
|move|p1a: 6.Ban Magearna pls|U-turn|p2a: PurpleHaze
|-damage|p2a: PurpleHaze|66/100 slp
|
|t:|1614256447
|switch|p1a: 2.Ban Magearna pls|Tyranitar, F|11/100|[from]move: U-turn
|-weather|Sandstorm|[from] ability: Sand Stream|[of] p1a: 2.Ban Magearna pls
|cant|p2a: PurpleHaze|slp
|
|-weather|Sandstorm|[upkeep]
|-damage|p2a: PurpleHaze|60/100 slp|[from] Sandstorm
|-heal|p2a: PurpleHaze|66/100 slp|[from] item: Black Sludge
|-heal|p1a: 2.Ban Magearna pls|18/100|[from] item: Leftovers
|upkeep
|turn|29
|
|t:|1614256458
|switch|p1a: 6.Ban Magearna pls|Landorus-Therian, M|43/100
|-ability|p1a: 6.Ban Magearna pls|Intimidate|boost
|-unboost|p2a: PurpleHaze|atk|1
|-curestatus|p2a: PurpleHaze|slp|[msg]
|move|p2a: PurpleHaze|Earthquake|p1a: 6.Ban Magearna pls
|-immune|p1a: 6.Ban Magearna pls
|
|-weather|Sandstorm|[upkeep]
|-damage|p2a: PurpleHaze|60/100|[from] Sandstorm
|-heal|p2a: PurpleHaze|66/100|[from] item: Black Sludge
|upkeep
|turn|30
|
|t:|1614256468
|move|p1a: 6.Ban Magearna pls|Earthquake|p2a: PurpleHaze
|-supereffective|p2a: PurpleHaze
|-damage|p2a: PurpleHaze|0 fnt
|faint|p2a: PurpleHaze
|
|-weather|Sandstorm|[upkeep]
|upkeep
|
|t:|1614256471
|switch|p2a: WhiteAlbum|Ninetales-Alola, M|39/100
|-damage|p2a: WhiteAlbum|14/100|[from] Stealth Rock
|-weather|Hail|[from] ability: Snow Warning|[of] p2a: WhiteAlbum
|turn|31
|
|t:|1614256480
|move|p2a: WhiteAlbum|Freeze-Dry|p1a: 6.Ban Magearna pls
|-supereffective|p1a: 6.Ban Magearna pls
|-damage|p1a: 6.Ban Magearna pls|0 fnt
|faint|p1a: 6.Ban Magearna pls
|
|-weather|Hail|[upkeep]
|upkeep
|
|t:|1614256488
|switch|p1a: 1.Ban Magearna pls|Moltres|70/100
|turn|32
|
|t:|1614256493
|move|p2a: WhiteAlbum|Freeze-Dry|p1a: 1.Ban Magearna pls
|-damage|p1a: 1.Ban Magearna pls|46/100
|move|p1a: 1.Ban Magearna pls|Mystical Fire|p2a: WhiteAlbum
|-supereffective|p2a: WhiteAlbum
|-damage|p2a: WhiteAlbum|0 fnt
|faint|p2a: WhiteAlbum
|
|-weather|Hail|[upkeep]
|-damage|p1a: 1.Ban Magearna pls|40/100|[from] Hail
|upkeep
|
|t:|1614256496
|switch|p2a: StarPlatinum|Quagsire, F, shiny|100/100 slp
|-damage|p2a: StarPlatinum|94/100 slp|[from] Stealth Rock
|turn|33
|c|☆Testing cwm|gg
|
|t:|1614256505
|move|p1a: 1.Ban Magearna pls|U-turn|p2a: StarPlatinum
|-damage|p2a: StarPlatinum|85/100 slp
|
|t:|1614256507
|switch|p1a: 4.Ban Magearna pls|Slowbro, F|100/100 brn|[from]move: U-turn
|cant|p2a: StarPlatinum|slp
|
|-weather|Hail|[upkeep]
|-damage|p2a: StarPlatinum|78/100 slp|[from] Hail
|-damage|p1a: 4.Ban Magearna pls|94/100 brn|[from] Hail
|-heal|p2a: StarPlatinum|85/100 slp|[from] item: Leftovers
|-damage|p1a: 4.Ban Magearna pls|88/100 brn|[from] brn
|upkeep
|turn|34
|
|t:|1614256516
|cant|p2a: StarPlatinum|slp
|move|p1a: 4.Ban Magearna pls|Teleport|p1a: 4.Ban Magearna pls
|
|t:|1614256519
|switch|p1a: 3.Ban Magearna pls|Ninetales-Alola, F|100/100|[from]move: Teleport
|
|-weather|Hail|[upkeep]
|-damage|p2a: StarPlatinum|78/100 slp|[from] Hail
|-heal|p2a: StarPlatinum|85/100 slp|[from] item: Leftovers
|upkeep
|turn|35
|
|t:|1614256526
|move|p1a: 3.Ban Magearna pls|Freeze-Dry|p2a: StarPlatinum
|-supereffective|p2a: StarPlatinum
|-damage|p2a: StarPlatinum|0 fnt
|faint|p2a: StarPlatinum
|
|win|Testing cwm
|l|☆Tirkys
|raw|Testing cwm's rating: 1614 &rarr; <strong>1636</strong><br />(+22 for winning)
|raw|Tirkys's rating: 1640 &rarr; <strong>1619</strong><br />(-21 for losing)
