|j|☆SpeedyBlu
|j|☆Chikami
|t:|1657068648
|gametype|singles
|player|p1|SpeedyBlu|gardenia|1590
|player|p2|Chikami|nate|1550
|teamsize|p1|6
|teamsize|p2|6
|gen|8
|tier|[Gen 8] OU
|rated|
|rule|Sleep Clause Mod: Limit one foe put to sleep
|rule|Species Clause: Limit one of each Pokémon
|rule|OHKO Clause: OHKO moves are banned
|rule|Evasion Moves Clause: Evasion moves are banned
|rule|Endless Battle Clause: Forcing endless battles is banned
|rule|HP Percentage Mod: HP is shown in percentages
|rule|Dynamax Clause: You cannot dynamax
|clearpoke
|poke|p1|Urshifu-*, M|
|poke|p1|Landorus-Therian, M|
|poke|p1|Dragapult, F|
|poke|p1|Tapu Koko|
|poke|p1|Weavile, F|
|poke|p1|Volcarona, M|
|poke|p2|Scolipede, F|
|poke|p2|Regieleki|
|poke|p2|Magnezone|
|poke|p2|Heatran, F|
|poke|p2|Rillaboom, F|
|poke|p2|Weavile, F|
|teampreview
|
|t:|1657068656
|start
|switch|p1a: Urshifu|Urshifu-Rapid-Strike, M|100/100
|switch|p2a: Heatran|Heatran, F|100/100
|-item|p2a: Heatran|Air Balloon
|turn|1
|
|t:|1657068673
|move|p1a: Urshifu|U-turn|p2a: Heatran
|-resisted|p2a: Heatran
|-damage|p2a: Heatran|97/100
|-enditem|p2a: Heatran|Air Balloon
|
|t:|1657068676
|switch|p1a: Landorus|Landorus-Therian, M|100/100|[from]move: U-turn
|-ability|p1a: Landorus|Intimidate|boost
|-unboost|p2a: Heatran|atk|1
|move|p2a: Heatran|Stealth Rock|p1a: Landorus
|-sidestart|p1: SpeedyBlu|move: Stealth Rock
|
|upkeep
|turn|2
|
|t:|1657068689
|switch|p2a: Rillaboom|Rillaboom, F|100/100
|-fieldstart|move: Grassy Terrain|[from] ability: Grassy Surge|[of] p2a: Rillaboom
|move|p1a: Landorus|Stealth Rock|p2a: Rillaboom
|-sidestart|p2: Chikami|move: Stealth Rock
|
|upkeep
|turn|3
|
|t:|1657068696
|move|p1a: Landorus|U-turn|p2a: Rillaboom
|-supereffective|p2a: Rillaboom
|-damage|p2a: Rillaboom|41/100
|
|t:|1657068702
|switch|p1a: Tapu Koko|Tapu Koko|100/100|[from]move: U-turn
|-fieldstart|move: Electric Terrain|[from] ability: Electric Surge|[of] p1a: Tapu Koko
|move|p2a: Rillaboom|Knock Off|p1a: Tapu Koko
|-resisted|p1a: Tapu Koko
|-damage|p1a: Tapu Koko|74/100
|-enditem|p1a: Tapu Koko|Heavy-Duty Boots|[from] move: Knock Off|[of] p2a: Rillaboom
|-damage|p2a: Rillaboom|31/100|[from] item: Life Orb
|
|upkeep
|turn|4
|
|t:|1657068716
|switch|p2a: Magnezone|Magnezone|100/100
|-damage|p2a: Magnezone|94/100|[from] Stealth Rock
|move|p1a: Tapu Koko|Thunderbolt|p2a: Magnezone
|-resisted|p2a: Magnezone
|-damage|p2a: Magnezone|71/100
|
|upkeep
|turn|5
|
|t:|1657068725
|move|p1a: Tapu Koko|Calm Mind|p1a: Tapu Koko
|-boost|p1a: Tapu Koko|spa|1
|-boost|p1a: Tapu Koko|spd|1
|move|p2a: Magnezone|Flash Cannon|p1a: Tapu Koko
|-damage|p1a: Tapu Koko|27/100
|-damage|p2a: Magnezone|61/100|[from] item: Life Orb
|
|upkeep
|turn|6
|
|t:|1657068729
|move|p1a: Tapu Koko|Roost|p1a: Tapu Koko
|-heal|p1a: Tapu Koko|77/100
|-singleturn|p1a: Tapu Koko|move: Roost
|move|p2a: Magnezone|Flash Cannon|p1a: Tapu Koko
|-damage|p1a: Tapu Koko|31/100
|-damage|p2a: Magnezone|51/100|[from] item: Life Orb
|
|upkeep
|turn|7
|
|t:|1657068737
|move|p1a: Tapu Koko|Roost|p1a: Tapu Koko
|-heal|p1a: Tapu Koko|81/100
|-singleturn|p1a: Tapu Koko|move: Roost
|move|p2a: Magnezone|Flash Cannon|p1a: Tapu Koko
|-crit|p1a: Tapu Koko
|-damage|p1a: Tapu Koko|0 fnt
|faint|p1a: Tapu Koko
|-damage|p2a: Magnezone|41/100|[from] item: Life Orb
|
|-fieldend|move: Electric Terrain
|upkeep
|
|t:|1657068748
|switch|p1a: Urshifu|Urshifu-Rapid-Strike, M|100/100
|-damage|p1a: Urshifu|94/100|[from] Stealth Rock
|turn|8
|
|t:|1657068753
|move|p1a: Urshifu|Surging Strikes|p2a: Magnezone
|-crit|p2a: Magnezone
|-damage|p2a: Magnezone|22/100
|-crit|p2a: Magnezone
|-damage|p2a: Magnezone|4/100
|-crit|p2a: Magnezone
|-damage|p2a: Magnezone|0 fnt
|faint|p2a: Magnezone
|-hitcount|p2: Magnezone|3
|
|upkeep
|
|t:|1657068763
|switch|p2a: Rillaboom|Rillaboom, F|31/100
|-damage|p2a: Rillaboom|18/100|[from] Stealth Rock
|-fieldstart|move: Grassy Terrain|[from] ability: Grassy Surge|[of] p2a: Rillaboom
|turn|9
|
|t:|1657068768
|switch|p1a: Volcarona|Volcarona, M|100/100
|move|p2a: Rillaboom|Grassy Glide|p1a: Volcarona
|-resisted|p1a: Volcarona
|-damage|p1a: Volcarona|86/100
|-damage|p2a: Rillaboom|8/100|[from] item: Life Orb
|
|-heal|p2a: Rillaboom|15/100|[from] Grassy Terrain
|-heal|p1a: Volcarona|92/100|[from] Grassy Terrain
|upkeep
|turn|10
|
|t:|1657068775
|switch|p2a: Heatran|Heatran, F|97/100
|-damage|p2a: Heatran|84/100|[from] Stealth Rock
|move|p1a: Volcarona|Quiver Dance|p1a: Volcarona
|-boost|p1a: Volcarona|spa|1
|-boost|p1a: Volcarona|spd|1
|-boost|p1a: Volcarona|spe|1
|
|-heal|p1a: Volcarona|98/100|[from] Grassy Terrain
|-heal|p2a: Heatran|90/100|[from] Grassy Terrain
|upkeep
|turn|11
|
|t:|1657068785
|move|p1a: Volcarona|Quiver Dance|p1a: Volcarona
|-boost|p1a: Volcarona|spa|1
|-boost|p1a: Volcarona|spd|1
|-boost|p1a: Volcarona|spe|1
|move|p2a: Heatran|Magma Storm|p1a: Volcarona
|-crit|p1a: Volcarona
|-damage|p1a: Volcarona|40/100
|-activate|p1a: Volcarona|move: Magma Storm|[of] p2a: Heatran
|
|-heal|p1a: Volcarona|46/100|[from] Grassy Terrain
|-heal|p2a: Heatran|97/100|[from] Grassy Terrain
|-damage|p1a: Volcarona|34/100|[from] move: Magma Storm|[partiallytrapped]
|upkeep
|turn|12
|
|t:|1657068791
|move|p1a: Volcarona|Roost|p1a: Volcarona
|-heal|p1a: Volcarona|84/100
|-singleturn|p1a: Volcarona|move: Roost
|move|p2a: Heatran|Taunt|p1a: Volcarona
|-start|p1a: Volcarona|move: Taunt
|
|-heal|p1a: Volcarona|90/100|[from] Grassy Terrain
|-heal|p2a: Heatran|100/100|[from] Grassy Terrain
|-damage|p1a: Volcarona|78/100|[from] move: Magma Storm|[partiallytrapped]
|upkeep
|turn|13
|
|t:|1657068797
|move|p1a: Volcarona|Psychic|p2a: Heatran
|-resisted|p2a: Heatran
|-damage|p2a: Heatran|78/100
|move|p2a: Heatran|Earth Power|p1a: Volcarona
|-damage|p1a: Volcarona|66/100
|
|-heal|p1a: Volcarona|73/100|[from] Grassy Terrain
|-heal|p2a: Heatran|85/100|[from] Grassy Terrain
|-damage|p1a: Volcarona|60/100|[from] move: Magma Storm|[partiallytrapped]
|-fieldend|move: Grassy Terrain
|upkeep
|turn|14
|
|t:|1657068803
|move|p1a: Volcarona|Psychic|p2a: Heatran
|-resisted|p2a: Heatran
|-damage|p2a: Heatran|63/100
|move|p2a: Heatran|Earth Power|p1a: Volcarona
|-damage|p1a: Volcarona|48/100
|
|-damage|p1a: Volcarona|36/100|[from] move: Magma Storm|[partiallytrapped]
|upkeep
|turn|15
|
|t:|1657068808
|move|p1a: Volcarona|Psychic|p2a: Heatran
|-resisted|p2a: Heatran
|-damage|p2a: Heatran|40/100
|move|p2a: Heatran|Earth Power|p1a: Volcarona
|-damage|p1a: Volcarona|23/100
|
|-damage|p1a: Volcarona|11/100|[from] move: Magma Storm|[partiallytrapped]
|-end|p1a: Volcarona|move: Taunt
|upkeep
|turn|16
|
|t:|1657068814
|move|p1a: Volcarona|Roost|p1a: Volcarona
|-heal|p1a: Volcarona|61/100
|-singleturn|p1a: Volcarona|move: Roost
|move|p2a: Heatran|Taunt|p1a: Volcarona
|-start|p1a: Volcarona|move: Taunt
|
|-end|p1a: Volcarona|Magma Storm|[partiallytrapped]
|upkeep
|turn|17
|
|t:|1657068818
|move|p1a: Volcarona|Psychic|p2a: Heatran
|-resisted|p2a: Heatran
|-damage|p2a: Heatran|19/100
|move|p2a: Heatran|Magma Storm|p1a: Volcarona
|-damage|p1a: Volcarona|41/100
|-activate|p1a: Volcarona|move: Magma Storm|[of] p2a: Heatran
|
|-damage|p1a: Volcarona|28/100|[from] move: Magma Storm|[partiallytrapped]
|upkeep
|turn|18
|
|t:|1657068823
|move|p1a: Volcarona|Psychic|p2a: Heatran
|-resisted|p2a: Heatran
|-damage|p2a: Heatran|0 fnt
|faint|p2a: Heatran
|
|-end|p1a: Volcarona|Magma Storm|[partiallytrapped]|[silent]
|upkeep
|
|t:|1657068859
|switch|p2a: Weavile|Weavile, F|100/100
|-ability|p2a: Weavile|Pressure
|turn|19
|
|t:|1657068862
|move|p2a: Weavile|Ice Shard|p1a: Volcarona
|-resisted|p1a: Volcarona
|-damage|p1a: Volcarona|19/100
|move|p1a: Volcarona|Fire Blast|p2a: Weavile
|-supereffective|p2a: Weavile
|-damage|p2a: Weavile|0 fnt
|faint|p2a: Weavile
|
|-end|p1a: Volcarona|move: Taunt
|upkeep
|
|t:|1657068865
|switch|p2a: Rillaboom|Rillaboom, F|15/100
|-damage|p2a: Rillaboom|2/100|[from] Stealth Rock
|-fieldstart|move: Grassy Terrain|[from] ability: Grassy Surge|[of] p2a: Rillaboom
|turn|20
|
|t:|1657068869
|move|p2a: Rillaboom|Grassy Glide|p1a: Volcarona
|-resisted|p1a: Volcarona
|-damage|p1a: Volcarona|5/100
|-damage|p2a: Rillaboom|0 fnt|[from] item: Life Orb
|faint|p2a: Rillaboom
|move|p1a: Volcarona|Roost|p1a: Volcarona
|-heal|p1a: Volcarona|55/100
|-singleturn|p1a: Volcarona|move: Roost
|
|-heal|p1a: Volcarona|61/100|[from] Grassy Terrain
|upkeep
|
|t:|1657068874
|switch|p2a: Regieleki|Regieleki|100/100
|-damage|p2a: Regieleki|88/100|[from] Stealth Rock
|turn|21
|
|t:|1657068878
|move|p2a: Regieleki|Explosion|p1a: Volcarona
|-damage|p1a: Volcarona|9/100
|faint|p2a: Regieleki
|move|p1a: Volcarona|Psychic|p2: Regieleki|[notarget]
|-fail|p1a: Volcarona
|
|-heal|p1a: Volcarona|16/100|[from] Grassy Terrain
|upkeep
|
|t:|1657068881
|switch|p2a: Scolipede|Scolipede, F|100/100
|-damage|p2a: Scolipede|76/100|[from] Stealth Rock
|turn|22
|-message|Chikami forfeited.
|
|win|SpeedyBlu
|raw|SpeedyBlu's rating: 1590 &rarr; <strong>1608</strong><br />(+18 for winning)
|raw|Chikami's rating: 1550 &rarr; <strong>1532</strong><br />(-18 for losing)
|l|☆Chikami
|c|☆SpeedyBlu|!showteam
|c| SpeedyBlu|/raw <div class="infobox"><details><summary>View team</summary>Urshifu (Urshifu-Rapid-Strike) @ Protective Pads  <br />Ability: Unseen Fist  <br />EVs: 252 Atk &#x2f; 4 SpD &#x2f; 252 Spe  <br />Jolly Nature  <br />- Bulk Up  <br />- Close Combat  <br />- Surging Strikes  <br />- U-turn  <br /><br />Landorus (Landorus-Therian) (M) @ Heavy-Duty Boots  <br />Ability: Intimidate  <br />EVs: 252 Atk &#x2f; 4 SpD &#x2f; 252 Spe  <br />Jolly Nature  <br />- U-turn  <br />- Earthquake  <br />- Stealth Rock  <br />- Knock Off  <br /><br />Dragapult @ Heavy-Duty Boots  <br />Ability: Infiltrator  <br />EVs: 252 SpA &#x2f; 4 SpD &#x2f; 252 Spe  <br />Timid Nature  <br />IVs: 0 Atk  <br />- Thunder Wave  <br />- Hex  <br />- Draco Meteor  <br />- Flamethrower  <br /><br />Tapu Koko @ Heavy-Duty Boots  <br />Ability: Electric Surge  <br />EVs: 248 HP &#x2f; 8 SpA &#x2f; 252 Spe  <br />Timid Nature  <br />IVs: 0 Atk  <br />- Thunderbolt  <br />- Dazzling Gleam  <br />- Roost  <br />- Calm Mind  <br /><br />Weavile @ Heavy-Duty Boots  <br />Ability: Pressure  <br />EVs: 252 Atk &#x2f; 4 SpD &#x2f; 252 Spe  <br />Jolly Nature  <br />- Swords Dance  <br />- Knock Off  <br />- Ice Shard  <br />- Triple Axel  <br /><br />Volcarona @ Heavy-Duty Boots  <br />Ability: Flame Body  <br />EVs: 248 HP &#x2f; 208 Def &#x2f; 52 Spe  <br />Bold Nature  <br />IVs: 0 Atk  <br />- Psychic  <br />- Fire Blast  <br />- Quiver Dance  <br />- Roost  <br /><br /></details></div>
