|j|‽okaybears
|j|☆Kwaga
|t:|1660377763
|gametype|singles
|player|p1|okaybears|2|1628
|player|p2|Kwaga|bruno-gen3|1577
|teamsize|p1|6
|teamsize|p2|6
|gen|8
|tier|[Gen 8] OU
|rated|
|rule|Sleep Clause Mod: Limit one foe put to sleep
|rule|Species Clause: Limit one of each Pokémon
|rule|OHKO Clause: OHKO moves are banned
|rule|Evasion Items Clause: Evasion items are banned
|rule|Evasion Moves Clause: Evasion moves are banned
|rule|Endless Battle Clause: Forcing endless battles is banned
|rule|HP Percentage Mod: HP is shown in percentages
|rule|Dynamax Clause: You cannot dynamax
|clearpoke
|poke|p1|Clefable, M|
|poke|p1|Dragonite, M|
|poke|p1|Pelipper, F|
|poke|p1|Urshifu-*, M|
|poke|p1|Landorus-Therian, M|
|poke|p1|Ferrothorn, M|
|poke|p2|Tapu Lele|
|poke|p2|Dragapult, F|
|poke|p2|Kartana|
|poke|p2|Landorus-Therian, M|
|poke|p2|Ferrothorn, F|
|poke|p2|Zapdos|
|teampreview
|
|t:|1660377772
|start
|switch|p1a: Ferrothorn|Ferrothorn, M|100/100
|switch|p2a: Dragapult|Dragapult, F|100/100
|turn|1
|inactive|Battle timer is ON: inactive players will automatically lose when time's up. (requested by Kwaga)
|
|t:|1660377779
|move|p1a: Ferrothorn|Protect|p1a: Ferrothorn
|-singleturn|p1a: Ferrothorn|Protect
|move|p2a: Dragapult|Shadow Ball|p1a: Ferrothorn
|-activate|p1a: Ferrothorn|move: Protect
|
|upkeep
|turn|2
|
|t:|1660377782
|switch|p2a: Zapdos|Zapdos|100/100
|move|p1a: Ferrothorn|Knock Off|p2a: Zapdos
|-damage|p2a: Zapdos|76/100
|-status|p1a: Ferrothorn|par|[from] ability: Static|[of] p2a: Zapdos
|-enditem|p2a: Zapdos|Heavy-Duty Boots|[from] move: Knock Off|[of] p1a: Ferrothorn
|
|upkeep
|turn|3
|
|t:|1660377786
|switch|p1a: Landorus|Landorus-Therian, M|100/100
|-ability|p1a: Landorus|Intimidate|boost
|-unboost|p2a: Zapdos|atk|1
|move|p2a: Zapdos|Heat Wave|p1a: Landorus
|-damage|p1a: Landorus|64/100
|
|-heal|p1a: Landorus|70/100|[from] item: Leftovers
|upkeep
|turn|4
|
|t:|1660377795
|move|p2a: Zapdos|Hurricane|p1a: Landorus
|-damage|p1a: Landorus|8/100
|-start|p1a: Landorus|confusion
|-activate|p1a: Landorus|confusion
|move|p1a: Landorus|Toxic|p2a: Zapdos
|-status|p2a: Zapdos|tox
|
|-heal|p1a: Landorus|14/100|[from] item: Leftovers
|-damage|p2a: Zapdos|69/100 tox|[from] psn
|upkeep
|turn|5
|
|t:|1660377807
|switch|p1a: Dragonite|Dragonite, M|100/100
|move|p2a: Zapdos|Hurricane|p1a: Dragonite|[miss]
|-miss|p2a: Zapdos|p1a: Dragonite
|
|-damage|p2a: Zapdos|57/100 tox|[from] psn
|upkeep
|turn|6
|
|t:|1660377816
|switch|p1a: Landorus|Landorus-Therian, M|14/100
|-ability|p1a: Landorus|Intimidate|boost
|-unboost|p2a: Zapdos|atk|1
|move|p2a: Zapdos|Volt Switch|p1a: Landorus
|-immune|p1a: Landorus
|
|-heal|p1a: Landorus|20/100|[from] item: Leftovers
|-damage|p2a: Zapdos|38/100 tox|[from] psn
|upkeep
|turn|7
|
|t:|1660377827
|switch|p1a: Dragonite|Dragonite, M|100/100
|move|p2a: Zapdos|Hurricane|p1a: Dragonite
|-damage|p1a: Dragonite|77/100
|-start|p1a: Dragonite|confusion
|
|-damage|p2a: Zapdos|13/100 tox|[from] psn
|upkeep
|turn|8
|
|t:|1660377836
|move|p2a: Zapdos|Volt Switch|p1a: Dragonite
|-damage|p1a: Dragonite|42/100
|
|t:|1660377838
|switch|p2a: Tapu Lele|Tapu Lele, shiny|100/100|[from]move: Volt Switch
|-fieldstart|move: Psychic Terrain|[from] ability: Psychic Surge|[of] p2a: Tapu Lele
|-activate|p1a: Dragonite|confusion
|move|p1a: Dragonite|Roost|p1a: Dragonite
|-heal|p1a: Dragonite|92/100
|-singleturn|p1a: Dragonite|move: Roost
|
|upkeep
|turn|9
|
|t:|1660377846
|switch|p1a: Ferrothorn|Ferrothorn, M|100/100 par
|move|p2a: Tapu Lele|Focus Blast|p1a: Ferrothorn|[miss]
|-miss|p2a: Tapu Lele|p1a: Ferrothorn
|
|upkeep
|turn|10
|
|t:|1660377855
|switch|p2a: Dragapult|Dragapult, F|100/100
|move|p1a: Ferrothorn|Gyro Ball|p2a: Dragapult
|-damage|p2a: Dragapult|30/100
|
|upkeep
|turn|11
|
|t:|1660377861
|switch|p1a: Clefable|Clefable, M|100/100
|move|p2a: Dragapult|Flamethrower|p1a: Clefable
|-damage|p1a: Clefable|63/100
|
|-heal|p1a: Clefable|70/100|[from] item: Leftovers
|upkeep
|turn|12
|
|t:|1660377869
|switch|p2a: Ferrothorn|Ferrothorn, F|100/100
|move|p1a: Clefable|Moonblast|p2a: Ferrothorn
|-resisted|p2a: Ferrothorn
|-damage|p2a: Ferrothorn|87/100
|
|-heal|p1a: Clefable|76/100|[from] item: Leftovers
|-heal|p2a: Ferrothorn|93/100|[from] item: Leftovers
|-fieldend|move: Psychic Terrain
|upkeep
|turn|13
|
|t:|1660377872
|move|p1a: Clefable|Calm Mind|p1a: Clefable
|-boost|p1a: Clefable|spa|1
|-boost|p1a: Clefable|spd|1
|move|p2a: Ferrothorn|Stealth Rock|p1a: Clefable
|-sidestart|p1: okaybears|move: Stealth Rock
|
|-heal|p1a: Clefable|82/100|[from] item: Leftovers
|-heal|p2a: Ferrothorn|99/100|[from] item: Leftovers
|upkeep
|turn|14
|
|t:|1660377876
|move|p1a: Clefable|Calm Mind|p1a: Clefable
|-boost|p1a: Clefable|spa|1
|-boost|p1a: Clefable|spd|1
|move|p2a: Ferrothorn|Gyro Ball|p1a: Clefable
|-supereffective|p1a: Clefable
|-damage|p1a: Clefable|36/100
|
|-heal|p1a: Clefable|42/100|[from] item: Leftovers
|-heal|p2a: Ferrothorn|100/100|[from] item: Leftovers
|upkeep
|turn|15
|
|t:|1660377880
|move|p1a: Clefable|Soft-Boiled|p1a: Clefable
|-heal|p1a: Clefable|92/100
|move|p2a: Ferrothorn|Gyro Ball|p1a: Clefable
|-supereffective|p1a: Clefable
|-damage|p1a: Clefable|40/100
|
|-heal|p1a: Clefable|46/100|[from] item: Leftovers
|upkeep
|turn|16
|
|t:|1660377883
|move|p1a: Clefable|Soft-Boiled|p1a: Clefable
|-heal|p1a: Clefable|96/100
|move|p2a: Ferrothorn|Gyro Ball|p1a: Clefable
|-supereffective|p1a: Clefable
|-damage|p1a: Clefable|51/100
|
|-heal|p1a: Clefable|57/100|[from] item: Leftovers
|upkeep
|turn|17
|
|t:|1660377888
|move|p1a: Clefable|Soft-Boiled|p1a: Clefable
|-heal|p1a: Clefable|100/100
|move|p2a: Ferrothorn|Gyro Ball|p1a: Clefable
|-supereffective|p1a: Clefable
|-damage|p1a: Clefable|55/100
|
|-heal|p1a: Clefable|61/100|[from] item: Leftovers
|upkeep
|turn|18
|
|t:|1660377893
|move|p1a: Clefable|Moonblast|p2a: Ferrothorn
|-resisted|p2a: Ferrothorn
|-damage|p2a: Ferrothorn|75/100
|move|p2a: Ferrothorn|Gyro Ball|p1a: Clefable
|-supereffective|p1a: Clefable
|-damage|p1a: Clefable|12/100
|
|-heal|p1a: Clefable|18/100|[from] item: Leftovers
|-heal|p2a: Ferrothorn|82/100|[from] item: Leftovers
|upkeep
|turn|19
|
|t:|1660377899
|switch|p2a: Tapu Lele|Tapu Lele, shiny|100/100
|-fieldstart|move: Psychic Terrain|[from] ability: Psychic Surge|[of] p2a: Tapu Lele
|move|p1a: Clefable|Soft-Boiled|p1a: Clefable
|-heal|p1a: Clefable|68/100
|
|-heal|p1a: Clefable|74/100|[from] item: Leftovers
|upkeep
|turn|20
|
|t:|1660377902
|switch|p1a: Ferrothorn|Ferrothorn, M|100/100 par
|-damage|p1a: Ferrothorn|94/100 par|[from] Stealth Rock
|move|p2a: Tapu Lele|Psyshock|p1a: Ferrothorn
|-resisted|p1a: Ferrothorn
|-damage|p1a: Ferrothorn|64/100 par
|
|-heal|p1a: Ferrothorn|70/100 par|[from] item: Leftovers
|upkeep
|turn|21
|
|t:|1660377909
|switch|p2a: Landorus|Landorus-Therian, M|100/100
|-ability|p2a: Landorus|Intimidate|boost
|-unboost|p1a: Ferrothorn|atk|1
|move|p1a: Ferrothorn|Leech Seed|p2a: Landorus
|-start|p2a: Landorus|move: Leech Seed
|
|-heal|p1a: Ferrothorn|77/100 par|[from] item: Leftovers
|-damage|p2a: Landorus|88/100|[from] Leech Seed|[of] p1a: Ferrothorn
|-heal|p1a: Ferrothorn|90/100 par|[silent]
|upkeep
|turn|22
|
|t:|1660377921
|switch|p1a: Landorus|Landorus-Therian, M|20/100
|-damage|p1a: Landorus|8/100|[from] Stealth Rock
|-ability|p1a: Landorus|Intimidate|boost
|-unboost|p2a: Landorus|atk|1
|move|p2a: Landorus|Knock Off|p1a: Landorus
|-damage|p1a: Landorus|0 fnt
|-enditem|p1a: Landorus|Leftovers|[from] move: Knock Off|[of] p2a: Landorus
|faint|p1a: Landorus
|
|-heal|p2a: Landorus|94/100|[from] item: Leftovers
|upkeep
|
|t:|1660377927
|switch|p1a: Urshifu|Urshifu-Rapid-Strike, M|100/100
|-damage|p1a: Urshifu|94/100|[from] Stealth Rock
|turn|23
|
|t:|1660377937
|switch|p2a: Zapdos|Zapdos|13/100 tox
|move|p1a: Urshifu|Surging Strikes|p2a: Zapdos
|-crit|p2a: Zapdos
|-damage|p2a: Zapdos|0 fnt
|faint|p2a: Zapdos
|-hitcount|p2: Zapdos|1
|
|-fieldend|move: Psychic Terrain
|upkeep
|
|t:|1660377942
|switch|p2a: Dragapult|Dragapult, F|30/100
|turn|24
|
|t:|1660377947
|switch|p2a: Ferrothorn|Ferrothorn, F|82/100
|switch|p1a: Ferrothorn|Ferrothorn, M|90/100 par
|-damage|p1a: Ferrothorn|84/100 par|[from] Stealth Rock
|
|-heal|p2a: Ferrothorn|88/100|[from] item: Leftovers
|-heal|p1a: Ferrothorn|90/100 par|[from] item: Leftovers
|upkeep
|turn|25
|
|t:|1660377952
|switch|p1a: Clefable|Clefable, M|74/100
|move|p2a: Ferrothorn|Body Press|p1a: Clefable
|-resisted|p1a: Clefable
|-damage|p1a: Clefable|63/100
|
|-heal|p1a: Clefable|69/100|[from] item: Leftovers
|-heal|p2a: Ferrothorn|94/100|[from] item: Leftovers
|upkeep
|turn|26
|
|t:|1660377963
|move|p1a: Clefable|Moonblast|p2a: Ferrothorn
|-resisted|p2a: Ferrothorn
|-crit|p2a: Ferrothorn
|-damage|p2a: Ferrothorn|74/100
|move|p2a: Ferrothorn|Gyro Ball|p1a: Clefable
|-supereffective|p1a: Clefable
|-damage|p1a: Clefable|23/100
|
|-heal|p1a: Clefable|29/100|[from] item: Leftovers
|-heal|p2a: Ferrothorn|80/100|[from] item: Leftovers
|upkeep
|turn|27
|
|t:|1660377970
|switch|p2a: Tapu Lele|Tapu Lele, shiny|100/100
|-fieldstart|move: Psychic Terrain|[from] ability: Psychic Surge|[of] p2a: Tapu Lele
|move|p1a: Clefable|Soft-Boiled|p1a: Clefable
|-heal|p1a: Clefable|79/100
|
|-heal|p1a: Clefable|86/100|[from] item: Leftovers
|upkeep
|turn|28
|j| PickledSausage
|
|t:|1660377980
|switch|p1a: Ferrothorn|Ferrothorn, M|90/100 par
|-damage|p1a: Ferrothorn|84/100 par|[from] Stealth Rock
|move|p2a: Tapu Lele|Psyshock|p1a: Ferrothorn
|-resisted|p1a: Ferrothorn
|-damage|p1a: Ferrothorn|52/100 par
|
|-heal|p1a: Ferrothorn|58/100 par|[from] item: Leftovers
|upkeep
|turn|29
|l| PickledSausage
|
|t:|1660377988
|switch|p2a: Landorus|Landorus-Therian, M|94/100
|-ability|p2a: Landorus|Intimidate|boost
|-unboost|p1a: Ferrothorn|atk|1
|move|p1a: Ferrothorn|Gyro Ball|p2a: Landorus
|-damage|p2a: Landorus|62/100
|
|-heal|p2a: Landorus|68/100|[from] item: Leftovers
|-heal|p1a: Ferrothorn|64/100 par|[from] item: Leftovers
|upkeep
|turn|30
|
|t:|1660377997
|switch|p1a: Pelipper|Pelipper, F|100/100
|-damage|p1a: Pelipper|76/100|[from] Stealth Rock
|-weather|RainDance|[from] ability: Drizzle|[of] p1a: Pelipper
|move|p2a: Landorus|Knock Off|p1a: Pelipper
|-damage|p1a: Pelipper|36/100
|-enditem|p1a: Pelipper|Choice Specs|[from] move: Knock Off|[of] p2a: Landorus
|
|-weather|RainDance|[upkeep]
|-heal|p2a: Landorus|74/100|[from] item: Leftovers
|upkeep
|turn|31
|
|t:|1660378004
|switch|p2a: Tapu Lele|Tapu Lele, shiny|100/100
|move|p1a: Pelipper|Hurricane|p2a: Tapu Lele
|-damage|p2a: Tapu Lele|50/100
|
|-weather|RainDance|[upkeep]
|-fieldend|move: Psychic Terrain
|upkeep
|turn|32
|
|t:|1660378011
|move|p2a: Tapu Lele|Moonblast|p1a: Pelipper
|-damage|p1a: Pelipper|0 fnt
|faint|p1a: Pelipper
|
|-weather|RainDance|[upkeep]
|upkeep
|
|t:|1660378017
|switch|p1a: Urshifu|Urshifu-Rapid-Strike, M|94/100
|-damage|p1a: Urshifu|88/100|[from] Stealth Rock
|turn|33
|
|t:|1660378022
|switch|p2a: Landorus|Landorus-Therian, M|74/100
|-ability|p2a: Landorus|Intimidate|boost
|-unboost|p1a: Urshifu|atk|1
|move|p1a: Urshifu|Surging Strikes|p2a: Landorus
|-supereffective|p2a: Landorus
|-crit|p2a: Landorus
|-damage|p2a: Landorus|18/100
|-supereffective|p2a: Landorus
|-crit|p2a: Landorus
|-damage|p2a: Landorus|0 fnt
|faint|p2a: Landorus
|-hitcount|p2: Landorus|2
|
|-weather|RainDance|[upkeep]
|upkeep
|
|t:|1660378029
|switch|p2a: Kartana|Kartana|100/100
|turn|34
|
|t:|1660378033
|switch|p1a: Dragonite|Dragonite, M|92/100
|move|p2a: Kartana|Knock Off|p1a: Dragonite
|-damage|p1a: Dragonite|59/100
|-enditem|p1a: Dragonite|Heavy-Duty Boots|[from] move: Knock Off|[of] p2a: Kartana
|
|-weather|none
|upkeep
|turn|35
|
|t:|1660378041
|switch|p2a: Tapu Lele|Tapu Lele, shiny|50/100
|-fieldstart|move: Psychic Terrain|[from] ability: Psychic Surge|[of] p2a: Tapu Lele
|move|p1a: Dragonite|Roost|p1a: Dragonite
|-heal|p1a: Dragonite|100/100
|-singleturn|p1a: Dragonite|move: Roost
|
|upkeep
|turn|36
|
|t:|1660378044
|switch|p1a: Ferrothorn|Ferrothorn, M|64/100 par
|-damage|p1a: Ferrothorn|58/100 par|[from] Stealth Rock
|move|p2a: Tapu Lele|Moonblast|p1a: Ferrothorn
|-resisted|p1a: Ferrothorn
|-damage|p1a: Ferrothorn|31/100 par
|
|-heal|p1a: Ferrothorn|37/100 par|[from] item: Leftovers
|upkeep
|turn|37
|
|t:|1660378062
|switch|p2a: Ferrothorn|Ferrothorn, F|80/100
|move|p1a: Ferrothorn|Knock Off|p2a: Ferrothorn
|-damage|p2a: Ferrothorn|68/100
|-damage|p1a: Ferrothorn|24/100 par|[from] ability: Iron Barbs|[of] p2a: Ferrothorn
|-enditem|p2a: Ferrothorn|Leftovers|[from] move: Knock Off|[of] p1a: Ferrothorn
|
|-heal|p1a: Ferrothorn|31/100 par|[from] item: Leftovers
|upkeep
|turn|38
|
|t:|1660378071
|switch|p2a: Tapu Lele|Tapu Lele, shiny|50/100
|switch|p1a: Clefable|Clefable, M|86/100
|
|-heal|p1a: Clefable|92/100|[from] item: Leftovers
|upkeep
|turn|39
|
|t:|1660378080
|switch|p1a: Ferrothorn|Ferrothorn, M|31/100 par
|-damage|p1a: Ferrothorn|24/100 par|[from] Stealth Rock
|move|p2a: Tapu Lele|Moonblast|p1a: Ferrothorn
|-resisted|p1a: Ferrothorn
|-damage|p1a: Ferrothorn|0 fnt
|faint|p1a: Ferrothorn
|
|-fieldend|move: Psychic Terrain
|upkeep
|
|t:|1660378084
|switch|p1a: Urshifu|Urshifu-Rapid-Strike, M|88/100
|-damage|p1a: Urshifu|82/100|[from] Stealth Rock
|turn|40
|
|t:|1660378097
|switch|p2a: Ferrothorn|Ferrothorn, F|68/100
|move|p1a: Urshifu|Surging Strikes|p2a: Ferrothorn
|-resisted|p2a: Ferrothorn
|-crit|p2a: Ferrothorn
|-damage|p2a: Ferrothorn|63/100
|-activate|p2a: Ferrothorn|ability: Iron Barbs
|-activate|p1a: Urshifu|item: Protective Pads
|-resisted|p2a: Ferrothorn
|-crit|p2a: Ferrothorn
|-damage|p2a: Ferrothorn|58/100
|-activate|p2a: Ferrothorn|ability: Iron Barbs
|-activate|p1a: Urshifu|item: Protective Pads
|-resisted|p2a: Ferrothorn
|-crit|p2a: Ferrothorn
|-damage|p2a: Ferrothorn|52/100
|-activate|p2a: Ferrothorn|ability: Iron Barbs
|-activate|p1a: Urshifu|item: Protective Pads
|-hitcount|p2a: Ferrothorn|3
|
|upkeep
|turn|41
|
|t:|1660378102
|switch|p2a: Dragapult|Dragapult, F|30/100
|move|p1a: Urshifu|Surging Strikes|p2a: Dragapult
|-resisted|p2a: Dragapult
|-crit|p2a: Dragapult
|-damage|p2a: Dragapult|16/100
|-resisted|p2a: Dragapult
|-crit|p2a: Dragapult
|-damage|p2a: Dragapult|4/100
|-resisted|p2a: Dragapult
|-crit|p2a: Dragapult
|-damage|p2a: Dragapult|0 fnt
|faint|p2a: Dragapult
|-hitcount|p2: Dragapult|3
|
|upkeep
|
|t:|1660378105
|switch|p2a: Kartana|Kartana|100/100
|turn|42
|
|t:|1660378113
|switch|p2a: Tapu Lele|Tapu Lele, shiny|50/100
|-fieldstart|move: Psychic Terrain|[from] ability: Psychic Surge|[of] p2a: Tapu Lele
|switch|p1a: Dragonite|Dragonite, M|100/100
|-damage|p1a: Dragonite|76/100|[from] Stealth Rock
|
|upkeep
|turn|43
|
|t:|1660378119
|switch|p1a: Clefable|Clefable, M|92/100
|move|p2a: Tapu Lele|Moonblast|p1a: Clefable
|-damage|p1a: Clefable|13/100
|-unboost|p1a: Clefable|spa|1
|
|-heal|p1a: Clefable|19/100|[from] item: Leftovers
|upkeep
|turn|44
|
|t:|1660378121
|move|p2a: Tapu Lele|Moonblast|p1a: Clefable
|-damage|p1a: Clefable|0 fnt
|faint|p1a: Clefable
|
|upkeep
|
|t:|1660378123
|switch|p1a: Urshifu|Urshifu-Rapid-Strike, M|82/100
|-damage|p1a: Urshifu|76/100|[from] Stealth Rock
|turn|45
|
|t:|1660378134
|switch|p2a: Ferrothorn|Ferrothorn, F|52/100
|move|p1a: Urshifu|Close Combat|p2a: Ferrothorn
|-supereffective|p2a: Ferrothorn
|-damage|p2a: Ferrothorn|0 fnt
|-unboost|p1a: Urshifu|def|1
|-unboost|p1a: Urshifu|spd|1
|-activate|p2a: Ferrothorn|ability: Iron Barbs
|-activate|p1a: Urshifu|item: Protective Pads
|faint|p2a: Ferrothorn
|
|upkeep
|
|t:|1660378136
|switch|p2a: Kartana|Kartana|100/100
|turn|46
|
|t:|1660378141
|switch|p1a: Dragonite|Dragonite, M|76/100
|-damage|p1a: Dragonite|51/100|[from] Stealth Rock
|move|p2a: Kartana|Smart Strike|p1a: Dragonite
|-damage|p1a: Dragonite|14/100
|
|-fieldend|move: Psychic Terrain
|upkeep
|turn|47
|
|t:|1660378148
|switch|p1a: Urshifu|Urshifu-Rapid-Strike, M|76/100
|-damage|p1a: Urshifu|70/100|[from] Stealth Rock
|move|p2a: Kartana|Smart Strike|p1a: Urshifu
|-resisted|p1a: Urshifu
|-damage|p1a: Urshifu|45/100
|
|upkeep
|turn|48
|
|t:|1660378153
|switch|p2a: Tapu Lele|Tapu Lele, shiny|50/100
|-fieldstart|move: Psychic Terrain|[from] ability: Psychic Surge|[of] p2a: Tapu Lele
|move|p1a: Urshifu|Surging Strikes|p2a: Tapu Lele
|-crit|p2a: Tapu Lele
|-damage|p2a: Tapu Lele|21/100
|-crit|p2a: Tapu Lele
|-damage|p2a: Tapu Lele|0 fnt
|faint|p2a: Tapu Lele
|-hitcount|p2: Tapu Lele|2
|
|upkeep
|
|t:|1660378155
|switch|p2a: Kartana|Kartana|100/100
|turn|49
|c|☆Kwaga|gg
|-message|okaybears forfeited.
|
|win|Kwaga
|raw|okaybears's rating: 1628 &rarr; <strong>1605</strong><br />(-23 for losing)
|raw|Kwaga's rating: 1577 &rarr; <strong>1600</strong><br />(+23 for winning)
|l|‽okaybears
