|html|<div class="broadcast-blue"><strong>[Gen 8] OU is currently suspecting Melmetal! For information on how to participate check out the <a href="https://www.smogon.com/forums/threads/np-ss-ou-suspect-process-round-12-monster-mash.3709234/">suspect thread</a>.</strong></div>
|j|☆PokemonCestDur
|j|☆minimax_ai
|t:|1665762893
|gametype|singles
|player|p1|PokemonCestDur|#ruplixsleekslushrushers|1680
|player|p2|minimax_ai|lusamine-nihilego|1669
|teamsize|p1|6
|teamsize|p2|6
|gen|8
|tier|[Gen 8] OU
|rated|
|rule|Sleep Clause Mod: Limit one foe put to sleep
|rule|Species Clause: Limit one of each Pokémon
|rule|OHKO Clause: OHKO moves are banned
|rule|Evasion Items Clause: Evasion items are banned
|rule|Evasion Moves Clause: Evasion moves are banned
|rule|Endless Battle Clause: Forcing endless battles is banned
|rule|HP Percentage Mod: HP is shown in percentages
|rule|Dynamax Clause: You cannot dynamax
|clearpoke
|poke|p1|Clefable, F|
|poke|p1|Gastrodon-East, F|
|poke|p1|Heatran, M|
|poke|p1|Tornadus-Therian, M|
|poke|p1|Melmetal|
|poke|p1|Rillaboom, F|
|poke|p2|Rotom-Wash|
|poke|p2|Weavile, F|
|poke|p2|Landorus-Therian, M|
|poke|p2|Heatran, M|
|poke|p2|Tangrowth, F|
|poke|p2|Melmetal|
|teampreview
|c|☆minimax_ai|hf
|inactive|Battle timer is ON: inactive players will automatically lose when time's up. (requested by minimax_ai)
|
|t:|1665762905
|start
|switch|p1a: Tornadus|Tornadus-Therian, M|100/100
|switch|p2a: landorustherian|Landorus-Therian, M|100/100
|-ability|p2a: landorustherian|Intimidate|boost
|-unboost|p1a: Tornadus|atk|1
|turn|1
|
|t:|1665762908
|move|p1a: Tornadus|Knock Off|p2a: landorustherian
|-damage|p2a: landorustherian|87/100
|-enditem|p2a: landorustherian|Leftovers|[from] move: Knock Off|[of] p1a: Tornadus
|move|p2a: landorustherian|Toxic|p1a: Tornadus
|-status|p1a: Tornadus|tox
|
|-damage|p1a: Tornadus|94/100 tox|[from] psn
|upkeep
|turn|2
|
|t:|1665762911
|switch|p2a: Melmetal|Melmetal|100/100
|move|p1a: Tornadus|Hurricane|p2a: Melmetal
|-resisted|p2a: Melmetal
|-damage|p2a: Melmetal|89/100
|
|-damage|p1a: Tornadus|82/100 tox|[from] psn
|upkeep
|turn|3
|
|t:|1665762914
|move|p1a: Tornadus|U-turn|p2a: Melmetal
|-resisted|p2a: Melmetal
|-damage|p2a: Melmetal|87/100
|
|t:|1665762917
|switch|p1a: Heatran|Heatran, M|100/100|[from]move: U-turn
|move|p2a: Melmetal|Double Iron Bash|p1a: Heatran
|-resisted|p1a: Heatran
|-damage|p1a: Heatran|93/100
|-resisted|p1a: Heatran
|-damage|p1a: Heatran|85/100
|-hitcount|p1a: Heatran|2
|
|-heal|p1a: Heatran|92/100|[from] item: Leftovers
|upkeep
|turn|4
|
|t:|1665762920
|move|p1a: Heatran|Stealth Rock|p2a: Melmetal
|-sidestart|p2: minimax_ai|move: Stealth Rock
|move|p2a: Melmetal|Earthquake|p1a: Heatran
|-supereffective|p1a: Heatran
|-damage|p1a: Heatran|0 fnt
|faint|p1a: Heatran
|
|upkeep
|
|t:|1665762927
|switch|p1a: Gastrodon|Gastrodon-East, F|100/100
|turn|5
|
|t:|1665762929
|move|p1a: Gastrodon|Toxic|p2a: Melmetal
|-immune|p2a: Melmetal
|move|p2a: Melmetal|Double Iron Bash|p1a: Gastrodon
|-resisted|p1a: Gastrodon
|-damage|p1a: Gastrodon|78/100
|-resisted|p1a: Gastrodon
|-damage|p1a: Gastrodon|56/100
|-hitcount|p1a: Gastrodon|2
|
|-heal|p1a: Gastrodon|62/100|[from] item: Leftovers
|upkeep
|turn|6
|
|t:|1665762932
|move|p1a: Gastrodon|Toxic|p2a: Melmetal|[miss]
|-miss|p1a: Gastrodon|p2a: Melmetal
|move|p2a: Melmetal|Double Iron Bash|p1a: Gastrodon
|-resisted|p1a: Gastrodon
|-damage|p1a: Gastrodon|41/100
|-resisted|p1a: Gastrodon
|-damage|p1a: Gastrodon|18/100
|-hitcount|p1a: Gastrodon|2
|
|-heal|p1a: Gastrodon|24/100|[from] item: Leftovers
|upkeep
|turn|7
|
|t:|1665762934
|move|p1a: Gastrodon|Recover|p1a: Gastrodon
|-heal|p1a: Gastrodon|74/100
|move|p2a: Melmetal|Double Iron Bash|p1a: Gastrodon
|-resisted|p1a: Gastrodon
|-damage|p1a: Gastrodon|52/100
|-resisted|p1a: Gastrodon
|-damage|p1a: Gastrodon|29/100
|-hitcount|p1a: Gastrodon|2
|
|-heal|p1a: Gastrodon|35/100|[from] item: Leftovers
|upkeep
|turn|8
|
|t:|1665762935
|move|p1a: Gastrodon|Recover|p1a: Gastrodon
|-heal|p1a: Gastrodon|85/100
|move|p2a: Melmetal|Double Iron Bash|p1a: Gastrodon
|-resisted|p1a: Gastrodon
|-damage|p1a: Gastrodon|64/100
|-resisted|p1a: Gastrodon
|-damage|p1a: Gastrodon|41/100
|-hitcount|p1a: Gastrodon|2
|
|-heal|p1a: Gastrodon|47/100|[from] item: Leftovers
|upkeep
|turn|9
|
|t:|1665762937
|move|p1a: Gastrodon|Recover|p1a: Gastrodon
|-heal|p1a: Gastrodon|97/100
|move|p2a: Melmetal|Double Iron Bash|p1a: Gastrodon
|-resisted|p1a: Gastrodon
|-damage|p1a: Gastrodon|76/100
|-resisted|p1a: Gastrodon
|-damage|p1a: Gastrodon|56/100
|-hitcount|p1a: Gastrodon|2
|
|-heal|p1a: Gastrodon|62/100|[from] item: Leftovers
|upkeep
|turn|10
|
|t:|1665762940
|move|p1a: Gastrodon|Recover|p1a: Gastrodon
|-heal|p1a: Gastrodon|100/100
|move|p2a: Melmetal|Double Iron Bash|p1a: Gastrodon
|-resisted|p1a: Gastrodon
|-crit|p1a: Gastrodon
|-damage|p1a: Gastrodon|67/100
|-resisted|p1a: Gastrodon
|-damage|p1a: Gastrodon|44/100
|-hitcount|p1a: Gastrodon|2
|
|-heal|p1a: Gastrodon|51/100|[from] item: Leftovers
|upkeep
|turn|11
|
|t:|1665762941
|move|p1a: Gastrodon|Recover|p1a: Gastrodon
|-heal|p1a: Gastrodon|100/100
|move|p2a: Melmetal|Double Iron Bash|p1a: Gastrodon
|-resisted|p1a: Gastrodon
|-damage|p1a: Gastrodon|80/100
|-resisted|p1a: Gastrodon
|-damage|p1a: Gastrodon|56/100
|-hitcount|p1a: Gastrodon|2
|
|-heal|p1a: Gastrodon|62/100|[from] item: Leftovers
|upkeep
|turn|12
|
|t:|1665762945
|move|p1a: Gastrodon|Recover|p1a: Gastrodon
|-heal|p1a: Gastrodon|100/100
|move|p2a: Melmetal|Ice Punch|p1a: Gastrodon
|-damage|p1a: Gastrodon|64/100
|
|-heal|p1a: Gastrodon|70/100|[from] item: Leftovers
|upkeep
|turn|13
|
|t:|1665762947
|move|p1a: Gastrodon|Scald|p2a: Melmetal
|-damage|p2a: Melmetal|72/100
|move|p2a: Melmetal|Ice Punch|p1a: Gastrodon
|-damage|p1a: Gastrodon|34/100
|
|-heal|p1a: Gastrodon|40/100|[from] item: Leftovers
|upkeep
|turn|14
|j| KangkongNation3
|
|t:|1665762949
|move|p1a: Gastrodon|Recover|p1a: Gastrodon
|-heal|p1a: Gastrodon|90/100
|move|p2a: Melmetal|Earthquake|p1a: Gastrodon
|-damage|p1a: Gastrodon|46/100
|
|-heal|p1a: Gastrodon|52/100|[from] item: Leftovers
|upkeep
|turn|15
|
|t:|1665762951
|move|p1a: Gastrodon|Recover|p1a: Gastrodon
|-heal|p1a: Gastrodon|100/100
|move|p2a: Melmetal|Ice Punch|p1a: Gastrodon
|-damage|p1a: Gastrodon|66/100
|
|-heal|p1a: Gastrodon|72/100|[from] item: Leftovers
|upkeep
|turn|16
|
|t:|1665762952
|move|p1a: Gastrodon|Earth Power|p2a: Melmetal
|-supereffective|p2a: Melmetal
|-damage|p2a: Melmetal|41/100
|-unboost|p2a: Melmetal|spd|1
|move|p2a: Melmetal|Earthquake|p1a: Gastrodon
|-damage|p1a: Gastrodon|32/100
|
|-heal|p1a: Gastrodon|38/100|[from] item: Leftovers
|upkeep
|turn|17
|
|t:|1665762954
|switch|p2a: Tangrowth|Tangrowth, F|100/100
|-damage|p2a: Tangrowth|88/100|[from] Stealth Rock
|move|p1a: Gastrodon|Recover|p1a: Gastrodon
|-heal|p1a: Gastrodon|88/100
|
|-heal|p1a: Gastrodon|94/100|[from] item: Leftovers
|upkeep
|turn|18
|
|t:|1665762956
|switch|p1a: Tornadus|Tornadus-Therian, M|100/100 tox
|move|p2a: Tangrowth|Knock Off|p1a: Tornadus
|-damage|p1a: Tornadus|79/100 tox
|-enditem|p1a: Tornadus|Heavy-Duty Boots|[from] move: Knock Off|[of] p2a: Tangrowth
|
|-damage|p1a: Tornadus|73/100 tox|[from] psn
|upkeep
|turn|19
|j| fork gaming
|
|t:|1665762963
|switch|p2a: landorustherian|Landorus-Therian, M|87/100
|-damage|p2a: landorustherian|75/100|[from] Stealth Rock
|-ability|p2a: landorustherian|Intimidate|boost
|-unboost|p1a: Tornadus|atk|1
|move|p1a: Tornadus|Knock Off|p2a: landorustherian
|-damage|p2a: landorustherian|67/100
|
|-damage|p1a: Tornadus|60/100 tox|[from] psn
|upkeep
|turn|20
|
|t:|1665762965
|move|p1a: Tornadus|Hurricane|p2a: landorustherian
|-damage|p2a: landorustherian|35/100
|-start|p2a: landorustherian|confusion
|-activate|p2a: landorustherian|confusion
|move|p2a: landorustherian|Defog|p1a: Tornadus
|-unboost|p1a: Tornadus|evasion|1
|-sideend|p2: minimax_ai|Stealth Rock|[from] move: Defog|[of] p2a: landorustherian
|
|-damage|p1a: Tornadus|42/100 tox|[from] psn
|upkeep
|turn|21
|
|t:|1665762974
|move|p1a: Tornadus|U-turn|p2a: landorustherian
|-resisted|p2a: landorustherian
|-damage|p2a: landorustherian|30/100
|
|t:|1665762976
|switch|p1a: Clefable|Clefable, F|100/100|[from]move: U-turn
|-end|p2a: landorustherian|confusion
|move|p2a: landorustherian|Earthquake|p1a: Clefable
|-damage|p1a: Clefable|64/100
|
|upkeep
|turn|22
|
|t:|1665762983
|switch|p2a: Heatran|Heatran, M|100/100
|-item|p2a: Heatran|Air Balloon
|move|p1a: Clefable|Soft-Boiled|p1a: Clefable
|-heal|p1a: Clefable|100/100
|
|upkeep
|turn|23
|
|t:|1665762986
|move|p2a: Heatran|Stealth Rock|p1a: Clefable
|-sidestart|p1: PokemonCestDur|move: Stealth Rock
|move|p1a: Clefable|Thunder Wave|p2a: Heatran
|-status|p2a: Heatran|par
|
|upkeep
|turn|24
|
|t:|1665762996
|switch|p1a: Gastrodon|Gastrodon-East, F|94/100
|-damage|p1a: Gastrodon|88/100|[from] Stealth Rock
|cant|p2a: Heatran|par
|
|-heal|p1a: Gastrodon|94/100|[from] item: Leftovers
|upkeep
|turn|25
|
|t:|1665762999
|switch|p2a: Tangrowth|Tangrowth, F|100/100
|move|p1a: Gastrodon|Scald|p2a: Tangrowth
|-resisted|p2a: Tangrowth
|-damage|p2a: Tangrowth|81/100
|
|-heal|p1a: Gastrodon|99/100|[from] item: Leftovers
|upkeep
|turn|26
|
|t:|1665763002
|switch|p1a: Tornadus|Tornadus-Therian, M|75/100 tox
|-damage|p1a: Tornadus|50/100 tox|[from] Stealth Rock
|move|p2a: Tangrowth|Giga Drain|p1a: Tornadus
|-resisted|p1a: Tornadus
|-damage|p1a: Tornadus|36/100 tox
|-heal|p2a: Tangrowth|87/100|[from] drain|[of] p1a: Tornadus
|
|-damage|p1a: Tornadus|30/100 tox|[from] psn
|upkeep
|turn|27
|
|t:|1665763007
|switch|p2a: Heatran|Heatran, M|100/100 par
|-item|p2a: Heatran|Air Balloon
|move|p1a: Tornadus|Defog|p2a: Heatran
|-unboost|p2a: Heatran|evasion|1
|-sideend|p1: PokemonCestDur|Stealth Rock|[from] move: Defog|[of] p1a: Tornadus
|
|-damage|p1a: Tornadus|18/100 tox|[from] psn
|upkeep
|turn|28
|l| KangkongNation3
|
|t:|1665763015
|switch|p1a: Gastrodon|Gastrodon-East, F|99/100
|cant|p2a: Heatran|par
|
|-heal|p1a: Gastrodon|100/100|[from] item: Leftovers
|upkeep
|turn|29
|
|t:|1665763017
|switch|p2a: Tangrowth|Tangrowth, F|100/100
|move|p1a: Gastrodon|Scald|p2a: Tangrowth
|-resisted|p2a: Tangrowth
|-damage|p2a: Tangrowth|80/100
|
|upkeep
|turn|30
|
|t:|1665763020
|move|p2a: Tangrowth|Giga Drain|p1a: Gastrodon
|-supereffective|p1a: Gastrodon
|-crit|p1a: Gastrodon
|-damage|p1a: Gastrodon|0 fnt
|-heal|p2a: Tangrowth|100/100|[from] drain|[of] p1a: Gastrodon
|faint|p1a: Gastrodon
|
|upkeep
|
|t:|1665763030
|switch|p1a: Tornadus|Tornadus-Therian, M|51/100 tox
|turn|31
|
|t:|1665763032
|switch|p2a: landorustherian|Landorus-Therian, M|30/100
|-ability|p2a: landorustherian|Intimidate|boost
|-unboost|p1a: Tornadus|atk|1
|move|p1a: Tornadus|Knock Off|p2a: landorustherian
|-damage|p2a: landorustherian|22/100
|
|-damage|p1a: Tornadus|45/100 tox|[from] psn
|upkeep
|turn|32
|
|t:|1665763034
|move|p1a: Tornadus|Hurricane|p2a: landorustherian
|-damage|p2a: landorustherian|0 fnt
|faint|p2a: landorustherian
|
|-damage|p1a: Tornadus|33/100 tox|[from] psn
|upkeep
|
|t:|1665763034
|switch|p2a: Heatran|Heatran, M|100/100 par
|-item|p2a: Heatran|Air Balloon
|turn|33
|
|t:|1665763037
|move|p1a: Tornadus|U-turn|p2a: Heatran
|-resisted|p2a: Heatran
|-damage|p2a: Heatran|98/100 par
|-enditem|p2a: Heatran|Air Balloon
|
|t:|1665763045
|switch|p1a: Clefable|Clefable, F|100/100|[from]move: U-turn
|move|p2a: Heatran|Magma Storm|p1a: Clefable
|-damage|p1a: Clefable|50/100
|-activate|p1a: Clefable|move: Magma Storm|[of] p2a: Heatran
|
|upkeep
|turn|34
|
|t:|1665763049
|move|p1a: Clefable|Soft-Boiled|p1a: Clefable
|-heal|p1a: Clefable|99/100
|move|p2a: Heatran|Stealth Rock|p1a: Clefable
|-sidestart|p1: PokemonCestDur|move: Stealth Rock
|
|upkeep
|turn|35
|
|t:|1665763054
|move|p1a: Clefable|Moonblast|p2a: Heatran
|-resisted|p2a: Heatran
|-damage|p2a: Heatran|91/100 par
|-unboost|p2a: Heatran|spa|1
|cant|p2a: Heatran|par
|
|upkeep
|turn|36
|
|t:|1665763060
|move|p1a: Clefable|Moonblast|p2a: Heatran
|-resisted|p2a: Heatran
|-damage|p2a: Heatran|84/100 par
|-unboost|p2a: Heatran|spa|1
|move|p2a: Heatran|Magma Storm|p1a: Clefable
|-damage|p1a: Clefable|76/100
|
|upkeep
|turn|37
|
|t:|1665763066
|move|p1a: Clefable|Moonblast|p2a: Heatran
|-resisted|p2a: Heatran
|-damage|p2a: Heatran|76/100 par
|move|p2a: Heatran|Magma Storm|p1a: Clefable
|-damage|p1a: Clefable|49/100
|
|-end|p1a: Clefable|Magma Storm|[partiallytrapped]
|upkeep
|turn|38
|
|t:|1665763068
|switch|p2a: Melmetal|Melmetal|41/100
|move|p1a: Clefable|Soft-Boiled|p1a: Clefable
|-heal|p1a: Clefable|99/100
|
|upkeep
|turn|39
|
|t:|1665763075
|move|p1a: Clefable|Thunder Wave|p2a: Melmetal|[miss]
|-miss|p1a: Clefable|p2a: Melmetal
|move|p2a: Melmetal|Earthquake|p1a: Clefable
|-damage|p1a: Clefable|72/100
|
|upkeep
|turn|40
|
|t:|1665763078
|move|p1a: Clefable|Thunder Wave|p2a: Melmetal
|-status|p2a: Melmetal|par
|move|p2a: Melmetal|Ice Punch|p1a: Clefable
|-damage|p1a: Clefable|48/100
|
|upkeep
|turn|41
|
|t:|1665763080
|move|p1a: Clefable|Soft-Boiled|p1a: Clefable
|-heal|p1a: Clefable|98/100
|cant|p2a: Melmetal|par
|
|upkeep
|turn|42
|
|t:|1665763088
|switch|p1a: Rillaboom|Rillaboom, F|100/100
|-damage|p1a: Rillaboom|88/100|[from] Stealth Rock
|-fieldstart|move: Grassy Terrain|[from] ability: Grassy Surge|[of] p1a: Rillaboom
|move|p2a: Melmetal|Earthquake|p1a: Rillaboom
|-resisted|p1a: Rillaboom
|-damage|p1a: Rillaboom|79/100
|
|-heal|p1a: Rillaboom|85/100|[from] Grassy Terrain
|-heal|p1a: Rillaboom|92/100|[from] item: Leftovers
|-heal|p2a: Melmetal|47/100 par|[from] Grassy Terrain
|upkeep
|turn|43
|
|t:|1665763092
|switch|p2a: Tangrowth|Tangrowth, F|100/100
|move|p1a: Rillaboom|Swords Dance|p1a: Rillaboom
|-boost|p1a: Rillaboom|atk|2
|
|-heal|p1a: Rillaboom|98/100|[from] Grassy Terrain
|-heal|p1a: Rillaboom|100/100|[from] item: Leftovers
|upkeep
|turn|44
|
|t:|1665763110
|move|p1a: Rillaboom|Knock Off|p2a: Tangrowth
|-damage|p2a: Tangrowth|62/100
|-damage|p1a: Rillaboom|84/100|[from] item: Rocky Helmet|[of] p2a: Tangrowth
|-enditem|p2a: Tangrowth|Rocky Helmet|[from] move: Knock Off|[of] p1a: Rillaboom
|move|p2a: Tangrowth|Knock Off|p1a: Rillaboom
|-damage|p1a: Rillaboom|64/100
|-enditem|p1a: Rillaboom|Leftovers|[from] move: Knock Off|[of] p2a: Tangrowth
|
|-heal|p1a: Rillaboom|70/100|[from] Grassy Terrain
|-heal|p2a: Tangrowth|68/100|[from] Grassy Terrain
|upkeep
|turn|45
|
|t:|1665763122
|move|p1a: Rillaboom|Drain Punch|p2a: Tangrowth
|-damage|p2a: Tangrowth|41/100
|-heal|p1a: Rillaboom|84/100|[from] drain|[of] p2a: Tangrowth
|move|p2a: Tangrowth|Giga Drain|p1a: Rillaboom
|-resisted|p1a: Rillaboom
|-damage|p1a: Rillaboom|64/100
|-heal|p2a: Tangrowth|51/100|[from] drain|[of] p1a: Rillaboom
|
|-heal|p1a: Rillaboom|70/100|[from] Grassy Terrain
|-heal|p2a: Tangrowth|57/100|[from] Grassy Terrain
|upkeep
|turn|46
|
|t:|1665763126
|move|p1a: Rillaboom|Swords Dance|p1a: Rillaboom
|-boost|p1a: Rillaboom|atk|2
|move|p2a: Tangrowth|Giga Drain|p1a: Rillaboom
|-resisted|p1a: Rillaboom
|-damage|p1a: Rillaboom|49/100
|-heal|p2a: Tangrowth|67/100|[from] drain|[of] p1a: Rillaboom
|
|-heal|p1a: Rillaboom|55/100|[from] Grassy Terrain
|-heal|p2a: Tangrowth|74/100|[from] Grassy Terrain
|-fieldend|move: Grassy Terrain
|upkeep
|turn|47
|
|t:|1665763128
|switch|p2a: Melmetal|Melmetal|47/100 par
|move|p1a: Rillaboom|Drain Punch|p2a: Melmetal
|-supereffective|p2a: Melmetal
|-damage|p2a: Melmetal|0 fnt
|-heal|p1a: Rillaboom|81/100|[from] drain|[of] p2a: Melmetal
|faint|p2a: Melmetal
|
|upkeep
|
|t:|1665763128
|switch|p2a: Weavile|Weavile, F|100/100
|-ability|p2a: Weavile|Pressure
|turn|48
|j| MarburgCOVEbola
|
|t:|1665763131
|switch|p1a: Melmetal|Melmetal|100/100
|-damage|p1a: Melmetal|94/100|[from] Stealth Rock
|move|p2a: Weavile|Triple Axel|p1a: Melmetal
|-resisted|p1a: Melmetal
|-damage|p1a: Melmetal|90/100
|-resisted|p1a: Melmetal
|-damage|p1a: Melmetal|82/100
|-resisted|p1a: Melmetal
|-damage|p1a: Melmetal|70/100
|-hitcount|p1a: Melmetal|3
|
|-heal|p1a: Melmetal|77/100|[from] item: Leftovers
|upkeep
|turn|49
|
|t:|1665763140
|switch|p2a: rotomwash|Rotom-Wash|100/100
|move|p1a: Melmetal|Double Iron Bash|p2a: rotomwash
|-resisted|p2a: rotomwash
|-damage|p2a: rotomwash|88/100
|-resisted|p2a: rotomwash
|-damage|p2a: rotomwash|76/100
|-hitcount|p2a: rotomwash|2
|
|-heal|p2a: rotomwash|82/100|[from] item: Leftovers
|-heal|p1a: Melmetal|83/100|[from] item: Leftovers
|upkeep
|turn|50
|
|t:|1665763144
|move|p1a: Melmetal|Protect|p1a: Melmetal
|-singleturn|p1a: Melmetal|Protect
|move|p2a: rotomwash|Thunderbolt|p1a: Melmetal
|-activate|p1a: Melmetal|move: Protect
|
|-heal|p2a: rotomwash|88/100|[from] item: Leftovers
|-heal|p1a: Melmetal|89/100|[from] item: Leftovers
|upkeep
|turn|51
|
|t:|1665763146
|switch|p1a: Clefable|Clefable, F|98/100
|move|p2a: rotomwash|Thunderbolt|p1a: Clefable
|-damage|p1a: Clefable|63/100
|
|-heal|p2a: rotomwash|95/100|[from] item: Leftovers
|upkeep
|turn|52
|
|t:|1665763150
|switch|p2a: Heatran|Heatran, M|76/100 par
|move|p1a: Clefable|Trick|p2a: Heatran
|-activate|p1a: Clefable|move: Trick|[of] p2a: Heatran
|-item|p2a: Heatran|Sticky Barb|[from] move: Trick
|-enditem|p1a: Clefable|Sticky Barb|[silent]|[from] move: Trick
|
|-damage|p2a: Heatran|64/100 par|[from] item: Sticky Barb
|upkeep
|turn|53
|
|t:|1665763154
|move|p1a: Clefable|Soft-Boiled|p1a: Clefable
|-heal|p1a: Clefable|100/100
|move|p2a: Heatran|Magma Storm|p1a: Clefable
|-damage|p1a: Clefable|50/100
|-activate|p1a: Clefable|move: Magma Storm|[of] p2a: Heatran
|
|-damage|p2a: Heatran|51/100 par|[from] item: Sticky Barb
|upkeep
|turn|54
|
|t:|1665763156
|move|p1a: Clefable|Soft-Boiled|p1a: Clefable
|-heal|p1a: Clefable|99/100
|move|p2a: Heatran|Magma Storm|p1a: Clefable
|-damage|p1a: Clefable|47/100
|
|-damage|p2a: Heatran|39/100 par|[from] item: Sticky Barb
|upkeep
|turn|55
|
|t:|1665763160
|move|p1a: Clefable|Soft-Boiled|p1a: Clefable
|-heal|p1a: Clefable|97/100
|cant|p2a: Heatran|par
|
|-damage|p2a: Heatran|27/100 par|[from] item: Sticky Barb
|upkeep
|turn|56
|
|t:|1665763162
|move|p1a: Clefable|Trick|p2a: Heatran
|-activate|p1a: Clefable|move: Trick|[of] p2a: Heatran
|-enditem|p2a: Heatran|Sticky Barb|[silent]|[from] move: Trick
|-item|p1a: Clefable|Sticky Barb|[from] move: Trick
|cant|p2a: Heatran|par
|
|upkeep
|turn|57
|
|t:|1665763165
|move|p1a: Clefable|Moonblast|p2a: Heatran
|-resisted|p2a: Heatran
|-damage|p2a: Heatran|18/100 par
|-unboost|p2a: Heatran|spa|1
|cant|p2a: Heatran|par
|
|upkeep
|turn|58
|
|t:|1665763169
|move|p1a: Clefable|Moonblast|p2a: Heatran
|-resisted|p2a: Heatran
|-damage|p2a: Heatran|11/100 par
|cant|p2a: Heatran|par
|
|-end|p1a: Clefable|Magma Storm|[partiallytrapped]
|upkeep
|turn|59
|
|t:|1665763174
|move|p1a: Clefable|Moonblast|p2a: Heatran
|-resisted|p2a: Heatran
|-damage|p2a: Heatran|2/100 par
|-unboost|p2a: Heatran|spa|1
|move|p2a: Heatran|Magma Storm|p1a: Clefable
|-damage|p1a: Clefable|73/100
|-activate|p1a: Clefable|move: Magma Storm|[of] p2a: Heatran
|
|upkeep
|turn|60
|
|t:|1665763179
|switch|p2a: rotomwash|Rotom-Wash|95/100
|move|p1a: Clefable|Soft-Boiled|p1a: Clefable
|-heal|p1a: Clefable|100/100
|
|-heal|p2a: rotomwash|100/100|[from] item: Leftovers
|-end|p1a: Clefable|Magma Storm|[partiallytrapped]|[silent]
|upkeep
|turn|61
|
|t:|1665763182
|move|p2a: rotomwash|Thunderbolt|p1a: Clefable
|-damage|p1a: Clefable|70/100
|move|p1a: Clefable|Trick|p2a: rotomwash
|-activate|p1a: Clefable|move: Trick|[of] p2a: rotomwash
|-item|p2a: rotomwash|Sticky Barb|[from] move: Trick
|-item|p1a: Clefable|Leftovers|[from] move: Trick
|
|-heal|p1a: Clefable|76/100|[from] item: Leftovers
|-damage|p2a: rotomwash|88/100|[from] item: Sticky Barb
|upkeep
|turn|62
|
|t:|1665763188
|move|p2a: rotomwash|Nasty Plot|p2a: rotomwash
|-boost|p2a: rotomwash|spa|2
|move|p1a: Clefable|Soft-Boiled|p1a: Clefable
|-heal|p1a: Clefable|100/100
|
|-damage|p2a: rotomwash|75/100|[from] item: Sticky Barb
|upkeep
|turn|63
|
|t:|1665763202
|switch|p1a: Tornadus|Tornadus-Therian, M|66/100 tox
|-damage|p1a: Tornadus|41/100 tox|[from] Stealth Rock
|move|p2a: rotomwash|Thunderbolt|p1a: Tornadus
|-supereffective|p1a: Tornadus
|-damage|p1a: Tornadus|0 fnt
|faint|p1a: Tornadus
|
|-damage|p2a: rotomwash|63/100|[from] item: Sticky Barb
|upkeep
|c| MarburgCOVEbola|..
|
|t:|1665763205
|switch|p1a: Rillaboom|Rillaboom, F|81/100
|-damage|p1a: Rillaboom|68/100|[from] Stealth Rock
|-fieldstart|move: Grassy Terrain|[from] ability: Grassy Surge|[of] p1a: Rillaboom
|turn|64
|
|t:|1665763210
|switch|p2a: Tangrowth|Tangrowth, F|100/100
|move|p1a: Rillaboom|Grassy Glide|p2a: Tangrowth
|-resisted|p2a: Tangrowth
|-damage|p2a: Tangrowth|88/100
|
|-heal|p1a: Rillaboom|75/100|[from] Grassy Terrain
|-heal|p2a: Tangrowth|94/100|[from] Grassy Terrain
|upkeep
|turn|65
|l| fork gaming
|
|t:|1665763214
|move|p1a: Rillaboom|Swords Dance|p1a: Rillaboom
|-boost|p1a: Rillaboom|atk|2
|move|p2a: Tangrowth|Focus Blast|p1a: Rillaboom
|-damage|p1a: Rillaboom|41/100
|
|-heal|p1a: Rillaboom|47/100|[from] Grassy Terrain
|-heal|p2a: Tangrowth|99/100|[from] Grassy Terrain
|upkeep
|turn|66
|j| fork gaming
|
|t:|1665763217
|move|p1a: Rillaboom|Drain Punch|p2a: Tangrowth
|-damage|p2a: Tangrowth|70/100
|-heal|p1a: Rillaboom|62/100|[from] drain|[of] p2a: Tangrowth
|move|p2a: Tangrowth|Giga Drain|p1a: Rillaboom
|-resisted|p1a: Rillaboom
|-damage|p1a: Rillaboom|43/100
|-heal|p2a: Tangrowth|79/100|[from] drain|[of] p1a: Rillaboom
|
|-heal|p1a: Rillaboom|49/100|[from] Grassy Terrain
|-heal|p2a: Tangrowth|85/100|[from] Grassy Terrain
|upkeep
|turn|67
|l| fork gaming
|
|t:|1665763220
|move|p1a: Rillaboom|Swords Dance|p1a: Rillaboom
|-boost|p1a: Rillaboom|atk|2
|move|p2a: Tangrowth|Giga Drain|p1a: Rillaboom
|-resisted|p1a: Rillaboom
|-damage|p1a: Rillaboom|29/100
|-heal|p2a: Tangrowth|95/100|[from] drain|[of] p1a: Rillaboom
|
|-heal|p1a: Rillaboom|35/100|[from] Grassy Terrain
|-heal|p2a: Tangrowth|100/100|[from] Grassy Terrain
|upkeep
|turn|68
|
|t:|1665763223
|move|p1a: Rillaboom|Drain Punch|p2a: Tangrowth
|-damage|p2a: Tangrowth|54/100
|-heal|p1a: Rillaboom|59/100|[from] drain|[of] p2a: Tangrowth
|move|p2a: Tangrowth|Giga Drain|p1a: Rillaboom
|-resisted|p1a: Rillaboom
|-damage|p1a: Rillaboom|38/100
|-heal|p2a: Tangrowth|64/100|[from] drain|[of] p1a: Rillaboom
|
|-heal|p1a: Rillaboom|44/100|[from] Grassy Terrain
|-heal|p2a: Tangrowth|71/100|[from] Grassy Terrain
|-fieldend|move: Grassy Terrain
|upkeep
|turn|69
|
|t:|1665763225
|switch|p2a: Heatran|Heatran, M|2/100 par
|move|p1a: Rillaboom|Drain Punch|p2a: Heatran
|-supereffective|p2a: Heatran
|-damage|p2a: Heatran|0 fnt
|-heal|p1a: Rillaboom|45/100|[from] drain|[of] p2a: Heatran
|faint|p2a: Heatran
|
|upkeep
|
|t:|1665763225
|switch|p2a: Weavile|Weavile, F|100/100
|-ability|p2a: Weavile|Pressure
|turn|70
|
|t:|1665763228
|switch|p1a: Melmetal|Melmetal|89/100
|-damage|p1a: Melmetal|83/100|[from] Stealth Rock
|move|p2a: Weavile|Knock Off|p1a: Melmetal
|-damage|p1a: Melmetal|46/100
|-enditem|p1a: Melmetal|Leftovers|[from] move: Knock Off|[of] p2a: Weavile
|
|upkeep
|turn|71
|
|t:|1665763232
|switch|p2a: rotomwash|Rotom-Wash|63/100
|move|p1a: Melmetal|Double Iron Bash|p2a: rotomwash
|-resisted|p2a: rotomwash
|-damage|p2a: rotomwash|52/100
|-resisted|p2a: rotomwash
|-damage|p2a: rotomwash|41/100
|-hitcount|p2a: rotomwash|2
|
|-damage|p1a: Melmetal|34/100|[from] item: Sticky Barb
|upkeep
|turn|72
|
|t:|1665763235
|move|p1a: Melmetal|Protect|p1a: Melmetal
|-singleturn|p1a: Melmetal|Protect
|move|p2a: rotomwash|Hydro Pump|p1a: Melmetal
|-activate|p1a: Melmetal|move: Protect
|
|-damage|p1a: Melmetal|21/100|[from] item: Sticky Barb
|upkeep
|turn|73
|
|t:|1665763240
|switch|p1a: Rillaboom|Rillaboom, F|45/100
|-damage|p1a: Rillaboom|32/100|[from] Stealth Rock
|-fieldstart|move: Grassy Terrain|[from] ability: Grassy Surge|[of] p1a: Rillaboom
|move|p2a: rotomwash|Thunderbolt|p1a: Rillaboom
|-resisted|p1a: Rillaboom
|-damage|p1a: Rillaboom|11/100
|
|-heal|p1a: Rillaboom|17/100|[from] Grassy Terrain
|upkeep
|turn|74
|
|t:|1665763244
|switch|p2a: Tangrowth|Tangrowth, F|100/100
|move|p1a: Rillaboom|Grassy Glide|p2a: Tangrowth
|-resisted|p2a: Tangrowth
|-damage|p2a: Tangrowth|87/100
|
|-heal|p1a: Rillaboom|23/100|[from] Grassy Terrain
|-heal|p2a: Tangrowth|93/100|[from] Grassy Terrain
|upkeep
|turn|75
|j| Aiolosderhund
|
|t:|1665763252
|move|p1a: Rillaboom|Drain Punch|p2a: Tangrowth
|-damage|p2a: Tangrowth|78/100
|-heal|p1a: Rillaboom|31/100|[from] drain|[of] p2a: Tangrowth
|move|p2a: Tangrowth|Giga Drain|p1a: Rillaboom
|-resisted|p1a: Rillaboom
|-crit|p1a: Rillaboom
|-damage|p1a: Rillaboom|1/100
|-heal|p2a: Tangrowth|93/100|[from] drain|[of] p1a: Rillaboom
|
|-heal|p1a: Rillaboom|8/100|[from] Grassy Terrain
|-heal|p2a: Tangrowth|99/100|[from] Grassy Terrain
|upkeep
|turn|76
|
|t:|1665763255
|move|p1a: Rillaboom|Drain Punch|p2a: Tangrowth
|-damage|p2a: Tangrowth|85/100
|-heal|p1a: Rillaboom|15/100|[from] drain|[of] p2a: Tangrowth
|move|p2a: Tangrowth|Giga Drain|p1a: Rillaboom
|-resisted|p1a: Rillaboom
|-damage|p1a: Rillaboom|0 fnt
|-heal|p2a: Tangrowth|93/100|[from] drain|[of] p1a: Rillaboom
|faint|p1a: Rillaboom
|
|-heal|p2a: Tangrowth|99/100|[from] Grassy Terrain
|upkeep
|
|t:|1665763257
|switch|p1a: Clefable|Clefable, F|100/100
|turn|77
|l| Aiolosderhund
|
|t:|1665763262
|switch|p2a: rotomwash|Rotom-Wash|41/100
|move|p1a: Clefable|Thunder Wave|p2a: rotomwash
|-immune|p2a: rotomwash
|
|-fieldend|move: Grassy Terrain
|upkeep
|turn|78
|
|t:|1665763268
|move|p2a: rotomwash|Nasty Plot|p2a: rotomwash
|-boost|p2a: rotomwash|spa|2
|move|p1a: Clefable|Moonblast|p2a: rotomwash
|-damage|p2a: rotomwash|7/100
|
|upkeep
|turn|79
|
|t:|1665763274
|move|p2a: rotomwash|Pain Split|p1a: Clefable
|-sethp|p1a: Clefable|53/100|[from] move: Pain Split|[silent]
|-sethp|p2a: rotomwash|68/100|[from] move: Pain Split
|move|p1a: Clefable|Soft-Boiled|p1a: Clefable
|-heal|p1a: Clefable|100/100
|
|upkeep
|turn|80
|
|t:|1665763278
|move|p2a: rotomwash|Hydro Pump|p1a: Clefable
|-damage|p1a: Clefable|25/100
|move|p1a: Clefable|Moonblast|p2a: rotomwash
|-crit|p2a: rotomwash
|-damage|p2a: rotomwash|20/100
|
|-heal|p1a: Clefable|31/100|[from] item: Leftovers
|upkeep
|turn|81
|
|t:|1665763291
|switch|p1a: Melmetal|Melmetal|21/100
|-damage|p1a: Melmetal|15/100|[from] Stealth Rock
|move|p2a: rotomwash|Thunderbolt|p1a: Melmetal
|-damage|p1a: Melmetal|0 fnt
|faint|p1a: Melmetal
|
|upkeep
|
|t:|1665763310
|switch|p1a: Clefable|Clefable, F|31/100
|turn|82
|
|t:|1665763312
|move|p2a: rotomwash|Thunderbolt|p1a: Clefable
|-damage|p1a: Clefable|0 fnt
|faint|p1a: Clefable
|
|win|minimax_ai
|raw|PokemonCestDur's rating: 1680 &rarr; <strong>1659</strong><br />(-21 for losing)
|raw|minimax_ai's rating: 1669 &rarr; <strong>1690</strong><br />(+21 for winning)
|c|☆minimax_ai|gg
