|j|☆Gotham Paladin
|j|☆Vive Immortale
|t:|1663523976
|gametype|singles
|player|p1|Gotham Paladin|oak-gen1rb|1688
|player|p2|Vive Immortale|mallow|1567
|teamsize|p1|6
|teamsize|p2|6
|gen|8
|tier|[Gen 8] OU
|rated|
|rule|Sleep Clause Mod: Limit one foe put to sleep
|rule|Species Clause: Limit one of each Pokémon
|rule|OHKO Clause: OHKO moves are banned
|rule|Evasion Items Clause: Evasion items are banned
|rule|Evasion Moves Clause: Evasion moves are banned
|rule|Endless Battle Clause: Forcing endless battles is banned
|rule|HP Percentage Mod: HP is shown in percentages
|rule|Dynamax Clause: You cannot dynamax
|clearpoke
|poke|p1|Hippowdon, M|
|poke|p1|Dracozolt|
|poke|p1|Ferrothorn, F|
|poke|p1|Zapdos|
|poke|p1|Heatran, F|
|poke|p1|Buzzwole|
|poke|p2|Lycanroc-Dusk, F|
|poke|p2|Latios, M|
|poke|p2|Scizor, M|
|poke|p2|Clefable, F|
|poke|p2|Hawlucha, F|
|poke|p2|Rillaboom, F|
|teampreview
|inactive|Battle timer is ON: inactive players will automatically lose when time's up. (requested by Vive Immortale)
|inactive|Gotham Paladin has 120 seconds left.
|
|t:|1663524035
|start
|switch|p1a: Kirk Langstrom|Zapdos|100/100
|switch|p2a: Clefable|Clefable, F, shiny|100/100
|turn|1
|
|t:|1663524040
|move|p1a: Kirk Langstrom|Hurricane|p2a: Clefable|[miss]
|-miss|p1a: Kirk Langstrom|p2a: Clefable
|move|p2a: Clefable|Ice Beam|p1a: Kirk Langstrom
|-supereffective|p1a: Kirk Langstrom
|-crit|p1a: Kirk Langstrom
|-damage|p1a: Kirk Langstrom|0 fnt
|faint|p1a: Kirk Langstrom
|
|upkeep
|
|t:|1663524047
|switch|p1a: Garfield Lynns|Heatran, F|100/100
|-item|p1a: Garfield Lynns|Air Balloon
|turn|2
|
|t:|1663524052
|move|p1a: Garfield Lynns|Magma Storm|p2a: Clefable|[miss]
|-miss|p1a: Garfield Lynns|p2a: Clefable
|move|p2a: Clefable|Stealth Rock|p1a: Garfield Lynns
|-sidestart|p1: Gotham Paladin|move: Stealth Rock
|
|upkeep
|turn|3
|
|t:|1663524065
|move|p1a: Garfield Lynns|Magma Storm|p2a: Clefable
|-damage|p2a: Clefable|41/100
|-activate|p2a: Clefable|move: Magma Storm|[of] p1a: Garfield Lynns
|move|p2a: Clefable|Thunderbolt|p1a: Garfield Lynns
|-damage|p1a: Garfield Lynns|68/100
|-enditem|p1a: Garfield Lynns|Air Balloon
|
|upkeep
|turn|4
|
|t:|1663524069
|move|p1a: Garfield Lynns|Flash Cannon|p2a: Clefable
|-supereffective|p2a: Clefable
|-damage|p2a: Clefable|0 fnt
|faint|p2a: Clefable
|
|upkeep
|
|t:|1663524075
|switch|p2a: Lycanroc|Lycanroc-Dusk, F|100/100
|turn|5
|
|t:|1663524079
|switch|p1a: Bane|Buzzwole|100/100
|-damage|p1a: Bane|88/100|[from] Stealth Rock
|move|p2a: Lycanroc|Swords Dance|p2a: Lycanroc
|-boost|p2a: Lycanroc|atk|2
|
|upkeep
|turn|6
|
|t:|1663524085
|move|p2a: Lycanroc|Psychic Fangs|p1a: Bane
|-supereffective|p1a: Bane
|-damage|p1a: Bane|0 fnt
|-damage|p2a: Lycanroc|84/100|[from] item: Rocky Helmet|[of] p1a: Bane
|faint|p1a: Bane
|-damage|p2a: Lycanroc|74/100|[from] item: Life Orb
|
|upkeep
|
|t:|1663524090
|switch|p1a: Waylon Jones|Hippowdon, M|100/100
|-damage|p1a: Waylon Jones|94/100|[from] Stealth Rock
|-weather|Sandstorm|[from] ability: Sand Stream|[of] p1a: Waylon Jones
|turn|7
|
|t:|1663524092
|move|p2a: Lycanroc|Close Combat|p1a: Waylon Jones
|-damage|p1a: Waylon Jones|0 fnt
|-unboost|p2a: Lycanroc|def|1
|-unboost|p2a: Lycanroc|spd|1
|faint|p1a: Waylon Jones
|-damage|p2a: Lycanroc|64/100|[from] item: Life Orb
|
|-weather|Sandstorm|[upkeep]
|upkeep
|-message|Gotham Paladin forfeited.
|
|win|Vive Immortale
|raw|Gotham Paladin's rating: 1688 &rarr; <strong>1661</strong><br />(-27 for losing)
|raw|Vive Immortale's rating: 1567 &rarr; <strong>1594</strong><br />(+27 for winning)
|l|☆Gotham Paladin
||Ladder isn't responding, score probably updated but might not have (Request timeout).
