|j|☆big boss 447
|j|☆juyenfun
|player|p1|big boss 447|n|1753
|player|p2|juyenfun|steven|1709
|teamsize|p1|6
|teamsize|p2|6
|gametype|singles
|gen|8
|tier|[Gen 8] OU
|rated|
|clearpoke
|poke|p1|Primarina, F|
|poke|p1|Pelipper, M|
|poke|p1|Inteleon, M|
|poke|p1|Ferrothorn, M|
|poke|p1|Zeraora|
|poke|p1|Rillaboom, M|
|poke|p2|Inteleon, M|
|poke|p2|Kyurem|
|poke|p2|Bisharp, F|
|poke|p2|Necrozma|
|poke|p2|Jirachi|
|poke|p2|Turtonator, M|
|rule|Sleep Clause Mod: Limit one foe put to sleep
|rule|Species Clause: Limit one of each Pokémon
|rule|OHKO Clause: OHKO moves are banned
|rule|Evasion Moves Clause: Evasion moves are banned
|rule|Endless Battle Clause: Forcing endless battles is banned
|rule|HP Percentage Mod: HP is shown in percentages
|rule|Dynamax Clause: You cannot dynamax
|teampreview
|inactive|Battle timer is ON: inactive players will automatically lose when time's up. (requested by juyenfun)
|
|start
|switch|p1a: Zeraora|Zeraora|100/100
|switch|p2a: Kyurem|Kyurem|100/100
|-ability|p2a: Kyurem|Pressure
|turn|1
|
|move|p2a: Kyurem|Draco Meteor|p1a: Zeraora
|-damage|p1a: Zeraora|18/100
|-unboost|p2a: Kyurem|spa|2
|move|p1a: Zeraora|Knock Off|p2a: Kyurem
|-damage|p2a: Kyurem|72/100
|-enditem|p2a: Kyurem|Choice Scarf|[from] move: Knock Off|[of] p1a: Zeraora
|
|upkeep
|turn|2
|j| Chewyspedoodle
|inactive|big boss 447 has 120 seconds left.
|
|switch|p1a: Ferrothorn|Ferrothorn, M|100/100
|switch|p2a: Turtonator|Turtonator, M|100/100
|
|upkeep
|turn|3
|l| Chewyspedoodle
|
|switch|p1a: Pelipper|Pelipper, M|100/100
|-weather|RainDance|[from] ability: Drizzle|[of] p1a: Pelipper
|move|p2a: Turtonator|Toxic|p1a: Pelipper
|-status|p1a: Pelipper|tox
|
|-weather|RainDance|[upkeep]
|-damage|p1a: Pelipper|94/100 tox|[from] psn
|upkeep
|turn|4
|j| osidfhsjcbvnmxbcv
|j| AnimaticLunatic
|
|switch|p2a: Jirachi|Jirachi|100/100
|move|p1a: Pelipper|Scald|p2a: Jirachi
|-damage|p2a: Jirachi|69/100
|-status|p2a: Jirachi|brn
|
|-weather|RainDance|[upkeep]
|-heal|p2a: Jirachi|75/100 brn|[from] item: Leftovers
|-damage|p2a: Jirachi|69/100 brn|[from] brn
|-damage|p1a: Pelipper|82/100 tox|[from] psn
|upkeep
|turn|5
|j| Bale2711
|l| AnimaticLunatic
|
|switch|p1a: Ferrothorn|Ferrothorn, M|100/100
|move|p2a: Jirachi|Protect||[still]
|-fail|p2a: Jirachi
|
|-weather|RainDance|[upkeep]
|-heal|p2a: Jirachi|75/100 brn|[from] item: Leftovers
|-damage|p2a: Jirachi|69/100 brn|[from] brn
|upkeep
|turn|6
|
|switch|p2a: Turtonator|Turtonator, M|100/100
|move|p1a: Ferrothorn|Stealth Rock|p2a: Turtonator
|-sidestart|p2: juyenfun|move: Stealth Rock
|
|-weather|RainDance|[upkeep]
|upkeep
|turn|7
|inactive|big boss 447 has 120 seconds left.
|
|move|p2a: Turtonator|Rapid Spin|p1a: Ferrothorn
|-resisted|p1a: Ferrothorn
|-damage|p1a: Ferrothorn|98/100
|-boost|p2a: Turtonator|spe|1
|-damage|p2a: Turtonator|88/100|[from] ability: Iron Barbs|[of] p1a: Ferrothorn
|-sideend|p2: juyenfun|Stealth Rock|[from] move: Rapid Spin|[of] p2a: Turtonator
|move|p1a: Ferrothorn|Knock Off|p2a: Turtonator
|-damage|p2a: Turtonator|74/100
|-enditem|p2a: Turtonator|Heavy-Duty Boots|[from] move: Knock Off|[of] p1a: Ferrothorn
|
|-weather|none
|-heal|p1a: Ferrothorn|100/100|[from] item: Leftovers
|upkeep
|turn|8
|
|switch|p2a: Necrozma|Necrozma|100/100
|switch|p1a: Pelipper|Pelipper, M|82/100 tox
|-weather|RainDance|[from] ability: Drizzle|[of] p1a: Pelipper
|
|-weather|RainDance|[upkeep]
|-damage|p1a: Pelipper|76/100 tox|[from] psn
|upkeep
|turn|9
|inactive|big boss 447 has 120 seconds left.
|
|move|p2a: Necrozma|Stealth Rock|p1a: Pelipper
|-sidestart|p1: big boss 447|move: Stealth Rock
|move|p1a: Pelipper|Knock Off|p2a: Necrozma
|-supereffective|p2a: Necrozma
|-damage|p2a: Necrozma|90/100
|-enditem|p2a: Necrozma|Leftovers|[from] move: Knock Off|[of] p1a: Pelipper
|
|-weather|RainDance|[upkeep]
|-damage|p1a: Pelipper|64/100 tox|[from] psn
|upkeep
|turn|10
|
|move|p2a: Necrozma|Photon Geyser|p1a: Pelipper
|-damage|p1a: Pelipper|0 fnt
|faint|p1a: Pelipper
|
|-weather|RainDance|[upkeep]
|upkeep
|
|switch|p1a: Ferrothorn|Ferrothorn, M|100/100
|-damage|p1a: Ferrothorn|94/100|[from] Stealth Rock
|turn|11
|
|move|p2a: Necrozma|Heat Wave|p1a: Ferrothorn
|-supereffective|p1a: Ferrothorn
|-damage|p1a: Ferrothorn|61/100
|move|p1a: Ferrothorn|Stealth Rock|p2a: Necrozma
|-sidestart|p2: juyenfun|move: Stealth Rock
|
|-weather|RainDance|[upkeep]
|-heal|p1a: Ferrothorn|68/100|[from] item: Leftovers
|upkeep
|turn|12
|
|move|p2a: Necrozma|Heat Wave|p1a: Ferrothorn
|-supereffective|p1a: Ferrothorn
|-damage|p1a: Ferrothorn|33/100
|-status|p1a: Ferrothorn|brn
|move|p1a: Ferrothorn|Knock Off|p2a: Necrozma
|-supereffective|p2a: Necrozma
|-damage|p2a: Necrozma|83/100
|
|-weather|none
|-heal|p1a: Ferrothorn|40/100 brn|[from] item: Leftovers
|-damage|p1a: Ferrothorn|33/100 brn|[from] brn
|upkeep
|turn|13
|inactive|big boss 447 has 120 seconds left.
|
|move|p2a: Necrozma|Heat Wave|p1a: Ferrothorn
|-supereffective|p1a: Ferrothorn
|-damage|p1a: Ferrothorn|0 fnt
|faint|p1a: Ferrothorn
|
|upkeep
|inactive|big boss 447 has 120 seconds left.
|
|switch|p1a: Zeraora|Zeraora|18/100
|-damage|p1a: Zeraora|6/100|[from] Stealth Rock
|turn|14
|
|switch|p2a: Turtonator|Turtonator, M|74/100
|-damage|p2a: Turtonator|49/100|[from] Stealth Rock
|move|p1a: Zeraora|Plasma Fists|p2a: Turtonator
|-resisted|p2a: Turtonator
|-damage|p2a: Turtonator|34/100
|-fieldactivate|move: Ion Deluge
|
|upkeep
|turn|15
|inactive|big boss 447 has 90 seconds left.
|
|move|p1a: Zeraora|Close Combat|p2a: Turtonator
|-damage|p2a: Turtonator|9/100
|-unboost|p1a: Zeraora|def|1
|-unboost|p1a: Zeraora|spd|1
|move|p2a: Turtonator|Rapid Spin|p1a: Zeraora
|-damage|p1a: Zeraora|0 fnt
|-boost|p2a: Turtonator|spe|1
|-sideend|p2: juyenfun|Stealth Rock|[from] move: Rapid Spin|[of] p2a: Turtonator
|faint|p1a: Zeraora
|
|upkeep
|
|switch|p1a: Inteleon|Inteleon, M|100/100
|-damage|p1a: Inteleon|88/100|[from] Stealth Rock
|turn|16
|
|move|p1a: Inteleon|Snipe Shot|p2a: Turtonator
|-damage|p2a: Turtonator|0 fnt
|faint|p2a: Turtonator
|
|upkeep
|
|switch|p2a: Kyurem|Kyurem|72/100
|-ability|p2a: Kyurem|Pressure
|turn|17
|
|move|p1a: Inteleon|Ice Beam|p2a: Kyurem
|-crit|p2a: Kyurem
|-damage|p2a: Kyurem|12/100
|move|p2a: Kyurem|Freeze-Dry|p1a: Inteleon
|-supereffective|p1a: Inteleon
|-damage|p1a: Inteleon|0 fnt
|faint|p1a: Inteleon
|
|upkeep
|-message|big boss 447 forfeited.
|
|win|juyenfun
|l|☆big boss 447
|raw|big boss 447's rating: 1727 &rarr; <strong>1706</strong><br />(-21 for losing)
|raw|juyenfun's rating: 1709 &rarr; <strong>1730</strong><br />(+21 for winning)
