|j|☆LT_Alt1
|j|☆LT94JE Fuse
|t:|1661273004
|gametype|singles
|player|p1|LT_Alt1|2|1713
|player|p2|LT94JE Fuse|yellow|1776
|teamsize|p1|6
|teamsize|p2|6
|gen|8
|tier|[Gen 8] OU
|rated|
|rule|Sleep Clause Mod: Limit one foe put to sleep
|rule|Species Clause: Limit one of each Pokémon
|rule|OHKO Clause: OHKO moves are banned
|rule|Evasion Items Clause: Evasion items are banned
|rule|Evasion Moves Clause: Evasion moves are banned
|rule|Endless Battle Clause: Forcing endless battles is banned
|rule|HP Percentage Mod: HP is shown in percentages
|rule|Dynamax Clause: You cannot dynamax
|clearpoke
|poke|p1|Alakazam, M|
|poke|p1|Chansey, F|
|poke|p1|Zapdos|
|poke|p1|Clefable, F|
|poke|p1|Slowbro, F|
|poke|p1|Rhydon, M|
|poke|p2|Necrozma|
|poke|p2|Tapu Lele|
|poke|p2|Urshifu-*, M|
|poke|p2|Tornadus-Therian, M|
|poke|p2|Landorus-Therian, M|
|poke|p2|Ferrothorn, F|
|teampreview
|c|☆LT94JE Fuse|Hf
|
|t:|1661273011
|start
|switch|p1a: Chansey|Chansey, F|100/100
|switch|p2a: Tapu Lele|Tapu Lele|100/100
|-fieldstart|move: Psychic Terrain|[from] ability: Psychic Surge|[of] p2a: Tapu Lele
|turn|1
|
|t:|1661273017
|switch|p2a: Ferrothorn|Ferrothorn, F|100/100
|move|p1a: Chansey|Seismic Toss|p2a: Ferrothorn
|-damage|p2a: Ferrothorn|72/100
|-damage|p1a: Chansey|88/100|[from] ability: Iron Barbs|[of] p2a: Ferrothorn
|
|-heal|p2a: Ferrothorn|78/100|[from] item: Leftovers
|upkeep
|turn|2
|
|t:|1661273025
|switch|p1a: Rhydon|Rhydon, M|100/100
|move|p2a: Ferrothorn|Stealth Rock|p1a: Rhydon
|-sidestart|p1: LT_Alt1|move: Stealth Rock
|
|-heal|p2a: Ferrothorn|85/100|[from] item: Leftovers
|upkeep
|turn|3
|
|t:|1661273031
|switch|p2a: Necrozma|Necrozma|100/100
|move|p1a: Rhydon|Stealth Rock|p2a: Necrozma
|-sidestart|p2: LT94JE Fuse|move: Stealth Rock
|
|upkeep
|turn|4
|
|t:|1661273037
|switch|p1a: Chansey|Chansey, F|88/100
|-damage|p1a: Chansey|75/100|[from] Stealth Rock
|move|p2a: Necrozma|Expanding Force|p1a: Chansey
|-damage|p1a: Chansey|36/100
|
|upkeep
|turn|5
|
|t:|1661273043
|move|p2a: Necrozma|Expanding Force|p1a: Chansey
|-damage|p1a: Chansey|0 fnt
|faint|p1a: Chansey
|
|-fieldend|move: Psychic Terrain
|upkeep
|
|t:|1661273048
|switch|p1a: Alakazam|Alakazam, M|100/100
|turn|6
|
|t:|1661273051
|switch|p2a: Landorus|Landorus-Therian, M|100/100
|-damage|p2a: Landorus|88/100|[from] Stealth Rock
|-ability|p2a: Landorus|Intimidate|boost
|-unboost|p1a: Alakazam|atk|1
|move|p1a: Alakazam|Psychic|p2a: Landorus
|-damage|p2a: Landorus|45/100
|
|-heal|p2a: Landorus|51/100|[from] item: Leftovers
|upkeep
|turn|7
|
|t:|1661273060
|switch|p1a: Zapdos|Zapdos|100/100
|move|p2a: Landorus|U-turn|p1a: Zapdos
|-resisted|p1a: Zapdos
|-damage|p1a: Zapdos|91/100
|
|t:|1661273063
|switch|p2a: Necrozma|Necrozma|100/100|[from]move: U-turn
|-damage|p2a: Necrozma|88/100|[from] Stealth Rock
|
|upkeep
|turn|8
|
|t:|1661273068
|move|p1a: Zapdos|Light Screen|p1a: Zapdos
|-sidestart|p1: LT_Alt1|move: Light Screen
|move|p2a: Necrozma|Photon Geyser|p1a: Zapdos
|-damage|p1a: Zapdos|51/100
|
|upkeep
|turn|9
|
|t:|1661273078
|move|p1a: Zapdos|Roost|p1a: Zapdos
|-heal|p1a: Zapdos|100/100
|-singleturn|p1a: Zapdos|move: Roost
|move|p2a: Necrozma|Photon Geyser|p1a: Zapdos
|-damage|p1a: Zapdos|60/100
|
|upkeep
|turn|10
|
|t:|1661273087
|move|p1a: Zapdos|Hurricane|p2a: Necrozma
|-damage|p2a: Necrozma|38/100
|-start|p2a: Necrozma|confusion
|-activate|p2a: Necrozma|confusion
|-damage|p2a: Necrozma|29/100|[from] confusion
|
|upkeep
|turn|11
|
|t:|1661273094
|switch|p2a: Tapu Lele|Tapu Lele|100/100
|-damage|p2a: Tapu Lele|88/100|[from] Stealth Rock
|-fieldstart|move: Psychic Terrain|[from] ability: Psychic Surge|[of] p2a: Tapu Lele
|move|p1a: Zapdos|Hurricane|p2a: Tapu Lele
|-damage|p2a: Tapu Lele|43/100
|
|upkeep
|turn|12
|j| inv solak plz
|
|t:|1661273102
|move|p2a: Tapu Lele|Future Sight|p1a: Zapdos
|-start|p2a: Tapu Lele|move: Future Sight
|move|p1a: Zapdos|Hurricane|p2a: Tapu Lele|[miss]
|-miss|p1a: Zapdos|p2a: Tapu Lele
|
|-sideend|p1: LT_Alt1|move: Light Screen
|upkeep
|turn|13
|
|t:|1661273107
|switch|p2a: Urshifu|Urshifu-Rapid-Strike, M|100/100
|-damage|p2a: Urshifu|94/100|[from] Stealth Rock
|move|p1a: Zapdos|Light Screen|p1a: Zapdos
|-sidestart|p1: LT_Alt1|move: Light Screen
|
|upkeep
|turn|14
|
|t:|1661273114
|switch|p1a: Slowbro|Slowbro, F|100/100
|-damage|p1a: Slowbro|88/100|[from] Stealth Rock
|move|p2a: Urshifu|Surging Strikes|p1a: Slowbro
|-resisted|p1a: Slowbro
|-crit|p1a: Slowbro
|-damage|p1a: Slowbro|79/100
|-damage|p2a: Urshifu|78/100|[from] item: Rocky Helmet|[of] p1a: Slowbro
|-resisted|p1a: Slowbro
|-crit|p1a: Slowbro
|-damage|p1a: Slowbro|70/100
|-damage|p2a: Urshifu|61/100|[from] item: Rocky Helmet|[of] p1a: Slowbro
|-resisted|p1a: Slowbro
|-crit|p1a: Slowbro
|-damage|p1a: Slowbro|62/100
|-damage|p2a: Urshifu|45/100|[from] item: Rocky Helmet|[of] p1a: Slowbro
|-hitcount|p1a: Slowbro|3
|
|-end|p1a: Slowbro|move: Future Sight
|-resisted|p1a: Slowbro
|-damage|p1a: Slowbro|40/100
|upkeep
|turn|15
|
|t:|1661273130
|switch|p2a: Tornadus|Tornadus-Therian, M|100/100
|-damage|p2a: Tornadus|76/100|[from] Stealth Rock
|move|p1a: Slowbro|Teleport|p1a: Slowbro
|
|t:|1661273135
|switch|p1a: Rhydon|Rhydon, M|100/100|[from]move: Teleport
|-damage|p1a: Rhydon|94/100|[from] Stealth Rock
|
|-fieldend|move: Psychic Terrain
|upkeep
|turn|16
|
|t:|1661273141
|move|p2a: Tornadus|U-turn|p1a: Rhydon
|-damage|p1a: Rhydon|86/100
|
|t:|1661273143
|switch|p2a: Necrozma|Necrozma|29/100|[from]move: U-turn
|-damage|p2a: Necrozma|17/100|[from] Stealth Rock
|move|p1a: Rhydon|Stone Edge|p2a: Necrozma|[miss]
|-miss|p1a: Rhydon|p2a: Necrozma
|
|upkeep
|turn|17
|
|t:|1661273153
|move|p2a: Necrozma|Photon Geyser|p1a: Rhydon
|-damage|p1a: Rhydon|41/100
|move|p1a: Rhydon|Earthquake|p2a: Necrozma
|-damage|p2a: Necrozma|0 fnt
|faint|p2a: Necrozma
|
|-sideend|p1: LT_Alt1|move: Light Screen
|upkeep
|
|t:|1661273157
|switch|p2a: Tapu Lele|Tapu Lele|43/100
|-damage|p2a: Tapu Lele|30/100|[from] Stealth Rock
|-fieldstart|move: Psychic Terrain|[from] ability: Psychic Surge|[of] p2a: Tapu Lele
|turn|18
|j| LT94JE DS
|
|t:|1661273173
|switch|p1a: Zapdos|Zapdos|60/100
|move|p2a: Tapu Lele|Moonblast|p1a: Zapdos
|-damage|p1a: Zapdos|2/100
|-unboost|p1a: Zapdos|spa|1
|
|upkeep
|turn|19
|
|t:|1661273180
|move|p2a: Tapu Lele|Moonblast|p1a: Zapdos
|-damage|p1a: Zapdos|0 fnt
|faint|p1a: Zapdos
|
|upkeep
|
|t:|1661273184
|switch|p1a: Alakazam|Alakazam, M|100/100
|turn|20
|
|t:|1661273190
|move|p2a: Tapu Lele|Moonblast|p1a: Alakazam
|-crit|p1a: Alakazam
|-damage|p1a: Alakazam|0 fnt
|faint|p1a: Alakazam
|
|upkeep
|
|t:|1661273196
|switch|p1a: Clefable|Clefable, F|100/100
|turn|21
|
|t:|1661273201
|move|p2a: Tapu Lele|Moonblast|p1a: Clefable
|-damage|p1a: Clefable|50/100
|move|p1a: Clefable|Calm Mind|p1a: Clefable
|-boost|p1a: Clefable|spa|1
|-boost|p1a: Clefable|spd|1
|
|upkeep
|turn|22
|
|t:|1661273206
|switch|p2a: Urshifu|Urshifu-Rapid-Strike, M|45/100
|-damage|p2a: Urshifu|39/100|[from] Stealth Rock
|move|p1a: Clefable|Soft-Boiled|p1a: Clefable
|-heal|p1a: Clefable|99/100
|
|-fieldend|move: Psychic Terrain
|upkeep
|turn|23
|
|t:|1661273214
|move|p2a: Urshifu|Surging Strikes|p1a: Clefable
|-crit|p1a: Clefable
|-damage|p1a: Clefable|74/100
|-crit|p1a: Clefable
|-damage|p1a: Clefable|48/100
|-crit|p1a: Clefable
|-damage|p1a: Clefable|20/100
|-hitcount|p1a: Clefable|3
|move|p1a: Clefable|Soft-Boiled|p1a: Clefable
|-heal|p1a: Clefable|70/100
|
|upkeep
|turn|24
|
|t:|1661273223
|switch|p1a: Slowbro|Slowbro, F|74/100
|-damage|p1a: Slowbro|61/100|[from] Stealth Rock
|move|p2a: Urshifu|Surging Strikes|p1a: Slowbro
|-resisted|p1a: Slowbro
|-crit|p1a: Slowbro
|-damage|p1a: Slowbro|53/100
|-damage|p2a: Urshifu|22/100|[from] item: Rocky Helmet|[of] p1a: Slowbro
|-resisted|p1a: Slowbro
|-crit|p1a: Slowbro
|-damage|p1a: Slowbro|43/100
|-damage|p2a: Urshifu|6/100|[from] item: Rocky Helmet|[of] p1a: Slowbro
|-resisted|p1a: Slowbro
|-crit|p1a: Slowbro
|-damage|p1a: Slowbro|34/100
|-damage|p2a: Urshifu|0 fnt|[from] item: Rocky Helmet|[of] p1a: Slowbro
|faint|p2a: Urshifu
|-hitcount|p1a: Slowbro|3
|
|upkeep
|
|t:|1661273241
|switch|p2a: Tapu Lele|Tapu Lele|30/100
|-damage|p2a: Tapu Lele|18/100|[from] Stealth Rock
|-fieldstart|move: Psychic Terrain|[from] ability: Psychic Surge|[of] p2a: Tapu Lele
|turn|25
|
|t:|1661273249
|switch|p1a: Rhydon|Rhydon, M|41/100
|-damage|p1a: Rhydon|35/100|[from] Stealth Rock
|move|p2a: Tapu Lele|Moonblast|p1a: Rhydon
|-damage|p1a: Rhydon|0 fnt
|faint|p1a: Rhydon
|
|upkeep
|
|t:|1661273256
|switch|p1a: Clefable|Clefable, F|70/100
|turn|26
|
|t:|1661273266
|switch|p2a: Ferrothorn|Ferrothorn, F|85/100
|-damage|p2a: Ferrothorn|78/100|[from] Stealth Rock
|move|p1a: Clefable|Moonblast|p2a: Ferrothorn
|-resisted|p2a: Ferrothorn
|-damage|p2a: Ferrothorn|60/100
|
|-heal|p2a: Ferrothorn|66/100|[from] item: Leftovers
|upkeep
|turn|27
|l| inv solak plz
|
|t:|1661273274
|move|p1a: Clefable|Calm Mind|p1a: Clefable
|-boost|p1a: Clefable|spa|1
|-boost|p1a: Clefable|spd|1
|move|p2a: Ferrothorn|Iron Head|p1a: Clefable
|-supereffective|p1a: Clefable
|-damage|p1a: Clefable|24/100
|
|-heal|p2a: Ferrothorn|72/100|[from] item: Leftovers
|upkeep
|turn|28
|-message|LT_Alt1 forfeited.
|
|win|LT94JE Fuse
|raw|LT_Alt1's rating: 1713 &rarr; <strong>1697</strong><br />(-16 for losing)
|raw|LT94JE Fuse's rating: 1776 &rarr; <strong>1792</strong><br />(+16 for winning)
|l|☆LT_Alt1
||Ladder isn't responding, score probably updated but might not have (Request timeout).
