|j|☆JoJo Reference #10
|j|☆2(H2O)-Alt
|t:|1664941801
|gametype|singles
|player|p1|JoJo Reference #10|1|1630
|player|p2|2(H2O)-Alt|chase|1669
|teamsize|p1|6
|teamsize|p2|6
|gen|8
|tier|[Gen 8] OU
|rated|
|rule|Sleep Clause Mod: Limit one foe put to sleep
|rule|Species Clause: Limit one of each Pokémon
|rule|OHKO Clause: OHKO moves are banned
|rule|Evasion Items Clause: Evasion items are banned
|rule|Evasion Moves Clause: Evasion moves are banned
|rule|Endless Battle Clause: Forcing endless battles is banned
|rule|HP Percentage Mod: HP is shown in percentages
|rule|Dynamax Clause: You cannot dynamax
|clearpoke
|poke|p1|Tapu Bulu|
|poke|p1|Landorus-Therian, M|
|poke|p1|Volcanion|
|poke|p1|Melmetal|
|poke|p1|Dragapult, M|
|poke|p1|Tapu Lele|
|poke|p2|Weavile, M|
|poke|p2|Blaziken, M|
|poke|p2|Rillaboom, M|
|poke|p2|Nihilego|
|poke|p2|Dragapult, M|
|poke|p2|Aegislash, M|
|teampreview
|inactive|Battle timer is ON: inactive players will automatically lose when time's up. (requested by 2(H2O)-Alt)
|
|t:|1664941808
|start
|switch|p1a: Tapu Lele|Tapu Lele|100/100
|switch|p2a: Nihilego|Nihilego|100/100
|-fieldstart|move: Psychic Terrain|[from] ability: Psychic Surge|[of] p1a: Tapu Lele
|turn|1
|
|t:|1664941812
|switch|p2a: Bandit|Weavile, M, shiny|100/100
|-ability|p2a: Bandit|Pressure
|move|p1a: Tapu Lele|Psyshock|p2a: Bandit
|-immune|p2a: Bandit
|
|upkeep
|turn|2
|
|t:|1664941817
|switch|p1a: Melmetal|Melmetal|100/100
|switch|p2a: Nihilego|Nihilego|100/100
|
|upkeep
|turn|3
|
|t:|1664941820
|move|p2a: Nihilego|Stealth Rock|p1a: Melmetal
|-sidestart|p1: JoJo Reference #10|move: Stealth Rock
|move|p1a: Melmetal|Double Iron Bash|p2a: Nihilego
|-supereffective|p2a: Nihilego
|-damage|p2a: Nihilego|0 fnt
|faint|p2a: Nihilego
|-hitcount|p2: Nihilego|1
|
|upkeep
|
|t:|1664941824
|switch|p2a: Destroyer|Blaziken, M, shiny|100/100
|turn|4
|
|t:|1664941826
|move|p2a: Destroyer|Close Combat|p1a: Melmetal
|-supereffective|p1a: Melmetal
|-damage|p1a: Melmetal|0 fnt
|-unboost|p2a: Destroyer|def|1
|-unboost|p2a: Destroyer|spd|1
|faint|p1a: Melmetal
|-damage|p2a: Destroyer|91/100|[from] item: Life Orb
|
|-ability|p2a: Destroyer|Speed Boost|boost
|-boost|p2a: Destroyer|spe|1
|upkeep
|
|t:|1664941828
|switch|p1a: Landorus|Landorus-Therian, M|100/100
|-damage|p1a: Landorus|88/100|[from] Stealth Rock
|-ability|p1a: Landorus|Intimidate|boost
|-unboost|p2a: Destroyer|atk|1
|turn|5
|
|t:|1664941832
|move|p2a: Destroyer|Swords Dance|p2a: Destroyer
|-boost|p2a: Destroyer|atk|2
|move|p1a: Landorus|Earthquake|p2a: Destroyer
|-supereffective|p2a: Destroyer
|-damage|p2a: Destroyer|0 fnt
|faint|p2a: Destroyer
|
|-heal|p1a: Landorus|94/100|[from] item: Leftovers
|-fieldend|move: Psychic Terrain
|upkeep
|
|t:|1664941836
|switch|p2a: Bandit|Weavile, M, shiny|100/100
|-ability|p2a: Bandit|Pressure
|turn|6
|
|t:|1664941839
|switch|p1a: Volcanion|Volcanion|100/100
|move|p2a: Bandit|Triple Axel|p1a: Volcanion
|-resisted|p1a: Volcanion
|-damage|p1a: Volcanion|97/100
|-resisted|p1a: Volcanion
|-damage|p1a: Volcanion|91/100
|-resisted|p1a: Volcanion
|-damage|p1a: Volcanion|81/100
|-hitcount|p1a: Volcanion|3
|-damage|p2a: Bandit|91/100|[from] item: Life Orb
|
|upkeep
|turn|7
|
|t:|1664941843
|move|p2a: Bandit|Knock Off|p1a: Volcanion
|-damage|p1a: Volcanion|13/100
|-enditem|p1a: Volcanion|Heavy-Duty Boots|[from] move: Knock Off|[of] p2a: Bandit
|-damage|p2a: Bandit|81/100|[from] item: Life Orb
|move|p1a: Volcanion|Steam Eruption|p2a: Bandit
|-damage|p2a: Bandit|0 fnt
|faint|p2a: Bandit
|
|upkeep
|
|t:|1664941850
|switch|p2a: Kong|Rillaboom, M, shiny|100/100
|-fieldstart|move: Grassy Terrain|[from] ability: Grassy Surge|[of] p2a: Kong
|turn|8
|
|t:|1664941852
|move|p2a: Kong|Grassy Glide|p1a: Volcanion
|-damage|p1a: Volcanion|0 fnt
|faint|p1a: Volcanion
|-damage|p2a: Kong|91/100|[from] item: Life Orb
|
|-heal|p2a: Kong|97/100|[from] Grassy Terrain
|upkeep
|
|t:|1664941854
|switch|p1a: Tapu Bulu|Tapu Bulu|100/100
|-damage|p1a: Tapu Bulu|88/100|[from] Stealth Rock
|turn|9
|
|t:|1664941856
|switch|p2a: Aegislash|Aegislash, M|100/100
|move|p1a: Tapu Bulu|Swords Dance|p1a: Tapu Bulu
|-boost|p1a: Tapu Bulu|atk|2
|
|-heal|p1a: Tapu Bulu|94/100|[from] Grassy Terrain
|-heal|p1a: Tapu Bulu|100/100|[from] item: Leftovers
|upkeep
|turn|10
|
|t:|1664941858
|move|p1a: Tapu Bulu|Substitute|p1a: Tapu Bulu
|-start|p1a: Tapu Bulu|Substitute
|-damage|p1a: Tapu Bulu|76/100
|-formechange|p2a: Aegislash|Aegislash-Blade||[from] ability: Stance Change
|move|p2a: Aegislash|Iron Head|p1a: Tapu Bulu
|-supereffective|p1a: Tapu Bulu
|-end|p1a: Tapu Bulu|Substitute
|
|-heal|p1a: Tapu Bulu|82/100|[from] Grassy Terrain
|-heal|p1a: Tapu Bulu|88/100|[from] item: Leftovers
|upkeep
|turn|11
|
|t:|1664941860
|move|p1a: Tapu Bulu|Horn Leech|p2a: Aegislash
|-resisted|p2a: Aegislash
|-damage|p2a: Aegislash|28/100
|-heal|p1a: Tapu Bulu|100/100|[from] drain|[of] p2a: Aegislash
|move|p2a: Aegislash|Iron Head|p1a: Tapu Bulu
|-supereffective|p1a: Tapu Bulu
|-damage|p1a: Tapu Bulu|25/100
|
|-heal|p1a: Tapu Bulu|31/100|[from] Grassy Terrain
|-heal|p1a: Tapu Bulu|37/100|[from] item: Leftovers
|-heal|p2a: Aegislash|34/100|[from] Grassy Terrain
|upkeep
|turn|12
|
|t:|1664941867
|move|p2a: Aegislash|Shadow Sneak|p1a: Tapu Bulu
|-damage|p1a: Tapu Bulu|15/100
|move|p1a: Tapu Bulu|Horn Leech|p2a: Aegislash
|-resisted|p2a: Aegislash
|-damage|p2a: Aegislash|0 fnt
|-heal|p1a: Tapu Bulu|33/100|[from] drain|[of] p2a: Aegislash
|faint|p2a: Aegislash
|
|-heal|p1a: Tapu Bulu|39/100|[from] Grassy Terrain
|-heal|p1a: Tapu Bulu|45/100|[from] item: Leftovers
|-fieldend|move: Grassy Terrain
|upkeep
|
|t:|1664941871
|switch|p2a: Leviathan|Dragapult, M, shiny|100/100
|turn|13
|
|t:|1664941874
|move|p2a: Leviathan|Dragon Dance|p2a: Leviathan
|-boost|p2a: Leviathan|atk|1
|-boost|p2a: Leviathan|spe|1
|move|p1a: Tapu Bulu|Horn Leech|p2a: Leviathan
|-resisted|p2a: Leviathan
|-damage|p2a: Leviathan|55/100
|-heal|p1a: Tapu Bulu|68/100|[from] drain|[of] p2a: Leviathan
|
|-heal|p1a: Tapu Bulu|74/100|[from] item: Leftovers
|upkeep
|turn|14
|
|t:|1664941877
|move|p2a: Leviathan|Phantom Force||[still]
|-prepare|p2a: Leviathan|Phantom Force
|move|p1a: Tapu Bulu|Substitute|p1a: Tapu Bulu
|-start|p1a: Tapu Bulu|Substitute
|-damage|p1a: Tapu Bulu|50/100
|
|-heal|p1a: Tapu Bulu|56/100|[from] item: Leftovers
|upkeep
|turn|15
|
|t:|1664941879
|move|p2a: Leviathan|Phantom Force|p1a: Tapu Bulu|[from]lockedmove
|-end|p1a: Tapu Bulu|Substitute
|-damage|p2a: Leviathan|46/100|[from] item: Life Orb
|move|p1a: Tapu Bulu|Horn Leech|p2a: Leviathan
|-resisted|p2a: Leviathan
|-damage|p2a: Leviathan|2/100
|-heal|p1a: Tapu Bulu|78/100|[from] drain|[of] p2a: Leviathan
|
|-heal|p1a: Tapu Bulu|84/100|[from] item: Leftovers
|upkeep
|turn|16
|-message|2(H2O)-Alt forfeited.
|
|win|JoJo Reference #10
|raw|JoJo Reference #10's rating: 1630 &rarr; <strong>1652</strong><br />(+22 for winning)
|raw|2(H2O)-Alt's rating: 1669 &rarr; <strong>1647</strong><br />(-22 for losing)
|l|☆2(H2O)-Alt
