|j|☆HikozaruGG
|j|☆LT94JE TGN
|t:|1661098757
|gametype|singles
|player|p1|HikozaruGG|101|
|player|p2|LT94JE TGN|lucian|
|teamsize|p1|6
|teamsize|p2|6
|gen|8
|tier|[Gen 8] OU
|rated|Tournament battle
|rule|Sleep Clause Mod: Limit one foe put to sleep
|rule|Species Clause: Limit one of each Pokémon
|rule|OHKO Clause: OHKO moves are banned
|rule|Evasion Items Clause: Evasion items are banned
|rule|Evasion Moves Clause: Evasion moves are banned
|rule|Endless Battle Clause: Forcing endless battles is banned
|rule|HP Percentage Mod: HP is shown in percentages
|rule|Dynamax Clause: You cannot dynamax
|clearpoke
|poke|p1|Slowking-Galar, F|
|poke|p1|Skarmory, M|
|poke|p1|Garchomp, M|
|poke|p1|Clefable, F|
|poke|p1|Tyranitar, M|
|poke|p1|Rotom-Wash|
|poke|p2|Gastrodon, M|
|poke|p2|Blissey, F|
|poke|p2|Slowking-Galar, M|
|poke|p2|Toxapex, M|
|poke|p2|Clefable, F|
|poke|p2|Corviknight, M|
|teampreview
|inactive|Battle timer is ON: inactive players will automatically lose when time's up. (requested by HikozaruGG)
|c|☆LT94JE TGN|hf
|c|☆HikozaruGG|hf
|inactive|HikozaruGG has 120 seconds left.
|
|t:|1661098793
|start
|switch|p1a: Skarmory|Skarmory, M|100/100
|switch|p2a: Toxapex|Toxapex, M|100/100
|turn|1
|
|t:|1661098798
|move|p1a: Skarmory|Spikes|p2a: Toxapex
|-sidestart|p2: LT94JE TGN|Spikes
|move|p2a: Toxapex|Knock Off|p1a: Skarmory
|-damage|p1a: Skarmory|92/100
|-damage|p2a: Toxapex|84/100|[from] item: Rocky Helmet|[of] p1a: Skarmory
|-enditem|p1a: Skarmory|Rocky Helmet|[from] move: Knock Off|[of] p2a: Toxapex
|
|upkeep
|turn|2
|
|t:|1661098802
|move|p1a: Skarmory|Spikes|p2a: Toxapex
|-sidestart|p2: LT94JE TGN|Spikes
|move|p2a: Toxapex|Toxic Spikes|p1a: Skarmory
|-sidestart|p1: HikozaruGG|move: Toxic Spikes
|
|upkeep
|turn|3
|
|t:|1661098806
|move|p1a: Skarmory|Spikes|p2a: Toxapex
|-sidestart|p2: LT94JE TGN|Spikes
|move|p2a: Toxapex|Toxic Spikes|p1a: Skarmory
|-sidestart|p1: HikozaruGG|move: Toxic Spikes
|
|upkeep
|turn|4
|
|t:|1661098814
|switch|p2a: Slowking|Slowking-Galar, M|100/100
|-damage|p2a: Slowking|76/100|[from] Spikes
|move|p1a: Skarmory|Roar|p2a: Slowking
|drag|p2a: Toxapex|Toxapex, M|100/100
|-damage|p2a: Toxapex|76/100|[from] Spikes
|
|upkeep
|turn|5
|
|t:|1661098822
|switch|p2a: Corviknight|Corviknight, M|100/100
|-ability|p2a: Corviknight|Pressure
|move|p1a: Skarmory|Roar|p2a: Corviknight
|drag|p2a: Toxapex|Toxapex, M|100/100
|-damage|p2a: Toxapex|76/100|[from] Spikes
|
|upkeep
|turn|6
|
|t:|1661098832
|move|p2a: Toxapex|Knock Off|p1a: Skarmory
|-damage|p1a: Skarmory|86/100
|move|p1a: Skarmory|Roar|p2a: Toxapex
|drag|p2a: Slowking|Slowking-Galar, M|100/100
|-damage|p2a: Slowking|76/100|[from] Spikes
|
|upkeep
|turn|7
|j|%Le Dieun ❤ notor
|
|t:|1661098839
|switch|p1a: Slowking|Slowking-Galar, F|100/100
|-sideend|p1: HikozaruGG|move: Toxic Spikes|[of] p1a: Slowking
|move|p2a: Slowking|Flamethrower|p1a: Slowking
|-damage|p1a: Slowking|85/100
|
|upkeep
|turn|8
|
|t:|1661098845
|move|p2a: Slowking|Future Sight|p1a: Slowking
|-start|p2a: Slowking|move: Future Sight
|move|p1a: Slowking|Future Sight|p2a: Slowking
|-start|p1a: Slowking|move: Future Sight
|
|upkeep
|turn|9
|
|t:|1661098854
|switch|p1a: Tyranitar|Tyranitar, M|100/100
|-weather|Sandstorm|[from] ability: Sand Stream|[of] p1a: Tyranitar
|move|p2a: Slowking|Scald|p1a: Tyranitar
|-supereffective|p1a: Tyranitar
|-damage|p1a: Tyranitar|80/100
|
|-weather|Sandstorm|[upkeep]
|-damage|p2a: Slowking|70/100|[from] Sandstorm
|upkeep
|turn|10
|
|t:|1661098862
|switch|p2a: Toxapex|Toxapex, M|100/100
|-damage|p2a: Toxapex|76/100|[from] Spikes
|move|p1a: Tyranitar|Roar|p2a: Toxapex
|drag|p2a: Slowking|Slowking-Galar, M|100/100
|-damage|p2a: Slowking|76/100|[from] Spikes
|
|-weather|Sandstorm|[upkeep]
|-damage|p2a: Slowking|70/100|[from] Sandstorm
|-end|p1a: Tyranitar|move: Future Sight
|-immune|p1a: Tyranitar
|-end|p2a: Slowking|move: Future Sight
|-damage|p2a: Slowking|37/100
|upkeep
|turn|11
|
|t:|1661098868
|switch|p2a: Corviknight|Corviknight, M|100/100
|-ability|p2a: Corviknight|Pressure
|move|p1a: Tyranitar|Stealth Rock|p2a: Corviknight
|-sidestart|p2: LT94JE TGN|move: Stealth Rock
|
|-weather|Sandstorm|[upkeep]
|upkeep
|turn|12
|
|t:|1661098874
|switch|p1a: Rotom|Rotom-Wash|100/100
|move|p2a: Corviknight|Defog|p1a: Rotom
|-unboost|p1a: Rotom|evasion|1
|-sideend|p2: LT94JE TGN|Spikes|[from] move: Defog|[of] p2a: Corviknight
|-sideend|p2: LT94JE TGN|Stealth Rock|[from] move: Defog|[of] p2a: Corviknight
|
|-weather|Sandstorm|[upkeep]
|-damage|p1a: Rotom|94/100|[from] Sandstorm
|-heal|p1a: Rotom|100/100|[from] item: Leftovers
|upkeep
|turn|13
|
|t:|1661098882
|switch|p2a: Slowking|Slowking-Galar, M|70/100
|move|p1a: Rotom|Discharge|p2a: Slowking
|-damage|p2a: Slowking|54/100
|
|-weather|none
|upkeep
|turn|14
|
|t:|1661098889
|switch|p1a: Slowking|Slowking-Galar, F|100/100
|move|p2a: Slowking|Future Sight|p1a: Slowking
|-start|p2a: Slowking|move: Future Sight
|
|upkeep
|turn|15
|
|t:|1661098893
|move|p1a: Slowking|Future Sight|p2a: Slowking
|-start|p1a: Slowking|move: Future Sight
|move|p2a: Slowking|Scald|p1a: Slowking
|-damage|p1a: Slowking|87/100
|
|upkeep
|turn|16
|
|t:|1661098914
|switch|p1a: Tyranitar|Tyranitar, M|80/100
|-weather|Sandstorm|[from] ability: Sand Stream|[of] p1a: Tyranitar
|move|p2a: Slowking|Scald|p1a: Tyranitar
|-supereffective|p1a: Tyranitar
|-damage|p1a: Tyranitar|57/100
|-status|p1a: Tyranitar|brn
|
|-weather|Sandstorm|[upkeep]
|-damage|p2a: Slowking|47/100|[from] Sandstorm
|-end|p1a: Tyranitar|move: Future Sight
|-immune|p1a: Tyranitar
|-damage|p1a: Tyranitar|51/100 brn|[from] brn
|upkeep
|turn|17
|
|t:|1661098927
|switch|p2a: Gastrodon|Gastrodon, M|100/100
|move|p1a: Tyranitar|Stealth Rock|p2a: Gastrodon
|-sidestart|p2: LT94JE TGN|move: Stealth Rock
|
|-weather|Sandstorm|[upkeep]
|-end|p2a: Gastrodon|move: Future Sight
|-damage|p2a: Gastrodon|55/100
|-heal|p2a: Gastrodon|61/100|[from] item: Leftovers
|-damage|p1a: Tyranitar|45/100 brn|[from] brn
|upkeep
|turn|18
|
|t:|1661098948
|move|p1a: Tyranitar|Rest|p1a: Tyranitar
|-status|p1a: Tyranitar|slp|[from] move: Rest
|-heal|p1a: Tyranitar|100/100 slp|[silent]
|move|p2a: Gastrodon|Recover|p2a: Gastrodon
|-heal|p2a: Gastrodon|100/100
|
|-weather|Sandstorm|[upkeep]
|upkeep
|turn|19
|
|t:|1661098955
|switch|p1a: Slowking|Slowking-Galar, F|100/100
|move|p2a: Gastrodon|Earthquake|p1a: Slowking
|-supereffective|p1a: Slowking
|-damage|p1a: Slowking|43/100
|
|-weather|Sandstorm|[upkeep]
|-damage|p1a: Slowking|37/100|[from] Sandstorm
|upkeep
|turn|20
|
|t:|1661098961
|switch|p1a: Clefable|Clefable, F, shiny|100/100
|move|p2a: Gastrodon|Scald|p1a: Clefable
|-damage|p1a: Clefable|81/100
|
|-weather|none
|-heal|p1a: Clefable|87/100|[from] item: Leftovers
|upkeep
|turn|21
|
|t:|1661098970
|switch|p2a: Slowking|Slowking-Galar, M|81/100
|-damage|p2a: Slowking|68/100|[from] Stealth Rock
|move|p1a: Clefable|Knock Off|p2a: Slowking
|-supereffective|p2a: Slowking
|-damage|p2a: Slowking|39/100
|-enditem|p2a: Slowking|Assault Vest|[from] move: Knock Off|[of] p1a: Clefable
|
|-heal|p1a: Clefable|93/100|[from] item: Leftovers
|upkeep
|turn|22
|
|t:|1661098980
|switch|p1a: Slowking|Slowking-Galar, F|70/100
|move|p2a: Slowking|Sludge Bomb|p1a: Slowking
|-resisted|p1a: Slowking
|-damage|p1a: Slowking|58/100
|
|upkeep
|turn|23
|
|t:|1661098985
|move|p1a: Slowking|Future Sight|p2a: Slowking
|-start|p1a: Slowking|move: Future Sight
|move|p2a: Slowking|Scald|p1a: Slowking
|-damage|p1a: Slowking|42/100
|
|upkeep
|turn|24
|
|t:|1661098994
|switch|p1a: Garchomp|Garchomp, M|100/100
|move|p2a: Slowking|Future Sight|p1a: Garchomp
|-start|p2a: Slowking|move: Future Sight
|
|upkeep
|turn|25
|
|t:|1661098999
|switch|p2a: Corviknight|Corviknight, M|100/100
|-damage|p2a: Corviknight|88/100|[from] Stealth Rock
|-ability|p2a: Corviknight|Pressure
|move|p1a: Garchomp|Roar|p2a: Corviknight
|drag|p2a: Clefable|Clefable, F|100/100
|-damage|p2a: Clefable|88/100|[from] Stealth Rock
|
|-end|p2a: Clefable|move: Future Sight
|-damage|p2a: Clefable|25/100
|-heal|p2a: Clefable|31/100|[from] item: Leftovers
|upkeep
|turn|26
|
|t:|1661099008
|move|p1a: Garchomp|Earthquake|p2a: Clefable
|-damage|p2a: Clefable|0 fnt
|faint|p2a: Clefable
|
|-end|p1a: Garchomp|move: Future Sight
|-damage|p1a: Garchomp|58/100
|upkeep
|
|t:|1661099016
|switch|p2a: Blissey|Blissey, F|100/100
|turn|27
|
|t:|1661099023
|switch|p1a: Skarmory|Skarmory, M|86/100
|move|p2a: Blissey|Stealth Rock|p1a: Skarmory
|-sidestart|p1: HikozaruGG|move: Stealth Rock
|
|upkeep
|turn|28
|
|t:|1661099027
|switch|p2a: Slowking|Slowking-Galar, M|72/100
|-damage|p2a: Slowking|60/100|[from] Stealth Rock
|move|p1a: Skarmory|Spikes|p2a: Slowking
|-sidestart|p2: LT94JE TGN|Spikes
|
|upkeep
|turn|29
|
|t:|1661099037
|switch|p1a: Slowking|Slowking-Galar, F|76/100
|-damage|p1a: Slowking|63/100|[from] Stealth Rock
|move|p2a: Slowking|Scald|p1a: Slowking
|-damage|p1a: Slowking|49/100
|-status|p1a: Slowking|brn
|
|-damage|p1a: Slowking|43/100 brn|[from] brn
|upkeep
|turn|30
|
|t:|1661099042
|move|p1a: Slowking|Future Sight|p2a: Slowking
|-start|p1a: Slowking|move: Future Sight
|move|p2a: Slowking|Future Sight|p1a: Slowking
|-start|p2a: Slowking|move: Future Sight
|
|-damage|p1a: Slowking|37/100 brn|[from] brn
|upkeep
|turn|31
|
|t:|1661099048
|switch|p1a: Garchomp|Garchomp, M|58/100
|move|p2a: Slowking|Scald|p1a: Garchomp
|-damage|p1a: Garchomp|38/100
|
|upkeep
|turn|32
|
|t:|1661099059
|switch|p2a: Toxapex|Toxapex, M|100/100
|-damage|p2a: Toxapex|88/100|[from] Stealth Rock
|-damage|p2a: Toxapex|76/100|[from] Spikes
|move|p1a: Garchomp|Earthquake|p2a: Toxapex
|-supereffective|p2a: Toxapex
|-damage|p2a: Toxapex|26/100
|
|-end|p2a: Toxapex|move: Future Sight
|-supereffective|p2a: Toxapex
|-enditem|p2a: Toxapex|Payapa Berry|[eat]
|-enditem|p2a: Toxapex|Payapa Berry|[weaken]
|-damage|p2a: Toxapex|0 fnt
|faint|p2a: Toxapex
|-end|p1a: Garchomp|move: Future Sight
|-damage|p1a: Garchomp|0 fnt
|faint|p1a: Garchomp
|upkeep
|
|t:|1661099074
|switch|p1a: Clefable|Clefable, F, shiny|93/100
|switch|p2a: Gastrodon|Gastrodon, M|100/100
|-damage|p2a: Gastrodon|94/100|[from] Stealth Rock
|-damage|p2a: Gastrodon|82/100|[from] Spikes
|turn|33
|
|t:|1661099079
|switch|p2a: Slowking|Slowking-Galar, M|93/100
|-damage|p2a: Slowking|80/100|[from] Stealth Rock
|-damage|p2a: Slowking|68/100|[from] Spikes
|move|p1a: Clefable|Knock Off|p2a: Slowking
|-supereffective|p2a: Slowking
|-damage|p2a: Slowking|48/100
|
|-heal|p1a: Clefable|99/100|[from] item: Leftovers
|upkeep
|turn|34
|
|t:|1661099088
|move|p1a: Clefable|Heal Bell|p1a: Clefable
|-activate|p1a: Clefable|move: Heal Bell
|-curestatus|p1: Slowking|brn|[msg]
|-curestatus|p1: Tyranitar|slp|[msg]
|move|p2a: Slowking|Sludge Bomb|p1a: Clefable
|-supereffective|p1a: Clefable
|-damage|p1a: Clefable|15/100
|
|-heal|p1a: Clefable|21/100|[from] item: Leftovers
|upkeep
|turn|35
|
|t:|1661099099
|switch|p1a: Slowking|Slowking-Galar, F|70/100
|-damage|p1a: Slowking|57/100|[from] Stealth Rock
|move|p2a: Slowking|Scald|p1a: Slowking
|-damage|p1a: Slowking|43/100
|
|upkeep
|turn|36
|
|t:|1661099107
|move|p1a: Slowking|Future Sight|p2a: Slowking
|-start|p1a: Slowking|move: Future Sight
|move|p2a: Slowking|Scald|p1a: Slowking
|-damage|p1a: Slowking|29/100
|
|upkeep
|turn|37
|
|t:|1661099111
|switch|p1a: Tyranitar|Tyranitar, M|100/100
|-weather|Sandstorm|[from] ability: Sand Stream|[of] p1a: Tyranitar
|move|p2a: Slowking|Future Sight|p1a: Tyranitar
|-start|p2a: Slowking|move: Future Sight
|
|-weather|Sandstorm|[upkeep]
|-damage|p2a: Slowking|42/100|[from] Sandstorm
|upkeep
|turn|38
|
|t:|1661099122
|switch|p2a: Corviknight|Corviknight, M|88/100
|-damage|p2a: Corviknight|75/100|[from] Stealth Rock
|-ability|p2a: Corviknight|Pressure
|move|p1a: Tyranitar|Rock Blast|p2a: Corviknight
|-damage|p2a: Corviknight|69/100
|-damage|p2a: Corviknight|61/100
|-hitcount|p2a: Corviknight|2
|
|-weather|Sandstorm|[upkeep]
|-end|p2a: Corviknight|move: Future Sight
|-resisted|p2a: Corviknight
|-damage|p2a: Corviknight|33/100
|upkeep
|turn|39
|
|t:|1661099136
|switch|p1a: Clefable|Clefable, F, shiny|21/100
|move|p2a: Corviknight|Roost|p2a: Corviknight
|-heal|p2a: Corviknight|83/100
|-singleturn|p2a: Corviknight|move: Roost
|
|-weather|Sandstorm|[upkeep]
|-end|p1a: Clefable|move: Future Sight
|-damage|p1a: Clefable|0 fnt
|faint|p1a: Clefable
|upkeep
|
|t:|1661099159
|switch|p1a: Slowking|Slowking-Galar, F|62/100
|-damage|p1a: Slowking|49/100|[from] Stealth Rock
|turn|40
|
|t:|1661099172
|switch|p2a: Slowking|Slowking-Galar, M|75/100
|-damage|p2a: Slowking|62/100|[from] Stealth Rock
|-damage|p2a: Slowking|50/100|[from] Spikes
|move|p1a: Slowking|Flamethrower|p2a: Slowking
|-damage|p2a: Slowking|26/100
|
|-weather|Sandstorm|[upkeep]
|-damage|p1a: Slowking|43/100|[from] Sandstorm
|-damage|p2a: Slowking|20/100|[from] Sandstorm
|upkeep
|turn|41
|
|t:|1661099178
|switch|p2a: Gastrodon|Gastrodon, M|82/100
|-damage|p2a: Gastrodon|76/100|[from] Stealth Rock
|-damage|p2a: Gastrodon|63/100|[from] Spikes
|move|p1a: Slowking|Future Sight|p2a: Gastrodon
|-start|p1a: Slowking|move: Future Sight
|
|-weather|none
|-heal|p2a: Gastrodon|70/100|[from] item: Leftovers
|upkeep
|turn|42
|
|t:|1661099194
|switch|p1a: Rotom|Rotom-Wash|100/100
|-damage|p1a: Rotom|88/100|[from] Stealth Rock
|move|p2a: Gastrodon|Recover|p2a: Gastrodon
|-heal|p2a: Gastrodon|100/100
|
|-heal|p1a: Rotom|94/100|[from] item: Leftovers
|upkeep
|turn|43
|
|t:|1661099198
|move|p2a: Gastrodon|Protect|p2a: Gastrodon
|-singleturn|p2a: Gastrodon|Protect
|move|p1a: Rotom|Nasty Plot|p1a: Rotom
|-boost|p1a: Rotom|spa|2
|
|-end|p2a: Gastrodon|move: Future Sight
|-crit|p2a: Gastrodon
|-damage|p2a: Gastrodon|39/100
|-heal|p1a: Rotom|100/100|[from] item: Leftovers
|-heal|p2a: Gastrodon|45/100|[from] item: Leftovers
|upkeep
|turn|44
|
|t:|1661099205
|switch|p2a: Blissey|Blissey, F|100/100
|move|p1a: Rotom|Hydro Pump|p2a: Blissey
|-damage|p2a: Blissey|71/100
|
|upkeep
|turn|45
|
|t:|1661099220
|switch|p1a: Skarmory|Skarmory, M|86/100
|-damage|p1a: Skarmory|74/100|[from] Stealth Rock
|move|p2a: Blissey|Seismic Toss|p1a: Skarmory
|-damage|p1a: Skarmory|44/100
|
|upkeep
|turn|46
|
|t:|1661099226
|switch|p2a: Slowking|Slowking-Galar, M|53/100
|-damage|p2a: Slowking|40/100|[from] Stealth Rock
|-damage|p2a: Slowking|28/100|[from] Spikes
|move|p1a: Skarmory|Roost|p1a: Skarmory
|-heal|p1a: Skarmory|94/100
|-singleturn|p1a: Skarmory|move: Roost
|
|upkeep
|turn|47
|
|t:|1661099233
|switch|p1a: Slowking|Slowking-Galar, F|77/100
|-damage|p1a: Slowking|64/100|[from] Stealth Rock
|move|p2a: Slowking|Scald|p1a: Slowking
|-damage|p1a: Slowking|51/100
|
|upkeep
|turn|48
|
|t:|1661099243
|move|p1a: Slowking|Scald|p2a: Slowking
|-damage|p2a: Slowking|5/100
|-status|p2a: Slowking|brn
|move|p2a: Slowking|Future Sight|p1a: Slowking
|-start|p2a: Slowking|move: Future Sight
|
|-damage|p2a: Slowking|0 fnt|[from] brn
|faint|p2a: Slowking
|upkeep
|
|t:|1661099248
|switch|p2a: Blissey|Blissey, F|71/100
|turn|49
|
|t:|1661099256
|switch|p2a: Gastrodon|Gastrodon, M|45/100
|-damage|p2a: Gastrodon|39/100|[from] Stealth Rock
|-damage|p2a: Gastrodon|27/100|[from] Spikes
|switch|p1a: Skarmory|Skarmory, M|94/100
|-damage|p1a: Skarmory|82/100|[from] Stealth Rock
|
|-heal|p2a: Gastrodon|33/100|[from] item: Leftovers
|upkeep
|turn|50
|
|t:|1661099267
|switch|p1a: Tyranitar|Tyranitar, M|100/100
|-weather|Sandstorm|[from] ability: Sand Stream|[of] p1a: Tyranitar
|move|p2a: Gastrodon|Scald|p1a: Tyranitar
|-supereffective|p1a: Tyranitar
|-damage|p1a: Tyranitar|79/100
|-status|p1a: Tyranitar|brn
|
|-weather|Sandstorm|[upkeep]
|-end|p1a: Tyranitar|move: Future Sight
|-immune|p1a: Tyranitar
|-heal|p2a: Gastrodon|39/100|[from] item: Leftovers
|-damage|p1a: Tyranitar|73/100 brn|[from] brn
|upkeep
|turn|51
|
|t:|1661099282
|move|p1a: Tyranitar|Rest|p1a: Tyranitar
|-status|p1a: Tyranitar|slp|[from] move: Rest
|-heal|p1a: Tyranitar|100/100 slp|[silent]
|move|p2a: Gastrodon|Earthquake|p1a: Tyranitar
|-supereffective|p1a: Tyranitar
|-damage|p1a: Tyranitar|57/100 slp
|
|-weather|Sandstorm|[upkeep]
|-heal|p2a: Gastrodon|45/100|[from] item: Leftovers
|upkeep
|turn|52
|
|t:|1661099287
|switch|p1a: Rotom|Rotom-Wash|100/100
|-damage|p1a: Rotom|88/100|[from] Stealth Rock
|move|p2a: Gastrodon|Scald|p1a: Rotom
|-resisted|p1a: Rotom
|-damage|p1a: Rotom|78/100
|
|-weather|Sandstorm|[upkeep]
|-damage|p1a: Rotom|72/100|[from] Sandstorm
|-heal|p1a: Rotom|78/100|[from] item: Leftovers
|-heal|p2a: Gastrodon|51/100|[from] item: Leftovers
|upkeep
|turn|53
|
|t:|1661099301
|move|p1a: Rotom|Hydro Pump|p2a: Gastrodon
|-ability|p2a: Gastrodon|Storm Drain|boost
|-boost|p2a: Gastrodon|spa|1
|move|p2a: Gastrodon|Scald|p1a: Rotom
|-resisted|p1a: Rotom
|-damage|p1a: Rotom|65/100
|
|-weather|Sandstorm|[upkeep]
|-damage|p1a: Rotom|59/100|[from] Sandstorm
|-heal|p1a: Rotom|65/100|[from] item: Leftovers
|-heal|p2a: Gastrodon|57/100|[from] item: Leftovers
|upkeep
|turn|54
|
|t:|1661099307
|move|p1a: Rotom|Pain Split|p2a: Gastrodon
|-sethp|p2a: Gastrodon|52/100|[from] move: Pain Split|[silent]
|-sethp|p1a: Rotom|73/100|[from] move: Pain Split
|move|p2a: Gastrodon|Scald|p1a: Rotom
|-resisted|p1a: Rotom
|-damage|p1a: Rotom|58/100
|
|-weather|none
|-heal|p1a: Rotom|64/100|[from] item: Leftovers
|-heal|p2a: Gastrodon|58/100|[from] item: Leftovers
|upkeep
|turn|55
|
|t:|1661099312
|move|p1a: Rotom|Nasty Plot|p1a: Rotom
|-boost|p1a: Rotom|spa|2
|move|p2a: Gastrodon|Scald|p1a: Rotom
|-resisted|p1a: Rotom
|-damage|p1a: Rotom|51/100
|
|-heal|p1a: Rotom|57/100|[from] item: Leftovers
|-heal|p2a: Gastrodon|64/100|[from] item: Leftovers
|upkeep
|turn|56
|
|t:|1661099317
|move|p1a: Rotom|Nasty Plot|p1a: Rotom
|-boost|p1a: Rotom|spa|2
|move|p2a: Gastrodon|Scald|p1a: Rotom
|-resisted|p1a: Rotom
|-damage|p1a: Rotom|44/100
|-status|p1a: Rotom|brn
|
|-heal|p1a: Rotom|50/100 brn|[from] item: Leftovers
|-heal|p2a: Gastrodon|70/100|[from] item: Leftovers
|-damage|p1a: Rotom|44/100 brn|[from] brn
|upkeep
|turn|57
|
|t:|1661099324
|move|p2a: Gastrodon|Protect|p2a: Gastrodon
|-singleturn|p2a: Gastrodon|Protect
|move|p1a: Rotom|Nasty Plot|p1a: Rotom
|-boost|p1a: Rotom|spa|2
|
|-heal|p1a: Rotom|50/100 brn|[from] item: Leftovers
|-heal|p2a: Gastrodon|76/100|[from] item: Leftovers
|-damage|p1a: Rotom|44/100 brn|[from] brn
|upkeep
|turn|58
|
|t:|1661099329
|move|p1a: Rotom|Pain Split|p2a: Gastrodon
|-sethp|p2a: Gastrodon|54/100|[from] move: Pain Split|[silent]
|-sethp|p1a: Rotom|75/100 brn|[from] move: Pain Split
|move|p2a: Gastrodon|Scald|p1a: Rotom
|-resisted|p1a: Rotom
|-damage|p1a: Rotom|60/100 brn
|
|-heal|p1a: Rotom|66/100 brn|[from] item: Leftovers
|-heal|p2a: Gastrodon|60/100|[from] item: Leftovers
|-damage|p1a: Rotom|60/100 brn|[from] brn
|upkeep
|turn|59
|
|t:|1661099334
|move|p2a: Gastrodon|Protect|p2a: Gastrodon
|-singleturn|p2a: Gastrodon|Protect
|move|p1a: Rotom|Discharge|p2a: Gastrodon
|-activate|p2a: Gastrodon|move: Protect
|
|-heal|p1a: Rotom|66/100 brn|[from] item: Leftovers
|-heal|p2a: Gastrodon|66/100|[from] item: Leftovers
|-damage|p1a: Rotom|60/100 brn|[from] brn
|upkeep
|turn|60
|
|t:|1661099340
|move|p1a: Rotom|Nasty Plot|p1a: Rotom
|-boost|p1a: Rotom|spa|0
|move|p2a: Gastrodon|Earthquake|p1a: Rotom
|-immune|p1a: Rotom|[from] ability: Levitate
|
|-heal|p1a: Rotom|66/100 brn|[from] item: Leftovers
|-heal|p2a: Gastrodon|72/100|[from] item: Leftovers
|-damage|p1a: Rotom|60/100 brn|[from] brn
|upkeep
|turn|61
|
|t:|1661099360
|move|p1a: Rotom|Pain Split|p2a: Gastrodon
|-sethp|p2a: Gastrodon|58/100|[from] move: Pain Split|[silent]
|-sethp|p1a: Rotom|80/100 brn|[from] move: Pain Split
|move|p2a: Gastrodon|Scald|p1a: Rotom
|-resisted|p1a: Rotom
|-damage|p1a: Rotom|67/100 brn
|
|-heal|p1a: Rotom|74/100 brn|[from] item: Leftovers
|-heal|p2a: Gastrodon|64/100|[from] item: Leftovers
|-damage|p1a: Rotom|67/100 brn|[from] brn
|upkeep
|turn|62
|
|t:|1661099368
|switch|p2a: Blissey|Blissey, F|71/100
|move|p1a: Rotom|Nasty Plot|p1a: Rotom
|-boost|p1a: Rotom|spa|0
|
|-heal|p1a: Rotom|74/100 brn|[from] item: Leftovers
|-damage|p1a: Rotom|67/100 brn|[from] brn
|upkeep
|turn|63
|
|t:|1661099373
|switch|p2a: Gastrodon|Gastrodon, M|64/100
|-damage|p2a: Gastrodon|58/100|[from] Stealth Rock
|-damage|p2a: Gastrodon|45/100|[from] Spikes
|move|p1a: Rotom|Pain Split|p2a: Gastrodon
|-sethp|p2a: Gastrodon|47/100|[from] move: Pain Split|[silent]
|-sethp|p1a: Rotom|65/100 brn|[from] move: Pain Split
|
|-heal|p1a: Rotom|71/100 brn|[from] item: Leftovers
|-heal|p2a: Gastrodon|53/100|[from] item: Leftovers
|-damage|p1a: Rotom|65/100 brn|[from] brn
|upkeep
|turn|64
|
|t:|1661099379
|move|p1a: Rotom|Nasty Plot|p1a: Rotom
|-boost|p1a: Rotom|spa|0
|move|p2a: Gastrodon|Scald|p1a: Rotom
|-resisted|p1a: Rotom
|-damage|p1a: Rotom|56/100 brn
|
|-heal|p1a: Rotom|62/100 brn|[from] item: Leftovers
|-heal|p2a: Gastrodon|59/100|[from] item: Leftovers
|-damage|p1a: Rotom|56/100 brn|[from] brn
|upkeep
|turn|65
|
|t:|1661099383
|switch|p2a: Blissey|Blissey, F|71/100
|move|p1a: Rotom|Nasty Plot|p1a: Rotom
|-boost|p1a: Rotom|spa|0
|
|-heal|p1a: Rotom|62/100 brn|[from] item: Leftovers
|-damage|p1a: Rotom|56/100 brn|[from] brn
|upkeep
|turn|66
|
|t:|1661099392
|move|p1a: Rotom|Nasty Plot|p1a: Rotom
|-boost|p1a: Rotom|spa|0
|move|p2a: Blissey|Soft-Boiled|p2a: Blissey
|-heal|p2a: Blissey|100/100
|
|-heal|p1a: Rotom|62/100 brn|[from] item: Leftovers
|-damage|p1a: Rotom|56/100 brn|[from] brn
|upkeep
|turn|67
|
|t:|1661099396
|move|p1a: Rotom|Discharge|p2a: Blissey
|-damage|p2a: Blissey|56/100
|move|p2a: Blissey|Seismic Toss|p1a: Rotom
|-damage|p1a: Rotom|23/100 brn
|
|-heal|p1a: Rotom|29/100 brn|[from] item: Leftovers
|-damage|p1a: Rotom|23/100 brn|[from] brn
|upkeep
|turn|68
|
|t:|1661099403
|switch|p2a: Gastrodon|Gastrodon, M|59/100
|-damage|p2a: Gastrodon|53/100|[from] Stealth Rock
|-damage|p2a: Gastrodon|40/100|[from] Spikes
|move|p1a: Rotom|Pain Split|p2a: Gastrodon
|-sethp|p2a: Gastrodon|28/100|[from] move: Pain Split|[silent]
|-sethp|p1a: Rotom|40/100 brn|[from] move: Pain Split
|
|-heal|p1a: Rotom|46/100 brn|[from] item: Leftovers
|-heal|p2a: Gastrodon|35/100|[from] item: Leftovers
|-damage|p1a: Rotom|40/100 brn|[from] brn
|upkeep
|turn|69
|
|t:|1661099410
|move|p2a: Gastrodon|Protect|p2a: Gastrodon
|-singleturn|p2a: Gastrodon|Protect
|move|p1a: Rotom|Nasty Plot|p1a: Rotom
|-boost|p1a: Rotom|spa|0
|
|-heal|p1a: Rotom|46/100 brn|[from] item: Leftovers
|-heal|p2a: Gastrodon|41/100|[from] item: Leftovers
|-damage|p1a: Rotom|40/100 brn|[from] brn
|upkeep
|turn|70
|
|t:|1661099414
|move|p1a: Rotom|Nasty Plot|p1a: Rotom
|-boost|p1a: Rotom|spa|0
|move|p2a: Gastrodon|Recover|p2a: Gastrodon
|-heal|p2a: Gastrodon|91/100
|
|-heal|p1a: Rotom|46/100 brn|[from] item: Leftovers
|-heal|p2a: Gastrodon|97/100|[from] item: Leftovers
|-damage|p1a: Rotom|40/100 brn|[from] brn
|upkeep
|turn|71
|
|t:|1661099418
|switch|p2a: Blissey|Blissey, F|56/100
|move|p1a: Rotom|Nasty Plot|p1a: Rotom
|-boost|p1a: Rotom|spa|0
|
|-heal|p1a: Rotom|46/100 brn|[from] item: Leftovers
|-damage|p1a: Rotom|40/100 brn|[from] brn
|upkeep
|turn|72
|
|t:|1661099429
|switch|p2a: Gastrodon|Gastrodon, M|97/100
|-damage|p2a: Gastrodon|91/100|[from] Stealth Rock
|-damage|p2a: Gastrodon|78/100|[from] Spikes
|move|p1a: Rotom|Discharge|p2a: Gastrodon
|-immune|p2a: Gastrodon
|
|-heal|p1a: Rotom|46/100 brn|[from] item: Leftovers
|-heal|p2a: Gastrodon|84/100|[from] item: Leftovers
|-damage|p1a: Rotom|40/100 brn|[from] brn
|upkeep
|turn|73
|
|t:|1661099436
|switch|p2a: Blissey|Blissey, F|56/100
|move|p1a: Rotom|Discharge|p2a: Blissey
|-damage|p2a: Blissey|13/100
|-status|p2a: Blissey|par
|
|-heal|p1a: Rotom|46/100 brn|[from] item: Leftovers
|-damage|p1a: Rotom|40/100 brn|[from] brn
|upkeep
|turn|74
|
|t:|1661099443
|-curestatus|p2a: Blissey|par|[from] ability: Natural Cure
|switch|p2a: Gastrodon|Gastrodon, M|84/100
|-damage|p2a: Gastrodon|78/100|[from] Stealth Rock
|-damage|p2a: Gastrodon|66/100|[from] Spikes
|move|p1a: Rotom|Discharge|p2a: Gastrodon
|-immune|p2a: Gastrodon
|
|-heal|p1a: Rotom|46/100 brn|[from] item: Leftovers
|-heal|p2a: Gastrodon|72/100|[from] item: Leftovers
|-damage|p1a: Rotom|40/100 brn|[from] brn
|upkeep
|turn|75
|
|t:|1661099450
|move|p2a: Gastrodon|Protect|p2a: Gastrodon
|-singleturn|p2a: Gastrodon|Protect
|move|p1a: Rotom|Discharge|p2a: Gastrodon
|-activate|p2a: Gastrodon|move: Protect
|
|-heal|p1a: Rotom|46/100 brn|[from] item: Leftovers
|-heal|p2a: Gastrodon|78/100|[from] item: Leftovers
|-damage|p1a: Rotom|40/100 brn|[from] brn
|upkeep
|turn|76
|
|t:|1661099455
|move|p1a: Rotom|Discharge|p2a: Gastrodon
|-immune|p2a: Gastrodon
|move|p2a: Gastrodon|Scald|p1a: Rotom
|-resisted|p1a: Rotom
|-damage|p1a: Rotom|30/100 brn
|
|-heal|p1a: Rotom|36/100 brn|[from] item: Leftovers
|-heal|p2a: Gastrodon|84/100|[from] item: Leftovers
|-damage|p1a: Rotom|30/100 brn|[from] brn
|upkeep
|turn|77
|
|t:|1661099462
|move|p1a: Rotom|Discharge|p2a: Gastrodon
|-immune|p2a: Gastrodon
|move|p2a: Gastrodon|Scald|p1a: Rotom
|-resisted|p1a: Rotom
|-damage|p1a: Rotom|21/100 brn
|
|-heal|p1a: Rotom|27/100 brn|[from] item: Leftovers
|-heal|p2a: Gastrodon|90/100|[from] item: Leftovers
|-damage|p1a: Rotom|21/100 brn|[from] brn
|upkeep
|turn|78
|
|t:|1661099465
|move|p1a: Rotom|Pain Split|p2a: Gastrodon
|-sethp|p2a: Gastrodon|52/100|[from] move: Pain Split|[silent]
|-sethp|p1a: Rotom|73/100 brn|[from] move: Pain Split
|move|p2a: Gastrodon|Scald|p1a: Rotom
|-resisted|p1a: Rotom
|-damage|p1a: Rotom|63/100 brn
|
|-heal|p1a: Rotom|69/100 brn|[from] item: Leftovers
|-heal|p2a: Gastrodon|58/100|[from] item: Leftovers
|-damage|p1a: Rotom|63/100 brn|[from] brn
|upkeep
|turn|79
|
|t:|1661099472
|move|p1a: Rotom|Nasty Plot|p1a: Rotom
|-boost|p1a: Rotom|spa|0
|move|p2a: Gastrodon|Recover|p2a: Gastrodon
|-heal|p2a: Gastrodon|100/100
|
|-heal|p1a: Rotom|69/100 brn|[from] item: Leftovers
|-damage|p1a: Rotom|63/100 brn|[from] brn
|upkeep
|turn|80
|
|t:|1661099477
|move|p2a: Gastrodon|Protect|p2a: Gastrodon
|-singleturn|p2a: Gastrodon|Protect
|move|p1a: Rotom|Nasty Plot|p1a: Rotom
|-boost|p1a: Rotom|spa|0
|
|-heal|p1a: Rotom|69/100 brn|[from] item: Leftovers
|-damage|p1a: Rotom|63/100 brn|[from] brn
|upkeep
|turn|81
|
|t:|1661099483
|move|p2a: Gastrodon|Protect||[still]
|-fail|p2a: Gastrodon
|move|p1a: Rotom|Discharge|p2a: Gastrodon
|-immune|p2a: Gastrodon
|
|-heal|p1a: Rotom|69/100 brn|[from] item: Leftovers
|-damage|p1a: Rotom|63/100 brn|[from] brn
|upkeep
|turn|82
|
|t:|1661099488
|move|p1a: Rotom|Pain Split|p2a: Gastrodon
|-sethp|p2a: Gastrodon|73/100|[from] move: Pain Split|[silent]
|-sethp|p1a: Rotom|100/100 brn|[from] move: Pain Split
|move|p2a: Gastrodon|Earthquake|p1a: Rotom
|-immune|p1a: Rotom|[from] ability: Levitate
|
|-heal|p2a: Gastrodon|79/100|[from] item: Leftovers
|-damage|p1a: Rotom|94/100 brn|[from] brn
|upkeep
|turn|83
|
|t:|1661099498
|move|p1a: Rotom|Discharge|p2a: Gastrodon
|-immune|p2a: Gastrodon
|move|p2a: Gastrodon|Recover|p2a: Gastrodon
|-heal|p2a: Gastrodon|100/100
|
|-heal|p1a: Rotom|100/100 brn|[from] item: Leftovers
|-damage|p1a: Rotom|94/100 brn|[from] brn
|upkeep
|turn|84
|
|t:|1661099502
|move|p1a: Rotom|Nasty Plot|p1a: Rotom
|-boost|p1a: Rotom|spa|0
|move|p2a: Gastrodon|Scald|p1a: Rotom
|-resisted|p1a: Rotom
|-damage|p1a: Rotom|85/100 brn
|
|-heal|p1a: Rotom|92/100 brn|[from] item: Leftovers
|-damage|p1a: Rotom|85/100 brn|[from] brn
|upkeep
|turn|85
|
|t:|1661099504
|move|p1a: Rotom|Nasty Plot|p1a: Rotom
|-boost|p1a: Rotom|spa|0
|move|p2a: Gastrodon|Recover||[still]
|-fail|p2a: Gastrodon|heal
|
|-heal|p1a: Rotom|92/100 brn|[from] item: Leftovers
|-damage|p1a: Rotom|85/100 brn|[from] brn
|upkeep
|turn|86
|
|t:|1661099507
|move|p2a: Gastrodon|Protect|p2a: Gastrodon
|-singleturn|p2a: Gastrodon|Protect
|move|p1a: Rotom|Nasty Plot|p1a: Rotom
|-boost|p1a: Rotom|spa|0
|
|-heal|p1a: Rotom|92/100 brn|[from] item: Leftovers
|-damage|p1a: Rotom|85/100 brn|[from] brn
|upkeep
|turn|87
|
|t:|1661099511
|switch|p2a: Corviknight|Corviknight, M|83/100
|-damage|p2a: Corviknight|71/100|[from] Stealth Rock
|-ability|p2a: Corviknight|Pressure
|move|p1a: Rotom|Discharge|p2a: Corviknight
|-supereffective|p2a: Corviknight
|-damage|p2a: Corviknight|0 fnt
|faint|p2a: Corviknight
|
|-heal|p1a: Rotom|92/100 brn|[from] item: Leftovers
|-damage|p1a: Rotom|85/100 brn|[from] brn
|upkeep
|
|t:|1661099514
|switch|p2a: Gastrodon|Gastrodon, M|100/100
|-damage|p2a: Gastrodon|94/100|[from] Stealth Rock
|-damage|p2a: Gastrodon|82/100|[from] Spikes
|turn|88
|
|t:|1661099520
|switch|p2a: Blissey|Blissey, F|13/100
|move|p1a: Rotom|Nasty Plot|p1a: Rotom
|-boost|p1a: Rotom|spa|0
|
|-heal|p1a: Rotom|92/100 brn|[from] item: Leftovers
|-damage|p1a: Rotom|85/100 brn|[from] brn
|upkeep
|turn|89
|
|t:|1661099524
|switch|p2a: Gastrodon|Gastrodon, M|82/100
|-damage|p2a: Gastrodon|76/100|[from] Stealth Rock
|-damage|p2a: Gastrodon|63/100|[from] Spikes
|move|p1a: Rotom|Discharge|p2a: Gastrodon
|-immune|p2a: Gastrodon
|
|-heal|p1a: Rotom|92/100 brn|[from] item: Leftovers
|-heal|p2a: Gastrodon|70/100|[from] item: Leftovers
|-damage|p1a: Rotom|85/100 brn|[from] brn
|upkeep
|turn|90
|
|t:|1661099533
|switch|p2a: Blissey|Blissey, F|13/100
|move|p1a: Rotom|Nasty Plot|p1a: Rotom
|-boost|p1a: Rotom|spa|0
|
|-heal|p1a: Rotom|92/100 brn|[from] item: Leftovers
|-damage|p1a: Rotom|85/100 brn|[from] brn
|upkeep
|turn|91
|
|t:|1661099537
|switch|p2a: Gastrodon|Gastrodon, M|70/100
|-damage|p2a: Gastrodon|63/100|[from] Stealth Rock
|-damage|p2a: Gastrodon|51/100|[from] Spikes
|move|p1a: Rotom|Discharge|p2a: Gastrodon
|-immune|p2a: Gastrodon
|
|-heal|p1a: Rotom|92/100 brn|[from] item: Leftovers
|-heal|p2a: Gastrodon|57/100|[from] item: Leftovers
|-damage|p1a: Rotom|85/100 brn|[from] brn
|upkeep
|turn|92
|
|t:|1661099549
|move|p1a: Rotom|Nasty Plot|p1a: Rotom
|-boost|p1a: Rotom|spa|0
|move|p2a: Gastrodon|Recover|p2a: Gastrodon
|-heal|p2a: Gastrodon|100/100
|
|-heal|p1a: Rotom|92/100 brn|[from] item: Leftovers
|-damage|p1a: Rotom|85/100 brn|[from] brn
|upkeep
|turn|93
|
|t:|1661099553
|move|p2a: Gastrodon|Protect|p2a: Gastrodon
|-singleturn|p2a: Gastrodon|Protect
|move|p1a: Rotom|Nasty Plot|p1a: Rotom
|-boost|p1a: Rotom|spa|0
|
|-heal|p1a: Rotom|92/100 brn|[from] item: Leftovers
|-damage|p1a: Rotom|85/100 brn|[from] brn
|upkeep
|turn|94
|
|t:|1661099556
|move|p1a: Rotom|Discharge|p2a: Gastrodon
|-immune|p2a: Gastrodon
|move|p2a: Gastrodon|Earthquake|p1a: Rotom
|-immune|p1a: Rotom|[from] ability: Levitate
|
|-heal|p1a: Rotom|92/100 brn|[from] item: Leftovers
|-damage|p1a: Rotom|85/100 brn|[from] brn
|upkeep
|turn|95
|
|t:|1661099559
|move|p1a: Rotom|Nasty Plot|p1a: Rotom
|-boost|p1a: Rotom|spa|0
|move|p2a: Gastrodon|Earthquake|p1a: Rotom
|-immune|p1a: Rotom|[from] ability: Levitate
|
|-heal|p1a: Rotom|92/100 brn|[from] item: Leftovers
|-damage|p1a: Rotom|85/100 brn|[from] brn
|upkeep
|turn|96
|
|t:|1661099562
|move|p1a: Rotom|Pain Split|p2a: Gastrodon
|-sethp|p2a: Gastrodon|81/100|[from] move: Pain Split|[silent]
|-sethp|p1a: Rotom|100/100 brn|[from] move: Pain Split
|move|p2a: Gastrodon|Recover|p2a: Gastrodon
|-heal|p2a: Gastrodon|100/100
|
|-damage|p1a: Rotom|94/100 brn|[from] brn
|upkeep
|turn|97
|
|t:|1661099568
|move|p1a: Rotom|Nasty Plot|p1a: Rotom
|-boost|p1a: Rotom|spa|0
|move|p2a: Gastrodon|Scald|p1a: Rotom
|-resisted|p1a: Rotom
|-damage|p1a: Rotom|85/100 brn
|
|-heal|p1a: Rotom|91/100 brn|[from] item: Leftovers
|-damage|p1a: Rotom|85/100 brn|[from] brn
|upkeep
|turn|98
|
|t:|1661099571
|move|p1a: Rotom|Discharge|p2a: Gastrodon
|-immune|p2a: Gastrodon
|move|p2a: Gastrodon|Earthquake|p1a: Rotom
|-immune|p1a: Rotom|[from] ability: Levitate
|
|-heal|p1a: Rotom|91/100 brn|[from] item: Leftovers
|-damage|p1a: Rotom|85/100 brn|[from] brn
|upkeep
|turn|99
|
|t:|1661099575
|switch|p2a: Blissey|Blissey, F|13/100
|move|p1a: Rotom|Pain Split|p2a: Blissey
|-sethp|p2a: Blissey|25/100|[from] move: Pain Split|[silent]
|-sethp|p1a: Rotom|58/100 brn|[from] move: Pain Split
|
|-heal|p1a: Rotom|64/100 brn|[from] item: Leftovers
|-damage|p1a: Rotom|58/100 brn|[from] brn
|upkeep
|turn|100
|
|t:|1661099580
|switch|p2a: Gastrodon|Gastrodon, M|100/100
|-damage|p2a: Gastrodon|94/100|[from] Stealth Rock
|-damage|p2a: Gastrodon|82/100|[from] Spikes
|move|p1a: Rotom|Pain Split|p2a: Gastrodon
|-sethp|p2a: Gastrodon|62/100|[from] move: Pain Split|[silent]
|-sethp|p1a: Rotom|86/100 brn|[from] move: Pain Split
|
|-heal|p1a: Rotom|92/100 brn|[from] item: Leftovers
|-heal|p2a: Gastrodon|68/100|[from] item: Leftovers
|-damage|p1a: Rotom|86/100 brn|[from] brn
|upkeep
|turn|101
|
|t:|1661099587
|move|p2a: Gastrodon|Protect|p2a: Gastrodon
|-singleturn|p2a: Gastrodon|Protect
|move|p1a: Rotom|Pain Split|p2a: Gastrodon
|-activate|p2a: Gastrodon|move: Protect
|
|-heal|p1a: Rotom|92/100 brn|[from] item: Leftovers
|-heal|p2a: Gastrodon|74/100|[from] item: Leftovers
|-damage|p1a: Rotom|86/100 brn|[from] brn
|upkeep
|turn|102
|
|t:|1661099593
|move|p1a: Rotom|Pain Split|p2a: Gastrodon
|-sethp|p2a: Gastrodon|68/100|[from] move: Pain Split|[silent]
|-sethp|p1a: Rotom|95/100 brn|[from] move: Pain Split
|move|p2a: Gastrodon|Scald|p1a: Rotom
|-resisted|p1a: Rotom
|-damage|p1a: Rotom|85/100 brn
|
|-heal|p1a: Rotom|91/100 brn|[from] item: Leftovers
|-heal|p2a: Gastrodon|74/100|[from] item: Leftovers
|-damage|p1a: Rotom|85/100 brn|[from] brn
|upkeep
|turn|103
|
|t:|1661099597
|move|p2a: Gastrodon|Protect|p2a: Gastrodon
|-singleturn|p2a: Gastrodon|Protect
|move|p1a: Rotom|Pain Split|p2a: Gastrodon
|-activate|p2a: Gastrodon|move: Protect
|
|-heal|p1a: Rotom|91/100 brn|[from] item: Leftovers
|-heal|p2a: Gastrodon|80/100|[from] item: Leftovers
|-damage|p1a: Rotom|85/100 brn|[from] brn
|upkeep
|turn|104
|
|t:|1661099601
|switch|p2a: Blissey|Blissey, F|25/100
|move|p1a: Rotom|Discharge|p2a: Blissey
|-damage|p2a: Blissey|0 fnt
|faint|p2a: Blissey
|
|-heal|p1a: Rotom|91/100 brn|[from] item: Leftovers
|-damage|p1a: Rotom|85/100 brn|[from] brn
|upkeep
|c|☆LT94JE TGN|gg
|-message|LT94JE TGN forfeited.
|
|win|HikozaruGG
|n|☆HikozaruGG|hikozarugg
|n|☆LT94JE TGN|lt94jetgn
|n| Le Dieun ❤ notor|ledieunnotor
|c|☆HikozaruGG|gg
|l|☆LT94JE TGN
