|raw|<div class="broadcast-blue"><strong>This battle is required to be public due to a player having a name starting with 'lt92pf'.</div>
|j|☆pokeda
|j|☆LT92PF Highv0ltag3
|t:|1659859074
|gametype|singles
|player|p1|pokeda|wattson|1770
|player|p2|LT92PF Highv0ltag3|volo|1876
|teamsize|p1|6
|teamsize|p2|6
|gen|8
|tier|[Gen 8] OU
|rated|
|rule|Sleep Clause Mod: Limit one foe put to sleep
|rule|Species Clause: Limit one of each Pokémon
|rule|OHKO Clause: OHKO moves are banned
|rule|Evasion Items Clause: Evasion items are banned
|rule|Evasion Moves Clause: Evasion moves are banned
|rule|Endless Battle Clause: Forcing endless battles is banned
|rule|HP Percentage Mod: HP is shown in percentages
|rule|Dynamax Clause: You cannot dynamax
|clearpoke
|poke|p1|Zeraora|
|poke|p1|Garchomp, M|
|poke|p1|Corviknight, F|
|poke|p1|Kingdra, M|
|poke|p1|Slowking-Galar, F|
|poke|p1|Pelipper, F|
|poke|p2|Porygon-Z|
|poke|p2|Toxapex, F|
|poke|p2|Corviknight, F|
|poke|p2|Urshifu-*, F|
|poke|p2|Landorus-Therian, M|
|poke|p2|Mew|
|teampreview
|inactive|Battle timer is ON: inactive players will automatically lose when time's up. (requested by LT92PF Highv0ltag3)
|
|t:|1659859086
|start
|switch|p1a: Garchomp|Garchomp, M|100/100
|switch|p2a: Porygon-Z|Porygon-Z|100/100
|-ability|p2a: Porygon-Z|Download|boost
|-boost|p2a: Porygon-Z|atk|1
|turn|1
|
|t:|1659859089
|move|p1a: Garchomp|Protect|p1a: Garchomp
|-singleturn|p1a: Garchomp|Protect
|move|p2a: Porygon-Z|Ice Beam|p1a: Garchomp
|-activate|p1a: Garchomp|move: Protect
|
|upkeep
|turn|2
|
|t:|1659859095
|switch|p2a: Landorus|Landorus-Therian, M|100/100
|-ability|p2a: Landorus|Intimidate|boost
|-unboost|p1a: Garchomp|atk|1
|switch|p1a: Slowking|Slowking-Galar, F|100/100
|
|upkeep
|turn|3
|
|t:|1659859103
|switch|p1a: Pelipper|Pelipper, F|100/100
|-weather|RainDance|[from] ability: Drizzle|[of] p1a: Pelipper
|move|p2a: Landorus|U-turn|p1a: Pelipper
|-resisted|p1a: Pelipper
|-damage|p1a: Pelipper|86/100
|
|t:|1659859105
|switch|p2a: Porygon-Z|Porygon-Z|100/100|[from]move: U-turn
|-ability|p2a: Porygon-Z|Download|boost
|-boost|p2a: Porygon-Z|spa|1
|
|-weather|RainDance|[upkeep]
|upkeep
|turn|4
|j| Heiwa June ☾
|j| vo1kner
|
|t:|1659859109
|switch|p1a: Slowking|Slowking-Galar, F|100/100
|move|p2a: Porygon-Z|Tri Attack|p1a: Slowking
|-damage|p1a: Slowking|50/100
|
|-weather|RainDance|[upkeep]
|upkeep
|turn|5
|j| altcuzimbad
|
|t:|1659859123
|switch|p1a: Corviknight|Corviknight, F|100/100
|-ability|p1a: Corviknight|Pressure
|move|p2a: Porygon-Z|Tri Attack|p1a: Corviknight
|-resisted|p1a: Corviknight
|-damage|p1a: Corviknight|51/100
|
|-weather|RainDance|[upkeep]
|upkeep
|turn|6
|
|t:|1659859128
|move|p2a: Porygon-Z|Tri Attack|p1a: Corviknight
|-resisted|p1a: Corviknight
|-damage|p1a: Corviknight|6/100
|move|p1a: Corviknight|Roost|p1a: Corviknight
|-heal|p1a: Corviknight|56/100
|-singleturn|p1a: Corviknight|move: Roost
|
|-weather|RainDance|[upkeep]
|upkeep
|turn|7
|
|t:|1659859135
|switch|p2a: Urshifu|Urshifu-Rapid-Strike, F|100/100
|move|p1a: Corviknight|Roost|p1a: Corviknight
|-heal|p1a: Corviknight|100/100
|-singleturn|p1a: Corviknight|move: Roost
|
|-weather|none
|upkeep
|turn|8
|
|t:|1659859141
|move|p2a: Urshifu|U-turn|p1a: Corviknight
|-resisted|p1a: Corviknight
|-damage|p1a: Corviknight|95/100
|-damage|p2a: Urshifu|84/100|[from] item: Rocky Helmet|[of] p1a: Corviknight
|
|t:|1659859143
|switch|p2a: Toxapex|Toxapex, F|100/100|[from]move: U-turn
|move|p1a: Corviknight|Roost|p1a: Corviknight
|-heal|p1a: Corviknight|100/100
|-singleturn|p1a: Corviknight|move: Roost
|
|upkeep
|turn|9
|j| AlIoutdragadarts
|
|t:|1659859148
|switch|p1a: Slowking|Slowking-Galar, F|83/100
|move|p2a: Toxapex|Scald|p1a: Slowking
|-damage|p1a: Slowking|75/100
|
|upkeep
|turn|10
|
|t:|1659859153
|switch|p2a: Mew|Mew|100/100
|move|p1a: Slowking|Future Sight|p2a: Mew
|-start|p1a: Slowking|move: Future Sight
|
|upkeep
|turn|11
|
|t:|1659859159
|switch|p1a: Pelipper|Pelipper, F|86/100
|-weather|RainDance|[from] ability: Drizzle|[of] p1a: Pelipper
|move|p2a: Mew|U-turn|p1a: Pelipper
|-resisted|p1a: Pelipper
|-damage|p1a: Pelipper|72/100
|
|t:|1659859166
|switch|p2a: Porygon-Z|Porygon-Z|100/100|[from]move: U-turn
|-ability|p2a: Porygon-Z|Download|boost
|-boost|p2a: Porygon-Z|spa|1
|
|-weather|RainDance|[upkeep]
|upkeep
|turn|12
|
|t:|1659859169
|switch|p2a: Corviknight|Corviknight, F|100/100
|-ability|p2a: Corviknight|Pressure
|switch|p1a: Slowking|Slowking-Galar, F|100/100
|
|-weather|RainDance|[upkeep]
|-end|p2a: Corviknight|move: Future Sight
|-resisted|p2a: Corviknight
|-damage|p2a: Corviknight|75/100
|-heal|p2a: Corviknight|81/100|[from] item: Leftovers
|upkeep
|turn|13
|
|t:|1659859175
|move|p2a: Corviknight|Brave Bird|p1a: Slowking
|-damage|p1a: Slowking|63/100
|-damage|p2a: Corviknight|69/100|[from] Recoil
|move|p1a: Slowking|Future Sight|p2a: Corviknight
|-start|p1a: Slowking|move: Future Sight
|
|-weather|RainDance|[upkeep]
|-heal|p2a: Corviknight|75/100|[from] item: Leftovers
|upkeep
|turn|14
|
|t:|1659859190
|move|p2a: Corviknight|U-turn|p1a: Slowking
|-damage|p1a: Slowking|49/100
|
|t:|1659859193
|switch|p2a: Landorus|Landorus-Therian, M|100/100|[from]move: U-turn
|-ability|p2a: Landorus|Intimidate|boost
|-unboost|p1a: Slowking|atk|1
|move|p1a: Slowking|Scald|p2a: Landorus
|-supereffective|p2a: Landorus
|-crit|p2a: Landorus
|-damage|p2a: Landorus|0 fnt
|faint|p2a: Landorus
|
|-weather|RainDance|[upkeep]
|upkeep
|
|t:|1659859201
|switch|p2a: Mew|Mew|100/100
|turn|15
|j| LT92PF line
|j| LT92PF Adri
|
|t:|1659859208
|switch|p1a: Corviknight|Corviknight, F|100/100
|-ability|p1a: Corviknight|Pressure
|move|p2a: Mew|U-turn|p1a: Corviknight
|-resisted|p1a: Corviknight
|-damage|p1a: Corviknight|97/100
|-damage|p2a: Mew|84/100|[from] item: Rocky Helmet|[of] p1a: Corviknight
|
|t:|1659859210
|switch|p2a: Corviknight|Corviknight, F|75/100|[from]move: U-turn
|-ability|p2a: Corviknight|Pressure
|
|-weather|none
|-end|p2a: Corviknight|move: Future Sight
|-resisted|p2a: Corviknight
|-damage|p2a: Corviknight|51/100
|-heal|p2a: Corviknight|58/100|[from] item: Leftovers
|upkeep
|turn|16
|j| officerjennyishot
|
|t:|1659859215
|move|p2a: Corviknight|U-turn|p1a: Corviknight
|-resisted|p1a: Corviknight
|-damage|p1a: Corviknight|95/100
|-damage|p2a: Corviknight|41/100|[from] item: Rocky Helmet|[of] p1a: Corviknight
|
|t:|1659859217
|switch|p2a: Toxapex|Toxapex, F|100/100|[from]move: U-turn
|move|p1a: Corviknight|U-turn|p2a: Toxapex
|-resisted|p2a: Toxapex
|-damage|p2a: Toxapex|96/100
|l| officerjennyishot
|
|t:|1659859220
|switch|p1a: Slowking|Slowking-Galar, F|82/100|[from]move: U-turn
|
|-heal|p2a: Toxapex|100/100|[from] item: Black Sludge
|upkeep
|turn|17
|
|t:|1659859223
|switch|p2a: Urshifu|Urshifu-Rapid-Strike, F|84/100
|move|p1a: Slowking|Future Sight|p2a: Urshifu
|-start|p1a: Slowking|move: Future Sight
|
|upkeep
|turn|18
|
|t:|1659859233
|move|p2a: Urshifu|Close Combat|p1a: Slowking
|-resisted|p1a: Slowking
|-damage|p1a: Slowking|58/100
|-unboost|p2a: Urshifu|def|1
|-unboost|p2a: Urshifu|spd|1
|move|p1a: Slowking|Sludge Bomb|p2a: Urshifu
|-damage|p2a: Urshifu|0 fnt
|faint|p2a: Urshifu
|
|upkeep
|j| Stunfisk2140
|-message|LT92PF Highv0ltag3 forfeited.
|
|win|pokeda
|raw|pokeda's rating: 1770 &rarr; <strong>1796</strong><br />(+26 for winning)
|raw|LT92PF Highv0ltag3's rating: 1876 &rarr; <strong>1850</strong><br />(-26 for losing)
|l|☆LT92PF Highv0ltag3
|l| Stunfisk2140
