|j|☆Cubielubie
|j|☆Sombra Diurna
|t:|1655498208
|gametype|singles
|player|p1|Cubielubie|lucas|1816
|player|p2|Sombra Diurna|blue|1758
|teamsize|p1|6
|teamsize|p2|6
|gen|8
|tier|[Gen 8] OU
|rated|
|rule|Sleep Clause Mod: Limit one foe put to sleep
|rule|Species Clause: Limit one of each Pokémon
|rule|OHKO Clause: OHKO moves are banned
|rule|Evasion Moves Clause: Evasion moves are banned
|rule|Endless Battle Clause: Forcing endless battles is banned
|rule|HP Percentage Mod: HP is shown in percentages
|rule|Dynamax Clause: You cannot dynamax
|clearpoke
|poke|p1|Tapu Koko|
|poke|p1|Hawlucha, M|
|poke|p1|Victini|
|poke|p1|Garchomp, M|
|poke|p1|Melmetal|
|poke|p1|Volcanion|
|poke|p2|Slowbro, M|
|poke|p2|Hatterene, F|
|poke|p2|Marowak-Alola, F|
|poke|p2|Ferrothorn, M|
|poke|p2|Garchomp, M|
|poke|p2|Drampa, F|
|teampreview
|
|t:|1655498229
|start
|switch|p1a: Melmetal|Melmetal|100/100
|switch|p2a: Sharpo|Garchomp, M|100/100
|turn|1
|
|t:|1655498234
|switch|p2a: Thorns|Ferrothorn, M|100/100
|move|p1a: Melmetal|Double Iron Bash|p2a: Thorns
|-resisted|p2a: Thorns
|-damage|p2a: Thorns|76/100
|-damage|p1a: Melmetal|88/100|[from] ability: Iron Barbs|[of] p2a: Thorns
|-resisted|p2a: Thorns
|-damage|p2a: Thorns|53/100
|-damage|p1a: Melmetal|76/100|[from] ability: Iron Barbs|[of] p2a: Thorns
|-hitcount|p2a: Thorns|2
|
|-heal|p2a: Thorns|60/100|[from] item: Leftovers
|upkeep
|turn|2
|
|t:|1655498245
|move|p1a: Melmetal|Double Iron Bash|p2a: Thorns
|-resisted|p2a: Thorns
|-damage|p2a: Thorns|33/100
|-damage|p1a: Melmetal|63/100|[from] ability: Iron Barbs|[of] p2a: Thorns
|-resisted|p2a: Thorns
|-damage|p2a: Thorns|6/100
|-damage|p1a: Melmetal|51/100|[from] ability: Iron Barbs|[of] p2a: Thorns
|-hitcount|p2a: Thorns|2
|cant|p2a: Thorns|flinch
|
|-heal|p2a: Thorns|13/100|[from] item: Leftovers
|upkeep
|turn|3
|
|t:|1655498256
|switch|p2a: Sonso|Slowbro, M|100/100
|move|p1a: Melmetal|Double Iron Bash|p2a: Sonso
|-resisted|p2a: Sonso
|-damage|p2a: Sonso|82/100
|-resisted|p2a: Sonso
|-damage|p2a: Sonso|62/100
|-hitcount|p2a: Sonso|2
|
|upkeep
|turn|4
|
|t:|1655498265
|move|p1a: Melmetal|Double Iron Bash|p2a: Sonso
|-resisted|p2a: Sonso
|-damage|p2a: Sonso|42/100
|-resisted|p2a: Sonso
|-damage|p2a: Sonso|23/100
|-hitcount|p2a: Sonso|2
|cant|p2a: Sonso|flinch
|
|upkeep
|turn|5
|
|t:|1655498274
|switch|p2a: Thorns|Ferrothorn, M|13/100
|move|p1a: Melmetal|Double Iron Bash|p2a: Thorns
|-resisted|p2a: Thorns
|-damage|p2a: Thorns|0 fnt
|-damage|p1a: Melmetal|39/100|[from] ability: Iron Barbs|[of] p2a: Thorns
|faint|p2a: Thorns
|-hitcount|p2: Thorns|1
|
|upkeep
|
|t:|1655498284
|switch|p2a: Sharpo|Garchomp, M|100/100
|turn|6
|
|t:|1655498294
|move|p2a: Sharpo|Earthquake|p1a: Melmetal
|-supereffective|p1a: Melmetal
|-damage|p1a: Melmetal|0 fnt
|faint|p1a: Melmetal
|
|upkeep
|j| Detail Geek
|inactive|Battle timer is ON: inactive players will automatically lose when time's up. (requested by Sombra Diurna)
|
|t:|1655498313
|switch|p1a: Tapu Koko|Tapu Koko|100/100
|-fieldstart|move: Electric Terrain|[from] ability: Electric Surge|[of] p1a: Tapu Koko
|turn|7
|
|t:|1655498320
|move|p1a: Tapu Koko|Dazzling Gleam|p2a: Sharpo
|-supereffective|p2a: Sharpo
|-damage|p2a: Sharpo|0 fnt
|faint|p2a: Sharpo
|
|upkeep
|
|t:|1655498325
|switch|p2a: Billy B.|Marowak-Alola, F|100/100
|turn|8
|
|t:|1655498336
|switch|p1a: Volcanion|Volcanion|100/100
|move|p2a: Billy B.|Poltergeist|p1a: Volcanion
|-activate|p1a: Volcanion|move: Poltergeist|Choice Scarf
|-damage|p1a: Volcanion|15/100
|
|upkeep
|turn|9
|
|t:|1655498344
|switch|p2a: Falko|Drampa, F|100/100
|move|p1a: Volcanion|Steam Eruption|p2a: Falko
|-resisted|p2a: Falko
|-damage|p2a: Falko|74/100
|
|upkeep
|turn|10
|
|t:|1655498362
|switch|p1a: Victini|Victini|100/100
|move|p2a: Falko|Ice Beam|p1a: Victini
|-resisted|p1a: Victini
|-damage|p1a: Victini|85/100
|
|upkeep
|turn|11
|
|t:|1655498369
|move|p1a: Victini|Final Gambit|p2a: Falko
|-damage|p2a: Falko|0 fnt
|faint|p1a: Victini
|faint|p2a: Falko
|
|-fieldend|move: Electric Terrain
|upkeep
|
|t:|1655498377
|switch|p1a: Tapu Koko|Tapu Koko|100/100
|switch|p2a: Gorra|Hatterene, F|100/100
|-fieldstart|move: Electric Terrain|[from] ability: Electric Surge|[of] p1a: Tapu Koko
|turn|12
|
|t:|1655498384
|move|p1a: Tapu Koko|Thunderbolt|p2a: Gorra
|-damage|p2a: Gorra|40/100
|move|p2a: Gorra|Trick Room|p2a: Gorra
|-fieldstart|move: Trick Room|[of] p2a: Gorra
|
|upkeep
|turn|13
|
|t:|1655498388
|move|p2a: Gorra|Healing Wish|p2a: Gorra
|faint|p2a: Gorra
|move|p1a: Tapu Koko|Thunderbolt|p2: Gorra|[notarget]
|-fail|p1a: Tapu Koko
|
|upkeep
|
|t:|1655498392
|switch|p2a: Billy B.|Marowak-Alola, F|100/100
|turn|14
|
|t:|1655498402
|switch|p1a: Volcanion|Volcanion|15/100
|move|p2a: Billy B.|Poltergeist|p1a: Volcanion
|-activate|p1a: Volcanion|move: Poltergeist|Choice Scarf
|-damage|p1a: Volcanion|0 fnt
|faint|p1a: Volcanion
|
|upkeep
|
|t:|1655498408
|switch|p1a: Garchomp|Garchomp, M|100/100
|turn|15
|
|t:|1655498411
|move|p2a: Billy B.|Poltergeist|p1a: Garchomp
|-activate|p1a: Garchomp|move: Poltergeist|Leftovers
|-damage|p1a: Garchomp|7/100
|move|p1a: Garchomp|Earthquake|p2a: Billy B.
|-supereffective|p2a: Billy B.
|-damage|p2a: Billy B.|5/100
|
|-heal|p1a: Garchomp|14/100|[from] item: Leftovers
|upkeep
|turn|16
|
|t:|1655498422
|switch|p2a: Sonso|Slowbro, M|56/100
|-heal|p2a: Sonso|100/100|[from] move: Healing Wish
|move|p1a: Garchomp|Earthquake|p2a: Sonso
|-damage|p2a: Sonso|69/100
|
|-heal|p1a: Garchomp|20/100|[from] item: Leftovers
|-fieldend|move: Trick Room
|-fieldend|move: Electric Terrain
|upkeep
|turn|17
|
|t:|1655498431
|switch|p1a: Tapu Koko|Tapu Koko|100/100
|-fieldstart|move: Electric Terrain|[from] ability: Electric Surge|[of] p1a: Tapu Koko
|move|p2a: Sonso|Trick Room|p2a: Sonso
|-fieldstart|move: Trick Room|[of] p2a: Sonso
|
|upkeep
|turn|18
|j| Ashkabash
|
|t:|1655498445
|move|p2a: Sonso|Scald|p1a: Tapu Koko
|-damage|p1a: Tapu Koko|58/100
|move|p1a: Tapu Koko|Thunderbolt|p2a: Sonso
|-supereffective|p2a: Sonso
|-damage|p2a: Sonso|0 fnt
|faint|p2a: Sonso
|
|upkeep
|
|t:|1655498451
|switch|p2a: Billy B.|Marowak-Alola, F|5/100
|turn|19
|
|t:|1655498458
|switch|p1a: Garchomp|Garchomp, M|20/100
|move|p2a: Billy B.|Poltergeist|p1a: Garchomp
|-activate|p1a: Garchomp|move: Poltergeist|Leftovers
|-damage|p1a: Garchomp|0 fnt
|faint|p1a: Garchomp
|
|upkeep
|l| Ashkabash
|inactive|Cubielubie has 120 seconds left.
|inactive|Cubielubie has 90 seconds left.
|inactive|Cubielubie has 60 seconds left.
|
|t:|1655498557
|switch|p1a: Hawlucha|Hawlucha, M|100/100
|-enditem|p1a: Hawlucha|Electric Seed
|-boost|p1a: Hawlucha|def|1|[from] item: Electric Seed
|turn|20
|
|t:|1655498578
|move|p2a: Billy B.|Flare Blitz|p1a: Hawlucha
|-damage|p1a: Hawlucha|27/100
|move|p1a: Hawlucha|Acrobatics|p2a: Billy B.
|-damage|p2a: Billy B.|0 fnt
|faint|p2a: Billy B.
|
|win|Cubielubie
|raw|Cubielubie's rating: 1816 &rarr; <strong>1833</strong><br />(+17 for winning)
|raw|Sombra Diurna's rating: 1758 &rarr; <strong>1741</strong><br />(-17 for losing)
|l|☆Sombra Diurna
|l| Detail Geek
||Ladder isn't responding, score probably updated but might not have (Request timeout).
