|j|☆kaiserfaust
|j|☆Commando 55
|t:|1602675138
|player|p1|kaiserfaust|lucas|1707
|player|p2|Commando 55|iris-gen5bw2|1773
|teamsize|p1|6
|teamsize|p2|6
|gametype|singles
|gen|8
|tier|[Gen 8] OU
|rated|
|clearpoke
|poke|p1|Clefable, M|
|poke|p1|Mantine, F|
|poke|p1|Amoonguss, M|
|poke|p1|Dragapult, M|
|poke|p1|Aegislash, F|
|poke|p1|Rhyperior, M|
|poke|p2|Zarude|
|poke|p2|Clefable, M|
|poke|p2|Rillaboom, M|
|poke|p2|Dragapult, F|
|poke|p2|Slowbro, M|
|poke|p2|Coalossal, M|
|rule|Sleep Clause Mod: Limit one foe put to sleep
|rule|Species Clause: Limit one of each Pokémon
|rule|OHKO Clause: OHKO moves are banned
|rule|Evasion Moves Clause: Evasion moves are banned
|rule|Endless Battle Clause: Forcing endless battles is banned
|rule|HP Percentage Mod: HP is shown in percentages
|rule|Dynamax Clause: You cannot dynamax
|teampreview
|inactive|Battle timer is ON: inactive players will automatically lose when time's up. (requested by kaiserfaust)
|c|☆Commando 55|Gl
|
|t:|1602675157
|start
|switch|p1a: Rhyperior|Rhyperior, M|100/100
|switch|p2a: Rillaboom|Rillaboom, M|100/100
|-fieldstart|move: Grassy Terrain|[from] ability: Grassy Surge|[of] p2a: Rillaboom
|turn|1
|j| PRO - THE IX
|
|t:|1602675166
|switch|p1a: Amoonguss|Amoonguss, M|100/100
|move|p2a: Rillaboom|Knock Off|p1a: Amoonguss
|-damage|p1a: Amoonguss|75/100
|-enditem|p1a: Amoonguss|Assault Vest|[from] move: Knock Off|[of] p2a: Rillaboom
|
|-heal|p1a: Amoonguss|81/100|[from] Grassy Terrain
|upkeep
|turn|2
|
|t:|1602675185
|switch|p2a: Slowbro|Slowbro, M|100/100
|move|p1a: Amoonguss|Spore|p2a: Slowbro
|-status|p2a: Slowbro|slp|[from] move: Spore
|
|-heal|p1a: Amoonguss|87/100|[from] Grassy Terrain
|upkeep
|turn|3
|
|t:|1602675190
|switch|p2a: Coalossal|Coalossal, M|100/100
|move|p1a: Amoonguss|Giga Drain|p2a: Coalossal
|-damage|p2a: Coalossal|83/100
|-heal|p1a: Amoonguss|96/100|[from] drain|[of] p2a: Coalossal
|
|-heal|p2a: Coalossal|89/100|[from] Grassy Terrain
|-heal|p1a: Amoonguss|100/100|[from] Grassy Terrain
|upkeep
|turn|4
|
|t:|1602675201
|switch|p1a: Rhyperior|Rhyperior, M|100/100
|move|p2a: Coalossal|Spikes|p1a: Rhyperior
|-sidestart|p1: kaiserfaust|Spikes
|
|-heal|p2a: Coalossal|96/100|[from] Grassy Terrain
|upkeep
|turn|5
|
|t:|1602675206
|switch|p2a: Zarude|Zarude|100/100
|move|p1a: Rhyperior|Stone Edge|p2a: Zarude
|-damage|p2a: Zarude|16/100
|
|-heal|p2a: Zarude|22/100|[from] Grassy Terrain
|upkeep
|turn|6
|
|t:|1602675220
|switch|p1a: Dragapult|Dragapult, M|100/100
|move|p2a: Zarude|Jungle Healing|p2a: Zarude
|-heal|p2a: Zarude|47/100
|
|-heal|p2a: Zarude|53/100|[from] Grassy Terrain
|upkeep
|turn|7
|
|t:|1602675226
|switch|p2a: Clefable|Clefable, M|100/100
|move|p1a: Dragapult|U-turn|p2a: Clefable
|-resisted|p2a: Clefable
|-damage|p2a: Clefable|92/100
|
|t:|1602675229
|switch|p1a: Rhyperior|Rhyperior, M|100/100|[from]move: U-turn
|-damage|p1a: Rhyperior|88/100|[from] Spikes
|
|-heal|p1a: Rhyperior|94/100|[from] Grassy Terrain
|-heal|p2a: Clefable|98/100|[from] item: Leftovers
|-heal|p2a: Clefable|100/100|[from] Grassy Terrain
|upkeep
|turn|8
|
|t:|1602675233
|switch|p2a: Slowbro|Slowbro, M|100/100 slp
|move|p1a: Rhyperior|Stone Edge|p2a: Slowbro
|-crit|p2a: Slowbro
|-damage|p2a: Slowbro|21/100 slp
|
|-heal|p1a: Rhyperior|100/100|[from] Grassy Terrain
|-heal|p2a: Slowbro|27/100 slp|[from] item: Leftovers
|-heal|p2a: Slowbro|33/100 slp|[from] Grassy Terrain
|-fieldend|move: Grassy Terrain
|upkeep
|turn|9
|
|t:|1602675244
|move|p1a: Rhyperior|Stone Edge|p2a: Slowbro
|-damage|p2a: Slowbro|0 fnt
|faint|p2a: Slowbro
|
|upkeep
|j| LowGxeDoritos
|
|t:|1602675258
|switch|p2a: Rillaboom|Rillaboom, M|100/100
|-fieldstart|move: Grassy Terrain|[from] ability: Grassy Surge|[of] p2a: Rillaboom
|turn|10
|
|t:|1602675266
|switch|p2a: Zarude|Zarude|53/100
|switch|p1a: Amoonguss|Amoonguss, M|100/100
|-damage|p1a: Amoonguss|88/100|[from] Spikes
|
|-heal|p2a: Zarude|59/100|[from] Grassy Terrain
|-heal|p1a: Amoonguss|94/100|[from] Grassy Terrain
|upkeep
|turn|11
|
|t:|1602675272
|switch|p2a: Dragapult|Dragapult, F, shiny|100/100
|move|p1a: Amoonguss|Sludge Bomb|p2a: Dragapult
|-resisted|p2a: Dragapult
|-damage|p2a: Dragapult|83/100
|
|-heal|p2a: Dragapult|89/100|[from] Grassy Terrain
|-heal|p1a: Amoonguss|99/100|[from] Grassy Terrain
|upkeep
|turn|12
|
|t:|1602675279
|move|p2a: Dragapult|Draco Meteor|p1a: Amoonguss
|-damage|p1a: Amoonguss|20/100
|-unboost|p2a: Dragapult|spa|2
|move|p1a: Amoonguss|Foul Play|p2a: Dragapult
|-supereffective|p2a: Dragapult
|-damage|p2a: Dragapult|30/100
|
|-heal|p2a: Dragapult|36/100|[from] Grassy Terrain
|-heal|p1a: Amoonguss|26/100|[from] Grassy Terrain
|upkeep
|turn|13
|
|t:|1602675287
|switch|p2a: Zarude|Zarude|59/100
|switch|p1a: Mantine|Mantine, F|100/100
|
|-heal|p2a: Zarude|65/100|[from] Grassy Terrain
|upkeep
|turn|14
|
|t:|1602675297
|switch|p1a: Dragapult|Dragapult, M|100/100
|move|p2a: Zarude|Bulk Up|p2a: Zarude
|-boost|p2a: Zarude|atk|1
|-boost|p2a: Zarude|def|1
|
|-heal|p2a: Zarude|71/100|[from] Grassy Terrain
|upkeep
|turn|15
|
|t:|1602675302
|move|p1a: Dragapult|Will-O-Wisp|p2a: Zarude
|-status|p2a: Zarude|brn
|move|p2a: Zarude|Darkest Lariat|p1a: Dragapult
|-supereffective|p1a: Dragapult
|-damage|p1a: Dragapult|0 fnt
|-damage|p2a: Zarude|61/100 brn|[from] item: Life Orb
|faint|p1a: Dragapult
|
|-heal|p2a: Zarude|67/100 brn|[from] Grassy Terrain
|-damage|p2a: Zarude|61/100 brn|[from] brn
|upkeep
|
|t:|1602675310
|switch|p1a: Amoonguss|Amoonguss, M|59/100
|-damage|p1a: Amoonguss|47/100|[from] Spikes
|turn|16
|
|t:|1602675313
|move|p2a: Zarude|Jungle Healing|p2a: Zarude
|-heal|p2a: Zarude|86/100 brn
|-curestatus|p2a: Zarude|brn|[msg]
|move|p1a: Amoonguss|Sludge Bomb|p2a: Zarude
|-supereffective|p2a: Zarude
|-damage|p2a: Zarude|26/100
|-status|p2a: Zarude|psn
|
|-heal|p2a: Zarude|32/100 psn|[from] Grassy Terrain
|-heal|p1a: Amoonguss|53/100|[from] Grassy Terrain
|-damage|p2a: Zarude|20/100 psn|[from] psn
|upkeep
|turn|17
|
|t:|1602675326
|move|p2a: Zarude|Darkest Lariat|p1a: Amoonguss
|-damage|p1a: Amoonguss|0 fnt
|-damage|p2a: Zarude|10/100 psn|[from] item: Life Orb
|faint|p1a: Amoonguss
|
|-heal|p2a: Zarude|16/100 psn|[from] Grassy Terrain
|-fieldend|move: Grassy Terrain
|-damage|p2a: Zarude|3/100 psn|[from] psn
|upkeep
|
|t:|1602675332
|switch|p1a: Clefable|Clefable, M|100/100
|turn|18
|
|t:|1602675339
|switch|p2a: Coalossal|Coalossal, M|96/100
|move|p1a: Clefable|Moonblast|p2a: Coalossal
|-resisted|p2a: Coalossal
|-damage|p2a: Coalossal|86/100
|
|upkeep
|turn|19
|
|t:|1602675346
|switch|p1a: Rhyperior|Rhyperior, M|100/100
|-damage|p1a: Rhyperior|88/100|[from] Spikes
|switch|p2a: Rillaboom|Rillaboom, M|100/100
|-fieldstart|move: Grassy Terrain|[from] ability: Grassy Surge|[of] p2a: Rillaboom
|
|-heal|p1a: Rhyperior|94/100|[from] Grassy Terrain
|upkeep
|turn|20
|j| fluffy cows
|
|t:|1602675351
|move|p2a: Rillaboom|Drum Beating|p1a: Rhyperior
|-supereffective|p1a: Rhyperior
|-damage|p1a: Rhyperior|0 fnt
|faint|p1a: Rhyperior
|
|upkeep
|
|t:|1602675357
|switch|p1a: Aegislash|Aegislash, F|100/100
|-damage|p1a: Aegislash|88/100|[from] Spikes
|turn|21
|
|t:|1602675360
|switch|p2a: Coalossal|Coalossal, M|86/100
|move|p1a: Aegislash|Substitute|p1a: Aegislash
|-start|p1a: Aegislash|Substitute
|-damage|p1a: Aegislash|63/100
|
|-heal|p1a: Aegislash|70/100|[from] item: Leftovers
|-heal|p1a: Aegislash|76/100|[from] Grassy Terrain
|-heal|p2a: Coalossal|92/100|[from] Grassy Terrain
|upkeep
|turn|22
|
|t:|1602675370
|-formechange|p1a: Aegislash|Aegislash-Blade||[from] ability: Stance Change
|move|p1a: Aegislash|Flash Cannon|p2a: Coalossal
|-damage|p2a: Coalossal|59/100
|move|p2a: Coalossal|Flare Blitz|p1a: Aegislash
|-supereffective|p1a: Aegislash
|-end|p1a: Aegislash|Substitute
|-damage|p2a: Coalossal|54/100|[from] Recoil|[of] p1a: Aegislash
|
|-heal|p1a: Aegislash|82/100|[from] item: Leftovers
|-heal|p1a: Aegislash|88/100|[from] Grassy Terrain
|-heal|p2a: Coalossal|60/100|[from] Grassy Terrain
|upkeep
|turn|23
|
|t:|1602675376
|move|p1a: Aegislash|Close Combat|p2a: Coalossal
|-supereffective|p2a: Coalossal
|-damage|p2a: Coalossal|7/100
|-unboost|p1a: Aegislash|def|1
|-unboost|p1a: Aegislash|spd|1
|move|p2a: Coalossal|Flare Blitz|p1a: Aegislash
|-supereffective|p1a: Aegislash
|-damage|p1a: Aegislash|0 fnt
|-damage|p2a: Coalossal|0 fnt|[from] Recoil
|faint|p1a: Aegislash
|faint|p2a: Coalossal
|
|upkeep
|
|t:|1602675385
|switch|p1a: Clefable|Clefable, M|100/100
|switch|p2a: Rillaboom|Rillaboom, M|100/100
|turn|24
|
|t:|1602675387
|move|p2a: Rillaboom|Swords Dance|p2a: Rillaboom
|-boost|p2a: Rillaboom|atk|2
|move|p1a: Clefable|Moonblast|p2a: Rillaboom
|-damage|p2a: Rillaboom|62/100
|-unboost|p2a: Rillaboom|spa|1
|
|-heal|p2a: Rillaboom|68/100|[from] Grassy Terrain
|upkeep
|turn|25
|
|t:|1602675390
|move|p2a: Rillaboom|Drum Beating|p1a: Clefable
|-damage|p1a: Clefable|8/100
|-unboost|p1a: Clefable|spe|1
|move|p1a: Clefable|Moonblast|p2a: Rillaboom
|-damage|p2a: Rillaboom|32/100
|
|-heal|p2a: Rillaboom|38/100|[from] Grassy Terrain
|-heal|p1a: Clefable|14/100|[from] item: Leftovers
|-heal|p1a: Clefable|20/100|[from] Grassy Terrain
|upkeep
|turn|26
|
|t:|1602675394
|move|p2a: Rillaboom|Drum Beating|p1a: Clefable
|-damage|p1a: Clefable|0 fnt
|faint|p1a: Clefable
|
|-heal|p2a: Rillaboom|44/100|[from] Grassy Terrain
|-fieldend|move: Grassy Terrain
|upkeep
|
|t:|1602675395
|switch|p1a: Mantine|Mantine, F|100/100
|turn|27
|
|t:|1602675399
|move|p2a: Rillaboom|Drum Beating|p1a: Mantine
|-damage|p1a: Mantine|23/100
|-unboost|p1a: Mantine|spe|1
|move|p1a: Mantine|Scald|p2a: Rillaboom
|-resisted|p2a: Rillaboom
|-damage|p2a: Rillaboom|30/100
|-status|p2a: Rillaboom|brn
|
|-damage|p2a: Rillaboom|24/100 brn|[from] brn
|upkeep
|turn|28
|
|t:|1602675404
|move|p2a: Rillaboom|Drum Beating|p1a: Mantine
|-damage|p1a: Mantine|0 fnt
|faint|p1a: Mantine
|
|win|Commando 55
|raw|kaiserfaust's rating: 1707 &rarr; <strong>1691</strong><br />(-16 for losing)
|raw|Commando 55's rating: 1773 &rarr; <strong>1789</strong><br />(+16 for winning)
|c|☆Commando 55|Gg
|l|☆kaiserfaust
|l| PRO - THE IX
|l|☆Commando 55
|j| shuehwgs
