|j|☆LolzMachine
|j|☆testingdriverio
|t:|1667317115
|gametype|singles
|player|p1|LolzMachine|1|1744
|player|p2|testingdriverio|170|1830
|teamsize|p1|6
|teamsize|p2|6
|gen|8
|tier|[Gen 8] OU
|rated|
|rule|Sleep Clause Mod: Limit one foe put to sleep
|rule|Species Clause: Limit one of each Pokémon
|rule|OHKO Clause: OHKO moves are banned
|rule|Evasion Items Clause: Evasion items are banned
|rule|Evasion Moves Clause: Evasion moves are banned
|rule|Endless Battle Clause: Forcing endless battles is banned
|rule|HP Percentage Mod: HP is shown in percentages
|rule|Dynamax Clause: You cannot dynamax
|clearpoke
|poke|p1|Haxorus, F|
|poke|p1|Ferrothorn, M|
|poke|p1|Landorus-Therian, M|
|poke|p1|Tyranitar, M|
|poke|p1|Volcarona, M|
|poke|p1|Buzzwole|
|poke|p2|Slowking-Galar, M|
|poke|p2|Salamence, M|
|poke|p2|Buzzwole|
|poke|p2|Excadrill, F|
|poke|p2|Rotom-Wash|
|poke|p2|Weavile, F|
|teampreview
|
|t:|1667317125
|start
|switch|p1a: Tyranitar|Tyranitar, M|100/100
|switch|p2a: Buzzwole|Buzzwole|100/100
|-weather|Sandstorm|[from] ability: Sand Stream|[of] p1a: Tyranitar
|turn|1
|j| saschay
|
|t:|1667317137
|switch|p2a: Slowking|Slowking-Galar, M|100/100
|switch|p1a: Volcarona|Volcarona, M|100/100
|
|-weather|Sandstorm|[upkeep]
|-damage|p1a: Volcarona|94/100|[from] Sandstorm
|-damage|p2a: Slowking|94/100|[from] Sandstorm
|-heal|p2a: Slowking|100/100|[from] item: Black Sludge
|upkeep
|turn|2
|j| oRinNeGa7V1
|
|t:|1667317143
|switch|p1a: Tyranitar|Tyranitar, M|100/100
|move|p2a: Slowking|Trick|p1a: Tyranitar
|-activate|p2a: Slowking|move: Trick|[of] p1a: Tyranitar
|-item|p1a: Tyranitar|Black Sludge|[from] move: Trick
|-item|p2a: Slowking|Weakness Policy|[from] move: Trick
|
|-weather|Sandstorm|[upkeep]
|-damage|p2a: Slowking|94/100|[from] Sandstorm
|-damage|p1a: Tyranitar|88/100|[from] item: Black Sludge
|upkeep
|turn|3
|
|t:|1667317151
|switch|p2a: Rotom|Rotom-Wash|100/100
|move|p1a: Tyranitar|Stone Edge|p2a: Rotom
|-damage|p2a: Rotom|38/100
|
|-weather|Sandstorm|[upkeep]
|-damage|p2a: Rotom|32/100|[from] Sandstorm
|-heal|p2a: Rotom|38/100|[from] item: Leftovers
|-damage|p1a: Tyranitar|76/100|[from] item: Black Sludge
|upkeep
|turn|4
|
|t:|1667317157
|move|p2a: Rotom|Pain Split|p1a: Tyranitar
|-sethp|p1a: Tyranitar|55/100|[from] move: Pain Split|[silent]
|-sethp|p2a: Rotom|61/100|[from] move: Pain Split
|move|p1a: Tyranitar|Stone Edge|p2a: Rotom
|-damage|p2a: Rotom|2/100
|
|-weather|Sandstorm|[upkeep]
|-damage|p2a: Rotom|0 fnt|[from] Sandstorm
|faint|p2a: Rotom
|-damage|p1a: Tyranitar|42/100|[from] item: Black Sludge
|upkeep
|j| ackjh38
|
|t:|1667317166
|switch|p2a: Excadrill|Excadrill, F|100/100
|-ability|p2a: Excadrill|Mold Breaker
|turn|5
|j| Pokemon Perfection
|
|t:|1667317170
|move|p2a: Excadrill|Stealth Rock|p1a: Tyranitar
|-sidestart|p1: LolzMachine|move: Stealth Rock
|move|p1a: Tyranitar|Fire Punch|p2a: Excadrill
|-supereffective|p2a: Excadrill
|-damage|p2a: Excadrill|17/100
|
|-weather|none
|-heal|p2a: Excadrill|23/100|[from] item: Leftovers
|-damage|p1a: Tyranitar|30/100|[from] item: Black Sludge
|upkeep
|turn|6
|
|t:|1667317174
|switch|p1a: Landorus|Landorus-Therian, M|100/100
|-damage|p1a: Landorus|88/100|[from] Stealth Rock
|-ability|p1a: Landorus|Intimidate|boost
|-unboost|p2a: Excadrill|atk|1
|move|p2a: Excadrill|Earthquake|p1a: Landorus
|-immune|p1a: Landorus
|
|-heal|p2a: Excadrill|30/100|[from] item: Leftovers
|upkeep
|turn|7
|
|t:|1667317180
|move|p1a: Landorus|Stealth Rock|p2a: Excadrill
|-sidestart|p2: testingdriverio|move: Stealth Rock
|move|p2a: Excadrill|Toxic|p1a: Landorus
|-status|p1a: Landorus|tox
|
|-heal|p2a: Excadrill|36/100|[from] item: Leftovers
|-damage|p1a: Landorus|82/100 tox|[from] psn
|upkeep
|turn|8
|
|t:|1667317182
|switch|p2a: Buzzwole|Buzzwole|100/100
|-damage|p2a: Buzzwole|88/100|[from] Stealth Rock
|move|p1a: Landorus|Earthquake|p2a: Buzzwole
|-resisted|p2a: Buzzwole
|-damage|p2a: Buzzwole|67/100
|
|-damage|p1a: Landorus|70/100 tox|[from] psn
|upkeep
|turn|9
|
|t:|1667317186
|move|p1a: Landorus|U-turn|p2a: Buzzwole
|-resisted|p2a: Buzzwole
|-damage|p2a: Buzzwole|57/100
|-damage|p1a: Landorus|54/100 tox|[from] item: Rocky Helmet|[of] p2a: Buzzwole
|
|t:|1667317189
|switch|p1a: Volcarona|Volcarona, M|94/100|[from]move: U-turn
|move|p2a: Buzzwole|Roost|p2a: Buzzwole
|-heal|p2a: Buzzwole|100/100
|-singleturn|p2a: Buzzwole|move: Roost
|
|upkeep
|turn|10
|
|t:|1667317195
|switch|p1a: Tyranitar|Tyranitar, M|30/100
|-damage|p1a: Tyranitar|18/100|[from] Stealth Rock
|-weather|Sandstorm|[from] ability: Sand Stream|[of] p1a: Tyranitar
|switch|p2a: Salamence|Salamence, M|100/100
|-damage|p2a: Salamence|76/100|[from] Stealth Rock
|-ability|p2a: Salamence|Intimidate|boost
|-unboost|p1a: Tyranitar|atk|1
|
|-weather|Sandstorm|[upkeep]
|-damage|p2a: Salamence|70/100|[from] Sandstorm
|-damage|p1a: Tyranitar|5/100|[from] item: Black Sludge
|upkeep
|turn|11
|
|t:|1667317206
|move|p2a: Salamence|Flamethrower|p1a: Tyranitar
|-resisted|p1a: Tyranitar
|-damage|p1a: Tyranitar|0 fnt
|faint|p1a: Tyranitar
|
|-weather|Sandstorm|[upkeep]
|-damage|p2a: Salamence|64/100|[from] Sandstorm
|upkeep
|j| copoy
|
|t:|1667317210
|switch|p1a: Haxorus|Haxorus, F|100/100
|-damage|p1a: Haxorus|88/100|[from] Stealth Rock
|-ability|p1a: Haxorus|Mold Breaker
|turn|12
|l| Pokemon Perfection
|
|t:|1667317217
|switch|p2a: Buzzwole|Buzzwole|100/100
|-damage|p2a: Buzzwole|88/100|[from] Stealth Rock
|move|p1a: Haxorus|Close Combat|p2a: Buzzwole
|-resisted|p2a: Buzzwole
|-damage|p2a: Buzzwole|64/100
|-unboost|p1a: Haxorus|def|1
|-unboost|p1a: Haxorus|spd|1
|-damage|p1a: Haxorus|72/100|[from] item: Rocky Helmet|[of] p2a: Buzzwole
|
|-weather|Sandstorm|[upkeep]
|-damage|p1a: Haxorus|66/100|[from] Sandstorm
|-damage|p2a: Buzzwole|58/100|[from] Sandstorm
|upkeep
|turn|13
|j| pocus pocus
|
|t:|1667317230
|switch|p1a: Volcarona|Volcarona, M|94/100
|move|p2a: Buzzwole|Roost|p2a: Buzzwole
|-heal|p2a: Buzzwole|100/100
|-singleturn|p2a: Buzzwole|move: Roost
|
|-weather|Sandstorm|[upkeep]
|-damage|p1a: Volcarona|88/100|[from] Sandstorm
|-damage|p2a: Buzzwole|94/100|[from] Sandstorm
|upkeep
|turn|14
|
|t:|1667317235
|switch|p2a: Slowking|Slowking-Galar, M|100/100
|-damage|p2a: Slowking|88/100|[from] Stealth Rock
|move|p1a: Volcarona|Fire Blast|p2a: Slowking
|-damage|p2a: Slowking|42/100
|
|-weather|none
|upkeep
|turn|15
|
|t:|1667317250
|switch|p2a: Salamence|Salamence, M|64/100
|-damage|p2a: Salamence|39/100|[from] Stealth Rock
|-ability|p2a: Salamence|Intimidate|boost
|-unboost|p1a: Volcarona|atk|1
|move|p1a: Volcarona|Fire Blast|p2a: Salamence
|-resisted|p2a: Salamence
|-damage|p2a: Salamence|3/100
|
|upkeep
|turn|16
|
|t:|1667317259
|switch|p1a: Ferrothorn|Ferrothorn, M|100/100
|-damage|p1a: Ferrothorn|95/100|[from] Stealth Rock
|move|p2a: Salamence|Hurricane|p1a: Ferrothorn
|-damage|p1a: Ferrothorn|29/100
|-start|p1a: Ferrothorn|confusion
|
|upkeep
|turn|17
|
|t:|1667317273
|move|p2a: Salamence|Hurricane|p1a: Ferrothorn
|-damage|p1a: Ferrothorn|0 fnt
|faint|p1a: Ferrothorn
|
|upkeep
|
|t:|1667317276
|switch|p1a: Haxorus|Haxorus, F|66/100
|-damage|p1a: Haxorus|53/100|[from] Stealth Rock
|-ability|p1a: Haxorus|Mold Breaker
|turn|18
|
|t:|1667317281
|switch|p2a: Buzzwole|Buzzwole|94/100
|-damage|p2a: Buzzwole|82/100|[from] Stealth Rock
|move|p1a: Haxorus|First Impression|p2a: Buzzwole
|-resisted|p2a: Buzzwole
|-damage|p2a: Buzzwole|65/100
|-damage|p1a: Haxorus|37/100|[from] item: Rocky Helmet|[of] p2a: Buzzwole
|
|upkeep
|turn|19
|
|t:|1667317295
|switch|p1a: Landorus|Landorus-Therian, M|54/100 tox
|-damage|p1a: Landorus|42/100 tox|[from] Stealth Rock
|-ability|p1a: Landorus|Intimidate|boost
|-unboost|p2a: Buzzwole|atk|1
|switch|p2a: Slowking|Slowking-Galar, M|76/100
|-damage|p2a: Slowking|63/100|[from] Stealth Rock
|
|-damage|p1a: Landorus|36/100 tox|[from] psn
|upkeep
|turn|20
|
|t:|1667317303
|switch|p2a: Buzzwole|Buzzwole|65/100
|-damage|p2a: Buzzwole|53/100|[from] Stealth Rock
|move|p1a: Landorus|U-turn|p2a: Buzzwole
|-resisted|p2a: Buzzwole
|-damage|p2a: Buzzwole|45/100
|-damage|p1a: Landorus|19/100 tox|[from] item: Rocky Helmet|[of] p2a: Buzzwole
|
|t:|1667317305
|switch|p1a: Volcarona|Volcarona, M|88/100|[from]move: U-turn
|
|upkeep
|turn|21
|
|t:|1667317314
|move|p1a: Volcarona|Quiver Dance|p1a: Volcarona
|-boost|p1a: Volcarona|spa|1
|-boost|p1a: Volcarona|spd|1
|-boost|p1a: Volcarona|spe|1
|move|p2a: Buzzwole|Close Combat|p1a: Volcarona
|-resisted|p1a: Volcarona
|-damage|p1a: Volcarona|33/100
|-unboost|p2a: Buzzwole|def|1
|-unboost|p2a: Buzzwole|spd|1
|
|upkeep
|turn|22
|
|t:|1667317318
|move|p1a: Volcarona|Psychic|p2a: Buzzwole
|-supereffective|p2a: Buzzwole
|-crit|p2a: Buzzwole
|-damage|p2a: Buzzwole|0 fnt
|faint|p2a: Buzzwole
|
|upkeep
|
|t:|1667317320
|switch|p2a: Slowking|Slowking-Galar, M|96/100
|-damage|p2a: Slowking|84/100|[from] Stealth Rock
|turn|23
|
|t:|1667317325
|move|p1a: Volcarona|Fire Blast|p2a: Slowking
|-damage|p2a: Slowking|16/100
|move|p2a: Slowking|Psyshock|p1a: Volcarona
|-damage|p1a: Volcarona|0 fnt
|faint|p1a: Volcarona
|
|upkeep
|
|t:|1667317332
|switch|p1a: Buzzwole|Buzzwole|100/100
|turn|24
|
|t:|1667317344
|move|p1a: Buzzwole|Ice Punch|p2a: Slowking
|-damage|p2a: Slowking|0 fnt
|faint|p2a: Slowking
|-ability|p1a: Buzzwole|Beast Boost|boost
|-boost|p1a: Buzzwole|atk|1
|
|upkeep
|
|t:|1667317347
|switch|p2a: Excadrill|Excadrill, F|36/100
|-damage|p2a: Excadrill|33/100|[from] Stealth Rock
|-ability|p2a: Excadrill|Mold Breaker
|turn|25
|
|t:|1667317349
|move|p2a: Excadrill|Rapid Spin|p1a: Buzzwole
|-damage|p1a: Buzzwole|90/100
|-boost|p2a: Excadrill|spe|1
|-sideend|p2: testingdriverio|Stealth Rock|[from] move: Rapid Spin|[of] p2a: Excadrill
|move|p1a: Buzzwole|Ice Punch|p2a: Excadrill
|-damage|p2a: Excadrill|0 fnt
|faint|p2a: Excadrill
|-ability|p1a: Buzzwole|Beast Boost|boost
|-boost|p1a: Buzzwole|atk|1
|
|upkeep
|
|t:|1667317355
|switch|p2a: Salamence|Salamence, M|3/100
|-ability|p2a: Salamence|Intimidate|boost
|-unboost|p1a: Buzzwole|atk|1
|turn|26
|
|t:|1667317367
|move|p2a: Salamence|Flamethrower|p1a: Buzzwole
|-supereffective|p1a: Buzzwole
|-damage|p1a: Buzzwole|0 fnt
|faint|p1a: Buzzwole
|
|upkeep
|
|t:|1667317370
|switch|p1a: Haxorus|Haxorus, F|37/100
|-damage|p1a: Haxorus|25/100|[from] Stealth Rock
|-ability|p1a: Haxorus|Mold Breaker
|turn|27
|
|t:|1667317380
|move|p1a: Haxorus|First Impression|p2a: Salamence
|-resisted|p2a: Salamence
|-damage|p2a: Salamence|0 fnt
|faint|p2a: Salamence
|
|upkeep
|
|t:|1667317382
|switch|p2a: Weavile|Weavile, F|100/100
|-ability|p2a: Weavile|Pressure
|turn|28
|
|t:|1667317385
|switch|p1a: Landorus|Landorus-Therian, M|19/100 tox
|-damage|p1a: Landorus|7/100 tox|[from] Stealth Rock
|-ability|p1a: Landorus|Intimidate|boost
|-unboost|p2a: Weavile|atk|1
|move|p2a: Weavile|Swords Dance|p2a: Weavile
|-boost|p2a: Weavile|atk|2
|
|-damage|p1a: Landorus|1/100 tox|[from] psn
|upkeep
|turn|29
|
|t:|1667317387
|move|p2a: Weavile|Ice Shard|p1a: Landorus
|-supereffective|p1a: Landorus
|-damage|p1a: Landorus|0 fnt
|faint|p1a: Landorus
|
|upkeep
|
|t:|1667317389
|switch|p1a: Haxorus|Haxorus, F|25/100
|-damage|p1a: Haxorus|12/100|[from] Stealth Rock
|-ability|p1a: Haxorus|Mold Breaker
|turn|30
|
|t:|1667317392
|move|p1a: Haxorus|First Impression|p2a: Weavile
|-supereffective|p2a: Weavile
|-damage|p2a: Weavile|0 fnt
|faint|p2a: Weavile
|
|win|LolzMachine
|raw|LolzMachine's rating: 1724 &rarr; <strong>1750</strong><br />(+26 for winning)
|raw|testingdriverio's rating: 1830 &rarr; <strong>1804</strong><br />(-26 for losing)
|l|☆testingdriverio
|l| copoy
|l| oRinNeGa7V1
|l| ackjh38
||Ladder isn't responding, score probably updated but might not have (Request timeout).
