|j|☆groundt
|j|☆OUTM AquaFinity
|player|p1|groundt|winona-gen3|1419
|player|p2|OUTM AquaFinity|swimmer-gen4|1354
|teamsize|p1|6
|teamsize|p2|6
|gametype|singles
|gen|8
|tier|[Gen 8] OU
|rated|
|rule|Sleep Clause Mod: Limit one foe put to sleep
|rule|Species Clause: Limit one of each Pokémon
|rule|OHKO Clause: OHKO moves are banned
|rule|Evasion Moves Clause: Evasion moves are banned
|rule|Endless Battle Clause: Forcing endless battles is banned
|rule|HP Percentage Mod: HP is shown in percentages
|clearpoke
|poke|p1|Jellicent, F|
|poke|p1|Hatterene, F|
|poke|p1|Ditto|
|poke|p1|Dragapult, M|
|poke|p1|Excadrill, M|
|poke|p1|Mandibuzz, F|
|poke|p2|Cinderace, M|
|poke|p2|Toxtricity, M|
|poke|p2|Corviknight, F|
|poke|p2|Kommo-o, M|
|poke|p2|Rotom-Wash|
|poke|p2|Ditto|
|teampreview
|
|start
|switch|p1a: Excadrill|Excadrill, M|100/100
|switch|p2a: Cinderace|Cinderace, M|100/100
|-ability|p1a: Excadrill|Mold Breaker
|turn|1
|
|switch|p1a: Jellicent|Jellicent, F|100/100
|move|p2a: Cinderace|U-turn|p1a: Jellicent
|-resisted|p1a: Jellicent
|-damage|p1a: Jellicent|91/100
|
|switch|p2a: Toxtricity|Toxtricity, M|100/100|[from]move: U-turn
|
|-heal|p1a: Jellicent|97/100|[from] item: Leftovers
|upkeep
|turn|2
|
|switch|p1a: Dragapult|Dragapult, M|100/100
|move|p2a: Toxtricity|Overdrive|p1a: Dragapult
|-resisted|p1a: Dragapult
|-damage|p1a: Dragapult|43/100
|
|-heal|p1a: Dragapult|49/100|[from] item: Leftovers
|upkeep
|turn|3
|
|switch|p2a: Corviknight|Corviknight, F|100/100
|-ability|p2a: Corviknight|Pressure
|switch|p1a: Ditto|Ditto|100/100
|-transform|p1a: Ditto|p2a: Corviknight|[from] ability: Imposter
|-ability|p1a: Ditto|Pressure
|
|upkeep
|turn|4
|
|switch|p1a: Dragapult|Dragapult, M|49/100
|switch|p2a: Rotom|Rotom-Wash|100/100
|
|-heal|p1a: Dragapult|55/100|[from] item: Leftovers
|upkeep
|turn|5
|
|switch|p2a: Corviknight|Corviknight, F|100/100
|-ability|p2a: Corviknight|Pressure
|switch|p1a: Ditto|Ditto|100/100
|-transform|p1a: Ditto|p2a: Corviknight|[from] ability: Imposter
|-ability|p1a: Ditto|Pressure
|
|upkeep
|turn|6
|
|switch|p1a: Dragapult|Dragapult, M|55/100
|move|p2a: Corviknight|Substitute|p2a: Corviknight
|-start|p2a: Corviknight|Substitute
|-damage|p2a: Corviknight|76/100
|
|-heal|p1a: Dragapult|61/100|[from] item: Leftovers
|-heal|p2a: Corviknight|82/100|[from] item: Leftovers
|upkeep
|turn|7
|
|move|p1a: Dragapult|Will-O-Wisp|p2a: Corviknight
|-status|p2a: Corviknight|brn
|move|p2a: Corviknight|Roost|p2a: Corviknight
|-heal|p2a: Corviknight|100/100 brn
|-singleturn|p2a: Corviknight|move: Roost
|
|-heal|p1a: Dragapult|67/100|[from] item: Leftovers
|-damage|p2a: Corviknight|94/100 brn|[from] brn
|upkeep
|turn|8
|inactive|Battle timer is ON: inactive players will automatically lose when time's up. (requested by groundt)
|
|switch|p2a: Rotom|Rotom-Wash|100/100
|move|p1a: Dragapult|Substitute|p1a: Dragapult
|-start|p1a: Dragapult|Substitute
|-damage|p1a: Dragapult|42/100
|
|-heal|p1a: Dragapult|48/100|[from] item: Leftovers
|upkeep
|turn|9
|
|move|p1a: Dragapult|Will-O-Wisp|p2a: Rotom
|-status|p2a: Rotom|brn
|move|p2a: Rotom|Volt Switch|p1a: Dragapult
|-resisted|p1a: Dragapult
|-activate|p1a: Dragapult|move: Substitute|[damage]
|
|switch|p2a: Toxtricity|Toxtricity, M|100/100|[from]move: Volt Switch
|
|-heal|p1a: Dragapult|54/100|[from] item: Leftovers
|upkeep
|turn|10
|
|switch|p1a: Excadrill|Excadrill, M|100/100
|-ability|p1a: Excadrill|Mold Breaker
|move|p2a: Toxtricity|Overdrive|p1a: Excadrill
|-immune|p1a: Excadrill
|
|upkeep
|turn|11
|
|switch|p2a: Kommo-o|Kommo-o, M|100/100
|move|p1a: Excadrill|Stealth Rock|p2a: Kommo-o
|-sidestart|p2: OUTM AquaFinity|move: Stealth Rock
|
|upkeep
|turn|12
|
|move|p1a: Excadrill|Earthquake|p2a: Kommo-o
|-damage|p2a: Kommo-o|60/100
|move|p2a: Kommo-o|Stealth Rock|p1a: Excadrill
|-sidestart|p1: groundt|move: Stealth Rock
|
|-heal|p2a: Kommo-o|67/100|[from] item: Leftovers
|upkeep
|turn|13
|
|move|p1a: Excadrill|Swords Dance|p1a: Excadrill
|-boost|p1a: Excadrill|atk|2
|move|p2a: Kommo-o|Drain Punch|p1a: Excadrill
|-supereffective|p1a: Excadrill
|-damage|p1a: Excadrill|25/100
|-heal|p2a: Kommo-o|100/100|[from] drain|[of] p1a: Excadrill
|
|-heal|p1a: Excadrill|31/100|[from] item: Leftovers
|upkeep
|turn|14
|
|move|p1a: Excadrill|Iron Head|p2a: Kommo-o
|-damage|p2a: Kommo-o|30/100
|move|p2a: Kommo-o|Drain Punch|p1a: Excadrill
|-supereffective|p1a: Excadrill
|-damage|p1a: Excadrill|0 fnt
|-heal|p2a: Kommo-o|46/100|[from] drain|[of] p1a: Excadrill
|faint|p1a: Excadrill
|
|-heal|p2a: Kommo-o|52/100|[from] item: Leftovers
|upkeep
|
|switch|p1a: Ditto|Ditto|100/100
|-damage|p1a: Ditto|88/100|[from] Stealth Rock
|-transform|p1a: Ditto|p2a: Kommo-o|[from] ability: Imposter
|turn|15
|
|switch|p1a: Dragapult|Dragapult, M|54/100
|-damage|p1a: Dragapult|42/100|[from] Stealth Rock
|move|p2a: Kommo-o|Drain Punch|p1a: Dragapult
|-immune|p1a: Dragapult
|
|-heal|p1a: Dragapult|48/100|[from] item: Leftovers
|-heal|p2a: Kommo-o|58/100|[from] item: Leftovers
|upkeep
|turn|16
|
|switch|p2a: Toxtricity|Toxtricity, M|100/100
|-damage|p2a: Toxtricity|88/100|[from] Stealth Rock
|move|p1a: Dragapult|Hex|p2a: Toxtricity
|-damage|p2a: Toxtricity|41/100
|
|-heal|p1a: Dragapult|53/100|[from] item: Leftovers
|upkeep
|turn|17
|
|-start|p2a: Toxtricity|Dynamax
|-heal|p2a: Toxtricity|41/100|[silent]
|move|p1a: Dragapult|Hex|p2a: Toxtricity
|-damage|p2a: Toxtricity|17/100
|move|p2a: Toxtricity|Max Lightning|p1a: Dragapult
|-resisted|p1a: Dragapult
|-damage|p1a: Dragapult|6/100
|-fieldstart|move: Electric Terrain
|
|-heal|p1a: Dragapult|12/100|[from] item: Leftovers
|upkeep
|turn|18
|
|move|p1a: Dragapult|Hex|p2a: Toxtricity
|-damage|p2a: Toxtricity|0 fnt
|faint|p2a: Toxtricity
|
|-heal|p1a: Dragapult|18/100|[from] item: Leftovers
|upkeep
|
|switch|p2a: Rotom|Rotom-Wash|100/100 brn
|-damage|p2a: Rotom|88/100 brn|[from] Stealth Rock
|turn|19
|
|move|p1a: Dragapult|Hex|p2a: Rotom
|-damage|p2a: Rotom|30/100 brn
|move|p2a: Rotom|Volt Switch|p1a: Dragapult
|-resisted|p1a: Dragapult
|-damage|p1a: Dragapult|2/100
|
|switch|p2a: Ditto|Ditto|100/100|[from]move: Volt Switch
|-damage|p2a: Ditto|88/100|[from] Stealth Rock
|-transform|p2a: Ditto|p1a: Dragapult|[from] ability: Imposter
|
|-heal|p1a: Dragapult|8/100|[from] item: Leftovers
|upkeep
|turn|20
|
|switch|p1a: Mandibuzz|Mandibuzz, F|100/100
|move|p2a: Ditto|Hex|p1a: Mandibuzz
|-resisted|p1a: Mandibuzz
|-damage|p1a: Mandibuzz|90/100
|
|upkeep
|turn|21
|
|switch|p2a: Cinderace|Cinderace, M|100/100
|move|p1a: Mandibuzz|Knock Off|p2a: Cinderace
|-damage|p2a: Cinderace|64/100
|-enditem|p2a: Cinderace|Heavy-Duty Boots|[from] move: Knock Off|[of] p1a: Mandibuzz
|
|-fieldend|move: Electric Terrain
|upkeep
|turn|22
|
|switch|p1a: Jellicent|Jellicent, F|97/100
|-damage|p1a: Jellicent|84/100|[from] Stealth Rock
|move|p2a: Cinderace|Pyro Ball|p1a: Jellicent
|-resisted|p1a: Jellicent
|-damage|p1a: Jellicent|61/100
|
|-heal|p1a: Jellicent|67/100|[from] item: Leftovers
|upkeep
|turn|23
|
|move|p2a: Cinderace|U-turn|p1a: Jellicent
|-resisted|p1a: Jellicent
|-damage|p1a: Jellicent|57/100
|
|switch|p2a: Rotom|Rotom-Wash|30/100 brn|[from]move: U-turn
|-damage|p2a: Rotom|17/100 brn|[from] Stealth Rock
|move|p1a: Jellicent|Hex|p2a: Rotom
|-damage|p2a: Rotom|0 fnt
|faint|p2a: Rotom
|
|-heal|p1a: Jellicent|63/100|[from] item: Leftovers
|upkeep
|
|switch|p2a: Corviknight|Corviknight, F|94/100 brn
|-damage|p2a: Corviknight|82/100 brn|[from] Stealth Rock
|-ability|p2a: Corviknight|Pressure
|turn|24
|
|move|p1a: Jellicent|Taunt|p2a: Corviknight
|-start|p2a: Corviknight|move: Taunt
|cant|p2a: Corviknight|move: Taunt|Bulk Up
|
|-heal|p1a: Jellicent|70/100|[from] item: Leftovers
|-heal|p2a: Corviknight|88/100 brn|[from] item: Leftovers
|-damage|p2a: Corviknight|82/100 brn|[from] brn
|upkeep
|turn|25
|
|switch|p2a: Ditto|Ditto|88/100
|-damage|p2a: Ditto|76/100|[from] Stealth Rock
|-transform|p2a: Ditto|p1a: Jellicent|[from] ability: Imposter
|move|p1a: Jellicent|Hex|p2a: Ditto
|-supereffective|p2a: Ditto
|-damage|p2a: Ditto|31/100
|
|-heal|p1a: Jellicent|76/100|[from] item: Leftovers
|upkeep
|turn|26
|
|move|p2a: Ditto|Taunt|p1a: Jellicent
|-start|p1a: Jellicent|move: Taunt
|move|p1a: Jellicent|Hex|p2a: Ditto
|-supereffective|p2a: Ditto
|-damage|p2a: Ditto|0 fnt
|faint|p2a: Ditto
|
|-heal|p1a: Jellicent|82/100|[from] item: Leftovers
|upkeep
|
|switch|p2a: Corviknight|Corviknight, F|82/100 brn
|-damage|p2a: Corviknight|70/100 brn|[from] Stealth Rock
|-ability|p2a: Corviknight|Pressure
|turn|27
|
|switch|p1a: Hatterene|Hatterene, F|100/100
|-damage|p1a: Hatterene|88/100|[from] Stealth Rock
|move|p2a: Corviknight|Bulk Up|p2a: Corviknight
|-boost|p2a: Corviknight|atk|1
|-boost|p2a: Corviknight|def|1
|
|-heal|p2a: Corviknight|76/100 brn|[from] item: Leftovers
|-heal|p1a: Hatterene|94/100|[from] item: Leftovers
|-damage|p2a: Corviknight|70/100 brn|[from] brn
|upkeep
|turn|28
|
|move|p2a: Corviknight|Bulk Up|p2a: Corviknight
|-boost|p2a: Corviknight|atk|1
|-boost|p2a: Corviknight|def|1
|move|p1a: Hatterene|Calm Mind|p1a: Hatterene
|-boost|p1a: Hatterene|spa|1
|-boost|p1a: Hatterene|spd|1
|
|-heal|p2a: Corviknight|76/100 brn|[from] item: Leftovers
|-heal|p1a: Hatterene|99/100|[from] item: Leftovers
|-damage|p2a: Corviknight|70/100 brn|[from] brn
|upkeep
|turn|29
|
|-start|p1a: Hatterene|Dynamax
|-formechange|p1a: Hatterene|Hatterene-Gmax|
|-heal|p1a: Hatterene|99/100|[silent]
|move|p2a: Corviknight|Roost|p2a: Corviknight
|-heal|p2a: Corviknight|100/100 brn
|-singleturn|p2a: Corviknight|move: Roost
|move|p1a: Hatterene|Max Flare|p2a: Corviknight
|-supereffective|p2a: Corviknight
|-damage|p2a: Corviknight|0 fnt
|-weather|SunnyDay
|faint|p2a: Corviknight
|
|-weather|SunnyDay|[upkeep]
|-heal|p1a: Hatterene|100/100|[from] item: Leftovers
|upkeep
|
|switch|p2a: Cinderace|Cinderace, M|64/100
|-damage|p2a: Cinderace|39/100|[from] Stealth Rock
|turn|30
|
|move|p2a: Cinderace|Pyro Ball|p1a: Hatterene|[miss]
|-miss|p2a: Cinderace|p1a: Hatterene
|move|p1a: Hatterene|Max Mindstorm|p2a: Cinderace
|-damage|p2a: Cinderace|0 fnt
|-fieldstart|move: Psychic Terrain
|faint|p2a: Cinderace
|
|-weather|SunnyDay|[upkeep]
|upkeep
|-message|OUTM AquaFinity forfeited.
|
|win|groundt
|l|☆OUTM AquaFinity
