|j|☆Rheinmetal
|j|☆tinagrrrrrrl
|player|p1|Rheinmetal|cynthia|1415
|player|p2|tinagrrrrrrl|pokefan-gen4|1464
|teamsize|p1|6
|teamsize|p2|6
|gametype|singles
|gen|8
|tier|[Gen 8] OU
|rated|
|html|<div class="broadcast-red"><strong>OU is currently suspecting Arena Trap! For information on how to participate check out the <a href="https://www.smogon.com/forums/threads/3661134/">suspect thread</a>.</strong></div>
|clearpoke
|poke|p1|Crawdaunt, F|
|poke|p1|Clefable, M|
|poke|p1|Rotom-Heat|
|poke|p1|Dragapult, F|
|poke|p1|Ferrothorn, F|
|poke|p1|Necrozma|
|poke|p2|Arcanine, F|
|poke|p2|Bisharp, F|
|poke|p2|Clefable, M|
|poke|p2|Conkeldurr, F|
|poke|p2|Corviknight, F|
|poke|p2|Excadrill, M|
|rule|Sleep Clause Mod: Limit one foe put to sleep
|rule|Species Clause: Limit one of each Pokémon
|rule|OHKO Clause: OHKO moves are banned
|rule|Evasion Moves Clause: Evasion moves are banned
|rule|Endless Battle Clause: Forcing endless battles is banned
|rule|HP Percentage Mod: HP is shown in percentages
|rule|Dynamax Clause: You cannot dynamax
|teampreview
|inactive|Battle timer is ON: inactive players will automatically lose when time's up. (requested by Rheinmetal)
|j| gvgbnm
|
|start
|switch|p1a: GOAT|Dragapult, F|100/100
|switch|p2a: Arcanine|Arcanine, F|100/100
|-ability|p2a: Arcanine|Intimidate|boost
|-unboost|p1a: GOAT|atk|1
|turn|1
|
|move|p1a: GOAT|U-turn|p2a: Arcanine
|-resisted|p2a: Arcanine
|-damage|p2a: Arcanine|94/100
|
|switch|p1a: Finally Good|Rotom-Heat, shiny|100/100|[from]move: U-turn
|move|p2a: Arcanine|Teleport|p2a: Arcanine
|
|switch|p2a: Excadrill|Excadrill, M|100/100|[from]move: Teleport
|-ability|p2a: Excadrill|Mold Breaker
|-item|p2a: Excadrill|Air Balloon
|
|upkeep
|turn|2
|c|☆Rheinmetal|Bro
|c|☆Rheinmetal|I gotta get me one of those
|
|switch|p1a: Wall|Ferrothorn, F|100/100
|move|p2a: Excadrill|Earthquake|p1a: Wall
|-damage|p1a: Wall|72/100
|
|-heal|p1a: Wall|78/100|[from] item: Leftovers
|upkeep
|turn|3
|
|switch|p2a: Arcanine|Arcanine, F|94/100
|-ability|p2a: Arcanine|Intimidate|boost
|-unboost|p1a: Wall|atk|1
|move|p1a: Wall|Body Press|p2a: Arcanine
|-damage|p2a: Arcanine|58/100
|
|-heal|p1a: Wall|84/100|[from] item: Leftovers
|upkeep
|turn|4
|
|switch|p1a: GOAT|Dragapult, F|100/100
|move|p2a: Arcanine|Morning Sun|p2a: Arcanine
|-heal|p2a: Arcanine|100/100
|
|upkeep
|turn|5
|
|switch|p2a: Corviknight|Corviknight, F|100/100
|-ability|p2a: Corviknight|Pressure
|move|p1a: GOAT|Shadow Ball|p2a: Corviknight
|-damage|p2a: Corviknight|67/100
|
|-heal|p2a: Corviknight|74/100|[from] item: Leftovers
|upkeep
|turn|6
|
|switch|p1a: Wall|Ferrothorn, F|84/100
|move|p2a: Corviknight|U-turn|p1a: Wall
|-damage|p1a: Wall|76/100
|-damage|p2a: Corviknight|61/100|[from] ability: Iron Barbs|[of] p1a: Wall
|
|switch|p2a: Arcanine|Arcanine, F|100/100|[from]move: U-turn
|-ability|p2a: Arcanine|Intimidate|boost
|-unboost|p1a: Wall|atk|1
|
|-heal|p1a: Wall|82/100|[from] item: Leftovers
|upkeep
|turn|7
|
|switch|p1a: GOAT|Dragapult, F|100/100
|move|p2a: Arcanine|Flamethrower|p1a: GOAT
|-resisted|p1a: GOAT
|-damage|p1a: GOAT|77/100
|
|upkeep
|turn|8
|
|move|p1a: GOAT|U-turn|p2a: Arcanine
|-resisted|p2a: Arcanine
|-damage|p2a: Arcanine|92/100
|
|switch|p1a: Magic G|Clefable, M, shiny|100/100|[from]move: U-turn
|move|p2a: Arcanine|Teleport|p2a: Arcanine
|
|switch|p2a: Clefable|Clefable, M|100/100|[from]move: Teleport
|
|upkeep
|turn|9
|c|☆tinagrrrrrrl|fuck misclick lol
|
|move|p2a: Clefable|Teleport|p2a: Clefable
|
|switch|p2a: Bisharp|Bisharp, F|100/100|[from]move: Teleport
|move|p1a: Magic G|Teleport|p1a: Magic G
|
|switch|p1a: Wall|Ferrothorn, F|82/100|[from]move: Teleport
|
|-heal|p1a: Wall|88/100|[from] item: Leftovers
|upkeep
|turn|10
|
|switch|p2a: Arcanine|Arcanine, F|92/100
|-ability|p2a: Arcanine|Intimidate|boost
|-unboost|p1a: Wall|atk|1
|move|p1a: Wall|Knock Off|p2a: Arcanine
|-damage|p2a: Arcanine|76/100
|-enditem|p2a: Arcanine|Heavy-Duty Boots|[from] move: Knock Off|[of] p1a: Wall
|
|-heal|p1a: Wall|95/100|[from] item: Leftovers
|upkeep
|turn|11
|
|switch|p1a: Magic G|Clefable, M, shiny|100/100
|move|p2a: Arcanine|Flamethrower|p1a: Magic G
|-damage|p1a: Magic G|79/100
|-status|p1a: Magic G|brn
|
|-heal|p1a: Magic G|85/100 brn|[from] item: Leftovers
|upkeep
|turn|12
|
|move|p2a: Arcanine|Morning Sun|p2a: Arcanine
|-heal|p2a: Arcanine|100/100
|move|p1a: Magic G|Teleport|p1a: Magic G
|
|switch|p1a: Dauntless|Crawdaunt, F|100/100|[from]move: Teleport
|
|upkeep
|turn|13
|
|move|p2a: Arcanine|Will-O-Wisp|p1a: Dauntless
|-status|p1a: Dauntless|brn
|move|p1a: Dauntless|Crabhammer|p2a: Arcanine
|-supereffective|p2a: Arcanine
|-damage|p2a: Arcanine|0 fnt
|faint|p2a: Arcanine
|
|-damage|p1a: Dauntless|95/100 brn|[from] brn
|upkeep
|
|switch|p2a: Conkeldurr|Conkeldurr, F|100/100
|turn|14
|
|move|p2a: Conkeldurr|Mach Punch|p1a: Dauntless
|-supereffective|p1a: Dauntless
|-damage|p1a: Dauntless|17/100 brn
|move|p1a: Dauntless|Crabhammer|p2a: Conkeldurr
|-damage|p2a: Conkeldurr|53/100
|
|-damage|p1a: Dauntless|11/100 brn|[from] brn
|-status|p2a: Conkeldurr|brn|[from] item: Flame Orb
|upkeep
|turn|15
|
|move|p2a: Conkeldurr|Mach Punch|p1a: Dauntless
|-supereffective|p1a: Dauntless
|-damage|p1a: Dauntless|0 fnt
|faint|p1a: Dauntless
|
|-damage|p2a: Conkeldurr|47/100 brn|[from] brn
|upkeep
|
|switch|p1a: Finally Good|Rotom-Heat, shiny|100/100
|turn|16
|
|switch|p2a: Clefable|Clefable, M|100/100
|move|p1a: Finally Good|Overheat|p2a: Clefable
|-damage|p2a: Clefable|47/100
|-unboost|p1a: Finally Good|spa|2
|
|upkeep
|turn|17
|
|move|p1a: Finally Good|Volt Switch|p2a: Clefable
|-damage|p2a: Clefable|33/100
|
|switch|p1a: Magic G|Clefable, M, shiny|85/100 brn|[from]move: Volt Switch
|move|p2a: Clefable|Wish|p2a: Clefable
|
|-heal|p1a: Magic G|91/100 brn|[from] item: Leftovers
|upkeep
|turn|18
|
|move|p2a: Clefable|Moonblast|p1a: Magic G
|-crit|p1a: Magic G
|-damage|p1a: Magic G|34/100 brn
|-unboost|p1a: Magic G|spa|1
|move|p1a: Magic G|Teleport|p1a: Magic G
|
|switch|p1a: Finally Good|Rotom-Heat, shiny|100/100|[from]move: Teleport
|
|-heal|p2a: Clefable|83/100|[from] move: Wish|[wisher] Clefable
|upkeep
|turn|19
|
|move|p1a: Finally Good|Nasty Plot|p1a: Finally Good
|-boost|p1a: Finally Good|spa|2
|move|p2a: Clefable|Teleport|p2a: Clefable
|
|switch|p2a: Excadrill|Excadrill, M|100/100|[from]move: Teleport
|-ability|p2a: Excadrill|Mold Breaker
|-item|p2a: Excadrill|Air Balloon
|
|upkeep
|turn|20
|
|switch|p1a: Wall|Ferrothorn, F|95/100
|move|p2a: Excadrill|Earthquake|p1a: Wall
|-damage|p1a: Wall|61/100
|
|-heal|p1a: Wall|68/100|[from] item: Leftovers
|upkeep
|turn|21
|
|move|p2a: Excadrill|Stealth Rock|p1a: Wall
|-sidestart|p1: Rheinmetal|move: Stealth Rock
|move|p1a: Wall|Knock Off|p2a: Excadrill
|-damage|p2a: Excadrill|70/100
|-enditem|p2a: Excadrill|Air Balloon
|
|-heal|p1a: Wall|74/100|[from] item: Leftovers
|upkeep
|turn|22
|
|switch|p2a: Conkeldurr|Conkeldurr, F|47/100 brn
|move|p1a: Wall|Leech Seed|p2a: Conkeldurr
|-start|p2a: Conkeldurr|move: Leech Seed
|
|-heal|p1a: Wall|80/100|[from] item: Leftovers
|-damage|p2a: Conkeldurr|35/100 brn|[from] Leech Seed|[of] p1a: Wall
|-heal|p1a: Wall|95/100|[silent]
|-damage|p2a: Conkeldurr|29/100 brn|[from] brn
|upkeep
|turn|23
|
|switch|p1a: Finally Good|Rotom-Heat, shiny|100/100
|move|p2a: Conkeldurr|Knock Off|p1a: Finally Good
|-damage|p1a: Finally Good|40/100
|-enditem|p1a: Finally Good|Heavy-Duty Boots|[from] move: Knock Off|[of] p2a: Conkeldurr
|
|-damage|p2a: Conkeldurr|16/100 brn|[from] Leech Seed|[of] p1a: Finally Good
|-heal|p1a: Finally Good|57/100|[silent]
|-damage|p2a: Conkeldurr|10/100 brn|[from] brn
|upkeep
|turn|24
|
|switch|p2a: Clefable|Clefable, M|83/100
|move|p1a: Finally Good|Overheat|p2a: Clefable
|-damage|p2a: Clefable|34/100
|-unboost|p1a: Finally Good|spa|2
|
|upkeep
|turn|25
|
|move|p1a: Finally Good|Volt Switch|p2a: Clefable
|-damage|p2a: Clefable|22/100
|
|switch|p1a: Wall|Ferrothorn, F|95/100|[from]move: Volt Switch
|-damage|p1a: Wall|88/100|[from] Stealth Rock
|move|p2a: Clefable|Wish|p2a: Clefable
|
|-heal|p1a: Wall|95/100|[from] item: Leftovers
|upkeep
|turn|26
|
|move|p2a: Clefable|Moonblast|p1a: Wall
|-resisted|p1a: Wall
|-damage|p1a: Wall|72/100
|-unboost|p1a: Wall|spa|1
|move|p1a: Wall|Stealth Rock|p2a: Clefable
|-sidestart|p2: tinagrrrrrrl|move: Stealth Rock
|
|-heal|p2a: Clefable|72/100|[from] move: Wish|[wisher] Clefable
|-heal|p1a: Wall|78/100|[from] item: Leftovers
|upkeep
|turn|27
|inactive|Rheinmetal has 120 seconds left.
|
|move|p2a: Clefable|Wish|p2a: Clefable
|move|p1a: Wall|Knock Off|p2a: Clefable
|-resisted|p2a: Clefable
|-damage|p2a: Clefable|58/100
|-enditem|p2a: Clefable|Life Orb|[from] move: Knock Off|[of] p1a: Wall
|
|-heal|p1a: Wall|85/100|[from] item: Leftovers
|upkeep
|turn|28
|
|switch|p1a: Finally Good|Rotom-Heat, shiny|57/100
|-damage|p1a: Finally Good|32/100|[from] Stealth Rock
|move|p2a: Clefable|Moonblast|p1a: Finally Good
|-resisted|p1a: Finally Good
|-damage|p1a: Finally Good|8/100
|
|-heal|p2a: Clefable|100/100|[from] move: Wish|[wisher] Clefable
|upkeep
|turn|29
|
|move|p1a: Finally Good|Overheat|p2a: Clefable
|-damage|p2a: Clefable|53/100
|-unboost|p1a: Finally Good|spa|2
|move|p2a: Clefable|Moonblast|p1a: Finally Good
|-resisted|p1a: Finally Good
|-damage|p1a: Finally Good|0 fnt
|faint|p1a: Finally Good
|
|upkeep
|
|switch|p1a: Magic G|Clefable, M, shiny|34/100 brn
|turn|30
|
|move|p1a: Magic G|Protect|p1a: Magic G
|-singleturn|p1a: Magic G|Protect
|move|p2a: Clefable|Moonblast|p1a: Magic G
|-activate|p1a: Magic G|move: Protect
|
|-heal|p1a: Magic G|40/100 brn|[from] item: Leftovers
|upkeep
|turn|31
|
|move|p2a: Clefable|Wish|p2a: Clefable
|move|p1a: Magic G|Wish|p1a: Magic G
|
|-heal|p1a: Magic G|46/100 brn|[from] item: Leftovers
|upkeep
|turn|32
|
|move|p2a: Clefable|Moonblast|p1a: Magic G
|-damage|p1a: Magic G|15/100 brn
|-unboost|p1a: Magic G|spa|1
|move|p1a: Magic G|Moonblast|p2a: Clefable
|-damage|p2a: Clefable|31/100
|
|-heal|p1a: Magic G|65/100 brn|[from] move: Wish|[wisher] Magic G
|-heal|p2a: Clefable|81/100|[from] move: Wish|[wisher] Clefable
|-heal|p1a: Magic G|71/100 brn|[from] item: Leftovers
|upkeep
|turn|33
|
|move|p2a: Clefable|Wish|p2a: Clefable
|move|p1a: Magic G|Wish|p1a: Magic G
|
|-heal|p1a: Magic G|77/100 brn|[from] item: Leftovers
|upkeep
|turn|34
|
|move|p2a: Clefable|Moonblast|p1a: Magic G
|-damage|p1a: Magic G|50/100 brn
|move|p1a: Magic G|Moonblast|p2a: Clefable
|-damage|p2a: Clefable|58/100
|
|-heal|p2a: Clefable|100/100|[from] move: Wish|[wisher] Clefable
|-heal|p1a: Magic G|100/100 brn|[from] move: Wish|[wisher] Magic G
|upkeep
|turn|35
|
|move|p2a: Clefable|Wish|p2a: Clefable
|move|p1a: Magic G|Teleport|p1a: Magic G
|
|switch|p1a: Swept|Necrozma, shiny|100/100|[from]move: Teleport
|-damage|p1a: Swept|88/100|[from] Stealth Rock
|
|upkeep
|turn|36
|
|move|p1a: Swept|Autotomize|p1a: Swept
|-boost|p1a: Swept|spe|2
|-start|p1a: Swept|Autotomize
|move|p2a: Clefable|Teleport|p2a: Clefable
|
|switch|p2a: Conkeldurr|Conkeldurr, F|10/100 brn|[from]move: Teleport
|-damage|p2a: Conkeldurr|4/100 brn|[from] Stealth Rock
|
|-heal|p2a: Conkeldurr|47/100 brn|[from] move: Wish|[wisher] Clefable
|-damage|p2a: Conkeldurr|41/100 brn|[from] brn
|upkeep
|turn|37
|inactive|tinagrrrrrrl has 120 seconds left.
|
|switch|p2a: Corviknight|Corviknight, F|61/100
|-damage|p2a: Corviknight|49/100|[from] Stealth Rock
|-ability|p2a: Corviknight|Pressure
|move|p1a: Swept|Heat Wave|p2a: Corviknight
|-supereffective|p2a: Corviknight
|-damage|p2a: Corviknight|0 fnt
|faint|p2a: Corviknight
|
|upkeep
|inactive|tinagrrrrrrl has 120 seconds left.
|
|switch|p2a: Clefable|Clefable, M|100/100
|turn|38
|
|move|p1a: Swept|Flash Cannon|p2a: Clefable
|-supereffective|p2a: Clefable
|-damage|p2a: Clefable|39/100
|move|p2a: Clefable|Moonblast|p1a: Swept
|-damage|p1a: Swept|36/100
|
|upkeep
|turn|39
|inactive|tinagrrrrrrl has 120 seconds left.
|
|move|p1a: Swept|Heat Wave|p2a: Clefable
|-damage|p2a: Clefable|0 fnt
|faint|p2a: Clefable
|
|upkeep
|
|switch|p2a: Bisharp|Bisharp, F|100/100
|-damage|p2a: Bisharp|94/100|[from] Stealth Rock
|turn|40
|
|move|p2a: Bisharp|Sucker Punch|p1a: Swept
|-supereffective|p1a: Swept
|-damage|p1a: Swept|0 fnt
|faint|p1a: Swept
|
|upkeep
|
|switch|p1a: Wall|Ferrothorn, F|85/100
|-damage|p1a: Wall|78/100|[from] Stealth Rock
|turn|41
|
|switch|p2a: Excadrill|Excadrill, M|70/100
|-damage|p2a: Excadrill|67/100|[from] Stealth Rock
|-ability|p2a: Excadrill|Mold Breaker
|move|p1a: Wall|Body Press|p2a: Excadrill
|-supereffective|p2a: Excadrill
|-damage|p2a: Excadrill|0 fnt
|faint|p2a: Excadrill
|
|-heal|p1a: Wall|85/100|[from] item: Leftovers
|upkeep
|
|switch|p2a: Conkeldurr|Conkeldurr, F|41/100 brn
|-damage|p2a: Conkeldurr|35/100 brn|[from] Stealth Rock
|turn|42
|
|switch|p1a: Magic G|Clefable, M, shiny|100/100 brn
|move|p2a: Conkeldurr|Knock Off|p1a: Magic G
|-resisted|p1a: Magic G
|-damage|p1a: Magic G|65/100 brn
|-enditem|p1a: Magic G|Leftovers|[from] move: Knock Off|[of] p2a: Conkeldurr
|
|-damage|p2a: Conkeldurr|29/100 brn|[from] brn
|upkeep
|turn|43
|
|move|p1a: Magic G|Moonblast|p2a: Conkeldurr
|-supereffective|p2a: Conkeldurr
|-crit|p2a: Conkeldurr
|-damage|p2a: Conkeldurr|0 fnt
|faint|p2a: Conkeldurr
|
|upkeep
|
|switch|p2a: Bisharp|Bisharp, F|94/100
|-damage|p2a: Bisharp|88/100|[from] Stealth Rock
|turn|44
|
|move|p2a: Bisharp|Swords Dance|p2a: Bisharp
|-boost|p2a: Bisharp|atk|2
|move|p1a: Magic G|Teleport|p1a: Magic G
|
|switch|p1a: Wall|Ferrothorn, F|85/100|[from]move: Teleport
|-damage|p1a: Wall|78/100|[from] Stealth Rock
|
|-heal|p1a: Wall|85/100|[from] item: Leftovers
|upkeep
|turn|45
|
|move|p2a: Bisharp|Knock Off|p1a: Wall
|-damage|p1a: Wall|25/100
|-damage|p2a: Bisharp|76/100|[from] ability: Iron Barbs|[of] p1a: Wall
|-enditem|p1a: Wall|Leftovers|[from] move: Knock Off|[of] p2a: Bisharp
|move|p1a: Wall|Body Press|p2a: Bisharp
|-supereffective|p2a: Bisharp
|-damage|p2a: Bisharp|0 fnt
|faint|p2a: Bisharp
|
|win|Rheinmetal
|l|☆Rheinmetal
|l|☆tinagrrrrrrl
|raw|Rheinmetal's rating: 1415 &rarr; <strong>1438</strong><br />(+23 for winning)
|raw|tinagrrrrrrl's rating: 1464 &rarr; <strong>1441</strong><br />(-23 for losing)
