|j|☆ChiefGreenLeaf3
|j|☆comp233
|t:|1652903552
|gametype|singles
|player|p1|ChiefGreenLeaf3|giovanni-gen1|1689
|player|p2|comp233|rosa|1744
|teamsize|p1|6
|teamsize|p2|6
|gen|8
|tier|[Gen 8] OU
|rated|
|rule|Sleep Clause Mod: Limit one foe put to sleep
|rule|Species Clause: Limit one of each Pokémon
|rule|OHKO Clause: OHKO moves are banned
|rule|Evasion Moves Clause: Evasion moves are banned
|rule|Endless Battle Clause: Forcing endless battles is banned
|rule|HP Percentage Mod: HP is shown in percentages
|rule|Dynamax Clause: You cannot dynamax
|clearpoke
|poke|p1|Necrozma|
|poke|p1|Scolipede, F|
|poke|p1|Cloyster, F|
|poke|p1|Turtonator, M|
|poke|p1|Stakataka|
|poke|p1|Sharpedo, M|
|poke|p2|Dragapult, M|
|poke|p2|Melmetal|
|poke|p2|Zapdos-Galar|
|poke|p2|Blaziken, F|
|poke|p2|Victini|
|poke|p2|Landorus-Therian, M|
|teampreview
|
|t:|1652903567
|start
|switch|p1a: Scolipede|Scolipede, F, shiny|100/100
|switch|p2a: Landorus|Landorus-Therian, M|100/100
|-ability|p2a: Landorus|Intimidate|boost
|-unboost|p1a: Scolipede|atk|1
|turn|1
|
|t:|1652903574
|move|p1a: Scolipede|Spikes|p2a: Landorus
|-sidestart|p2: comp233|Spikes
|move|p2a: Landorus|Stealth Rock|p1a: Scolipede
|-sidestart|p1: ChiefGreenLeaf3|move: Stealth Rock
|
|-ability|p1a: Scolipede|Speed Boost|boost
|-boost|p1a: Scolipede|spe|1
|upkeep
|turn|2
|
|t:|1652903580
|move|p1a: Scolipede|Spikes|p2a: Landorus
|-sidestart|p2: comp233|Spikes
|move|p2a: Landorus|Earthquake|p1a: Scolipede
|-damage|p1a: Scolipede|44/100
|
|-ability|p1a: Scolipede|Speed Boost|boost
|-boost|p1a: Scolipede|spe|1
|upkeep
|turn|3
|
|t:|1652903591
|move|p1a: Scolipede|Substitute|p1a: Scolipede
|-start|p1a: Scolipede|Substitute
|-damage|p1a: Scolipede|19/100
|move|p2a: Landorus|Earthquake|p1a: Scolipede
|-end|p1a: Scolipede|Substitute
|
|-ability|p1a: Scolipede|Speed Boost|boost
|-boost|p1a: Scolipede|spe|1
|upkeep
|turn|4
|
|t:|1652903594
|move|p1a: Scolipede|Endeavor|p2a: Landorus
|-damage|p2a: Landorus|19/100
|move|p2a: Landorus|Earthquake|p1a: Scolipede
|-damage|p1a: Scolipede|0 fnt
|faint|p1a: Scolipede
|
|upkeep
|inactive|Battle timer is ON: inactive players will automatically lose when time's up. (requested by comp233)
|inactive|ChiefGreenLeaf3 has 120 seconds left.
|
|t:|1652903672
|switch|p1a: Sharpedo|Sharpedo, M, shiny|100/100
|-damage|p1a: Sharpedo|88/100|[from] Stealth Rock
|turn|5
|
|t:|1652903687
|move|p1a: Sharpedo|Protect|p1a: Sharpedo
|-singleturn|p1a: Sharpedo|Protect
|move|p2a: Landorus|U-turn|p1a: Sharpedo
|-activate|p1a: Sharpedo|move: Protect
|
|-ability|p1a: Sharpedo|Speed Boost|boost
|-boost|p1a: Sharpedo|spe|1
|upkeep
|turn|6
|
|t:|1652903710
|switch|p2a: Melmetal|Melmetal, shiny|100/100
|-damage|p2a: Melmetal|84/100|[from] Spikes
|move|p1a: Sharpedo|Waterfall|p2a: Melmetal
|-damage|p2a: Melmetal|55/100
|-damage|p1a: Sharpedo|78/100|[from] item: Life Orb
|
|-ability|p1a: Sharpedo|Speed Boost|boost
|-boost|p1a: Sharpedo|spe|1
|upkeep
|turn|7
|
|t:|1652903715
|move|p1a: Sharpedo|Close Combat|p2a: Melmetal
|-supereffective|p2a: Melmetal
|-damage|p2a: Melmetal|0 fnt
|-unboost|p1a: Sharpedo|def|1
|-unboost|p1a: Sharpedo|spd|1
|faint|p2a: Melmetal
|-damage|p1a: Sharpedo|68/100|[from] item: Life Orb
|
|-ability|p1a: Sharpedo|Speed Boost|boost
|-boost|p1a: Sharpedo|spe|1
|upkeep
|
|t:|1652903721
|switch|p2a: Zapdos|Zapdos-Galar|100/100
|turn|8
|
|t:|1652903730
|move|p1a: Sharpedo|Waterfall|p2a: Zapdos
|-damage|p2a: Zapdos|30/100
|-damage|p1a: Sharpedo|58/100|[from] item: Life Orb
|move|p2a: Zapdos|U-turn|p1a: Sharpedo
|-supereffective|p1a: Sharpedo
|-damage|p1a: Sharpedo|0 fnt
|faint|p1a: Sharpedo
|
|t:|1652903740
|switch|p2a: Victini|Victini|100/100|[from]move: U-turn
|-damage|p2a: Victini|84/100|[from] Spikes
|
|upkeep
|
|t:|1652903756
|switch|p1a: Turtonator|Turtonator, M, shiny|100/100
|turn|9
|
|t:|1652903766
|move|p2a: Victini|Zen Headbutt|p1a: Turtonator
|-damage|p1a: Turtonator|65/100
|-damage|p2a: Victini|74/100|[from] item: Life Orb
|move|p1a: Turtonator|Rapid Spin|p2a: Victini
|-damage|p2a: Victini|67/100
|-boost|p1a: Turtonator|spe|1
|-sideend|p1: ChiefGreenLeaf3|Stealth Rock|[from] move: Rapid Spin|[of] p1a: Turtonator
|
|upkeep
|turn|10
|
|t:|1652903790
|move|p2a: Victini|Zen Headbutt|p1a: Turtonator
|-damage|p1a: Turtonator|27/100
|-damage|p2a: Victini|57/100|[from] item: Life Orb
|move|p1a: Turtonator|Dragon Pulse|p2a: Victini
|-damage|p2a: Victini|25/100
|
|upkeep
|turn|11
|
|t:|1652903802
|move|p2a: Victini|Zen Headbutt|p1a: Turtonator
|-damage|p1a: Turtonator|0 fnt
|faint|p1a: Turtonator
|-damage|p2a: Victini|16/100|[from] item: Life Orb
|
|upkeep
|
|t:|1652903816
|switch|p1a: Cloyster|Cloyster, F, shiny|100/100
|turn|12
|
|t:|1652903823
|move|p2a: Victini|V-create|p1a: Cloyster
|-damage|p1a: Cloyster|5/100
|-unboost|p2a: Victini|spe|1
|-unboost|p2a: Victini|def|1
|-unboost|p2a: Victini|spd|1
|-damage|p2a: Victini|6/100|[from] item: Life Orb
|move|p1a: Cloyster|Shell Smash|p1a: Cloyster
|-unboost|p1a: Cloyster|def|1
|-unboost|p1a: Cloyster|spd|1
|-boost|p1a: Cloyster|atk|2
|-boost|p1a: Cloyster|spa|2
|-boost|p1a: Cloyster|spe|2
|
|upkeep
|turn|13
|j| thegreenkilometer
|inactive|ChiefGreenLeaf3 has 120 seconds left.
|
|t:|1652903859
|move|p1a: Cloyster|Icicle Spear|p2a: Victini
|-resisted|p2a: Victini
|-damage|p2a: Victini|0 fnt
|faint|p2a: Victini
|-hitcount|p2: Victini|1
|
|upkeep
|
|t:|1652903861
|switch|p2a: Dragapult|Dragapult, M, shiny|100/100
|-damage|p2a: Dragapult|84/100|[from] Spikes
|turn|14
|
|t:|1652903865
|move|p2a: Dragapult|Shadow Ball|p1a: Cloyster
|-damage|p1a: Cloyster|0 fnt
|faint|p1a: Cloyster
|
|upkeep
|
|t:|1652903874
|switch|p1a: Stakataka|Stakataka|100/100
|-item|p1a: Stakataka|Air Balloon
|turn|15
|
|t:|1652903888
|switch|p2a: Blaziken|Blaziken, F, shiny|100/100
|-damage|p2a: Blaziken|84/100|[from] Spikes
|move|p1a: Stakataka|Trick Room|p1a: Stakataka
|-fieldstart|move: Trick Room|[of] p1a: Stakataka
|
|upkeep
|turn|16
|
|t:|1652903896
|switch|p2a: Landorus|Landorus-Therian, M|19/100
|-ability|p2a: Landorus|Intimidate|boost
|-unboost|p1a: Stakataka|atk|1
|move|p1a: Stakataka|Earthquake|p2a: Landorus
|-immune|p2a: Landorus
|
|upkeep
|turn|17
|inactive|comp233 has 120 seconds left.
|
|t:|1652903938
|switch|p2a: Zapdos|Zapdos-Galar|30/100
|move|p1a: Stakataka|Gyro Ball|p2a: Zapdos
|-damage|p2a: Zapdos|0 fnt
|faint|p2a: Zapdos
|-ability|p1a: Stakataka|Beast Boost|boost
|-boost|p1a: Stakataka|atk|1
|
|upkeep
|
|t:|1652903940
|switch|p2a: Landorus|Landorus-Therian, M|19/100
|-ability|p2a: Landorus|Intimidate|boost
|-unboost|p1a: Stakataka|atk|1
|turn|18
|inactive|comp233 has 120 seconds left.
|
|t:|1652903957
|move|p1a: Stakataka|Gyro Ball|p2a: Landorus
|-damage|p2a: Landorus|0 fnt
|faint|p2a: Landorus
|-ability|p1a: Stakataka|Beast Boost|boost
|-boost|p1a: Stakataka|atk|1
|
|upkeep
|
|t:|1652903975
|switch|p2a: Dragapult|Dragapult, M, shiny|84/100
|-damage|p2a: Dragapult|68/100|[from] Spikes
|turn|19
|
|t:|1652903981
|move|p1a: Stakataka|Gyro Ball|p2a: Dragapult
|-damage|p2a: Dragapult|0 fnt
|faint|p2a: Dragapult
|-ability|p1a: Stakataka|Beast Boost|boost
|-boost|p1a: Stakataka|atk|1
|
|-fieldend|move: Trick Room
|upkeep
|
|t:|1652903982
|switch|p2a: Blaziken|Blaziken, F, shiny|84/100
|-damage|p2a: Blaziken|67/100|[from] Spikes
|turn|20
|
|t:|1652903987
|move|p2a: Blaziken|Close Combat|p1a: Stakataka
|-supereffective|p1a: Stakataka
|-damage|p1a: Stakataka|0 fnt
|-unboost|p2a: Blaziken|def|1
|-unboost|p2a: Blaziken|spd|1
|-enditem|p1a: Stakataka|Air Balloon
|faint|p1a: Stakataka
|-damage|p2a: Blaziken|57/100|[from] item: Life Orb
|
|-ability|p2a: Blaziken|Speed Boost|boost
|-boost|p2a: Blaziken|spe|1
|upkeep
|
|t:|1652903988
|switch|p1a: Necrozma|Necrozma|100/100
|turn|21
|inactive|comp233 has 120 seconds left.
|
|t:|1652904005
|move|p2a: Blaziken|Knock Off|p1a: Necrozma
|-supereffective|p1a: Necrozma
|-damage|p1a: Necrozma|39/100
|-enditem|p1a: Necrozma|Lum Berry|[from] move: Knock Off|[of] p2a: Blaziken
|-damage|p2a: Blaziken|47/100|[from] item: Life Orb
|move|p1a: Necrozma|Photon Geyser|p2a: Blaziken
|-supereffective|p2a: Blaziken
|-damage|p2a: Blaziken|0 fnt
|faint|p2a: Blaziken
|
|win|ChiefGreenLeaf3
|raw|ChiefGreenLeaf3's rating: 1689 &rarr; <strong>1712</strong><br />(+23 for winning)
|raw|comp233's rating: 1744 &rarr; <strong>1721</strong><br />(-23 for losing)
|c|☆ChiefGreenLeaf3|gg
|l|☆ChiefGreenLeaf3
|l|☆comp233
