|j|☆someidiot19
|j|☆Highv0ltag3
|t:|1658674268
|gametype|singles
|player|p1|someidiot19|karen-gen2|1743
|player|p2|Highv0ltag3|volo|1961
|teamsize|p1|6
|teamsize|p2|6
|gen|8
|tier|[Gen 8] OU
|rated|
|rule|Sleep Clause Mod: Limit one foe put to sleep
|rule|Species Clause: Limit one of each Pokémon
|rule|OHKO Clause: OHKO moves are banned
|rule|Evasion Moves Clause: Evasion moves are banned
|rule|Endless Battle Clause: Forcing endless battles is banned
|rule|HP Percentage Mod: HP is shown in percentages
|rule|Dynamax Clause: You cannot dynamax
|clearpoke
|poke|p1|Keldeo-Resolute|
|poke|p1|Tyranitar, F|
|poke|p1|Excadrill, M|
|poke|p1|Jirachi|
|poke|p1|Clefable, F|
|poke|p1|Tangrowth, F|
|poke|p2|Porygon-Z|
|poke|p2|Toxapex, M|
|poke|p2|Corviknight, F|
|poke|p2|Urshifu-*, M|
|poke|p2|Landorus-Therian, M|
|poke|p2|Mew|
|teampreview
|inactive|Battle timer is ON: inactive players will automatically lose when time's up. (requested by someidiot19)
|j| FraggingBottom
|
|t:|1658674286
|start
|switch|p1a: Thinkin Bout You|Keldeo-Resolute|100/100
|switch|p2a: Mew|Mew|100/100
|turn|1
|
|t:|1658674302
|switch|p2a: Toxapex|Toxapex, M|100/100
|move|p1a: Thinkin Bout You|Scald|p2a: Toxapex
|-resisted|p2a: Toxapex
|-damage|p2a: Toxapex|75/100
|
|-heal|p2a: Toxapex|81/100|[from] item: Black Sludge
|upkeep
|turn|2
|j| stewpeed
|
|t:|1658674315
|switch|p1a: Pink Matter|Clefable, F, shiny|100/100
|switch|p2a: Porygon-Z|Porygon-Z|100/100
|-ability|p2a: Porygon-Z|Download|boost
|-boost|p2a: Porygon-Z|spa|1
|
|upkeep
|turn|3
|
|t:|1658674326
|switch|p1a: Bad Religion|Jirachi|100/100
|move|p2a: Porygon-Z|Thunderbolt|p1a: Bad Religion
|-damage|p1a: Bad Religion|55/100
|
|-heal|p1a: Bad Religion|61/100|[from] item: Leftovers
|upkeep
|turn|4
|inactive|someidiot19 has 120 seconds left.
|j| tapu moxo
|
|t:|1658674373
|move|p2a: Porygon-Z|Thunderbolt|p1a: Bad Religion
|-damage|p1a: Bad Religion|14/100
|move|p1a: Bad Religion|Stealth Rock|p2a: Porygon-Z
|-sidestart|p2: Highv0ltag3|move: Stealth Rock
|
|-heal|p1a: Bad Religion|20/100|[from] item: Leftovers
|upkeep
|turn|5
|
|t:|1658674379
|switch|p2a: Corviknight|Corviknight, F|100/100
|-damage|p2a: Corviknight|88/100|[from] Stealth Rock
|-ability|p2a: Corviknight|Pressure
|switch|p1a: Pyramids|Excadrill, M|100/100
|
|-heal|p2a: Corviknight|94/100|[from] item: Leftovers
|upkeep
|turn|6
|inactive|someidiot19 has 120 seconds left.
|
|t:|1658674384
|switch|p1a: Pink Matter|Clefable, F, shiny|100/100
|move|p2a: Corviknight|Defog|p1a: Pink Matter
|-unboost|p1a: Pink Matter|evasion|1
|-sideend|p2: Highv0ltag3|Stealth Rock|[from] move: Defog|[of] p2a: Corviknight
|
|-heal|p2a: Corviknight|100/100|[from] item: Leftovers
|upkeep
|turn|7
|
|t:|1658674387
|move|p2a: Corviknight|U-turn|p1a: Pink Matter
|-resisted|p1a: Pink Matter
|-damage|p1a: Pink Matter|95/100
|j| ripreckful
|
|t:|1658674391
|switch|p2a: Toxapex|Toxapex, M|100/100|[from]move: U-turn
|move|p1a: Pink Matter|Thunder Wave|p2a: Toxapex
|-status|p2a: Toxapex|par
|
|-heal|p1a: Pink Matter|100/100|[from] item: Leftovers
|upkeep
|turn|8
|
|t:|1658674397
|switch|p1a: Forrest Gump|Tangrowth, F|100/100
|switch|p2a: Landorus|Landorus-Therian, M|100/100
|-ability|p2a: Landorus|Intimidate|boost
|-unboost|p1a: Forrest Gump|atk|1
|
|upkeep
|turn|9
|
|t:|1658674407
|switch|p2a: Toxapex|Toxapex, M|100/100 par
|move|p1a: Forrest Gump|Knock Off|p2a: Toxapex
|-damage|p2a: Toxapex|91/100 par
|-enditem|p2a: Toxapex|Black Sludge|[from] move: Knock Off|[of] p1a: Forrest Gump
|
|upkeep
|turn|10
|j| Stunfisk2140
|l| Stunfisk2140
|
|t:|1658674420
|switch|p2a: Porygon-Z|Porygon-Z|100/100
|-ability|p2a: Porygon-Z|Download|boost
|-boost|p2a: Porygon-Z|spa|1
|move|p1a: Forrest Gump|Giga Drain|p2a: Porygon-Z
|-damage|p2a: Porygon-Z|61/100
|
|upkeep
|turn|11
|
|t:|1658674429
|switch|p1a: Sierra Leone|Tyranitar, F, shiny|100/100
|-weather|Sandstorm|[from] ability: Sand Stream|[of] p1a: Sierra Leone
|move|p2a: Porygon-Z|Ice Beam|p1a: Sierra Leone
|-damage|p1a: Sierra Leone|53/100
|
|-weather|Sandstorm|[upkeep]
|-damage|p2a: Porygon-Z|55/100|[from] Sandstorm
|upkeep
|turn|12
|
|t:|1658674438
|switch|p2a: Urshifu|Urshifu-Rapid-Strike, M|100/100
|move|p1a: Sierra Leone|Aerial Ace|p2a: Urshifu
|-supereffective|p2a: Urshifu
|-damage|p2a: Urshifu|34/100
|
|-weather|Sandstorm|[upkeep]
|-damage|p2a: Urshifu|28/100|[from] Sandstorm
|upkeep
|turn|13
|c|☆Highv0ltag3|nice tech
|c|☆someidiot19|thanks
|c|☆Highv0ltag3|ive ran that btw
|j| Duffyster
|c|☆someidiot19|yeah its pretty good
|
|t:|1658674467
|switch|p1a: Pink Matter|Clefable, F, shiny|100/100
|move|p2a: Urshifu|U-turn|p1a: Pink Matter
|-resisted|p1a: Pink Matter
|-damage|p1a: Pink Matter|87/100
|
|t:|1658674470
|switch|p2a: Porygon-Z|Porygon-Z|55/100|[from]move: U-turn
|-ability|p2a: Porygon-Z|Download|boost
|-boost|p2a: Porygon-Z|spa|1
|
|-weather|Sandstorm|[upkeep]
|-damage|p2a: Porygon-Z|49/100|[from] Sandstorm
|-heal|p1a: Pink Matter|93/100|[from] item: Leftovers
|upkeep
|turn|14
|
|t:|1658674487
|switch|p1a: Pyramids|Excadrill, M|100/100
|move|p2a: Porygon-Z|Tri Attack|p1a: Pyramids
|-resisted|p1a: Pyramids
|-crit|p1a: Pyramids
|-damage|p1a: Pyramids|9/100
|
|-weather|Sandstorm|[upkeep]
|-damage|p2a: Porygon-Z|43/100|[from] Sandstorm
|-heal|p1a: Pyramids|15/100|[from] item: Leftovers
|upkeep
|turn|15
|j| amimec
|j| Kia reliable?
|c|☆Highv0ltag3|holy crit
|
|t:|1658674498
|switch|p1a: Thinkin Bout You|Keldeo-Resolute|100/100
|switch|p2a: Corviknight|Corviknight, F|100/100
|-ability|p2a: Corviknight|Pressure
|
|-weather|none
|upkeep
|turn|16
|
|t:|1658674502
|switch|p2a: Toxapex|Toxapex, M|100/100 par
|move|p1a: Thinkin Bout You|Hydro Pump|p2a: Toxapex
|-resisted|p2a: Toxapex
|-damage|p2a: Toxapex|66/100 par
|
|upkeep
|turn|17
|
|t:|1658674507
|move|p1a: Thinkin Bout You|Hydro Pump|p2a: Toxapex
|-resisted|p2a: Toxapex
|-damage|p2a: Toxapex|33/100 par
|cant|p2a: Toxapex|par
|
|upkeep
|turn|18
|
|t:|1658674511
|switch|p2a: Mew|Mew|100/100
|move|p1a: Thinkin Bout You|Hydro Pump|p2a: Mew
|-damage|p2a: Mew|10/100
|
|upkeep
|turn|19
|
|t:|1658674516
|move|p2a: Mew|Trick|p1a: Thinkin Bout You
|-activate|p2a: Mew|move: Trick|[of] p1a: Thinkin Bout You
|-item|p1a: Thinkin Bout You|Choice Scarf|[from] move: Trick
|-item|p2a: Mew|Choice Specs|[from] move: Trick
|move|p1a: Thinkin Bout You|Hydro Pump|p2a: Mew|[miss]
|-miss|p1a: Thinkin Bout You|p2a: Mew
|
|upkeep
|turn|20
|
|t:|1658674520
|move|p1a: Thinkin Bout You|Hydro Pump|p2a: Mew|[miss]
|-miss|p1a: Thinkin Bout You|p2a: Mew
|move|p2a: Mew|U-turn|p1a: Thinkin Bout You
|-resisted|p1a: Thinkin Bout You
|-damage|p1a: Thinkin Bout You|87/100
|j| Relatek
|c|☆Highv0ltag3|mb
|l| Duffyster
|
|t:|1658674530
|switch|p2a: Toxapex|Toxapex, M|66/100 par|[from]move: U-turn
|
|upkeep
|turn|21
|c|☆someidiot19|btw i lost at team preview lmao
|j| esparteropadreando
|c|☆Highv0ltag3|ye my team is broken
|
|t:|1658674549
|switch|p1a: Pink Matter|Clefable, F, shiny|93/100
|switch|p2a: Mew|Mew|10/100
|
|-heal|p1a: Pink Matter|99/100|[from] item: Leftovers
|upkeep
|turn|22
|c|☆Highv0ltag3|u have "pz counters" but still
|c| Kia reliable?|did i see
|c| Kia reliable?|aereal ace
|c| Kia reliable?|ttar
|c| Kia reliable?|thats sic
|inactive|someidiot19 has 120 seconds left.
|
|t:|1658674581
|switch|p1a: Thinkin Bout You|Keldeo-Resolute|87/100
|move|p2a: Mew|Trick|p1a: Thinkin Bout You
|-activate|p2a: Mew|move: Trick|[of] p1a: Thinkin Bout You
|-item|p1a: Thinkin Bout You|Choice Specs|[from] move: Trick
|-item|p2a: Mew|Choice Scarf|[from] move: Trick
|
|upkeep
|turn|23
|c| Kia reliable?|omg buzz destroyed
|c| Kia reliable?|what a play
|l| Relatek
|inactive|someidiot19 has 120 seconds left.
|c|☆Highv0ltag3|wp btw
|
|t:|1658674593
|switch|p2a: Toxapex|Toxapex, M|99/100 par
|switch|p1a: Bad Religion|Jirachi|20/100
|
|-heal|p1a: Bad Religion|26/100|[from] item: Leftovers
|upkeep
|turn|24
|c| Kia reliable?|guys what if
|c| Kia reliable?|keldeo got
|c| Kia reliable?|psychic
|c| Kia reliable?|or even better
|
|t:|1658674603
|move|p1a: Bad Religion|Iron Head|p2a: Toxapex
|-resisted|p2a: Toxapex
|-damage|p2a: Toxapex|91/100 par
|cant|p2a: Toxapex|flinch
|
|-heal|p1a: Bad Religion|32/100|[from] item: Leftovers
|upkeep
|turn|25
|c| Kia reliable?|thunderbolt
|
|t:|1658674608
|switch|p2a: Urshifu|Urshifu-Rapid-Strike, M|28/100
|move|p1a: Bad Religion|Stealth Rock|p2a: Urshifu
|-sidestart|p2: Highv0ltag3|move: Stealth Rock
|
|-heal|p1a: Bad Religion|38/100|[from] item: Leftovers
|upkeep
|turn|26
|
|t:|1658674615
|switch|p1a: Forrest Gump|Tangrowth, F|100/100
|move|p2a: Urshifu|Surging Strikes|p1a: Forrest Gump
|-resisted|p1a: Forrest Gump
|-crit|p1a: Forrest Gump
|-damage|p1a: Forrest Gump|92/100
|-resisted|p1a: Forrest Gump
|-crit|p1a: Forrest Gump
|-damage|p1a: Forrest Gump|85/100
|-resisted|p1a: Forrest Gump
|-crit|p1a: Forrest Gump
|-damage|p1a: Forrest Gump|77/100
|-hitcount|p1a: Forrest Gump|3
|
|upkeep
|turn|27
|
|t:|1658674621
|switch|p2a: Corviknight|Corviknight, F|100/100
|-damage|p2a: Corviknight|88/100|[from] Stealth Rock
|-ability|p2a: Corviknight|Pressure
|move|p1a: Forrest Gump|Knock Off|p2a: Corviknight
|-damage|p2a: Corviknight|73/100
|-enditem|p2a: Corviknight|Leftovers|[from] move: Knock Off|[of] p1a: Forrest Gump
|
|upkeep
|turn|28
|
|t:|1658674626
|switch|p1a: Pink Matter|Clefable, F, shiny|99/100
|move|p2a: Corviknight|Brave Bird|p1a: Pink Matter
|-damage|p1a: Pink Matter|73/100
|-damage|p2a: Corviknight|64/100|[from] Recoil
|
|-heal|p1a: Pink Matter|79/100|[from] item: Leftovers
|upkeep
|turn|29
|
|t:|1658674629
|move|p2a: Corviknight|Defog|p1a: Pink Matter
|-unboost|p1a: Pink Matter|evasion|1
|-sideend|p2: Highv0ltag3|Stealth Rock|[from] move: Defog|[of] p2a: Corviknight
|move|p1a: Pink Matter|Thunder Wave|p2a: Corviknight
|-status|p2a: Corviknight|par
|
|-heal|p1a: Pink Matter|86/100|[from] item: Leftovers
|upkeep
|turn|30
|
|t:|1658674634
|move|p1a: Pink Matter|Calm Mind|p1a: Pink Matter
|-boost|p1a: Pink Matter|spa|1
|-boost|p1a: Pink Matter|spd|1
|move|p2a: Corviknight|Roost|p2a: Corviknight
|-heal|p2a: Corviknight|100/100 par
|-singleturn|p2a: Corviknight|move: Roost
|
|-heal|p1a: Pink Matter|92/100|[from] item: Leftovers
|upkeep
|turn|31
|
|t:|1658674637
|switch|p2a: Toxapex|Toxapex, M|100/100 par
|move|p1a: Pink Matter|Moonblast|p2a: Toxapex
|-resisted|p2a: Toxapex
|-damage|p2a: Toxapex|81/100 par
|
|-heal|p1a: Pink Matter|98/100|[from] item: Leftovers
|upkeep
|turn|32
|
|t:|1658674640
|move|p1a: Pink Matter|Moonblast|p2a: Toxapex
|-resisted|p2a: Toxapex
|-damage|p2a: Toxapex|62/100 par
|-unboost|p2a: Toxapex|spa|1
|move|p2a: Toxapex|Haze|p2a: Toxapex
|-clearallboost
|
|-heal|p1a: Pink Matter|100/100|[from] item: Leftovers
|upkeep
|turn|33
|
|t:|1658674646
|move|p1a: Pink Matter|Moonblast|p2a: Toxapex
|-resisted|p2a: Toxapex
|-damage|p2a: Toxapex|48/100 par
|move|p2a: Toxapex|Scald|p1a: Pink Matter
|-damage|p1a: Pink Matter|85/100
|
|-heal|p1a: Pink Matter|91/100|[from] item: Leftovers
|upkeep
|turn|34
|
|t:|1658674649
|switch|p1a: Bad Religion|Jirachi|38/100
|move|p2a: Toxapex|Recover|p2a: Toxapex
|-heal|p2a: Toxapex|98/100 par
|
|-heal|p1a: Bad Religion|44/100|[from] item: Leftovers
|upkeep
|turn|35
|
|t:|1658674654
|switch|p2a: Landorus|Landorus-Therian, M|100/100
|-ability|p2a: Landorus|Intimidate|boost
|-unboost|p1a: Bad Religion|atk|1
|move|p1a: Bad Religion|Stealth Rock|p2a: Landorus
|-sidestart|p2: Highv0ltag3|move: Stealth Rock
|
|-heal|p1a: Bad Religion|50/100|[from] item: Leftovers
|upkeep
|turn|36
|
|t:|1658674659
|switch|p1a: Forrest Gump|Tangrowth, F|100/100
|move|p2a: Landorus|Stealth Rock|p1a: Forrest Gump
|-sidestart|p1: someidiot19|move: Stealth Rock
|
|upkeep
|turn|37
|
|t:|1658674662
|move|p2a: Landorus|Toxic|p1a: Forrest Gump
|-status|p1a: Forrest Gump|tox
|move|p1a: Forrest Gump|Toxic|p2a: Landorus
|-status|p2a: Landorus|tox
|
|-damage|p2a: Landorus|94/100 tox|[from] psn
|-damage|p1a: Forrest Gump|94/100 tox|[from] psn
|upkeep
|turn|38
|
|t:|1658674668
|move|p2a: Landorus|U-turn|p1a: Forrest Gump
|-supereffective|p1a: Forrest Gump
|-damage|p1a: Forrest Gump|69/100 tox
|j| Duffyster
|
|t:|1658674673
|switch|p2a: Corviknight|Corviknight, F|100/100 par|[from]move: U-turn
|-damage|p2a: Corviknight|88/100 par|[from] Stealth Rock
|-ability|p2a: Corviknight|Pressure
|move|p1a: Forrest Gump|Knock Off|p2a: Corviknight
|-damage|p2a: Corviknight|78/100 par
|
|-damage|p1a: Forrest Gump|56/100 tox|[from] psn
|upkeep
|turn|39
|
|t:|1658674678
|switch|p1a: Pink Matter|Clefable, F, shiny|91/100
|move|p2a: Corviknight|U-turn|p1a: Pink Matter
|-resisted|p1a: Pink Matter
|-damage|p1a: Pink Matter|86/100
|
|t:|1658674680
|switch|p2a: Porygon-Z|Porygon-Z|43/100|[from]move: U-turn
|-damage|p2a: Porygon-Z|30/100|[from] Stealth Rock
|-ability|p2a: Porygon-Z|Download|boost
|-boost|p2a: Porygon-Z|spa|1
|
|-heal|p1a: Pink Matter|92/100|[from] item: Leftovers
|upkeep
|turn|40
|l| Duffyster
|inactive|someidiot19 has 120 seconds left.
|
|t:|1658674722
|move|p2a: Porygon-Z|Tri Attack|p1a: Pink Matter
|-damage|p1a: Pink Matter|4/100
|-status|p1a: Pink Matter|brn
|move|p1a: Pink Matter|Thunder Wave|p2a: Porygon-Z
|-status|p2a: Porygon-Z|par
|
|-heal|p1a: Pink Matter|10/100 brn|[from] item: Leftovers
|upkeep
|turn|41
|l| Kia reliable?
|c|☆Highv0ltag3|well that sucks
|
|t:|1658674752
|switch|p1a: Bad Religion|Jirachi|50/100
|-damage|p1a: Bad Religion|44/100|[from] Stealth Rock
|switch|p2a: Landorus|Landorus-Therian, M|94/100 tox
|-damage|p2a: Landorus|82/100 tox|[from] Stealth Rock
|-ability|p2a: Landorus|Intimidate|boost
|-unboost|p1a: Bad Religion|atk|1
|
|-heal|p1a: Bad Religion|50/100|[from] item: Leftovers
|-heal|p2a: Landorus|88/100 tox|[from] item: Leftovers
|-damage|p2a: Landorus|82/100 tox|[from] psn
|upkeep
|turn|42
|
|t:|1658674764
|switch|p1a: Forrest Gump|Tangrowth, F|89/100 tox
|move|p2a: Landorus|U-turn|p1a: Forrest Gump
|-supereffective|p1a: Forrest Gump
|-damage|p1a: Forrest Gump|62/100 tox
|
|t:|1658674767
|switch|p2a: Porygon-Z|Porygon-Z|30/100 par|[from]move: U-turn
|-damage|p2a: Porygon-Z|18/100 par|[from] Stealth Rock
|-ability|p2a: Porygon-Z|Download|boost
|-boost|p2a: Porygon-Z|spa|1
|
|-damage|p1a: Forrest Gump|55/100 tox|[from] psn
|upkeep
|turn|43
|
|t:|1658674772
|switch|p1a: Bad Religion|Jirachi|50/100
|-damage|p1a: Bad Religion|44/100|[from] Stealth Rock
|cant|p2a: Porygon-Z|par
|
|-heal|p1a: Bad Religion|50/100|[from] item: Leftovers
|upkeep
|turn|44
|
|t:|1658674782
|switch|p2a: Toxapex|Toxapex, M|100/100 par
|-damage|p2a: Toxapex|88/100 par|[from] Stealth Rock
|move|p1a: Bad Religion|Iron Head|p2a: Toxapex
|-resisted|p2a: Toxapex
|-damage|p2a: Toxapex|80/100 par
|
|-heal|p1a: Bad Religion|56/100|[from] item: Leftovers
|upkeep
|turn|45
|c|☆someidiot19|lottery time
|j| MCAdmin2
|
|t:|1658674787
|switch|p2a: Porygon-Z|Porygon-Z|18/100 par
|-damage|p2a: Porygon-Z|5/100 par|[from] Stealth Rock
|-ability|p2a: Porygon-Z|Download|boost
|-boost|p2a: Porygon-Z|atk|1
|move|p1a: Bad Religion|Iron Head|p2a: Porygon-Z
|-damage|p2a: Porygon-Z|0 fnt
|faint|p2a: Porygon-Z
|
|-heal|p1a: Bad Religion|62/100|[from] item: Leftovers
|upkeep
|
|t:|1658674791
|switch|p2a: Urshifu|Urshifu-Rapid-Strike, M|28/100
|-damage|p2a: Urshifu|22/100|[from] Stealth Rock
|turn|46
|j| Kia reliable?
|
|t:|1658674795
|switch|p1a: Forrest Gump|Tangrowth, F|89/100 tox
|move|p2a: Urshifu|Close Combat|p1a: Forrest Gump
|-damage|p1a: Forrest Gump|41/100 tox
|-unboost|p2a: Urshifu|def|1
|-unboost|p2a: Urshifu|spd|1
|
|-damage|p1a: Forrest Gump|35/100 tox|[from] psn
|upkeep
|turn|47
|
|t:|1658674811
|switch|p1a: Pink Matter|Clefable, F, shiny|10/100 brn
|move|p2a: Urshifu|Close Combat|p1a: Pink Matter
|-resisted|p1a: Pink Matter
|-damage|p1a: Pink Matter|0 fnt
|-unboost|p2a: Urshifu|def|1
|-unboost|p2a: Urshifu|spd|1
|faint|p1a: Pink Matter
|
|upkeep
|
|t:|1658674819
|switch|p1a: Thinkin Bout You|Keldeo-Resolute|87/100
|-damage|p1a: Thinkin Bout You|81/100|[from] Stealth Rock
|turn|48
|
|t:|1658674824
|switch|p2a: Toxapex|Toxapex, M|100/100 par
|-damage|p2a: Toxapex|88/100 par|[from] Stealth Rock
|move|p1a: Thinkin Bout You|Flip Turn|p2a: Toxapex
|-resisted|p2a: Toxapex
|-damage|p2a: Toxapex|84/100 par
|
|t:|1658674832
|switch|p1a: Pyramids|Excadrill, M|15/100|[from]move: Flip Turn
|-damage|p1a: Pyramids|12/100|[from] Stealth Rock
|
|-heal|p1a: Pyramids|18/100|[from] item: Leftovers
|upkeep
|turn|49
|
|t:|1658674841
|move|p1a: Pyramids|Earthquake|p2a: Toxapex
|-supereffective|p2a: Toxapex
|-damage|p2a: Toxapex|22/100 par
|move|p2a: Toxapex|Scald|p1a: Pyramids
|-supereffective|p1a: Pyramids
|-damage|p1a: Pyramids|0 fnt
|faint|p1a: Pyramids
|
|upkeep
|
|t:|1658674846
|switch|p1a: Thinkin Bout You|Keldeo-Resolute|81/100
|-damage|p1a: Thinkin Bout You|74/100|[from] Stealth Rock
|turn|50
|
|t:|1658674854
|switch|p2a: Mew|Mew|10/100
|-damage|p2a: Mew|0 fnt|[from] Stealth Rock
|faint|p2a: Mew
|move|p1a: Thinkin Bout You|Scald|p2: Mew|[notarget]
|-fail|p1a: Thinkin Bout You
|
|upkeep
|
|t:|1658674857
|switch|p2a: Toxapex|Toxapex, M|55/100 par
|-damage|p2a: Toxapex|43/100 par|[from] Stealth Rock
|turn|51
|
|t:|1658674860
|move|p1a: Thinkin Bout You|Scald|p2a: Toxapex
|-resisted|p2a: Toxapex
|-damage|p2a: Toxapex|15/100 par
|move|p2a: Toxapex|Recover|p2a: Toxapex
|-heal|p2a: Toxapex|65/100 par
|
|upkeep
|turn|52
|
|t:|1658674866
|move|p1a: Thinkin Bout You|Scald|p2a: Toxapex
|-resisted|p2a: Toxapex
|-crit|p2a: Toxapex
|-damage|p2a: Toxapex|28/100 par
|move|p2a: Toxapex|Toxic|p1a: Thinkin Bout You
|-status|p1a: Thinkin Bout You|tox
|
|-damage|p1a: Thinkin Bout You|68/100 tox|[from] psn
|upkeep
|turn|53
|
|t:|1658674882
|switch|p2a: Landorus|Landorus-Therian, M|82/100 tox
|-damage|p2a: Landorus|70/100 tox|[from] Stealth Rock
|-ability|p2a: Landorus|Intimidate|boost
|-unboost|p1a: Thinkin Bout You|atk|1
|move|p1a: Thinkin Bout You|Scald|p2a: Landorus
|-supereffective|p2a: Landorus
|-damage|p2a: Landorus|0 fnt
|faint|p2a: Landorus
|
|-damage|p1a: Thinkin Bout You|56/100 tox|[from] psn
|upkeep
|
|t:|1658674883
|switch|p2a: Toxapex|Toxapex, M|62/100 par
|-damage|p2a: Toxapex|49/100 par|[from] Stealth Rock
|turn|54
|
|t:|1658674886
|move|p1a: Thinkin Bout You|Scald|p2a: Toxapex
|-resisted|p2a: Toxapex
|-damage|p2a: Toxapex|24/100 par
|move|p2a: Toxapex|Recover|p2a: Toxapex
|-heal|p2a: Toxapex|74/100 par
|
|-damage|p1a: Thinkin Bout You|37/100 tox|[from] psn
|upkeep
|turn|55
|
|t:|1658674896
|switch|p1a: Forrest Gump|Tangrowth, F|68/100 tox
|move|p2a: Toxapex|Recover|p2a: Toxapex
|-heal|p2a: Toxapex|100/100 par
|
|-damage|p1a: Forrest Gump|62/100 tox|[from] psn
|upkeep
|turn|56
|
|t:|1658674902
|switch|p1a: Bad Religion|Jirachi|62/100
|-damage|p1a: Bad Religion|56/100|[from] Stealth Rock
|move|p2a: Toxapex|Recover||[still]
|-fail|p2a: Toxapex|heal
|
|-heal|p1a: Bad Religion|62/100|[from] item: Leftovers
|upkeep
|turn|57
|
|t:|1658674907
|move|p1a: Bad Religion|Iron Head|p2a: Toxapex
|-resisted|p2a: Toxapex
|-damage|p2a: Toxapex|92/100 par
|cant|p2a: Toxapex|flinch
|
|-heal|p1a: Bad Religion|68/100|[from] item: Leftovers
|upkeep
|turn|58
|
|t:|1658674909
|move|p1a: Bad Religion|Iron Head|p2a: Toxapex
|-resisted|p2a: Toxapex
|-crit|p2a: Toxapex
|-damage|p2a: Toxapex|79/100 par
|cant|p2a: Toxapex|par
|
|-heal|p1a: Bad Religion|74/100|[from] item: Leftovers
|upkeep
|turn|59
|
|t:|1658674911
|move|p1a: Bad Religion|Iron Head|p2a: Toxapex
|-resisted|p2a: Toxapex
|-damage|p2a: Toxapex|72/100 par
|move|p2a: Toxapex|Scald|p1a: Bad Religion
|-damage|p1a: Bad Religion|65/100
|
|-heal|p1a: Bad Religion|71/100|[from] item: Leftovers
|upkeep
|turn|60
|
|t:|1658674913
|move|p1a: Bad Religion|Iron Head|p2a: Toxapex
|-resisted|p2a: Toxapex
|-damage|p2a: Toxapex|64/100 par
|move|p2a: Toxapex|Scald|p1a: Bad Religion
|-damage|p1a: Bad Religion|61/100
|
|-heal|p1a: Bad Religion|68/100|[from] item: Leftovers
|upkeep
|turn|61
|
|t:|1658674915
|move|p1a: Bad Religion|Iron Head|p2a: Toxapex
|-resisted|p2a: Toxapex
|-damage|p2a: Toxapex|55/100 par
|cant|p2a: Toxapex|par
|
|-heal|p1a: Bad Religion|74/100|[from] item: Leftovers
|upkeep
|turn|62
|
|t:|1658674917
|move|p1a: Bad Religion|Iron Head|p2a: Toxapex
|-resisted|p2a: Toxapex
|-damage|p2a: Toxapex|47/100 par
|move|p2a: Toxapex|Recover|p2a: Toxapex
|-heal|p2a: Toxapex|97/100 par
|
|-heal|p1a: Bad Religion|80/100|[from] item: Leftovers
|upkeep
|turn|63
|
|t:|1658674922
|move|p1a: Bad Religion|Iron Head|p2a: Toxapex
|-resisted|p2a: Toxapex
|-damage|p2a: Toxapex|89/100 par
|cant|p2a: Toxapex|par
|
|-heal|p1a: Bad Religion|86/100|[from] item: Leftovers
|upkeep
|turn|64
|
|t:|1658674924
|move|p1a: Bad Religion|Iron Head|p2a: Toxapex
|-resisted|p2a: Toxapex
|-damage|p2a: Toxapex|80/100 par
|cant|p2a: Toxapex|flinch
|
|-heal|p1a: Bad Religion|92/100|[from] item: Leftovers
|upkeep
|turn|65
|
|t:|1658674926
|move|p1a: Bad Religion|Iron Head|p2a: Toxapex
|-resisted|p2a: Toxapex
|-damage|p2a: Toxapex|72/100 par
|cant|p2a: Toxapex|flinch
|
|-heal|p1a: Bad Religion|98/100|[from] item: Leftovers
|upkeep
|turn|66
|
|t:|1658674930
|move|p1a: Bad Religion|Iron Head|p2a: Toxapex
|-resisted|p2a: Toxapex
|-damage|p2a: Toxapex|63/100 par
|cant|p2a: Toxapex|flinch
|
|-heal|p1a: Bad Religion|100/100|[from] item: Leftovers
|upkeep
|turn|67
|
|t:|1658674936
|move|p1a: Bad Religion|U-turn|p2a: Toxapex
|-resisted|p2a: Toxapex
|-damage|p2a: Toxapex|58/100 par
|
|t:|1658674938
|switch|p1a: Sierra Leone|Tyranitar, F, shiny|53/100|[from]move: U-turn
|-damage|p1a: Sierra Leone|41/100|[from] Stealth Rock
|-weather|Sandstorm|[from] ability: Sand Stream|[of] p1a: Sierra Leone
|move|p2a: Toxapex|Scald|p1a: Sierra Leone
|-supereffective|p1a: Sierra Leone
|-damage|p1a: Sierra Leone|22/100
|-status|p1a: Sierra Leone|brn
|
|-weather|Sandstorm|[upkeep]
|-damage|p2a: Toxapex|52/100 par|[from] Sandstorm
|-damage|p1a: Sierra Leone|15/100 brn|[from] brn
|upkeep
|turn|68
|c|☆Highv0ltag3|well
|
|t:|1658674948
|move|p1a: Sierra Leone|Stone Edge|p2a: Toxapex
|-damage|p2a: Toxapex|25/100 par
|move|p2a: Toxapex|Recover|p2a: Toxapex
|-heal|p2a: Toxapex|75/100 par
|
|-weather|Sandstorm|[upkeep]
|-damage|p2a: Toxapex|69/100 par|[from] Sandstorm
|-damage|p1a: Sierra Leone|9/100 brn|[from] brn
|upkeep
|turn|69
|j| yuwenling
|
|t:|1658674961
|switch|p1a: Bad Religion|Jirachi|100/100
|-damage|p1a: Bad Religion|94/100|[from] Stealth Rock
|move|p2a: Toxapex|Recover|p2a: Toxapex
|-heal|p2a: Toxapex|100/100 par
|
|-weather|Sandstorm|[upkeep]
|-damage|p2a: Toxapex|94/100 par|[from] Sandstorm
|-heal|p1a: Bad Religion|100/100|[from] item: Leftovers
|upkeep
|turn|70
|c|☆Highv0ltag3|i think thats gg
|
|t:|1658674966
|move|p1a: Bad Religion|Iron Head|p2a: Toxapex
|-resisted|p2a: Toxapex
|-damage|p2a: Toxapex|86/100 par
|cant|p2a: Toxapex|flinch
|
|-weather|Sandstorm|[upkeep]
|-damage|p2a: Toxapex|80/100 par|[from] Sandstorm
|upkeep
|turn|71
|c|☆someidiot19|eh i can get astranomically lucky
|
|t:|1658674974
|move|p1a: Bad Religion|Iron Head|p2a: Toxapex
|-resisted|p2a: Toxapex
|-damage|p2a: Toxapex|72/100 par
|move|p2a: Toxapex|Scald|p1a: Bad Religion
|-damage|p1a: Bad Religion|91/100
|-status|p1a: Bad Religion|brn
|
|-weather|none
|-heal|p1a: Bad Religion|97/100 brn|[from] item: Leftovers
|-damage|p1a: Bad Religion|91/100 brn|[from] brn
|upkeep
|turn|72
|
|t:|1658674976
|move|p1a: Bad Religion|Iron Head|p2a: Toxapex
|-resisted|p2a: Toxapex
|-damage|p2a: Toxapex|68/100 par
|cant|p2a: Toxapex|flinch
|
|-heal|p1a: Bad Religion|97/100 brn|[from] item: Leftovers
|-damage|p1a: Bad Religion|91/100 brn|[from] brn
|upkeep
|turn|73
|
|t:|1658674979
|move|p1a: Bad Religion|Iron Head|p2a: Toxapex
|-resisted|p2a: Toxapex
|-damage|p2a: Toxapex|63/100 par
|cant|p2a: Toxapex|flinch
|
|-heal|p1a: Bad Religion|97/100 brn|[from] item: Leftovers
|-damage|p1a: Bad Religion|91/100 brn|[from] brn
|upkeep
|turn|74
|
|t:|1658674980
|move|p1a: Bad Religion|Iron Head|p2a: Toxapex
|-resisted|p2a: Toxapex
|-damage|p2a: Toxapex|59/100 par
|cant|p2a: Toxapex|flinch
|
|-heal|p1a: Bad Religion|97/100 brn|[from] item: Leftovers
|-damage|p1a: Bad Religion|91/100 brn|[from] brn
|upkeep
|turn|75
|
|t:|1658674983
|move|p1a: Bad Religion|Iron Head|p2a: Toxapex
|-resisted|p2a: Toxapex
|-damage|p2a: Toxapex|55/100 par
|move|p2a: Toxapex|Recover|p2a: Toxapex
|-heal|p2a: Toxapex|100/100 par
|
|-heal|p1a: Bad Religion|97/100 brn|[from] item: Leftovers
|-damage|p1a: Bad Religion|91/100 brn|[from] brn
|upkeep
|turn|76
|
|t:|1658674985
|move|p1a: Bad Religion|Iron Head|p2a: Toxapex
|-resisted|p2a: Toxapex
|-damage|p2a: Toxapex|96/100 par
|move|p2a: Toxapex|Scald|p1a: Bad Religion
|-damage|p1a: Bad Religion|82/100 brn
|
|-heal|p1a: Bad Religion|88/100 brn|[from] item: Leftovers
|-damage|p1a: Bad Religion|82/100 brn|[from] brn
|upkeep
|turn|77
|
|t:|1658674988
|move|p1a: Bad Religion|Iron Head|p2a: Toxapex
|-resisted|p2a: Toxapex
|-damage|p2a: Toxapex|92/100 par
|cant|p2a: Toxapex|par
|
|-heal|p1a: Bad Religion|88/100 brn|[from] item: Leftovers
|-damage|p1a: Bad Religion|82/100 brn|[from] brn
|upkeep
|turn|78
|
|t:|1658674991
|move|p1a: Bad Religion|Iron Head|p2a: Toxapex
|-resisted|p2a: Toxapex
|-damage|p2a: Toxapex|88/100 par
|move|p2a: Toxapex|Scald|p1a: Bad Religion
|-damage|p1a: Bad Religion|72/100 brn
|
|-heal|p1a: Bad Religion|78/100 brn|[from] item: Leftovers
|-damage|p1a: Bad Religion|72/100 brn|[from] brn
|upkeep
|turn|79
|
|t:|1658674993
|move|p1a: Bad Religion|Iron Head|p2a: Toxapex
|-resisted|p2a: Toxapex
|-damage|p2a: Toxapex|84/100 par
|cant|p2a: Toxapex|flinch
|
|-heal|p1a: Bad Religion|78/100 brn|[from] item: Leftovers
|-damage|p1a: Bad Religion|72/100 brn|[from] brn
|upkeep
|turn|80
|
|t:|1658674995
|move|p1a: Bad Religion|Healing Wish|p1a: Bad Religion
|faint|p1a: Bad Religion
|move|p2a: Toxapex|Scald|p1: Bad Religion|[notarget]
|-fail|p2a: Toxapex
|
|upkeep
|
|t:|1658674998
|switch|p1a: Sierra Leone|Tyranitar, F, shiny|9/100 brn
|-heal|p1a: Sierra Leone|100/100|[from] move: Healing Wish
|-damage|p1a: Sierra Leone|88/100|[from] Stealth Rock
|-weather|Sandstorm|[from] ability: Sand Stream|[of] p1a: Sierra Leone
|turn|81
|c|☆Highv0ltag3|ooo
|c|☆Highv0ltag3|i see
|
|t:|1658675018
|move|p1a: Sierra Leone|Stone Edge|p2a: Toxapex
|-damage|p2a: Toxapex|34/100 par
|move|p2a: Toxapex|Recover|p2a: Toxapex
|-heal|p2a: Toxapex|84/100 par
|
|-weather|Sandstorm|[upkeep]
|-damage|p2a: Toxapex|78/100 par|[from] Sandstorm
|upkeep
|turn|82
|c| Kia reliable?|ttar
|l| esparteropadreando
|
|t:|1658675029
|move|p1a: Sierra Leone|Stone Edge|p2a: Toxapex
|-damage|p2a: Toxapex|23/100 par
|move|p2a: Toxapex|Recover|p2a: Toxapex
|-heal|p2a: Toxapex|73/100 par
|
|-weather|Sandstorm|[upkeep]
|-damage|p2a: Toxapex|67/100 par|[from] Sandstorm
|upkeep
|turn|83
|
|t:|1658675040
|switch|p2a: Corviknight|Corviknight, F|78/100 par
|-damage|p2a: Corviknight|65/100 par|[from] Stealth Rock
|-ability|p2a: Corviknight|Pressure
|move|p1a: Sierra Leone|Stone Edge|p2a: Corviknight
|-damage|p2a: Corviknight|11/100 par
|
|-weather|Sandstorm|[upkeep]
|upkeep
|turn|84
|
|t:|1658675047
|move|p1a: Sierra Leone|Stone Edge|p2a: Corviknight
|-damage|p2a: Corviknight|0 fnt
|faint|p2a: Corviknight
|
|-weather|Sandstorm|[upkeep]
|upkeep
|
|t:|1658675055
|switch|p2a: Urshifu|Urshifu-Rapid-Strike, M|22/100
|-damage|p2a: Urshifu|16/100|[from] Stealth Rock
|turn|85
|
|t:|1658675057
|switch|p1a: Forrest Gump|Tangrowth, F|95/100 tox
|move|p2a: Urshifu|Close Combat|p1a: Forrest Gump
|-damage|p1a: Forrest Gump|45/100 tox
|-unboost|p2a: Urshifu|def|1
|-unboost|p2a: Urshifu|spd|1
|
|-weather|none
|-damage|p1a: Forrest Gump|39/100 tox|[from] psn
|upkeep
|turn|86
|
|t:|1658675064
|switch|p1a: Thinkin Bout You|Keldeo-Resolute|37/100 tox
|-damage|p1a: Thinkin Bout You|31/100 tox|[from] Stealth Rock
|move|p2a: Urshifu|Close Combat|p1a: Thinkin Bout You
|-damage|p1a: Thinkin Bout You|0 fnt
|-unboost|p2a: Urshifu|def|1
|-unboost|p2a: Urshifu|spd|1
|faint|p1a: Thinkin Bout You
|
|upkeep
|
|t:|1658675067
|switch|p1a: Forrest Gump|Tangrowth, F|72/100 tox
|turn|87
|
|t:|1658675070
|switch|p2a: Toxapex|Toxapex, M|99/100 par
|-damage|p2a: Toxapex|87/100 par|[from] Stealth Rock
|move|p1a: Forrest Gump|Giga Drain|p2a: Toxapex
|-damage|p2a: Toxapex|66/100 par
|-heal|p1a: Forrest Gump|80/100 tox|[from] drain|[of] p2a: Toxapex
|
|-damage|p1a: Forrest Gump|74/100 tox|[from] psn
|upkeep
|turn|88
|l| MCAdmin2
|
|t:|1658675077
|switch|p1a: Sierra Leone|Tyranitar, F, shiny|88/100
|-damage|p1a: Sierra Leone|76/100|[from] Stealth Rock
|-weather|Sandstorm|[from] ability: Sand Stream|[of] p1a: Sierra Leone
|move|p2a: Toxapex|Recover|p2a: Toxapex
|-heal|p2a: Toxapex|100/100 par
|
|-weather|Sandstorm|[upkeep]
|-damage|p2a: Toxapex|94/100 par|[from] Sandstorm
|upkeep
|turn|89
|
|t:|1658675079
|move|p1a: Sierra Leone|Crunch|p2a: Toxapex
|-damage|p2a: Toxapex|53/100 par
|move|p2a: Toxapex|Recover|p2a: Toxapex
|-heal|p2a: Toxapex|100/100 par
|
|-weather|Sandstorm|[upkeep]
|-damage|p2a: Toxapex|94/100 par|[from] Sandstorm
|upkeep
|turn|90
|
|t:|1658675085
|move|p1a: Sierra Leone|Crunch|p2a: Toxapex
|-damage|p2a: Toxapex|55/100 par
|-unboost|p2a: Toxapex|def|1
|move|p2a: Toxapex|Toxic|p1a: Sierra Leone
|-status|p1a: Sierra Leone|tox
|
|-weather|Sandstorm|[upkeep]
|-damage|p2a: Toxapex|49/100 par|[from] Sandstorm
|-damage|p1a: Sierra Leone|70/100 tox|[from] psn
|upkeep
|turn|91
|c| Kia reliable?|crunch
|c| Kia reliable?|omg
|c| Kia reliable?|no way
|c| Kia reliable?|tang wins
|c|☆someidiot19|i need to get another one
|
|t:|1658675106
|switch|p2a: Urshifu|Urshifu-Rapid-Strike, M|16/100
|-damage|p2a: Urshifu|10/100|[from] Stealth Rock
|move|p1a: Sierra Leone|Crunch|p2a: Urshifu
|-resisted|p2a: Urshifu
|-damage|p2a: Urshifu|0 fnt
|faint|p2a: Urshifu
|
|-weather|Sandstorm|[upkeep]
|-damage|p1a: Sierra Leone|57/100 tox|[from] psn
|upkeep
|c| Kia reliable?|someidiot19
|
|t:|1658675108
|switch|p2a: Toxapex|Toxapex, M|82/100 par
|-damage|p2a: Toxapex|70/100 par|[from] Stealth Rock
|turn|92
|c| Kia reliable?|i think you're
|
|t:|1658675111
|move|p1a: Sierra Leone|Crunch|p2a: Toxapex
|-damage|p2a: Toxapex|27/100 par
|-unboost|p2a: Toxapex|def|1
|move|p2a: Toxapex|Recover|p2a: Toxapex
|-heal|p2a: Toxapex|77/100 par
|
|-weather|none
|-damage|p1a: Sierra Leone|39/100 tox|[from] psn
|upkeep
|turn|93
|c| Kia reliable?|a genius
|c| Kia reliable?|not an idiot
|c| ripreckful|goat
|c| Kia reliable?|omg
|c| Kia reliable?|see
|c| Kia reliable?|ur insane
|c| Kia reliable?|gand highvoltag3
|inactive|Highv0ltag3 has 120 seconds left.
|c| Kia reliable?|ur fire too
|
|t:|1658675146
|move|p1a: Sierra Leone|Crunch|p2a: Toxapex
|-damage|p2a: Toxapex|14/100 par
|move|p2a: Toxapex|Recover|p2a: Toxapex
|-heal|p2a: Toxapex|64/100 par
|
|-damage|p1a: Sierra Leone|14/100 tox|[from] psn
|upkeep
|turn|94
|c|☆someidiot19|yellow magic do your thing
|
|t:|1658675157
|move|p1a: Sierra Leone|Crunch|p2a: Toxapex
|-damage|p2a: Toxapex|3/100 par
|move|p2a: Toxapex|Recover|p2a: Toxapex
|-heal|p2a: Toxapex|53/100 par
|
|-damage|p1a: Sierra Leone|0 fnt|[from] psn
|faint|p1a: Sierra Leone
|upkeep
|c| Kia reliable?|lollll
|
|t:|1658675160
|switch|p1a: Forrest Gump|Tangrowth, F|100/100 tox
|turn|95
|c| Kia reliable?|o
|c| Kia reliable?|fuck
|
|t:|1658675166
|move|p1a: Forrest Gump|Giga Drain|p2a: Toxapex
|-damage|p2a: Toxapex|30/100 par
|move|p2a: Toxapex|Scald|p1a: Forrest Gump
|-resisted|p1a: Forrest Gump
|-damage|p1a: Forrest Gump|89/100 tox
|
|-damage|p1a: Forrest Gump|83/100 tox|[from] psn
|upkeep
|turn|96
|c| Kia reliable?|yellow magic
|c| Kia reliable?|go
|c| Kia reliable?|brr
|c| Kia reliable?|hold up
|c| Kia reliable?|that did a lot
|c|☆Highv0ltag3|gg
|c|☆Highv0ltag3|wow
|c|☆someidiot19|gg
|
|t:|1658675181
|move|p1a: Forrest Gump|Giga Drain|p2a: Toxapex
|-damage|p2a: Toxapex|7/100 par
|-heal|p1a: Forrest Gump|92/100 tox|[from] drain|[of] p2a: Toxapex
|move|p2a: Toxapex|Scald|p1a: Forrest Gump
|-resisted|p1a: Forrest Gump
|-damage|p1a: Forrest Gump|80/100 tox
|
|-damage|p1a: Forrest Gump|68/100 tox|[from] psn
|upkeep
|turn|97
|
|t:|1658675183
|move|p1a: Forrest Gump|Giga Drain|p2a: Toxapex
|-damage|p2a: Toxapex|0 fnt
|-heal|p1a: Forrest Gump|71/100 tox|[from] drain|[of] p2a: Toxapex
|faint|p2a: Toxapex
|
|win|someidiot19
|raw|someidiot19's rating: 1743 &rarr; <strong>1774</strong><br />(+31 for winning)
|raw|Highv0ltag3's rating: 1961 &rarr; <strong>1930</strong><br />(-31 for losing)
|c|☆Highv0ltag3|cool game
|c|☆someidiot19|yeah
|c| Kia reliable?|ggs to both
|c|☆someidiot19|close as fuck
|c|☆Highv0ltag3|ye
|c|☆Highv0ltag3|one of my best ever
|c| Kia reliable?|someidiot19
|c|☆Highv0ltag3|downloading replay for sure
|c|☆someidiot19|same lmao
|c| Kia reliable?|can u pls send me your team
|c|☆someidiot19|bruh my heart beating way too fast rn
|c|☆someidiot19|uh
|c|☆Highv0ltag3|xd
|c|☆someidiot19|Kia reliable i RMT'd it
|c| Kia reliable?|jirachi had literally 1 iron head
|c| Kia reliable?|left
|c|☆Highv0ltag3|my heart only beats fast on 600 turns stall vs stall games tho
|c| Kia reliable?|someidiot19 can u send me rmt link
||Ladder isn't responding, score probably updated but might not have (Request timeout).
|c|☆someidiot19|https://www.smogon.com/forums/threads/keldeo-rachi-sand-balance-1700s.3705256/
|c| Kia reliable?|thanks
|c|☆someidiot19|ggs
|c|☆Highv0ltag3|ggs
|l|☆someidiot19
