|raw|<div class="broadcast-blue"><strong>This battle is required to be public due to a player having a name starting with 'lt81yl'.</div>
|j|☆LT81YL TEAMBUILDER
|j|☆Lenape
|t:|1625151677
|gametype|singles
|player|p1|LT81YL TEAMBUILDER|1|1811
|player|p2|Lenape|266|1968
|teamsize|p1|6
|teamsize|p2|6
|gen|8
|tier|[Gen 8] OU
|rated|
|rule|Sleep Clause Mod: Limit one foe put to sleep
|rule|Species Clause: Limit one of each Pokémon
|rule|OHKO Clause: OHKO moves are banned
|rule|Evasion Moves Clause: Evasion moves are banned
|rule|Endless Battle Clause: Forcing endless battles is banned
|rule|HP Percentage Mod: HP is shown in percentages
|rule|Dynamax Clause: You cannot dynamax
|clearpoke
|poke|p1|Tapu Lele|
|poke|p1|Garchomp, F|
|poke|p1|Victini|
|poke|p1|Ferrothorn, F|
|poke|p1|Rotom-Wash|
|poke|p1|Mandibuzz, F|
|poke|p2|Rotom-Heat|
|poke|p2|Corviknight, M|
|poke|p2|Sylveon, F|
|poke|p2|Rhyperior, M|
|poke|p2|Toxapex, F|
|poke|p2|Umbreon, M|
|teampreview
|j| Empo
|j| Arkayy
|j| monsmidlifecrisis
|inactive|Battle timer is ON: inactive players will automatically lose when time's up. (requested by Lenape)
|j| Heracrossed Up
|j| Abliek
|inactive|LT81YL TEAMBUILDER has 120 seconds left.
|inactive|LT81YL TEAMBUILDER has 90 seconds left.
|inactive|LT81YL TEAMBUILDER has 60 seconds left.
|
|t:|1625151794
|start
|switch|p1a: Garchomp|Garchomp, F|100/100
|switch|p2a: Rotom|Rotom-Heat|100/100
|turn|1
|
|t:|1625151797
|move|p2a: Rotom|Trick|p1a: Garchomp
|-activate|p2a: Rotom|move: Trick|[of] p1a: Garchomp
|-item|p1a: Garchomp|Choice Scarf|[from] move: Trick
|-item|p2a: Rotom|Life Orb|[from] move: Trick
|move|p1a: Garchomp|Stone Edge|p2a: Rotom
|-supereffective|p2a: Rotom
|-damage|p2a: Rotom|35/100
|
|upkeep
|turn|2
|
|t:|1625151800
|switch|p2a: Umbreon|Umbreon, M|100/100
|move|p1a: Garchomp|Stone Edge|p2a: Umbreon
|-damage|p2a: Umbreon|81/100
|
|-heal|p2a: Umbreon|87/100|[from] item: Leftovers
|upkeep
|turn|3
|inactive|LT81YL TEAMBUILDER has 120 seconds left.
|
|t:|1625151822
|switch|p1a: Ferrothorn|Ferrothorn, F|100/100
|move|p2a: Umbreon|Wish|p2a: Umbreon
|
|-heal|p2a: Umbreon|93/100|[from] item: Leftovers
|upkeep
|turn|4
|
|t:|1625151826
|switch|p2a: Rotom|Rotom-Heat|35/100
|move|p1a: Ferrothorn|Knock Off|p2a: Rotom
|-damage|p2a: Rotom|14/100
|-enditem|p2a: Rotom|Life Orb|[from] move: Knock Off|[of] p1a: Ferrothorn
|
|-heal|p2a: Rotom|79/100|[from] move: Wish|[wisher] Umbreon
|upkeep
|turn|5
|
|t:|1625151840
|switch|p1a: Garchomp|Garchomp, F|100/100
|move|p2a: Rotom|Will-O-Wisp|p1a: Garchomp
|-status|p1a: Garchomp|brn
|
|-damage|p1a: Garchomp|94/100 brn|[from] brn
|upkeep
|turn|6
|
|t:|1625151843
|switch|p2a: Rhyperior|Rhyperior, M|100/100
|move|p1a: Garchomp|Stealth Rock|p2a: Rhyperior
|-sidestart|p2: Lenape|move: Stealth Rock
|
|-damage|p1a: Garchomp|88/100 brn|[from] brn
|upkeep
|turn|7
|
|t:|1625151845
|switch|p1a: Rotom|Rotom-Wash|100/100
|move|p2a: Rhyperior|Stealth Rock|p1a: Rotom
|-sidestart|p1: LT81YL TEAMBUILDER|move: Stealth Rock
|
|upkeep
|turn|8
|
|t:|1625151850
|switch|p2a: Sylveon|Sylveon, F|100/100
|-damage|p2a: Sylveon|88/100|[from] Stealth Rock
|move|p1a: Rotom|Hydro Pump|p2a: Sylveon
|-damage|p2a: Sylveon|69/100
|
|-heal|p2a: Sylveon|75/100|[from] item: Leftovers
|upkeep
|turn|9
|
|t:|1625151852
|move|p1a: Rotom|Volt Switch|p2a: Sylveon
|-damage|p2a: Sylveon|62/100
|
|t:|1625151856
|switch|p1a: Victini|Victini|100/100|[from]move: Volt Switch
|move|p2a: Sylveon|Wish|p2a: Sylveon
|
|-heal|p2a: Sylveon|68/100|[from] item: Leftovers
|upkeep
|turn|10
|
|t:|1625151864
|move|p2a: Sylveon|Protect|p2a: Sylveon
|-singleturn|p2a: Sylveon|Protect
|move|p1a: Victini|V-create|p2a: Sylveon
|-activate|p2a: Sylveon|move: Protect
|
|-heal|p2a: Sylveon|100/100|[from] move: Wish|[wisher] Sylveon
|upkeep
|turn|11
|
|t:|1625151868
|switch|p2a: Rhyperior|Rhyperior, M|100/100
|-damage|p2a: Rhyperior|94/100|[from] Stealth Rock
|move|p1a: Victini|V-create|p2a: Rhyperior
|-resisted|p2a: Rhyperior
|-damage|p2a: Rhyperior|72/100
|-unboost|p1a: Victini|spe|1
|-unboost|p1a: Victini|def|1
|-unboost|p1a: Victini|spd|1
|
|-heal|p2a: Rhyperior|78/100|[from] item: Leftovers
|upkeep
|turn|12
|
|t:|1625151872
|move|p1a: Victini|U-turn|p2a: Rhyperior
|-damage|p2a: Rhyperior|66/100
|
|t:|1625151875
|switch|p1a: Garchomp|Garchomp, F|88/100 brn|[from]move: U-turn
|-damage|p1a: Garchomp|82/100 brn|[from] Stealth Rock
|move|p2a: Rhyperior|Rock Blast|p1a: Garchomp
|-resisted|p1a: Garchomp
|-damage|p1a: Garchomp|76/100 brn
|-resisted|p1a: Garchomp
|-damage|p1a: Garchomp|70/100 brn
|-hitcount|p1a: Garchomp|2
|
|-heal|p2a: Rhyperior|72/100|[from] item: Leftovers
|-damage|p1a: Garchomp|64/100 brn|[from] brn
|upkeep
|turn|13
|
|t:|1625151880
|move|p1a: Garchomp|Earthquake|p2a: Rhyperior
|-supereffective|p2a: Rhyperior
|-damage|p2a: Rhyperior|49/100
|move|p2a: Rhyperior|Earthquake|p1a: Garchomp
|-damage|p1a: Garchomp|21/100 brn
|
|-heal|p2a: Rhyperior|55/100|[from] item: Leftovers
|-damage|p1a: Garchomp|15/100 brn|[from] brn
|upkeep
|turn|14
|
|t:|1625151884
|move|p1a: Garchomp|Earthquake|p2a: Rhyperior
|-supereffective|p2a: Rhyperior
|-crit|p2a: Rhyperior
|-damage|p2a: Rhyperior|21/100
|move|p2a: Rhyperior|Rock Blast|p1a: Garchomp
|-resisted|p1a: Garchomp
|-damage|p1a: Garchomp|9/100 brn
|-resisted|p1a: Garchomp
|-damage|p1a: Garchomp|3/100 brn
|-resisted|p1a: Garchomp
|-crit|p1a: Garchomp
|-damage|p1a: Garchomp|0 fnt
|faint|p1a: Garchomp
|-hitcount|p1: Garchomp|3
|
|-heal|p2a: Rhyperior|28/100|[from] item: Leftovers
|upkeep
|
|t:|1625151889
|switch|p1a: Tapu Lele|Tapu Lele|100/100
|-damage|p1a: Tapu Lele|88/100|[from] Stealth Rock
|-fieldstart|move: Psychic Terrain|[from] ability: Psychic Surge|[of] p1a: Tapu Lele
|turn|15
|
|t:|1625151891
|move|p1a: Tapu Lele|Moonblast|p2a: Rhyperior
|-damage|p2a: Rhyperior|0 fnt
|faint|p2a: Rhyperior
|
|upkeep
|
|t:|1625151909
|switch|p2a: Rotom|Rotom-Heat|79/100
|-damage|p2a: Rotom|54/100|[from] Stealth Rock
|turn|16
|
|t:|1625151918
|switch|p1a: Rotom|Rotom-Wash|100/100
|-damage|p1a: Rotom|88/100|[from] Stealth Rock
|move|p2a: Rotom|Defog|p1a: Rotom
|-unboost|p1a: Rotom|evasion|1
|-sideend|p1: LT81YL TEAMBUILDER|Stealth Rock|[from] move: Defog|[of] p2a: Rotom
|-sideend|p2: Lenape|Stealth Rock|[from] move: Defog|[of] p2a: Rotom
|-fieldend|move: Psychic Terrain
|
|-heal|p1a: Rotom|94/100|[from] item: Leftovers
|upkeep
|turn|17
|
|t:|1625151926
|move|p2a: Rotom|Trick|p1a: Rotom
|-activate|p2a: Rotom|move: Trick|[of] p1a: Rotom
|-enditem|p1a: Rotom|Leftovers|[silent]|[from] move: Trick
|-item|p2a: Rotom|Leftovers|[from] move: Trick
|move|p1a: Rotom|Hydro Pump|p2a: Rotom
|-supereffective|p2a: Rotom
|-damage|p2a: Rotom|0 fnt
|faint|p2a: Rotom
|
|upkeep
|
|t:|1625151935
|switch|p2a: Sylveon|Sylveon, F|100/100
|turn|18
|
|t:|1625151938
|move|p1a: Rotom|Volt Switch|p2a: Sylveon
|-damage|p2a: Sylveon|87/100
|
|t:|1625151940
|switch|p1a: Ferrothorn|Ferrothorn, F|100/100|[from]move: Volt Switch
|move|p2a: Sylveon|Wish|p2a: Sylveon
|
|-heal|p2a: Sylveon|93/100|[from] item: Leftovers
|upkeep
|turn|19
|
|t:|1625151944
|switch|p2a: Corviknight|Corviknight, M|100/100
|-ability|p2a: Corviknight|Pressure
|move|p1a: Ferrothorn|Knock Off|p2a: Corviknight
|-damage|p2a: Corviknight|83/100
|-enditem|p2a: Corviknight|Life Orb|[from] move: Knock Off|[of] p1a: Ferrothorn
|
|-heal|p2a: Corviknight|100/100|[from] move: Wish|[wisher] Sylveon
|upkeep
|turn|20
|
|t:|1625151949
|switch|p1a: Victini|Victini|100/100
|move|p2a: Corviknight|Substitute|p2a: Corviknight
|-start|p2a: Corviknight|Substitute
|-damage|p2a: Corviknight|75/100
|
|upkeep
|turn|21
|
|t:|1625151959
|move|p1a: Victini|Bolt Strike|p2a: Corviknight
|-supereffective|p2a: Corviknight
|-end|p2a: Corviknight|Substitute
|move|p2a: Corviknight|Substitute|p2a: Corviknight
|-start|p2a: Corviknight|Substitute
|-damage|p2a: Corviknight|50/100
|
|upkeep
|turn|22
|
|t:|1625151964
|move|p1a: Victini|Bolt Strike|p2a: Corviknight
|-supereffective|p2a: Corviknight
|-end|p2a: Corviknight|Substitute
|move|p2a: Corviknight|Roost|p2a: Corviknight
|-heal|p2a: Corviknight|100/100
|-singleturn|p2a: Corviknight|move: Roost
|
|upkeep
|turn|23
|
|t:|1625151968
|switch|p2a: Umbreon|Umbreon, M|93/100
|move|p1a: Victini|V-create|p2a: Umbreon
|-damage|p2a: Umbreon|50/100
|-unboost|p1a: Victini|spe|1
|-unboost|p1a: Victini|def|1
|-unboost|p1a: Victini|spd|1
|
|-heal|p2a: Umbreon|56/100|[from] item: Leftovers
|upkeep
|turn|24
|
|t:|1625151970
|move|p1a: Victini|U-turn|p2a: Umbreon
|-supereffective|p2a: Umbreon
|-damage|p2a: Umbreon|30/100
|
|t:|1625151972
|switch|p1a: Ferrothorn|Ferrothorn, F|100/100|[from]move: U-turn
|move|p2a: Umbreon|Wish|p2a: Umbreon
|
|-heal|p2a: Umbreon|36/100|[from] item: Leftovers
|upkeep
|turn|25
|
|t:|1625151975
|move|p2a: Umbreon|Protect|p2a: Umbreon
|-singleturn|p2a: Umbreon|Protect
|move|p1a: Ferrothorn|Spikes|p2a: Umbreon
|-sidestart|p2: Lenape|Spikes
|
|-heal|p2a: Umbreon|86/100|[from] move: Wish|[wisher] Umbreon
|-heal|p2a: Umbreon|92/100|[from] item: Leftovers
|upkeep
|turn|26
|
|t:|1625151978
|switch|p2a: Corviknight|Corviknight, M|100/100
|-ability|p2a: Corviknight|Pressure
|move|p1a: Ferrothorn|Leech Seed|p2a: Corviknight
|-start|p2a: Corviknight|move: Leech Seed
|
|-damage|p2a: Corviknight|88/100|[from] Leech Seed|[of] p1a: Ferrothorn
|upkeep
|turn|27
|
|t:|1625151980
|switch|p2a: Toxapex|Toxapex, F|100/100
|-damage|p2a: Toxapex|88/100|[from] Spikes
|move|p1a: Ferrothorn|Spikes|p2a: Toxapex
|-sidestart|p2: Lenape|Spikes
|
|-heal|p2a: Toxapex|94/100|[from] item: Black Sludge
|upkeep
|turn|28
|
|t:|1625151984
|switch|p1a: Rotom|Rotom-Wash|94/100
|move|p2a: Toxapex|Scald|p1a: Rotom
|-resisted|p1a: Rotom
|-damage|p1a: Rotom|86/100
|
|-heal|p2a: Toxapex|100/100|[from] item: Black Sludge
|upkeep
|turn|29
|
|t:|1625151987
|move|p1a: Rotom|Will-O-Wisp|p2a: Toxapex
|-status|p2a: Toxapex|brn
|move|p2a: Toxapex|Toxic|p1a: Rotom
|-status|p1a: Rotom|tox
|
|-damage|p1a: Rotom|80/100 tox|[from] psn
|-damage|p2a: Toxapex|94/100 brn|[from] brn
|upkeep
|turn|30
|
|t:|1625151992
|move|p1a: Rotom|Volt Switch|p2a: Toxapex
|-supereffective|p2a: Toxapex
|-damage|p2a: Toxapex|49/100 brn
|
|t:|1625151996
|switch|p1a: Victini|Victini|100/100|[from]move: Volt Switch
|move|p2a: Toxapex|Toxic|p1a: Victini
|-status|p1a: Victini|tox
|
|-heal|p2a: Toxapex|55/100 brn|[from] item: Black Sludge
|-damage|p1a: Victini|94/100 tox|[from] psn
|-damage|p2a: Toxapex|49/100 brn|[from] brn
|upkeep
|turn|31
|j| US ARMY 2021
|
|t:|1625152000
|move|p2a: Toxapex|Baneful Bunker|p2a: Toxapex
|-singleturn|p2a: Toxapex|move: Protect
|move|p1a: Victini|Bolt Strike|p2a: Toxapex
|-activate|p2a: Toxapex|move: Protect
|
|-heal|p2a: Toxapex|55/100 brn|[from] item: Black Sludge
|-damage|p1a: Victini|82/100 tox|[from] psn
|-damage|p2a: Toxapex|49/100 brn|[from] brn
|upkeep
|turn|32
|j| Zoro666
|
|t:|1625152003
|move|p1a: Victini|Bolt Strike|p2a: Toxapex|[miss]
|-miss|p1a: Victini|p2a: Toxapex
|move|p2a: Toxapex|Recover|p2a: Toxapex
|-heal|p2a: Toxapex|99/100 brn
|
|-heal|p2a: Toxapex|100/100 brn|[from] item: Black Sludge
|-damage|p1a: Victini|64/100 tox|[from] psn
|-damage|p2a: Toxapex|94/100 brn|[from] brn
|upkeep
|turn|33
|
|t:|1625152007
|move|p2a: Toxapex|Baneful Bunker|p2a: Toxapex
|-singleturn|p2a: Toxapex|move: Protect
|move|p1a: Victini|U-turn|p2a: Toxapex
|-activate|p2a: Toxapex|move: Protect
|
|-heal|p2a: Toxapex|100/100 brn|[from] item: Black Sludge
|-damage|p1a: Victini|39/100 tox|[from] psn
|-damage|p2a: Toxapex|94/100 brn|[from] brn
|upkeep
|turn|34
|
|t:|1625152010
|switch|p1a: Ferrothorn|Ferrothorn, F|100/100
|move|p2a: Toxapex|Recover|p2a: Toxapex
|-heal|p2a: Toxapex|100/100 brn
|
|-damage|p2a: Toxapex|94/100 brn|[from] brn
|upkeep
|turn|35
|
|t:|1625152015
|switch|p2a: Corviknight|Corviknight, M|88/100
|-ability|p2a: Corviknight|Pressure
|move|p1a: Ferrothorn|Knock Off|p2a: Corviknight
|-damage|p2a: Corviknight|75/100
|
|upkeep
|turn|36
|
|t:|1625152019
|switch|p1a: Rotom|Rotom-Wash|80/100 tox
|move|p2a: Corviknight|Substitute|p2a: Corviknight
|-start|p2a: Corviknight|Substitute
|-damage|p2a: Corviknight|50/100
|
|-damage|p1a: Rotom|74/100 tox|[from] psn
|upkeep
|turn|37
|
|t:|1625152026
|move|p1a: Rotom|Volt Switch|p2a: Corviknight
|-supereffective|p2a: Corviknight
|-end|p2a: Corviknight|Substitute
|
|t:|1625152028
|switch|p1a: Victini|Victini|39/100 tox|[from]move: Volt Switch
|move|p2a: Corviknight|Substitute|p2a: Corviknight
|-start|p2a: Corviknight|Substitute
|-damage|p2a: Corviknight|25/100
|
|-damage|p1a: Victini|33/100 tox|[from] psn
|upkeep
|turn|38
|
|t:|1625152031
|move|p1a: Victini|Bolt Strike|p2a: Corviknight
|-supereffective|p2a: Corviknight
|-end|p2a: Corviknight|Substitute
|move|p2a: Corviknight|Roost|p2a: Corviknight
|-heal|p2a: Corviknight|75/100
|-singleturn|p2a: Corviknight|move: Roost
|
|-damage|p1a: Victini|20/100 tox|[from] psn
|upkeep
|turn|39
|
|t:|1625152036
|switch|p2a: Toxapex|Toxapex, F|100/100 brn
|-damage|p2a: Toxapex|84/100 brn|[from] Spikes
|move|p1a: Victini|U-turn|p2a: Toxapex
|-resisted|p2a: Toxapex
|-damage|p2a: Toxapex|78/100 brn
|
|t:|1625152038
|switch|p1a: Tapu Lele|Tapu Lele|88/100|[from]move: U-turn
|-fieldstart|move: Psychic Terrain|[from] ability: Psychic Surge|[of] p1a: Tapu Lele
|
|-heal|p2a: Toxapex|85/100 brn|[from] item: Black Sludge
|-damage|p2a: Toxapex|78/100 brn|[from] brn
|upkeep
|turn|40
|
|t:|1625152043
|move|p2a: Toxapex|Baneful Bunker|p2a: Toxapex
|-singleturn|p2a: Toxapex|move: Protect
|move|p1a: Tapu Lele|Moonblast|p2a: Toxapex
|-activate|p2a: Toxapex|move: Protect
|
|-heal|p2a: Toxapex|85/100 brn|[from] item: Black Sludge
|-damage|p2a: Toxapex|78/100 brn|[from] brn
|upkeep
|turn|41
|
|t:|1625152048
|switch|p1a: Ferrothorn|Ferrothorn, F|100/100
|switch|p2a: Corviknight|Corviknight, M|75/100
|-ability|p2a: Corviknight|Pressure
|
|upkeep
|turn|42
|
|t:|1625152050
|switch|p1a: Rotom|Rotom-Wash|74/100 tox
|move|p2a: Corviknight|Substitute|p2a: Corviknight
|-start|p2a: Corviknight|Substitute
|-damage|p2a: Corviknight|50/100
|
|-damage|p1a: Rotom|68/100 tox|[from] psn
|upkeep
|turn|43
|
|t:|1625152061
|move|p1a: Rotom|Volt Switch|p2a: Corviknight
|-supereffective|p2a: Corviknight
|-end|p2a: Corviknight|Substitute
|
|t:|1625152070
|switch|p1a: Ferrothorn|Ferrothorn, F|100/100|[from]move: Volt Switch
|move|p2a: Corviknight|Roost|p2a: Corviknight
|-heal|p2a: Corviknight|99/100
|-singleturn|p2a: Corviknight|move: Roost
|
|-fieldend|move: Psychic Terrain
|upkeep
|turn|44
|
|t:|1625152073
|switch|p1a: Rotom|Rotom-Wash|68/100 tox
|move|p2a: Corviknight|Substitute|p2a: Corviknight
|-start|p2a: Corviknight|Substitute
|-damage|p2a: Corviknight|75/100
|
|-damage|p1a: Rotom|62/100 tox|[from] psn
|upkeep
|turn|45
|l| US ARMY 2021
|
|t:|1625152076
|move|p1a: Rotom|Hydro Pump|p2a: Corviknight
|-end|p2a: Corviknight|Substitute
|move|p2a: Corviknight|Substitute|p2a: Corviknight
|-start|p2a: Corviknight|Substitute
|-damage|p2a: Corviknight|50/100
|
|-damage|p1a: Rotom|50/100 tox|[from] psn
|upkeep
|turn|46
|
|t:|1625152079
|move|p1a: Rotom|Volt Switch|p2a: Corviknight
|-supereffective|p2a: Corviknight
|-end|p2a: Corviknight|Substitute
|
|t:|1625152081
|switch|p1a: Victini|Victini|20/100 tox|[from]move: Volt Switch
|move|p2a: Corviknight|Roost|p2a: Corviknight
|-heal|p2a: Corviknight|99/100
|-singleturn|p2a: Corviknight|move: Roost
|
|-damage|p1a: Victini|14/100 tox|[from] psn
|upkeep
|turn|47
|j| US ARMY 2021
|
|t:|1625152083
|switch|p2a: Toxapex|Toxapex, F|100/100 brn
|-damage|p2a: Toxapex|84/100 brn|[from] Spikes
|move|p1a: Victini|V-create|p2a: Toxapex
|-resisted|p2a: Toxapex
|-damage|p2a: Toxapex|60/100 brn
|-unboost|p1a: Victini|spe|1
|-unboost|p1a: Victini|def|1
|-unboost|p1a: Victini|spd|1
|
|-heal|p2a: Toxapex|66/100 brn|[from] item: Black Sludge
|-damage|p1a: Victini|2/100 tox|[from] psn
|-damage|p2a: Toxapex|60/100 brn|[from] brn
|upkeep
|turn|48
|
|t:|1625152087
|move|p2a: Toxapex|Baneful Bunker|p2a: Toxapex
|-singleturn|p2a: Toxapex|move: Protect
|move|p1a: Victini|V-create|p2a: Toxapex
|-activate|p2a: Toxapex|move: Protect
|
|-heal|p2a: Toxapex|66/100 brn|[from] item: Black Sludge
|-damage|p1a: Victini|0 fnt|[from] psn
|faint|p1a: Victini
|-damage|p2a: Toxapex|60/100 brn|[from] brn
|upkeep
|
|t:|1625152089
|switch|p1a: Ferrothorn|Ferrothorn, F|100/100
|turn|49
|
|t:|1625152091
|move|p2a: Toxapex|Recover|p2a: Toxapex
|-heal|p2a: Toxapex|100/100 brn
|move|p1a: Ferrothorn|Leech Seed|p2a: Toxapex
|-start|p2a: Toxapex|move: Leech Seed
|
|-damage|p2a: Toxapex|88/100 brn|[from] Leech Seed|[of] p1a: Ferrothorn
|-damage|p2a: Toxapex|82/100 brn|[from] brn
|upkeep
|turn|50
|
|t:|1625152095
|move|p2a: Toxapex|Scald|p1a: Ferrothorn
|-resisted|p1a: Ferrothorn
|-damage|p1a: Ferrothorn|95/100
|move|p1a: Ferrothorn|Leech Seed||[still]
|-fail|p1a: Ferrothorn
|
|-heal|p2a: Toxapex|88/100 brn|[from] item: Black Sludge
|-heal|p1a: Ferrothorn|100/100|[from] item: Leftovers
|-damage|p2a: Toxapex|75/100 brn|[from] Leech Seed|[of] p1a: Ferrothorn
|-damage|p2a: Toxapex|69/100 brn|[from] brn
|upkeep
|turn|51
|
|t:|1625152098
|move|p2a: Toxapex|Scald|p1a: Ferrothorn
|-resisted|p1a: Ferrothorn
|-damage|p1a: Ferrothorn|95/100
|move|p1a: Ferrothorn|Spikes|p2a: Toxapex
|-sidestart|p2: Lenape|Spikes
|
|-heal|p2a: Toxapex|75/100 brn|[from] item: Black Sludge
|-heal|p1a: Ferrothorn|100/100|[from] item: Leftovers
|-damage|p2a: Toxapex|63/100 brn|[from] Leech Seed|[of] p1a: Ferrothorn
|-damage|p2a: Toxapex|57/100 brn|[from] brn
|upkeep
|turn|52
|
|t:|1625152100
|switch|p1a: Rotom|Rotom-Wash|50/100 tox
|move|p2a: Toxapex|Recover|p2a: Toxapex
|-heal|p2a: Toxapex|100/100 brn
|
|-damage|p2a: Toxapex|88/100 brn|[from] Leech Seed|[of] p1a: Rotom
|-heal|p1a: Rotom|63/100 tox|[silent]
|-damage|p1a: Rotom|57/100 tox|[from] psn
|-damage|p2a: Toxapex|82/100 brn|[from] brn
|upkeep
|turn|53
|
|t:|1625152105
|move|p2a: Toxapex|Baneful Bunker|p2a: Toxapex
|-singleturn|p2a: Toxapex|move: Protect
|move|p1a: Rotom|Volt Switch|p2a: Toxapex
|-activate|p2a: Toxapex|move: Protect
|
|-heal|p2a: Toxapex|88/100 brn|[from] item: Black Sludge
|-damage|p2a: Toxapex|75/100 brn|[from] Leech Seed|[of] p1a: Rotom
|-heal|p1a: Rotom|69/100 tox|[silent]
|-damage|p1a: Rotom|57/100 tox|[from] psn
|-damage|p2a: Toxapex|69/100 brn|[from] brn
|upkeep
|turn|54
|
|t:|1625152108
|move|p1a: Rotom|Volt Switch|p2a: Toxapex
|-supereffective|p2a: Toxapex
|-damage|p2a: Toxapex|29/100 brn
|
|t:|1625152110
|switch|p1a: Tapu Lele|Tapu Lele|88/100|[from]move: Volt Switch
|-fieldstart|move: Psychic Terrain|[from] ability: Psychic Surge|[of] p1a: Tapu Lele
|move|p2a: Toxapex|Recover|p2a: Toxapex
|-heal|p2a: Toxapex|79/100 brn
|
|-heal|p2a: Toxapex|85/100 brn|[from] item: Black Sludge
|-damage|p2a: Toxapex|73/100 brn|[from] Leech Seed|[of] p1a: Tapu Lele
|-heal|p1a: Tapu Lele|100/100|[silent]
|-damage|p2a: Toxapex|67/100 brn|[from] brn
|upkeep
|turn|55
|j| shinyumbreon678
|
|t:|1625152115
|switch|p1a: Rotom|Rotom-Wash|57/100 tox
|move|p2a: Toxapex|Baneful Bunker||[still]
|-fail|p2a: Toxapex
|
|-heal|p2a: Toxapex|73/100 brn|[from] item: Black Sludge
|-damage|p2a: Toxapex|60/100 brn|[from] Leech Seed|[of] p1a: Rotom
|-heal|p1a: Rotom|70/100 tox|[silent]
|-damage|p1a: Rotom|64/100 tox|[from] psn
|-damage|p2a: Toxapex|54/100 brn|[from] brn
|upkeep
|turn|56
|
|t:|1625152117
|move|p1a: Rotom|Volt Switch|p2a: Toxapex
|-supereffective|p2a: Toxapex
|-damage|p2a: Toxapex|10/100 brn
|
|t:|1625152119
|switch|p1a: Tapu Lele|Tapu Lele|100/100|[from]move: Volt Switch
|move|p2a: Toxapex|Recover|p2a: Toxapex
|-heal|p2a: Toxapex|60/100 brn
|
|-heal|p2a: Toxapex|66/100 brn|[from] item: Black Sludge
|-damage|p2a: Toxapex|54/100 brn|[from] Leech Seed|[of] p1a: Tapu Lele
|-damage|p2a: Toxapex|48/100 brn|[from] brn
|upkeep
|turn|57
|
|t:|1625152124
|switch|p1a: Rotom|Rotom-Wash|64/100 tox
|move|p2a: Toxapex|Recover|p2a: Toxapex
|-heal|p2a: Toxapex|98/100 brn
|
|-heal|p2a: Toxapex|100/100 brn|[from] item: Black Sludge
|-damage|p2a: Toxapex|88/100 brn|[from] Leech Seed|[of] p1a: Rotom
|-heal|p1a: Rotom|76/100 tox|[silent]
|-damage|p1a: Rotom|70/100 tox|[from] psn
|-damage|p2a: Toxapex|82/100 brn|[from] brn
|upkeep
|turn|58
|
|t:|1625152129
|move|p2a: Toxapex|Baneful Bunker|p2a: Toxapex
|-singleturn|p2a: Toxapex|move: Protect
|move|p1a: Rotom|Volt Switch|p2a: Toxapex
|-activate|p2a: Toxapex|move: Protect
|
|-heal|p2a: Toxapex|88/100 brn|[from] item: Black Sludge
|-damage|p2a: Toxapex|75/100 brn|[from] Leech Seed|[of] p1a: Rotom
|-heal|p1a: Rotom|83/100 tox|[silent]
|-damage|p1a: Rotom|71/100 tox|[from] psn
|-damage|p2a: Toxapex|69/100 brn|[from] brn
|-fieldend|move: Psychic Terrain
|upkeep
|turn|59
|j| sidjfosdf
|
|t:|1625152131
|move|p1a: Rotom|Volt Switch|p2a: Toxapex
|-supereffective|p2a: Toxapex
|-damage|p2a: Toxapex|23/100 brn
|
|t:|1625152134
|switch|p1a: Tapu Lele|Tapu Lele|100/100|[from]move: Volt Switch
|-fieldstart|move: Psychic Terrain|[from] ability: Psychic Surge|[of] p1a: Tapu Lele
|move|p2a: Toxapex|Recover|p2a: Toxapex
|-heal|p2a: Toxapex|73/100 brn
|
|-heal|p2a: Toxapex|79/100 brn|[from] item: Black Sludge
|-damage|p2a: Toxapex|67/100 brn|[from] Leech Seed|[of] p1a: Tapu Lele
|-damage|p2a: Toxapex|61/100 brn|[from] brn
|upkeep
|turn|60
|
|t:|1625152139
|switch|p2a: Sylveon|Sylveon, F|93/100
|-damage|p2a: Sylveon|68/100|[from] Spikes
|move|p1a: Tapu Lele|Psychic|p2a: Sylveon
|-damage|p2a: Sylveon|34/100
|
|-heal|p2a: Sylveon|40/100|[from] item: Leftovers
|upkeep
|turn|61
|
|t:|1625152143
|switch|p1a: Ferrothorn|Ferrothorn, F|100/100
|move|p2a: Sylveon|Wish|p2a: Sylveon
|
|-heal|p2a: Sylveon|46/100|[from] item: Leftovers
|upkeep
|turn|62
|
|t:|1625152148
|move|p2a: Sylveon|Protect|p2a: Sylveon
|-singleturn|p2a: Sylveon|Protect
|move|p1a: Ferrothorn|Leech Seed|p2a: Sylveon
|-activate|p2a: Sylveon|move: Protect
|
|-heal|p2a: Sylveon|96/100|[from] move: Wish|[wisher] Sylveon
|-heal|p2a: Sylveon|100/100|[from] item: Leftovers
|upkeep
|turn|63
|j| amimec
|
|t:|1625152154
|switch|p2a: Corviknight|Corviknight, M|99/100
|-ability|p2a: Corviknight|Pressure
|move|p1a: Ferrothorn|Knock Off|p2a: Corviknight
|-damage|p2a: Corviknight|88/100
|
|-fieldend|move: Psychic Terrain
|upkeep
|turn|64
|l| sidjfosdf
|
|t:|1625152165
|switch|p1a: Rotom|Rotom-Wash|71/100 tox
|move|p2a: Corviknight|Substitute|p2a: Corviknight
|-start|p2a: Corviknight|Substitute
|-damage|p2a: Corviknight|63/100
|
|-damage|p1a: Rotom|65/100 tox|[from] psn
|upkeep
|turn|65
|
|t:|1625152171
|move|p1a: Rotom|Hydro Pump|p2a: Corviknight
|-end|p2a: Corviknight|Substitute
|move|p2a: Corviknight|Substitute|p2a: Corviknight
|-start|p2a: Corviknight|Substitute
|-damage|p2a: Corviknight|38/100
|
|-damage|p1a: Rotom|53/100 tox|[from] psn
|upkeep
|turn|66
|l| US ARMY 2021
|
|t:|1625152173
|move|p1a: Rotom|Hydro Pump|p2a: Corviknight|[miss]
|-miss|p1a: Rotom|p2a: Corviknight
|move|p2a: Corviknight|Roost|p2a: Corviknight
|-heal|p2a: Corviknight|88/100
|-singleturn|p2a: Corviknight|move: Roost
|
|-damage|p1a: Rotom|35/100 tox|[from] psn
|upkeep
|turn|67
|
|t:|1625152187
|move|p1a: Rotom|Volt Switch|p2a: Corviknight
|-supereffective|p2a: Corviknight
|-end|p2a: Corviknight|Substitute
|
|t:|1625152189
|switch|p1a: Mandibuzz|Mandibuzz, F|100/100|[from]move: Volt Switch
|move|p2a: Corviknight|Brave Bird|p1a: Mandibuzz
|-damage|p1a: Mandibuzz|70/100
|-damage|p2a: Corviknight|77/100|[from] Recoil
|
|upkeep
|turn|68
|
|t:|1625152193
|move|p1a: Mandibuzz|U-turn|p2a: Corviknight
|-resisted|p2a: Corviknight
|-damage|p2a: Corviknight|75/100
|
|t:|1625152194
|switch|p1a: Rotom|Rotom-Wash|35/100 tox|[from]move: U-turn
|move|p2a: Corviknight|Substitute|p2a: Corviknight
|-start|p2a: Corviknight|Substitute
|-damage|p2a: Corviknight|50/100
|
|-damage|p1a: Rotom|30/100 tox|[from] psn
|upkeep
|turn|69
|
|t:|1625152197
|move|p1a: Rotom|Volt Switch|p2a: Corviknight
|-supereffective|p2a: Corviknight
|-end|p2a: Corviknight|Substitute
|
|t:|1625152199
|switch|p1a: Tapu Lele|Tapu Lele|100/100|[from]move: Volt Switch
|-fieldstart|move: Psychic Terrain|[from] ability: Psychic Surge|[of] p1a: Tapu Lele
|move|p2a: Corviknight|Roost|p2a: Corviknight
|-heal|p2a: Corviknight|100/100
|-singleturn|p2a: Corviknight|move: Roost
|
|upkeep
|turn|70
|
|t:|1625152203
|switch|p2a: Toxapex|Toxapex, F|94/100 brn
|-damage|p2a: Toxapex|69/100 brn|[from] Spikes
|move|p1a: Tapu Lele|Focus Blast|p2a: Toxapex
|-resisted|p2a: Toxapex
|-damage|p2a: Toxapex|52/100 brn
|-unboost|p2a: Toxapex|spd|1
|
|-heal|p2a: Toxapex|58/100 brn|[from] item: Black Sludge
|-damage|p2a: Toxapex|52/100 brn|[from] brn
|upkeep
|turn|71
|
|t:|1625152209
|switch|p1a: Rotom|Rotom-Wash|30/100 tox
|move|p2a: Toxapex|Scald|p1a: Rotom
|-resisted|p1a: Rotom
|-damage|p1a: Rotom|20/100 tox
|
|-heal|p2a: Toxapex|58/100 brn|[from] item: Black Sludge
|-damage|p1a: Rotom|14/100 tox|[from] psn
|-damage|p2a: Toxapex|52/100 brn|[from] brn
|upkeep
|turn|72
|
|t:|1625152213
|move|p2a: Toxapex|Baneful Bunker|p2a: Toxapex
|-singleturn|p2a: Toxapex|move: Protect
|move|p1a: Rotom|Volt Switch|p2a: Toxapex
|-activate|p2a: Toxapex|move: Protect
|
|-heal|p2a: Toxapex|58/100 brn|[from] item: Black Sludge
|-damage|p1a: Rotom|2/100 tox|[from] psn
|-damage|p2a: Toxapex|52/100 brn|[from] brn
|upkeep
|turn|73
|
|t:|1625152217
|switch|p2a: Sylveon|Sylveon, F|100/100
|-damage|p2a: Sylveon|76/100|[from] Spikes
|move|p1a: Rotom|Volt Switch|p2a: Sylveon
|-damage|p2a: Sylveon|62/100
|
|t:|1625152219
|switch|p1a: Tapu Lele|Tapu Lele|100/100|[from]move: Volt Switch
|
|-heal|p2a: Sylveon|68/100|[from] item: Leftovers
|-fieldend|move: Psychic Terrain
|upkeep
|turn|74
|j| 0zorcNecropHADES
|
|t:|1625152222
|move|p2a: Sylveon|Protect|p2a: Sylveon
|-singleturn|p2a: Sylveon|Protect
|move|p1a: Tapu Lele|Psyshock|p2a: Sylveon
|-activate|p2a: Sylveon|move: Protect
|
|-heal|p2a: Sylveon|74/100|[from] item: Leftovers
|upkeep
|turn|75
|
|t:|1625152226
|switch|p2a: Umbreon|Umbreon, M|92/100
|-damage|p2a: Umbreon|67/100|[from] Spikes
|move|p1a: Tapu Lele|Psyshock|p2a: Umbreon
|-immune|p2a: Umbreon
|
|-heal|p2a: Umbreon|73/100|[from] item: Leftovers
|upkeep
|turn|76
|
|t:|1625152231
|switch|p1a: Ferrothorn|Ferrothorn, F|100/100
|move|p2a: Umbreon|Wish|p2a: Umbreon
|
|-heal|p2a: Umbreon|79/100|[from] item: Leftovers
|upkeep
|turn|77
|
|t:|1625152238
|switch|p2a: Toxapex|Toxapex, F|85/100 brn
|-damage|p2a: Toxapex|60/100 brn|[from] Spikes
|move|p1a: Ferrothorn|Leech Seed|p2a: Toxapex
|-start|p2a: Toxapex|move: Leech Seed
|
|-heal|p2a: Toxapex|100/100 brn|[from] move: Wish|[wisher] Umbreon
|-damage|p2a: Toxapex|88/100 brn|[from] Leech Seed|[of] p1a: Ferrothorn
|-damage|p2a: Toxapex|82/100 brn|[from] brn
|upkeep
|turn|78
|
|t:|1625152241
|switch|p2a: Corviknight|Corviknight, M|100/100
|-ability|p2a: Corviknight|Pressure
|move|p1a: Ferrothorn|Leech Seed|p2a: Corviknight
|-start|p2a: Corviknight|move: Leech Seed
|
|-damage|p2a: Corviknight|88/100|[from] Leech Seed|[of] p1a: Ferrothorn
|upkeep
|turn|79
|
|t:|1625152246
|switch|p2a: Toxapex|Toxapex, F|100/100 brn
|-damage|p2a: Toxapex|75/100 brn|[from] Spikes
|move|p1a: Ferrothorn|Power Whip|p2a: Toxapex
|-damage|p2a: Toxapex|54/100 brn
|
|-heal|p2a: Toxapex|60/100 brn|[from] item: Black Sludge
|-damage|p2a: Toxapex|54/100 brn|[from] brn
|upkeep
|turn|80
|
|t:|1625152249
|move|p2a: Toxapex|Recover|p2a: Toxapex
|-heal|p2a: Toxapex|100/100 brn
|move|p1a: Ferrothorn|Power Whip|p2a: Toxapex
|-damage|p2a: Toxapex|78/100 brn
|
|-heal|p2a: Toxapex|85/100 brn|[from] item: Black Sludge
|-damage|p2a: Toxapex|78/100 brn|[from] brn
|upkeep
|turn|81
|
|t:|1625152254
|switch|p1a: Tapu Lele|Tapu Lele|100/100
|-fieldstart|move: Psychic Terrain|[from] ability: Psychic Surge|[of] p1a: Tapu Lele
|move|p2a: Toxapex|Scald|p1a: Tapu Lele
|-damage|p1a: Tapu Lele|81/100
|
|-heal|p2a: Toxapex|85/100 brn|[from] item: Black Sludge
|-damage|p2a: Toxapex|78/100 brn|[from] brn
|upkeep
|turn|82
|
|t:|1625152258
|move|p2a: Toxapex|Baneful Bunker|p2a: Toxapex
|-singleturn|p2a: Toxapex|move: Protect
|move|p1a: Tapu Lele|Psychic|p2a: Toxapex
|-activate|p2a: Toxapex|move: Protect
|
|-heal|p2a: Toxapex|85/100 brn|[from] item: Black Sludge
|-damage|p2a: Toxapex|78/100 brn|[from] brn
|upkeep
|turn|83
|
|t:|1625152262
|switch|p2a: Umbreon|Umbreon, M|79/100
|-damage|p2a: Umbreon|55/100|[from] Spikes
|move|p1a: Tapu Lele|Psychic|p2a: Umbreon
|-immune|p2a: Umbreon
|
|-heal|p2a: Umbreon|61/100|[from] item: Leftovers
|upkeep
|turn|84
|
|t:|1625152267
|switch|p1a: Mandibuzz|Mandibuzz, F|70/100
|move|p2a: Umbreon|Wish|p2a: Umbreon
|
|-heal|p2a: Umbreon|67/100|[from] item: Leftovers
|upkeep
|turn|85
|
|t:|1625152271
|move|p2a: Umbreon|Protect|p2a: Umbreon
|-singleturn|p2a: Umbreon|Protect
|move|p1a: Mandibuzz|U-turn|p2a: Umbreon
|-activate|p2a: Umbreon|move: Protect
|
|-heal|p2a: Umbreon|100/100|[from] move: Wish|[wisher] Umbreon
|-fieldend|move: Psychic Terrain
|upkeep
|turn|86
|
|t:|1625152274
|move|p1a: Mandibuzz|Roost|p1a: Mandibuzz
|-heal|p1a: Mandibuzz|100/100
|-singleturn|p1a: Mandibuzz|move: Roost
|move|p2a: Umbreon|Wish|p2a: Umbreon
|
|upkeep
|turn|87
|
|t:|1625152286
|move|p1a: Mandibuzz|U-turn|p2a: Umbreon
|-supereffective|p2a: Umbreon
|-damage|p2a: Umbreon|87/100
|
|t:|1625152289
|switch|p1a: Ferrothorn|Ferrothorn, F|100/100|[from]move: U-turn
|move|p2a: Umbreon|Heal Bell|p2a: Umbreon
|-activate|p2a: Umbreon|move: Heal Bell
|-curestatus|p2: Toxapex|brn|[msg]
|
|-heal|p2a: Umbreon|100/100|[from] move: Wish|[wisher] Umbreon
|upkeep
|turn|88
|
|t:|1625152291
|move|p2a: Umbreon|Protect|p2a: Umbreon
|-singleturn|p2a: Umbreon|Protect
|move|p1a: Ferrothorn|Power Whip|p2a: Umbreon
|-activate|p2a: Umbreon|move: Protect
|
|upkeep
|turn|89
|
|t:|1625152298
|switch|p2a: Corviknight|Corviknight, M|88/100
|-ability|p2a: Corviknight|Pressure
|move|p1a: Ferrothorn|Power Whip|p2a: Corviknight
|-resisted|p2a: Corviknight
|-damage|p2a: Corviknight|80/100
|
|upkeep
|turn|90
|
|t:|1625152302
|switch|p1a: Mandibuzz|Mandibuzz, F|100/100
|move|p2a: Corviknight|Substitute|p2a: Corviknight
|-start|p2a: Corviknight|Substitute
|-damage|p2a: Corviknight|55/100
|
|upkeep
|turn|91
|
|t:|1625152307
|move|p1a: Mandibuzz|Foul Play|p2a: Corviknight
|-end|p2a: Corviknight|Substitute
|move|p2a: Corviknight|Roost|p2a: Corviknight
|-heal|p2a: Corviknight|100/100
|-singleturn|p2a: Corviknight|move: Roost
|
|upkeep
|turn|92
|
|t:|1625152310
|move|p1a: Mandibuzz|Foul Play|p2a: Corviknight
|-damage|p2a: Corviknight|65/100
|move|p2a: Corviknight|Substitute|p2a: Corviknight
|-start|p2a: Corviknight|Substitute
|-damage|p2a: Corviknight|40/100
|
|upkeep
|turn|93
|
|t:|1625152312
|move|p1a: Mandibuzz|Foul Play|p2a: Corviknight
|-end|p2a: Corviknight|Substitute
|move|p2a: Corviknight|Roost|p2a: Corviknight
|-heal|p2a: Corviknight|90/100
|-singleturn|p2a: Corviknight|move: Roost
|
|upkeep
|turn|94
|
|t:|1625152315
|move|p1a: Mandibuzz|Foul Play|p2a: Corviknight
|-damage|p2a: Corviknight|57/100
|move|p2a: Corviknight|Roost|p2a: Corviknight
|-heal|p2a: Corviknight|100/100
|-singleturn|p2a: Corviknight|move: Roost
|
|upkeep
|turn|95
|
|t:|1625152322
|move|p1a: Mandibuzz|Foul Play|p2a: Corviknight
|-damage|p2a: Corviknight|66/100
|move|p2a: Corviknight|Substitute|p2a: Corviknight
|-start|p2a: Corviknight|Substitute
|-damage|p2a: Corviknight|41/100
|
|upkeep
|turn|96
|
|t:|1625152324
|move|p1a: Mandibuzz|Foul Play|p2a: Corviknight
|-end|p2a: Corviknight|Substitute
|move|p2a: Corviknight|Roost|p2a: Corviknight
|-heal|p2a: Corviknight|91/100
|-singleturn|p2a: Corviknight|move: Roost
|
|upkeep
|turn|97
|
|t:|1625152327
|move|p1a: Mandibuzz|Foul Play|p2a: Corviknight
|-damage|p2a: Corviknight|60/100
|move|p2a: Corviknight|Roost|p2a: Corviknight
|-heal|p2a: Corviknight|100/100
|-singleturn|p2a: Corviknight|move: Roost
|
|upkeep
|turn|98
|
|t:|1625152331
|move|p1a: Mandibuzz|Foul Play|p2a: Corviknight
|-damage|p2a: Corviknight|63/100
|move|p2a: Corviknight|Substitute|p2a: Corviknight
|-start|p2a: Corviknight|Substitute
|-damage|p2a: Corviknight|38/100
|
|upkeep
|turn|99
|
|t:|1625152333
|move|p1a: Mandibuzz|Foul Play|p2a: Corviknight
|-end|p2a: Corviknight|Substitute
|move|p2a: Corviknight|Roost|p2a: Corviknight
|-heal|p2a: Corviknight|88/100
|-singleturn|p2a: Corviknight|move: Roost
|
|upkeep
|turn|100
|
|t:|1625152336
|move|p1a: Mandibuzz|Foul Play|p2a: Corviknight
|-damage|p2a: Corviknight|52/100
|move|p2a: Corviknight|Roost|p2a: Corviknight
|-heal|p2a: Corviknight|100/100
|-singleturn|p2a: Corviknight|move: Roost
|
|upkeep
|turn|101
|
|t:|1625152344
|switch|p2a: Umbreon|Umbreon, M|100/100
|-damage|p2a: Umbreon|76/100|[from] Spikes
|move|p1a: Mandibuzz|Foul Play|p2a: Umbreon
|-resisted|p2a: Umbreon
|-damage|p2a: Umbreon|70/100
|
|-heal|p2a: Umbreon|76/100|[from] item: Leftovers
|upkeep
|turn|102
|
|t:|1625152347
|move|p1a: Mandibuzz|U-turn|p2a: Umbreon
|-supereffective|p2a: Umbreon
|-damage|p2a: Umbreon|62/100
|
|t:|1625152349
|switch|p1a: Ferrothorn|Ferrothorn, F|100/100|[from]move: U-turn
|move|p2a: Umbreon|Wish|p2a: Umbreon
|
|-heal|p2a: Umbreon|69/100|[from] item: Leftovers
|upkeep
|turn|103
|
|t:|1625152353
|move|p2a: Umbreon|Protect|p2a: Umbreon
|-singleturn|p2a: Umbreon|Protect
|move|p1a: Ferrothorn|Knock Off|p2a: Umbreon
|-activate|p2a: Umbreon|move: Protect
|
|-heal|p2a: Umbreon|100/100|[from] move: Wish|[wisher] Umbreon
|upkeep
|turn|104
|
|t:|1625152359
|switch|p2a: Toxapex|Toxapex, F|100/100
|-damage|p2a: Toxapex|75/100|[from] Spikes
|move|p1a: Ferrothorn|Knock Off|p2a: Toxapex
|-damage|p2a: Toxapex|62/100
|-enditem|p2a: Toxapex|Black Sludge|[from] move: Knock Off|[of] p1a: Ferrothorn
|
|upkeep
|turn|105
|
|t:|1625152367
|switch|p1a: Tapu Lele|Tapu Lele|81/100
|-fieldstart|move: Psychic Terrain|[from] ability: Psychic Surge|[of] p1a: Tapu Lele
|move|p2a: Toxapex|Recover|p2a: Toxapex
|-heal|p2a: Toxapex|100/100
|
|upkeep
|turn|106
|
|t:|1625152371
|move|p2a: Toxapex|Baneful Bunker|p2a: Toxapex
|-singleturn|p2a: Toxapex|move: Protect
|move|p1a: Tapu Lele|Psychic|p2a: Toxapex
|-activate|p2a: Toxapex|move: Protect
|
|upkeep
|turn|107
|
|t:|1625152374
|switch|p2a: Umbreon|Umbreon, M|100/100
|-damage|p2a: Umbreon|76/100|[from] Spikes
|move|p1a: Tapu Lele|Psychic|p2a: Umbreon
|-immune|p2a: Umbreon
|
|-heal|p2a: Umbreon|82/100|[from] item: Leftovers
|upkeep
|turn|108
|
|t:|1625152378
|switch|p1a: Mandibuzz|Mandibuzz, F|100/100
|switch|p2a: Corviknight|Corviknight, M|100/100
|-ability|p2a: Corviknight|Pressure
|
|upkeep
|turn|109
|
|t:|1625152384
|move|p1a: Mandibuzz|U-turn|p2a: Corviknight
|-resisted|p2a: Corviknight
|-damage|p2a: Corviknight|98/100
|
|t:|1625152386
|switch|p1a: Tapu Lele|Tapu Lele|81/100|[from]move: U-turn
|move|p2a: Corviknight|Substitute|p2a: Corviknight
|-start|p2a: Corviknight|Substitute
|-damage|p2a: Corviknight|73/100
|
|-fieldend|move: Psychic Terrain
|upkeep
|turn|110
|
|t:|1625152392
|switch|p1a: Mandibuzz|Mandibuzz, F|100/100
|move|p2a: Corviknight|Brave Bird|p1a: Mandibuzz
|-damage|p1a: Mandibuzz|70/100
|-damage|p2a: Corviknight|62/100|[from] Recoil
|
|upkeep
|turn|111
|
|t:|1625152395
|move|p1a: Mandibuzz|Foul Play|p2a: Corviknight
|-end|p2a: Corviknight|Substitute
|move|p2a: Corviknight|Roost|p2a: Corviknight
|-heal|p2a: Corviknight|100/100
|-singleturn|p2a: Corviknight|move: Roost
|
|upkeep
|turn|112
|
|t:|1625152399
|move|p1a: Mandibuzz|Roost|p1a: Mandibuzz
|-heal|p1a: Mandibuzz|100/100
|-singleturn|p1a: Mandibuzz|move: Roost
|move|p2a: Corviknight|Bulk Up|p2a: Corviknight
|-boost|p2a: Corviknight|atk|1
|-boost|p2a: Corviknight|def|1
|
|upkeep
|turn|113
|
|t:|1625152403
|move|p1a: Mandibuzz|Foul Play|p2a: Corviknight
|-damage|p2a: Corviknight|69/100
|move|p2a: Corviknight|Roost|p2a: Corviknight
|-heal|p2a: Corviknight|100/100
|-singleturn|p2a: Corviknight|move: Roost
|
|upkeep
|turn|114
|n| LT81YL Pix|shinyumbreon678
|
|t:|1625152409
|move|p1a: Mandibuzz|U-turn|p2a: Corviknight
|-resisted|p2a: Corviknight
|-damage|p2a: Corviknight|99/100
|
|t:|1625152411
|switch|p1a: Tapu Lele|Tapu Lele|81/100|[from]move: U-turn
|-fieldstart|move: Psychic Terrain|[from] ability: Psychic Surge|[of] p1a: Tapu Lele
|move|p2a: Corviknight|Bulk Up|p2a: Corviknight
|-boost|p2a: Corviknight|atk|1
|-boost|p2a: Corviknight|def|1
|
|upkeep
|turn|115
|
|t:|1625152418
|switch|p2a: Toxapex|Toxapex, F|100/100
|-damage|p2a: Toxapex|75/100|[from] Spikes
|move|p1a: Tapu Lele|Focus Blast|p2a: Toxapex|[miss]
|-miss|p1a: Tapu Lele|p2a: Toxapex
|
|upkeep
|turn|116
|
|t:|1625152422
|switch|p1a: Ferrothorn|Ferrothorn, F|100/100
|move|p2a: Toxapex|Scald|p1a: Ferrothorn
|-resisted|p1a: Ferrothorn
|-damage|p1a: Ferrothorn|95/100
|-status|p1a: Ferrothorn|brn
|
|-heal|p1a: Ferrothorn|100/100 brn|[from] item: Leftovers
|-damage|p1a: Ferrothorn|94/100 brn|[from] brn
|upkeep
|turn|117
|
|t:|1625152428
|move|p2a: Toxapex|Baneful Bunker|p2a: Toxapex
|-singleturn|p2a: Toxapex|move: Protect
|move|p1a: Ferrothorn|Leech Seed|p2a: Toxapex
|-activate|p2a: Toxapex|move: Protect
|
|-heal|p1a: Ferrothorn|100/100 brn|[from] item: Leftovers
|-damage|p1a: Ferrothorn|94/100 brn|[from] brn
|upkeep
|turn|118
|
|t:|1625152434
|move|p2a: Toxapex|Scald|p1a: Ferrothorn
|-resisted|p1a: Ferrothorn
|-damage|p1a: Ferrothorn|89/100 brn
|move|p1a: Ferrothorn|Knock Off|p2a: Toxapex
|-damage|p2a: Toxapex|71/100
|
|-heal|p1a: Ferrothorn|95/100 brn|[from] item: Leftovers
|-damage|p1a: Ferrothorn|89/100 brn|[from] brn
|-fieldend|move: Psychic Terrain
|upkeep
|turn|119
|
|t:|1625152438
|switch|p2a: Corviknight|Corviknight, M|99/100
|-ability|p2a: Corviknight|Pressure
|move|p1a: Ferrothorn|Knock Off|p2a: Corviknight
|-crit|p2a: Corviknight
|-damage|p2a: Corviknight|90/100
|
|-heal|p1a: Ferrothorn|95/100 brn|[from] item: Leftovers
|-damage|p1a: Ferrothorn|89/100 brn|[from] brn
|upkeep
|turn|120
|
|t:|1625152445
|switch|p1a: Tapu Lele|Tapu Lele|81/100
|-fieldstart|move: Psychic Terrain|[from] ability: Psychic Surge|[of] p1a: Tapu Lele
|move|p2a: Corviknight|Substitute|p2a: Corviknight
|-start|p2a: Corviknight|Substitute
|-damage|p2a: Corviknight|65/100
|
|upkeep
|turn|121
|
|t:|1625152450
|move|p1a: Tapu Lele|Psychic|p2a: Corviknight
|-resisted|p2a: Corviknight
|-end|p2a: Corviknight|Substitute
|move|p2a: Corviknight|Bulk Up|p2a: Corviknight
|-boost|p2a: Corviknight|atk|1
|-boost|p2a: Corviknight|def|1
|
|upkeep
|turn|122
|
|t:|1625152454
|move|p1a: Tapu Lele|Psychic|p2a: Corviknight
|-resisted|p2a: Corviknight
|-damage|p2a: Corviknight|34/100
|move|p2a: Corviknight|Roost|p2a: Corviknight
|-heal|p2a: Corviknight|84/100
|-singleturn|p2a: Corviknight|move: Roost
|
|upkeep
|turn|123
|l| Abliek
|
|t:|1625152468
|switch|p1a: Mandibuzz|Mandibuzz, F|100/100
|move|p2a: Corviknight|Brave Bird|p1a: Mandibuzz
|-damage|p1a: Mandibuzz|58/100
|-damage|p2a: Corviknight|69/100|[from] Recoil
|
|upkeep
|turn|124
|
|t:|1625152474
|move|p1a: Mandibuzz|Roost|p1a: Mandibuzz
|-heal|p1a: Mandibuzz|100/100
|-singleturn|p1a: Mandibuzz|move: Roost
|move|p2a: Corviknight|Brave Bird|p1a: Mandibuzz
|-damage|p1a: Mandibuzz|57/100
|-damage|p2a: Corviknight|53/100|[from] Recoil
|
|-fieldend|move: Psychic Terrain
|upkeep
|turn|125
|
|t:|1625152476
|move|p1a: Mandibuzz|Roost|p1a: Mandibuzz
|-heal|p1a: Mandibuzz|100/100
|-singleturn|p1a: Mandibuzz|move: Roost
|move|p2a: Corviknight|Bulk Up|p2a: Corviknight
|-boost|p2a: Corviknight|atk|1
|-boost|p2a: Corviknight|def|1
|
|upkeep
|turn|126
|
|t:|1625152490
|switch|p2a: Umbreon|Umbreon, M|82/100
|-damage|p2a: Umbreon|57/100|[from] Spikes
|move|p1a: Mandibuzz|U-turn|p2a: Umbreon
|-supereffective|p2a: Umbreon
|-damage|p2a: Umbreon|44/100
|
|t:|1625152495
|switch|p1a: Tapu Lele|Tapu Lele|81/100|[from]move: U-turn
|-fieldstart|move: Psychic Terrain|[from] ability: Psychic Surge|[of] p1a: Tapu Lele
|
|-heal|p2a: Umbreon|50/100|[from] item: Leftovers
|upkeep
|turn|127
|
|t:|1625152497
|move|p2a: Umbreon|Protect|p2a: Umbreon
|-singleturn|p2a: Umbreon|Protect
|move|p1a: Tapu Lele|Moonblast|p2a: Umbreon
|-activate|p2a: Umbreon|move: Protect
|
|-heal|p2a: Umbreon|56/100|[from] item: Leftovers
|upkeep
|turn|128
|
|t:|1625152500
|switch|p2a: Toxapex|Toxapex, F|100/100
|-damage|p2a: Toxapex|75/100|[from] Spikes
|move|p1a: Tapu Lele|Moonblast|p2a: Toxapex
|-resisted|p2a: Toxapex
|-damage|p2a: Toxapex|56/100
|
|upkeep
|turn|129
|
|t:|1625152503
|switch|p1a: Ferrothorn|Ferrothorn, F|89/100 brn
|move|p2a: Toxapex|Scald|p1a: Ferrothorn
|-resisted|p1a: Ferrothorn
|-damage|p1a: Ferrothorn|83/100 brn
|
|-heal|p1a: Ferrothorn|89/100 brn|[from] item: Leftovers
|-damage|p1a: Ferrothorn|83/100 brn|[from] brn
|upkeep
|turn|130
|
|t:|1625152527
|switch|p1a: Mandibuzz|Mandibuzz, F|100/100
|move|p2a: Toxapex|Baneful Bunker||[still]
|-fail|p2a: Toxapex
|
|-fieldend|move: Psychic Terrain
|upkeep
|turn|131
|
|t:|1625152532
|switch|p1a: Ferrothorn|Ferrothorn, F|83/100 brn
|move|p2a: Toxapex|Recover|p2a: Toxapex
|-heal|p2a: Toxapex|100/100
|
|-heal|p1a: Ferrothorn|89/100 brn|[from] item: Leftovers
|-damage|p1a: Ferrothorn|83/100 brn|[from] brn
|upkeep
|turn|132
|
|t:|1625152535
|switch|p1a: Mandibuzz|Mandibuzz, F|100/100
|move|p2a: Toxapex|Scald|p1a: Mandibuzz
|-damage|p1a: Mandibuzz|86/100
|
|upkeep
|turn|133
|
|t:|1625152538
|switch|p1a: Ferrothorn|Ferrothorn, F|83/100 brn
|move|p2a: Toxapex|Scald|p1a: Ferrothorn
|-resisted|p1a: Ferrothorn
|-damage|p1a: Ferrothorn|77/100 brn
|
|-heal|p1a: Ferrothorn|83/100 brn|[from] item: Leftovers
|-damage|p1a: Ferrothorn|77/100 brn|[from] brn
|upkeep
|turn|134
|
|t:|1625152540
|switch|p1a: Mandibuzz|Mandibuzz, F|86/100
|move|p2a: Toxapex|Toxic|p1a: Mandibuzz
|-status|p1a: Mandibuzz|tox
|
|-damage|p1a: Mandibuzz|80/100 tox|[from] psn
|upkeep
|turn|135
|
|t:|1625152545
|move|p1a: Mandibuzz|U-turn|p2a: Toxapex
|-resisted|p2a: Toxapex
|-damage|p2a: Toxapex|97/100
|
|t:|1625152546
|switch|p1a: Ferrothorn|Ferrothorn, F|77/100 brn|[from]move: U-turn
|move|p2a: Toxapex|Scald|p1a: Ferrothorn
|-resisted|p1a: Ferrothorn
|-damage|p1a: Ferrothorn|72/100 brn
|
|-heal|p1a: Ferrothorn|78/100 brn|[from] item: Leftovers
|-damage|p1a: Ferrothorn|72/100 brn|[from] brn
|upkeep
|turn|136
|
|t:|1625152549
|switch|p2a: Sylveon|Sylveon, F|74/100
|-damage|p2a: Sylveon|49/100|[from] Spikes
|move|p1a: Ferrothorn|Leech Seed|p2a: Sylveon
|-start|p2a: Sylveon|move: Leech Seed
|
|-heal|p2a: Sylveon|55/100|[from] item: Leftovers
|-heal|p1a: Ferrothorn|78/100 brn|[from] item: Leftovers
|-damage|p2a: Sylveon|43/100|[from] Leech Seed|[of] p1a: Ferrothorn
|-heal|p1a: Ferrothorn|92/100 brn|[silent]
|-damage|p1a: Ferrothorn|85/100 brn|[from] brn
|upkeep
|turn|137
|j| luckshere
|
|t:|1625152554
|move|p2a: Sylveon|Wish|p2a: Sylveon
|move|p1a: Ferrothorn|Power Whip|p2a: Sylveon
|-damage|p2a: Sylveon|19/100
|
|-heal|p2a: Sylveon|25/100|[from] item: Leftovers
|-heal|p1a: Ferrothorn|92/100 brn|[from] item: Leftovers
|-damage|p2a: Sylveon|12/100|[from] Leech Seed|[of] p1a: Ferrothorn
|-heal|p1a: Ferrothorn|100/100 brn|[silent]
|-damage|p1a: Ferrothorn|94/100 brn|[from] brn
|upkeep
|turn|138
|l| LT81YL Pix
|
|t:|1625152560
|move|p2a: Sylveon|Protect|p2a: Sylveon
|-singleturn|p2a: Sylveon|Protect
|move|p1a: Ferrothorn|Knock Off|p2a: Sylveon
|-activate|p2a: Sylveon|move: Protect
|
|-heal|p2a: Sylveon|62/100|[from] move: Wish|[wisher] Sylveon
|-heal|p2a: Sylveon|68/100|[from] item: Leftovers
|-heal|p1a: Ferrothorn|100/100 brn|[from] item: Leftovers
|-damage|p2a: Sylveon|56/100|[from] Leech Seed|[of] p1a: Ferrothorn
|-damage|p1a: Ferrothorn|94/100 brn|[from] brn
|upkeep
|turn|139
|
|t:|1625152562
|move|p2a: Sylveon|Wish|p2a: Sylveon
|move|p1a: Ferrothorn|Knock Off|p2a: Sylveon
|-resisted|p2a: Sylveon
|-damage|p2a: Sylveon|49/100
|-enditem|p2a: Sylveon|Leftovers|[from] move: Knock Off|[of] p1a: Ferrothorn
|
|-heal|p1a: Ferrothorn|100/100 brn|[from] item: Leftovers
|-damage|p2a: Sylveon|37/100|[from] Leech Seed|[of] p1a: Ferrothorn
|-damage|p1a: Ferrothorn|94/100 brn|[from] brn
|upkeep
|turn|140
|
|t:|1625152566
|move|p2a: Sylveon|Protect|p2a: Sylveon
|-singleturn|p2a: Sylveon|Protect
|move|p1a: Ferrothorn|Power Whip|p2a: Sylveon
|-activate|p2a: Sylveon|move: Protect
|
|-heal|p2a: Sylveon|87/100|[from] move: Wish|[wisher] Sylveon
|-heal|p1a: Ferrothorn|100/100 brn|[from] item: Leftovers
|-damage|p2a: Sylveon|74/100|[from] Leech Seed|[of] p1a: Ferrothorn
|-damage|p1a: Ferrothorn|94/100 brn|[from] brn
|upkeep
|turn|141
|
|t:|1625152570
|move|p2a: Sylveon|Wish|p2a: Sylveon
|move|p1a: Ferrothorn|Power Whip|p2a: Sylveon
|-damage|p2a: Sylveon|50/100
|
|-heal|p1a: Ferrothorn|100/100 brn|[from] item: Leftovers
|-damage|p2a: Sylveon|38/100|[from] Leech Seed|[of] p1a: Ferrothorn
|-damage|p1a: Ferrothorn|94/100 brn|[from] brn
|upkeep
|turn|142
|
|t:|1625152574
|switch|p1a: Mandibuzz|Mandibuzz, F|80/100 tox
|move|p2a: Sylveon|Protect||[still]
|-fail|p2a: Sylveon
|
|-heal|p2a: Sylveon|88/100|[from] move: Wish|[wisher] Sylveon
|-damage|p2a: Sylveon|75/100|[from] Leech Seed|[of] p1a: Mandibuzz
|-heal|p1a: Mandibuzz|92/100 tox|[silent]
|-damage|p1a: Mandibuzz|85/100 tox|[from] psn
|upkeep
|turn|143
|
|t:|1625152578
|switch|p1a: Ferrothorn|Ferrothorn, F|94/100 brn
|move|p2a: Sylveon|Wish|p2a: Sylveon
|
|-heal|p1a: Ferrothorn|100/100 brn|[from] item: Leftovers
|-damage|p2a: Sylveon|63/100|[from] Leech Seed|[of] p1a: Ferrothorn
|-damage|p1a: Ferrothorn|94/100 brn|[from] brn
|upkeep
|turn|144
|
|t:|1625152581
|switch|p1a: Tapu Lele|Tapu Lele|81/100
|-fieldstart|move: Psychic Terrain|[from] ability: Psychic Surge|[of] p1a: Tapu Lele
|move|p2a: Sylveon|Protect||[still]
|-fail|p2a: Sylveon
|
|-heal|p2a: Sylveon|100/100|[from] move: Wish|[wisher] Sylveon
|-damage|p2a: Sylveon|88/100|[from] Leech Seed|[of] p1a: Tapu Lele
|-heal|p1a: Tapu Lele|98/100|[silent]
|upkeep
|turn|145
|
|t:|1625152591
|move|p2a: Sylveon|Protect|p2a: Sylveon
|-singleturn|p2a: Sylveon|Protect
|move|p1a: Tapu Lele|Psyshock|p2a: Sylveon
|-activate|p2a: Sylveon|move: Protect
|
|-damage|p2a: Sylveon|76/100|[from] Leech Seed|[of] p1a: Tapu Lele
|-heal|p1a: Tapu Lele|100/100|[silent]
|upkeep
|turn|146
|
|t:|1625152598
|switch|p1a: Ferrothorn|Ferrothorn, F|94/100 brn
|switch|p2a: Umbreon|Umbreon, M|56/100
|-damage|p2a: Umbreon|31/100|[from] Spikes
|
|-heal|p2a: Umbreon|38/100|[from] item: Leftovers
|-heal|p1a: Ferrothorn|100/100 brn|[from] item: Leftovers
|-damage|p1a: Ferrothorn|94/100 brn|[from] brn
|upkeep
|turn|147
|
|t:|1625152602
|move|p2a: Umbreon|Protect|p2a: Umbreon
|-singleturn|p2a: Umbreon|Protect
|move|p1a: Ferrothorn|Knock Off|p2a: Umbreon
|-activate|p2a: Umbreon|move: Protect
|
|-heal|p2a: Umbreon|44/100|[from] item: Leftovers
|-heal|p1a: Ferrothorn|100/100 brn|[from] item: Leftovers
|-damage|p1a: Ferrothorn|94/100 brn|[from] brn
|upkeep
|turn|148
|
|t:|1625152604
|move|p2a: Umbreon|Wish|p2a: Umbreon
|move|p1a: Ferrothorn|Knock Off|p2a: Umbreon
|-resisted|p2a: Umbreon
|-damage|p2a: Umbreon|41/100
|-enditem|p2a: Umbreon|Leftovers|[from] move: Knock Off|[of] p1a: Ferrothorn
|
|-heal|p1a: Ferrothorn|100/100 brn|[from] item: Leftovers
|-damage|p1a: Ferrothorn|94/100 brn|[from] brn
|-fieldend|move: Psychic Terrain
|upkeep
|turn|149
|
|t:|1625152608
|switch|p1a: Tapu Lele|Tapu Lele|100/100
|-fieldstart|move: Psychic Terrain|[from] ability: Psychic Surge|[of] p1a: Tapu Lele
|move|p2a: Umbreon|Protect||[still]
|-fail|p2a: Umbreon
|
|-heal|p2a: Umbreon|91/100|[from] move: Wish|[wisher] Umbreon
|upkeep
|turn|150
|
|t:|1625152611
|move|p2a: Umbreon|Protect|p2a: Umbreon
|-singleturn|p2a: Umbreon|Protect
|move|p1a: Tapu Lele|Moonblast|p2a: Umbreon
|-activate|p2a: Umbreon|move: Protect
|
|upkeep
|turn|151
|
|t:|1625152615
|switch|p2a: Toxapex|Toxapex, F|100/100
|-damage|p2a: Toxapex|75/100|[from] Spikes
|move|p1a: Tapu Lele|Moonblast|p2a: Toxapex
|-resisted|p2a: Toxapex
|-damage|p2a: Toxapex|54/100
|
|upkeep
|turn|152
|
|t:|1625152620
|switch|p1a: Mandibuzz|Mandibuzz, F|85/100 tox
|switch|p2a: Corviknight|Corviknight, M|53/100
|-ability|p2a: Corviknight|Pressure
|
|-damage|p1a: Mandibuzz|79/100 tox|[from] psn
|upkeep
|turn|153
|l| Zoro666
|j| javstax
|
|t:|1625152626
|switch|p2a: Toxapex|Toxapex, F|87/100
|-damage|p2a: Toxapex|62/100|[from] Spikes
|move|p1a: Mandibuzz|U-turn|p2a: Toxapex
|-resisted|p2a: Toxapex
|-damage|p2a: Toxapex|59/100
|
|t:|1625152628
|switch|p1a: Tapu Lele|Tapu Lele|100/100|[from]move: U-turn
|
|-fieldend|move: Psychic Terrain
|upkeep
|turn|154
|
|t:|1625152631
|switch|p1a: Mandibuzz|Mandibuzz, F|79/100 tox
|move|p2a: Toxapex|Baneful Bunker||[still]
|-fail|p2a: Toxapex
|
|-damage|p1a: Mandibuzz|73/100 tox|[from] psn
|upkeep
|turn|155
|
|t:|1625152635
|move|p1a: Mandibuzz|Roost|p1a: Mandibuzz
|-heal|p1a: Mandibuzz|100/100 tox
|-singleturn|p1a: Mandibuzz|move: Roost
|move|p2a: Toxapex|Recover|p2a: Toxapex
|-heal|p2a: Toxapex|100/100
|
|-damage|p1a: Mandibuzz|88/100 tox|[from] psn
|upkeep
|turn|156
|
|t:|1625152639
|switch|p1a: Ferrothorn|Ferrothorn, F|94/100 brn
|move|p2a: Toxapex|Scald|p1a: Ferrothorn
|-resisted|p1a: Ferrothorn
|-damage|p1a: Ferrothorn|88/100 brn
|
|-heal|p1a: Ferrothorn|95/100 brn|[from] item: Leftovers
|-damage|p1a: Ferrothorn|88/100 brn|[from] brn
|upkeep
|turn|157
|
|t:|1625152642
|switch|p2a: Corviknight|Corviknight, M|53/100
|-ability|p2a: Corviknight|Pressure
|move|p1a: Ferrothorn|Spikes||[still]
|-fail|p1a: Ferrothorn
|
|-heal|p1a: Ferrothorn|95/100 brn|[from] item: Leftovers
|-damage|p1a: Ferrothorn|88/100 brn|[from] brn
|upkeep
|turn|158
|
|t:|1625152649
|switch|p2a: Toxapex|Toxapex, F|100/100
|-damage|p2a: Toxapex|75/100|[from] Spikes
|switch|p1a: Mandibuzz|Mandibuzz, F|88/100 tox
|
|-damage|p1a: Mandibuzz|82/100 tox|[from] psn
|upkeep
|turn|159
|
|t:|1625152652
|switch|p2a: Umbreon|Umbreon, M|91/100
|-damage|p2a: Umbreon|66/100|[from] Spikes
|move|p1a: Mandibuzz|U-turn|p2a: Umbreon
|-supereffective|p2a: Umbreon
|-damage|p2a: Umbreon|54/100
|
|t:|1625152654
|switch|p1a: Tapu Lele|Tapu Lele|100/100|[from]move: U-turn
|-fieldstart|move: Psychic Terrain|[from] ability: Psychic Surge|[of] p1a: Tapu Lele
|
|upkeep
|turn|160
|
|t:|1625152656
|move|p2a: Umbreon|Protect|p2a: Umbreon
|-singleturn|p2a: Umbreon|Protect
|move|p1a: Tapu Lele|Moonblast|p2a: Umbreon
|-activate|p2a: Umbreon|move: Protect
|
|upkeep
|turn|161
|
|t:|1625152659
|move|p1a: Tapu Lele|Moonblast|p2a: Umbreon
|-supereffective|p2a: Umbreon
|-crit|p2a: Umbreon
|-damage|p2a: Umbreon|0 fnt
|faint|p2a: Umbreon
|
|upkeep
|
|t:|1625152662
|switch|p2a: Sylveon|Sylveon, F|76/100
|-damage|p2a: Sylveon|51/100|[from] Spikes
|turn|162
|
|t:|1625152665
|switch|p1a: Ferrothorn|Ferrothorn, F|88/100 brn
|move|p2a: Sylveon|Wish|p2a: Sylveon
|
|-heal|p1a: Ferrothorn|95/100 brn|[from] item: Leftovers
|-damage|p1a: Ferrothorn|88/100 brn|[from] brn
|upkeep
|turn|163
|
|t:|1625152673
|move|p2a: Sylveon|Protect|p2a: Sylveon
|-singleturn|p2a: Sylveon|Protect
|move|p1a: Ferrothorn|Leech Seed|p2a: Sylveon
|-activate|p2a: Sylveon|move: Protect
|
|-heal|p2a: Sylveon|100/100|[from] move: Wish|[wisher] Sylveon
|-heal|p1a: Ferrothorn|95/100 brn|[from] item: Leftovers
|-damage|p1a: Ferrothorn|88/100 brn|[from] brn
|-fieldend|move: Psychic Terrain
|upkeep
|turn|164
|
|t:|1625152685
|move|p2a: Sylveon|Wish|p2a: Sylveon
|move|p1a: Ferrothorn|Power Whip|p2a: Sylveon|[miss]
|-miss|p1a: Ferrothorn|p2a: Sylveon
|
|-heal|p1a: Ferrothorn|95/100 brn|[from] item: Leftovers
|-damage|p1a: Ferrothorn|88/100 brn|[from] brn
|upkeep
|turn|165
|
|t:|1625152688
|switch|p2a: Corviknight|Corviknight, M|53/100
|-ability|p2a: Corviknight|Pressure
|move|p1a: Ferrothorn|Knock Off|p2a: Corviknight
|-damage|p2a: Corviknight|48/100
|
|-heal|p2a: Corviknight|97/100|[from] move: Wish|[wisher] Sylveon
|-heal|p1a: Ferrothorn|95/100 brn|[from] item: Leftovers
|-damage|p1a: Ferrothorn|88/100 brn|[from] brn
|upkeep
|turn|166
|
|t:|1625152691
|switch|p1a: Mandibuzz|Mandibuzz, F|82/100 tox
|move|p2a: Corviknight|Bulk Up|p2a: Corviknight
|-boost|p2a: Corviknight|atk|1
|-boost|p2a: Corviknight|def|1
|
|-damage|p1a: Mandibuzz|76/100 tox|[from] psn
|upkeep
|turn|167
|
|t:|1625152699
|move|p1a: Mandibuzz|U-turn|p2a: Corviknight
|-resisted|p2a: Corviknight
|-damage|p2a: Corviknight|95/100
|
|t:|1625152701
|switch|p1a: Tapu Lele|Tapu Lele|100/100|[from]move: U-turn
|-fieldstart|move: Psychic Terrain|[from] ability: Psychic Surge|[of] p1a: Tapu Lele
|move|p2a: Corviknight|Brave Bird|p1a: Tapu Lele
|-damage|p1a: Tapu Lele|0 fnt
|faint|p1a: Tapu Lele
|-damage|p2a: Corviknight|72/100|[from] Recoil
|
|upkeep
|
|t:|1625152704
|switch|p1a: Rotom|Rotom-Wash|2/100 tox
|turn|168
|
|t:|1625152711
|switch|p2a: Sylveon|Sylveon, F|100/100
|-damage|p2a: Sylveon|76/100|[from] Spikes
|move|p1a: Rotom|Volt Switch|p2a: Sylveon
|-damage|p2a: Sylveon|62/100
|
|t:|1625152714
|switch|p1a: Ferrothorn|Ferrothorn, F|88/100 brn|[from]move: Volt Switch
|
|-heal|p1a: Ferrothorn|95/100 brn|[from] item: Leftovers
|-damage|p1a: Ferrothorn|88/100 brn|[from] brn
|upkeep
|turn|169
|
|t:|1625152719
|move|p2a: Sylveon|Wish|p2a: Sylveon
|move|p1a: Ferrothorn|Spikes||[still]
|-fail|p1a: Ferrothorn
|
|-heal|p1a: Ferrothorn|95/100 brn|[from] item: Leftovers
|-damage|p1a: Ferrothorn|88/100 brn|[from] brn
|upkeep
|turn|170
|
|t:|1625152722
|move|p2a: Sylveon|Protect|p2a: Sylveon
|-singleturn|p2a: Sylveon|Protect
|move|p1a: Ferrothorn|Leech Seed|p2a: Sylveon
|-activate|p2a: Sylveon|move: Protect
|
|-heal|p2a: Sylveon|100/100|[from] move: Wish|[wisher] Sylveon
|-heal|p1a: Ferrothorn|95/100 brn|[from] item: Leftovers
|-damage|p1a: Ferrothorn|88/100 brn|[from] brn
|upkeep
|turn|171
|
|t:|1625152724
|move|p2a: Sylveon|Wish|p2a: Sylveon
|move|p1a: Ferrothorn|Leech Seed|p2a: Sylveon
|-start|p2a: Sylveon|move: Leech Seed
|
|-heal|p1a: Ferrothorn|95/100 brn|[from] item: Leftovers
|-damage|p2a: Sylveon|88/100|[from] Leech Seed|[of] p1a: Ferrothorn
|-heal|p1a: Ferrothorn|100/100 brn|[silent]
|-damage|p1a: Ferrothorn|94/100 brn|[from] brn
|-fieldend|move: Psychic Terrain
|upkeep
|turn|172
|j| trepoer
|
|t:|1625152729
|switch|p2a: Corviknight|Corviknight, M|72/100
|-ability|p2a: Corviknight|Pressure
|move|p1a: Ferrothorn|Leech Seed|p2a: Corviknight
|-start|p2a: Corviknight|move: Leech Seed
|
|-heal|p2a: Corviknight|100/100|[from] move: Wish|[wisher] Sylveon
|-heal|p1a: Ferrothorn|100/100 brn|[from] item: Leftovers
|-damage|p2a: Corviknight|88/100|[from] Leech Seed|[of] p1a: Ferrothorn
|-damage|p1a: Ferrothorn|94/100 brn|[from] brn
|upkeep
|turn|173
|
|t:|1625152738
|switch|p2a: Toxapex|Toxapex, F|100/100
|-damage|p2a: Toxapex|75/100|[from] Spikes
|move|p1a: Ferrothorn|Leech Seed|p2a: Toxapex
|-start|p2a: Toxapex|move: Leech Seed
|
|-heal|p1a: Ferrothorn|100/100 brn|[from] item: Leftovers
|-damage|p2a: Toxapex|63/100|[from] Leech Seed|[of] p1a: Ferrothorn
|-damage|p1a: Ferrothorn|94/100 brn|[from] brn
|upkeep
|turn|174
|
|t:|1625152742
|switch|p2a: Sylveon|Sylveon, F|88/100
|-damage|p2a: Sylveon|63/100|[from] Spikes
|switch|p1a: Rotom|Rotom-Wash|2/100 tox
|
|-damage|p1a: Rotom|0 fnt|[from] psn
|faint|p1a: Rotom
|upkeep
|-message|LT81YL TEAMBUILDER forfeited.
|
|win|Lenape
|l|☆LT81YL TEAMBUILDER
|raw|LT81YL TEAMBUILDER's rating: 1792 &rarr; <strong>1781</strong><br />(-11 for losing)
|raw|Lenape's rating: 1968 &rarr; <strong>1979</strong><br />(+11 for winning)
|l| monsmidlifecrisis
||Ladder isn't responding, score probably updated but might not have (Request timeout).
