|raw|<div class="broadcast-blue"><strong>This battle is required to be public due to a player having a name starting with 'lt94je'.</div>
|j|☆tolstoy
|j|☆LT94JE Elpacho
|t:|1661398139
|gametype|singles
|player|p1|tolstoy|ethan|1923
|player|p2|LT94JE Elpacho|baker|1739
|teamsize|p1|6
|teamsize|p2|6
|gen|8
|tier|[Gen 8] OU
|rated|
|rule|Sleep Clause Mod: Limit one foe put to sleep
|rule|Species Clause: Limit one of each Pokémon
|rule|OHKO Clause: OHKO moves are banned
|rule|Evasion Items Clause: Evasion items are banned
|rule|Evasion Moves Clause: Evasion moves are banned
|rule|Endless Battle Clause: Forcing endless battles is banned
|rule|HP Percentage Mod: HP is shown in percentages
|rule|Dynamax Clause: You cannot dynamax
|clearpoke
|poke|p1|Garchomp, F|
|poke|p1|Moltres-Galar|
|poke|p1|Gengar, F|
|poke|p1|Regieleki|
|poke|p1|Rillaboom, M|
|poke|p1|Melmetal|
|poke|p2|Volcanion|
|poke|p2|Ninetales-Alola, F|
|poke|p2|Corviknight, M|
|poke|p2|Arctozolt|
|poke|p2|Landorus-Therian, M|
|poke|p2|Tornadus-Therian, M|
|teampreview
|inactive|Battle timer is ON: inactive players will automatically lose when time's up. (requested by LT94JE Elpacho)
|j| Momentary Life
|j| 3d
|
|t:|1661398161
|start
|switch|p1a: Gengar|Gengar, F|100/100
|switch|p2a: Ninetales|Ninetales-Alola, F|100/100
|-weather|Hail|[from] ability: Snow Warning|[of] p2a: Ninetales
|turn|1
|
|t:|1661398170
|switch|p2a: Tornadus|Tornadus-Therian, M|100/100
|move|p1a: Gengar|Trick|p2a: Tornadus
|-activate|p1a: Gengar|move: Trick|[of] p2a: Tornadus
|-item|p2a: Tornadus|Choice Specs|[from] move: Trick
|-item|p1a: Gengar|Assault Vest|[from] move: Trick
|
|-weather|Hail|[upkeep]
|-damage|p2a: Tornadus|94/100|[from] Hail
|-damage|p1a: Gengar|94/100|[from] Hail
|upkeep
|turn|2
|j| LT94JE Tace
|
|t:|1661398185
|switch|p1a: Garchomp|Garchomp, F|100/100
|move|p2a: Tornadus|Heat Wave|p1a: Garchomp
|-resisted|p1a: Garchomp
|-damage|p1a: Garchomp|84/100
|
|-weather|Hail|[upkeep]
|-damage|p2a: Tornadus|88/100|[from] Hail
|-damage|p1a: Garchomp|78/100|[from] Hail
|upkeep
|turn|3
|j| Scish
|
|t:|1661398191
|switch|p2a: Corviknight|Corviknight, M|100/100
|-ability|p2a: Corviknight|Pressure
|move|p1a: Garchomp|Stealth Rock|p2a: Corviknight
|-sidestart|p2: LT94JE Elpacho|move: Stealth Rock
|
|-weather|Hail|[upkeep]
|-damage|p1a: Garchomp|71/100|[from] Hail
|-damage|p2a: Corviknight|94/100|[from] Hail
|upkeep
|turn|4
|
|t:|1661398195
|move|p1a: Garchomp|Flamethrower|p2a: Corviknight
|-supereffective|p2a: Corviknight
|-damage|p2a: Corviknight|61/100
|move|p2a: Corviknight|Defog|p1a: Garchomp
|-unboost|p1a: Garchomp|evasion|1
|-sideend|p2: LT94JE Elpacho|Stealth Rock|[from] move: Defog|[of] p2a: Corviknight
|
|-weather|Hail|[upkeep]
|-damage|p1a: Garchomp|65/100|[from] Hail
|-damage|p2a: Corviknight|55/100|[from] Hail
|upkeep
|turn|5
|
|t:|1661398199
|move|p1a: Garchomp|Stealth Rock|p2a: Corviknight
|-sidestart|p2: LT94JE Elpacho|move: Stealth Rock
|move|p2a: Corviknight|Roost|p2a: Corviknight
|-heal|p2a: Corviknight|100/100
|-singleturn|p2a: Corviknight|move: Roost
|
|-weather|Hail|[upkeep]
|-damage|p1a: Garchomp|59/100|[from] Hail
|-damage|p2a: Corviknight|94/100|[from] Hail
|upkeep
|turn|6
|
|t:|1661398201
|move|p1a: Garchomp|Flamethrower|p2a: Corviknight
|-supereffective|p2a: Corviknight
|-damage|p2a: Corviknight|65/100
|move|p2a: Corviknight|Defog|p1a: Garchomp
|-unboost|p1a: Garchomp|evasion|1
|-sideend|p2: LT94JE Elpacho|Stealth Rock|[from] move: Defog|[of] p2a: Corviknight
|
|-weather|Hail|[upkeep]
|-damage|p1a: Garchomp|53/100|[from] Hail
|-damage|p2a: Corviknight|59/100|[from] Hail
|upkeep
|turn|7
|
|t:|1661398205
|move|p1a: Garchomp|Stealth Rock|p2a: Corviknight
|-sidestart|p2: LT94JE Elpacho|move: Stealth Rock
|move|p2a: Corviknight|Roost|p2a: Corviknight
|-heal|p2a: Corviknight|100/100
|-singleturn|p2a: Corviknight|move: Roost
|
|-weather|Hail|[upkeep]
|-damage|p1a: Garchomp|47/100|[from] Hail
|-damage|p2a: Corviknight|94/100|[from] Hail
|upkeep
|turn|8
|j| wuminKenken
|
|t:|1661398206
|move|p1a: Garchomp|Flamethrower|p2a: Corviknight
|-supereffective|p2a: Corviknight
|-crit|p2a: Corviknight
|-damage|p2a: Corviknight|51/100
|move|p2a: Corviknight|Defog|p1a: Garchomp
|-unboost|p1a: Garchomp|evasion|1
|-sideend|p2: LT94JE Elpacho|Stealth Rock|[from] move: Defog|[of] p2a: Corviknight
|
|-weather|none
|upkeep
|turn|9
|
|t:|1661398211
|move|p1a: Garchomp|Flamethrower|p2a: Corviknight
|-supereffective|p2a: Corviknight
|-damage|p2a: Corviknight|21/100
|move|p2a: Corviknight|Roost|p2a: Corviknight
|-heal|p2a: Corviknight|71/100
|-singleturn|p2a: Corviknight|move: Roost
|
|upkeep
|turn|10
|
|t:|1661398214
|move|p1a: Garchomp|Stealth Rock|p2a: Corviknight
|-sidestart|p2: LT94JE Elpacho|move: Stealth Rock
|move|p2a: Corviknight|Roost|p2a: Corviknight
|-heal|p2a: Corviknight|100/100
|-singleturn|p2a: Corviknight|move: Roost
|
|upkeep
|turn|11
|
|t:|1661398216
|move|p1a: Garchomp|Flamethrower|p2a: Corviknight
|-supereffective|p2a: Corviknight
|-damage|p2a: Corviknight|70/100
|move|p2a: Corviknight|Defog|p1a: Garchomp
|-unboost|p1a: Garchomp|evasion|1
|-sideend|p2: LT94JE Elpacho|Stealth Rock|[from] move: Defog|[of] p2a: Corviknight
|
|upkeep
|turn|12
|
|t:|1661398219
|move|p1a: Garchomp|Stealth Rock|p2a: Corviknight
|-sidestart|p2: LT94JE Elpacho|move: Stealth Rock
|move|p2a: Corviknight|Body Press|p1a: Garchomp
|-damage|p1a: Garchomp|28/100
|-damage|p2a: Corviknight|58/100|[from] ability: Rough Skin|[of] p1a: Garchomp
|-damage|p2a: Corviknight|41/100|[from] item: Rocky Helmet|[of] p1a: Garchomp
|
|upkeep
|turn|13
|
|t:|1661398222
|move|p1a: Garchomp|Flamethrower|p2a: Corviknight
|-supereffective|p2a: Corviknight
|-damage|p2a: Corviknight|9/100
|move|p2a: Corviknight|Roost|p2a: Corviknight
|-heal|p2a: Corviknight|59/100
|-singleturn|p2a: Corviknight|move: Roost
|
|upkeep
|turn|14
|
|t:|1661398225
|move|p1a: Garchomp|Flamethrower|p2a: Corviknight
|-supereffective|p2a: Corviknight
|-damage|p2a: Corviknight|31/100
|-status|p2a: Corviknight|brn
|move|p2a: Corviknight|Roost|p2a: Corviknight
|-heal|p2a: Corviknight|81/100 brn
|-singleturn|p2a: Corviknight|move: Roost
|
|-damage|p2a: Corviknight|75/100 brn|[from] brn
|upkeep
|turn|15
|
|t:|1661398235
|switch|p1a: Gengar|Gengar, F|94/100
|move|p2a: Corviknight|Defog|p1a: Gengar
|-unboost|p1a: Gengar|evasion|1
|-sideend|p2: LT94JE Elpacho|Stealth Rock|[from] move: Defog|[of] p2a: Corviknight
|
|-damage|p2a: Corviknight|69/100 brn|[from] brn
|upkeep
|turn|16
|
|t:|1661398240
|switch|p2a: Tornadus|Tornadus-Therian, M|100/100
|move|p1a: Gengar|Shadow Ball|p2a: Tornadus
|-damage|p2a: Tornadus|60/100
|
|upkeep
|turn|17
|
|t:|1661398244
|move|p2a: Tornadus|Hurricane|p1a: Gengar
|-damage|p1a: Gengar|27/100
|-start|p1a: Gengar|confusion
|-activate|p1a: Gengar|confusion
|move|p1a: Gengar|Thunderbolt|p2a: Tornadus
|-supereffective|p2a: Tornadus
|-damage|p2a: Tornadus|0 fnt
|faint|p2a: Tornadus
|
|upkeep
|
|t:|1661398261
|switch|p2a: Landorus|Landorus-Therian, M|100/100
|-ability|p2a: Landorus|Intimidate|boost
|-unboost|p1a: Gengar|atk|1
|turn|18
|
|t:|1661398280
|-activate|p1a: Gengar|confusion
|move|p1a: Gengar|Shadow Ball|p2a: Landorus
|-damage|p2a: Landorus|70/100
|move|p2a: Landorus|Earthquake|p1a: Gengar
|-supereffective|p1a: Gengar
|-damage|p1a: Gengar|0 fnt
|faint|p1a: Gengar
|
|-heal|p2a: Landorus|76/100|[from] item: Leftovers
|upkeep
|j| fiaurant
|
|t:|1661398285
|switch|p1a: Garchomp|Garchomp, F|28/100
|turn|19
|
|t:|1661398290
|move|p1a: Garchomp|Stealth Rock|p2a: Landorus
|-sidestart|p2: LT94JE Elpacho|move: Stealth Rock
|move|p2a: Landorus|Toxic|p1a: Garchomp
|-status|p1a: Garchomp|tox
|
|-heal|p2a: Landorus|82/100|[from] item: Leftovers
|-damage|p1a: Garchomp|22/100 tox|[from] psn
|upkeep
|turn|20
|
|t:|1661398293
|move|p1a: Garchomp|Toxic|p2a: Landorus
|-status|p2a: Landorus|tox
|move|p2a: Landorus|Defog|p1a: Garchomp
|-unboost|p1a: Garchomp|evasion|1
|-sideend|p2: LT94JE Elpacho|Stealth Rock|[from] move: Defog|[of] p2a: Landorus
|
|-heal|p2a: Landorus|88/100 tox|[from] item: Leftovers
|-damage|p1a: Garchomp|10/100 tox|[from] psn
|-damage|p2a: Landorus|82/100 tox|[from] psn
|upkeep
|turn|21
|
|t:|1661398296
|switch|p1a: Rillaboom|Rillaboom, M|100/100
|-fieldstart|move: Grassy Terrain|[from] ability: Grassy Surge|[of] p1a: Rillaboom
|move|p2a: Landorus|Defog|p1a: Rillaboom
|-unboost|p1a: Rillaboom|evasion|1
|-fieldend|move: Grassy Terrain
|
|-heal|p2a: Landorus|88/100 tox|[from] item: Leftovers
|-damage|p2a: Landorus|76/100 tox|[from] psn
|upkeep
|turn|22
|
|t:|1661398308
|switch|p1a: Garchomp|Garchomp, F|10/100 tox
|switch|p2a: Corviknight|Corviknight, M|69/100 brn
|-ability|p2a: Corviknight|Pressure
|
|-damage|p1a: Garchomp|4/100 tox|[from] psn
|-damage|p2a: Corviknight|63/100 brn|[from] brn
|upkeep
|turn|23
|
|t:|1661398315
|switch|p1a: Regieleki|Regieleki|100/100
|move|p2a: Corviknight|Defog|p1a: Regieleki
|-unboost|p1a: Regieleki|evasion|1
|
|-damage|p2a: Corviknight|57/100 brn|[from] brn
|upkeep
|turn|24
|
|t:|1661398321
|switch|p2a: Landorus|Landorus-Therian, M|76/100 tox
|-ability|p2a: Landorus|Intimidate|boost
|-unboost|p1a: Regieleki|atk|1
|move|p1a: Regieleki|Extreme Speed|p2a: Landorus
|-damage|p2a: Landorus|52/100 tox
|-damage|p1a: Regieleki|91/100|[from] item: Life Orb
|
|-heal|p2a: Landorus|58/100 tox|[from] item: Leftovers
|-damage|p2a: Landorus|52/100 tox|[from] psn
|upkeep
|turn|25
|
|t:|1661398340
|switch|p1a: Moltres|Moltres-Galar|100/100
|move|p2a: Landorus|U-turn|p1a: Moltres
|-damage|p1a: Moltres|77/100
|
|t:|1661398347
|switch|p2a: Ninetales|Ninetales-Alola, F|100/100|[from]move: U-turn
|-weather|Hail|[from] ability: Snow Warning|[of] p2a: Ninetales
|
|-weather|Hail|[upkeep]
|-damage|p1a: Moltres|71/100|[from] Hail
|-heal|p1a: Moltres|77/100|[from] item: Leftovers
|upkeep
|turn|26
|
|t:|1661398351
|move|p2a: Ninetales|Hypnosis|p1a: Moltres|[miss]
|-miss|p2a: Ninetales|p1a: Moltres
|move|p1a: Moltres|Hurricane|p2a: Ninetales
|-damage|p2a: Ninetales|54/100
|
|-weather|Hail|[upkeep]
|-damage|p1a: Moltres|71/100|[from] Hail
|-heal|p1a: Moltres|77/100|[from] item: Leftovers
|upkeep
|turn|27
|
|t:|1661398356
|move|p2a: Ninetales|Aurora Veil|p2a: Ninetales
|-sidestart|p2: LT94JE Elpacho|move: Aurora Veil
|move|p1a: Moltres|Hurricane|p2a: Ninetales|[miss]
|-miss|p1a: Moltres|p2a: Ninetales
|
|-weather|Hail|[upkeep]
|-damage|p1a: Moltres|71/100|[from] Hail
|-heal|p1a: Moltres|77/100|[from] item: Leftovers
|upkeep
|turn|28
|
|t:|1661398359
|switch|p2a: Arctozolt|Arctozolt|100/100
|move|p1a: Moltres|Hurricane|p2a: Arctozolt
|-resisted|p2a: Arctozolt
|-damage|p2a: Arctozolt|82/100
|
|-weather|Hail|[upkeep]
|-damage|p1a: Moltres|71/100|[from] Hail
|-heal|p2a: Arctozolt|89/100|[from] item: Leftovers
|-heal|p1a: Moltres|77/100|[from] item: Leftovers
|upkeep
|turn|29
|
|t:|1661398366
|switch|p1a: Melmetal|Melmetal|100/100
|move|p2a: Arctozolt|Bolt Beak|p1a: Melmetal
|-damage|p1a: Melmetal|59/100
|
|-weather|Hail|[upkeep]
|-damage|p1a: Melmetal|53/100|[from] Hail
|-heal|p2a: Arctozolt|95/100|[from] item: Leftovers
|upkeep
|turn|30
|
|t:|1661398377
|move|p2a: Arctozolt|Bolt Beak|p1a: Melmetal
|-damage|p1a: Melmetal|13/100
|move|p1a: Melmetal|Thunder Punch|p2a: Arctozolt
|-resisted|p2a: Arctozolt
|-damage|p2a: Arctozolt|84/100
|
|-weather|Hail|[upkeep]
|-damage|p1a: Melmetal|7/100|[from] Hail
|-heal|p2a: Arctozolt|90/100|[from] item: Leftovers
|upkeep
|turn|31
|
|t:|1661398382
|switch|p1a: Garchomp|Garchomp, F|4/100 tox
|move|p2a: Arctozolt|Blizzard|p1a: Garchomp
|-supereffective|p1a: Garchomp
|-damage|p1a: Garchomp|0 fnt
|faint|p1a: Garchomp
|
|-weather|Hail|[upkeep]
|-heal|p2a: Arctozolt|96/100|[from] item: Leftovers
|-sideend|p2: LT94JE Elpacho|move: Aurora Veil
|upkeep
|
|t:|1661398385
|switch|p1a: Regieleki|Regieleki|91/100
|turn|32
|
|t:|1661398392
|switch|p2a: Landorus|Landorus-Therian, M|52/100 tox
|-ability|p2a: Landorus|Intimidate|boost
|-unboost|p1a: Regieleki|atk|1
|move|p1a: Regieleki|Explosion|p2a: Landorus
|-damage|p2a: Landorus|0 fnt
|faint|p1a: Regieleki
|faint|p2a: Landorus
|
|-weather|none
|upkeep
|
|t:|1661398396
|switch|p1a: Rillaboom|Rillaboom, M|100/100
|switch|p2a: Ninetales|Ninetales-Alola, F|54/100
|-weather|Hail|[from] ability: Snow Warning|[of] p2a: Ninetales
|-fieldstart|move: Grassy Terrain|[from] ability: Grassy Surge|[of] p1a: Rillaboom
|turn|33
|
|t:|1661398403
|move|p2a: Ninetales|Aurora Veil|p2a: Ninetales
|-sidestart|p2: LT94JE Elpacho|move: Aurora Veil
|move|p1a: Rillaboom|Swords Dance|p1a: Rillaboom
|-boost|p1a: Rillaboom|atk|2
|
|-weather|Hail|[upkeep]
|-damage|p1a: Rillaboom|94/100|[from] Hail
|-heal|p2a: Ninetales|60/100|[from] Grassy Terrain
|-heal|p1a: Rillaboom|100/100|[from] Grassy Terrain
|upkeep
|turn|34
|
|t:|1661398406
|move|p1a: Rillaboom|Grassy Glide|p2a: Ninetales
|-damage|p2a: Ninetales|0 fnt
|faint|p2a: Ninetales
|-damage|p1a: Rillaboom|91/100|[from] item: Life Orb
|
|-weather|Hail|[upkeep]
|-damage|p1a: Rillaboom|84/100|[from] Hail
|-heal|p1a: Rillaboom|91/100|[from] Grassy Terrain
|upkeep
|
|t:|1661398410
|switch|p2a: Volcanion|Volcanion|100/100
|turn|35
|
|t:|1661398413
|switch|p1a: Melmetal|Melmetal|7/100
|move|p2a: Volcanion|Flamethrower|p1a: Melmetal
|-supereffective|p1a: Melmetal
|-damage|p1a: Melmetal|0 fnt
|faint|p1a: Melmetal
|
|-weather|Hail|[upkeep]
|-damage|p2a: Volcanion|95/100|[from] Hail
|-heal|p2a: Volcanion|100/100|[from] Grassy Terrain
|upkeep
|
|t:|1661398417
|switch|p1a: Moltres|Moltres-Galar|77/100
|turn|36
|
|t:|1661398420
|switch|p2a: Arctozolt|Arctozolt|96/100
|move|p1a: Moltres|Agility|p1a: Moltres
|-boost|p1a: Moltres|spe|2
|
|-weather|Hail|[upkeep]
|-damage|p1a: Moltres|71/100|[from] Hail
|-heal|p1a: Moltres|77/100|[from] item: Leftovers
|-heal|p2a: Arctozolt|100/100|[from] Grassy Terrain
|upkeep
|turn|37
|inactive|tolstoy has 120 seconds left.
|j|+kino
|
|t:|1661398457
|move|p1a: Moltres|Fiery Wrath|p2a: Arctozolt
|-damage|p2a: Arctozolt|71/100
|move|p2a: Arctozolt|Bolt Beak|p1a: Moltres
|-supereffective|p1a: Moltres
|-damage|p1a: Moltres|4/100
|-ability|p1a: Moltres|Berserk|boost
|-boost|p1a: Moltres|spa|1
|
|-weather|Hail|[upkeep]
|-damage|p1a: Moltres|0 fnt|[from] Hail
|faint|p1a: Moltres
|-heal|p2a: Arctozolt|77/100|[from] Grassy Terrain
|-heal|p2a: Arctozolt|84/100|[from] item: Leftovers
|-sideend|p2: LT94JE Elpacho|move: Aurora Veil
|-fieldend|move: Grassy Terrain
|upkeep
|inactive|tolstoy has 120 seconds left.
|
|t:|1661398464
|switch|p1a: Rillaboom|Rillaboom, M|91/100
|-fieldstart|move: Grassy Terrain|[from] ability: Grassy Surge|[of] p1a: Rillaboom
|turn|38
|
|t:|1661398467
|move|p1a: Rillaboom|Grassy Glide|p2a: Arctozolt
|-damage|p2a: Arctozolt|7/100
|-damage|p1a: Rillaboom|81/100|[from] item: Life Orb
|move|p2a: Arctozolt|Blizzard|p1a: Rillaboom
|-supereffective|p1a: Rillaboom
|-damage|p1a: Rillaboom|0 fnt
|faint|p1a: Rillaboom
|
|win|LT94JE Elpacho
|raw|tolstoy's rating: 1923 &rarr; <strong>1893</strong><br />(-30 for losing)
|raw|LT94JE Elpacho's rating: 1739 &rarr; <strong>1769</strong><br />(+30 for winning)
|l|☆tolstoy
|l| 3d
|l|☆LT94JE Elpacho
|l| wuminKenken
|l| Momentary Life
|l| LT94JE Tace
||Ladder isn't responding, score probably updated but might not have (Request timeout).
