|raw|<div class="broadcast-blue"><strong>This battle is required to be public due to a player having a name starting with 'LT73IU'.</div>
|j|☆Rorschach I
|j|☆LT73IUyovandormait
|t:|1598371699
|player|p1|Rorschach I|cynthia|1969
|player|p2|LT73IUyovandormait|colress|1802
|teamsize|p1|6
|teamsize|p2|6
|gametype|singles
|gen|8
|tier|[Gen 8] OU
|rated|
|clearpoke
|poke|p1|Pelipper, M|
|poke|p1|Tangrowth, F|
|poke|p1|Zeraora|
|poke|p1|Urshifu-*, M|
|poke|p1|Excadrill, F|
|poke|p1|Toxapex, F|
|poke|p2|Ditto|
|poke|p2|Skarmory, M|
|poke|p2|Clefable, M|
|poke|p2|Zeraora|
|poke|p2|Blissey, F|
|poke|p2|Toxapex, F|
|rule|Sleep Clause Mod: Limit one foe put to sleep
|rule|Species Clause: Limit one of each Pokémon
|rule|OHKO Clause: OHKO moves are banned
|rule|Evasion Moves Clause: Evasion moves are banned
|rule|Endless Battle Clause: Forcing endless battles is banned
|rule|HP Percentage Mod: HP is shown in percentages
|rule|Dynamax Clause: You cannot dynamax
|teampreview
|j| SuperEpicAmpharos
|
|t:|1598371710
|start
|switch|p1a: Toxapex|Toxapex, F|100/100
|switch|p2a: Zeraora|Zeraora|100/100
|turn|1
|
|t:|1598371714
|move|p2a: Zeraora|Volt Switch|p1a: Toxapex
|-supereffective|p1a: Toxapex
|-crit|p1a: Toxapex
|-damage|p1a: Toxapex|57/100
|
|t:|1598371718
|switch|p2a: Skarmory|Skarmory, M|100/100|[from]move: Volt Switch
|move|p1a: Toxapex|Knock Off|p2a: Skarmory
|-damage|p2a: Skarmory|91/100
|-damage|p1a: Toxapex|40/100|[from] item: Rocky Helmet|[of] p2a: Skarmory
|-enditem|p2a: Skarmory|Rocky Helmet|[from] move: Knock Off|[of] p1a: Toxapex
|
|upkeep
|turn|2
|
|t:|1598371724
|switch|p1a: Pelipper|Pelipper, M|100/100
|-weather|RainDance|[from] ability: Drizzle|[of] p1a: Pelipper
|move|p2a: Skarmory|Spikes|p1a: Pelipper
|-sidestart|p1: Rorschach I|Spikes
|
|-weather|RainDance|[upkeep]
|upkeep
|turn|3
|
|t:|1598371727
|switch|p2a: Toxapex|Toxapex, F|100/100
|move|p1a: Pelipper|U-turn|p2a: Toxapex
|-resisted|p2a: Toxapex
|-damage|p2a: Toxapex|98/100
|-damage|p1a: Pelipper|84/100|[from] item: Rocky Helmet|[of] p2a: Toxapex
|j| Treyvion
|
|t:|1598371735
|switch|p1a: Zeraora|Zeraora|100/100|[from]move: U-turn
|-damage|p1a: Zeraora|88/100|[from] Spikes
|
|-weather|RainDance|[upkeep]
|upkeep
|turn|4
|j| Livio ElTito
|
|t:|1598371744
|switch|p2a: Clefable|Clefable, M|100/100
|move|p1a: Zeraora|Close Combat|p2a: Clefable
|-resisted|p2a: Clefable
|-damage|p2a: Clefable|89/100
|-unboost|p1a: Zeraora|def|1
|-unboost|p1a: Zeraora|spd|1
|
|-weather|RainDance|[upkeep]
|upkeep
|turn|5
|
|t:|1598371754
|move|p1a: Zeraora|Volt Switch|p2a: Clefable
|-damage|p2a: Clefable|52/100
|
|t:|1598371757
|switch|p1a: Excadrill|Excadrill, F|100/100|[from]move: Volt Switch
|-damage|p1a: Excadrill|88/100|[from] Spikes
|-ability|p1a: Excadrill|Mold Breaker
|move|p2a: Clefable|Moonblast|p1a: Excadrill
|-resisted|p1a: Excadrill
|-damage|p1a: Excadrill|68/100
|
|-weather|RainDance|[upkeep]
|-heal|p1a: Excadrill|74/100|[from] item: Leftovers
|upkeep
|turn|6
|j| LT73IU Aoi
|
|t:|1598371765
|switch|p2a: Skarmory|Skarmory, M|91/100
|move|p1a: Excadrill|Rapid Spin|p2a: Skarmory
|-resisted|p2a: Skarmory
|-crit|p2a: Skarmory
|-damage|p2a: Skarmory|83/100
|-boost|p1a: Excadrill|spe|1
|-sideend|p1: Rorschach I|Spikes|[from] move: Rapid Spin|[of] p1a: Excadrill
|
|-weather|none
|-heal|p1a: Excadrill|80/100|[from] item: Leftovers
|upkeep
|turn|7
|j| up n coming
|
|t:|1598371772
|switch|p1a: Pelipper|Pelipper, M|84/100
|-weather|RainDance|[from] ability: Drizzle|[of] p1a: Pelipper
|move|p2a: Skarmory|Toxic|p1a: Pelipper
|-status|p1a: Pelipper|tox
|
|-weather|RainDance|[upkeep]
|-damage|p1a: Pelipper|78/100 tox|[from] psn
|upkeep
|turn|8
|j| Er Shuloputa
|j| LT73IU Separation
|
|t:|1598371777
|move|p2a: Skarmory|Spikes|p1a: Pelipper
|-sidestart|p1: Rorschach I|Spikes
|move|p1a: Pelipper|Hurricane|p2a: Skarmory
|-resisted|p2a: Skarmory
|-damage|p2a: Skarmory|34/100
|-start|p2a: Skarmory|confusion
|
|-weather|RainDance|[upkeep]
|-damage|p1a: Pelipper|66/100 tox|[from] psn
|upkeep
|turn|9
|
|t:|1598371784
|switch|p1a: Excadrill|Excadrill, F|80/100
|-damage|p1a: Excadrill|67/100|[from] Spikes
|-ability|p1a: Excadrill|Mold Breaker
|-activate|p2a: Skarmory|confusion
|move|p2a: Skarmory|Roost|p2a: Skarmory
|-heal|p2a: Skarmory|85/100
|-singleturn|p2a: Skarmory|move: Roost
|
|-weather|RainDance|[upkeep]
|-heal|p1a: Excadrill|73/100|[from] item: Leftovers
|upkeep
|turn|10
|j| lt73iu leo
|
|t:|1598371796
|move|p1a: Excadrill|Stealth Rock|p2a: Skarmory
|-sidestart|p2: LT73IUyovandormait|move: Stealth Rock
|-end|p2a: Skarmory|confusion
|move|p2a: Skarmory|Body Press|p1a: Excadrill
|-supereffective|p1a: Excadrill
|-damage|p1a: Excadrill|0 fnt
|faint|p1a: Excadrill
|
|-weather|RainDance|[upkeep]
|upkeep
|l| LT73IU Separation
|-message|Rorschach I forfeited.
|
|win|LT73IUyovandormait
|l|☆Rorschach I
|l| Er Shuloputa
|l| SuperEpicAmpharos
|l| up n coming
|l| Treyvion
||Ladder (probably) updated, but score could not be retrieved (Request timeout).
