|j|☆RggV
|j|☆Gurtrant
|t:|1629510532
|gametype|singles
|player|p1|RggV|1|1710
|player|p2|Gurtrant|238|1757
|teamsize|p1|6
|teamsize|p2|6
|gen|8
|tier|[Gen 8] OU
|rated|
|rule|Sleep Clause Mod: Limit one foe put to sleep
|rule|Species Clause: Limit one of each Pokémon
|rule|OHKO Clause: OHKO moves are banned
|rule|Evasion Moves Clause: Evasion moves are banned
|rule|Endless Battle Clause: Forcing endless battles is banned
|rule|HP Percentage Mod: HP is shown in percentages
|rule|Dynamax Clause: You cannot dynamax
|clearpoke
|poke|p1|Politoed, F|
|poke|p1|Heliolisk, M|
|poke|p1|Kingdra, M|
|poke|p1|Mudsdale, F|
|poke|p1|Victini|
|poke|p1|Scizor, F|
|poke|p2|Pelipper, M|
|poke|p2|Heliolisk, M|
|poke|p2|Seismitoad, M|
|poke|p2|Barraskewda, M|
|poke|p2|Ferrothorn, M|
|poke|p2|Zapdos|
|teampreview
|inactive|Battle timer is ON: inactive players will automatically lose when time's up. (requested by Gurtrant)
|
|t:|1629510542
|start
|switch|p1a: Victini|Victini|100/100
|switch|p2a: Pelipper|Pelipper, M|100/100
|-weather|RainDance|[from] ability: Drizzle|[of] p2a: Pelipper
|turn|1
|j| RWaver
|
|t:|1629510548
|switch|p2a: Ferrothorn|Ferrothorn, M|100/100
|move|p1a: Victini|U-turn|p2a: Ferrothorn
|-damage|p2a: Ferrothorn|77/100
|-damage|p1a: Victini|88/100|[from] ability: Iron Barbs|[of] p2a: Ferrothorn
|
|t:|1629510551
|switch|p1a: Scizor|Scizor, F|100/100|[from]move: U-turn
|
|-weather|RainDance|[upkeep]
|-heal|p2a: Ferrothorn|84/100|[from] item: Leftovers
|upkeep
|turn|2
|
|t:|1629510554
|switch|p2a: Zapdos|Zapdos|100/100
|move|p1a: Scizor|Knock Off|p2a: Zapdos
|-damage|p2a: Zapdos|82/100
|-status|p1a: Scizor|par|[from] ability: Static|[of] p2a: Zapdos
|-enditem|p2a: Zapdos|Heavy-Duty Boots|[from] move: Knock Off|[of] p1a: Scizor
|
|-weather|RainDance|[upkeep]
|upkeep
|turn|3
|
|t:|1629510557
|move|p2a: Zapdos|U-turn|p1a: Scizor
|-resisted|p1a: Scizor
|-damage|p1a: Scizor|94/100 par
|
|t:|1629510565
|switch|p2a: Ferrothorn|Ferrothorn, M|84/100|[from]move: U-turn
|cant|p1a: Scizor|par
|
|-weather|RainDance|[upkeep]
|-heal|p2a: Ferrothorn|90/100|[from] item: Leftovers
|upkeep
|turn|4
|
|t:|1629510572
|switch|p2a: Zapdos|Zapdos|82/100
|move|p1a: Scizor|Knock Off|p2a: Zapdos
|-damage|p2a: Zapdos|70/100
|
|-weather|RainDance|[upkeep]
|upkeep
|turn|5
|
|t:|1629510574
|move|p2a: Zapdos|Thunder|p1a: Scizor
|-damage|p1a: Scizor|53/100 par
|move|p1a: Scizor|U-turn|p2a: Zapdos
|-resisted|p2a: Zapdos
|-damage|p2a: Zapdos|60/100
|
|t:|1629510580
|switch|p1a: Kingdra|Kingdra, M|100/100|[from]move: U-turn
|
|-weather|RainDance|[upkeep]
|upkeep
|turn|6
|j| FromRussiaWithLove
|
|t:|1629510582
|switch|p2a: Ferrothorn|Ferrothorn, M|90/100
|move|p1a: Kingdra|Surf|p2a: Ferrothorn
|-resisted|p2a: Ferrothorn
|-damage|p2a: Ferrothorn|59/100
|
|-weather|RainDance|[upkeep]
|-heal|p2a: Ferrothorn|66/100|[from] item: Leftovers
|upkeep
|turn|7
|
|t:|1629510587
|move|p1a: Kingdra|Surf|p2a: Ferrothorn
|-resisted|p2a: Ferrothorn
|-damage|p2a: Ferrothorn|35/100
|move|p2a: Ferrothorn|Leech Seed|p1a: Kingdra|[miss]
|-miss|p2a: Ferrothorn|p1a: Kingdra
|
|-weather|RainDance|[upkeep]
|-heal|p2a: Ferrothorn|41/100|[from] item: Leftovers
|upkeep
|turn|8
|
|t:|1629510596
|switch|p1a: Victini|Victini|88/100
|switch|p2a: Heliolisk|Heliolisk, M, shiny|100/100
|
|-weather|none
|upkeep
|turn|9
|
|t:|1629510602
|switch|p2a: Pelipper|Pelipper, M|100/100
|-weather|RainDance|[from] ability: Drizzle|[of] p2a: Pelipper
|move|p1a: Victini|U-turn|p2a: Pelipper
|-resisted|p2a: Pelipper
|-damage|p2a: Pelipper|88/100
|
|t:|1629510606
|switch|p1a: Heliolisk|Heliolisk, M|100/100|[from]move: U-turn
|
|-weather|RainDance|[upkeep]
|upkeep
|turn|10
|
|t:|1629510617
|switch|p2a: Ferrothorn|Ferrothorn, M|41/100
|move|p1a: Heliolisk|Hyper Voice|p2a: Ferrothorn
|-resisted|p2a: Ferrothorn
|-damage|p2a: Ferrothorn|24/100
|-damage|p1a: Heliolisk|91/100|[from] item: Life Orb
|
|-weather|RainDance|[upkeep]
|-heal|p1a: Heliolisk|100/100|[from] ability: Dry Skin
|-heal|p2a: Ferrothorn|30/100|[from] item: Leftovers
|upkeep
|turn|11
|
|t:|1629510622
|move|p1a: Heliolisk|Thunder|p2a: Ferrothorn
|-resisted|p2a: Ferrothorn
|-damage|p2a: Ferrothorn|9/100
|-status|p2a: Ferrothorn|par
|-damage|p1a: Heliolisk|91/100|[from] item: Life Orb
|move|p2a: Ferrothorn|Leech Seed|p1a: Heliolisk
|-start|p1a: Heliolisk|move: Leech Seed
|
|-weather|RainDance|[upkeep]
|-heal|p1a: Heliolisk|100/100|[from] ability: Dry Skin
|-heal|p2a: Ferrothorn|15/100 par|[from] item: Leftovers
|-damage|p1a: Heliolisk|88/100|[from] Leech Seed|[of] p2a: Ferrothorn
|-heal|p2a: Ferrothorn|24/100 par|[silent]
|upkeep
|turn|12
|
|t:|1629510628
|move|p1a: Heliolisk|Volt Switch|p2a: Ferrothorn
|-resisted|p2a: Ferrothorn
|-damage|p2a: Ferrothorn|11/100 par
|-damage|p1a: Heliolisk|78/100|[from] item: Life Orb
|
|t:|1629510632
|switch|p1a: Scizor|Scizor, F|53/100 par|[from]move: Volt Switch
|move|p2a: Ferrothorn|Knock Off|p1a: Scizor
|-damage|p1a: Scizor|31/100 par
|-enditem|p1a: Scizor|Heavy-Duty Boots|[from] move: Knock Off|[of] p2a: Ferrothorn
|
|-weather|RainDance|[upkeep]
|-heal|p2a: Ferrothorn|17/100 par|[from] item: Leftovers
|upkeep
|turn|13
|j| Zombini62
|
|t:|1629510637
|switch|p2a: Zapdos|Zapdos|60/100
|move|p1a: Scizor|U-turn|p2a: Zapdos
|-resisted|p2a: Zapdos
|-damage|p2a: Zapdos|50/100
|
|t:|1629510639
|switch|p1a: Kingdra|Kingdra, M|100/100|[from]move: U-turn
|
|-weather|RainDance|[upkeep]
|upkeep
|turn|14
|
|t:|1629510643
|switch|p2a: Ferrothorn|Ferrothorn, M|17/100 par
|move|p1a: Kingdra|Draco Meteor|p2a: Ferrothorn
|-resisted|p2a: Ferrothorn
|-damage|p2a: Ferrothorn|0 fnt
|-unboost|p1a: Kingdra|spa|2
|faint|p2a: Ferrothorn
|
|-weather|RainDance|[upkeep]
|upkeep
|j| xMagic247
|
|t:|1629510658
|switch|p2a: Seismitoad|Seismitoad, M|100/100
|turn|15
|
|t:|1629510662
|switch|p1a: Politoed|Politoed, F, shiny|100/100
|move|p2a: Seismitoad|Stealth Rock|p1a: Politoed
|-sidestart|p1: RggV|move: Stealth Rock
|
|-weather|RainDance|[upkeep]
|upkeep
|turn|16
|
|t:|1629510669
|switch|p2a: Heliolisk|Heliolisk, M, shiny|100/100
|move|p1a: Politoed|Toxic|p2a: Heliolisk
|-status|p2a: Heliolisk|tox
|
|-weather|none
|-damage|p2a: Heliolisk|94/100 tox|[from] psn
|upkeep
|turn|17
|j| OnGroveStreet
|
|t:|1629510680
|switch|p1a: Heliolisk|Heliolisk, M|78/100
|-damage|p1a: Heliolisk|66/100|[from] Stealth Rock
|move|p2a: Heliolisk|Volt Switch|p1a: Heliolisk
|-resisted|p1a: Heliolisk
|-damage|p1a: Heliolisk|37/100
|-damage|p2a: Heliolisk|85/100 tox|[from] item: Life Orb
|
|t:|1629510686
|switch|p2a: Barraskewda|Barraskewda, M|100/100|[from]move: Volt Switch
|
|upkeep
|turn|18
|
|t:|1629510689
|switch|p1a: Mudsdale|Mudsdale, F, shiny|100/100
|-damage|p1a: Mudsdale|94/100|[from] Stealth Rock
|move|p2a: Barraskewda|Close Combat|p1a: Mudsdale
|-damage|p1a: Mudsdale|55/100
|-unboost|p2a: Barraskewda|def|1
|-unboost|p2a: Barraskewda|spd|1
|-ability|p1a: Mudsdale|Stamina|boost
|-boost|p1a: Mudsdale|def|1
|
|-heal|p1a: Mudsdale|61/100|[from] item: Leftovers
|upkeep
|turn|19
|
|t:|1629510693
|switch|p2a: Pelipper|Pelipper, M|88/100
|-weather|RainDance|[from] ability: Drizzle|[of] p2a: Pelipper
|move|p1a: Mudsdale|Stealth Rock|p2a: Pelipper
|-sidestart|p2: Gurtrant|move: Stealth Rock
|
|-weather|RainDance|[upkeep]
|-heal|p1a: Mudsdale|68/100|[from] item: Leftovers
|upkeep
|turn|20
|
|t:|1629510705
|switch|p1a: Heliolisk|Heliolisk, M|37/100
|-damage|p1a: Heliolisk|25/100|[from] Stealth Rock
|move|p2a: Pelipper|U-turn|p1a: Heliolisk
|-damage|p1a: Heliolisk|6/100
|j| wftsgdgxys
|
|t:|1629510715
|switch|p2a: Seismitoad|Seismitoad, M|100/100|[from]move: U-turn
|-damage|p2a: Seismitoad|94/100|[from] Stealth Rock
|
|-weather|RainDance|[upkeep]
|-heal|p1a: Heliolisk|18/100|[from] ability: Dry Skin
|upkeep
|turn|21
|
|t:|1629510726
|move|p2a: Seismitoad|Earth Power|p1a: Heliolisk
|-supereffective|p1a: Heliolisk
|-damage|p1a: Heliolisk|0 fnt
|faint|p1a: Heliolisk
|-damage|p2a: Seismitoad|84/100|[from] item: Life Orb
|
|-weather|RainDance|[upkeep]
|upkeep
|
|t:|1629510729
|switch|p1a: Kingdra|Kingdra, M|100/100
|-damage|p1a: Kingdra|88/100|[from] Stealth Rock
|turn|22
|
|t:|1629510738
|switch|p2a: Zapdos|Zapdos|50/100
|-damage|p2a: Zapdos|25/100|[from] Stealth Rock
|move|p1a: Kingdra|Draco Meteor|p2a: Zapdos
|-damage|p2a: Zapdos|0 fnt
|-unboost|p1a: Kingdra|spa|2
|faint|p2a: Zapdos
|
|-weather|RainDance|[upkeep]
|upkeep
|
|t:|1629510745
|switch|p2a: Seismitoad|Seismitoad, M|84/100
|-damage|p2a: Seismitoad|78/100|[from] Stealth Rock
|turn|23
|j| Kommo-o Se Juega
|
|t:|1629510752
|switch|p1a: Scizor|Scizor, F|31/100 par
|-damage|p1a: Scizor|19/100 par|[from] Stealth Rock
|move|p2a: Seismitoad|Earth Power|p1a: Scizor
|-damage|p1a: Scizor|0 fnt
|faint|p1a: Scizor
|-damage|p2a: Seismitoad|68/100|[from] item: Life Orb
|
|-weather|RainDance|[upkeep]
|upkeep
|
|t:|1629510754
|switch|p1a: Politoed|Politoed, F, shiny|100/100
|-damage|p1a: Politoed|88/100|[from] Stealth Rock
|turn|24
|
|t:|1629510760
|switch|p2a: Heliolisk|Heliolisk, M, shiny|85/100 tox
|-damage|p2a: Heliolisk|72/100 tox|[from] Stealth Rock
|move|p1a: Politoed|Ice Beam|p2a: Heliolisk
|-damage|p2a: Heliolisk|47/100 tox
|
|-weather|RainDance|[upkeep]
|-heal|p2a: Heliolisk|59/100 tox|[from] ability: Dry Skin
|-damage|p2a: Heliolisk|53/100 tox|[from] psn
|upkeep
|turn|25
|
|t:|1629510767
|move|p2a: Heliolisk|Surf|p1a: Politoed
|-resisted|p1a: Politoed
|-damage|p1a: Politoed|65/100
|-damage|p2a: Heliolisk|43/100 tox|[from] item: Life Orb
|move|p1a: Politoed|Ice Beam|p2a: Heliolisk
|-damage|p2a: Heliolisk|18/100 tox
|
|-weather|RainDance|[upkeep]
|-heal|p2a: Heliolisk|31/100 tox|[from] ability: Dry Skin
|-damage|p2a: Heliolisk|19/100 tox|[from] psn
|upkeep
|turn|26
|
|t:|1629510778
|move|p2a: Heliolisk|Surf|p1a: Politoed
|-resisted|p1a: Politoed
|-damage|p1a: Politoed|39/100
|-damage|p2a: Heliolisk|9/100 tox|[from] item: Life Orb
|move|p1a: Politoed|Ice Beam|p2a: Heliolisk
|-damage|p2a: Heliolisk|0 fnt
|faint|p2a: Heliolisk
|
|-weather|none
|upkeep
|
|t:|1629510791
|switch|p2a: Barraskewda|Barraskewda, M|100/100
|-damage|p2a: Barraskewda|88/100|[from] Stealth Rock
|turn|27
|
|t:|1629510796
|move|p2a: Barraskewda|Close Combat|p1a: Politoed
|-damage|p1a: Politoed|0 fnt
|-unboost|p2a: Barraskewda|def|1
|-unboost|p2a: Barraskewda|spd|1
|faint|p1a: Politoed
|
|upkeep
|j| TestingBot#7233
|
|t:|1629510814
|switch|p1a: Mudsdale|Mudsdale, F, shiny|68/100
|-damage|p1a: Mudsdale|61/100|[from] Stealth Rock
|turn|28
|
|t:|1629510817
|switch|p2a: Pelipper|Pelipper, M|88/100
|-damage|p2a: Pelipper|63/100|[from] Stealth Rock
|-weather|RainDance|[from] ability: Drizzle|[of] p2a: Pelipper
|move|p1a: Mudsdale|Smack Down|p2a: Pelipper
|-supereffective|p2a: Pelipper
|-damage|p2a: Pelipper|41/100
|-start|p2a: Pelipper|Smack Down
|
|-weather|RainDance|[upkeep]
|-heal|p1a: Mudsdale|68/100|[from] item: Leftovers
|upkeep
|turn|29
|
|t:|1629510829
|move|p2a: Pelipper|Scald|p1a: Mudsdale
|-supereffective|p1a: Mudsdale
|-damage|p1a: Mudsdale|0 fnt
|faint|p1a: Mudsdale
|
|-weather|RainDance|[upkeep]
|upkeep
|
|t:|1629510834
|switch|p1a: Kingdra|Kingdra, M|88/100
|-damage|p1a: Kingdra|76/100|[from] Stealth Rock
|turn|30
|
|t:|1629510839
|move|p1a: Kingdra|Surf|p2a: Pelipper
|-resisted|p2a: Pelipper
|-damage|p2a: Pelipper|0 fnt
|faint|p2a: Pelipper
|
|-weather|RainDance|[upkeep]
|upkeep
|
|t:|1629510842
|switch|p2a: Seismitoad|Seismitoad, M|68/100
|-damage|p2a: Seismitoad|62/100|[from] Stealth Rock
|turn|31
|
|t:|1629510844
|move|p1a: Kingdra|Surf|p2a: Seismitoad
|-damage|p2a: Seismitoad|0 fnt
|faint|p2a: Seismitoad
|
|-weather|RainDance|[upkeep]
|upkeep
|
|t:|1629510846
|switch|p2a: Barraskewda|Barraskewda, M|88/100
|-damage|p2a: Barraskewda|76/100|[from] Stealth Rock
|turn|32
|
|t:|1629510849
|move|p2a: Barraskewda|Liquidation|p1a: Kingdra
|-resisted|p1a: Kingdra
|-damage|p1a: Kingdra|43/100
|move|p1a: Kingdra|Surf|p2a: Barraskewda
|-resisted|p2a: Barraskewda
|-damage|p2a: Barraskewda|0 fnt
|faint|p2a: Barraskewda
|
|win|RggV
|raw|RggV's rating: 1710 &rarr; <strong>1733</strong><br />(+23 for winning)
|raw|Gurtrant's rating: 1757 &rarr; <strong>1734</strong><br />(-23 for losing)
