|raw|<div class="broadcast-blue"><strong>This battle is required to be public due to a player having a name starting with 'lt92pf'.</div>
|j|☆LT92PF Jobless
|j|☆dmt dreams
|t:|1659688091
|gametype|singles
|player|p1|LT92PF Jobless|101|1679
|player|p2|dmt dreams|101|2011
|teamsize|p1|6
|teamsize|p2|6
|gen|8
|tier|[Gen 8] OU
|rated|
|rule|Sleep Clause Mod: Limit one foe put to sleep
|rule|Species Clause: Limit one of each Pokémon
|rule|OHKO Clause: OHKO moves are banned
|rule|Evasion Items Clause: Evasion items are banned
|rule|Evasion Moves Clause: Evasion moves are banned
|rule|Endless Battle Clause: Forcing endless battles is banned
|rule|HP Percentage Mod: HP is shown in percentages
|rule|Dynamax Clause: You cannot dynamax
|clearpoke
|poke|p1|Mew|
|poke|p1|Corviknight, M|
|poke|p1|Tornadus-Therian, M|
|poke|p1|Toxapex, F|
|poke|p1|Clefable, F|
|poke|p1|Gastrodon-East, F|
|poke|p2|Nihilego|
|poke|p2|Zeraora|
|poke|p2|Landorus-Therian, M|
|poke|p2|Melmetal|
|poke|p2|Kartana|
|poke|p2|Blacephalon|
|teampreview
|j| BALOOR
|j| LT92PF Scizox
|j| Mimikyu Stardust
|l| LT92PF Scizox
|j| jusfordlolz
|j| BE RICH MY TWIZZYY
|l| Mimikyu Stardust
|
|t:|1659688161
|start
|switch|p1a: Toxapex|Toxapex, F|100/100
|switch|p2a: Landorus|Landorus-Therian, M|100/100
|-ability|p2a: Landorus|Intimidate|boost
|-unboost|p1a: Toxapex|atk|1
|turn|1
|
|t:|1659688165
|switch|p1a: Corviknight|Corviknight, M|100/100
|-ability|p1a: Corviknight|Pressure
|move|p2a: Landorus|Stealth Rock|p1a: Corviknight
|-sidestart|p1: LT92PF Jobless|move: Stealth Rock
|
|upkeep
|turn|2
|
|t:|1659688169
|switch|p2a: Blacephalon|Blacephalon|100/100
|move|p1a: Corviknight|Defog|p2a: Blacephalon
|-unboost|p2a: Blacephalon|evasion|1
|-sideend|p1: LT92PF Jobless|Stealth Rock|[from] move: Defog|[of] p1a: Corviknight
|
|upkeep
|turn|3
|
|t:|1659688172
|switch|p1a: Toxapex|Toxapex, F|100/100
|move|p2a: Blacephalon|Shadow Ball|p1a: Toxapex
|-damage|p1a: Toxapex|57/100
|
|upkeep
|turn|4
|l| jusfordlolz
|
|t:|1659688186
|switch|p2a: Landorus|Landorus-Therian, M|100/100
|-ability|p2a: Landorus|Intimidate|boost
|-unboost|p1a: Toxapex|atk|1
|move|p1a: Toxapex|Recover|p1a: Toxapex
|-heal|p1a: Toxapex|100/100
|
|upkeep
|turn|5
|
|t:|1659688192
|switch|p1a: Corviknight|Corviknight, M|100/100
|-ability|p1a: Corviknight|Pressure
|move|p2a: Landorus|Stealth Rock|p1a: Corviknight
|-sidestart|p1: LT92PF Jobless|move: Stealth Rock
|
|upkeep
|turn|6
|
|t:|1659688194
|switch|p2a: Blacephalon|Blacephalon|100/100
|move|p1a: Corviknight|Defog|p2a: Blacephalon
|-unboost|p2a: Blacephalon|evasion|1
|-sideend|p1: LT92PF Jobless|Stealth Rock|[from] move: Defog|[of] p1a: Corviknight
|
|upkeep
|turn|7
|
|t:|1659688196
|switch|p1a: Toxapex|Toxapex, F|100/100
|move|p2a: Blacephalon|Shadow Ball|p1a: Toxapex
|-damage|p1a: Toxapex|54/100
|
|upkeep
|turn|8
|
|t:|1659688203
|switch|p2a: Landorus|Landorus-Therian, M|100/100
|-ability|p2a: Landorus|Intimidate|boost
|-unboost|p1a: Toxapex|atk|1
|move|p1a: Toxapex|Recover|p1a: Toxapex
|-heal|p1a: Toxapex|100/100
|
|upkeep
|turn|9
|
|t:|1659688205
|switch|p1a: Corviknight|Corviknight, M|100/100
|-ability|p1a: Corviknight|Pressure
|move|p2a: Landorus|Stealth Rock|p1a: Corviknight
|-sidestart|p1: LT92PF Jobless|move: Stealth Rock
|
|upkeep
|turn|10
|
|t:|1659688207
|switch|p2a: Blacephalon|Blacephalon|100/100
|move|p1a: Corviknight|Defog|p2a: Blacephalon
|-unboost|p2a: Blacephalon|evasion|1
|-sideend|p1: LT92PF Jobless|Stealth Rock|[from] move: Defog|[of] p1a: Corviknight
|
|upkeep
|turn|11
|
|t:|1659688209
|switch|p1a: Toxapex|Toxapex, F|100/100
|move|p2a: Blacephalon|Shadow Ball|p1a: Toxapex
|-damage|p1a: Toxapex|58/100
|-unboost|p1a: Toxapex|spd|1
|
|upkeep
|turn|12
|
|t:|1659688211
|switch|p1a: Gastrodon|Gastrodon-East, F|100/100
|move|p2a: Blacephalon|Shadow Ball|p1a: Gastrodon
|-damage|p1a: Gastrodon|51/100
|
|upkeep
|turn|13
|
|t:|1659688219
|switch|p2a: Landorus|Landorus-Therian, M|100/100
|-ability|p2a: Landorus|Intimidate|boost
|-unboost|p1a: Gastrodon|atk|1
|move|p1a: Gastrodon|Recover|p1a: Gastrodon
|-heal|p1a: Gastrodon|100/100
|
|upkeep
|turn|14
|j| Mimikyu Stardust
|
|t:|1659688252
|switch|p1a: Clefable|Clefable, F|100/100
|move|p2a: Landorus|Toxic|p1a: Clefable
|-status|p1a: Clefable|tox
|
|-damage|p1a: Clefable|94/100 tox|[from] psn
|upkeep
|turn|15
|
|t:|1659688255
|move|p2a: Landorus|Stealth Rock|p1a: Clefable
|-sidestart|p1: LT92PF Jobless|move: Stealth Rock
|move|p1a: Clefable|Stealth Rock|p2a: Landorus
|-sidestart|p2: dmt dreams|move: Stealth Rock
|
|-heal|p1a: Clefable|100/100 tox|[from] item: Leftovers
|-damage|p1a: Clefable|88/100 tox|[from] psn
|upkeep
|turn|16
|
|t:|1659688263
|move|p2a: Landorus|U-turn|p1a: Clefable
|-resisted|p1a: Clefable
|-damage|p1a: Clefable|80/100 tox
|
|t:|1659688266
|switch|p2a: Blacephalon|Blacephalon|100/100|[from]move: U-turn
|-damage|p2a: Blacephalon|76/100|[from] Stealth Rock
|move|p1a: Clefable|Aromatherapy|p1a: Clefable
|-activate|p1a: Clefable|move: Aromatherapy
|-curestatus|p1a: Clefable|tox|[msg]
|
|-heal|p1a: Clefable|87/100|[from] item: Leftovers
|upkeep
|turn|17
|
|t:|1659688270
|switch|p1a: Gastrodon|Gastrodon-East, F|100/100
|move|p2a: Blacephalon|Shadow Ball|p1a: Gastrodon
|-damage|p1a: Gastrodon|53/100
|-unboost|p1a: Gastrodon|spd|1
|
|upkeep
|turn|18
|
|t:|1659688282
|switch|p1a: Tornadus|Tornadus-Therian, M|100/100
|move|p2a: Blacephalon|Shadow Ball|p1a: Tornadus
|-damage|p1a: Tornadus|28/100
|
|upkeep
|turn|19
|
|t:|1659688289
|switch|p2a: Zeraora|Zeraora|100/100
|move|p1a: Tornadus|Knock Off|p2a: Zeraora
|-damage|p2a: Zeraora|75/100
|-enditem|p2a: Zeraora|Heavy-Duty Boots|[from] move: Knock Off|[of] p1a: Tornadus
|
|upkeep
|turn|20
|
|t:|1659688310
|switch|p1a: Clefable|Clefable, F|87/100
|-damage|p1a: Clefable|74/100|[from] Stealth Rock
|move|p2a: Zeraora|Knock Off|p1a: Clefable
|-resisted|p1a: Clefable
|-damage|p1a: Clefable|62/100
|-enditem|p1a: Clefable|Leftovers|[from] move: Knock Off|[of] p2a: Zeraora
|
|upkeep
|turn|21
|
|t:|1659688315
|move|p2a: Zeraora|Taunt|p1a: Clefable
|-start|p1a: Clefable|move: Taunt
|cant|p1a: Clefable|move: Taunt|Soft-Boiled
|
|upkeep
|turn|22
|
|t:|1659688317
|move|p2a: Zeraora|Plasma Fists|p1a: Clefable
|-crit|p1a: Clefable
|-damage|p1a: Clefable|7/100
|-fieldactivate|move: Ion Deluge
|-hint|Normal-type moves become Electric-type after using Plasma Fists.
|move|p1a: Clefable|Moonblast|p2a: Zeraora
|-damage|p2a: Zeraora|35/100
|
|upkeep
|turn|23
|
|t:|1659688321
|move|p2a: Zeraora|Close Combat|p1a: Clefable
|-resisted|p1a: Clefable
|-damage|p1a: Clefable|0 fnt
|-unboost|p2a: Zeraora|def|1
|-unboost|p2a: Zeraora|spd|1
|faint|p1a: Clefable
|
|upkeep
|inactive|Battle timer is ON: inactive players will automatically lose when time's up. (requested by dmt dreams)
|inactive|LT92PF Jobless has 120 seconds left.
|
|t:|1659688424
|switch|p1a: Gastrodon|Gastrodon-East, F|53/100
|turn|24
|
|t:|1659688434
|move|p2a: Zeraora|Knock Off|p1a: Gastrodon
|-damage|p1a: Gastrodon|18/100
|-enditem|p1a: Gastrodon|Heavy-Duty Boots|[from] move: Knock Off|[of] p2a: Zeraora
|move|p1a: Gastrodon|Earthquake|p2a: Zeraora
|-supereffective|p2a: Zeraora
|-damage|p2a: Zeraora|0 fnt
|faint|p2a: Zeraora
|
|upkeep
|
|t:|1659688453
|switch|p2a: Blacephalon|Blacephalon|76/100
|-damage|p2a: Blacephalon|51/100|[from] Stealth Rock
|turn|25
|
|t:|1659688463
|move|p2a: Blacephalon|Shadow Ball|p1a: Gastrodon
|-damage|p1a: Gastrodon|0 fnt
|faint|p1a: Gastrodon
|-ability|p2a: Blacephalon|Beast Boost|boost
|-boost|p2a: Blacephalon|spa|1
|
|upkeep
|
|t:|1659688465
|switch|p1a: Tornadus|Tornadus-Therian, M|61/100
|turn|26
|
|t:|1659688471
|switch|p2a: Landorus|Landorus-Therian, M|100/100
|-damage|p2a: Landorus|88/100|[from] Stealth Rock
|-ability|p2a: Landorus|Intimidate|boost
|-unboost|p1a: Tornadus|atk|1
|move|p1a: Tornadus|Knock Off|p2a: Landorus
|-damage|p2a: Landorus|76/100
|-enditem|p2a: Landorus|Leftovers|[from] move: Knock Off|[of] p1a: Tornadus
|
|upkeep
|turn|27
|
|t:|1659688480
|switch|p1a: Toxapex|Toxapex, F|91/100
|-damage|p1a: Toxapex|79/100|[from] Stealth Rock
|move|p2a: Landorus|Toxic|p1a: Toxapex
|-immune|p1a: Toxapex
|
|upkeep
|turn|28
|
|t:|1659688483
|move|p2a: Landorus|Earthquake|p1a: Toxapex
|-supereffective|p1a: Toxapex
|-damage|p1a: Toxapex|6/100
|move|p1a: Toxapex|Recover|p1a: Toxapex
|-heal|p1a: Toxapex|56/100
|
|upkeep
|turn|29
|
|t:|1659688487
|switch|p1a: Tornadus|Tornadus-Therian, M|94/100
|move|p2a: Landorus|Earthquake|p1a: Tornadus
|-immune|p1a: Tornadus
|
|upkeep
|turn|30
|
|t:|1659688490
|move|p1a: Tornadus|Toxic|p2a: Landorus
|-status|p2a: Landorus|tox
|move|p2a: Landorus|Toxic|p1a: Tornadus
|-status|p1a: Tornadus|tox
|
|-damage|p1a: Tornadus|88/100 tox|[from] psn
|-damage|p2a: Landorus|70/100 tox|[from] psn
|upkeep
|turn|31
|
|t:|1659688494
|switch|p1a: Toxapex|Toxapex, F|89/100
|-damage|p1a: Toxapex|76/100|[from] Stealth Rock
|move|p2a: Landorus|U-turn|p1a: Toxapex
|-resisted|p1a: Toxapex
|-crit|p1a: Toxapex
|-damage|p1a: Toxapex|65/100
|
|t:|1659688501
|switch|p2a: Blacephalon|Blacephalon|51/100|[from]move: U-turn
|-damage|p2a: Blacephalon|26/100|[from] Stealth Rock
|
|upkeep
|turn|32
|
|t:|1659688512
|switch|p1a: Tornadus|Tornadus-Therian, M|100/100 tox
|move|p2a: Blacephalon|Shadow Ball|p1a: Tornadus
|-damage|p1a: Tornadus|29/100 tox
|
|-damage|p1a: Tornadus|23/100 tox|[from] psn
|upkeep
|turn|33
|
|t:|1659688516
|switch|p2a: Landorus|Landorus-Therian, M|70/100 tox
|-damage|p2a: Landorus|57/100 tox|[from] Stealth Rock
|-ability|p2a: Landorus|Intimidate|boost
|-unboost|p1a: Tornadus|atk|1
|move|p1a: Tornadus|Knock Off|p2a: Landorus
|-damage|p2a: Landorus|48/100 tox
|
|-damage|p1a: Tornadus|11/100 tox|[from] psn
|-damage|p2a: Landorus|42/100 tox|[from] psn
|upkeep
|turn|34
|
|t:|1659688522
|switch|p1a: Toxapex|Toxapex, F|98/100
|-damage|p1a: Toxapex|86/100|[from] Stealth Rock
|move|p2a: Landorus|Earthquake|p1a: Toxapex
|-supereffective|p1a: Toxapex
|-damage|p1a: Toxapex|21/100
|
|-damage|p2a: Landorus|30/100 tox|[from] psn
|upkeep
|turn|35
|
|t:|1659688525
|switch|p1a: Tornadus|Tornadus-Therian, M|44/100 tox
|move|p2a: Landorus|U-turn|p1a: Tornadus
|-resisted|p1a: Tornadus
|-damage|p1a: Tornadus|33/100 tox
|
|t:|1659688528
|switch|p2a: Kartana|Kartana|100/100|[from]move: U-turn
|-damage|p2a: Kartana|94/100|[from] Stealth Rock
|
|-damage|p1a: Tornadus|26/100 tox|[from] psn
|upkeep
|turn|36
|
|t:|1659688533
|switch|p2a: Blacephalon|Blacephalon|26/100
|-damage|p2a: Blacephalon|2/100|[from] Stealth Rock
|switch|p1a: Corviknight|Corviknight, M|100/100
|-damage|p1a: Corviknight|88/100|[from] Stealth Rock
|-ability|p1a: Corviknight|Pressure
|
|-heal|p1a: Corviknight|94/100|[from] item: Leftovers
|upkeep
|turn|37
|
|t:|1659688546
|switch|p1a: Toxapex|Toxapex, F|54/100
|-damage|p1a: Toxapex|41/100|[from] Stealth Rock
|move|p2a: Blacephalon|Flamethrower|p1a: Toxapex
|-resisted|p1a: Toxapex
|-damage|p1a: Toxapex|16/100
|
|upkeep
|turn|38
|j| songlindagg
|
|t:|1659688557
|move|p2a: Blacephalon|Flamethrower|p1a: Toxapex
|-resisted|p1a: Toxapex
|-damage|p1a: Toxapex|0 fnt
|faint|p1a: Toxapex
|-ability|p2a: Blacephalon|Beast Boost|boost
|-boost|p2a: Blacephalon|spa|1
|
|upkeep
|
|t:|1659688559
|switch|p1a: Tornadus|Tornadus-Therian, M|60/100 tox
|turn|39
|j| prof dankness
|
|t:|1659688564
|move|p1a: Tornadus|Knock Off|p2a: Blacephalon
|-supereffective|p2a: Blacephalon
|-damage|p2a: Blacephalon|0 fnt
|-enditem|p2a: Blacephalon|Choice Specs|[from] move: Knock Off|[of] p1a: Tornadus
|faint|p2a: Blacephalon
|
|-damage|p1a: Tornadus|54/100 tox|[from] psn
|upkeep
|l| songlindagg
|
|t:|1659688569
|switch|p2a: Kartana|Kartana|94/100
|-damage|p2a: Kartana|88/100|[from] Stealth Rock
|turn|40
|
|t:|1659688571
|switch|p1a: Corviknight|Corviknight, M|94/100
|-damage|p1a: Corviknight|82/100|[from] Stealth Rock
|-ability|p1a: Corviknight|Pressure
|move|p2a: Kartana|Knock Off|p1a: Corviknight
|-damage|p1a: Corviknight|48/100
|-enditem|p1a: Corviknight|Leftovers|[from] move: Knock Off|[of] p2a: Kartana
|
|upkeep
|turn|41
|j| Charennnn
|inactive|LT92PF Jobless has 120 seconds left.
|
|t:|1659688613
|switch|p2a: Nihilego|Nihilego|100/100
|-damage|p2a: Nihilego|88/100|[from] Stealth Rock
|move|p1a: Corviknight|Roost|p1a: Corviknight
|-heal|p1a: Corviknight|98/100
|-singleturn|p1a: Corviknight|move: Roost
|
|upkeep
|turn|42
|
|t:|1659688622
|move|p2a: Nihilego|Meteor Beam||[still]
|-prepare|p2a: Nihilego|Meteor Beam
|-boost|p2a: Nihilego|spa|1
|-enditem|p2a: Nihilego|Power Herb
|-anim|p2a: Nihilego|Meteor Beam|p1a: Corviknight
|-damage|p1a: Corviknight|17/100
|move|p1a: Corviknight|Body Press|p2a: Nihilego
|-damage|p2a: Nihilego|55/100
|
|upkeep
|turn|43
|inactive|LT92PF Jobless has 120 seconds left.
|
|t:|1659688631
|move|p2a: Nihilego|Power Gem|p1a: Corviknight
|-damage|p1a: Corviknight|0 fnt
|faint|p1a: Corviknight
|-ability|p2a: Nihilego|Beast Boost|boost
|-boost|p2a: Nihilego|spa|1
|
|upkeep
|
|t:|1659688635
|switch|p1a: Mew|Mew|100/100
|-damage|p1a: Mew|88/100|[from] Stealth Rock
|turn|44
|
|t:|1659688637
|move|p2a: Nihilego|Sludge Bomb|p1a: Mew
|-damage|p1a: Mew|12/100
|-status|p1a: Mew|psn
|-activate|p1a: Mew|ability: Synchronize
|-immune|p2a: Nihilego
|move|p1a: Mew|Cosmic Power|p1a: Mew
|-boost|p1a: Mew|def|1
|-boost|p1a: Mew|spd|1
|
|-damage|p1a: Mew|0 fnt|[from] psn
|faint|p1a: Mew
|upkeep
|c|☆LT92PF Jobless|g
|c|☆LT92PF Jobless|g
|c|☆dmt dreams|gg
|-message|LT92PF Jobless forfeited.
|
|win|dmt dreams
|raw|LT92PF Jobless's rating: 1679 &rarr; <strong>1674</strong><br />(-5 for losing)
|raw|dmt dreams's rating: 2011 &rarr; <strong>2016</strong><br />(+5 for winning)
|l|☆dmt dreams
