|j|☆LatiGOD
|j|☆Trogba Trogba
|inactive|Battle timer is ON: inactive players will automatically lose when time's up.
|t:|1598639827
|player|p1|LatiGOD|grimsley|
|player|p2|Trogba Trogba|lance|
|teamsize|p1|6
|teamsize|p2|6
|gametype|singles
|gen|8
|tier|[Gen 8] OU
|rated|Tournament battle
|clearpoke
|poke|p1|Pelipper, F|
|poke|p1|Kingdra, M|
|poke|p1|Ferrothorn, M|
|poke|p1|Urshifu-*, M|
|poke|p1|Corviknight, F|
|poke|p1|Magnezone|
|poke|p2|Giratina-Origin|
|poke|p2|Lugia|
|poke|p2|Urshifu-*, M|
|poke|p2|Tyranitar, M|
|poke|p2|Excadrill, F|
|poke|p2|Clefable, F|
|rule|Sleep Clause Mod: Limit one foe put to sleep
|rule|Species Clause: Limit one of each Pokémon
|rule|OHKO Clause: OHKO moves are banned
|rule|Evasion Moves Clause: Evasion moves are banned
|rule|Endless Battle Clause: Forcing endless battles is banned
|rule|HP Percentage Mod: HP is shown in percentages
|rule|Dynamax Clause: You cannot dynamax
|teampreview
|j|%gomikyuシ
|c|☆LatiGOD|oh lawd
|c|☆LatiGOD|glhf
|j|+Slainey
|j| Ihaychew
|
|t:|1598639841
|start
|switch|p1a: Magnezone|Magnezone|100/100
|switch|p2a: Lugia|Lugia|100/100
|turn|1
|l|+Slainey
|j| Dyobawol
|
|t:|1598639846
|switch|p2a: Excadrill|Excadrill, F|100/100
|move|p1a: Magnezone|Body Press|p2a: Excadrill
|-supereffective|p2a: Excadrill
|-crit|p2a: Excadrill
|-damage|p2a: Excadrill|0 fnt
|faint|p2a: Excadrill
|
|upkeep
|
|t:|1598639860
|switch|p2a: Urshifu|Urshifu, M|100/100
|turn|2
|j| bbones150
|
|t:|1598639867
|move|p2a: Urshifu|Close Combat|p1a: Magnezone
|-supereffective|p1a: Magnezone
|-damage|p1a: Magnezone|0 fnt
|-unboost|p2a: Urshifu|def|1
|-unboost|p2a: Urshifu|spd|1
|faint|p1a: Magnezone
|
|upkeep
|l| bbones150
|
|t:|1598639875
|switch|p1a: Pelipper|Pelipper, F|100/100
|-weather|RainDance|[from] ability: Drizzle|[of] p1a: Pelipper
|turn|3
|
|t:|1598639877
|switch|p2a: Tyranitar|Tyranitar, M|100/100
|-weather|Sandstorm|[from] ability: Sand Stream|[of] p2a: Tyranitar
|move|p1a: Pelipper|U-turn|p2a: Tyranitar
|-supereffective|p2a: Tyranitar
|-damage|p2a: Tyranitar|87/100
|
|t:|1598639883
|switch|p1a: Urshifu|Urshifu, M|100/100|[from]move: U-turn
|
|-weather|Sandstorm|[upkeep]
|-damage|p1a: Urshifu|94/100|[from] Sandstorm
|-heal|p2a: Tyranitar|93/100|[from] item: Leftovers
|upkeep
|turn|4
|
|t:|1598639900
|switch|p2a: Lugia|Lugia|100/100
|move|p1a: Urshifu|Close Combat|p2a: Lugia
|-resisted|p2a: Lugia
|-damage|p2a: Lugia|95/100
|-unboost|p1a: Urshifu|def|1
|-unboost|p1a: Urshifu|spd|1
|-damage|p1a: Urshifu|84/100|[from] item: Life Orb
|
|-weather|Sandstorm|[upkeep]
|-damage|p1a: Urshifu|78/100|[from] Sandstorm
|-damage|p2a: Lugia|89/100|[from] Sandstorm
|upkeep
|turn|5
|
|t:|1598639906
|switch|p2a: Clefable|Clefable, F|100/100
|move|p1a: Urshifu|Wicked Blow|p2a: Clefable
|-resisted|p2a: Clefable
|-crit|p2a: Clefable
|-damage|p2a: Clefable|56/100
|-damage|p1a: Urshifu|68/100|[from] item: Life Orb
|
|-weather|Sandstorm|[upkeep]
|-damage|p1a: Urshifu|62/100|[from] Sandstorm
|-heal|p2a: Clefable|62/100|[from] item: Leftovers
|upkeep
|turn|6
|
|t:|1598639914
|move|p2a: Clefable|Protect|p2a: Clefable
|-singleturn|p2a: Clefable|Protect
|move|p1a: Urshifu|Poison Jab|p2a: Clefable
|-supereffective|p2a: Clefable
|-damage|p2a: Clefable|0 fnt
|-damage|p1a: Urshifu|52/100|[from] item: Life Orb
|faint|p2a: Clefable
|
|-weather|Sandstorm|[upkeep]
|-damage|p1a: Urshifu|46/100|[from] Sandstorm
|upkeep
|c|☆LatiGOD|LOLOLLOOL
|
|t:|1598639919
|switch|p2a: Urshifu|Urshifu, M|100/100
|turn|7
|c|☆Trogba Trogba|I ALWAYS FORGET THAT SHIT
|
|t:|1598639932
|move|p1a: Urshifu|Close Combat|p2a: Urshifu
|-supereffective|p2a: Urshifu
|-damage|p2a: Urshifu|0 fnt
|-unboost|p1a: Urshifu|def|1
|-unboost|p1a: Urshifu|spd|1
|-damage|p1a: Urshifu|36/100|[from] item: Life Orb
|faint|p2a: Urshifu
|
|-weather|none
|upkeep
|c|☆Trogba Trogba|fun fun fun
|
|t:|1598639940
|switch|p2a: Lugia|Lugia|89/100
|turn|8
|
|t:|1598639942
|move|p1a: Urshifu|Wicked Blow|p2a: Lugia
|-supereffective|p2a: Lugia
|-crit|p2a: Lugia
|-damage|p2a: Lugia|10/100
|-damage|p1a: Urshifu|26/100|[from] item: Life Orb
|move|p2a: Lugia|Aeroblast|p1a: Urshifu
|-supereffective|p1a: Urshifu
|-damage|p1a: Urshifu|0 fnt
|faint|p1a: Urshifu
|
|upkeep
|c|☆LatiGOD|how does one live that exactly
|j| Zneon
|c|☆Trogba Trogba|it's lugia
|c|☆LatiGOD|this should never be allowed
|c|☆LatiGOD|lol
|
|t:|1598639968
|switch|p1a: Ferrothorn|Ferrothorn, M|100/100
|turn|9
|
|t:|1598639970
|move|p2a: Lugia|Roost|p2a: Lugia
|-heal|p2a: Lugia|60/100
|-singleturn|p2a: Lugia|move: Roost
|move|p1a: Ferrothorn|Leech Seed|p2a: Lugia
|-start|p2a: Lugia|move: Leech Seed
|
|-damage|p2a: Lugia|47/100|[from] Leech Seed|[of] p1a: Ferrothorn
|upkeep
|turn|10
|
|t:|1598639972
|move|p2a: Lugia|Roost|p2a: Lugia
|-heal|p2a: Lugia|97/100
|-singleturn|p2a: Lugia|move: Roost
|move|p1a: Ferrothorn|Knock Off|p2a: Lugia
|-supereffective|p2a: Lugia
|-damage|p2a: Lugia|77/100
|-enditem|p2a: Lugia|Heavy-Duty Boots|[from] move: Knock Off|[of] p1a: Ferrothorn
|
|-damage|p2a: Lugia|64/100|[from] Leech Seed|[of] p1a: Ferrothorn
|upkeep
|turn|11
|
|t:|1598639979
|move|p2a: Lugia|Thunder Wave|p1a: Ferrothorn
|-status|p1a: Ferrothorn|par
|cant|p1a: Ferrothorn|par
|
|-damage|p2a: Lugia|52/100|[from] Leech Seed|[of] p1a: Ferrothorn
|upkeep
|turn|12
|
|t:|1598639980
|move|p2a: Lugia|Roost|p2a: Lugia
|-heal|p2a: Lugia|100/100
|-singleturn|p2a: Lugia|move: Roost
|move|p1a: Ferrothorn|Stealth Rock|p2a: Lugia
|-sidestart|p2: Trogba Trogba|move: Stealth Rock
|
|-damage|p2a: Lugia|88/100|[from] Leech Seed|[of] p1a: Ferrothorn
|upkeep
|turn|13
|
|t:|1598639984
|switch|p2a: Tyranitar|Tyranitar, M|93/100
|-damage|p2a: Tyranitar|81/100|[from] Stealth Rock
|-weather|Sandstorm|[from] ability: Sand Stream|[of] p2a: Tyranitar
|move|p1a: Ferrothorn|Knock Off|p2a: Tyranitar
|-resisted|p2a: Tyranitar
|-damage|p2a: Tyranitar|73/100
|-enditem|p2a: Tyranitar|Leftovers|[from] move: Knock Off|[of] p1a: Ferrothorn
|
|-weather|Sandstorm|[upkeep]
|upkeep
|turn|14
|
|t:|1598639987
|move|p2a: Tyranitar|Stealth Rock|p1a: Ferrothorn
|-sidestart|p1: LatiGOD|move: Stealth Rock
|move|p1a: Ferrothorn|Body Press|p2a: Tyranitar
|-supereffective|p2a: Tyranitar
|-damage|p2a: Tyranitar|0 fnt
|faint|p2a: Tyranitar
|
|-weather|Sandstorm|[upkeep]
|upkeep
|
|t:|1598639990
|switch|p2a: Giratina|Giratina-Origin|100/100
|-damage|p2a: Giratina|88/100|[from] Stealth Rock
|turn|15
|
|t:|1598639994
|move|p2a: Giratina|Substitute|p2a: Giratina
|-start|p2a: Giratina|Substitute
|-damage|p2a: Giratina|63/100
|move|p1a: Ferrothorn|Knock Off|p2a: Giratina
|-supereffective|p2a: Giratina
|-activate|p2a: Giratina|move: Substitute|[damage]
|
|-weather|Sandstorm|[upkeep]
|-damage|p2a: Giratina|57/100|[from] Sandstorm
|upkeep
|turn|16
|
|t:|1598639997
|move|p2a: Giratina|Hex|p1a: Ferrothorn
|-damage|p1a: Ferrothorn|30/100 par
|move|p1a: Ferrothorn|Knock Off|p2a: Giratina
|-supereffective|p2a: Giratina
|-end|p2a: Giratina|Substitute
|
|-weather|Sandstorm|[upkeep]
|-damage|p2a: Giratina|51/100|[from] Sandstorm
|-heal|p1a: Ferrothorn|36/100 par|[from] item: Leftovers
|upkeep
|turn|17
|
|t:|1598640003
|switch|p1a: Pelipper|Pelipper, F|100/100
|-damage|p1a: Pelipper|76/100|[from] Stealth Rock
|-weather|RainDance|[from] ability: Drizzle|[of] p1a: Pelipper
|move|p2a: Giratina|Substitute|p2a: Giratina
|-start|p2a: Giratina|Substitute
|-damage|p2a: Giratina|26/100
|
|-weather|RainDance|[upkeep]
|upkeep
|turn|18
|
|t:|1598640007
|move|p2a: Giratina|Draco Meteor|p1a: Pelipper
|-crit|p1a: Pelipper
|-damage|p1a: Pelipper|0 fnt
|-unboost|p2a: Giratina|spa|2
|faint|p1a: Pelipper
|
|-weather|RainDance|[upkeep]
|upkeep
|
|t:|1598640012
|switch|p1a: Kingdra|Kingdra, M|100/100
|-damage|p1a: Kingdra|88/100|[from] Stealth Rock
|turn|19
|l| Zneon
|
|t:|1598640029
|move|p1a: Kingdra|Surf|p2a: Giratina
|-resisted|p2a: Giratina
|-end|p2a: Giratina|Substitute
|move|p2a: Giratina|Draco Meteor|p1a: Kingdra
|-supereffective|p1a: Kingdra
|-damage|p1a: Kingdra|0 fnt
|-unboost|p2a: Giratina|spa|2
|faint|p1a: Kingdra
|
|-weather|RainDance|[upkeep]
|upkeep
|
|t:|1598640036
|switch|p1a: Ferrothorn|Ferrothorn, M|36/100 par
|-damage|p1a: Ferrothorn|30/100 par|[from] Stealth Rock
|turn|20
|
|t:|1598640044
|move|p2a: Giratina|Hex|p1a: Ferrothorn
|-crit|p1a: Ferrothorn
|-damage|p1a: Ferrothorn|0 fnt
|faint|p1a: Ferrothorn
|
|-weather|RainDance|[upkeep]
|upkeep
|
|t:|1598640046
|switch|p1a: Corviknight|Corviknight, F|100/100
|-damage|p1a: Corviknight|88/100|[from] Stealth Rock
|-ability|p1a: Corviknight|Pressure
|turn|21
|
|t:|1598640048
|move|p2a: Giratina|Will-O-Wisp|p1a: Corviknight
|-status|p1a: Corviknight|brn
|move|p1a: Corviknight|U-turn|p2a: Giratina
|-resisted|p2a: Giratina
|-damage|p2a: Giratina|23/100
|
|-weather|RainDance|[upkeep]
|-heal|p1a: Corviknight|94/100 brn|[from] item: Leftovers
|-damage|p1a: Corviknight|88/100 brn|[from] brn
|upkeep
|turn|22
|
|t:|1598640053
|move|p2a: Giratina|Hex|p1a: Corviknight
|-damage|p1a: Corviknight|69/100 brn
|move|p1a: Corviknight|Roost|p1a: Corviknight
|-heal|p1a: Corviknight|100/100 brn
|-singleturn|p1a: Corviknight|move: Roost
|
|-weather|RainDance|[upkeep]
|-damage|p1a: Corviknight|94/100 brn|[from] brn
|upkeep
|turn|23
|
|t:|1598640056
|move|p2a: Giratina|Hex|p1a: Corviknight
|-damage|p1a: Corviknight|77/100 brn
|move|p1a: Corviknight|U-turn|p2a: Giratina
|-resisted|p2a: Giratina
|-damage|p2a: Giratina|20/100
|
|-weather|RainDance|[upkeep]
|-heal|p1a: Corviknight|83/100 brn|[from] item: Leftovers
|-damage|p1a: Corviknight|77/100 brn|[from] brn
|upkeep
|turn|24
|l| Ihaychew
|
|t:|1598640064
|move|p2a: Giratina|Hex|p1a: Corviknight
|-damage|p1a: Corviknight|60/100 brn
|move|p1a: Corviknight|Roost|p1a: Corviknight
|-heal|p1a: Corviknight|100/100 brn
|-singleturn|p1a: Corviknight|move: Roost
|
|-weather|none
|-damage|p1a: Corviknight|94/100 brn|[from] brn
|upkeep
|turn|25
|
|t:|1598640069
|move|p2a: Giratina|Hex|p1a: Corviknight
|-damage|p1a: Corviknight|78/100 brn
|move|p1a: Corviknight|U-turn|p2a: Giratina
|-resisted|p2a: Giratina
|-crit|p2a: Giratina
|-damage|p2a: Giratina|16/100
|
|-heal|p1a: Corviknight|84/100 brn|[from] item: Leftovers
|-damage|p1a: Corviknight|78/100 brn|[from] brn
|upkeep
|turn|26
|
|t:|1598640081
|move|p2a: Giratina|Will-O-Wisp|p1a: Corviknight
|-fail|p1a: Corviknight|brn
|move|p1a: Corviknight|Roost|p1a: Corviknight
|-heal|p1a: Corviknight|100/100 brn
|-singleturn|p1a: Corviknight|move: Roost
|
|-damage|p1a: Corviknight|94/100 brn|[from] brn
|upkeep
|turn|27
|
|t:|1598640083
|move|p2a: Giratina|Hex|p1a: Corviknight
|-damage|p1a: Corviknight|76/100 brn
|move|p1a: Corviknight|U-turn|p2a: Giratina
|-resisted|p2a: Giratina
|-damage|p2a: Giratina|13/100
|
|-heal|p1a: Corviknight|82/100 brn|[from] item: Leftovers
|-damage|p1a: Corviknight|76/100 brn|[from] brn
|upkeep
|turn|28
|
|t:|1598640087
|move|p2a: Giratina|Hex|p1a: Corviknight
|-damage|p1a: Corviknight|57/100 brn
|move|p1a: Corviknight|U-turn|p2a: Giratina
|-resisted|p2a: Giratina
|-damage|p2a: Giratina|11/100
|
|-heal|p1a: Corviknight|63/100 brn|[from] item: Leftovers
|-damage|p1a: Corviknight|57/100 brn|[from] brn
|upkeep
|turn|29
|
|t:|1598640090
|move|p2a: Giratina|Hex|p1a: Corviknight
|-damage|p1a: Corviknight|40/100 brn
|move|p1a: Corviknight|Roost|p1a: Corviknight
|-heal|p1a: Corviknight|90/100 brn
|-singleturn|p1a: Corviknight|move: Roost
|
|-heal|p1a: Corviknight|96/100 brn|[from] item: Leftovers
|-damage|p1a: Corviknight|90/100 brn|[from] brn
|upkeep
|turn|30
|
|t:|1598640094
|move|p2a: Giratina|Draco Meteor|p1a: Corviknight
|-resisted|p1a: Corviknight
|-damage|p1a: Corviknight|81/100 brn
|-unboost|p2a: Giratina|spa|2
|move|p1a: Corviknight|U-turn|p2a: Giratina
|-resisted|p2a: Giratina
|-damage|p2a: Giratina|8/100
|
|-heal|p1a: Corviknight|87/100 brn|[from] item: Leftovers
|-damage|p1a: Corviknight|81/100 brn|[from] brn
|upkeep
|turn|31
|
|t:|1598640097
|move|p2a: Giratina|Draco Meteor|p1a: Corviknight
|-resisted|p1a: Corviknight
|-damage|p1a: Corviknight|74/100 brn
|move|p1a: Corviknight|U-turn|p2a: Giratina
|-resisted|p2a: Giratina
|-damage|p2a: Giratina|5/100
|
|-heal|p1a: Corviknight|80/100 brn|[from] item: Leftovers
|-damage|p1a: Corviknight|74/100 brn|[from] brn
|upkeep
|turn|32
|
|t:|1598640110
|move|p2a: Giratina|Draco Meteor|p1a: Corviknight
|-resisted|p1a: Corviknight
|-damage|p1a: Corviknight|68/100 brn
|move|p1a: Corviknight|U-turn|p2a: Giratina
|-resisted|p2a: Giratina
|-damage|p2a: Giratina|3/100
|
|-heal|p1a: Corviknight|74/100 brn|[from] item: Leftovers
|-damage|p1a: Corviknight|68/100 brn|[from] brn
|upkeep
|turn|33
|
|t:|1598640116
|move|p2a: Giratina|Will-O-Wisp|p1a: Corviknight
|-fail|p1a: Corviknight|brn
|move|p1a: Corviknight|Roost|p1a: Corviknight
|-heal|p1a: Corviknight|100/100 brn
|-singleturn|p1a: Corviknight|move: Roost
|
|-damage|p1a: Corviknight|94/100 brn|[from] brn
|upkeep
|turn|34
|
|t:|1598640119
|move|p2a: Giratina|Will-O-Wisp|p1a: Corviknight
|-fail|p1a: Corviknight|brn
|move|p1a: Corviknight|U-turn|p2a: Giratina
|-resisted|p2a: Giratina
|-damage|p2a: Giratina|0 fnt
|faint|p2a: Giratina
|
|-heal|p1a: Corviknight|100/100 brn|[from] item: Leftovers
|-damage|p1a: Corviknight|94/100 brn|[from] brn
|upkeep
|
|t:|1598640122
|switch|p2a: Lugia|Lugia|88/100
|-damage|p2a: Lugia|63/100|[from] Stealth Rock
|turn|35
|
|t:|1598640126
|move|p2a: Lugia|Roost|p2a: Lugia
|-heal|p2a: Lugia|100/100
|-singleturn|p2a: Lugia|move: Roost
|move|p1a: Corviknight|Defog|p2a: Lugia
|-unboost|p2a: Lugia|evasion|1
|-sideend|p2: Trogba Trogba|Stealth Rock|[from] move: Defog|[of] p1a: Corviknight
|-sideend|p1: LatiGOD|Stealth Rock|[from] move: Defog|[of] p1a: Corviknight
|
|-heal|p1a: Corviknight|100/100 brn|[from] item: Leftovers
|-damage|p1a: Corviknight|94/100 brn|[from] brn
|upkeep
|turn|36
|
|t:|1598640129
|move|p2a: Lugia|Thunder Wave||[still]
|-fail|p2a: Lugia
|move|p1a: Corviknight|Body Press|p2a: Lugia
|-resisted|p2a: Lugia
|-damage|p2a: Lugia|99/100
|
|-heal|p1a: Corviknight|100/100 brn|[from] item: Leftovers
|-damage|p1a: Corviknight|94/100 brn|[from] brn
|upkeep
|turn|37
|l| Dyobawol
|
|t:|1598640134
|move|p2a: Lugia|Thunder Wave||[still]
|-fail|p2a: Lugia
|move|p1a: Corviknight|Body Press|p2a: Lugia
|-resisted|p2a: Lugia
|-damage|p2a: Lugia|99/100
|
|-heal|p1a: Corviknight|100/100 brn|[from] item: Leftovers
|-damage|p1a: Corviknight|94/100 brn|[from] brn
|upkeep
|turn|38
|
|t:|1598640138
|move|p2a: Lugia|Thunder Wave||[still]
|-fail|p2a: Lugia
|move|p1a: Corviknight|Body Press|p2a: Lugia
|-resisted|p2a: Lugia
|-damage|p2a: Lugia|98/100
|
|-heal|p1a: Corviknight|100/100 brn|[from] item: Leftovers
|-damage|p1a: Corviknight|94/100 brn|[from] brn
|upkeep
|turn|39
|
|t:|1598640139
|move|p2a: Lugia|Thunder Wave||[still]
|-fail|p2a: Lugia
|move|p1a: Corviknight|Body Press|p2a: Lugia
|-resisted|p2a: Lugia
|-damage|p2a: Lugia|97/100
|
|-heal|p1a: Corviknight|100/100 brn|[from] item: Leftovers
|-damage|p1a: Corviknight|94/100 brn|[from] brn
|upkeep
|turn|40
|
|t:|1598640141
|move|p2a: Lugia|Thunder Wave||[still]
|-fail|p2a: Lugia
|move|p1a: Corviknight|Body Press|p2a: Lugia
|-resisted|p2a: Lugia
|-damage|p2a: Lugia|95/100
|
|-heal|p1a: Corviknight|100/100 brn|[from] item: Leftovers
|-damage|p1a: Corviknight|94/100 brn|[from] brn
|upkeep
|turn|41
|
|t:|1598640142
|move|p2a: Lugia|Thunder Wave||[still]
|-fail|p2a: Lugia
|move|p1a: Corviknight|Defog|p2a: Lugia
|-unboost|p2a: Lugia|evasion|1
|
|-heal|p1a: Corviknight|100/100 brn|[from] item: Leftovers
|-damage|p1a: Corviknight|94/100 brn|[from] brn
|upkeep
|turn|42
|
|t:|1598640144
|move|p2a: Lugia|Thunder Wave||[still]
|-fail|p2a: Lugia
|move|p1a: Corviknight|Defog|p2a: Lugia
|-unboost|p2a: Lugia|evasion|1
|
|-heal|p1a: Corviknight|100/100 brn|[from] item: Leftovers
|-damage|p1a: Corviknight|94/100 brn|[from] brn
|upkeep
|turn|43
|
|t:|1598640152
|move|p2a: Lugia|Thunder Wave||[still]
|-fail|p2a: Lugia
|move|p1a: Corviknight|Defog|p2a: Lugia
|-unboost|p2a: Lugia|evasion|1
|
|-heal|p1a: Corviknight|100/100 brn|[from] item: Leftovers
|-damage|p1a: Corviknight|94/100 brn|[from] brn
|upkeep
|turn|44
|
|t:|1598640154
|move|p2a: Lugia|Thunder Wave||[still]
|-fail|p2a: Lugia
|move|p1a: Corviknight|Defog|p2a: Lugia
|-unboost|p2a: Lugia|evasion|1
|
|-heal|p1a: Corviknight|100/100 brn|[from] item: Leftovers
|-damage|p1a: Corviknight|94/100 brn|[from] brn
|upkeep
|turn|45
|
|t:|1598640155
|move|p2a: Lugia|Thunder Wave||[still]
|-fail|p2a: Lugia
|move|p1a: Corviknight|Defog|p2a: Lugia
|-unboost|p2a: Lugia|evasion|1
|
|-heal|p1a: Corviknight|100/100 brn|[from] item: Leftovers
|-damage|p1a: Corviknight|94/100 brn|[from] brn
|upkeep
|turn|46
|
|t:|1598640157
|move|p2a: Lugia|Thunder Wave||[still]
|-fail|p2a: Lugia
|move|p1a: Corviknight|Defog||[still]
|-unboost|p2a: Lugia|evasion|0
|-fail|p1a: Corviknight
|
|-heal|p1a: Corviknight|100/100 brn|[from] item: Leftovers
|-damage|p1a: Corviknight|94/100 brn|[from] brn
|upkeep
|turn|47
|
|t:|1598640159
|move|p2a: Lugia|Thunder Wave||[still]
|-fail|p2a: Lugia
|move|p1a: Corviknight|Defog||[still]
|-unboost|p2a: Lugia|evasion|0
|-fail|p1a: Corviknight
|
|-heal|p1a: Corviknight|100/100 brn|[from] item: Leftovers
|-damage|p1a: Corviknight|94/100 brn|[from] brn
|upkeep
|turn|48
|
|t:|1598640161
|move|p2a: Lugia|Thunder Wave||[still]
|-fail|p2a: Lugia
|move|p1a: Corviknight|Defog||[still]
|-unboost|p2a: Lugia|evasion|0
|-fail|p1a: Corviknight
|
|-heal|p1a: Corviknight|100/100 brn|[from] item: Leftovers
|-damage|p1a: Corviknight|94/100 brn|[from] brn
|upkeep
|turn|49
|
|t:|1598640165
|move|p2a: Lugia|Thunder Wave||[still]
|-fail|p2a: Lugia
|move|p1a: Corviknight|Defog||[still]
|-unboost|p2a: Lugia|evasion|0
|-fail|p1a: Corviknight
|
|-heal|p1a: Corviknight|100/100 brn|[from] item: Leftovers
|-damage|p1a: Corviknight|94/100 brn|[from] brn
|upkeep
|turn|50
|
|t:|1598640167
|move|p2a: Lugia|Thunder Wave||[still]
|-fail|p2a: Lugia
|move|p1a: Corviknight|Defog||[still]
|-unboost|p2a: Lugia|evasion|0
|-fail|p1a: Corviknight
|
|-heal|p1a: Corviknight|100/100 brn|[from] item: Leftovers
|-damage|p1a: Corviknight|94/100 brn|[from] brn
|upkeep
|turn|51
|
|t:|1598640168
|move|p2a: Lugia|Thunder Wave||[still]
|-fail|p2a: Lugia
|move|p1a: Corviknight|Defog||[still]
|-unboost|p2a: Lugia|evasion|0
|-fail|p1a: Corviknight
|
|-heal|p1a: Corviknight|100/100 brn|[from] item: Leftovers
|-damage|p1a: Corviknight|94/100 brn|[from] brn
|upkeep
|turn|52
|
|t:|1598640171
|move|p2a: Lugia|Toxic|p1a: Corviknight|[miss]
|-miss|p2a: Lugia|p1a: Corviknight
|move|p1a: Corviknight|Defog||[still]
|-unboost|p2a: Lugia|evasion|0
|-fail|p1a: Corviknight
|
|-heal|p1a: Corviknight|100/100 brn|[from] item: Leftovers
|-damage|p1a: Corviknight|94/100 brn|[from] brn
|upkeep
|turn|53
|
|t:|1598640172
|move|p2a: Lugia|Toxic|p1a: Corviknight|[miss]
|-miss|p2a: Lugia|p1a: Corviknight
|move|p1a: Corviknight|Defog||[still]
|-unboost|p2a: Lugia|evasion|0
|-fail|p1a: Corviknight
|
|-heal|p1a: Corviknight|100/100 brn|[from] item: Leftovers
|-damage|p1a: Corviknight|94/100 brn|[from] brn
|upkeep
|turn|54
|
|t:|1598640175
|move|p2a: Lugia|Toxic||[still]
|-fail|p2a: Lugia
|move|p1a: Corviknight|Defog||[still]
|-unboost|p2a: Lugia|evasion|0
|-fail|p1a: Corviknight
|
|-heal|p1a: Corviknight|100/100 brn|[from] item: Leftovers
|-damage|p1a: Corviknight|94/100 brn|[from] brn
|upkeep
|turn|55
|
|t:|1598640195
|move|p2a: Lugia|Toxic||[still]
|-fail|p2a: Lugia
|move|p1a: Corviknight|Defog||[still]
|-unboost|p2a: Lugia|evasion|0
|-fail|p1a: Corviknight
|
|-heal|p1a: Corviknight|100/100 brn|[from] item: Leftovers
|-damage|p1a: Corviknight|94/100 brn|[from] brn
|upkeep
|turn|56
|
|t:|1598640198
|move|p2a: Lugia|Toxic||[still]
|-fail|p2a: Lugia
|move|p1a: Corviknight|Defog||[still]
|-unboost|p2a: Lugia|evasion|0
|-fail|p1a: Corviknight
|
|-heal|p1a: Corviknight|100/100 brn|[from] item: Leftovers
|-damage|p1a: Corviknight|94/100 brn|[from] brn
|upkeep
|turn|57
|
|t:|1598640202
|move|p2a: Lugia|Toxic||[still]
|-fail|p2a: Lugia
|move|p1a: Corviknight|Defog||[still]
|-unboost|p2a: Lugia|evasion|0
|-fail|p1a: Corviknight
|
|-heal|p1a: Corviknight|100/100 brn|[from] item: Leftovers
|-damage|p1a: Corviknight|94/100 brn|[from] brn
|upkeep
|turn|58
|-message|Trogba Trogba forfeited.
|
|win|LatiGOD
|l|☆Trogba Trogba
