|j|☆MonkeBoi
|j|‽HQSTest
|t:|1649169764
|gametype|singles
|player|p1|MonkeBoi|ghetsis-gen5bw|1408
|player|p2|HQSTest|cynthia|1437
|teamsize|p1|6
|teamsize|p2|6
|gen|8
|tier|[Gen 8] OU
|rated|
|rule|Sleep Clause Mod: Limit one foe put to sleep
|rule|Species Clause: Limit one of each Pokémon
|rule|OHKO Clause: OHKO moves are banned
|rule|Evasion Moves Clause: Evasion moves are banned
|rule|Endless Battle Clause: Forcing endless battles is banned
|rule|HP Percentage Mod: HP is shown in percentages
|rule|Dynamax Clause: You cannot dynamax
|clearpoke
|poke|p1|Dragonite, M|
|poke|p1|Slowking-Galar, F|
|poke|p1|Weavile, M|
|poke|p1|Heatran, M|
|poke|p1|Landorus-Therian, M|
|poke|p1|Magnezone|
|poke|p2|Tapu Bulu|
|poke|p2|Heatran, M|
|poke|p2|Haxorus, M|
|poke|p2|Landorus-Therian, M|
|poke|p2|Weavile, F|
|poke|p2|Hawlucha, F|
|teampreview
|
|t:|1649169786
|start
|switch|p1a: Dragonite|Dragonite, M|100/100
|switch|p2a: Heatran|Heatran, M|100/100
|-item|p2a: Heatran|Air Balloon
|turn|1
|
|t:|1649169793
|move|p2a: Heatran|Will-O-Wisp|p1a: Dragonite
|-status|p1a: Dragonite|brn
|move|p1a: Dragonite|Ice Beam|p2a: Heatran
|-resisted|p2a: Heatran
|-damage|p2a: Heatran|95/100
|-enditem|p2a: Heatran|Air Balloon
|
|-damage|p1a: Dragonite|94/100 brn|[from] brn
|upkeep
|turn|2
|
|t:|1649169799
|move|p2a: Heatran|Stealth Rock|p1a: Dragonite
|-sidestart|p1: MonkeBoi|move: Stealth Rock
|move|p1a: Dragonite|Heal Bell|p1a: Dragonite
|-activate|p1a: Dragonite|move: Heal Bell
|-curestatus|p1a: Dragonite|brn|[msg]
|
|upkeep
|turn|3
|
|t:|1649169803
|move|p2a: Heatran|Will-O-Wisp|p1a: Dragonite|[miss]
|-miss|p2a: Heatran|p1a: Dragonite
|move|p1a: Dragonite|Earthquake|p2a: Heatran
|-supereffective|p2a: Heatran
|-damage|p2a: Heatran|0 fnt
|faint|p2a: Heatran
|
|upkeep
|
|t:|1649169809
|switch|p2a: Weavile|Weavile, F|100/100
|-ability|p2a: Weavile|Pressure
|turn|4
|
|t:|1649169812
|switch|p1a: Heatran|Heatran, M|100/100
|-damage|p1a: Heatran|88/100|[from] Stealth Rock
|move|p2a: Weavile|Swords Dance|p2a: Weavile
|-boost|p2a: Weavile|atk|2
|
|-heal|p1a: Heatran|94/100|[from] item: Leftovers
|upkeep
|turn|5
|
|t:|1649169816
|move|p2a: Weavile|Low Kick|p1a: Heatran
|-supereffective|p1a: Heatran
|-damage|p1a: Heatran|0 fnt
|faint|p1a: Heatran
|
|upkeep
|
|t:|1649169828
|switch|p1a: Magnezone|Magnezone|100/100
|-damage|p1a: Magnezone|94/100|[from] Stealth Rock
|turn|6
|
|t:|1649169833
|move|p2a: Weavile|Low Kick|p1a: Magnezone
|-supereffective|p1a: Magnezone
|-damage|p1a: Magnezone|0 fnt
|faint|p1a: Magnezone
|
|upkeep
|c|☆MonkeBoi|gg
|
|t:|1649169840
|switch|p1a: Weavile|Weavile, M|100/100
|-ability|p1a: Weavile|Pressure
|turn|7
|
|t:|1649169842
|move|p2a: Weavile|Low Kick|p1a: Weavile
|-supereffective|p1a: Weavile
|-damage|p1a: Weavile|0 fnt
|faint|p1a: Weavile
|
|upkeep
|-message|MonkeBoi forfeited.
|
|win|HQSTest
|raw|MonkeBoi's rating: 1408 &rarr; <strong>1390</strong><br />(-18 for losing)
|raw|HQSTest's rating: 1437 &rarr; <strong>1455</strong><br />(+18 for winning)
|l|☆MonkeBoi
||Ladder isn't responding, score probably updated but might not have (Request timeout).
