|j|☆Mamaw31180
|j|☆BULOIDE
|t:|1612975992
|player|p1|Mamaw31180|1|1505
|player|p2|BULOIDE|drayden|1504
|teamsize|p1|6
|teamsize|p2|6
|gametype|singles
|gen|8
|tier|[Gen 8] OU
|rated|
|clearpoke
|poke|p1|Landorus-Therian, M|
|poke|p1|Toxapex, F|
|poke|p1|Tapu Koko|
|poke|p1|Melmetal|
|poke|p1|Cinderace, F|
|poke|p1|Kartana|
|poke|p2|Regieleki|
|poke|p2|Slowking-Galar, M|
|poke|p2|Weavile, M|
|poke|p2|Skarmory, F|
|poke|p2|Rotom-Wash|
|poke|p2|Dragonite, M|
|rule|Sleep Clause Mod: Limit one foe put to sleep
|rule|Species Clause: Limit one of each Pokémon
|rule|OHKO Clause: OHKO moves are banned
|rule|Evasion Moves Clause: Evasion moves are banned
|rule|Endless Battle Clause: Forcing endless battles is banned
|rule|HP Percentage Mod: HP is shown in percentages
|rule|Dynamax Clause: You cannot dynamax
|teampreview
|inactive|Battle timer is ON: inactive players will automatically lose when time's up. (requested by Mamaw31180)
|
|t:|1612976013
|start
|switch|p1a: Tapu Koko|Tapu Koko|100/100
|switch|p2a: Rotom|Rotom-Wash|100/100
|-fieldstart|move: Electric Terrain|[from] ability: Electric Surge|[of] p1a: Tapu Koko
|turn|1
|
|t:|1612976022
|move|p1a: Tapu Koko|Thunderbolt|p2a: Rotom
|-damage|p2a: Rotom|61/100
|move|p2a: Rotom|Hydro Pump|p1a: Tapu Koko|[miss]
|-miss|p2a: Rotom|p1a: Tapu Koko
|
|-heal|p2a: Rotom|67/100|[from] item: Leftovers
|upkeep
|turn|2
|
|t:|1612976046
|move|p1a: Tapu Koko|Thunderbolt|p2a: Rotom
|-damage|p2a: Rotom|24/100
|move|p2a: Rotom|Pain Split|p1a: Tapu Koko
|-sethp|p1a: Tapu Koko|63/100|[from] move: Pain Split|[silent]
|-sethp|p2a: Rotom|58/100|[from] move: Pain Split
|
|-heal|p2a: Rotom|65/100|[from] item: Leftovers
|upkeep
|turn|3
|
|t:|1612976055
|move|p1a: Tapu Koko|U-turn|p2a: Rotom
|-damage|p2a: Rotom|50/100
|
|t:|1612976058
|switch|p1a: Toxapex|Toxapex, F|100/100|[from]move: U-turn
|move|p2a: Rotom|Volt Switch|p1a: Toxapex
|-supereffective|p1a: Toxapex
|-damage|p1a: Toxapex|60/100
|
|t:|1612976076
|switch|p2a: Regieleki|Regieleki|100/100|[from]move: Volt Switch
|
|upkeep
|turn|4
|
|t:|1612976081
|switch|p1a: Landorus|Landorus-Therian, M|100/100
|-ability|p1a: Landorus|Intimidate|boost
|-unboost|p2a: Regieleki|atk|1
|move|p2a: Regieleki|Body Slam|p1a: Landorus
|-damage|p1a: Landorus|80/100
|
|-heal|p1a: Landorus|86/100|[from] item: Leftovers
|upkeep
|turn|5
|
|t:|1612976090
|switch|p2a: Skarmory|Skarmory, F|100/100
|move|p1a: Landorus|Stealth Rock|p2a: Skarmory
|-sidestart|p2: BULOIDE|move: Stealth Rock
|
|-heal|p1a: Landorus|92/100|[from] item: Leftovers
|-fieldend|move: Electric Terrain
|upkeep
|turn|6
|
|t:|1612976097
|move|p1a: Landorus|Knock Off|p2a: Skarmory
|-damage|p2a: Skarmory|83/100
|-damage|p1a: Landorus|76/100|[from] item: Rocky Helmet|[of] p2a: Skarmory
|-enditem|p2a: Skarmory|Rocky Helmet|[from] move: Knock Off|[of] p1a: Landorus
|move|p2a: Skarmory|Toxic|p1a: Landorus
|-status|p1a: Landorus|tox
|
|-heal|p1a: Landorus|82/100 tox|[from] item: Leftovers
|-damage|p1a: Landorus|76/100 tox|[from] psn
|upkeep
|turn|7
|
|t:|1612976111
|move|p1a: Landorus|U-turn|p2a: Skarmory
|-resisted|p2a: Skarmory
|-damage|p2a: Skarmory|80/100
|
|t:|1612976115
|switch|p1a: Tapu Koko|Tapu Koko|63/100|[from]move: U-turn
|-fieldstart|move: Electric Terrain|[from] ability: Electric Surge|[of] p1a: Tapu Koko
|move|p2a: Skarmory|Roost|p2a: Skarmory
|-heal|p2a: Skarmory|100/100
|-singleturn|p2a: Skarmory|move: Roost
|
|upkeep
|turn|8
|
|t:|1612976124
|switch|p2a: Slowking|Slowking-Galar, M|100/100
|-damage|p2a: Slowking|88/100|[from] Stealth Rock
|move|p1a: Tapu Koko|Thunderbolt|p2a: Slowking
|-damage|p2a: Slowking|61/100
|
|upkeep
|turn|9
|
|t:|1612976134
|move|p1a: Tapu Koko|U-turn|p2a: Slowking
|-damage|p2a: Slowking|43/100
|
|t:|1612976138
|switch|p1a: Melmetal|Melmetal|100/100|[from]move: U-turn
|move|p2a: Slowking|Future Sight|p1a: Melmetal
|-start|p2a: Slowking|move: Future Sight
|
|upkeep
|turn|10
|
|t:|1612976152
|switch|p2a: Rotom|Rotom-Wash|50/100
|-damage|p2a: Rotom|37/100|[from] Stealth Rock
|move|p1a: Melmetal|Double Iron Bash|p2a: Rotom
|-resisted|p2a: Rotom
|-damage|p2a: Rotom|20/100
|-resisted|p2a: Rotom
|-damage|p2a: Rotom|3/100
|-hitcount|p2a: Rotom|2
|
|-heal|p2a: Rotom|10/100|[from] item: Leftovers
|upkeep
|turn|11
|
|t:|1612976162
|switch|p1a: Toxapex|Toxapex, F|94/100
|move|p2a: Rotom|Pain Split|p1a: Toxapex
|-sethp|p1a: Toxapex|51/100|[from] move: Pain Split|[silent]
|-sethp|p2a: Rotom|51/100|[from] move: Pain Split
|
|-end|p1a: Toxapex|move: Future Sight
|-supereffective|p1a: Toxapex
|-damage|p1a: Toxapex|0 fnt
|-heal|p2a: Rotom|58/100|[from] item: Leftovers
|faint|p1a: Toxapex
|-fieldend|move: Electric Terrain
|upkeep
|
|t:|1612976171
|switch|p1a: Kartana|Kartana|100/100
|turn|12
|
|t:|1612976178
|switch|p1a: Tapu Koko|Tapu Koko|63/100
|-fieldstart|move: Electric Terrain|[from] ability: Electric Surge|[of] p1a: Tapu Koko
|switch|p2a: Skarmory|Skarmory, F|100/100
|-damage|p2a: Skarmory|88/100|[from] Stealth Rock
|
|upkeep
|turn|13
|
|t:|1612976187
|switch|p2a: Slowking|Slowking-Galar, M|77/100
|-damage|p2a: Slowking|64/100|[from] Stealth Rock
|move|p1a: Tapu Koko|Thunderbolt|p2a: Slowking
|-damage|p2a: Slowking|40/100
|
|upkeep
|turn|14
|
|t:|1612976196
|move|p1a: Tapu Koko|U-turn|p2a: Slowking
|-damage|p2a: Slowking|21/100
|
|t:|1612976198
|switch|p1a: Melmetal|Melmetal|100/100|[from]move: U-turn
|move|p2a: Slowking|Flamethrower|p1a: Melmetal
|-supereffective|p1a: Melmetal
|-damage|p1a: Melmetal|36/100
|
|upkeep
|turn|15
|inactive|Mamaw31180 has 120 seconds left.
|
|t:|1612976257
|switch|p2a: Skarmory|Skarmory, F|88/100
|-damage|p2a: Skarmory|76/100|[from] Stealth Rock
|move|p1a: Melmetal|Earthquake|p2a: Skarmory
|-immune|p2a: Skarmory
|
|upkeep
|turn|16
|
|t:|1612976268
|switch|p1a: Landorus|Landorus-Therian, M|76/100 tox
|-ability|p1a: Landorus|Intimidate|boost
|-unboost|p2a: Skarmory|atk|1
|move|p2a: Skarmory|Body Press|p1a: Landorus
|-resisted|p1a: Landorus
|-damage|p1a: Landorus|64/100 tox
|
|-heal|p1a: Landorus|70/100 tox|[from] item: Leftovers
|-damage|p1a: Landorus|64/100 tox|[from] psn
|-fieldend|move: Electric Terrain
|upkeep
|turn|17
|
|t:|1612976280
|move|p1a: Landorus|U-turn|p2a: Skarmory
|-resisted|p2a: Skarmory
|-damage|p2a: Skarmory|72/100
|
|t:|1612976284
|switch|p1a: Cinderace|Cinderace, F|100/100|[from]move: U-turn
|move|p2a: Skarmory|Roost|p2a: Skarmory
|-heal|p2a: Skarmory|100/100
|-singleturn|p2a: Skarmory|move: Roost
|
|upkeep
|turn|18
|
|t:|1612976301
|switch|p2a: Rotom|Rotom-Wash|58/100
|-damage|p2a: Rotom|45/100|[from] Stealth Rock
|move|p1a: Cinderace|Pyro Ball|p2a: Rotom
|-resisted|p2a: Rotom
|-damage|p2a: Rotom|17/100
|
|-heal|p2a: Rotom|23/100|[from] item: Leftovers
|upkeep
|turn|19
|
|t:|1612976323
|move|p1a: Cinderace|High Jump Kick|p2a: Rotom
|-start|p1a: Cinderace|typechange|Fighting|[from] ability: Libero
|-damage|p2a: Rotom|0 fnt
|faint|p2a: Rotom
|
|upkeep
|
|t:|1612976328
|switch|p2a: Dragonite|Dragonite, M|100/100
|turn|20
|
|t:|1612976331
|move|p1a: Cinderace|U-turn|p2a: Dragonite
|-start|p1a: Cinderace|typechange|Bug|[from] ability: Libero
|-resisted|p2a: Dragonite
|-damage|p2a: Dragonite|93/100
|
|t:|1612976334
|switch|p1a: Landorus|Landorus-Therian, M|64/100 tox|[from]move: U-turn
|-ability|p1a: Landorus|Intimidate|boost
|-unboost|p2a: Dragonite|atk|1
|move|p2a: Dragonite|Dragon Dance|p2a: Dragonite
|-boost|p2a: Dragonite|atk|1
|-boost|p2a: Dragonite|spe|1
|
|-heal|p1a: Landorus|70/100 tox|[from] item: Leftovers
|-damage|p1a: Landorus|64/100 tox|[from] psn
|upkeep
|turn|21
|inactive|Mamaw31180 has 120 seconds left.
|
|t:|1612976344
|move|p2a: Dragonite|Dragon Dance|p2a: Dragonite
|-boost|p2a: Dragonite|atk|1
|-boost|p2a: Dragonite|spe|1
|move|p1a: Landorus|U-turn|p2a: Dragonite
|-resisted|p2a: Dragonite
|-damage|p2a: Dragonite|83/100
|inactive|Mamaw31180 has 120 seconds left.
|
|t:|1612976353
|switch|p1a: Tapu Koko|Tapu Koko|63/100|[from]move: U-turn
|-fieldstart|move: Electric Terrain|[from] ability: Electric Surge|[of] p1a: Tapu Koko
|
|upkeep
|turn|22
|inactive|Mamaw31180 has 120 seconds left.
|
|t:|1612976370
|move|p2a: Dragonite|Earthquake|p1a: Tapu Koko
|-supereffective|p1a: Tapu Koko
|-damage|p1a: Tapu Koko|0 fnt
|faint|p1a: Tapu Koko
|
|upkeep
|-message|Mamaw31180 forfeited.
|
|win|BULOIDE
|l|☆Mamaw31180
|c|☆BULOIDE|gg
||Ladder (probably) updated, but score could not be retrieved (Request timeout).
