|j|☆Stads
|j|☆30orless
|t:|1661287474
|gametype|singles
|player|p1|Stads|102|1742
|player|p2|30orless|169|1702
|teamsize|p1|6
|teamsize|p2|6
|gen|8
|tier|[Gen 8] OU
|rated|
|rule|Sleep Clause Mod: Limit one foe put to sleep
|rule|Species Clause: Limit one of each Pokémon
|rule|OHKO Clause: OHKO moves are banned
|rule|Evasion Items Clause: Evasion items are banned
|rule|Evasion Moves Clause: Evasion moves are banned
|rule|Endless Battle Clause: Forcing endless battles is banned
|rule|HP Percentage Mod: HP is shown in percentages
|rule|Dynamax Clause: You cannot dynamax
|clearpoke
|poke|p1|Tornadus-Therian, M|
|poke|p1|Corviknight, F|
|poke|p1|Kartana|
|poke|p1|Toxapex, M|
|poke|p1|Hippowdon, M|
|poke|p1|Heatran, F|
|poke|p2|Jirachi|
|poke|p2|Hydreigon, M|
|poke|p2|Blaziken, F|
|poke|p2|Volcanion|
|poke|p2|Zapdos|
|poke|p2|Mamoswine, F|
|teampreview
|j| lRustyX
|inactive|Battle timer is ON: inactive players will automatically lose when time's up. (requested by 30orless)
|
|t:|1661287503
|start
|switch|p1a: Tornadus|Tornadus-Therian, M|100/100
|switch|p2a: Jirachi|Jirachi, shiny|100/100
|turn|1
|
|t:|1661287506
|move|p2a: Jirachi|Trick|p1a: Tornadus
|-activate|p2a: Jirachi|move: Trick|[of] p1a: Tornadus
|-item|p1a: Tornadus|Choice Scarf|[from] move: Trick
|-item|p2a: Jirachi|Assault Vest|[from] move: Trick
|move|p1a: Tornadus|Knock Off|p2a: Jirachi
|-supereffective|p2a: Jirachi
|-damage|p2a: Jirachi|62/100
|-enditem|p2a: Jirachi|Assault Vest|[from] move: Knock Off|[of] p1a: Tornadus
|
|upkeep
|turn|2
|
|t:|1661287511
|move|p1a: Tornadus|Knock Off|p2a: Jirachi
|-supereffective|p2a: Jirachi
|-damage|p2a: Jirachi|37/100
|move|p2a: Jirachi|Doom Desire|p1a: Tornadus
|-start|p2a: Jirachi|Doom Desire
|
|upkeep
|turn|3
|
|t:|1661287515
|switch|p2a: Hydreigon|Hydreigon, M|100/100
|move|p1a: Tornadus|Knock Off|p2a: Hydreigon
|-resisted|p2a: Hydreigon
|-crit|p2a: Hydreigon
|-damage|p2a: Hydreigon|82/100
|-enditem|p2a: Hydreigon|Choice Scarf|[from] move: Knock Off|[of] p1a: Tornadus
|
|upkeep
|turn|4
|
|t:|1661287518
|switch|p1a: Heatran|Heatran, F|100/100
|move|p2a: Hydreigon|Dark Pulse|p1a: Heatran
|-damage|p1a: Heatran|71/100
|
|-end|p1a: Heatran|move: Doom Desire
|-resisted|p1a: Heatran
|-damage|p1a: Heatran|63/100
|-heal|p1a: Heatran|69/100|[from] item: Leftovers
|upkeep
|turn|5
|
|t:|1661287520
|move|p2a: Hydreigon|Earth Power|p1a: Heatran
|-supereffective|p1a: Heatran
|-damage|p1a: Heatran|0 fnt
|faint|p1a: Heatran
|
|upkeep
|
|t:|1661287523
|switch|p1a: Hippowdon|Hippowdon, M|100/100
|-weather|Sandstorm|[from] ability: Sand Stream|[of] p1a: Hippowdon
|turn|6
|
|t:|1661287526
|move|p2a: Hydreigon|Draco Meteor|p1a: Hippowdon
|-damage|p1a: Hippowdon|49/100
|-unboost|p2a: Hydreigon|spa|2
|move|p1a: Hippowdon|Stealth Rock|p2a: Hydreigon
|-sidestart|p2: 30orless|move: Stealth Rock
|
|-weather|Sandstorm|[upkeep]
|-damage|p2a: Hydreigon|76/100|[from] Sandstorm
|-heal|p1a: Hippowdon|55/100|[from] item: Leftovers
|upkeep
|turn|7
|
|t:|1661287531
|switch|p2a: Jirachi|Jirachi, shiny|37/100
|-damage|p2a: Jirachi|30/100|[from] Stealth Rock
|move|p1a: Hippowdon|Toxic|p2a: Jirachi
|-immune|p2a: Jirachi
|
|-weather|Sandstorm|[upkeep]
|-heal|p1a: Hippowdon|61/100|[from] item: Leftovers
|upkeep
|turn|8
|
|t:|1661287534
|switch|p1a: Tornadus|Tornadus-Therian, M|100/100
|move|p2a: Jirachi|Doom Desire|p1a: Tornadus
|-start|p2a: Jirachi|Doom Desire
|
|-weather|Sandstorm|[upkeep]
|-damage|p1a: Tornadus|94/100|[from] Sandstorm
|upkeep
|turn|9
|
|t:|1661287539
|switch|p2a: Zapdos|Zapdos|100/100
|move|p1a: Tornadus|U-turn|p2a: Zapdos
|-resisted|p2a: Zapdos
|-damage|p2a: Zapdos|93/100
|-status|p1a: Tornadus|par|[from] ability: Static|[of] p2a: Zapdos
|
|t:|1661287541
|switch|p1a: Hippowdon|Hippowdon, M|61/100|[from]move: U-turn
|
|-weather|Sandstorm|[upkeep]
|-damage|p2a: Zapdos|87/100|[from] Sandstorm
|-heal|p1a: Hippowdon|67/100|[from] item: Leftovers
|upkeep
|turn|10
|
|t:|1661287548
|move|p2a: Zapdos|Defog|p1a: Hippowdon
|-unboost|p1a: Hippowdon|evasion|1
|-sideend|p2: 30orless|Stealth Rock|[from] move: Defog|[of] p2a: Zapdos
|move|p1a: Hippowdon|Slack Off|p1a: Hippowdon
|-heal|p1a: Hippowdon|100/100
|
|-weather|none
|-end|p1a: Hippowdon|move: Doom Desire
|-damage|p1a: Hippowdon|57/100
|-heal|p1a: Hippowdon|64/100|[from] item: Leftovers
|upkeep
|turn|11
|
|t:|1661287550
|move|p2a: Zapdos|Hurricane|p1a: Hippowdon
|-damage|p1a: Hippowdon|19/100
|move|p1a: Hippowdon|Stealth Rock|p2a: Zapdos
|-sidestart|p2: 30orless|move: Stealth Rock
|
|-heal|p1a: Hippowdon|25/100|[from] item: Leftovers
|upkeep
|turn|12
|
|t:|1661287556
|switch|p1a: Toxapex|Toxapex, M|100/100
|move|p2a: Zapdos|Hurricane|p1a: Toxapex
|-damage|p1a: Toxapex|53/100
|-start|p1a: Toxapex|confusion
|
|upkeep
|turn|13
|
|t:|1661287559
|switch|p1a: Hippowdon|Hippowdon, M|25/100
|-weather|Sandstorm|[from] ability: Sand Stream|[of] p1a: Hippowdon
|move|p2a: Zapdos|Defog|p1a: Hippowdon
|-unboost|p1a: Hippowdon|evasion|1
|-sideend|p2: 30orless|Stealth Rock|[from] move: Defog|[of] p2a: Zapdos
|
|-weather|Sandstorm|[upkeep]
|-damage|p2a: Zapdos|81/100|[from] Sandstorm
|-heal|p1a: Hippowdon|31/100|[from] item: Leftovers
|upkeep
|turn|14
|
|t:|1661287562
|switch|p1a: Toxapex|Toxapex, M|86/100
|move|p2a: Zapdos|Hurricane|p1a: Toxapex
|-damage|p1a: Toxapex|37/100
|-start|p1a: Toxapex|confusion
|
|-weather|Sandstorm|[upkeep]
|-damage|p2a: Zapdos|75/100|[from] Sandstorm
|-damage|p1a: Toxapex|31/100|[from] Sandstorm
|upkeep
|turn|15
|
|t:|1661287564
|switch|p1a: Tornadus|Tornadus-Therian, M|100/100 par
|move|p2a: Zapdos|Hurricane|p1a: Tornadus
|-damage|p1a: Tornadus|32/100 par
|
|-weather|Sandstorm|[upkeep]
|-damage|p1a: Tornadus|26/100 par|[from] Sandstorm
|-damage|p2a: Zapdos|69/100|[from] Sandstorm
|upkeep
|turn|16
|
|t:|1661287568
|move|p1a: Tornadus|Heat Wave|p2a: Zapdos
|-damage|p2a: Zapdos|42/100
|move|p2a: Zapdos|Discharge|p1a: Tornadus
|-supereffective|p1a: Tornadus
|-damage|p1a: Tornadus|0 fnt
|faint|p1a: Tornadus
|
|-weather|Sandstorm|[upkeep]
|-damage|p2a: Zapdos|36/100|[from] Sandstorm
|upkeep
|
|t:|1661287572
|switch|p1a: Kartana|Kartana|100/100
|turn|17
|
|t:|1661287574
|move|p1a: Kartana|Knock Off|p2a: Zapdos
|-damage|p2a: Zapdos|0 fnt
|-enditem|p2a: Zapdos|Heavy-Duty Boots|[from] move: Knock Off|[of] p1a: Kartana
|faint|p2a: Zapdos
|-ability|p1a: Kartana|Beast Boost|boost
|-boost|p1a: Kartana|atk|1
|
|-weather|none
|upkeep
|
|t:|1661287577
|switch|p2a: Blaziken|Blaziken, F|100/100
|turn|18
|
|t:|1661287578
|move|p2a: Blaziken|Vacuum Wave|p1a: Kartana
|-supereffective|p1a: Kartana
|-damage|p1a: Kartana|0 fnt
|faint|p1a: Kartana
|-damage|p2a: Blaziken|91/100|[from] item: Life Orb
|
|-ability|p2a: Blaziken|Speed Boost|boost
|-boost|p2a: Blaziken|spe|1
|upkeep
|-message|Stads forfeited.
|
|win|30orless
|raw|Stads's rating: 1742 &rarr; <strong>1720</strong><br />(-22 for losing)
|raw|30orless's rating: 1702 &rarr; <strong>1724</strong><br />(+22 for winning)
|l|☆Stads
