|j|☆SuperTheoryBros
|j|☆Le-Perpetrator
|t:|1633121538
|gametype|singles
|player|p1|SuperTheoryBros|169|1873
|player|p2|Le-Perpetrator|170|1769
|teamsize|p1|6
|teamsize|p2|6
|gen|8
|tier|[Gen 8] OU
|rated|
|rule|Sleep Clause Mod: Limit one foe put to sleep
|rule|Species Clause: Limit one of each Pokémon
|rule|OHKO Clause: OHKO moves are banned
|rule|Evasion Moves Clause: Evasion moves are banned
|rule|Endless Battle Clause: Forcing endless battles is banned
|rule|HP Percentage Mod: HP is shown in percentages
|rule|Dynamax Clause: You cannot dynamax
|clearpoke
|poke|p1|Ninetales-Alola, F|
|poke|p1|Arctozolt|
|poke|p1|Landorus-Therian, M|
|poke|p1|Magnezone|
|poke|p1|Toxapex, F|
|poke|p1|Mandibuzz, F|
|poke|p2|Landorus-Therian, M|
|poke|p2|Blacephalon|
|poke|p2|Kyurem|
|poke|p2|Ferrothorn, M|
|poke|p2|Hatterene, F|
|poke|p2|Toxapex, F|
|teampreview
|inactive|Battle timer is ON: inactive players will automatically lose when time's up. (requested by SuperTheoryBros)
|j| Kingcreta401
|inactive|Le-Perpetrator has 120 seconds left.
|inactive|Le-Perpetrator has 90 seconds left.
|inactive|Le-Perpetrator has 60 seconds left.
|
|t:|1633121646
|start
|switch|p1a: Ninetales|Ninetales-Alola, F|100/100
|switch|p2a: Blacephalon|Blacephalon|100/100
|-weather|Hail|[from] ability: Snow Warning|[of] p1a: Ninetales
|turn|1
|
|t:|1633121657
|switch|p1a: Toxapex|Toxapex, F|100/100
|move|p2a: Blacephalon|Shadow Ball|p1a: Toxapex
|-damage|p1a: Toxapex|55/100
|-unboost|p1a: Toxapex|spd|1
|-enditem|p1a: Toxapex|Eject Button
|
|t:|1633121662
|switch|p1a: Arctozolt|Arctozolt|100/100
|
|-weather|Hail|[upkeep]
|-damage|p2a: Blacephalon|94/100|[from] Hail
|upkeep
|turn|2
|j| EagleStates
|l| EagleStates
|
|t:|1633121671
|switch|p2a: Ferrothorn|Ferrothorn, M|100/100
|move|p1a: Arctozolt|Blizzard|p2a: Ferrothorn
|-damage|p2a: Ferrothorn|75/100
|
|-weather|Hail|[upkeep]
|-damage|p2a: Ferrothorn|69/100|[from] Hail
|upkeep
|turn|3
|inactive|Le-Perpetrator has 120 seconds left.
|inactive|SuperTheoryBros has 120 seconds left.
|
|t:|1633121706
|switch|p1a: Landorus|Landorus-Therian, M|100/100
|-ability|p1a: Landorus|Intimidate|boost
|-unboost|p2a: Ferrothorn|atk|1
|move|p2a: Ferrothorn|Leech Seed|p1a: Landorus
|-start|p1a: Landorus|move: Leech Seed
|
|-weather|Hail|[upkeep]
|-damage|p1a: Landorus|94/100|[from] Hail
|-damage|p2a: Ferrothorn|62/100|[from] Hail
|-heal|p1a: Landorus|100/100|[from] item: Leftovers
|-damage|p1a: Landorus|88/100|[from] Leech Seed|[of] p2a: Ferrothorn
|-heal|p2a: Ferrothorn|76/100|[silent]
|upkeep
|turn|4
|
|t:|1633121716
|move|p1a: Landorus|U-turn|p2a: Ferrothorn
|-damage|p2a: Ferrothorn|57/100
|-damage|p1a: Landorus|76/100|[from] ability: Iron Barbs|[of] p2a: Ferrothorn
|-damage|p1a: Landorus|59/100|[from] item: Rocky Helmet|[of] p2a: Ferrothorn
|
|t:|1633121721
|switch|p1a: Magnezone|Magnezone|100/100|[from]move: U-turn
|move|p2a: Ferrothorn|Stealth Rock|p1a: Magnezone
|-sidestart|p1: SuperTheoryBros|move: Stealth Rock
|
|-weather|Hail|[upkeep]
|-damage|p1a: Magnezone|94/100|[from] Hail
|-damage|p2a: Ferrothorn|51/100|[from] Hail
|-heal|p1a: Magnezone|100/100|[from] item: Leftovers
|upkeep
|turn|5
|
|t:|1633121729
|move|p1a: Magnezone|Iron Defense|p1a: Magnezone
|-boost|p1a: Magnezone|def|2
|move|p2a: Ferrothorn|Leech Seed|p1a: Magnezone
|-start|p1a: Magnezone|move: Leech Seed
|
|-weather|Hail|[upkeep]
|-damage|p1a: Magnezone|94/100|[from] Hail
|-damage|p2a: Ferrothorn|45/100|[from] Hail
|-heal|p1a: Magnezone|100/100|[from] item: Leftovers
|-damage|p1a: Magnezone|88/100|[from] Leech Seed|[of] p2a: Ferrothorn
|-heal|p2a: Ferrothorn|55/100|[silent]
|upkeep
|turn|6
|
|t:|1633121737
|move|p1a: Magnezone|Iron Defense|p1a: Magnezone
|-boost|p1a: Magnezone|def|2
|move|p2a: Ferrothorn|Spikes|p1a: Magnezone
|-sidestart|p1: SuperTheoryBros|Spikes
|
|-weather|Hail|[upkeep]
|-damage|p1a: Magnezone|82/100|[from] Hail
|-damage|p2a: Ferrothorn|49/100|[from] Hail
|-heal|p1a: Magnezone|88/100|[from] item: Leftovers
|-damage|p1a: Magnezone|76/100|[from] Leech Seed|[of] p2a: Ferrothorn
|-heal|p2a: Ferrothorn|58/100|[silent]
|upkeep
|turn|7
|
|t:|1633121746
|move|p1a: Magnezone|Body Press|p2a: Ferrothorn
|-supereffective|p2a: Ferrothorn
|-damage|p2a: Ferrothorn|0 fnt
|-damage|p1a: Magnezone|63/100|[from] ability: Iron Barbs|[of] p2a: Ferrothorn
|-damage|p1a: Magnezone|47/100|[from] item: Rocky Helmet|[of] p2a: Ferrothorn
|faint|p2a: Ferrothorn
|
|-weather|Hail|[upkeep]
|-damage|p1a: Magnezone|41/100|[from] Hail
|-heal|p1a: Magnezone|47/100|[from] item: Leftovers
|upkeep
|
|t:|1633121756
|switch|p2a: Blacephalon|Blacephalon|94/100
|turn|8
|
|t:|1633121770
|switch|p1a: Toxapex|Toxapex, F|88/100
|-damage|p1a: Toxapex|76/100|[from] Stealth Rock
|-damage|p1a: Toxapex|64/100|[from] Spikes
|move|p2a: Blacephalon|Flamethrower|p1a: Toxapex
|-resisted|p1a: Toxapex
|-damage|p1a: Toxapex|37/100
|
|-weather|none
|upkeep
|turn|9
|
|t:|1633121779
|switch|p2a: Kyurem|Kyurem|100/100
|-ability|p2a: Kyurem|Pressure
|move|p1a: Toxapex|Recover|p1a: Toxapex
|-heal|p1a: Toxapex|88/100
|
|upkeep
|turn|10
|
|t:|1633121799
|switch|p1a: Ninetales|Ninetales-Alola, F|100/100
|-damage|p1a: Ninetales|88/100|[from] Spikes
|-damage|p1a: Ninetales|63/100|[from] Stealth Rock
|-weather|Hail|[from] ability: Snow Warning|[of] p1a: Ninetales
|move|p2a: Kyurem|Freeze-Dry|p1a: Ninetales
|-resisted|p1a: Ninetales
|-damage|p1a: Ninetales|35/100
|
|-weather|Hail|[upkeep]
|upkeep
|turn|11
|l| Kingcreta401
|
|t:|1633121828
|switch|p2a: Blacephalon|Blacephalon|94/100
|move|p1a: Ninetales|Aurora Veil|p1a: Ninetales
|-sidestart|p1: SuperTheoryBros|move: Aurora Veil
|
|-weather|Hail|[upkeep]
|-damage|p2a: Blacephalon|88/100|[from] Hail
|upkeep
|turn|12
|
|t:|1633121840
|switch|p1a: Mandibuzz|Mandibuzz, F|100/100
|move|p2a: Blacephalon|Flamethrower|p1a: Mandibuzz
|-damage|p1a: Mandibuzz|65/100
|
|-weather|Hail|[upkeep]
|-damage|p2a: Blacephalon|82/100|[from] Hail
|upkeep
|turn|13
|
|t:|1633121853
|move|p2a: Blacephalon|Flamethrower|p1a: Mandibuzz
|-damage|p1a: Mandibuzz|31/100
|move|p1a: Mandibuzz|Roost|p1a: Mandibuzz
|-heal|p1a: Mandibuzz|82/100
|-singleturn|p1a: Mandibuzz|move: Roost
|
|-weather|Hail|[upkeep]
|-damage|p2a: Blacephalon|76/100|[from] Hail
|upkeep
|turn|14
|
|t:|1633121862
|switch|p2a: Kyurem|Kyurem|100/100
|-ability|p2a: Kyurem|Pressure
|move|p1a: Mandibuzz|Defog|p2a: Kyurem
|-unboost|p2a: Kyurem|evasion|1
|-sideend|p1: SuperTheoryBros|Spikes|[from] move: Defog|[of] p1a: Mandibuzz
|-sideend|p1: SuperTheoryBros|Stealth Rock|[from] move: Defog|[of] p1a: Mandibuzz
|
|-weather|Hail|[upkeep]
|upkeep
|turn|15
|
|t:|1633121884
|switch|p1a: Ninetales|Ninetales-Alola, F|35/100
|move|p2a: Kyurem|Freeze-Dry|p1a: Ninetales
|-resisted|p1a: Ninetales
|-damage|p1a: Ninetales|21/100
|
|-weather|Hail|[upkeep]
|-sideend|p1: SuperTheoryBros|move: Aurora Veil
|upkeep
|turn|16
|
|t:|1633121892
|move|p1a: Ninetales|Aurora Veil|p1a: Ninetales
|-sidestart|p1: SuperTheoryBros|move: Aurora Veil
|move|p2a: Kyurem|Freeze-Dry|p1a: Ninetales
|-resisted|p1a: Ninetales
|-damage|p1a: Ninetales|8/100
|
|-weather|Hail|[upkeep]
|upkeep
|turn|17
|
|t:|1633121907
|switch|p1a: Arctozolt|Arctozolt|100/100
|move|p2a: Kyurem|Freeze-Dry|p1a: Arctozolt
|-resisted|p1a: Arctozolt
|-damage|p1a: Arctozolt|80/100
|
|-weather|none
|upkeep
|turn|18
|
|t:|1633121919
|switch|p2a: Blacephalon|Blacephalon|76/100
|move|p1a: Arctozolt|Freeze-Dry|p2a: Blacephalon
|-resisted|p2a: Blacephalon
|-damage|p2a: Blacephalon|58/100
|
|upkeep
|turn|19
|
|t:|1633121932
|switch|p1a: Toxapex|Toxapex, F|100/100
|move|p2a: Blacephalon|Shadow Ball|p1a: Toxapex
|-damage|p1a: Toxapex|80/100
|
|upkeep
|turn|20
|
|t:|1633121943
|switch|p2a: Toxapex|Toxapex, F|100/100
|move|p1a: Toxapex|Knock Off|p2a: Toxapex
|-damage|p2a: Toxapex|89/100
|-enditem|p2a: Toxapex|Black Sludge|[from] move: Knock Off|[of] p1a: Toxapex
|
|-sideend|p1: SuperTheoryBros|move: Aurora Veil
|upkeep
|turn|21
|
|t:|1633121950
|move|p1a: Toxapex|Toxic Spikes|p2a: Toxapex
|-sidestart|p2: Le-Perpetrator|move: Toxic Spikes
|move|p2a: Toxapex|Toxic Spikes|p1a: Toxapex
|-sidestart|p1: SuperTheoryBros|move: Toxic Spikes
|
|upkeep
|turn|22
|inactive|SuperTheoryBros has 120 seconds left.
|j| Prom Production
|
|t:|1633122001
|move|p1a: Toxapex|Knock Off|p2a: Toxapex
|-damage|p2a: Toxapex|82/100
|move|p2a: Toxapex|Scald|p1a: Toxapex
|-resisted|p1a: Toxapex
|-damage|p1a: Toxapex|73/100
|
|upkeep
|turn|23
|inactive|Le-Perpetrator has 120 seconds left.
|inactive|Le-Perpetrator has 90 seconds left.
|j| vepp
|inactive|Le-Perpetrator has 60 seconds left.
|inactive|SuperTheoryBros has 90 seconds left.
|
|t:|1633122100
|move|p1a: Toxapex|Knock Off|p2a: Toxapex
|-damage|p2a: Toxapex|75/100
|move|p2a: Toxapex|Scald|p1a: Toxapex
|-resisted|p1a: Toxapex
|-damage|p1a: Toxapex|67/100
|
|upkeep
|turn|24
|inactive|Le-Perpetrator has 60 seconds left.
|
|t:|1633122106
|switch|p1a: Magnezone|Magnezone|47/100
|move|p2a: Toxapex|Scald|p1a: Magnezone
|-damage|p1a: Magnezone|20/100
|-status|p1a: Magnezone|brn
|
|-heal|p1a: Magnezone|26/100 brn|[from] item: Leftovers
|-damage|p1a: Magnezone|20/100 brn|[from] brn
|upkeep
|turn|25
|
|t:|1633122115
|switch|p2a: Landorus|Landorus-Therian, M|100/100
|-ability|p2a: Landorus|Intimidate|boost
|-unboost|p1a: Magnezone|atk|1
|move|p1a: Magnezone|Discharge|p2a: Landorus
|-immune|p2a: Landorus
|
|-heal|p1a: Magnezone|26/100 brn|[from] item: Leftovers
|-damage|p1a: Magnezone|20/100 brn|[from] brn
|upkeep
|turn|26
|
|t:|1633122125
|move|p2a: Landorus|Knock Off|p1a: Magnezone
|-damage|p1a: Magnezone|0 fnt
|-enditem|p1a: Magnezone|Leftovers|[from] move: Knock Off|[of] p2a: Landorus
|faint|p1a: Magnezone
|
|upkeep
|
|t:|1633122140
|switch|p1a: Toxapex|Toxapex, F|99/100
|-sideend|p1: SuperTheoryBros|move: Toxic Spikes|[of] p1a: Toxapex
|turn|27
|j| NPC666
|
|t:|1633122156
|switch|p2a: Toxapex|Toxapex, F|100/100
|-sideend|p2: Le-Perpetrator|move: Toxic Spikes|[of] p2a: Toxapex
|move|p1a: Toxapex|Toxic Spikes|p2a: Toxapex
|-sidestart|p2: Le-Perpetrator|move: Toxic Spikes
|
|upkeep
|turn|28
|l|npc666
|inactive|SuperTheoryBros has 90 seconds left.
|j| 911X
|
|t:|1633122175
|switch|p1a: Ninetales|Ninetales-Alola, F|8/100
|-weather|Hail|[from] ability: Snow Warning|[of] p1a: Ninetales
|move|p2a: Toxapex|Toxic Spikes|p1a: Ninetales
|-sidestart|p1: SuperTheoryBros|move: Toxic Spikes
|
|-weather|Hail|[upkeep]
|-damage|p2a: Toxapex|94/100|[from] Hail
|upkeep
|turn|29
|inactive|Le-Perpetrator has 90 seconds left.
|
|t:|1633122185
|move|p1a: Ninetales|Encore|p2a: Toxapex
|-start|p2a: Toxapex|Encore
|move|p2a: Toxapex|Toxic Spikes|p1a: Ninetales
|-sidestart|p1: SuperTheoryBros|move: Toxic Spikes
|
|-weather|Hail|[upkeep]
|-damage|p2a: Toxapex|88/100|[from] Hail
|upkeep
|turn|30
|
|t:|1633122191
|switch|p2a: Landorus|Landorus-Therian, M|100/100
|-ability|p2a: Landorus|Intimidate|boost
|-unboost|p1a: Ninetales|atk|1
|move|p1a: Ninetales|Aurora Veil|p1a: Ninetales
|-sidestart|p1: SuperTheoryBros|move: Aurora Veil
|
|-weather|Hail|[upkeep]
|-damage|p2a: Landorus|94/100|[from] Hail
|upkeep
|turn|31
|j| baibaiats
|
|t:|1633122214
|switch|p1a: Landorus|Landorus-Therian, M|59/100
|-ability|p1a: Landorus|Intimidate|boost
|-unboost|p2a: Landorus|atk|1
|move|p2a: Landorus|U-turn|p1a: Landorus
|-resisted|p1a: Landorus
|-damage|p1a: Landorus|56/100
|
|t:|1633122221
|switch|p2a: Toxapex|Toxapex, F|100/100|[from]move: U-turn
|-sideend|p2: Le-Perpetrator|move: Toxic Spikes|[of] p2a: Toxapex
|
|-weather|Hail|[upkeep]
|-damage|p1a: Landorus|50/100|[from] Hail
|-damage|p2a: Toxapex|94/100|[from] Hail
|-heal|p1a: Landorus|56/100|[from] item: Leftovers
|upkeep
|turn|32
|
|t:|1633122235
|switch|p2a: Hatterene|Hatterene, F|100/100
|move|p1a: Landorus|Earthquake|p2a: Hatterene
|-damage|p2a: Hatterene|46/100
|
|-weather|Hail|[upkeep]
|-damage|p1a: Landorus|50/100|[from] Hail
|-damage|p2a: Hatterene|40/100|[from] Hail
|-heal|p1a: Landorus|56/100|[from] item: Leftovers
|upkeep
|turn|33
|inactive|SuperTheoryBros has 90 seconds left.
|
|t:|1633122255
|move|p1a: Landorus|Weather Ball|p2a: Hatterene
|-damage|p2a: Hatterene|15/100
|move|p2a: Hatterene|Draining Kiss|p1a: Landorus
|-damage|p1a: Landorus|32/100
|-heal|p2a: Hatterene|36/100|[from] drain|[of] p1a: Landorus
|
|-weather|Hail|[upkeep]
|-damage|p1a: Landorus|26/100|[from] Hail
|-damage|p2a: Hatterene|30/100|[from] Hail
|-heal|p1a: Landorus|32/100|[from] item: Leftovers
|upkeep
|turn|34
|
|t:|1633122265
|move|p1a: Landorus|Weather Ball|p2a: Hatterene
|-damage|p2a: Hatterene|5/100
|move|p2a: Hatterene|Draining Kiss|p1a: Landorus
|-crit|p1a: Landorus
|-damage|p1a: Landorus|0 fnt
|-heal|p2a: Hatterene|34/100|[from] drain|[of] p1a: Landorus
|faint|p1a: Landorus
|
|-weather|Hail|[upkeep]
|-damage|p2a: Hatterene|28/100|[from] Hail
|-sideend|p1: SuperTheoryBros|move: Aurora Veil
|upkeep
|inactive|SuperTheoryBros has 90 seconds left.
|
|t:|1633122278
|switch|p1a: Arctozolt|Arctozolt|80/100
|turn|35
|inactive|SuperTheoryBros has 90 seconds left.
|
|t:|1633122291
|move|p1a: Arctozolt|Blizzard|p2a: Hatterene
|-damage|p2a: Hatterene|0 fnt
|faint|p2a: Hatterene
|
|-weather|none
|upkeep
|
|t:|1633122298
|switch|p2a: Kyurem|Kyurem|100/100
|-ability|p2a: Kyurem|Pressure
|turn|36
|inactive|SuperTheoryBros has 90 seconds left.
|
|t:|1633122313
|switch|p1a: Ninetales|Ninetales-Alola, F|8/100
|-status|p1a: Ninetales|tox
|-weather|Hail|[from] ability: Snow Warning|[of] p1a: Ninetales
|move|p2a: Kyurem|Freeze-Dry|p1a: Ninetales
|-resisted|p1a: Ninetales
|-damage|p1a: Ninetales|0 fnt
|faint|p1a: Ninetales
|
|-weather|Hail|[upkeep]
|upkeep
|inactive|SuperTheoryBros has 90 seconds left.
|j| lomyklm
|
|t:|1633122322
|switch|p1a: Arctozolt|Arctozolt|80/100
|turn|37
|inactive|SuperTheoryBros has 90 seconds left.
|
|t:|1633122335
|switch|p2a: Toxapex|Toxapex, F|100/100
|move|p1a: Arctozolt|Low Kick|p2a: Toxapex
|-resisted|p2a: Toxapex
|-damage|p2a: Toxapex|96/100
|
|-weather|Hail|[upkeep]
|-damage|p2a: Toxapex|90/100|[from] Hail
|upkeep
|turn|38
|inactive|SuperTheoryBros has 90 seconds left.
|
|t:|1633122346
|move|p1a: Arctozolt|Bolt Beak|p2a: Toxapex
|-supereffective|p2a: Toxapex
|-damage|p2a: Toxapex|0 fnt
|faint|p2a: Toxapex
|
|-weather|Hail|[upkeep]
|upkeep
|l| lomyklm
|
|t:|1633122355
|switch|p2a: Kyurem|Kyurem|100/100
|-ability|p2a: Kyurem|Pressure
|turn|39
|inactive|SuperTheoryBros has 90 seconds left.
|
|t:|1633122376
|switch|p1a: Toxapex|Toxapex, F|100/100
|-sideend|p1: SuperTheoryBros|move: Toxic Spikes|[of] p1a: Toxapex
|move|p2a: Kyurem|Draco Meteor|p1a: Toxapex
|-damage|p1a: Toxapex|41/100
|-unboost|p2a: Kyurem|spa|2
|
|-weather|Hail|[upkeep]
|-damage|p1a: Toxapex|35/100|[from] Hail
|upkeep
|turn|40
|inactive|SuperTheoryBros has 90 seconds left.
|j| Granolayum
|
|t:|1633122392
|switch|p1a: Arctozolt|Arctozolt|80/100
|move|p2a: Kyurem|Draco Meteor|p1a: Arctozolt
|-damage|p1a: Arctozolt|5/100
|-unboost|p2a: Kyurem|spa|2
|
|-weather|Hail|[upkeep]
|upkeep
|turn|41
|
|t:|1633122412
|switch|p1a: Toxapex|Toxapex, F|68/100
|move|p2a: Kyurem|Draco Meteor|p1a: Toxapex
|-damage|p1a: Toxapex|48/100
|-unboost|p2a: Kyurem|spa|2
|
|-weather|Hail|[upkeep]
|-damage|p1a: Toxapex|42/100|[from] Hail
|upkeep
|turn|42
|
|t:|1633122427
|switch|p2a: Landorus|Landorus-Therian, M|94/100
|-ability|p2a: Landorus|Intimidate|boost
|-unboost|p1a: Toxapex|atk|1
|move|p1a: Toxapex|Toxic Spikes|p2a: Landorus
|-sidestart|p2: Le-Perpetrator|move: Toxic Spikes
|
|-weather|Hail|[upkeep]
|-damage|p2a: Landorus|88/100|[from] Hail
|-damage|p1a: Toxapex|36/100|[from] Hail
|upkeep
|turn|43
|c|☆SuperTheoryBros|games over
|
|t:|1633122444
|switch|p1a: Mandibuzz|Mandibuzz, F|82/100
|move|p2a: Landorus|Explosion|p1a: Mandibuzz
|-damage|p1a: Mandibuzz|20/100
|faint|p2a: Landorus
|
|-weather|none
|upkeep
|j| Fart Stinky
|j| p74
|
|t:|1633122455
|switch|p2a: Kyurem|Kyurem|100/100
|-status|p2a: Kyurem|psn
|-ability|p2a: Kyurem|Pressure
|turn|44
|l| baibaiats
|l| p74
|c|☆Le-Perpetrator|yea gg
|
|t:|1633122477
|move|p2a: Kyurem|Freeze-Dry|p1a: Mandibuzz
|-supereffective|p1a: Mandibuzz
|-damage|p1a: Mandibuzz|0 fnt
|faint|p1a: Mandibuzz
|
|-damage|p2a: Kyurem|88/100 psn|[from] psn
|upkeep
|
|t:|1633122480
|switch|p1a: Toxapex|Toxapex, F|70/100
|turn|45
|
|t:|1633122484
|switch|p1a: Arctozolt|Arctozolt|5/100
|move|p2a: Kyurem|Freeze-Dry|p1a: Arctozolt
|-resisted|p1a: Arctozolt
|-damage|p1a: Arctozolt|0 fnt
|faint|p1a: Arctozolt
|
|-damage|p2a: Kyurem|76/100 psn|[from] psn
|upkeep
|
|t:|1633122486
|switch|p1a: Toxapex|Toxapex, F|100/100
|turn|46
|
|t:|1633122493
|move|p2a: Kyurem|Freeze-Dry|p1a: Toxapex
|-supereffective|p1a: Toxapex
|-damage|p1a: Toxapex|29/100
|move|p1a: Toxapex|Knock Off|p2a: Kyurem
|-damage|p2a: Kyurem|62/100 psn
|-enditem|p2a: Kyurem|Choice Specs|[from] move: Knock Off|[of] p1a: Toxapex
|
|-damage|p2a: Kyurem|49/100 psn|[from] psn
|upkeep
|turn|47
|-message|SuperTheoryBros forfeited.
|
|win|Le-Perpetrator
|raw|SuperTheoryBros's rating: 1873 &rarr; <strong>1847</strong><br />(-26 for losing)
|raw|Le-Perpetrator's rating: 1769 &rarr; <strong>1795</strong><br />(+26 for winning)
|l|☆SuperTheoryBros
