|j|☆damorush
|j|☆SpeedRun Throwaway
|t:|1642360465
|gametype|singles
|player|p1|damorush|265|1443
|player|p2|SpeedRun Throwaway|palmer|1473
|teamsize|p1|6
|teamsize|p2|6
|gen|8
|tier|[Gen 8] OU
|rated|
|rule|Sleep Clause Mod: Limit one foe put to sleep
|rule|Species Clause: Limit one of each Pokémon
|rule|OHKO Clause: OHKO moves are banned
|rule|Evasion Moves Clause: Evasion moves are banned
|rule|Endless Battle Clause: Forcing endless battles is banned
|rule|HP Percentage Mod: HP is shown in percentages
|rule|Dynamax Clause: You cannot dynamax
|clearpoke
|poke|p1|Dragapult, M|
|poke|p1|Bisharp, F|
|poke|p1|Mew|
|poke|p1|Zeraora|
|poke|p1|Volcarona, F|
|poke|p1|Tapu Lele|
|poke|p2|Tapu Lele|
|poke|p2|Dragapult, F|
|poke|p2|Landorus-Therian, M|
|poke|p2|Cloyster, F|
|poke|p2|Blacephalon|
|poke|p2|Melmetal|
|teampreview
|inactive|Battle timer is ON: inactive players will automatically lose when time's up. (requested by SpeedRun Throwaway)
|
|t:|1642360472
|start
|switch|p1a: Mew|Mew|100/100
|switch|p2a: XLR8|Dragapult, F|100/100
|turn|1
|
|t:|1642360479
|move|p2a: XLR8|Dragon Darts|p1a: Mew
|-damage|p1a: Mew|73/100
|-anim|p2a: XLR8|Dragon Darts|p1a: Mew
|-damage|p1a: Mew|42/100
|-damage|p2a: XLR8|91/100|[from] item: Life Orb
|move|p1a: Mew|Stealth Rock|p2a: XLR8
|-sidestart|p2: SpeedRun Throwaway|move: Stealth Rock
|
|upkeep
|turn|2
|j| Kyerndo
|
|t:|1642360488
|switch|p1a: Bisharp|Bisharp, F|100/100
|move|p2a: XLR8|Steel Wing|p1a: Bisharp
|-resisted|p1a: Bisharp
|-damage|p1a: Bisharp|80/100
|-damage|p2a: XLR8|81/100|[from] item: Life Orb
|
|upkeep
|turn|3
|
|t:|1642360510
|switch|p2a: Gwen|Tapu Lele|100/100
|-damage|p2a: Gwen|88/100|[from] Stealth Rock
|-fieldstart|move: Psychic Terrain|[from] ability: Psychic Surge|[of] p2a: Gwen
|move|p1a: Bisharp|Knock Off|p2a: Gwen
|-damage|p2a: Gwen|0 fnt
|-enditem|p2a: Gwen|Choice Specs|[from] move: Knock Off|[of] p1a: Bisharp
|faint|p2a: Gwen
|-damage|p1a: Bisharp|70/100|[from] item: Life Orb
|
|upkeep
|
|t:|1642360522
|switch|p2a: Ghostfreak|Blacephalon|100/100
|-damage|p2a: Ghostfreak|76/100|[from] Stealth Rock
|turn|4
|
|t:|1642360528
|switch|p1a: Mew|Mew|42/100
|move|p2a: Ghostfreak|Flamethrower|p1a: Mew
|-damage|p1a: Mew|0 fnt
|faint|p1a: Mew
|-ability|p2a: Ghostfreak|Beast Boost|boost
|-boost|p2a: Ghostfreak|spa|1
|
|upkeep
|
|t:|1642360538
|switch|p1a: Dragapult|Dragapult, M|100/100
|turn|5
|
|t:|1642360542
|switch|p2a: Upgrade|Melmetal|100/100
|-damage|p2a: Upgrade|94/100|[from] Stealth Rock
|move|p1a: Dragapult|Dragon Darts|p2a: Upgrade
|-resisted|p2a: Upgrade
|-damage|p2a: Upgrade|88/100
|-anim|p1a: Dragapult|Dragon Darts|p2a: Upgrade
|-resisted|p2a: Upgrade
|-damage|p2a: Upgrade|81/100
|
|upkeep
|turn|6
|
|t:|1642360553
|switch|p1a: Bisharp|Bisharp, F|70/100
|move|p2a: Upgrade|Double Iron Bash|p1a: Bisharp
|-resisted|p1a: Bisharp
|-damage|p1a: Bisharp|49/100
|-resisted|p1a: Bisharp
|-damage|p1a: Bisharp|29/100
|-hitcount|p1a: Bisharp|2
|
|upkeep
|turn|7
|
|t:|1642360561
|move|p1a: Bisharp|Knock Off|p2a: Upgrade
|-damage|p2a: Upgrade|45/100
|-enditem|p2a: Upgrade|Assault Vest|[from] move: Knock Off|[of] p1a: Bisharp
|-damage|p1a: Bisharp|19/100|[from] item: Life Orb
|move|p2a: Upgrade|Double Iron Bash|p1a: Bisharp
|-resisted|p1a: Bisharp
|-damage|p1a: Bisharp|0 fnt
|faint|p1a: Bisharp
|-hitcount|p1: Bisharp|1
|
|-fieldend|move: Psychic Terrain
|upkeep
|
|t:|1642360572
|switch|p1a: Volcarona|Volcarona, F|100/100
|turn|8
|
|t:|1642360577
|switch|p2a: Wildmutt|Landorus-Therian, M|100/100
|-damage|p2a: Wildmutt|88/100|[from] Stealth Rock
|-ability|p2a: Wildmutt|Intimidate|boost
|-unboost|p1a: Volcarona|atk|1
|move|p1a: Volcarona|Flamethrower|p2a: Wildmutt
|-damage|p2a: Wildmutt|37/100
|-status|p2a: Wildmutt|brn
|
|-damage|p2a: Wildmutt|31/100 brn|[from] brn
|upkeep
|turn|9
|
|t:|1642360588
|move|p1a: Volcarona|Flamethrower|p2a: Wildmutt
|-damage|p2a: Wildmutt|0 fnt
|faint|p2a: Wildmutt
|
|upkeep
|
|t:|1642360599
|switch|p2a: XLR8|Dragapult, F|81/100
|-damage|p2a: XLR8|69/100|[from] Stealth Rock
|turn|10
|
|t:|1642360611
|switch|p1a: Tapu Lele|Tapu Lele|100/100
|-fieldstart|move: Psychic Terrain|[from] ability: Psychic Surge|[of] p1a: Tapu Lele
|move|p2a: XLR8|Dragon Dance|p2a: XLR8
|-boost|p2a: XLR8|atk|1
|-boost|p2a: XLR8|spe|1
|
|upkeep
|turn|11
|
|t:|1642360620
|move|p2a: XLR8|Steel Wing|p1a: Tapu Lele
|-supereffective|p1a: Tapu Lele
|-damage|p1a: Tapu Lele|0 fnt
|faint|p1a: Tapu Lele
|-damage|p2a: XLR8|59/100|[from] item: Life Orb
|
|upkeep
|
|t:|1642360627
|switch|p1a: Zeraora|Zeraora|100/100
|turn|12
|
|t:|1642360630
|move|p2a: XLR8|Dragon Darts|p1a: Zeraora
|-damage|p1a: Zeraora|31/100
|-anim|p2a: XLR8|Dragon Darts|p1a: Zeraora
|-damage|p1a: Zeraora|0 fnt
|faint|p1a: Zeraora
|-damage|p2a: XLR8|49/100|[from] item: Life Orb
|
|upkeep
|l| Kyerndo
|inactive|damorush has 120 seconds left.
|
|t:|1642360671
|switch|p1a: Dragapult|Dragapult, M|100/100
|turn|13
|
|t:|1642360674
|move|p2a: XLR8|Dragon Darts|p1a: Dragapult
|-supereffective|p1a: Dragapult
|-damage|p1a: Dragapult|0 fnt
|faint|p1a: Dragapult
|-damage|p2a: XLR8|39/100|[from] item: Life Orb
|
|upkeep
|inactive|damorush has 120 seconds left.
|
|t:|1642360680
|switch|p1a: Volcarona|Volcarona, F|100/100
|turn|14
|
|t:|1642360683
|move|p2a: XLR8|Dragon Darts|p1a: Volcarona
|-damage|p1a: Volcarona|19/100
|-anim|p2a: XLR8|Dragon Darts|p1a: Volcarona
|-damage|p1a: Volcarona|0 fnt
|faint|p1a: Volcarona
|-damage|p2a: XLR8|30/100|[from] item: Life Orb
|
|win|SpeedRun Throwaway
|raw|damorush's rating: 1443 &rarr; <strong>1425</strong><br />(-18 for losing)
|raw|SpeedRun Throwaway's rating: 1473 &rarr; <strong>1491</strong><br />(+18 for winning)
