|j|☆cxcould
|j|☆Stunfisk2140
|t:|1645889372
|gametype|singles
|player|p1|cxcould|dawn|1489
|player|p2|Stunfisk2140|169|1548
|teamsize|p1|6
|teamsize|p2|6
|gen|8
|tier|[Gen 8] OU
|rated|
|rule|Sleep Clause Mod: Limit one foe put to sleep
|rule|Species Clause: Limit one of each Pokémon
|rule|OHKO Clause: OHKO moves are banned
|rule|Evasion Moves Clause: Evasion moves are banned
|rule|Endless Battle Clause: Forcing endless battles is banned
|rule|HP Percentage Mod: HP is shown in percentages
|rule|Dynamax Clause: You cannot dynamax
|clearpoke
|poke|p1|Kartana|
|poke|p1|Slowbro, M|
|poke|p1|Zapdos|
|poke|p1|Buzzwole|
|poke|p1|Gastrodon-East, F|
|poke|p1|Tyranitar, M|
|poke|p2|Aegislash, F|
|poke|p2|Garchomp, F|
|poke|p2|Mandibuzz, F|
|poke|p2|Ferrothorn, M|
|poke|p2|Buzzwole|
|poke|p2|Tapu Lele|
|teampreview
|inactive|Battle timer is ON: inactive players will automatically lose when time's up. (requested by Stunfisk2140)
|inactive|Stunfisk2140 has 120 seconds left.
|inactive|Stunfisk2140 has 90 seconds left.
|
|t:|1645889442
|start
|switch|p1a: Zapdos|Zapdos|100/100
|switch|p2a: Pain|Ferrothorn, M|100/100
|turn|1
|
|t:|1645889456
|switch|p2a: Kisame|Garchomp, F|100/100
|move|p1a: Zapdos|Volt Switch|p2a: Kisame
|-immune|p2a: Kisame
|
|upkeep
|turn|2
|
|t:|1645889463
|switch|p1a: Buzzwole|Buzzwole|100/100
|move|p2a: Kisame|Stealth Rock|p1a: Buzzwole
|-sidestart|p1: cxcould|move: Stealth Rock
|
|upkeep
|turn|3
|
|t:|1645889471
|switch|p2a: Hexcalibur|Aegislash, F, shiny|100/100
|move|p1a: Buzzwole|Ice Punch|p2a: Hexcalibur
|-resisted|p2a: Hexcalibur
|-damage|p2a: Hexcalibur|89/100
|
|upkeep
|turn|4
|
|t:|1645889500
|switch|p1a: Tyranitar|Tyranitar, M|100/100
|-damage|p1a: Tyranitar|88/100|[from] Stealth Rock
|-weather|Sandstorm|[from] ability: Sand Stream|[of] p1a: Tyranitar
|-formechange|p2a: Hexcalibur|Aegislash-Blade||[from] ability: Stance Change
|move|p2a: Hexcalibur|Close Combat|p1a: Tyranitar
|-supereffective|p1a: Tyranitar
|-damage|p1a: Tyranitar|0 fnt
|-unboost|p2a: Hexcalibur|def|1
|-unboost|p2a: Hexcalibur|spd|1
|faint|p1a: Tyranitar
|
|-weather|Sandstorm|[upkeep]
|upkeep
|
|t:|1645889515
|switch|p1a: Kartana|Kartana|100/100
|-damage|p1a: Kartana|94/100|[from] Stealth Rock
|turn|5
|
|t:|1645889521
|switch|p2a: NachoThighJuice|Buzzwole, shiny|100/100
|move|p1a: Kartana|Knock Off|p2a: NachoThighJuice
|-resisted|p2a: NachoThighJuice
|-damage|p2a: NachoThighJuice|91/100
|-damage|p1a: Kartana|78/100|[from] item: Rocky Helmet|[of] p2a: NachoThighJuice
|-enditem|p2a: NachoThighJuice|Rocky Helmet|[from] move: Knock Off|[of] p1a: Kartana
|
|-weather|Sandstorm|[upkeep]
|-damage|p2a: NachoThighJuice|85/100|[from] Sandstorm
|-heal|p1a: Kartana|84/100|[from] item: Leftovers
|upkeep
|turn|6
|
|t:|1645889539
|switch|p1a: Slowbro|Slowbro, M|100/100
|-damage|p1a: Slowbro|88/100|[from] Stealth Rock
|switch|p2a: Hexcalibur|Aegislash, F, shiny|89/100
|
|-weather|Sandstorm|[upkeep]
|-damage|p1a: Slowbro|82/100|[from] Sandstorm
|upkeep
|turn|7
|
|t:|1645889547
|-formechange|p2a: Hexcalibur|Aegislash-Blade||[from] ability: Stance Change
|move|p2a: Hexcalibur|Shadow Ball|p1a: Slowbro
|-supereffective|p1a: Slowbro
|-damage|p1a: Slowbro|0 fnt
|faint|p1a: Slowbro
|
|-weather|Sandstorm|[upkeep]
|upkeep
|-message|cxcould forfeited.
|
|win|Stunfisk2140
|raw|cxcould's rating: 1489 &rarr; <strong>1472</strong><br />(-17 for losing)
|raw|Stunfisk2140's rating: 1548 &rarr; <strong>1565</strong><br />(+17 for winning)
|j| fruityiscool423
|l|☆cxcould
|j|☆cxcould
|player|p1|cxcould|dawn
|l|☆cxcould
|player|p1|
|l| fruityiscool423
||Ladder isn't responding, score probably updated but might not have (Request timeout).
