|html|<div class="broadcast-blue"><strong>[Gen 8] OU is currently suspecting Melmetal! For information on how to participate check out the <a href="https://www.smogon.com/forums/threads/np-ss-ou-suspect-process-round-12-monster-mash.3709234/">suspect thread</a>.</strong></div>
|j|☆HQSNonsense
|j|☆minimax_ai
|t:|1666340683
|gametype|singles
|player|p1|HQSNonsense|veteranf|1527
|player|p2|minimax_ai|lusamine-nihilego|1563
|teamsize|p1|6
|teamsize|p2|6
|gen|8
|tier|[Gen 8] OU
|rated|
|rule|Sleep Clause Mod: Limit one foe put to sleep
|rule|Species Clause: Limit one of each Pokémon
|rule|OHKO Clause: OHKO moves are banned
|rule|Evasion Items Clause: Evasion items are banned
|rule|Evasion Moves Clause: Evasion moves are banned
|rule|Endless Battle Clause: Forcing endless battles is banned
|rule|HP Percentage Mod: HP is shown in percentages
|rule|Dynamax Clause: You cannot dynamax
|clearpoke
|poke|p1|Dragapult, F|
|poke|p1|Weavile, F|
|poke|p1|Rillaboom, M|
|poke|p1|Nihilego|
|poke|p1|Garchomp, M|
|poke|p1|Celesteela|
|poke|p2|Rotom-Wash|
|poke|p2|Weavile, M|
|poke|p2|Landorus-Therian, M|
|poke|p2|Heatran, M|
|poke|p2|Tangrowth, F|
|poke|p2|Melmetal|
|teampreview
|c|☆minimax_ai|hf
|inactive|Battle timer is ON: inactive players will automatically lose when time's up. (requested by minimax_ai)
|
|t:|1666340692
|start
|switch|p1a: Garchomp|Garchomp, M|100/100
|switch|p2a: Melmetal|Melmetal|100/100
|turn|1
|
|t:|1666340695
|move|p1a: Garchomp|Stealth Rock|p2a: Melmetal
|-sidestart|p2: minimax_ai|move: Stealth Rock
|move|p2a: Melmetal|Ice Punch|p1a: Garchomp
|-supereffective|p1a: Garchomp
|-damage|p1a: Garchomp|0 fnt
|-damage|p2a: Melmetal|88/100|[from] ability: Rough Skin|[of] p1a: Garchomp
|faint|p1a: Garchomp
|
|upkeep
|
|t:|1666340709
|switch|p1a: Weavile|Weavile, F|100/100
|-ability|p1a: Weavile|Pressure
|turn|2
|
|t:|1666340712
|move|p1a: Weavile|Swords Dance|p1a: Weavile
|-boost|p1a: Weavile|atk|2
|move|p2a: Melmetal|Double Iron Bash|p1a: Weavile
|-supereffective|p1a: Weavile
|-damage|p1a: Weavile|0 fnt
|faint|p1a: Weavile
|-hitcount|p1: Weavile|1
|
|upkeep
|
|t:|1666340717
|switch|p1a: Celesteela|Celesteela|100/100
|turn|3
|
|t:|1666340720
|move|p1a: Celesteela|Flamethrower|p2a: Melmetal
|-supereffective|p2a: Melmetal
|-damage|p2a: Melmetal|57/100
|move|p2a: Melmetal|Thunder Punch|p1a: Celesteela
|-supereffective|p1a: Celesteela
|-damage|p1a: Celesteela|30/100
|-status|p1a: Celesteela|par
|
|upkeep
|turn|4
|
|t:|1666340724
|move|p1a: Celesteela|Flamethrower|p2a: Melmetal
|-supereffective|p2a: Melmetal
|-damage|p2a: Melmetal|25/100
|move|p2a: Melmetal|Double Iron Bash|p1a: Celesteela
|-resisted|p1a: Celesteela
|-damage|p1a: Celesteela|11/100 par
|-resisted|p1a: Celesteela
|-damage|p1a: Celesteela|0 fnt
|faint|p1a: Celesteela
|-hitcount|p1: Celesteela|2
|
|upkeep
|
|t:|1666340728
|switch|p1a: Rillaboom|Rillaboom, M|100/100
|-fieldstart|move: Grassy Terrain|[from] ability: Grassy Surge|[of] p1a: Rillaboom
|turn|5
|
|t:|1666340730
|switch|p2a: Tangrowth|Tangrowth, F|100/100
|-damage|p2a: Tangrowth|88/100|[from] Stealth Rock
|move|p1a: Rillaboom|Swords Dance|p1a: Rillaboom
|-boost|p1a: Rillaboom|atk|2
|
|-heal|p2a: Tangrowth|94/100|[from] Grassy Terrain
|upkeep
|turn|6
|
|t:|1666340733
|move|p1a: Rillaboom|Swords Dance|p1a: Rillaboom
|-boost|p1a: Rillaboom|atk|2
|move|p2a: Tangrowth|Giga Drain|p1a: Rillaboom
|-resisted|p1a: Rillaboom
|-damage|p1a: Rillaboom|76/100
|-heal|p2a: Tangrowth|100/100|[from] drain|[of] p1a: Rillaboom
|
|-heal|p1a: Rillaboom|82/100|[from] Grassy Terrain
|upkeep
|turn|7
|
|t:|1666340736
|move|p1a: Rillaboom|Swords Dance|p1a: Rillaboom
|-boost|p1a: Rillaboom|atk|2
|move|p2a: Tangrowth|Giga Drain|p1a: Rillaboom
|-resisted|p1a: Rillaboom
|-damage|p1a: Rillaboom|57/100
|
|-heal|p1a: Rillaboom|64/100|[from] Grassy Terrain
|upkeep
|turn|8
|
|t:|1666340742
|switch|p2a: Melmetal|Melmetal|25/100
|-damage|p2a: Melmetal|18/100|[from] Stealth Rock
|move|p1a: Rillaboom|Drain Punch|p2a: Melmetal
|-supereffective|p2a: Melmetal
|-damage|p2a: Melmetal|0 fnt
|-heal|p1a: Rillaboom|75/100|[from] drain|[of] p2a: Melmetal
|faint|p2a: Melmetal
|-damage|p1a: Rillaboom|65/100|[from] item: Life Orb
|
|-heal|p1a: Rillaboom|71/100|[from] Grassy Terrain
|upkeep
|
|t:|1666340742
|switch|p2a: Heatran|Heatran, M|100/100
|-damage|p2a: Heatran|88/100|[from] Stealth Rock
|-item|p2a: Heatran|Air Balloon
|turn|9
|
|t:|1666340745
|move|p1a: Rillaboom|Drain Punch|p2a: Heatran
|-supereffective|p2a: Heatran
|-damage|p2a: Heatran|0 fnt
|-heal|p1a: Rillaboom|100/100|[from] drain|[of] p2a: Heatran
|-enditem|p2a: Heatran|Air Balloon
|faint|p2a: Heatran
|-damage|p1a: Rillaboom|91/100|[from] item: Life Orb
|
|-heal|p1a: Rillaboom|97/100|[from] Grassy Terrain
|-fieldend|move: Grassy Terrain
|upkeep
|
|t:|1666340745
|switch|p2a: Weavile|Weavile, M|100/100
|-damage|p2a: Weavile|76/100|[from] Stealth Rock
|-ability|p2a: Weavile|Pressure
|turn|10
|
|t:|1666340754
|move|p2a: Weavile|Triple Axel|p1a: Rillaboom
|-supereffective|p1a: Rillaboom
|-damage|p1a: Rillaboom|65/100
|-supereffective|p1a: Rillaboom
|-damage|p1a: Rillaboom|5/100
|-supereffective|p1a: Rillaboom
|-damage|p1a: Rillaboom|0 fnt
|faint|p1a: Rillaboom
|-hitcount|p1: Rillaboom|3
|
|upkeep
|
|t:|1666340759
|switch|p1a: Nihilego|Nihilego|100/100
|turn|11
|
|t:|1666340762
|move|p2a: Weavile|Triple Axel|p1a: Nihilego
|-damage|p1a: Nihilego|76/100
|-damage|p1a: Nihilego|25/100
|-crit|p1a: Nihilego
|-damage|p1a: Nihilego|0 fnt
|faint|p1a: Nihilego
|-hitcount|p1: Nihilego|3
|
|upkeep
|
|t:|1666340767
|switch|p1a: Dragapult|Dragapult, F|100/100
|turn|12
|
|t:|1666340771
|switch|p2a: landorustherian|Landorus-Therian, M|100/100
|-damage|p2a: landorustherian|88/100|[from] Stealth Rock
|-ability|p2a: landorustherian|Intimidate|boost
|-fail|p1a: Dragapult|unboost|[from] ability: Clear Body|[of] p1a: Dragapult
|move|p1a: Dragapult|Dragon Dance|p1a: Dragapult
|-boost|p1a: Dragapult|atk|1
|-boost|p1a: Dragapult|spe|1
|
|-heal|p2a: landorustherian|94/100|[from] item: Leftovers
|upkeep
|turn|13
|
|t:|1666340782
|switch|p2a: Weavile|Weavile, M|76/100
|-damage|p2a: Weavile|51/100|[from] Stealth Rock
|-ability|p2a: Weavile|Pressure
|move|p1a: Dragapult|Dragon Dance|p1a: Dragapult
|-boost|p1a: Dragapult|atk|1
|-boost|p1a: Dragapult|spe|1
|
|upkeep
|turn|14
|
|t:|1666340788
|move|p2a: Weavile|Ice Shard|p1a: Dragapult
|-supereffective|p1a: Dragapult
|-damage|p1a: Dragapult|29/100
|move|p1a: Dragapult|Dragon Darts|p2a: Weavile
|-damage|p2a: Weavile|0 fnt
|faint|p2a: Weavile
|
|-heal|p1a: Dragapult|35/100|[from] item: Leftovers
|upkeep
|
|t:|1666340788
|switch|p2a: Tangrowth|Tangrowth, F|100/100
|-damage|p2a: Tangrowth|88/100|[from] Stealth Rock
|turn|15
|
|t:|1666340794
|move|p1a: Dragapult|Substitute|p1a: Dragapult
|-start|p1a: Dragapult|Substitute
|-damage|p1a: Dragapult|10/100
|move|p2a: Tangrowth|Knock Off|p1a: Dragapult
|-supereffective|p1a: Dragapult
|-end|p1a: Dragapult|Substitute
|
|-heal|p1a: Dragapult|16/100|[from] item: Leftovers
|upkeep
|turn|16
|
|t:|1666340797
|move|p1a: Dragapult|Dragon Darts|p2a: Tangrowth
|-damage|p2a: Tangrowth|62/100
|-anim|p1a: Dragapult|Dragon Darts|p2a: Tangrowth
|-damage|p2a: Tangrowth|35/100
|move|p2a: Tangrowth|Giga Drain|p1a: Dragapult
|-resisted|p1a: Dragapult
|-damage|p1a: Dragapult|0 fnt
|-heal|p2a: Tangrowth|42/100|[from] drain|[of] p1a: Dragapult
|faint|p1a: Dragapult
|
|win|minimax_ai
|raw|HQSNonsense's rating: 1527 &rarr; <strong>1509</strong><br />(-18 for losing)
|raw|minimax_ai's rating: 1563 &rarr; <strong>1581</strong><br />(+18 for winning)
|c|☆minimax_ai|gg
