|raw|<div class="broadcast-blue"><strong>This battle is required to be public due to a player having a name starting with 'lt93oq'.</div>
|j|☆d18l
|j|☆LT93OQ Somalia
|t:|1660878399
|gametype|singles
|player|p1|d18l|backpacker|1687
|player|p2|LT93OQ Somalia|giovanni-gen1|1697
|teamsize|p1|6
|teamsize|p2|6
|gen|8
|tier|[Gen 8] OU
|rated|
|rule|Sleep Clause Mod: Limit one foe put to sleep
|rule|Species Clause: Limit one of each Pokémon
|rule|OHKO Clause: OHKO moves are banned
|rule|Evasion Items Clause: Evasion items are banned
|rule|Evasion Moves Clause: Evasion moves are banned
|rule|Endless Battle Clause: Forcing endless battles is banned
|rule|HP Percentage Mod: HP is shown in percentages
|rule|Dynamax Clause: You cannot dynamax
|clearpoke
|poke|p1|Tapu Koko|
|poke|p1|Victini|
|poke|p1|Landorus-Therian, M|
|poke|p1|Tornadus-Therian, M|
|poke|p1|Rotom-Wash|
|poke|p1|Ferrothorn, F|
|poke|p2|Mew|
|poke|p2|Weavile, F|
|poke|p2|Kartana|
|poke|p2|Volcarona, F|
|poke|p2|Skarmory, M|
|poke|p2|Garchomp, F|
|teampreview
|inactive|Battle timer is ON: inactive players will automatically lose when time's up. (requested by LT93OQ Somalia)
|inactive|d18l has 120 seconds left.
|
|t:|1660878447
|start
|switch|p1a: Victini|Victini|100/100
|switch|p2a: Skarmory|Skarmory, M|100/100
|turn|1
|
|t:|1660878460
|move|p1a: Victini|Taunt|p2a: Skarmory
|-start|p2a: Skarmory|move: Taunt
|cant|p2a: Skarmory|move: Taunt|Stealth Rock
|
|upkeep
|turn|2
|
|t:|1660878476
|move|p1a: Victini|U-turn|p2a: Skarmory
|-resisted|p2a: Skarmory
|-damage|p2a: Skarmory|96/100
|
|t:|1660878481
|switch|p1a: Rotom|Rotom-Wash|100/100|[from]move: U-turn
|move|p2a: Skarmory|Brave Bird|p1a: Rotom
|-resisted|p1a: Rotom
|-damage|p1a: Rotom|82/100
|-damage|p2a: Skarmory|79/100|[from] item: Rocky Helmet|[of] p1a: Rotom
|-damage|p2a: Skarmory|72/100|[from] Recoil
|
|upkeep
|turn|3
|
|t:|1660878489
|move|p2a: Skarmory|Brave Bird|p1a: Rotom
|-resisted|p1a: Rotom
|-damage|p1a: Rotom|63/100
|-damage|p2a: Skarmory|55/100|[from] item: Rocky Helmet|[of] p1a: Rotom
|-damage|p2a: Skarmory|48/100|[from] Recoil
|move|p1a: Rotom|Volt Switch|p2a: Skarmory
|-supereffective|p2a: Skarmory
|-damage|p2a: Skarmory|0 fnt
|faint|p2a: Skarmory
|
|t:|1660878494
|switch|p1a: Tapu Koko|Tapu Koko|100/100|[from]move: Volt Switch
|-fieldstart|move: Electric Terrain|[from] ability: Electric Surge|[of] p1a: Tapu Koko
|
|upkeep
|j| Mimikyu Stardust
|
|t:|1660878509
|switch|p2a: Garchomp|Garchomp, F|100/100
|turn|4
|
|t:|1660878513
|move|p1a: Tapu Koko|Dazzling Gleam|p2a: Garchomp
|-supereffective|p2a: Garchomp
|-damage|p2a: Garchomp|0 fnt
|faint|p2a: Garchomp
|
|upkeep
|
|t:|1660878518
|switch|p2a: Volcarona|Volcarona, F|100/100
|turn|5
|
|t:|1660878521
|switch|p1a: Landorus|Landorus-Therian, M|100/100
|-ability|p1a: Landorus|Intimidate|boost
|-unboost|p2a: Volcarona|atk|1
|move|p2a: Volcarona|Quiver Dance|p2a: Volcarona
|-boost|p2a: Volcarona|spa|1
|-boost|p2a: Volcarona|spd|1
|-boost|p2a: Volcarona|spe|1
|
|upkeep
|turn|6
|
|t:|1660878523
|move|p2a: Volcarona|Quiver Dance|p2a: Volcarona
|-boost|p2a: Volcarona|spa|1
|-boost|p2a: Volcarona|spd|1
|-boost|p2a: Volcarona|spe|1
|move|p1a: Landorus|Toxic|p2a: Volcarona
|-status|p2a: Volcarona|tox
|
|-damage|p2a: Volcarona|94/100 tox|[from] psn
|upkeep
|turn|7
|
|t:|1660878529
|move|p2a: Volcarona|Bug Buzz|p1a: Landorus
|-resisted|p1a: Landorus
|-damage|p1a: Landorus|57/100
|move|p1a: Landorus|Earthquake|p2a: Volcarona
|-damage|p2a: Volcarona|17/100 tox
|
|-heal|p1a: Landorus|63/100|[from] item: Leftovers
|-damage|p2a: Volcarona|5/100 tox|[from] psn
|-fieldend|move: Electric Terrain
|upkeep
|turn|8
|
|t:|1660878547
|move|p2a: Volcarona|Flamethrower|p1a: Landorus
|-damage|p1a: Landorus|0 fnt
|faint|p1a: Landorus
|
|-damage|p2a: Volcarona|0 fnt|[from] psn
|faint|p2a: Volcarona
|upkeep
|
|t:|1660878556
|switch|p2a: Kartana|Kartana|100/100
|switch|p1a: Tapu Koko|Tapu Koko|100/100
|-fieldstart|move: Electric Terrain|[from] ability: Electric Surge|[of] p1a: Tapu Koko
|turn|9
|
|t:|1660878561
|switch|p1a: Tornadus|Tornadus-Therian, M|100/100
|move|p2a: Kartana|Swords Dance|p2a: Kartana
|-boost|p2a: Kartana|atk|2
|
|upkeep
|turn|10
|
|t:|1660878565
|move|p1a: Tornadus|Heat Wave|p2a: Kartana
|-supereffective|p2a: Kartana
|-damage|p2a: Kartana|0 fnt
|faint|p2a: Kartana
|
|upkeep
|l| Mimikyu Stardust
|
|t:|1660878567
|switch|p2a: Mew|Mew|100/100
|turn|11
|
|t:|1660878574
|switch|p1a: Victini|Victini|100/100
|move|p2a: Mew|Calm Mind|p2a: Mew
|-boost|p2a: Mew|spa|1
|-boost|p2a: Mew|spd|1
|
|upkeep
|turn|12
|j| Mimikyu Stardust
|
|t:|1660878589
|switch|p2a: Weavile|Weavile, F|100/100
|move|p1a: Victini|Taunt|p2a: Weavile
|-start|p2a: Weavile|move: Taunt
|
|upkeep
|turn|13
|
|t:|1660878610
|switch|p1a: Rotom|Rotom-Wash|63/100
|move|p2a: Weavile|Knock Off|p1a: Rotom
|-damage|p1a: Rotom|23/100
|-damage|p2a: Weavile|84/100|[from] item: Rocky Helmet|[of] p1a: Rotom
|-enditem|p1a: Rotom|Rocky Helmet|[from] move: Knock Off|[of] p2a: Weavile
|
|-fieldend|move: Electric Terrain
|upkeep
|turn|14
|
|t:|1660878616
|move|p2a: Weavile|Knock Off|p1a: Rotom
|-damage|p1a: Rotom|0 fnt
|faint|p1a: Rotom
|
|-end|p2a: Weavile|move: Taunt
|upkeep
|
|t:|1660878620
|switch|p1a: Tapu Koko|Tapu Koko|100/100
|-fieldstart|move: Electric Terrain|[from] ability: Electric Surge|[of] p1a: Tapu Koko
|turn|15
|inactive|LT93OQ Somalia has 120 seconds left.
|inactive|d18l has 120 seconds left.
|
|t:|1660878673
|move|p1a: Tapu Koko|Volt Switch|p2a: Weavile
|-damage|p2a: Weavile|5/100
|
|t:|1660878676
|switch|p1a: Tornadus|Tornadus-Therian, M|100/100|[from]move: Volt Switch
|move|p2a: Weavile|Triple Axel|p1a: Tornadus|[miss]
|-miss|p2a: Weavile|p1a: Tornadus
|
|upkeep
|turn|16
|inactive|LT93OQ Somalia has 120 seconds left.
|
|t:|1660878686
|move|p2a: Weavile|Triple Axel|p1a: Tornadus
|-supereffective|p1a: Tornadus
|-damage|p1a: Tornadus|78/100
|-supereffective|p1a: Tornadus
|-damage|p1a: Tornadus|40/100
|-supereffective|p1a: Tornadus
|-damage|p1a: Tornadus|0 fnt
|faint|p1a: Tornadus
|-hitcount|p1: Tornadus|3
|
|upkeep
|
|t:|1660878700
|switch|p1a: Tapu Koko|Tapu Koko|100/100
|turn|17
|-message|LT93OQ Somalia forfeited.
|
|win|d18l
|raw|d18l's rating: 1687 &rarr; <strong>1708</strong><br />(+21 for winning)
|raw|LT93OQ Somalia's rating: 1697 &rarr; <strong>1676</strong><br />(-21 for losing)
|l|☆LT93OQ Somalia
|l| Mimikyu Stardust
