|j|☆luoky
|j|☆grasssoul
|t:|1667106016
|gametype|singles
|player|p1|luoky|iris-gen5bw2|1319
|player|p2|grasssoul|266|1234
|teamsize|p1|6
|teamsize|p2|6
|gen|8
|tier|[Gen 8] OU
|rated|
|rule|Sleep Clause Mod: Limit one foe put to sleep
|rule|Species Clause: Limit one of each Pokémon
|rule|OHKO Clause: OHKO moves are banned
|rule|Evasion Items Clause: Evasion items are banned
|rule|Evasion Moves Clause: Evasion moves are banned
|rule|Endless Battle Clause: Forcing endless battles is banned
|rule|HP Percentage Mod: HP is shown in percentages
|rule|Dynamax Clause: You cannot dynamax
|clearpoke
|poke|p1|Slowking-Galar, M|
|poke|p1|Urshifu-*, M|
|poke|p1|Corviknight, F|
|poke|p1|Gastrodon, F|
|poke|p1|Clefable, F|
|poke|p1|Weavile, F|
|poke|p2|Landorus-Therian, M|
|poke|p2|Heatran, M|
|poke|p2|Dragapult, M|
|poke|p2|Tangrowth, M|
|poke|p2|Slowking-Galar, M|
|poke|p2|Tapu Lele|
|teampreview
|
|t:|1667106048
|start
|switch|p1a: Slowking|Slowking-Galar, M|100/100
|switch|p2a: Dragapult|Dragapult, M|100/100
|turn|1
|
|t:|1667106064
|move|p2a: Dragapult|Phantom Force||[still]
|-prepare|p2a: Dragapult|Phantom Force
|move|p1a: Slowking|Future Sight|p2a: Dragapult
|-start|p1a: Slowking|move: Future Sight
|
|upkeep
|turn|2
|inactive|Battle timer is ON: inactive players will automatically lose when time's up. (requested by grasssoul)
|
|t:|1667106090
|switch|p1a: Corviknight|Corviknight, F|100/100
|-ability|p1a: Corviknight|Pressure
|move|p2a: Dragapult|Phantom Force|p1a: Corviknight|[from]lockedmove
|-damage|p1a: Corviknight|57/100
|
|-heal|p1a: Corviknight|63/100|[from] item: Leftovers
|upkeep
|turn|3
|
|t:|1667106101
|switch|p2a: Heatran|Heatran, M|100/100
|switch|p1a: Gastrodon|Gastrodon, F|100/100
|
|-end|p2a: Heatran|move: Future Sight
|-resisted|p2a: Heatran
|-damage|p2a: Heatran|80/100
|-heal|p2a: Heatran|87/100|[from] item: Leftovers
|upkeep
|turn|4
|
|t:|1667106112
|move|p2a: Heatran|Protect|p2a: Heatran
|-singleturn|p2a: Heatran|Protect
|move|p1a: Gastrodon|Earthquake|p2a: Heatran
|-activate|p2a: Heatran|move: Protect
|
|-heal|p2a: Heatran|93/100|[from] item: Leftovers
|upkeep
|turn|5
|
|t:|1667106121
|switch|p2a: Tangrowth|Tangrowth, M|100/100
|move|p1a: Gastrodon|Scald|p2a: Tangrowth
|-resisted|p2a: Tangrowth
|-damage|p2a: Tangrowth|81/100
|
|upkeep
|turn|6
|
|t:|1667106129
|switch|p1a: Slowking|Slowking-Galar, M|100/100
|move|p2a: Tangrowth|Knock Off|p1a: Slowking
|-supereffective|p1a: Slowking
|-damage|p1a: Slowking|55/100
|-enditem|p1a: Slowking|Assault Vest|[from] move: Knock Off|[of] p2a: Tangrowth
|
|upkeep
|turn|7
|
|t:|1667106141
|switch|p2a: Slowking|Slowking-Galar, M|100/100
|move|p1a: Slowking|Future Sight|p2a: Slowking
|-start|p1a: Slowking|move: Future Sight
|
|upkeep
|turn|8
|
|t:|1667106151
|switch|p1a: Gastrodon|Gastrodon, F|100/100
|move|p2a: Slowking|Future Sight|p1a: Gastrodon
|-start|p2a: Slowking|move: Future Sight
|
|upkeep
|turn|9
|
|t:|1667106164
|move|p1a: Gastrodon|Scald|p2a: Slowking
|-damage|p2a: Slowking|90/100
|move|p2a: Slowking|Ice Beam|p1a: Gastrodon
|-damage|p1a: Gastrodon|85/100
|
|-end|p2a: Slowking|move: Future Sight
|-damage|p2a: Slowking|66/100
|-heal|p1a: Gastrodon|92/100|[from] item: Leftovers
|upkeep
|turn|10
|
|t:|1667106176
|switch|p1a: Corviknight|Corviknight, F|63/100
|-ability|p1a: Corviknight|Pressure
|switch|p2a: Tangrowth|Tangrowth, M|100/100
|
|-end|p1a: Corviknight|move: Future Sight
|-resisted|p1a: Corviknight
|-damage|p1a: Corviknight|42/100
|-heal|p1a: Corviknight|49/100|[from] item: Leftovers
|upkeep
|turn|11
|
|t:|1667106184
|move|p1a: Corviknight|Roost|p1a: Corviknight
|-heal|p1a: Corviknight|99/100
|-singleturn|p1a: Corviknight|move: Roost
|move|p2a: Tangrowth|Knock Off|p1a: Corviknight
|-damage|p1a: Corviknight|84/100
|-enditem|p1a: Corviknight|Leftovers|[from] move: Knock Off|[of] p2a: Tangrowth
|
|upkeep
|turn|12
|
|t:|1667106194
|move|p1a: Corviknight|U-turn|p2a: Tangrowth
|-supereffective|p2a: Tangrowth
|-damage|p2a: Tangrowth|85/100
|-damage|p1a: Corviknight|67/100|[from] item: Rocky Helmet|[of] p2a: Tangrowth
|
|t:|1667106200
|switch|p1a: Weavile|Weavile, F|100/100|[from]move: U-turn
|-ability|p1a: Weavile|Pressure
|move|p2a: Tangrowth|Knock Off|p1a: Weavile
|-resisted|p1a: Weavile
|-damage|p1a: Weavile|80/100
|-enditem|p1a: Weavile|Heavy-Duty Boots|[from] move: Knock Off|[of] p2a: Tangrowth
|
|upkeep
|turn|13
|
|t:|1667106210
|move|p1a: Weavile|Swords Dance|p1a: Weavile
|-boost|p1a: Weavile|atk|2
|move|p2a: Tangrowth|Focus Blast|p1a: Weavile|[miss]
|-miss|p2a: Tangrowth|p1a: Weavile
|
|upkeep
|turn|14
|
|t:|1667106231
|switch|p2a: Landorus|Landorus-Therian, M|100/100
|-ability|p2a: Landorus|Intimidate|boost
|-unboost|p1a: Weavile|atk|1
|move|p1a: Weavile|Triple Axel|p2a: Landorus
|-supereffective|p2a: Landorus
|-damage|p2a: Landorus|36/100
|-supereffective|p2a: Landorus
|-damage|p2a: Landorus|0 fnt
|faint|p2a: Landorus
|-hitcount|p2: Landorus|2
|
|upkeep
|
|t:|1667106237
|switch|p2a: Tapu Lele|Tapu Lele|100/100
|-fieldstart|move: Psychic Terrain|[from] ability: Psychic Surge|[of] p2a: Tapu Lele
|turn|15
|
|t:|1667106242
|move|p2a: Tapu Lele|Moonblast|p1a: Weavile
|-supereffective|p1a: Weavile
|-damage|p1a: Weavile|0 fnt
|faint|p1a: Weavile
|
|upkeep
|
|t:|1667106248
|switch|p1a: Slowking|Slowking-Galar, M|89/100
|turn|16
|
|t:|1667106252
|switch|p2a: Slowking|Slowking-Galar, M|99/100
|move|p1a: Slowking|Future Sight|p2a: Slowking
|-start|p1a: Slowking|move: Future Sight
|
|upkeep
|turn|17
|
|t:|1667106258
|switch|p1a: Urshifu|Urshifu-Rapid-Strike, M|100/100
|move|p2a: Slowking|Future Sight|p1a: Urshifu
|-start|p2a: Slowking|move: Future Sight
|
|upkeep
|turn|18
|
|t:|1667106270
|move|p1a: Urshifu|U-turn|p2a: Slowking
|-damage|p2a: Slowking|60/100
|
|t:|1667106280
|switch|p1a: Gastrodon|Gastrodon, F|92/100|[from]move: U-turn
|move|p2a: Slowking|Sludge Bomb|p1a: Gastrodon
|-resisted|p1a: Gastrodon
|-damage|p1a: Gastrodon|80/100
|
|-end|p2a: Slowking|move: Future Sight
|-damage|p2a: Slowking|29/100
|-heal|p1a: Gastrodon|86/100|[from] item: Leftovers
|upkeep
|turn|19
|
|t:|1667106290
|switch|p2a: Tangrowth|Tangrowth, M|100/100
|move|p1a: Gastrodon|Toxic|p2a: Tangrowth
|-status|p2a: Tangrowth|tox
|
|-end|p1a: Gastrodon|move: Future Sight
|-damage|p1a: Gastrodon|48/100
|-heal|p1a: Gastrodon|54/100|[from] item: Leftovers
|-damage|p2a: Tangrowth|94/100 tox|[from] psn
|-fieldend|move: Psychic Terrain
|upkeep
|turn|20
|
|t:|1667106302
|switch|p2a: Heatran|Heatran, M|93/100
|switch|p1a: Slowking|Slowking-Galar, M|100/100
|
|-heal|p2a: Heatran|99/100|[from] item: Leftovers
|upkeep
|turn|21
|
|t:|1667106313
|move|p2a: Heatran|Magma Storm|p1a: Slowking
|-damage|p1a: Slowking|65/100
|-activate|p1a: Slowking|move: Magma Storm|[of] p2a: Heatran
|move|p1a: Slowking|Future Sight|p2a: Heatran
|-start|p1a: Slowking|move: Future Sight
|
|-heal|p2a: Heatran|100/100|[from] item: Leftovers
|-damage|p1a: Slowking|52/100|[from] move: Magma Storm|[partiallytrapped]
|upkeep
|turn|22
|
|t:|1667106319
|move|p2a: Heatran|Earth Power|p1a: Slowking
|-supereffective|p1a: Slowking
|-damage|p1a: Slowking|11/100
|-unboost|p1a: Slowking|spd|1
|move|p1a: Slowking|Brick Break|p2a: Heatran
|-supereffective|p2a: Heatran
|-damage|p2a: Heatran|79/100
|
|-heal|p2a: Heatran|85/100|[from] item: Leftovers
|-damage|p1a: Slowking|0 fnt|[from] move: Magma Storm|[partiallytrapped]
|faint|p1a: Slowking
|upkeep
|
|t:|1667106329
|switch|p1a: Urshifu|Urshifu-Rapid-Strike, M|100/100
|turn|23
|
|t:|1667106333
|switch|p2a: Tangrowth|Tangrowth, M|100/100 tox
|move|p1a: Urshifu|Surging Strikes|p2a: Tangrowth
|-resisted|p2a: Tangrowth
|-crit|p2a: Tangrowth
|-damage|p2a: Tangrowth|92/100 tox
|-damage|p1a: Urshifu|84/100|[from] item: Rocky Helmet|[of] p2a: Tangrowth
|-resisted|p2a: Tangrowth
|-crit|p2a: Tangrowth
|-damage|p2a: Tangrowth|84/100 tox
|-damage|p1a: Urshifu|68/100|[from] item: Rocky Helmet|[of] p2a: Tangrowth
|-resisted|p2a: Tangrowth
|-crit|p2a: Tangrowth
|-damage|p2a: Tangrowth|76/100 tox
|-damage|p1a: Urshifu|51/100|[from] item: Rocky Helmet|[of] p2a: Tangrowth
|-hitcount|p2a: Tangrowth|3
|
|-end|p2a: Tangrowth|move: Future Sight
|-damage|p2a: Tangrowth|0 fnt
|faint|p2a: Tangrowth
|upkeep
|
|t:|1667106362
|switch|p2a: Dragapult|Dragapult, M|100/100
|turn|24
|
|t:|1667106369
|switch|p1a: Gastrodon|Gastrodon, F|54/100
|move|p2a: Dragapult|Dragon Darts|p1a: Gastrodon
|-damage|p1a: Gastrodon|13/100
|-anim|p2a: Dragapult|Dragon Darts|p1a: Gastrodon
|-damage|p1a: Gastrodon|0 fnt
|faint|p1a: Gastrodon
|
|upkeep
|
|t:|1667106376
|switch|p1a: Clefable|Clefable, F|100/100
|turn|25
|
|t:|1667106383
|switch|p2a: Slowking|Slowking-Galar, M|62/100
|switch|p1a: Urshifu|Urshifu-Rapid-Strike, M|51/100
|
|upkeep
|turn|26
|
|t:|1667106393
|move|p1a: Urshifu|Surging Strikes|p2a: Slowking
|-crit|p2a: Slowking
|-damage|p2a: Slowking|33/100
|-crit|p2a: Slowking
|-damage|p2a: Slowking|1/100
|-crit|p2a: Slowking
|-damage|p2a: Slowking|0 fnt
|faint|p2a: Slowking
|-hitcount|p2: Slowking|3
|
|upkeep
|
|t:|1667106407
|switch|p2a: Dragapult|Dragapult, M|100/100
|turn|27
|
|t:|1667106410
|switch|p1a: Clefable|Clefable, F|100/100
|move|p2a: Dragapult|U-turn|p1a: Clefable
|-resisted|p1a: Clefable
|-damage|p1a: Clefable|88/100
|
|t:|1667106418
|switch|p2a: Tapu Lele|Tapu Lele|100/100|[from]move: U-turn
|-fieldstart|move: Psychic Terrain|[from] ability: Psychic Surge|[of] p2a: Tapu Lele
|
|upkeep
|turn|28
|
|t:|1667106427
|move|p2a: Tapu Lele|Psyshock|p1a: Clefable
|-damage|p1a: Clefable|46/100
|move|p1a: Clefable|Stealth Rock|p2a: Tapu Lele
|-sidestart|p2: grasssoul|move: Stealth Rock
|
|upkeep
|turn|29
|
|t:|1667106430
|move|p2a: Tapu Lele|Psyshock|p1a: Clefable
|-damage|p1a: Clefable|5/100
|move|p1a: Clefable|Soft-Boiled|p1a: Clefable
|-heal|p1a: Clefable|55/100
|
|upkeep
|turn|30
|
|t:|1667106433
|move|p2a: Tapu Lele|Psyshock|p1a: Clefable
|-damage|p1a: Clefable|10/100
|move|p1a: Clefable|Soft-Boiled|p1a: Clefable
|-heal|p1a: Clefable|60/100
|
|upkeep
|turn|31
|
|t:|1667106436
|move|p2a: Tapu Lele|Psyshock|p1a: Clefable
|-damage|p1a: Clefable|20/100
|move|p1a: Clefable|Soft-Boiled|p1a: Clefable
|-heal|p1a: Clefable|70/100
|
|-fieldend|move: Psychic Terrain
|upkeep
|turn|32
|
|t:|1667106440
|switch|p2a: Heatran|Heatran, M|85/100
|-damage|p2a: Heatran|73/100|[from] Stealth Rock
|move|p1a: Clefable|Soft-Boiled|p1a: Clefable
|-heal|p1a: Clefable|100/100
|
|-heal|p2a: Heatran|79/100|[from] item: Leftovers
|upkeep
|turn|33
|
|t:|1667106445
|switch|p1a: Corviknight|Corviknight, F|67/100
|-ability|p1a: Corviknight|Pressure
|move|p2a: Heatran|Magma Storm|p1a: Corviknight
|-supereffective|p1a: Corviknight
|-damage|p1a: Corviknight|0 fnt
|faint|p1a: Corviknight
|
|-heal|p2a: Heatran|85/100|[from] item: Leftovers
|upkeep
|
|t:|1667106456
|switch|p1a: Urshifu|Urshifu-Rapid-Strike, M|51/100
|turn|34
|
|t:|1667106462
|move|p1a: Urshifu|Surging Strikes|p2a: Heatran
|-supereffective|p2a: Heatran
|-crit|p2a: Heatran
|-damage|p2a: Heatran|33/100
|-supereffective|p2a: Heatran
|-crit|p2a: Heatran
|-damage|p2a: Heatran|0 fnt
|faint|p2a: Heatran
|-hitcount|p2: Heatran|2
|
|upkeep
|
|t:|1667106465
|switch|p2a: Tapu Lele|Tapu Lele|100/100
|-damage|p2a: Tapu Lele|88/100|[from] Stealth Rock
|-fieldstart|move: Psychic Terrain|[from] ability: Psychic Surge|[of] p2a: Tapu Lele
|turn|35
|
|t:|1667106468
|switch|p1a: Clefable|Clefable, F|100/100
|move|p2a: Tapu Lele|Moonblast|p1a: Clefable
|-damage|p1a: Clefable|55/100
|
|upkeep
|turn|36
|
|t:|1667106475
|switch|p2a: Dragapult|Dragapult, M|100/100
|-damage|p2a: Dragapult|88/100|[from] Stealth Rock
|move|p1a: Clefable|Soft-Boiled|p1a: Clefable
|-heal|p1a: Clefable|100/100
|
|upkeep
|turn|37
|
|t:|1667106479
|move|p2a: Dragapult|Phantom Force||[still]
|-prepare|p2a: Dragapult|Phantom Force
|move|p1a: Clefable|Moonblast|p2a: Dragapult|[miss]
|-miss|p1a: Clefable|p2a: Dragapult
|
|upkeep
|turn|38
|
|t:|1667106481
|move|p2a: Dragapult|Phantom Force|p1a: Clefable|[from]lockedmove
|-damage|p1a: Clefable|46/100
|move|p1a: Clefable|Moonblast|p2a: Dragapult
|-supereffective|p2a: Dragapult
|-damage|p2a: Dragapult|1/100
|
|upkeep
|turn|39
|
|t:|1667106487
|move|p2a: Dragapult|Phantom Force||[still]
|-prepare|p2a: Dragapult|Phantom Force
|move|p1a: Clefable|Soft-Boiled|p1a: Clefable
|-heal|p1a: Clefable|96/100
|
|-fieldend|move: Psychic Terrain
|upkeep
|turn|40
|
|t:|1667106491
|move|p2a: Dragapult|Phantom Force|p1a: Clefable|[from]lockedmove
|-damage|p1a: Clefable|45/100
|move|p1a: Clefable|Moonblast|p2a: Dragapult
|-supereffective|p2a: Dragapult
|-damage|p2a: Dragapult|0 fnt
|faint|p2a: Dragapult
|
|upkeep
|inactive|grasssoul has 120 seconds left.
|
|t:|1667106522
|switch|p2a: Tapu Lele|Tapu Lele|88/100
|-damage|p2a: Tapu Lele|76/100|[from] Stealth Rock
|-fieldstart|move: Psychic Terrain|[from] ability: Psychic Surge|[of] p2a: Tapu Lele
|turn|41
|
|t:|1667106528
|move|p2a: Tapu Lele|Moonblast|p1a: Clefable
|-damage|p1a: Clefable|0 fnt
|faint|p1a: Clefable
|
|upkeep
|
|t:|1667106534
|switch|p1a: Urshifu|Urshifu-Rapid-Strike, M|51/100
|turn|42
|
|t:|1667106537
|move|p2a: Tapu Lele|Moonblast|p1a: Urshifu
|-supereffective|p1a: Urshifu
|-damage|p1a: Urshifu|0 fnt
|faint|p1a: Urshifu
|
|win|grasssoul
|raw|luoky's rating: 1319 &rarr; <strong>1294</strong><br />(-25 for losing)
|raw|grasssoul's rating: 1234 &rarr; <strong>1265</strong><br />(+31 for winning)
|l|☆luoky
