|j|☆RipReckful
|j|☆Manjack
|inactive|Battle timer is ON: inactive players will automatically lose when time's up.
|t:|1644438280
|gametype|singles
|player|p1|RipReckful|lucas|
|player|p2|Manjack|102|
|teamsize|p1|6
|teamsize|p2|6
|gen|8
|tier|[Gen 8] OU
|rated|Tournament battle
|rule|Sleep Clause Mod: Limit one foe put to sleep
|rule|Species Clause: Limit one of each Pokémon
|rule|OHKO Clause: OHKO moves are banned
|rule|Evasion Moves Clause: Evasion moves are banned
|rule|Endless Battle Clause: Forcing endless battles is banned
|rule|HP Percentage Mod: HP is shown in percentages
|rule|Dynamax Clause: You cannot dynamax
|clearpoke
|poke|p1|Hippowdon, M|
|poke|p1|Slowbro, F|
|poke|p1|Toxapex, M|
|poke|p1|Tornadus-Therian, M|
|poke|p1|Zapdos-Galar|
|poke|p1|Dragapult, M|
|poke|p2|Pelipper, M|
|poke|p2|Slowking, M|
|poke|p2|Barraskewda, F|
|poke|p2|Zapdos|
|poke|p2|Ferrothorn, M|
|poke|p2|Swampert, M|
|teampreview
|inactive|RipReckful also wants the timer to be on.
|c|☆Manjack|Glhf
|inactive|RipReckful has 120 seconds left.
|
|t:|1644438329
|start
|switch|p1a: Tornadus|Tornadus-Therian, M|100/100
|switch|p2a: Swampert|Swampert, M|100/100
|turn|1
|
|t:|1644438337
|switch|p2a: Zapdos|Zapdos|100/100
|move|p1a: Tornadus|Knock Off|p2a: Zapdos
|-damage|p2a: Zapdos|79/100
|-enditem|p2a: Zapdos|Heavy-Duty Boots|[from] move: Knock Off|[of] p1a: Tornadus
|
|upkeep
|turn|2
|
|t:|1644438348
|switch|p1a: Hippowdon|Hippowdon, M|100/100
|-weather|Sandstorm|[from] ability: Sand Stream|[of] p1a: Hippowdon
|move|p2a: Zapdos|Hurricane|p1a: Hippowdon
|-damage|p1a: Hippowdon|55/100
|
|-weather|Sandstorm|[upkeep]
|-damage|p2a: Zapdos|73/100|[from] Sandstorm
|-heal|p1a: Hippowdon|61/100|[from] item: Leftovers
|upkeep
|turn|3
|
|t:|1644438367
|switch|p2a: Pelipper|Pelipper, M|100/100
|-weather|RainDance|[from] ability: Drizzle|[of] p2a: Pelipper
|move|p1a: Hippowdon|Slack Off|p1a: Hippowdon
|-heal|p1a: Hippowdon|100/100
|
|-weather|RainDance|[upkeep]
|upkeep
|turn|4
|
|t:|1644438371
|switch|p1a: Toxapex|Toxapex, M|100/100
|move|p2a: Pelipper|Scald|p1a: Toxapex
|-resisted|p1a: Toxapex
|-damage|p1a: Toxapex|87/100
|
|-weather|RainDance|[upkeep]
|-heal|p1a: Toxapex|93/100|[from] item: Black Sludge
|upkeep
|turn|5
|
|t:|1644438383
|move|p2a: Pelipper|U-turn|p1a: Toxapex
|-resisted|p1a: Toxapex
|-damage|p1a: Toxapex|91/100
|
|t:|1644438389
|switch|p2a: Swampert|Swampert, M|100/100|[from]move: U-turn
|move|p1a: Toxapex|Toxic Spikes|p2a: Swampert
|-sidestart|p2: Manjack|move: Toxic Spikes
|
|-weather|RainDance|[upkeep]
|-heal|p1a: Toxapex|97/100|[from] item: Black Sludge
|upkeep
|turn|6
|
|t:|1644438402
|switch|p1a: Tornadus|Tornadus-Therian, M|100/100
|move|p2a: Swampert|Stealth Rock|p1a: Tornadus
|-sidestart|p1: RipReckful|move: Stealth Rock
|
|-weather|RainDance|[upkeep]
|upkeep
|turn|7
|
|t:|1644438409
|switch|p2a: Zapdos|Zapdos|73/100
|move|p1a: Tornadus|Hurricane|p2a: Zapdos
|-resisted|p2a: Zapdos
|-damage|p2a: Zapdos|52/100
|
|-weather|RainDance|[upkeep]
|upkeep
|turn|8
|
|t:|1644438415
|switch|p1a: Hippowdon|Hippowdon, M|100/100
|-damage|p1a: Hippowdon|94/100|[from] Stealth Rock
|-weather|Sandstorm|[from] ability: Sand Stream|[of] p1a: Hippowdon
|move|p2a: Zapdos|Roost|p2a: Zapdos
|-heal|p2a: Zapdos|100/100
|-singleturn|p2a: Zapdos|move: Roost
|
|-weather|Sandstorm|[upkeep]
|-damage|p2a: Zapdos|94/100|[from] Sandstorm
|-heal|p1a: Hippowdon|100/100|[from] item: Leftovers
|upkeep
|turn|9
|
|t:|1644438421
|switch|p2a: Ferrothorn|Ferrothorn, M|100/100
|move|p1a: Hippowdon|Stealth Rock|p2a: Ferrothorn
|-sidestart|p2: Manjack|move: Stealth Rock
|
|-weather|Sandstorm|[upkeep]
|upkeep
|turn|10
|
|t:|1644438425
|switch|p1a: Zapdos|Zapdos-Galar|100/100
|-damage|p1a: Zapdos|88/100|[from] Stealth Rock
|move|p2a: Ferrothorn|Spikes|p1a: Zapdos
|-sidestart|p1: RipReckful|Spikes
|
|-weather|Sandstorm|[upkeep]
|-damage|p1a: Zapdos|82/100|[from] Sandstorm
|upkeep
|turn|11
|
|t:|1644438427
|move|p1a: Zapdos|Brave Bird|p2a: Ferrothorn
|-damage|p2a: Ferrothorn|49/100
|-damage|p1a: Zapdos|69/100|[from] ability: Iron Barbs|[of] p2a: Ferrothorn
|-damage|p1a: Zapdos|51/100|[from] Recoil
|move|p2a: Ferrothorn|Gyro Ball|p1a: Zapdos
|-damage|p1a: Zapdos|0 fnt
|faint|p1a: Zapdos
|
|-weather|Sandstorm|[upkeep]
|upkeep
|
|t:|1644438434
|switch|p1a: Tornadus|Tornadus-Therian, M|100/100
|turn|12
|
|t:|1644438438
|move|p2a: Ferrothorn|Protect|p2a: Ferrothorn
|-singleturn|p2a: Ferrothorn|Protect
|move|p1a: Tornadus|Hurricane|p2a: Ferrothorn
|-activate|p2a: Ferrothorn|move: Protect
|
|-weather|none
|upkeep
|turn|13
|
|t:|1644438445
|switch|p2a: Zapdos|Zapdos|94/100
|-damage|p2a: Zapdos|70/100|[from] Stealth Rock
|move|p1a: Tornadus|Hurricane|p2a: Zapdos|[miss]
|-miss|p1a: Tornadus|p2a: Zapdos
|
|upkeep
|turn|14
|
|t:|1644438464
|move|p1a: Tornadus|Defog|p2a: Zapdos
|-unboost|p2a: Zapdos|evasion|1
|-sideend|p2: Manjack|Toxic Spikes|[from] move: Defog|[of] p1a: Tornadus
|-sideend|p2: Manjack|Stealth Rock|[from] move: Defog|[of] p1a: Tornadus
|-sideend|p1: RipReckful|Spikes|[from] move: Defog|[of] p1a: Tornadus
|-sideend|p1: RipReckful|Stealth Rock|[from] move: Defog|[of] p1a: Tornadus
|move|p2a: Zapdos|Hurricane|p1a: Tornadus|[miss]
|-miss|p2a: Zapdos|p1a: Tornadus
|
|upkeep
|turn|15
|
|t:|1644438470
|switch|p1a: Hippowdon|Hippowdon, M|100/100
|-weather|Sandstorm|[from] ability: Sand Stream|[of] p1a: Hippowdon
|move|p2a: Zapdos|Hurricane|p1a: Hippowdon
|-damage|p1a: Hippowdon|55/100
|
|-weather|Sandstorm|[upkeep]
|-damage|p2a: Zapdos|64/100|[from] Sandstorm
|-heal|p1a: Hippowdon|61/100|[from] item: Leftovers
|upkeep
|turn|16
|
|t:|1644438476
|switch|p2a: Pelipper|Pelipper, M|100/100
|-weather|RainDance|[from] ability: Drizzle|[of] p2a: Pelipper
|move|p1a: Hippowdon|Slack Off|p1a: Hippowdon
|-heal|p1a: Hippowdon|100/100
|
|-weather|RainDance|[upkeep]
|upkeep
|turn|17
|
|t:|1644438480
|switch|p1a: Toxapex|Toxapex, M|100/100
|move|p2a: Pelipper|Scald|p1a: Toxapex
|-resisted|p1a: Toxapex
|-crit|p1a: Toxapex
|-damage|p1a: Toxapex|77/100
|-status|p1a: Toxapex|brn
|
|-weather|RainDance|[upkeep]
|-heal|p1a: Toxapex|83/100 brn|[from] item: Black Sludge
|-damage|p1a: Toxapex|77/100 brn|[from] brn
|upkeep
|turn|18
|
|t:|1644438483
|move|p2a: Pelipper|U-turn|p1a: Toxapex
|-resisted|p1a: Toxapex
|-damage|p1a: Toxapex|75/100 brn
|
|t:|1644438486
|switch|p2a: Swampert|Swampert, M|100/100|[from]move: U-turn
|move|p1a: Toxapex|Knock Off|p2a: Swampert
|-damage|p2a: Swampert|94/100
|-enditem|p2a: Swampert|Leftovers|[from] move: Knock Off|[of] p1a: Toxapex
|
|-weather|RainDance|[upkeep]
|-heal|p1a: Toxapex|81/100 brn|[from] item: Black Sludge
|-damage|p1a: Toxapex|75/100 brn|[from] brn
|upkeep
|turn|19
|
|t:|1644438492
|move|p2a: Swampert|Stealth Rock|p1a: Toxapex
|-sidestart|p1: RipReckful|move: Stealth Rock
|move|p1a: Toxapex|Toxic Spikes|p2a: Swampert
|-sidestart|p2: Manjack|move: Toxic Spikes
|
|-weather|RainDance|[upkeep]
|-heal|p1a: Toxapex|81/100 brn|[from] item: Black Sludge
|-damage|p1a: Toxapex|75/100 brn|[from] brn
|upkeep
|turn|20
|
|t:|1644438496
|switch|p1a: Slowbro|Slowbro, F|100/100
|move|p2a: Swampert|Earthquake|p1a: Slowbro
|-damage|p1a: Slowbro|78/100
|
|-weather|RainDance|[upkeep]
|upkeep
|turn|21
|
|t:|1644438500
|move|p2a: Swampert|Toxic|p1a: Slowbro
|-status|p1a: Slowbro|tox
|move|p1a: Slowbro|Future Sight|p2a: Swampert
|-start|p1a: Slowbro|move: Future Sight
|
|-weather|RainDance|[upkeep]
|-damage|p1a: Slowbro|72/100 tox|[from] psn
|upkeep
|turn|22
|j| clean cuts
|
|t:|1644438509
|move|p2a: Swampert|Earthquake|p1a: Slowbro
|-crit|p1a: Slowbro
|-damage|p1a: Slowbro|41/100 tox
|move|p1a: Slowbro|Teleport|p1a: Slowbro
|
|t:|1644438514
|switch|p1a: Tornadus|Tornadus-Therian, M|100/100|[from]move: Teleport
|
|-weather|RainDance|[upkeep]
|upkeep
|turn|23
|
|t:|1644438524
|move|p1a: Tornadus|Hurricane|p2a: Swampert
|-damage|p2a: Swampert|69/100
|move|p2a: Swampert|Flip Turn|p1a: Tornadus
|-damage|p1a: Tornadus|68/100
|
|t:|1644438529
|switch|p2a: Slowking|Slowking, M|100/100|[from]move: Flip Turn
|
|-weather|none
|-end|p2a: Slowking|move: Future Sight
|-resisted|p2a: Slowking
|-damage|p2a: Slowking|89/100
|upkeep
|turn|24
|
|t:|1644438536
|switch|p2a: Zapdos|Zapdos|64/100
|move|p1a: Tornadus|Knock Off|p2a: Zapdos
|-damage|p2a: Zapdos|49/100
|
|upkeep
|turn|25
|
|t:|1644438541
|switch|p1a: Hippowdon|Hippowdon, M|100/100
|-damage|p1a: Hippowdon|94/100|[from] Stealth Rock
|-weather|Sandstorm|[from] ability: Sand Stream|[of] p1a: Hippowdon
|move|p2a: Zapdos|Roost|p2a: Zapdos
|-heal|p2a: Zapdos|99/100
|-singleturn|p2a: Zapdos|move: Roost
|
|-weather|Sandstorm|[upkeep]
|-damage|p2a: Zapdos|93/100|[from] Sandstorm
|-heal|p1a: Hippowdon|100/100|[from] item: Leftovers
|upkeep
|turn|26
|
|t:|1644438553
|switch|p2a: Pelipper|Pelipper, M|100/100
|-weather|RainDance|[from] ability: Drizzle|[of] p2a: Pelipper
|switch|p1a: Dragapult|Dragapult, M|100/100
|-damage|p1a: Dragapult|88/100|[from] Stealth Rock
|
|-weather|RainDance|[upkeep]
|upkeep
|turn|27
|
|t:|1644438571
|switch|p2a: Swampert|Swampert, M|69/100
|-status|p2a: Swampert|psn
|move|p1a: Dragapult|Draco Meteor|p2a: Swampert
|-damage|p2a: Swampert|14/100 psn
|-unboost|p1a: Dragapult|spa|2
|
|-weather|RainDance|[upkeep]
|-damage|p2a: Swampert|1/100 psn|[from] psn
|upkeep
|turn|28
|
|t:|1644438583
|switch|p1a: Tornadus|Tornadus-Therian, M|100/100
|switch|p2a: Slowking|Slowking, M|100/100
|
|-weather|RainDance|[upkeep]
|upkeep
|turn|29
|
|t:|1644438591
|switch|p2a: Zapdos|Zapdos|93/100
|move|p1a: Tornadus|Defog|p2a: Zapdos
|-unboost|p2a: Zapdos|evasion|1
|-sideend|p2: Manjack|Toxic Spikes|[from] move: Defog|[of] p1a: Tornadus
|-sideend|p1: RipReckful|Stealth Rock|[from] move: Defog|[of] p1a: Tornadus
|
|-weather|RainDance|[upkeep]
|upkeep
|turn|30
|
|t:|1644438604
|switch|p1a: Hippowdon|Hippowdon, M|100/100
|-weather|Sandstorm|[from] ability: Sand Stream|[of] p1a: Hippowdon
|switch|p2a: Pelipper|Pelipper, M|100/100
|-weather|RainDance|[from] ability: Drizzle|[of] p2a: Pelipper
|
|-weather|RainDance|[upkeep]
|upkeep
|turn|31
|
|t:|1644438622
|switch|p1a: Toxapex|Toxapex, M|100/100 brn
|move|p2a: Pelipper|U-turn|p1a: Toxapex
|-resisted|p1a: Toxapex
|-damage|p1a: Toxapex|97/100 brn
|
|t:|1644438627
|switch|p2a: Slowking|Slowking, M|100/100|[from]move: U-turn
|
|-weather|RainDance|[upkeep]
|-heal|p1a: Toxapex|100/100 brn|[from] item: Black Sludge
|-damage|p1a: Toxapex|95/100 brn|[from] brn
|upkeep
|turn|32
|
|t:|1644438646
|switch|p2a: Ferrothorn|Ferrothorn, M|49/100
|move|p1a: Toxapex|Toxic Spikes|p2a: Ferrothorn
|-sidestart|p2: Manjack|move: Toxic Spikes
|
|-weather|RainDance|[upkeep]
|-heal|p1a: Toxapex|100/100 brn|[from] item: Black Sludge
|-damage|p1a: Toxapex|95/100 brn|[from] brn
|upkeep
|turn|33
|
|t:|1644438650
|switch|p1a: Tornadus|Tornadus-Therian, M|100/100
|move|p2a: Ferrothorn|Leech Seed|p1a: Tornadus|[miss]
|-miss|p2a: Ferrothorn|p1a: Tornadus
|
|-weather|RainDance|[upkeep]
|upkeep
|turn|34
|
|t:|1644438654
|move|p2a: Ferrothorn|Protect|p2a: Ferrothorn
|-singleturn|p2a: Ferrothorn|Protect
|move|p1a: Tornadus|Hurricane|p2a: Ferrothorn
|-activate|p2a: Ferrothorn|move: Protect
|
|-weather|RainDance|[upkeep]
|upkeep
|turn|35
|
|t:|1644438660
|switch|p2a: Zapdos|Zapdos|93/100
|move|p1a: Tornadus|U-turn|p2a: Zapdos
|-resisted|p2a: Zapdos
|-damage|p2a: Zapdos|86/100
|
|t:|1644438663
|switch|p1a: Dragapult|Dragapult, M|88/100|[from]move: U-turn
|
|-weather|RainDance|[upkeep]
|upkeep
|turn|36
|
|t:|1644438677
|switch|p2a: Swampert|Swampert, M|1/100 psn
|move|p1a: Dragapult|Shadow Ball|p2a: Swampert
|-damage|p2a: Swampert|0 fnt
|faint|p2a: Swampert
|
|-weather|RainDance|[upkeep]
|upkeep
|
|t:|1644438680
|switch|p2a: Zapdos|Zapdos|86/100
|turn|37
|
|t:|1644438685
|move|p1a: Dragapult|Shadow Ball|p2a: Zapdos
|-damage|p2a: Zapdos|32/100
|move|p2a: Zapdos|Hurricane|p1a: Dragapult
|-damage|p1a: Dragapult|0 fnt
|faint|p1a: Dragapult
|
|-weather|none
|upkeep
|c|☆RipReckful|o what
|c|☆Manjack|Me tanky
|c|☆RipReckful|no i shouldnt die there
|inactive|RipReckful has 120 seconds left.
|c|☆Manjack|Me also hit hard
|c|☆RipReckful|ur modest
|c|☆Manjack|Ye
|
|t:|1644438734
|switch|p1a: Hippowdon|Hippowdon, M|100/100
|-weather|Sandstorm|[from] ability: Sand Stream|[of] p1a: Hippowdon
|turn|38
|
|t:|1644438739
|switch|p2a: Pelipper|Pelipper, M|100/100
|-weather|RainDance|[from] ability: Drizzle|[of] p2a: Pelipper
|move|p1a: Hippowdon|Toxic|p2a: Pelipper
|-status|p2a: Pelipper|tox
|
|-weather|RainDance|[upkeep]
|-damage|p2a: Pelipper|94/100 tox|[from] psn
|upkeep
|turn|39
|inactive|RipReckful has 120 seconds left.
|
|t:|1644438746
|move|p2a: Pelipper|U-turn|p1a: Hippowdon
|-damage|p1a: Hippowdon|95/100
|
|t:|1644438751
|switch|p2a: Slowking|Slowking, M|100/100|[from]move: U-turn
|move|p1a: Hippowdon|Stealth Rock|p2a: Slowking
|-sidestart|p2: Manjack|move: Stealth Rock
|
|-weather|RainDance|[upkeep]
|-heal|p1a: Hippowdon|100/100|[from] item: Leftovers
|upkeep
|turn|40
|
|t:|1644438758
|move|p1a: Hippowdon|Toxic|p2a: Slowking
|-status|p2a: Slowking|tox
|move|p2a: Slowking|Wonder Room|p2a: Slowking
|-fieldstart|move: Wonder Room|[of] p2a: Slowking
|
|-weather|RainDance|[upkeep]
|-damage|p2a: Slowking|94/100 tox|[from] psn
|upkeep
|turn|41
|
|t:|1644438767
|switch|p1a: Tornadus|Tornadus-Therian, M|100/100
|move|p2a: Slowking|Teleport|p2a: Slowking
|
|t:|1644438770
|switch|p2a: Barraskewda|Barraskewda, F|100/100|[from]move: Teleport
|-status|p2a: Barraskewda|psn
|-damage|p2a: Barraskewda|88/100 psn|[from] Stealth Rock
|
|-weather|RainDance|[upkeep]
|-damage|p2a: Barraskewda|76/100 psn|[from] psn
|upkeep
|turn|42
|inactive|RipReckful has 120 seconds left.
|
|t:|1644438801
|switch|p1a: Toxapex|Toxapex, M|100/100 brn
|move|p2a: Barraskewda|Liquidation|p1a: Toxapex
|-resisted|p1a: Toxapex
|-damage|p1a: Toxapex|63/100 brn
|-unboost|p1a: Toxapex|def|1
|
|-weather|RainDance|[upkeep]
|-heal|p1a: Toxapex|69/100 brn|[from] item: Black Sludge
|-damage|p2a: Barraskewda|64/100 psn|[from] psn
|-damage|p1a: Toxapex|63/100 brn|[from] brn
|upkeep
|turn|43
|inactive|RipReckful has 120 seconds left.
|c|☆Manjack|Ouch
|c|☆Manjack|That's a big one
|
|t:|1644438829
|switch|p1a: Slowbro|Slowbro, F|74/100 tox
|move|p2a: Barraskewda|Liquidation|p1a: Slowbro
|-resisted|p1a: Slowbro
|-damage|p1a: Slowbro|16/100 tox
|
|-weather|RainDance|[upkeep]
|-damage|p2a: Barraskewda|52/100 psn|[from] psn
|-damage|p1a: Slowbro|10/100 tox|[from] psn
|upkeep
|turn|44
|
|t:|1644438839
|switch|p1a: Toxapex|Toxapex, M|96/100 brn
|move|p2a: Barraskewda|Liquidation|p1a: Toxapex
|-resisted|p1a: Toxapex
|-damage|p1a: Toxapex|58/100 brn
|
|-weather|RainDance|[upkeep]
|-heal|p1a: Toxapex|64/100 brn|[from] item: Black Sludge
|-damage|p2a: Barraskewda|40/100 psn|[from] psn
|-damage|p1a: Toxapex|58/100 brn|[from] brn
|-fieldend|move: Wonder Room
|upkeep
|turn|45
|
|t:|1644438846
|switch|p2a: Zapdos|Zapdos|32/100
|-damage|p2a: Zapdos|8/100|[from] Stealth Rock
|move|p1a: Toxapex|Recover|p1a: Toxapex
|-heal|p1a: Toxapex|100/100 brn
|
|-weather|none
|-damage|p1a: Toxapex|95/100 brn|[from] brn
|upkeep
|turn|46
|
|t:|1644438850
|switch|p1a: Hippowdon|Hippowdon, M|100/100
|-weather|Sandstorm|[from] ability: Sand Stream|[of] p1a: Hippowdon
|move|p2a: Zapdos|Roost|p2a: Zapdos
|-heal|p2a: Zapdos|58/100
|-singleturn|p2a: Zapdos|move: Roost
|
|-weather|Sandstorm|[upkeep]
|-damage|p2a: Zapdos|52/100|[from] Sandstorm
|upkeep
|turn|47
|
|t:|1644438855
|move|p2a: Zapdos|Roost|p2a: Zapdos
|-heal|p2a: Zapdos|100/100
|-singleturn|p2a: Zapdos|move: Roost
|move|p1a: Hippowdon|Toxic|p2a: Zapdos
|-status|p2a: Zapdos|tox
|
|-weather|Sandstorm|[upkeep]
|-damage|p2a: Zapdos|94/100 tox|[from] Sandstorm
|-damage|p2a: Zapdos|88/100 tox|[from] psn
|upkeep
|turn|48
|
|t:|1644438867
|switch|p2a: Ferrothorn|Ferrothorn, M|49/100
|-damage|p2a: Ferrothorn|43/100|[from] Stealth Rock
|switch|p1a: Slowbro|Slowbro, F|44/100 tox
|
|-weather|Sandstorm|[upkeep]
|-damage|p1a: Slowbro|37/100 tox|[from] Sandstorm
|-damage|p1a: Slowbro|31/100 tox|[from] psn
|upkeep
|turn|49
|
|t:|1644438870
|switch|p1a: Tornadus|Tornadus-Therian, M|100/100
|move|p2a: Ferrothorn|Spikes|p1a: Tornadus
|-sidestart|p1: RipReckful|Spikes
|
|-weather|Sandstorm|[upkeep]
|-damage|p1a: Tornadus|94/100|[from] Sandstorm
|upkeep
|turn|50
|
|t:|1644438879
|move|p1a: Tornadus|Hurricane|p2a: Ferrothorn
|-damage|p2a: Ferrothorn|9/100
|move|p2a: Ferrothorn|Leech Seed|p1a: Tornadus
|-start|p1a: Tornadus|move: Leech Seed
|
|-weather|none
|-damage|p1a: Tornadus|82/100|[from] Leech Seed|[of] p2a: Ferrothorn
|-heal|p2a: Ferrothorn|22/100|[silent]
|upkeep
|turn|51
|
|t:|1644438892
|move|p1a: Tornadus|Hurricane|p2a: Ferrothorn|[miss]
|-miss|p1a: Tornadus|p2a: Ferrothorn
|move|p2a: Ferrothorn|Gyro Ball|p1a: Tornadus
|-damage|p1a: Tornadus|32/100
|
|-damage|p1a: Tornadus|20/100|[from] Leech Seed|[of] p2a: Ferrothorn
|-heal|p2a: Ferrothorn|34/100|[silent]
|upkeep
|turn|52
|
|t:|1644438899
|switch|p1a: Toxapex|Toxapex, M|100/100 brn
|-damage|p1a: Toxapex|88/100 brn|[from] Spikes
|move|p2a: Ferrothorn|Protect||[still]
|-fail|p2a: Ferrothorn
|
|-heal|p1a: Toxapex|94/100 brn|[from] item: Black Sludge
|-damage|p1a: Toxapex|88/100 brn|[from] brn
|upkeep
|turn|53
|
|t:|1644438912
|switch|p1a: Tornadus|Tornadus-Therian, M|53/100
|move|p2a: Ferrothorn|Leech Seed|p1a: Tornadus
|-start|p1a: Tornadus|move: Leech Seed
|
|-damage|p1a: Tornadus|41/100|[from] Leech Seed|[of] p2a: Ferrothorn
|-heal|p2a: Ferrothorn|47/100|[silent]
|upkeep
|turn|54
|
|t:|1644438917
|switch|p1a: Toxapex|Toxapex, M|100/100 brn
|-damage|p1a: Toxapex|88/100 brn|[from] Spikes
|move|p2a: Ferrothorn|Gyro Ball|p1a: Toxapex
|-resisted|p1a: Toxapex
|-damage|p1a: Toxapex|80/100 brn
|
|-heal|p1a: Toxapex|86/100 brn|[from] item: Black Sludge
|-damage|p1a: Toxapex|80/100 brn|[from] brn
|upkeep
|turn|55
|c|☆RipReckful|love when u heal to full from a dodge
|c|☆Manjack|This game is not treating you well
|
|t:|1644438938
|switch|p1a: Tornadus|Tornadus-Therian, M|74/100
|move|p2a: Ferrothorn|Leech Seed|p1a: Tornadus
|-start|p1a: Tornadus|move: Leech Seed
|
|-damage|p1a: Tornadus|61/100|[from] Leech Seed|[of] p2a: Ferrothorn
|-heal|p2a: Ferrothorn|60/100|[silent]
|upkeep
|turn|56
|
|t:|1644438942
|switch|p1a: Toxapex|Toxapex, M|100/100 brn
|-damage|p1a: Toxapex|88/100 brn|[from] Spikes
|move|p2a: Ferrothorn|Spikes|p1a: Toxapex
|-sidestart|p1: RipReckful|Spikes
|
|-heal|p1a: Toxapex|94/100 brn|[from] item: Black Sludge
|-damage|p1a: Toxapex|88/100 brn|[from] brn
|upkeep
|turn|57
|
|t:|1644438945
|move|p1a: Toxapex|Knock Off|p2a: Ferrothorn
|-damage|p2a: Ferrothorn|56/100
|-damage|p1a: Toxapex|76/100 brn|[from] ability: Iron Barbs|[of] p2a: Ferrothorn
|-enditem|p2a: Ferrothorn|Chople Berry|[from] move: Knock Off|[of] p1a: Toxapex
|move|p2a: Ferrothorn|Leech Seed|p1a: Toxapex
|-start|p1a: Toxapex|move: Leech Seed
|
|-heal|p1a: Toxapex|82/100 brn|[from] item: Black Sludge
|-damage|p1a: Toxapex|70/100 brn|[from] Leech Seed|[of] p2a: Ferrothorn
|-heal|p2a: Ferrothorn|67/100|[silent]
|-damage|p1a: Toxapex|64/100 brn|[from] brn
|upkeep
|turn|58
|
|t:|1644438949
|move|p1a: Toxapex|Recover|p1a: Toxapex
|-heal|p1a: Toxapex|100/100 brn
|move|p2a: Ferrothorn|Spikes|p1a: Toxapex
|-sidestart|p1: RipReckful|Spikes
|
|-damage|p1a: Toxapex|88/100 brn|[from] Leech Seed|[of] p2a: Ferrothorn
|-heal|p2a: Ferrothorn|77/100|[silent]
|-damage|p1a: Toxapex|82/100 brn|[from] brn
|upkeep
|turn|59
|
|t:|1644438963
|switch|p1a: Tornadus|Tornadus-Therian, M|94/100
|move|p2a: Ferrothorn|Gyro Ball|p1a: Tornadus
|-damage|p1a: Tornadus|44/100
|
|upkeep
|turn|60
|
|t:|1644438977
|switch|p1a: Toxapex|Toxapex, M|100/100 brn
|-damage|p1a: Toxapex|76/100 brn|[from] Spikes
|switch|p2a: Slowking|Slowking, M|100/100 tox
|
|-heal|p1a: Toxapex|82/100 brn|[from] item: Black Sludge
|-damage|p2a: Slowking|94/100 tox|[from] psn
|-damage|p1a: Toxapex|76/100 brn|[from] brn
|upkeep
|turn|61
|
|t:|1644438986
|switch|p1a: Tornadus|Tornadus-Therian, M|78/100
|move|p2a: Slowking|Teleport|p2a: Slowking
|
|t:|1644438994
|switch|p2a: Zapdos|Zapdos|88/100 tox|[from]move: Teleport
|-damage|p2a: Zapdos|64/100 tox|[from] Stealth Rock
|
|-damage|p2a: Zapdos|58/100 tox|[from] psn
|upkeep
|turn|62
|
|t:|1644438997
|switch|p1a: Hippowdon|Hippowdon, M|100/100
|-damage|p1a: Hippowdon|75/100|[from] Spikes
|-weather|Sandstorm|[from] ability: Sand Stream|[of] p1a: Hippowdon
|move|p2a: Zapdos|Roost|p2a: Zapdos
|-heal|p2a: Zapdos|100/100 tox
|-singleturn|p2a: Zapdos|move: Roost
|
|-weather|Sandstorm|[upkeep]
|-damage|p2a: Zapdos|94/100 tox|[from] Sandstorm
|-heal|p1a: Hippowdon|82/100|[from] item: Leftovers
|-damage|p2a: Zapdos|82/100 tox|[from] psn
|upkeep
|turn|63
|
|t:|1644439006
|move|p2a: Zapdos|Hurricane|p1a: Hippowdon|[miss]
|-miss|p2a: Zapdos|p1a: Hippowdon
|move|p1a: Hippowdon|Slack Off|p1a: Hippowdon
|-heal|p1a: Hippowdon|100/100
|
|-weather|Sandstorm|[upkeep]
|-damage|p2a: Zapdos|76/100 tox|[from] Sandstorm
|-damage|p2a: Zapdos|58/100 tox|[from] psn
|upkeep
|turn|64
|
|t:|1644439014
|switch|p2a: Pelipper|Pelipper, M|94/100 tox
|-damage|p2a: Pelipper|70/100 tox|[from] Stealth Rock
|-weather|RainDance|[from] ability: Drizzle|[of] p2a: Pelipper
|switch|p1a: Tornadus|Tornadus-Therian, M|100/100
|
|-weather|RainDance|[upkeep]
|-damage|p2a: Pelipper|63/100 tox|[from] psn
|upkeep
|turn|65
|
|t:|1644439024
|switch|p2a: Slowking|Slowking, M|100/100 tox
|move|p1a: Tornadus|Hurricane|p2a: Slowking
|-crit|p2a: Slowking
|-damage|p2a: Slowking|65/100 tox
|
|-weather|RainDance|[upkeep]
|-damage|p2a: Slowking|59/100 tox|[from] psn
|upkeep
|turn|66
|
|t:|1644439032
|move|p1a: Tornadus|Defog|p2a: Slowking
|-unboost|p2a: Slowking|evasion|1
|-sideend|p2: Manjack|Toxic Spikes|[from] move: Defog|[of] p1a: Tornadus
|-sideend|p2: Manjack|Stealth Rock|[from] move: Defog|[of] p1a: Tornadus
|-sideend|p1: RipReckful|Spikes|[from] move: Defog|[of] p1a: Tornadus
|move|p2a: Slowking|Slack Off|p2a: Slowking
|-heal|p2a: Slowking|100/100 tox
|
|-weather|RainDance|[upkeep]
|-damage|p2a: Slowking|88/100 tox|[from] psn
|upkeep
|turn|67
|
|t:|1644439036
|move|p1a: Tornadus|Knock Off|p2a: Slowking
|-supereffective|p2a: Slowking
|-crit|p2a: Slowking
|-damage|p2a: Slowking|23/100 tox
|-enditem|p2a: Slowking|Heavy-Duty Boots|[from] move: Knock Off|[of] p1a: Tornadus
|move|p2a: Slowking|Teleport|p2a: Slowking
|
|t:|1644439040
|switch|p2a: Zapdos|Zapdos|58/100 tox|[from]move: Teleport
|
|-weather|RainDance|[upkeep]
|-damage|p2a: Zapdos|52/100 tox|[from] psn
|upkeep
|turn|68
|
|t:|1644439043
|switch|p1a: Hippowdon|Hippowdon, M|100/100
|-weather|Sandstorm|[from] ability: Sand Stream|[of] p1a: Hippowdon
|move|p2a: Zapdos|Roost|p2a: Zapdos
|-heal|p2a: Zapdos|100/100 tox
|-singleturn|p2a: Zapdos|move: Roost
|
|-weather|Sandstorm|[upkeep]
|-damage|p2a: Zapdos|94/100 tox|[from] Sandstorm
|-damage|p2a: Zapdos|82/100 tox|[from] psn
|upkeep
|turn|69
|
|t:|1644439049
|switch|p2a: Pelipper|Pelipper, M|63/100 tox
|-weather|RainDance|[from] ability: Drizzle|[of] p2a: Pelipper
|move|p1a: Hippowdon|Stealth Rock|p2a: Pelipper
|-sidestart|p2: Manjack|move: Stealth Rock
|
|-weather|RainDance|[upkeep]
|-damage|p2a: Pelipper|57/100 tox|[from] psn
|upkeep
|turn|70
|
|t:|1644439052
|switch|p1a: Toxapex|Toxapex, M|100/100 brn
|move|p2a: Pelipper|Roost|p2a: Pelipper
|-heal|p2a: Pelipper|100/100 tox
|-singleturn|p2a: Pelipper|move: Roost
|
|-weather|RainDance|[upkeep]
|-damage|p2a: Pelipper|88/100 tox|[from] psn
|-damage|p1a: Toxapex|95/100 brn|[from] brn
|upkeep
|turn|71
|
|t:|1644439060
|move|p2a: Pelipper|U-turn|p1a: Toxapex
|-resisted|p1a: Toxapex
|-damage|p1a: Toxapex|92/100 brn
|
|t:|1644439081
|switch|p2a: Ferrothorn|Ferrothorn, M|77/100|[from]move: U-turn
|-damage|p2a: Ferrothorn|71/100|[from] Stealth Rock
|move|p1a: Toxapex|Knock Off|p2a: Ferrothorn
|-damage|p2a: Ferrothorn|68/100
|-damage|p1a: Toxapex|80/100 brn|[from] ability: Iron Barbs|[of] p2a: Ferrothorn
|
|-weather|RainDance|[upkeep]
|-heal|p1a: Toxapex|86/100 brn|[from] item: Black Sludge
|-damage|p1a: Toxapex|80/100 brn|[from] brn
|upkeep
|turn|72
|
|t:|1644439085
|switch|p1a: Tornadus|Tornadus-Therian, M|100/100
|move|p2a: Ferrothorn|Spikes|p1a: Tornadus
|-sidestart|p1: RipReckful|Spikes
|
|-weather|RainDance|[upkeep]
|upkeep
|turn|73
|
|t:|1644439088
|move|p2a: Ferrothorn|Protect|p2a: Ferrothorn
|-singleturn|p2a: Ferrothorn|Protect
|move|p1a: Tornadus|Hurricane|p2a: Ferrothorn
|-activate|p2a: Ferrothorn|move: Protect
|
|-weather|RainDance|[upkeep]
|upkeep
|turn|74
|
|t:|1644439096
|move|p1a: Tornadus|Hurricane|p2a: Ferrothorn
|-damage|p2a: Ferrothorn|31/100
|move|p2a: Ferrothorn|Leech Seed|p1a: Tornadus
|-start|p1a: Tornadus|move: Leech Seed
|
|-weather|RainDance|[upkeep]
|-damage|p1a: Tornadus|88/100|[from] Leech Seed|[of] p2a: Ferrothorn
|-heal|p2a: Ferrothorn|44/100|[silent]
|upkeep
|turn|75
|
|t:|1644439104
|move|p2a: Ferrothorn|Protect|p2a: Ferrothorn
|-singleturn|p2a: Ferrothorn|Protect
|move|p1a: Tornadus|Knock Off|p2a: Ferrothorn
|-activate|p2a: Ferrothorn|move: Protect
|
|-weather|RainDance|[upkeep]
|-damage|p1a: Tornadus|76/100|[from] Leech Seed|[of] p2a: Ferrothorn
|-heal|p2a: Ferrothorn|56/100|[silent]
|upkeep
|turn|76
|
|t:|1644439111
|move|p1a: Tornadus|Hurricane|p2a: Ferrothorn
|-damage|p2a: Ferrothorn|19/100
|-start|p2a: Ferrothorn|confusion
|-activate|p2a: Ferrothorn|confusion
|-damage|p2a: Ferrothorn|13/100|[from] confusion
|
|-weather|none
|-damage|p1a: Tornadus|63/100|[from] Leech Seed|[of] p2a: Ferrothorn
|-heal|p2a: Ferrothorn|26/100|[silent]
|upkeep
|turn|77
|
|t:|1644439119
|-activate|p2a: Ferrothorn|confusion
|move|p2a: Ferrothorn|Protect|p2a: Ferrothorn
|-singleturn|p2a: Ferrothorn|Protect
|move|p1a: Tornadus|Hurricane|p2a: Ferrothorn
|-activate|p2a: Ferrothorn|move: Protect
|
|-damage|p1a: Tornadus|51/100|[from] Leech Seed|[of] p2a: Ferrothorn
|-heal|p2a: Ferrothorn|39/100|[silent]
|upkeep
|turn|78
|
|t:|1644439126
|move|p1a: Tornadus|U-turn|p2a: Ferrothorn
|-damage|p2a: Ferrothorn|30/100
|-damage|p1a: Tornadus|38/100|[from] ability: Iron Barbs|[of] p2a: Ferrothorn
|
|t:|1644439130
|switch|p1a: Toxapex|Toxapex, M|100/100 brn|[from]move: U-turn
|-damage|p1a: Toxapex|88/100 brn|[from] Spikes
|-end|p2a: Ferrothorn|confusion
|move|p2a: Ferrothorn|Gyro Ball|p1a: Toxapex
|-resisted|p1a: Toxapex
|-damage|p1a: Toxapex|81/100 brn
|
|-heal|p1a: Toxapex|87/100 brn|[from] item: Black Sludge
|-damage|p1a: Toxapex|81/100 brn|[from] brn
|upkeep
|turn|79
|
|t:|1644439145
|switch|p1a: Slowbro|Slowbro, F|65/100 tox
|move|p2a: Ferrothorn|Leech Seed|p1a: Slowbro
|-start|p1a: Slowbro|move: Leech Seed
|
|-damage|p1a: Slowbro|52/100 tox|[from] Leech Seed|[of] p2a: Ferrothorn
|-heal|p2a: Ferrothorn|44/100|[silent]
|-damage|p1a: Slowbro|46/100 tox|[from] psn
|upkeep
|turn|80
|
|t:|1644439151
|move|p2a: Ferrothorn|Spikes|p1a: Slowbro
|-sidestart|p1: RipReckful|Spikes
|move|p1a: Slowbro|Teleport|p1a: Slowbro
|
|t:|1644439155
|switch|p1a: Tornadus|Tornadus-Therian, M|71/100|[from]move: Teleport
|
|upkeep
|turn|81
|
|t:|1644439161
|switch|p1a: Slowbro|Slowbro, F|79/100 tox
|move|p2a: Ferrothorn|Protect||[still]
|-fail|p2a: Ferrothorn
|
|-damage|p1a: Slowbro|73/100 tox|[from] psn
|upkeep
|turn|82
|
|t:|1644439165
|move|p1a: Slowbro|Future Sight|p2a: Ferrothorn
|-start|p1a: Slowbro|move: Future Sight
|move|p2a: Ferrothorn|Spikes|p1a: Slowbro
|-sidestart|p1: RipReckful|Spikes
|
|-damage|p1a: Slowbro|61/100 tox|[from] psn
|upkeep
|turn|83
|
|t:|1644439174
|switch|p2a: Zapdos|Zapdos|82/100 tox
|-damage|p2a: Zapdos|58/100 tox|[from] Stealth Rock
|move|p1a: Slowbro|Teleport|p1a: Slowbro
|
|t:|1644439177
|switch|p1a: Hippowdon|Hippowdon, M|100/100|[from]move: Teleport
|-damage|p1a: Hippowdon|75/100|[from] Spikes
|-weather|Sandstorm|[from] ability: Sand Stream|[of] p1a: Hippowdon
|
|-weather|Sandstorm|[upkeep]
|-damage|p2a: Zapdos|52/100 tox|[from] Sandstorm
|-heal|p1a: Hippowdon|82/100|[from] item: Leftovers
|-damage|p2a: Zapdos|46/100 tox|[from] psn
|upkeep
|turn|84
|
|t:|1644439186
|move|p2a: Zapdos|Hurricane|p1a: Hippowdon|[miss]
|-miss|p2a: Zapdos|p1a: Hippowdon
|move|p1a: Hippowdon|Slack Off|p1a: Hippowdon
|-heal|p1a: Hippowdon|100/100
|
|-weather|Sandstorm|[upkeep]
|-damage|p2a: Zapdos|40/100 tox|[from] Sandstorm
|-end|p2a: Zapdos|move: Future Sight
|-damage|p2a: Zapdos|0 fnt
|faint|p2a: Zapdos
|upkeep
|c|☆Manjack|Oops
|inactive|Manjack has 120 seconds left.
|
|t:|1644439240
|switch|p2a: Slowking|Slowking, M|56/100 tox
|-damage|p2a: Slowking|44/100 tox|[from] Stealth Rock
|turn|85
|
|t:|1644439249
|switch|p1a: Tornadus|Tornadus-Therian, M|100/100
|switch|p2a: Pelipper|Pelipper, M|88/100 tox
|-damage|p2a: Pelipper|63/100 tox|[from] Stealth Rock
|-weather|RainDance|[from] ability: Drizzle|[of] p2a: Pelipper
|
|-weather|RainDance|[upkeep]
|-damage|p2a: Pelipper|57/100 tox|[from] psn
|upkeep
|turn|86
|
|t:|1644439255
|switch|p2a: Slowking|Slowking, M|77/100 tox
|-damage|p2a: Slowking|64/100 tox|[from] Stealth Rock
|move|p1a: Tornadus|Hurricane|p2a: Slowking
|-damage|p2a: Slowking|41/100 tox
|-start|p2a: Slowking|confusion
|
|-weather|RainDance|[upkeep]
|-damage|p2a: Slowking|35/100 tox|[from] psn
|upkeep
|turn|87
|
|t:|1644439259
|move|p1a: Tornadus|Knock Off|p2a: Slowking
|-supereffective|p2a: Slowking
|-damage|p2a: Slowking|5/100 tox
|-activate|p2a: Slowking|confusion
|move|p2a: Slowking|Slack Off|p2a: Slowking
|-heal|p2a: Slowking|55/100 tox
|
|-weather|RainDance|[upkeep]
|-damage|p2a: Slowking|43/100 tox|[from] psn
|upkeep
|turn|88
|
|t:|1644439272
|move|p1a: Tornadus|Defog|p2a: Slowking
|-unboost|p2a: Slowking|evasion|1
|-sideend|p2: Manjack|Stealth Rock|[from] move: Defog|[of] p1a: Tornadus
|-sideend|p1: RipReckful|Spikes|[from] move: Defog|[of] p1a: Tornadus
|-activate|p2a: Slowking|confusion
|-damage|p2a: Slowking|37/100 tox|[from] confusion
|
|-weather|RainDance|[upkeep]
|-damage|p2a: Slowking|19/100 tox|[from] psn
|upkeep
|turn|89
|inactive|Manjack has 90 seconds left.
|j| Tyrtle li
|l| Tyrtle li
|
|t:|1644439308
|move|p1a: Tornadus|Knock Off|p2a: Slowking
|-supereffective|p2a: Slowking
|-damage|p2a: Slowking|0 fnt
|faint|p2a: Slowking
|
|-weather|RainDance|[upkeep]
|upkeep
|
|t:|1644439311
|switch|p2a: Barraskewda|Barraskewda, F|40/100 psn
|turn|90
|
|t:|1644439320
|switch|p1a: Slowbro|Slowbro, F|94/100 tox
|move|p2a: Barraskewda|Liquidation|p1a: Slowbro
|-resisted|p1a: Slowbro
|-damage|p1a: Slowbro|61/100 tox
|-unboost|p1a: Slowbro|def|1
|
|-weather|RainDance|[upkeep]
|-damage|p2a: Barraskewda|27/100 psn|[from] psn
|-damage|p1a: Slowbro|55/100 tox|[from] psn
|upkeep
|turn|91
|
|t:|1644439327
|switch|p1a: Toxapex|Toxapex, M|100/100 brn
|move|p2a: Barraskewda|Liquidation|p1a: Toxapex
|-resisted|p1a: Toxapex
|-damage|p1a: Toxapex|62/100 brn
|
|-weather|RainDance|[upkeep]
|-heal|p1a: Toxapex|68/100 brn|[from] item: Black Sludge
|-damage|p2a: Barraskewda|15/100 psn|[from] psn
|-damage|p1a: Toxapex|62/100 brn|[from] brn
|upkeep
|turn|92
|
|t:|1644439342
|switch|p2a: Ferrothorn|Ferrothorn, M|44/100
|move|p1a: Toxapex|Recover|p1a: Toxapex
|-heal|p1a: Toxapex|100/100 brn
|
|-weather|none
|-damage|p1a: Toxapex|95/100 brn|[from] brn
|upkeep
|turn|93
|
|t:|1644439347
|switch|p1a: Slowbro|Slowbro, F|88/100 tox
|move|p2a: Ferrothorn|Spikes|p1a: Slowbro
|-sidestart|p1: RipReckful|Spikes
|
|-damage|p1a: Slowbro|82/100 tox|[from] psn
|upkeep
|turn|94
|
|t:|1644439351
|move|p1a: Slowbro|Scald|p2a: Ferrothorn
|-resisted|p2a: Ferrothorn
|-damage|p2a: Ferrothorn|33/100
|-status|p2a: Ferrothorn|brn
|move|p2a: Ferrothorn|Spikes|p1a: Slowbro
|-sidestart|p1: RipReckful|Spikes
|
|-damage|p1a: Slowbro|70/100 tox|[from] psn
|-damage|p2a: Ferrothorn|26/100 brn|[from] brn
|upkeep
|turn|95
|
|t:|1644439355
|move|p2a: Ferrothorn|Leech Seed|p1a: Slowbro
|-start|p1a: Slowbro|move: Leech Seed
|move|p1a: Slowbro|Teleport|p1a: Slowbro
|
|t:|1644439358
|switch|p1a: Tornadus|Tornadus-Therian, M|100/100|[from]move: Teleport
|
|-damage|p2a: Ferrothorn|20/100 brn|[from] brn
|upkeep
|turn|96
|
|t:|1644439362
|move|p1a: Tornadus|Defog|p2a: Ferrothorn
|-unboost|p2a: Ferrothorn|evasion|1
|-sideend|p1: RipReckful|Spikes|[from] move: Defog|[of] p1a: Tornadus
|move|p2a: Ferrothorn|Leech Seed|p1a: Tornadus
|-start|p1a: Tornadus|move: Leech Seed
|
|-damage|p1a: Tornadus|88/100|[from] Leech Seed|[of] p2a: Ferrothorn
|-heal|p2a: Ferrothorn|33/100 brn|[silent]
|-damage|p2a: Ferrothorn|27/100 brn|[from] brn
|upkeep
|turn|97
|
|t:|1644439366
|switch|p1a: Slowbro|Slowbro, F|100/100 tox
|move|p2a: Ferrothorn|Protect||[still]
|-fail|p2a: Ferrothorn
|
|-damage|p1a: Slowbro|94/100 tox|[from] psn
|-damage|p2a: Ferrothorn|20/100 brn|[from] brn
|upkeep
|turn|98
|
|t:|1644439370
|switch|p2a: Pelipper|Pelipper, M|57/100 tox
|-weather|RainDance|[from] ability: Drizzle|[of] p2a: Pelipper
|move|p1a: Slowbro|Teleport|p1a: Slowbro
|
|t:|1644439374
|switch|p1a: Tornadus|Tornadus-Therian, M|100/100|[from]move: Teleport
|
|-weather|RainDance|[upkeep]
|-damage|p2a: Pelipper|51/100 tox|[from] psn
|upkeep
|turn|99
|
|t:|1644439378
|move|p1a: Tornadus|Hurricane|p2a: Pelipper
|-damage|p2a: Pelipper|0 fnt
|faint|p2a: Pelipper
|
|-weather|RainDance|[upkeep]
|upkeep
|c|☆RipReckful|gg
|c|☆Manjack|Gg
|inactive|Manjack has 120 seconds left.
|c|☆Manjack|Gl in the next fights
|-message|Manjack forfeited.
|
|win|RipReckful
|n|☆RipReckful|ripreckful
|n|☆Manjack|manjack
|n| clean cuts|cleancuts
|c|☆RipReckful|ty
