|raw|<div class="broadcast-blue"><strong>This battle is required to be public due to a player having a name starting with 'lt83aq'.</div>
|j|☆Redemption
|j|☆LT83AQ Skrr
|t:|1626723799
|gametype|singles
|player|p1|Redemption|#redemption|1725
|player|p2|LT83AQ Skrr|striker|1790
|teamsize|p1|6
|teamsize|p2|6
|gen|8
|tier|[Gen 8] OU
|rated|
|rule|Sleep Clause Mod: Limit one foe put to sleep
|rule|Species Clause: Limit one of each Pokémon
|rule|OHKO Clause: OHKO moves are banned
|rule|Evasion Moves Clause: Evasion moves are banned
|rule|Endless Battle Clause: Forcing endless battles is banned
|rule|HP Percentage Mod: HP is shown in percentages
|rule|Dynamax Clause: You cannot dynamax
|clearpoke
|poke|p1|Tyranitar, M|
|poke|p1|Excadrill, F|
|poke|p1|Clefable, F|
|poke|p1|Kyurem|
|poke|p1|Zapdos|
|poke|p1|Urshifu-*, M|
|poke|p2|Scizor, M|
|poke|p2|Toxapex, M|
|poke|p2|Clefable, F|
|poke|p2|Hippowdon, M|
|poke|p2|Skarmory, M|
|poke|p2|Tapu Koko|
|teampreview
|inactive|Battle timer is ON: inactive players will automatically lose when time's up. (requested by Redemption)
|inactive|Redemption has 120 seconds left.
|j| Marine Lepen 69
|inactive|Redemption has 90 seconds left.
|c| Marine Lepen 69|salut ma caille
|
|t:|1626723876
|start
|switch|p1a: Kyurem|Kyurem|100/100
|switch|p2a: Tapu Koko|Tapu Koko|100/100
|-fieldstart|move: Electric Terrain|[from] ability: Electric Surge|[of] p2a: Tapu Koko
|-ability|p1a: Kyurem|Pressure
|turn|1
|
|t:|1626723886
|move|p2a: Tapu Koko|U-turn|p1a: Kyurem
|-damage|p1a: Kyurem|84/100
|
|t:|1626723892
|switch|p2a: Scizor|Scizor, M|100/100|[from]move: U-turn
|move|p1a: Kyurem|Earth Power|p2a: Scizor
|-damage|p2a: Scizor|61/100
|
|upkeep
|turn|2
|j| p88888888
|
|t:|1626723902
|switch|p1a: Zapdos|Zapdos|100/100
|move|p2a: Scizor|Roost|p2a: Scizor
|-heal|p2a: Scizor|100/100
|-singleturn|p2a: Scizor|move: Roost
|
|upkeep
|turn|3
|
|t:|1626723931
|switch|p1a: Tyranitar|Tyranitar, M|100/100
|-weather|Sandstorm|[from] ability: Sand Stream|[of] p1a: Tyranitar
|switch|p2a: Hippowdon|Hippowdon, M|100/100
|
|-weather|Sandstorm|[upkeep]
|upkeep
|turn|4
|
|t:|1626723939
|move|p1a: Tyranitar|Stealth Rock|p2a: Hippowdon
|-sidestart|p2: LT83AQ Skrr|move: Stealth Rock
|move|p2a: Hippowdon|Toxic|p1a: Tyranitar
|-status|p1a: Tyranitar|tox
|
|-weather|Sandstorm|[upkeep]
|-damage|p1a: Tyranitar|94/100 tox|[from] psn
|upkeep
|turn|5
|
|t:|1626723948
|switch|p1a: Kyurem|Kyurem|84/100
|-ability|p1a: Kyurem|Pressure
|move|p2a: Hippowdon|Stealth Rock|p1a: Kyurem
|-sidestart|p1: Redemption|move: Stealth Rock
|
|-weather|Sandstorm|[upkeep]
|-damage|p1a: Kyurem|78/100|[from] Sandstorm
|-fieldend|move: Electric Terrain
|upkeep
|turn|6
|
|t:|1626723960
|switch|p2a: Scizor|Scizor, M|100/100
|move|p1a: Kyurem|Earth Power|p2a: Scizor
|-damage|p2a: Scizor|62/100
|
|-weather|Sandstorm|[upkeep]
|-damage|p1a: Kyurem|72/100|[from] Sandstorm
|upkeep
|turn|7
|
|t:|1626723968
|move|p1a: Kyurem|Earth Power|p2a: Scizor
|-damage|p2a: Scizor|23/100
|move|p2a: Scizor|Roost|p2a: Scizor
|-heal|p2a: Scizor|73/100
|-singleturn|p2a: Scizor|move: Roost
|
|-weather|Sandstorm|[upkeep]
|-damage|p1a: Kyurem|66/100|[from] Sandstorm
|upkeep
|turn|8
|
|t:|1626723987
|move|p1a: Kyurem|Earth Power|p2a: Scizor
|-damage|p2a: Scizor|36/100
|move|p2a: Scizor|Roost|p2a: Scizor
|-heal|p2a: Scizor|86/100
|-singleturn|p2a: Scizor|move: Roost
|
|-weather|Sandstorm|[upkeep]
|-damage|p1a: Kyurem|60/100|[from] Sandstorm
|upkeep
|turn|9
|
|t:|1626723994
|switch|p1a: Zapdos|Zapdos|100/100
|move|p2a: Scizor|Roost|p2a: Scizor
|-heal|p2a: Scizor|100/100
|-singleturn|p2a: Scizor|move: Roost
|
|-weather|Sandstorm|[upkeep]
|-damage|p1a: Zapdos|94/100|[from] Sandstorm
|upkeep
|turn|10
|
|t:|1626724006
|switch|p1a: Clefable|Clefable, F|100/100
|switch|p2a: Hippowdon|Hippowdon, M|100/100
|
|-weather|none
|upkeep
|turn|11
|j| Guctctxt
|
|t:|1626724017
|switch|p2a: Toxapex|Toxapex, M|100/100
|-damage|p2a: Toxapex|88/100|[from] Stealth Rock
|move|p1a: Clefable|Wish|p1a: Clefable
|
|-heal|p2a: Toxapex|94/100|[from] item: Black Sludge
|upkeep
|turn|12
|
|t:|1626724033
|move|p2a: Toxapex|Light Screen|p2a: Toxapex
|-sidestart|p2: LT83AQ Skrr|move: Light Screen
|move|p1a: Clefable|Teleport|p1a: Clefable
|
|t:|1626724037
|switch|p1a: Kyurem|Kyurem|60/100|[from]move: Teleport
|-damage|p1a: Kyurem|35/100|[from] Stealth Rock
|-ability|p1a: Kyurem|Pressure
|
|-heal|p1a: Kyurem|85/100|[from] move: Wish|[wisher] Clefable
|-heal|p2a: Toxapex|100/100|[from] item: Black Sludge
|upkeep
|turn|13
|
|t:|1626724048
|switch|p1a: Clefable|Clefable, F|100/100
|move|p2a: Toxapex|Scald|p1a: Clefable
|-crit|p1a: Clefable
|-damage|p1a: Clefable|77/100
|-status|p1a: Clefable|brn
|
|-heal|p1a: Clefable|83/100 brn|[from] item: Leftovers
|upkeep
|turn|14
|
|t:|1626724059
|switch|p2a: Skarmory|Skarmory, M|100/100
|-damage|p2a: Skarmory|88/100|[from] Stealth Rock
|move|p1a: Clefable|Teleport|p1a: Clefable
|
|t:|1626724068
|switch|p1a: Zapdos|Zapdos|94/100|[from]move: Teleport
|
|upkeep
|turn|15
|j| PYT Schroeds
|
|t:|1626724079
|switch|p1a: Urshifu|Urshifu-Rapid-Strike, M|100/100
|-damage|p1a: Urshifu|94/100|[from] Stealth Rock
|switch|p2a: Hippowdon|Hippowdon, M|100/100
|-weather|Sandstorm|[from] ability: Sand Stream|[of] p2a: Hippowdon
|
|-weather|Sandstorm|[upkeep]
|-damage|p1a: Urshifu|88/100|[from] Sandstorm
|upkeep
|turn|16
|
|t:|1626724089
|switch|p2a: Toxapex|Toxapex, M|100/100
|-damage|p2a: Toxapex|88/100|[from] Stealth Rock
|move|p1a: Urshifu|U-turn|p2a: Toxapex
|-resisted|p2a: Toxapex
|-damage|p2a: Toxapex|79/100
|
|t:|1626724097
|switch|p1a: Excadrill|Excadrill, F|100/100|[from]move: U-turn
|-damage|p1a: Excadrill|97/100|[from] Stealth Rock
|
|-weather|Sandstorm|[upkeep]
|-damage|p2a: Toxapex|73/100|[from] Sandstorm
|-heal|p2a: Toxapex|79/100|[from] item: Black Sludge
|-sideend|p2: LT83AQ Skrr|move: Light Screen
|upkeep
|turn|17
|
|t:|1626724104
|switch|p2a: Skarmory|Skarmory, M|88/100
|-damage|p2a: Skarmory|76/100|[from] Stealth Rock
|move|p1a: Excadrill|Swords Dance|p1a: Excadrill
|-boost|p1a: Excadrill|atk|2
|
|-weather|Sandstorm|[upkeep]
|upkeep
|turn|18
|
|t:|1626724112
|move|p1a: Excadrill|Rock Slide|p2a: Skarmory
|-damage|p2a: Skarmory|39/100
|-damage|p1a: Excadrill|87/100|[from] item: Life Orb
|cant|p2a: Skarmory|flinch
|
|-weather|Sandstorm|[upkeep]
|upkeep
|turn|19
|c|☆LT83AQ Skrr|epic
|
|t:|1626724123
|move|p1a: Excadrill|Rock Slide|p2a: Skarmory
|-damage|p2a: Skarmory|0 fnt
|faint|p2a: Skarmory
|-damage|p1a: Excadrill|78/100|[from] item: Life Orb
|
|-weather|none
|upkeep
|
|t:|1626724127
|switch|p2a: Hippowdon|Hippowdon, M|100/100
|-weather|Sandstorm|[from] ability: Sand Stream|[of] p2a: Hippowdon
|turn|20
|l| p88888888
|inactive|Redemption has 120 seconds left.
|c| Marine Lepen 69|ez
|c| Marine Lepen 69|ez
|
|t:|1626724169
|switch|p1a: Clefable|Clefable, F|83/100 brn
|move|p2a: Hippowdon|Earthquake|p1a: Clefable
|-damage|p1a: Clefable|53/100 brn
|
|-weather|Sandstorm|[upkeep]
|-heal|p1a: Clefable|59/100 brn|[from] item: Leftovers
|upkeep
|turn|21
|c| Marine Lepen 69|ez
|c| Marine Lepen 69|ez
|
|t:|1626724188
|move|p1a: Clefable|Wish|p1a: Clefable
|move|p2a: Hippowdon|Earthquake|p1a: Clefable
|-damage|p1a: Clefable|29/100 brn
|
|-weather|Sandstorm|[upkeep]
|-heal|p1a: Clefable|36/100 brn|[from] item: Leftovers
|upkeep
|turn|22
|inactive|Redemption has 120 seconds left.
|
|t:|1626724197
|move|p1a: Clefable|Protect|p1a: Clefable
|-singleturn|p1a: Clefable|Protect
|move|p2a: Hippowdon|Earthquake|p1a: Clefable
|-activate|p1a: Clefable|move: Protect
|
|-weather|Sandstorm|[upkeep]
|-heal|p1a: Clefable|86/100 brn|[from] move: Wish|[wisher] Clefable
|-heal|p1a: Clefable|92/100 brn|[from] item: Leftovers
|upkeep
|turn|23
|
|t:|1626724205
|switch|p2a: Scizor|Scizor, M|100/100
|move|p1a: Clefable|Wish|p1a: Clefable
|
|-weather|Sandstorm|[upkeep]
|-heal|p1a: Clefable|98/100 brn|[from] item: Leftovers
|upkeep
|turn|24
|l| PYT Schroeds
|inactive|Redemption has 120 seconds left.
|
|t:|1626724221
|switch|p1a: Zapdos|Zapdos|94/100
|move|p2a: Scizor|Knock Off|p1a: Zapdos
|-damage|p1a: Zapdos|70/100
|-enditem|p1a: Zapdos|Heavy-Duty Boots|[from] move: Knock Off|[of] p2a: Scizor
|
|-weather|none
|-heal|p1a: Zapdos|100/100|[from] move: Wish|[wisher] Clefable
|upkeep
|turn|25
|inactive|Redemption has 120 seconds left.
|
|t:|1626724232
|switch|p2a: Hippowdon|Hippowdon, M|100/100
|-weather|Sandstorm|[from] ability: Sand Stream|[of] p2a: Hippowdon
|move|p1a: Zapdos|Heat Wave|p2a: Hippowdon
|-damage|p2a: Hippowdon|81/100
|
|-weather|Sandstorm|[upkeep]
|-damage|p1a: Zapdos|94/100|[from] Sandstorm
|upkeep
|turn|26
|
|t:|1626724245
|switch|p1a: Clefable|Clefable, F|98/100 brn
|move|p2a: Hippowdon|Slack Off|p2a: Hippowdon
|-heal|p2a: Hippowdon|100/100
|
|-weather|Sandstorm|[upkeep]
|-heal|p1a: Clefable|100/100 brn|[from] item: Leftovers
|upkeep
|turn|27
|
|t:|1626724257
|switch|p2a: Scizor|Scizor, M|100/100
|move|p1a: Clefable|Teleport|p1a: Clefable
|l| Marine Lepen 69
|
|t:|1626724262
|switch|p1a: Zapdos|Zapdos|94/100|[from]move: Teleport
|-damage|p1a: Zapdos|70/100|[from] Stealth Rock
|
|-weather|Sandstorm|[upkeep]
|-damage|p1a: Zapdos|64/100|[from] Sandstorm
|upkeep
|turn|28
|
|t:|1626724273
|switch|p2a: Clefable|Clefable, F|100/100
|move|p1a: Zapdos|Heat Wave|p2a: Clefable
|-damage|p2a: Clefable|80/100
|
|-weather|Sandstorm|[upkeep]
|-damage|p1a: Zapdos|58/100|[from] Sandstorm
|-heal|p2a: Clefable|86/100|[from] item: Leftovers
|upkeep
|turn|29
|
|t:|1626724284
|move|p1a: Zapdos|Roost|p1a: Zapdos
|-heal|p1a: Zapdos|100/100
|-singleturn|p1a: Zapdos|move: Roost
|move|p2a: Clefable|Moonblast|p1a: Zapdos
|-damage|p1a: Zapdos|68/100
|
|-weather|none
|-heal|p2a: Clefable|92/100|[from] item: Leftovers
|upkeep
|turn|30
|inactive|LT83AQ Skrr has 120 seconds left.
|
|t:|1626724337
|move|p1a: Zapdos|Volt Switch|p2a: Clefable
|-damage|p2a: Clefable|70/100
|
|t:|1626724344
|switch|p1a: Clefable|Clefable, F|100/100 brn|[from]move: Volt Switch
|move|p2a: Clefable|Moonblast|p1a: Clefable
|-damage|p1a: Clefable|72/100 brn
|
|-heal|p2a: Clefable|76/100|[from] item: Leftovers
|-heal|p1a: Clefable|78/100 brn|[from] item: Leftovers
|upkeep
|turn|31
|
|t:|1626724352
|move|p2a: Clefable|Knock Off|p1a: Clefable
|-resisted|p1a: Clefable
|-damage|p1a: Clefable|73/100 brn
|-enditem|p1a: Clefable|Leftovers|[from] move: Knock Off|[of] p2a: Clefable
|move|p1a: Clefable|Teleport|p1a: Clefable
|
|t:|1626724358
|switch|p1a: Excadrill|Excadrill, F|78/100|[from]move: Teleport
|-damage|p1a: Excadrill|74/100|[from] Stealth Rock
|
|-heal|p2a: Clefable|82/100|[from] item: Leftovers
|upkeep
|turn|32
|
|t:|1626724374
|switch|p2a: Hippowdon|Hippowdon, M|100/100
|-weather|Sandstorm|[from] ability: Sand Stream|[of] p2a: Hippowdon
|move|p1a: Excadrill|Earthquake|p2a: Hippowdon
|-damage|p2a: Hippowdon|56/100
|-damage|p1a: Excadrill|64/100|[from] item: Life Orb
|
|-weather|Sandstorm|[upkeep]
|upkeep
|turn|33
|
|t:|1626724383
|switch|p1a: Clefable|Clefable, F|73/100 brn
|move|p2a: Hippowdon|Slack Off|p2a: Hippowdon
|-heal|p2a: Hippowdon|100/100
|
|-weather|Sandstorm|[upkeep]
|upkeep
|turn|34
|
|t:|1626724398
|switch|p2a: Scizor|Scizor, M|100/100
|move|p1a: Clefable|Wish|p1a: Clefable
|
|-weather|Sandstorm|[upkeep]
|upkeep
|turn|35
|
|t:|1626724404
|switch|p1a: Zapdos|Zapdos|68/100
|-damage|p1a: Zapdos|43/100|[from] Stealth Rock
|move|p2a: Scizor|Bullet Punch|p1a: Zapdos
|-resisted|p1a: Zapdos
|-damage|p1a: Zapdos|33/100
|
|-weather|Sandstorm|[upkeep]
|-damage|p1a: Zapdos|27/100|[from] Sandstorm
|-heal|p1a: Zapdos|78/100|[from] move: Wish|[wisher] Clefable
|upkeep
|turn|36
|
|t:|1626724417
|switch|p2a: Hippowdon|Hippowdon, M|100/100
|move|p1a: Zapdos|Heat Wave|p2a: Hippowdon
|-damage|p2a: Hippowdon|82/100
|
|-weather|none
|upkeep
|turn|37
|
|t:|1626724432
|switch|p1a: Clefable|Clefable, F|73/100 brn
|switch|p2a: Tapu Koko|Tapu Koko|100/100
|-fieldstart|move: Electric Terrain|[from] ability: Electric Surge|[of] p2a: Tapu Koko
|
|upkeep
|turn|38
|
|t:|1626724444
|move|p1a: Clefable|Protect|p1a: Clefable
|-singleturn|p1a: Clefable|Protect
|move|p2a: Tapu Koko|U-turn|p1a: Clefable
|-activate|p1a: Clefable|move: Protect
|
|upkeep
|turn|39
|
|t:|1626724462
|move|p2a: Tapu Koko|Thunderbolt|p1a: Clefable
|-damage|p1a: Clefable|25/100 brn
|move|p1a: Clefable|Teleport|p1a: Clefable
|
|t:|1626724469
|switch|p1a: Excadrill|Excadrill, F|64/100|[from]move: Teleport
|-damage|p1a: Excadrill|61/100|[from] Stealth Rock
|
|upkeep
|turn|40
|j| LT83AQ M
|
|t:|1626724481
|move|p2a: Tapu Koko|U-turn|p1a: Excadrill
|-resisted|p1a: Excadrill
|-damage|p1a: Excadrill|49/100
|inactive|LT83AQ Skrr has 120 seconds left.
|
|t:|1626724522
|switch|p2a: Clefable|Clefable, F|82/100|[from]move: U-turn
|move|p1a: Excadrill|Swords Dance|p1a: Excadrill
|-boost|p1a: Excadrill|atk|2
|
|-heal|p2a: Clefable|88/100|[from] item: Leftovers
|upkeep
|turn|41
|
|t:|1626724532
|move|p1a: Excadrill|Earthquake|p2a: Clefable
|-damage|p2a: Clefable|0 fnt
|faint|p2a: Clefable
|-damage|p1a: Excadrill|39/100|[from] item: Life Orb
|
|-fieldend|move: Electric Terrain
|upkeep
|
|t:|1626724538
|switch|p2a: Scizor|Scizor, M|100/100
|turn|42
|
|t:|1626724549
|move|p2a: Scizor|Bullet Punch|p1a: Excadrill
|-resisted|p1a: Excadrill
|-damage|p1a: Excadrill|20/100
|move|p1a: Excadrill|Earthquake|p2a: Scizor
|-damage|p2a: Scizor|0 fnt
|faint|p2a: Scizor
|-damage|p1a: Excadrill|10/100|[from] item: Life Orb
|
|upkeep
|
|t:|1626724553
|switch|p2a: Tapu Koko|Tapu Koko|100/100
|-fieldstart|move: Electric Terrain|[from] ability: Electric Surge|[of] p2a: Tapu Koko
|turn|43
|inactive|Redemption has 120 seconds left.
|
|t:|1626724588
|switch|p1a: Tyranitar|Tyranitar, M|94/100 tox
|-damage|p1a: Tyranitar|82/100 tox|[from] Stealth Rock
|-weather|Sandstorm|[from] ability: Sand Stream|[of] p1a: Tyranitar
|move|p2a: Tapu Koko|Dazzling Gleam|p1a: Tyranitar
|-supereffective|p1a: Tyranitar
|-crit|p1a: Tyranitar
|-damage|p1a: Tyranitar|41/100 tox
|
|-weather|Sandstorm|[upkeep]
|-damage|p2a: Tapu Koko|94/100|[from] Sandstorm
|-damage|p1a: Tyranitar|35/100 tox|[from] psn
|upkeep
|turn|44
|inactive|Redemption has 120 seconds left.
|
|t:|1626724607
|move|p2a: Tapu Koko|U-turn|p1a: Tyranitar
|-supereffective|p1a: Tyranitar
|-damage|p1a: Tyranitar|9/100 tox
|
|t:|1626724616
|switch|p2a: Hippowdon|Hippowdon, M|82/100|[from]move: U-turn
|move|p1a: Tyranitar|Ice Beam|p2a: Hippowdon
|-supereffective|p2a: Hippowdon
|-damage|p2a: Hippowdon|52/100
|
|-weather|Sandstorm|[upkeep]
|-damage|p1a: Tyranitar|0 fnt|[from] psn
|faint|p1a: Tyranitar
|upkeep
|inactive|Redemption has 120 seconds left.
|j| Tiantian974
|
|t:|1626724625
|switch|p1a: Kyurem|Kyurem|85/100
|-damage|p1a: Kyurem|60/100|[from] Stealth Rock
|-ability|p1a: Kyurem|Pressure
|turn|45
|
|t:|1626724632
|switch|p2a: Toxapex|Toxapex, M|100/100
|-damage|p2a: Toxapex|88/100|[from] Stealth Rock
|move|p1a: Kyurem|Freeze-Dry|p2a: Toxapex
|-supereffective|p2a: Toxapex
|-damage|p2a: Toxapex|11/100
|
|-weather|Sandstorm|[upkeep]
|-damage|p1a: Kyurem|54/100|[from] Sandstorm
|-damage|p2a: Toxapex|5/100|[from] Sandstorm
|-heal|p2a: Toxapex|11/100|[from] item: Black Sludge
|upkeep
|turn|46
|
|t:|1626724644
|move|p1a: Kyurem|Freeze-Dry|p2a: Toxapex
|-supereffective|p2a: Toxapex
|-damage|p2a: Toxapex|0 fnt
|faint|p2a: Toxapex
|
|-weather|Sandstorm|[upkeep]
|-damage|p1a: Kyurem|48/100|[from] Sandstorm
|upkeep
|
|t:|1626724651
|switch|p2a: Tapu Koko|Tapu Koko|94/100
|turn|47
|
|t:|1626724660
|switch|p1a: Clefable|Clefable, F|25/100 brn
|move|p2a: Tapu Koko|Dazzling Gleam|p1a: Clefable
|-damage|p1a: Clefable|0 fnt
|faint|p1a: Clefable
|
|-weather|Sandstorm|[upkeep]
|-damage|p2a: Tapu Koko|88/100|[from] Sandstorm
|-fieldend|move: Electric Terrain
|upkeep
|j| p88888888
|
|t:|1626724669
|switch|p1a: Excadrill|Excadrill, F|10/100
|-damage|p1a: Excadrill|7/100|[from] Stealth Rock
|turn|48
|
|t:|1626724675
|switch|p2a: Hippowdon|Hippowdon, M|52/100
|move|p1a: Excadrill|Earthquake|p2a: Hippowdon
|-damage|p2a: Hippowdon|1/100
|-damage|p1a: Excadrill|0 fnt|[from] item: Life Orb
|faint|p1a: Excadrill
|
|-weather|Sandstorm|[upkeep]
|upkeep
|l| p88888888
|j| p88888888
|
|t:|1626724695
|switch|p1a: Kyurem|Kyurem|48/100
|-damage|p1a: Kyurem|23/100|[from] Stealth Rock
|-ability|p1a: Kyurem|Pressure
|turn|49
|
|t:|1626724712
|move|p1a: Kyurem|Ice Beam|p2a: Hippowdon
|-supereffective|p2a: Hippowdon
|-damage|p2a: Hippowdon|0 fnt
|faint|p2a: Hippowdon
|
|-weather|Sandstorm|[upkeep]
|-damage|p1a: Kyurem|17/100|[from] Sandstorm
|upkeep
|
|t:|1626724717
|switch|p2a: Tapu Koko|Tapu Koko|88/100
|-fieldstart|move: Electric Terrain|[from] ability: Electric Surge|[of] p2a: Tapu Koko
|turn|50
|
|t:|1626724739
|move|p2a: Tapu Koko|Thunderbolt|p1a: Kyurem
|-resisted|p1a: Kyurem
|-damage|p1a: Kyurem|0 fnt
|faint|p1a: Kyurem
|
|-weather|none
|upkeep
|
|t:|1626724755
|switch|p1a: Zapdos|Zapdos|78/100
|-damage|p1a: Zapdos|54/100|[from] Stealth Rock
|turn|51
|
|t:|1626724765
|move|p2a: Tapu Koko|Thunderbolt|p1a: Zapdos
|-damage|p1a: Zapdos|3/100
|move|p1a: Zapdos|Roost|p1a: Zapdos
|-heal|p1a: Zapdos|53/100
|-singleturn|p1a: Zapdos|move: Roost
|
|upkeep
|turn|52
|inactive|Redemption has 120 seconds left.
|
|t:|1626724807
|move|p2a: Tapu Koko|Thunderbolt|p1a: Zapdos
|-crit|p1a: Zapdos
|-damage|p1a: Zapdos|0 fnt
|faint|p1a: Zapdos
|
|upkeep
|
|t:|1626724815
|switch|p1a: Urshifu|Urshifu-Rapid-Strike, M|88/100
|-damage|p1a: Urshifu|82/100|[from] Stealth Rock
|turn|53
|
|t:|1626724830
|move|p1a: Urshifu|Surging Strikes|p2a: Tapu Koko
|-crit|p2a: Tapu Koko
|-damage|p2a: Tapu Koko|60/100
|-crit|p2a: Tapu Koko
|-damage|p2a: Tapu Koko|31/100
|-crit|p2a: Tapu Koko
|-damage|p2a: Tapu Koko|4/100
|-hitcount|p2a: Tapu Koko|3
|move|p2a: Tapu Koko|Thunderbolt|p1a: Urshifu
|-supereffective|p1a: Urshifu
|-damage|p1a: Urshifu|0 fnt
|faint|p1a: Urshifu
|
|win|LT83AQ Skrr
|raw|Redemption's rating: 1725 &rarr; <strong>1709</strong><br />(-16 for losing)
|raw|LT83AQ Skrr's rating: 1790 &rarr; <strong>1806</strong><br />(+16 for winning)
|l| LT83AQ M
|l| p88888888
||Ladder isn't responding, score probably updated but might not have (Request timeout).
|l|☆LT83AQ Skrr
|l| Tiantian974
