|j|☆matthew437
|j|☆Lunar Neo
|player|p1|matthew437|226|1378
|player|p2|Lunar Neo|248|1426
|teamsize|p1|6
|teamsize|p2|6
|gametype|singles
|gen|8
|tier|[Gen 8] OU
|rated|
|rule|Sleep Clause Mod: Limit one foe put to sleep
|rule|Species Clause: Limit one of each Pokémon
|rule|OHKO Clause: OHKO moves are banned
|rule|Moody Clause: Moody is banned
|rule|Evasion Moves Clause: Evasion moves are banned
|rule|Endless Battle Clause: Forcing endless battles is banned
|rule|HP Percentage Mod: HP is shown in percentages
|clearpoke
|poke|p1|Hydreigon, M|item
|poke|p1|Aegislash, F|item
|poke|p1|Dracovish|item
|poke|p1|Clefable, M|item
|poke|p1|Cinderace, M|item
|poke|p1|Rotom-Mow|item
|poke|p2|Hydreigon, F|item
|poke|p2|Mamoswine, F|item
|poke|p2|Aegislash, M|item
|poke|p2|Clefable, F|item
|poke|p2|Rotom-Wash|item
|poke|p2|Toxtricity, F|item
|teampreview
|
|start
|switch|p1a: Dracovish|Dracovish|100/100
|switch|p2a: Rotom|Rotom-Wash|100/100
|turn|1
|
|switch|p1a: Rotom|Rotom-Mow|100/100
|move|p2a: Rotom|Will-O-Wisp|p1a: Rotom
|-status|p1a: Rotom|brn
|
|-damage|p1a: Rotom|94/100 brn|[from] brn
|upkeep
|turn|2
|
|switch|p2a: Hydreigon|Hydreigon, F|100/100
|move|p1a: Rotom|Volt Switch|p2a: Hydreigon
|-resisted|p2a: Hydreigon
|-damage|p2a: Hydreigon|85/100
|
|switch|p1a: Clefable|Clefable, M|100/100|[from]move: Volt Switch
|
|-heal|p2a: Hydreigon|91/100|[from] item: Leftovers
|upkeep
|turn|3
|
|switch|p2a: Mamoswine|Mamoswine, F|100/100
|move|p1a: Clefable|Stealth Rock|p2a: Mamoswine
|-sidestart|p2: Lunar Neo|move: Stealth Rock
|
|upkeep
|turn|4
|
|move|p2a: Mamoswine|Stealth Rock|p1a: Clefable
|-sidestart|p1: matthew437|move: Stealth Rock
|move|p1a: Clefable|Moonblast|p2a: Mamoswine
|-damage|p2a: Mamoswine|65/100
|
|upkeep
|turn|5
|
|switch|p1a: Rotom|Rotom-Mow|94/100 brn
|-damage|p1a: Rotom|82/100 brn|[from] Stealth Rock
|move|p2a: Mamoswine|Earthquake|p1a: Rotom
|-immune|p1a: Rotom|[from] ability: Levitate
|
|-damage|p1a: Rotom|75/100 brn|[from] brn
|upkeep
|turn|6
|
|switch|p2a: Hydreigon|Hydreigon, F|91/100
|-damage|p2a: Hydreigon|79/100|[from] Stealth Rock
|move|p1a: Rotom|Leaf Storm|p2a: Hydreigon
|-resisted|p2a: Hydreigon
|-damage|p2a: Hydreigon|53/100
|-unboost|p1a: Rotom|spa|2
|
|-heal|p2a: Hydreigon|60/100|[from] item: Leftovers
|-damage|p1a: Rotom|69/100 brn|[from] brn
|upkeep
|turn|7
|
|move|p2a: Hydreigon|Substitute|p2a: Hydreigon
|-start|p2a: Hydreigon|Substitute
|-damage|p2a: Hydreigon|35/100
|move|p1a: Rotom|Volt Switch|p2a: Hydreigon
|-resisted|p2a: Hydreigon
|-activate|p2a: Hydreigon|move: Substitute|[damage]
|
|switch|p1a: Clefable|Clefable, M|100/100|[from]move: Volt Switch
|
|-heal|p2a: Hydreigon|41/100|[from] item: Leftovers
|upkeep
|turn|8
|
|switch|p2a: Toxtricity|Toxtricity, F|100/100
|-damage|p2a: Toxtricity|88/100|[from] Stealth Rock
|move|p1a: Clefable|Moonblast|p2a: Toxtricity
|-resisted|p2a: Toxtricity
|-damage|p2a: Toxtricity|64/100
|-unboost|p2a: Toxtricity|spa|1
|
|upkeep
|turn|9
|
|move|p1a: Clefable|Protect|p1a: Clefable
|-singleturn|p1a: Clefable|Protect
|move|p2a: Toxtricity|Volt Switch|p1a: Clefable
|-activate|p1a: Clefable|move: Protect
|
|upkeep
|turn|10
|
|move|p2a: Toxtricity|Volt Switch|p1a: Clefable
|-damage|p1a: Clefable|67/100
|
|switch|p2a: Aegislash|Aegislash, M|100/100|[from]move: Volt Switch
|-damage|p2a: Aegislash|94/100|[from] Stealth Rock
|move|p1a: Clefable|Wish|p1a: Clefable
|
|-heal|p1a: Clefable|73/100|[from] item: Leftovers
|-heal|p2a: Aegislash|100/100|[from] item: Leftovers
|upkeep
|turn|11
|
|switch|p1a: Hydreigon|Hydreigon, M|100/100
|-damage|p1a: Hydreigon|88/100|[from] Stealth Rock
|-formechange|p2a: Aegislash|Aegislash-Blade||[from] ability: Stance Change
|move|p2a: Aegislash|Flash Cannon|p1a: Hydreigon
|-damage|p1a: Hydreigon|38/100
|-unboost|p1a: Hydreigon|spd|1
|
|-heal|p1a: Hydreigon|99/100|[from] move: Wish|[wisher] Clefable
|-heal|p1a: Hydreigon|100/100|[from] item: Leftovers
|upkeep
|turn|12
|
|switch|p2a: Clefable|Clefable, F|100/100
|move|p1a: Hydreigon|Substitute|p1a: Hydreigon
|-start|p1a: Hydreigon|Substitute
|-damage|p1a: Hydreigon|76/100
|
|-heal|p1a: Hydreigon|82/100|[from] item: Leftovers
|upkeep
|turn|13
|
|move|p1a: Hydreigon|Flash Cannon|p2a: Clefable
|-supereffective|p2a: Clefable
|-damage|p2a: Clefable|55/100
|move|p2a: Clefable|Moonblast|p1a: Hydreigon
|-supereffective|p1a: Hydreigon
|-end|p1a: Hydreigon|Substitute
|
|-heal|p1a: Hydreigon|88/100|[from] item: Leftovers
|-heal|p2a: Clefable|61/100|[from] item: Leftovers
|upkeep
|turn|14
|inactive|Battle timer is ON: inactive players will automatically lose when time's up. (requested by Lunar Neo)
|
|switch|p1a: Aegislash|Aegislash, F|100/100
|-damage|p1a: Aegislash|94/100|[from] Stealth Rock
|move|p2a: Clefable|Moonlight|p2a: Clefable
|-heal|p2a: Clefable|100/100
|
|upkeep
|turn|15
|
|switch|p2a: Rotom|Rotom-Wash|100/100
|-damage|p2a: Rotom|88/100|[from] Stealth Rock
|-formechange|p1a: Aegislash|Aegislash-Blade||[from] ability: Stance Change
|move|p1a: Aegislash|Shadow Ball|p2a: Rotom
|-damage|p2a: Rotom|27/100
|
|-heal|p2a: Rotom|33/100|[from] item: Leftovers
|upkeep
|turn|16
|
|-formechange|p1a: Aegislash|Aegislash||[from] ability: Stance Change
|move|p1a: Aegislash|King's Shield|p1a: Aegislash
|-singleturn|p1a: Aegislash|Protect
|move|p2a: Rotom|Volt Switch|p1a: Aegislash
|-activate|p1a: Aegislash|move: Protect
|
|-heal|p2a: Rotom|39/100|[from] item: Leftovers
|upkeep
|turn|17
|
|move|p2a: Rotom|Volt Switch|p1a: Aegislash
|-damage|p1a: Aegislash|75/100
|
|switch|p2a: Hydreigon|Hydreigon, F|41/100|[from]move: Volt Switch
|-damage|p2a: Hydreigon|29/100|[from] Stealth Rock
|-formechange|p1a: Aegislash|Aegislash-Blade||[from] ability: Stance Change
|move|p1a: Aegislash|Shadow Ball|p2a: Hydreigon
|-resisted|p2a: Hydreigon
|-damage|p2a: Hydreigon|0 fnt
|faint|p2a: Hydreigon
|
|upkeep
|
|switch|p2a: Mamoswine|Mamoswine, F|65/100
|-damage|p2a: Mamoswine|53/100|[from] Stealth Rock
|turn|18
|
|switch|p1a: Clefable|Clefable, M|73/100
|move|p2a: Mamoswine|Earthquake|p1a: Clefable
|-damage|p1a: Clefable|32/100
|
|-heal|p1a: Clefable|38/100|[from] item: Leftovers
|upkeep
|turn|19
|
|move|p1a: Clefable|Protect|p1a: Clefable
|-singleturn|p1a: Clefable|Protect
|move|p2a: Mamoswine|Earthquake|p1a: Clefable
|-activate|p1a: Clefable|move: Protect
|
|-heal|p1a: Clefable|44/100|[from] item: Leftovers
|upkeep
|turn|20
|
|move|p2a: Mamoswine|Earthquake|p1a: Clefable
|-damage|p1a: Clefable|0 fnt
|faint|p1a: Clefable
|
|upkeep
|
|switch|p1a: Cinderace|Cinderace, M|100/100
|turn|21
|
|move|p1a: Cinderace|Pyro Ball|p2a: Mamoswine|[miss]
|-miss|p1a: Cinderace|p2a: Mamoswine
|move|p2a: Mamoswine|Earthquake|p1a: Cinderace
|-supereffective|p1a: Cinderace
|-crit|p1a: Cinderace
|-damage|p1a: Cinderace|0 fnt
|faint|p1a: Cinderace
|
|upkeep
|c|☆matthew437|AHHH
|
|switch|p1a: Dracovish|Dracovish|100/100
|-damage|p1a: Dracovish|88/100|[from] Stealth Rock
|turn|22
|
|move|p2a: Mamoswine|Ice Shard|p1a: Dracovish
|-damage|p1a: Dracovish|62/100
|move|p1a: Dracovish|Fishious Rend|p2a: Mamoswine
|-supereffective|p2a: Mamoswine
|-damage|p2a: Mamoswine|0 fnt
|faint|p2a: Mamoswine
|
|upkeep
|
|switch|p2a: Aegislash|Aegislash, M|100/100
|-damage|p2a: Aegislash|94/100|[from] Stealth Rock
|turn|23
|
|move|p1a: Dracovish|Fishious Rend|p2a: Aegislash
|-damage|p2a: Aegislash|23/100
|-formechange|p2a: Aegislash|Aegislash-Blade||[from] ability: Stance Change
|move|p2a: Aegislash|Shadow Ball|p1a: Dracovish
|-damage|p1a: Dracovish|11/100
|-unboost|p1a: Dracovish|spd|1
|
|-heal|p2a: Aegislash|29/100|[from] item: Leftovers
|upkeep
|turn|24
|
|switch|p1a: Hydreigon|Hydreigon, M|88/100
|-damage|p1a: Hydreigon|76/100|[from] Stealth Rock
|-formechange|p2a: Aegislash|Aegislash||[from] ability: Stance Change
|move|p2a: Aegislash|King's Shield||[still]
|-fail|p2a: Aegislash
|
|-heal|p1a: Hydreigon|82/100|[from] item: Leftovers
|-heal|p2a: Aegislash|35/100|[from] item: Leftovers
|upkeep
|turn|25
|
|switch|p2a: Clefable|Clefable, F|100/100
|move|p1a: Hydreigon|Nasty Plot|p1a: Hydreigon
|-boost|p1a: Hydreigon|spa|2
|
|-heal|p1a: Hydreigon|88/100|[from] item: Leftovers
|upkeep
|turn|26
|
|-start|p1a: Hydreigon|Dynamax
|-heal|p1a: Hydreigon|88/100|[silent]
|move|p1a: Hydreigon|Max Steelspike|p2a: Clefable
|-supereffective|p2a: Clefable
|-damage|p2a: Clefable|0 fnt
|-boost|p1a: Hydreigon|def|1
|faint|p2a: Clefable
|
|-heal|p1a: Hydreigon|94/100|[from] item: Leftovers
|upkeep
|-message|Lunar Neo forfeited.
|
|win|matthew437
|l|☆Lunar Neo
||Ladder (probably) updated, but score could not be retrieved (Response not received).
