|raw|<div class="broadcast-blue"><strong>This battle is required to be public due to a player having a name starting with 'lt93oq'.</div>
|j|☆LT93OQ Lio
|j|☆Ayante
|t:|1660344260
|gametype|singles
|player|p1|LT93OQ Lio|2|1728
|player|p2|Ayante|unknown|1762
|teamsize|p1|6
|teamsize|p2|6
|gen|8
|tier|[Gen 8] OU
|rated|
|rule|Sleep Clause Mod: Limit one foe put to sleep
|rule|Species Clause: Limit one of each Pokémon
|rule|OHKO Clause: OHKO moves are banned
|rule|Evasion Items Clause: Evasion items are banned
|rule|Evasion Moves Clause: Evasion moves are banned
|rule|Endless Battle Clause: Forcing endless battles is banned
|rule|HP Percentage Mod: HP is shown in percentages
|rule|Dynamax Clause: You cannot dynamax
|clearpoke
|poke|p1|Keldeo-Resolute|
|poke|p1|Kartana|
|poke|p1|Heatran, M|
|poke|p1|Landorus-Therian, M|
|poke|p1|Dragapult, F|
|poke|p1|Clefable, F|
|poke|p2|Mandibuzz, F|
|poke|p2|Excadrill, F|
|poke|p2|Tapu Lele|
|poke|p2|Kartana|
|poke|p2|Toxapex, F|
|poke|p2|Landorus-Therian, M|
|teampreview
|inactive|Battle timer is ON: inactive players will automatically lose when time's up. (requested by Ayante)
|
|t:|1660344271
|start
|switch|p1a: Landorus|Landorus-Therian, M|100/100
|switch|p2a: Landorus|Landorus-Therian, M|100/100
|-ability|p2a: Landorus|Intimidate|boost
|-unboost|p1a: Landorus|atk|1
|-ability|p1a: Landorus|Intimidate|boost
|-unboost|p2a: Landorus|atk|1
|turn|1
|
|t:|1660344274
|move|p2a: Landorus|Toxic|p1a: Landorus
|-status|p1a: Landorus|tox
|move|p1a: Landorus|Toxic|p2a: Landorus
|-status|p2a: Landorus|tox
|
|-damage|p2a: Landorus|95/100 tox|[from] psn
|-damage|p1a: Landorus|94/100 tox|[from] psn
|upkeep
|turn|2
|
|t:|1660344276
|move|p2a: Landorus|Knock Off|p1a: Landorus
|-damage|p1a: Landorus|77/100 tox
|-enditem|p1a: Landorus|Leftovers|[from] move: Knock Off|[of] p2a: Landorus
|move|p1a: Landorus|U-turn|p2a: Landorus
|-resisted|p2a: Landorus
|-damage|p2a: Landorus|85/100 tox
|
|t:|1660344279
|switch|p1a: Keldeo|Keldeo-Resolute|100/100|[from]move: U-turn
|
|-heal|p2a: Landorus|91/100 tox|[from] item: Leftovers
|-damage|p2a: Landorus|79/100 tox|[from] psn
|upkeep
|turn|3
|
|t:|1660344282
|switch|p2a: Toxapex|Toxapex, F|100/100
|move|p1a: Keldeo|Substitute|p1a: Keldeo
|-start|p1a: Keldeo|Substitute
|-damage|p1a: Keldeo|76/100
|
|-heal|p1a: Keldeo|82/100|[from] item: Leftovers
|upkeep
|turn|4
|
|t:|1660344287
|move|p1a: Keldeo|Calm Mind|p1a: Keldeo
|-boost|p1a: Keldeo|spa|1
|-boost|p1a: Keldeo|spd|1
|move|p2a: Toxapex|Poison Jab|p1a: Keldeo
|-activate|p1a: Keldeo|move: Substitute|[damage]
|
|-heal|p1a: Keldeo|88/100|[from] item: Leftovers
|upkeep
|turn|5
|
|t:|1660344291
|move|p1a: Keldeo|Scald|p2a: Toxapex
|-resisted|p2a: Toxapex
|-damage|p2a: Toxapex|74/100
|move|p2a: Toxapex|Poison Jab|p1a: Keldeo
|-end|p1a: Keldeo|Substitute
|
|-heal|p1a: Keldeo|94/100|[from] item: Leftovers
|upkeep
|turn|6
|
|t:|1660344294
|move|p1a: Keldeo|Substitute|p1a: Keldeo
|-start|p1a: Keldeo|Substitute
|-damage|p1a: Keldeo|70/100
|move|p2a: Toxapex|Poison Jab|p1a: Keldeo
|-activate|p1a: Keldeo|move: Substitute|[damage]
|
|-heal|p1a: Keldeo|76/100|[from] item: Leftovers
|upkeep
|turn|7
|
|t:|1660344296
|move|p1a: Keldeo|Scald|p2a: Toxapex
|-resisted|p2a: Toxapex
|-damage|p2a: Toxapex|50/100
|move|p2a: Toxapex|Poison Jab|p1a: Keldeo
|-end|p1a: Keldeo|Substitute
|
|-heal|p1a: Keldeo|82/100|[from] item: Leftovers
|upkeep
|turn|8
|
|t:|1660344300
|move|p1a: Keldeo|Substitute|p1a: Keldeo
|-start|p1a: Keldeo|Substitute
|-damage|p1a: Keldeo|57/100
|move|p2a: Toxapex|Recover|p2a: Toxapex
|-heal|p2a: Toxapex|100/100
|
|-heal|p1a: Keldeo|63/100|[from] item: Leftovers
|upkeep
|turn|9
|
|t:|1660344304
|move|p1a: Keldeo|Scald|p2a: Toxapex
|-resisted|p2a: Toxapex
|-damage|p2a: Toxapex|75/100
|move|p2a: Toxapex|Poison Jab|p1a: Keldeo
|-activate|p1a: Keldeo|move: Substitute|[damage]
|
|-heal|p1a: Keldeo|70/100|[from] item: Leftovers
|upkeep
|turn|10
|
|t:|1660344307
|move|p1a: Keldeo|Scald|p2a: Toxapex
|-resisted|p2a: Toxapex
|-damage|p2a: Toxapex|48/100
|move|p2a: Toxapex|Poison Jab|p1a: Keldeo
|-end|p1a: Keldeo|Substitute
|
|-heal|p1a: Keldeo|76/100|[from] item: Leftovers
|upkeep
|turn|11
|
|t:|1660344310
|move|p1a: Keldeo|Substitute|p1a: Keldeo
|-start|p1a: Keldeo|Substitute
|-damage|p1a: Keldeo|51/100
|move|p2a: Toxapex|Recover|p2a: Toxapex
|-heal|p2a: Toxapex|98/100
|
|-heal|p1a: Keldeo|57/100|[from] item: Leftovers
|upkeep
|turn|12
|
|t:|1660344314
|move|p1a: Keldeo|Scald|p2a: Toxapex
|-resisted|p2a: Toxapex
|-damage|p2a: Toxapex|72/100
|-status|p2a: Toxapex|brn
|move|p2a: Toxapex|Poison Jab|p1a: Keldeo
|-activate|p1a: Keldeo|move: Substitute|[damage]
|
|-heal|p1a: Keldeo|63/100|[from] item: Leftovers
|-damage|p2a: Toxapex|65/100 brn|[from] brn
|upkeep
|turn|13
|
|t:|1660344316
|move|p1a: Keldeo|Calm Mind|p1a: Keldeo
|-boost|p1a: Keldeo|spa|1
|-boost|p1a: Keldeo|spd|1
|move|p2a: Toxapex|Poison Jab|p1a: Keldeo
|-activate|p1a: Keldeo|move: Substitute|[damage]
|
|-heal|p1a: Keldeo|70/100|[from] item: Leftovers
|-damage|p2a: Toxapex|59/100 brn|[from] brn
|upkeep
|turn|14
|
|t:|1660344319
|move|p1a: Keldeo|Calm Mind|p1a: Keldeo
|-boost|p1a: Keldeo|spa|1
|-boost|p1a: Keldeo|spd|1
|move|p2a: Toxapex|Recover|p2a: Toxapex
|-heal|p2a: Toxapex|100/100 brn
|
|-heal|p1a: Keldeo|76/100|[from] item: Leftovers
|-damage|p2a: Toxapex|94/100 brn|[from] brn
|upkeep
|turn|15
|
|t:|1660344321
|move|p1a: Keldeo|Calm Mind|p1a: Keldeo
|-boost|p1a: Keldeo|spa|1
|-boost|p1a: Keldeo|spd|1
|move|p2a: Toxapex|Haze|p2a: Toxapex
|-clearallboost
|
|-heal|p1a: Keldeo|82/100|[from] item: Leftovers
|-damage|p2a: Toxapex|88/100 brn|[from] brn
|upkeep
|turn|16
|
|t:|1660344323
|move|p1a: Keldeo|Calm Mind|p1a: Keldeo
|-boost|p1a: Keldeo|spa|1
|-boost|p1a: Keldeo|spd|1
|move|p2a: Toxapex|Poison Jab|p1a: Keldeo
|-end|p1a: Keldeo|Substitute
|
|-heal|p1a: Keldeo|88/100|[from] item: Leftovers
|-damage|p2a: Toxapex|82/100 brn|[from] brn
|upkeep
|turn|17
|
|t:|1660344327
|move|p1a: Keldeo|Substitute|p1a: Keldeo
|-start|p1a: Keldeo|Substitute
|-damage|p1a: Keldeo|63/100
|move|p2a: Toxapex|Haze|p2a: Toxapex
|-clearallboost
|
|-heal|p1a: Keldeo|70/100|[from] item: Leftovers
|-damage|p2a: Toxapex|75/100 brn|[from] brn
|upkeep
|turn|18
|
|t:|1660344331
|move|p1a: Keldeo|Calm Mind|p1a: Keldeo
|-boost|p1a: Keldeo|spa|1
|-boost|p1a: Keldeo|spd|1
|move|p2a: Toxapex|Haze|p2a: Toxapex
|-clearallboost
|
|-heal|p1a: Keldeo|76/100|[from] item: Leftovers
|-damage|p2a: Toxapex|69/100 brn|[from] brn
|upkeep
|turn|19
|
|t:|1660344334
|move|p1a: Keldeo|Calm Mind|p1a: Keldeo
|-boost|p1a: Keldeo|spa|1
|-boost|p1a: Keldeo|spd|1
|move|p2a: Toxapex|Poison Jab|p1a: Keldeo
|-activate|p1a: Keldeo|move: Substitute|[damage]
|
|-heal|p1a: Keldeo|82/100|[from] item: Leftovers
|-damage|p2a: Toxapex|63/100 brn|[from] brn
|upkeep
|turn|20
|j| LT93OQ rej?
|
|t:|1660344337
|move|p1a: Keldeo|Calm Mind|p1a: Keldeo
|-boost|p1a: Keldeo|spa|1
|-boost|p1a: Keldeo|spd|1
|move|p2a: Toxapex|Recover|p2a: Toxapex
|-heal|p2a: Toxapex|100/100 brn
|
|-heal|p1a: Keldeo|88/100|[from] item: Leftovers
|-damage|p2a: Toxapex|94/100 brn|[from] brn
|upkeep
|turn|21
|
|t:|1660344341
|move|p1a: Keldeo|Secret Sword|p2a: Toxapex
|-resisted|p2a: Toxapex
|-damage|p2a: Toxapex|68/100 brn
|move|p2a: Toxapex|Haze|p2a: Toxapex
|-clearallboost
|
|-heal|p1a: Keldeo|94/100|[from] item: Leftovers
|-damage|p2a: Toxapex|61/100 brn|[from] brn
|upkeep
|turn|22
|
|t:|1660344345
|move|p1a: Keldeo|Calm Mind|p1a: Keldeo
|-boost|p1a: Keldeo|spa|1
|-boost|p1a: Keldeo|spd|1
|move|p2a: Toxapex|Haze|p2a: Toxapex
|-clearallboost
|
|-heal|p1a: Keldeo|100/100|[from] item: Leftovers
|-damage|p2a: Toxapex|55/100 brn|[from] brn
|upkeep
|turn|23
|
|t:|1660344347
|move|p1a: Keldeo|Calm Mind|p1a: Keldeo
|-boost|p1a: Keldeo|spa|1
|-boost|p1a: Keldeo|spd|1
|move|p2a: Toxapex|Haze|p2a: Toxapex
|-clearallboost
|
|-damage|p2a: Toxapex|49/100 brn|[from] brn
|upkeep
|turn|24
|j| amogusroxyrrrr
|
|t:|1660344349
|move|p1a: Keldeo|Calm Mind|p1a: Keldeo
|-boost|p1a: Keldeo|spa|1
|-boost|p1a: Keldeo|spd|1
|move|p2a: Toxapex|Recover|p2a: Toxapex
|-heal|p2a: Toxapex|99/100 brn
|
|-damage|p2a: Toxapex|93/100 brn|[from] brn
|upkeep
|turn|25
|
|t:|1660344354
|move|p1a: Keldeo|Scald|p2a: Toxapex
|-resisted|p2a: Toxapex
|-crit|p2a: Toxapex
|-damage|p2a: Toxapex|56/100 brn
|move|p2a: Toxapex|Haze|p2a: Toxapex
|-clearallboost
|
|-damage|p2a: Toxapex|50/100 brn|[from] brn
|upkeep
|turn|26
|
|t:|1660344360
|move|p1a: Keldeo|Calm Mind|p1a: Keldeo
|-boost|p1a: Keldeo|spa|1
|-boost|p1a: Keldeo|spd|1
|move|p2a: Toxapex|Recover|p2a: Toxapex
|-heal|p2a: Toxapex|99/100 brn
|
|-damage|p2a: Toxapex|94/100 brn|[from] brn
|upkeep
|turn|27
|
|t:|1660344363
|move|p1a: Keldeo|Scald|p2a: Toxapex
|-resisted|p2a: Toxapex
|-damage|p2a: Toxapex|69/100 brn
|move|p2a: Toxapex|Haze|p2a: Toxapex
|-clearallboost
|
|-damage|p2a: Toxapex|63/100 brn|[from] brn
|upkeep
|turn|28
|
|t:|1660344366
|move|p1a: Keldeo|Calm Mind|p1a: Keldeo
|-boost|p1a: Keldeo|spa|1
|-boost|p1a: Keldeo|spd|1
|move|p2a: Toxapex|Haze|p2a: Toxapex
|-clearallboost
|
|-damage|p2a: Toxapex|56/100 brn|[from] brn
|upkeep
|turn|29
|
|t:|1660344369
|move|p1a: Keldeo|Calm Mind|p1a: Keldeo
|-boost|p1a: Keldeo|spa|1
|-boost|p1a: Keldeo|spd|1
|move|p2a: Toxapex|Recover|p2a: Toxapex
|-heal|p2a: Toxapex|100/100 brn
|
|-damage|p2a: Toxapex|94/100 brn|[from] brn
|upkeep
|turn|30
|
|t:|1660344374
|move|p1a: Keldeo|Secret Sword|p2a: Toxapex
|-resisted|p2a: Toxapex
|-damage|p2a: Toxapex|73/100 brn
|move|p2a: Toxapex|Haze|p2a: Toxapex
|-clearallboost
|
|-damage|p2a: Toxapex|67/100 brn|[from] brn
|upkeep
|turn|31
|
|t:|1660344378
|move|p1a: Keldeo|Calm Mind|p1a: Keldeo
|-boost|p1a: Keldeo|spa|1
|-boost|p1a: Keldeo|spd|1
|move|p2a: Toxapex|Poison Jab|p1a: Keldeo
|-activate|p1a: Keldeo|move: Substitute|[damage]
|
|-damage|p2a: Toxapex|61/100 brn|[from] brn
|upkeep
|turn|32
|
|t:|1660344381
|move|p1a: Keldeo|Scald|p2a: Toxapex
|-resisted|p2a: Toxapex
|-damage|p2a: Toxapex|35/100 brn
|move|p2a: Toxapex|Recover|p2a: Toxapex
|-heal|p2a: Toxapex|85/100 brn
|
|-damage|p2a: Toxapex|79/100 brn|[from] brn
|upkeep
|turn|33
|
|t:|1660344384
|move|p1a: Keldeo|Scald|p2a: Toxapex
|-resisted|p2a: Toxapex
|-damage|p2a: Toxapex|54/100 brn
|move|p2a: Toxapex|Haze|p2a: Toxapex
|-clearallboost
|
|-damage|p2a: Toxapex|48/100 brn|[from] brn
|upkeep
|turn|34
|
|t:|1660344387
|move|p1a: Keldeo|Calm Mind|p1a: Keldeo
|-boost|p1a: Keldeo|spa|1
|-boost|p1a: Keldeo|spd|1
|move|p2a: Toxapex|Haze|p2a: Toxapex
|-clearallboost
|
|-damage|p2a: Toxapex|42/100 brn|[from] brn
|upkeep
|turn|35
|
|t:|1660344389
|move|p1a: Keldeo|Calm Mind|p1a: Keldeo
|-boost|p1a: Keldeo|spa|1
|-boost|p1a: Keldeo|spd|1
|move|p2a: Toxapex|Recover|p2a: Toxapex
|-heal|p2a: Toxapex|92/100 brn
|
|-damage|p2a: Toxapex|85/100 brn|[from] brn
|upkeep
|turn|36
|
|t:|1660344391
|move|p1a: Keldeo|Scald|p2a: Toxapex
|-resisted|p2a: Toxapex
|-damage|p2a: Toxapex|59/100 brn
|move|p2a: Toxapex|Haze|p2a: Toxapex
|-clearallboost
|
|-damage|p2a: Toxapex|52/100 brn|[from] brn
|upkeep
|turn|37
|
|t:|1660344393
|move|p1a: Keldeo|Calm Mind|p1a: Keldeo
|-boost|p1a: Keldeo|spa|1
|-boost|p1a: Keldeo|spd|1
|move|p2a: Toxapex|Haze|p2a: Toxapex
|-clearallboost
|
|-damage|p2a: Toxapex|46/100 brn|[from] brn
|upkeep
|turn|38
|j| Test00tsd5
|
|t:|1660344395
|move|p1a: Keldeo|Calm Mind|p1a: Keldeo
|-boost|p1a: Keldeo|spa|1
|-boost|p1a: Keldeo|spd|1
|move|p2a: Toxapex|Recover|p2a: Toxapex
|-heal|p2a: Toxapex|96/100 brn
|
|-damage|p2a: Toxapex|90/100 brn|[from] brn
|upkeep
|turn|39
|
|t:|1660344397
|move|p1a: Keldeo|Scald|p2a: Toxapex
|-resisted|p2a: Toxapex
|-damage|p2a: Toxapex|67/100 brn
|move|p2a: Toxapex|Haze|p2a: Toxapex
|-clearallboost
|
|-damage|p2a: Toxapex|60/100 brn|[from] brn
|upkeep
|turn|40
|
|t:|1660344400
|move|p1a: Keldeo|Calm Mind|p1a: Keldeo
|-boost|p1a: Keldeo|spa|1
|-boost|p1a: Keldeo|spd|1
|move|p2a: Toxapex|Haze|p2a: Toxapex
|-clearallboost
|
|-damage|p2a: Toxapex|54/100 brn|[from] brn
|upkeep
|turn|41
|
|t:|1660344402
|move|p1a: Keldeo|Calm Mind|p1a: Keldeo
|-boost|p1a: Keldeo|spa|1
|-boost|p1a: Keldeo|spd|1
|move|p2a: Toxapex|Recover|p2a: Toxapex
|-heal|p2a: Toxapex|100/100 brn
|
|-damage|p2a: Toxapex|94/100 brn|[from] brn
|upkeep
|turn|42
|
|t:|1660344407
|move|p1a: Keldeo|Scald|p2a: Toxapex
|-resisted|p2a: Toxapex
|-damage|p2a: Toxapex|67/100 brn
|move|p2a: Toxapex|Haze|p2a: Toxapex
|-clearallboost
|
|-damage|p2a: Toxapex|61/100 brn|[from] brn
|upkeep
|turn|43
|
|t:|1660344413
|switch|p2a: Mandibuzz|Mandibuzz, F|100/100
|move|p1a: Keldeo|Calm Mind|p1a: Keldeo
|-boost|p1a: Keldeo|spa|1
|-boost|p1a: Keldeo|spd|1
|
|upkeep
|turn|44
|
|t:|1660344416
|switch|p2a: Toxapex|Toxapex, F|94/100 brn
|move|p1a: Keldeo|Calm Mind|p1a: Keldeo
|-boost|p1a: Keldeo|spa|1
|-boost|p1a: Keldeo|spd|1
|
|-damage|p2a: Toxapex|88/100 brn|[from] brn
|upkeep
|turn|45
|
|t:|1660344421
|move|p1a: Keldeo|Scald|p2a: Toxapex
|-resisted|p2a: Toxapex
|-damage|p2a: Toxapex|52/100 brn
|move|p2a: Toxapex|Haze|p2a: Toxapex
|-clearallboost
|
|-damage|p2a: Toxapex|46/100 brn|[from] brn
|upkeep
|turn|46
|
|t:|1660344423
|switch|p2a: Mandibuzz|Mandibuzz, F|100/100
|move|p1a: Keldeo|Calm Mind|p1a: Keldeo
|-boost|p1a: Keldeo|spa|1
|-boost|p1a: Keldeo|spd|1
|
|upkeep
|turn|47
|
|t:|1660344428
|switch|p2a: Toxapex|Toxapex, F|79/100 brn
|move|p1a: Keldeo|Calm Mind|p1a: Keldeo
|-boost|p1a: Keldeo|spa|1
|-boost|p1a: Keldeo|spd|1
|
|-damage|p2a: Toxapex|73/100 brn|[from] brn
|upkeep
|turn|48
|
|t:|1660344431
|move|p1a: Keldeo|Scald|p2a: Toxapex
|-resisted|p2a: Toxapex
|-damage|p2a: Toxapex|42/100 brn
|move|p2a: Toxapex|Haze|p2a: Toxapex
|-clearallboost
|
|-damage|p2a: Toxapex|36/100 brn|[from] brn
|upkeep
|turn|49
|
|t:|1660344437
|move|p1a: Keldeo|Calm Mind|p1a: Keldeo
|-boost|p1a: Keldeo|spa|1
|-boost|p1a: Keldeo|spd|1
|move|p2a: Toxapex|Recover|p2a: Toxapex
|-heal|p2a: Toxapex|86/100 brn
|
|-damage|p2a: Toxapex|79/100 brn|[from] brn
|upkeep
|turn|50
|j| zftfctzdfof
|
|t:|1660344440
|move|p1a: Keldeo|Scald|p2a: Toxapex
|-resisted|p2a: Toxapex
|-damage|p2a: Toxapex|55/100 brn
|move|p2a: Toxapex|Haze|p2a: Toxapex
|-clearallboost
|
|-damage|p2a: Toxapex|49/100 brn|[from] brn
|upkeep
|turn|51
|
|t:|1660344446
|switch|p1a: Heatran|Heatran, M|100/100
|switch|p2a: Mandibuzz|Mandibuzz, F|100/100
|
|upkeep
|turn|52
|
|t:|1660344451
|move|p2a: Mandibuzz|U-turn|p1a: Heatran
|-resisted|p1a: Heatran
|-damage|p1a: Heatran|99/100
|
|t:|1660344453
|switch|p2a: Toxapex|Toxapex, F|82/100 brn|[from]move: U-turn
|move|p1a: Heatran|Stealth Rock|p2a: Toxapex
|-sidestart|p2: Ayante|move: Stealth Rock
|
|-heal|p1a: Heatran|100/100|[from] item: Leftovers
|-damage|p2a: Toxapex|75/100 brn|[from] brn
|upkeep
|turn|53
|j| egal★vanc
|
|t:|1660344457
|move|p1a: Heatran|Earth Power|p2a: Toxapex
|-supereffective|p2a: Toxapex
|-damage|p2a: Toxapex|34/100 brn
|move|p2a: Toxapex|Knock Off|p1a: Heatran
|-damage|p1a: Heatran|94/100
|-enditem|p1a: Heatran|Leftovers|[from] move: Knock Off|[of] p2a: Toxapex
|
|-damage|p2a: Toxapex|28/100 brn|[from] brn
|upkeep
|turn|54
|j| chokst du
|
|t:|1660344460
|switch|p2a: Mandibuzz|Mandibuzz, F|100/100
|move|p1a: Heatran|Magma Storm|p2a: Mandibuzz|[miss]
|-miss|p1a: Heatran|p2a: Mandibuzz
|
|upkeep
|turn|55
|
|t:|1660344466
|move|p2a: Mandibuzz|Foul Play|p1a: Heatran
|-damage|p1a: Heatran|74/100
|move|p1a: Heatran|Toxic|p2a: Mandibuzz
|-status|p2a: Mandibuzz|tox
|
|-damage|p2a: Mandibuzz|94/100 tox|[from] psn
|upkeep
|turn|56
|
|t:|1660344469
|move|p2a: Mandibuzz|Foul Play|p1a: Heatran
|-damage|p1a: Heatran|55/100
|move|p1a: Heatran|Magma Storm|p2a: Mandibuzz|[miss]
|-miss|p1a: Heatran|p2a: Mandibuzz
|
|-damage|p2a: Mandibuzz|82/100 tox|[from] psn
|upkeep
|turn|57
|
|t:|1660344472
|move|p2a: Mandibuzz|Foul Play|p1a: Heatran
|-damage|p1a: Heatran|35/100
|move|p1a: Heatran|Magma Storm|p2a: Mandibuzz
|-damage|p2a: Mandibuzz|57/100 tox
|-activate|p2a: Mandibuzz|move: Magma Storm|[of] p1a: Heatran
|
|-damage|p2a: Mandibuzz|39/100 tox|[from] psn
|-damage|p2a: Mandibuzz|26/100 tox|[from] move: Magma Storm|[partiallytrapped]
|upkeep
|turn|58
|
|t:|1660344479
|switch|p1a: Keldeo|Keldeo-Resolute|100/100
|move|p2a: Mandibuzz|Roost|p2a: Mandibuzz
|-heal|p2a: Mandibuzz|76/100 tox
|-singleturn|p2a: Mandibuzz|move: Roost
|
|-damage|p2a: Mandibuzz|52/100 tox|[from] psn
|-end|p2a: Mandibuzz|Magma Storm|[partiallytrapped]|[silent]
|upkeep
|turn|59
|
|t:|1660344481
|switch|p2a: Toxapex|Toxapex, F|61/100 brn
|-damage|p2a: Toxapex|49/100 brn|[from] Stealth Rock
|move|p1a: Keldeo|Substitute|p1a: Keldeo
|-start|p1a: Keldeo|Substitute
|-damage|p1a: Keldeo|76/100
|
|-heal|p1a: Keldeo|82/100|[from] item: Leftovers
|-damage|p2a: Toxapex|42/100 brn|[from] brn
|upkeep
|turn|60
|
|t:|1660344485
|move|p1a: Keldeo|Secret Sword|p2a: Toxapex
|-resisted|p2a: Toxapex
|-damage|p2a: Toxapex|28/100 brn
|move|p2a: Toxapex|Recover|p2a: Toxapex
|-heal|p2a: Toxapex|78/100 brn
|
|-heal|p1a: Keldeo|88/100|[from] item: Leftovers
|-damage|p2a: Toxapex|72/100 brn|[from] brn
|upkeep
|turn|61
|
|t:|1660344490
|move|p1a: Keldeo|Calm Mind|p1a: Keldeo
|-boost|p1a: Keldeo|spa|1
|-boost|p1a: Keldeo|spd|1
|move|p2a: Toxapex|Poison Jab|p1a: Keldeo
|-activate|p1a: Keldeo|move: Substitute|[damage]
|
|-heal|p1a: Keldeo|94/100|[from] item: Leftovers
|-damage|p2a: Toxapex|66/100 brn|[from] brn
|upkeep
|turn|62
|
|t:|1660344494
|move|p1a: Keldeo|Secret Sword|p2a: Toxapex
|-resisted|p2a: Toxapex
|-damage|p2a: Toxapex|47/100 brn
|move|p2a: Toxapex|Haze|p2a: Toxapex
|-clearallboost
|
|-heal|p1a: Keldeo|100/100|[from] item: Leftovers
|-damage|p2a: Toxapex|41/100 brn|[from] brn
|upkeep
|turn|63
|
|t:|1660344497
|move|p1a: Keldeo|Secret Sword|p2a: Toxapex
|-resisted|p2a: Toxapex
|-damage|p2a: Toxapex|28/100 brn
|move|p2a: Toxapex|Recover|p2a: Toxapex
|-heal|p2a: Toxapex|78/100 brn
|
|-damage|p2a: Toxapex|72/100 brn|[from] brn
|upkeep
|turn|64
|l| egal★vanc
|
|t:|1660344505
|move|p1a: Keldeo|Calm Mind|p1a: Keldeo
|-boost|p1a: Keldeo|spa|1
|-boost|p1a: Keldeo|spd|1
|move|p2a: Toxapex|Poison Jab|p1a: Keldeo
|-activate|p1a: Keldeo|move: Substitute|[damage]
|
|-damage|p2a: Toxapex|66/100 brn|[from] brn
|upkeep
|turn|65
|
|t:|1660344509
|switch|p1a: Dragapult|Dragapult, F|100/100
|move|p2a: Toxapex|Poison Jab|p1a: Dragapult
|-resisted|p1a: Dragapult
|-damage|p1a: Dragapult|94/100
|
|-damage|p2a: Toxapex|59/100 brn|[from] brn
|upkeep
|turn|66
|
|t:|1660344514
|switch|p2a: Excadrill|Excadrill, F|100/100
|-damage|p2a: Excadrill|98/100|[from] Stealth Rock
|-ability|p2a: Excadrill|Mold Breaker
|move|p1a: Dragapult|Hex|p2a: Excadrill
|-damage|p2a: Excadrill|64/100
|
|-heal|p2a: Excadrill|70/100|[from] item: Leftovers
|upkeep
|turn|67
|j| egal★vanc
|
|t:|1660344521
|switch|p1a: Landorus|Landorus-Therian, M|77/100 tox
|-ability|p1a: Landorus|Intimidate|boost
|-unboost|p2a: Excadrill|atk|1
|move|p2a: Excadrill|Stealth Rock|p1a: Landorus
|-sidestart|p1: LT93OQ Lio|move: Stealth Rock
|
|-heal|p2a: Excadrill|76/100|[from] item: Leftovers
|-damage|p1a: Landorus|71/100 tox|[from] psn
|upkeep
|turn|68
|l| egal★vanc
|
|t:|1660344524
|switch|p2a: Landorus|Landorus-Therian, M|79/100 tox
|-damage|p2a: Landorus|67/100 tox|[from] Stealth Rock
|-ability|p2a: Landorus|Intimidate|boost
|-unboost|p1a: Landorus|atk|1
|move|p1a: Landorus|Earthquake|p2a: Landorus
|-immune|p2a: Landorus
|
|-heal|p2a: Landorus|73/100 tox|[from] item: Leftovers
|-damage|p2a: Landorus|67/100 tox|[from] psn
|-damage|p1a: Landorus|59/100 tox|[from] psn
|upkeep
|turn|69
|
|t:|1660344526
|move|p2a: Landorus|Knock Off|p1a: Landorus
|-damage|p1a: Landorus|41/100 tox
|move|p1a: Landorus|U-turn|p2a: Landorus
|-resisted|p2a: Landorus
|-damage|p2a: Landorus|58/100 tox
|
|t:|1660344528
|switch|p1a: Dragapult|Dragapult, F|94/100|[from]move: U-turn
|-damage|p1a: Dragapult|82/100|[from] Stealth Rock
|
|-heal|p2a: Landorus|64/100 tox|[from] item: Leftovers
|-damage|p2a: Landorus|52/100 tox|[from] psn
|upkeep
|turn|70
|
|t:|1660344534
|switch|p2a: Excadrill|Excadrill, F|76/100
|-damage|p2a: Excadrill|73/100|[from] Stealth Rock
|-ability|p2a: Excadrill|Mold Breaker
|move|p1a: Dragapult|Hex|p2a: Excadrill
|-damage|p2a: Excadrill|38/100
|
|-heal|p2a: Excadrill|44/100|[from] item: Leftovers
|upkeep
|turn|71
|
|t:|1660344538
|switch|p1a: Kartana|Kartana|100/100
|-damage|p1a: Kartana|94/100|[from] Stealth Rock
|move|p2a: Excadrill|Earthquake|p1a: Kartana
|-damage|p1a: Kartana|49/100
|
|-heal|p2a: Excadrill|50/100|[from] item: Leftovers
|upkeep
|turn|72
|
|t:|1660344545
|switch|p2a: Toxapex|Toxapex, F|93/100 brn
|-damage|p2a: Toxapex|80/100 brn|[from] Stealth Rock
|move|p1a: Kartana|Leaf Blade|p2a: Toxapex
|-damage|p2a: Toxapex|23/100 brn
|
|-damage|p2a: Toxapex|16/100 brn|[from] brn
|upkeep
|turn|73
|
|t:|1660344550
|switch|p2a: Kartana|Kartana|100/100
|-damage|p2a: Kartana|94/100|[from] Stealth Rock
|move|p1a: Kartana|Leaf Blade|p2a: Kartana
|-resisted|p2a: Kartana
|-damage|p2a: Kartana|72/100
|
|upkeep
|turn|74
|
|t:|1660344561
|switch|p1a: Heatran|Heatran, M|35/100
|-damage|p1a: Heatran|22/100|[from] Stealth Rock
|move|p2a: Kartana|Swords Dance|p2a: Kartana
|-boost|p2a: Kartana|atk|2
|
|upkeep
|turn|75
|
|t:|1660344564
|move|p2a: Kartana|Knock Off|p1a: Heatran
|-damage|p1a: Heatran|0 fnt
|faint|p1a: Heatran
|-ability|p2a: Kartana|Beast Boost|boost
|-boost|p2a: Kartana|atk|1
|
|upkeep
|
|t:|1660344565
|switch|p1a: Dragapult|Dragapult, F|82/100
|-damage|p1a: Dragapult|70/100|[from] Stealth Rock
|turn|76
|
|t:|1660344580
|switch|p2a: Mandibuzz|Mandibuzz, F|52/100 tox
|move|p1a: Dragapult|Shadow Ball|p2a: Mandibuzz
|-resisted|p2a: Mandibuzz
|-damage|p2a: Mandibuzz|37/100 tox
|
|-damage|p2a: Mandibuzz|31/100 tox|[from] psn
|upkeep
|turn|77
|
|t:|1660344582
|switch|p1a: Keldeo|Keldeo-Resolute|100/100
|-damage|p1a: Keldeo|94/100|[from] Stealth Rock
|move|p2a: Mandibuzz|Roost|p2a: Mandibuzz
|-heal|p2a: Mandibuzz|81/100 tox
|-singleturn|p2a: Mandibuzz|move: Roost
|
|-heal|p1a: Keldeo|100/100|[from] item: Leftovers
|-damage|p2a: Mandibuzz|69/100 tox|[from] psn
|upkeep
|turn|78
|
|t:|1660344587
|switch|p2a: Toxapex|Toxapex, F|50/100 brn
|-damage|p2a: Toxapex|37/100 brn|[from] Stealth Rock
|move|p1a: Keldeo|Substitute|p1a: Keldeo
|-start|p1a: Keldeo|Substitute
|-damage|p1a: Keldeo|76/100
|
|-heal|p1a: Keldeo|82/100|[from] item: Leftovers
|-damage|p2a: Toxapex|31/100 brn|[from] brn
|upkeep
|turn|79
|
|t:|1660344591
|move|p1a: Keldeo|Secret Sword|p2a: Toxapex
|-resisted|p2a: Toxapex
|-damage|p2a: Toxapex|18/100 brn
|move|p2a: Toxapex|Recover|p2a: Toxapex
|-heal|p2a: Toxapex|68/100 brn
|
|-heal|p1a: Keldeo|88/100|[from] item: Leftovers
|-damage|p2a: Toxapex|62/100 brn|[from] brn
|upkeep
|turn|80
|
|t:|1660344597
|move|p1a: Keldeo|Secret Sword|p2a: Toxapex
|-resisted|p2a: Toxapex
|-damage|p2a: Toxapex|48/100 brn
|move|p2a: Toxapex|Haze|p2a: Toxapex
|-clearallboost
|
|-heal|p1a: Keldeo|94/100|[from] item: Leftovers
|-damage|p2a: Toxapex|42/100 brn|[from] brn
|upkeep
|turn|81
|
|t:|1660344605
|switch|p2a: Tapu Lele|Tapu Lele|100/100
|-damage|p2a: Tapu Lele|88/100|[from] Stealth Rock
|-fieldstart|move: Psychic Terrain|[from] ability: Psychic Surge|[of] p2a: Tapu Lele
|move|p1a: Keldeo|Secret Sword|p2a: Tapu Lele
|-resisted|p2a: Tapu Lele
|-damage|p2a: Tapu Lele|72/100
|
|-heal|p1a: Keldeo|100/100|[from] item: Leftovers
|upkeep
|turn|82
|
|t:|1660344609
|move|p2a: Tapu Lele|Psychic|p1a: Keldeo
|-supereffective|p1a: Keldeo
|-end|p1a: Keldeo|Substitute
|move|p1a: Keldeo|Scald|p2a: Tapu Lele
|-damage|p2a: Tapu Lele|27/100
|
|upkeep
|turn|83
|
|t:|1660344618
|switch|p1a: Kartana|Kartana|49/100
|-damage|p1a: Kartana|43/100|[from] Stealth Rock
|move|p2a: Tapu Lele|Psychic|p1a: Kartana
|-resisted|p1a: Kartana
|-damage|p1a: Kartana|0 fnt
|faint|p1a: Kartana
|
|upkeep
|j|@ironwater
|
|t:|1660344620
|switch|p1a: Clefable|Clefable, F|100/100
|turn|84
|
|t:|1660344623
|switch|p2a: Excadrill|Excadrill, F|50/100
|-damage|p2a: Excadrill|47/100|[from] Stealth Rock
|-ability|p2a: Excadrill|Mold Breaker
|move|p1a: Clefable|Moonblast|p2a: Excadrill
|-resisted|p2a: Excadrill
|-damage|p2a: Excadrill|34/100
|
|-heal|p2a: Excadrill|40/100|[from] item: Leftovers
|upkeep
|turn|85
|
|t:|1660344633
|switch|p1a: Keldeo|Keldeo-Resolute|100/100
|-damage|p1a: Keldeo|94/100|[from] Stealth Rock
|move|p2a: Excadrill|Iron Head|p1a: Keldeo
|-resisted|p1a: Keldeo
|-damage|p1a: Keldeo|75/100
|
|-heal|p1a: Keldeo|81/100|[from] item: Leftovers
|-heal|p2a: Excadrill|46/100|[from] item: Leftovers
|-fieldend|move: Psychic Terrain
|upkeep
|turn|86
|
|t:|1660344641
|switch|p2a: Toxapex|Toxapex, F|75/100 brn
|-damage|p2a: Toxapex|62/100 brn|[from] Stealth Rock
|move|p1a: Keldeo|Secret Sword|p2a: Toxapex
|-resisted|p2a: Toxapex
|-damage|p2a: Toxapex|48/100 brn
|
|-heal|p1a: Keldeo|87/100|[from] item: Leftovers
|-damage|p2a: Toxapex|42/100 brn|[from] brn
|upkeep
|turn|87
|
|t:|1660344664
|switch|p2a: Tapu Lele|Tapu Lele|27/100
|-damage|p2a: Tapu Lele|14/100|[from] Stealth Rock
|-fieldstart|move: Psychic Terrain|[from] ability: Psychic Surge|[of] p2a: Tapu Lele
|move|p1a: Keldeo|Substitute|p1a: Keldeo
|-start|p1a: Keldeo|Substitute
|-damage|p1a: Keldeo|62/100
|
|-heal|p1a: Keldeo|69/100|[from] item: Leftovers
|upkeep
|turn|88
|
|t:|1660344667
|move|p2a: Tapu Lele|Psychic|p1a: Keldeo
|-supereffective|p1a: Keldeo
|-end|p1a: Keldeo|Substitute
|move|p1a: Keldeo|Scald|p2a: Tapu Lele
|-damage|p2a: Tapu Lele|0 fnt
|faint|p2a: Tapu Lele
|
|-heal|p1a: Keldeo|75/100|[from] item: Leftovers
|upkeep
|
|t:|1660344669
|switch|p2a: Kartana|Kartana|72/100
|-damage|p2a: Kartana|66/100|[from] Stealth Rock
|turn|89
|
|t:|1660344675
|switch|p1a: Landorus|Landorus-Therian, M|41/100 tox
|-damage|p1a: Landorus|29/100 tox|[from] Stealth Rock
|-ability|p1a: Landorus|Intimidate|boost
|-unboost|p2a: Kartana|atk|1
|move|p2a: Kartana|Leaf Blade|p1a: Landorus
|-damage|p1a: Landorus|0 fnt
|faint|p1a: Landorus
|-ability|p2a: Kartana|Beast Boost|boost
|-boost|p2a: Kartana|atk|1
|
|upkeep
|
|t:|1660344678
|switch|p1a: Dragapult|Dragapult, F|70/100
|-damage|p1a: Dragapult|57/100|[from] Stealth Rock
|turn|90
|
|t:|1660344689
|switch|p2a: Landorus|Landorus-Therian, M|52/100 tox
|-damage|p2a: Landorus|40/100 tox|[from] Stealth Rock
|-ability|p2a: Landorus|Intimidate|boost
|-unboost|p1a: Dragapult|atk|1
|move|p1a: Dragapult|Hex|p2a: Landorus
|-damage|p2a: Landorus|0 fnt
|faint|p2a: Landorus
|
|upkeep
|
|t:|1660344695
|switch|p2a: Mandibuzz|Mandibuzz, F|69/100 tox
|turn|91
|
|t:|1660344700
|switch|p1a: Clefable|Clefable, F|100/100
|move|p2a: Mandibuzz|U-turn|p1a: Clefable
|-resisted|p1a: Clefable
|-damage|p1a: Clefable|96/100
|
|t:|1660344703
|switch|p2a: Excadrill|Excadrill, F|46/100|[from]move: U-turn
|-damage|p2a: Excadrill|44/100|[from] Stealth Rock
|-ability|p2a: Excadrill|Mold Breaker
|
|-heal|p2a: Excadrill|50/100|[from] item: Leftovers
|-heal|p1a: Clefable|100/100|[from] item: Leftovers
|-fieldend|move: Psychic Terrain
|upkeep
|turn|92
|
|t:|1660344721
|switch|p1a: Keldeo|Keldeo-Resolute|75/100
|-damage|p1a: Keldeo|69/100|[from] Stealth Rock
|move|p2a: Excadrill|Earthquake|p1a: Keldeo
|-damage|p1a: Keldeo|19/100
|
|-heal|p1a: Keldeo|25/100|[from] item: Leftovers
|-heal|p2a: Excadrill|56/100|[from] item: Leftovers
|upkeep
|turn|93
|
|t:|1660344751
|move|p1a: Keldeo|Secret Sword|p2a: Excadrill
|-supereffective|p2a: Excadrill
|-damage|p2a: Excadrill|0 fnt
|faint|p2a: Excadrill
|
|-heal|p1a: Keldeo|31/100|[from] item: Leftovers
|upkeep
|
|t:|1660344752
|switch|p2a: Kartana|Kartana|66/100
|-damage|p2a: Kartana|60/100|[from] Stealth Rock
|turn|94
|
|t:|1660344759
|switch|p1a: Clefable|Clefable, F|100/100
|move|p2a: Kartana|Leaf Blade|p1a: Clefable
|-crit|p1a: Clefable
|-damage|p1a: Clefable|20/100
|
|-heal|p1a: Clefable|26/100|[from] item: Leftovers
|upkeep
|turn|95
|
|t:|1660344763
|move|p2a: Kartana|Leaf Blade|p1a: Clefable
|-damage|p1a: Clefable|0 fnt
|faint|p1a: Clefable
|-ability|p2a: Kartana|Beast Boost|boost
|-boost|p2a: Kartana|atk|1
|
|upkeep
|
|t:|1660344765
|switch|p1a: Dragapult|Dragapult, F|57/100
|-damage|p1a: Dragapult|45/100|[from] Stealth Rock
|turn|96
|
|t:|1660344781
|switch|p2a: Mandibuzz|Mandibuzz, F|69/100 tox
|move|p1a: Dragapult|Draco Meteor|p2a: Mandibuzz
|-damage|p2a: Mandibuzz|15/100 tox
|-unboost|p1a: Dragapult|spa|2
|
|-damage|p2a: Mandibuzz|9/100 tox|[from] psn
|upkeep
|turn|97
|
|t:|1660344793
|switch|p1a: Keldeo|Keldeo-Resolute|31/100
|-damage|p1a: Keldeo|25/100|[from] Stealth Rock
|move|p2a: Mandibuzz|U-turn|p1a: Keldeo
|-resisted|p1a: Keldeo
|-damage|p1a: Keldeo|20/100
|
|t:|1660344796
|switch|p2a: Kartana|Kartana|60/100|[from]move: U-turn
|-damage|p2a: Kartana|53/100|[from] Stealth Rock
|
|-heal|p1a: Keldeo|26/100|[from] item: Leftovers
|upkeep
|turn|98
|
|t:|1660344800
|move|p2a: Kartana|Leaf Blade|p1a: Keldeo
|-supereffective|p1a: Keldeo
|-damage|p1a: Keldeo|0 fnt
|faint|p1a: Keldeo
|-ability|p2a: Kartana|Beast Boost|boost
|-boost|p2a: Kartana|atk|1
|
|upkeep
|
|t:|1660344801
|switch|p1a: Dragapult|Dragapult, F|45/100
|-damage|p1a: Dragapult|33/100|[from] Stealth Rock
|turn|99
|
|t:|1660344812
|move|p1a: Dragapult|Hex|p2a: Kartana
|-damage|p2a: Kartana|0 fnt
|faint|p2a: Kartana
|
|upkeep
|
|t:|1660344817
|switch|p2a: Toxapex|Toxapex, F|75/100 brn
|-damage|p2a: Toxapex|63/100 brn|[from] Stealth Rock
|turn|100
|
|t:|1660344819
|move|p1a: Dragapult|Hex|p2a: Toxapex
|-damage|p2a: Toxapex|0 fnt
|faint|p2a: Toxapex
|
|upkeep
|
|t:|1660344821
|switch|p2a: Mandibuzz|Mandibuzz, F|9/100 tox
|turn|101
|
|t:|1660344823
|move|p1a: Dragapult|Hex|p2a: Mandibuzz
|-resisted|p2a: Mandibuzz
|-damage|p2a: Mandibuzz|0 fnt
|faint|p2a: Mandibuzz
|
|win|LT93OQ Lio
|raw|LT93OQ Lio's rating: 1728 &rarr; <strong>1750</strong><br />(+22 for winning)
|raw|Ayante's rating: 1762 &rarr; <strong>1740</strong><br />(-22 for losing)
|l|@ironwater
|l| chokst du
|l| Test00tsd5
||Ladder isn't responding, score probably updated but might not have (Request timeout).
