|j|☆guy42
|j|☆Rorschach I
|player|p1|guy42|169|1653
|player|p2|Rorschach I|cynthia|1584
|teamsize|p1|6
|teamsize|p2|6
|gametype|singles
|gen|8
|tier|[Gen 8] OU
|rated|
|clearpoke
|poke|p1|Urshifu-*, F|
|poke|p1|Azumarill, F|
|poke|p1|Rillaboom, M|
|poke|p1|Marowak-Alola, M|
|poke|p1|Morpeko, F|
|poke|p1|Magearna|
|poke|p2|Pelipper, F|
|poke|p2|Ferrothorn, F|
|poke|p2|Kingdra, M|
|poke|p2|Barraskewda, F|
|poke|p2|Magearna|
|poke|p2|Seismitoad, F|
|rule|Sleep Clause Mod: Limit one foe put to sleep
|rule|Species Clause: Limit one of each Pokémon
|rule|OHKO Clause: OHKO moves are banned
|rule|Evasion Moves Clause: Evasion moves are banned
|rule|Endless Battle Clause: Forcing endless battles is banned
|rule|HP Percentage Mod: HP is shown in percentages
|rule|Dynamax Clause: You cannot dynamax
|teampreview
|
|start
|switch|p1a: Urshifu|Urshifu-Rapid-Strike, F|100/100
|switch|p2a: Ferrothorn|Ferrothorn, F|100/100
|turn|1
|
|move|p1a: Urshifu|Close Combat|p2a: Ferrothorn
|-supereffective|p2a: Ferrothorn
|-enditem|p2a: Ferrothorn|Chople Berry|[eat]
|-enditem|p2a: Ferrothorn|Chople Berry|[weaken]
|-damage|p2a: Ferrothorn|35/100
|-unboost|p1a: Urshifu|def|1
|-unboost|p1a: Urshifu|spd|1
|-damage|p1a: Urshifu|88/100|[from] ability: Iron Barbs|[of] p2a: Ferrothorn
|move|p2a: Ferrothorn|Thunder Wave|p1a: Urshifu
|-status|p1a: Urshifu|par
|
|upkeep
|turn|2
|
|switch|p2a: Pelipper|Pelipper, F|100/100
|-weather|RainDance|[from] ability: Drizzle|[of] p2a: Pelipper
|move|p1a: Urshifu|Close Combat|p2a: Pelipper
|-resisted|p2a: Pelipper
|-damage|p2a: Pelipper|61/100
|-unboost|p1a: Urshifu|def|1
|-unboost|p1a: Urshifu|spd|1
|
|-weather|RainDance|[upkeep]
|upkeep
|turn|3
|
|move|p1a: Urshifu|Close Combat|p2a: Pelipper
|-resisted|p2a: Pelipper
|-crit|p2a: Pelipper
|-damage|p2a: Pelipper|2/100
|-unboost|p1a: Urshifu|def|1
|-unboost|p1a: Urshifu|spd|1
|move|p2a: Pelipper|U-turn|p1a: Urshifu
|-resisted|p1a: Urshifu
|-damage|p1a: Urshifu|77/100 par
|
|switch|p2a: Kingdra|Kingdra, M|100/100|[from]move: U-turn
|
|-weather|RainDance|[upkeep]
|upkeep
|turn|4
|
|switch|p1a: Azumarill|Azumarill, F|100/100
|move|p2a: Kingdra|Hurricane|p1a: Azumarill
|-damage|p1a: Azumarill|68/100
|-damage|p2a: Kingdra|91/100|[from] item: Life Orb
|
|-weather|RainDance|[upkeep]
|-heal|p1a: Azumarill|75/100|[from] item: Leftovers
|upkeep
|turn|5
|
|switch|p2a: Ferrothorn|Ferrothorn, F|35/100
|move|p1a: Azumarill|Whirlpool|p2a: Ferrothorn
|-resisted|p2a: Ferrothorn
|-crit|p2a: Ferrothorn
|-damage|p2a: Ferrothorn|28/100
|-activate|p2a: Ferrothorn|move: Whirlpool|[of] p1a: Azumarill
|
|-weather|RainDance|[upkeep]
|-heal|p1a: Azumarill|81/100|[from] item: Leftovers
|-damage|p2a: Ferrothorn|16/100|[from] move: Whirlpool|[partiallytrapped]
|upkeep
|turn|6
|
|move|p1a: Azumarill|Whirlpool|p2a: Ferrothorn
|-resisted|p2a: Ferrothorn
|-damage|p2a: Ferrothorn|11/100
|move|p2a: Ferrothorn|Knock Off|p1a: Azumarill
|-resisted|p1a: Azumarill
|-damage|p1a: Azumarill|70/100
|-enditem|p1a: Azumarill|Leftovers|[from] move: Knock Off|[of] p2a: Ferrothorn
|
|-weather|RainDance|[upkeep]
|-damage|p2a: Ferrothorn|0 fnt|[from] move: Whirlpool|[partiallytrapped]
|faint|p2a: Ferrothorn
|upkeep
|
|switch|p2a: Magearna|Magearna|100/100
|turn|7
|
|move|p2a: Magearna|Fleur Cannon|p1a: Azumarill
|-damage|p1a: Azumarill|0 fnt
|-unboost|p2a: Magearna|spa|2
|faint|p1a: Azumarill
|-ability|p2a: Magearna|Soul-Heart|boost
|-boost|p2a: Magearna|spa|1
|
|-weather|RainDance|[upkeep]
|upkeep
|
|switch|p1a: Marowak|Marowak-Alola, M, shiny|100/100
|turn|8
|
|switch|p2a: Pelipper|Pelipper, F|2/100
|move|p1a: Marowak|Poltergeist|p2a: Pelipper|[miss]
|-miss|p1a: Marowak|p2a: Pelipper
|
|-weather|RainDance|[upkeep]
|upkeep
|turn|9
|
|switch|p1a: Morpeko|Morpeko, F, shiny|100/100
|move|p2a: Pelipper|Scald|p1a: Morpeko
|-damage|p1a: Morpeko|24/100
|
|-weather|none
|-formechange|p1a: Morpeko|Morpeko-Hangry||[from] ability: Hunger Switch
|upkeep
|turn|10
|
|switch|p2a: Magearna|Magearna|100/100
|move|p1a: Morpeko|Parting Shot|p2a: Magearna
|-unboost|p2a: Magearna|atk|1
|-unboost|p2a: Magearna|spa|1
|
|switch|p1a: Marowak|Marowak-Alola, M, shiny|100/100|[from]move: Parting Shot
|
|upkeep
|turn|11
|
|switch|p2a: Pelipper|Pelipper, F|2/100
|-weather|RainDance|[from] ability: Drizzle|[of] p2a: Pelipper
|move|p1a: Marowak|Stealth Rock|p2a: Pelipper
|-sidestart|p2: Rorschach I|move: Stealth Rock
|
|-weather|RainDance|[upkeep]
|upkeep
|turn|12
|
|switch|p1a: Morpeko|Morpeko, F, shiny|24/100
|move|p2a: Pelipper|Defog|p1a: Morpeko
|-unboost|p1a: Morpeko|evasion|1
|-sideend|p2: Rorschach I|Stealth Rock|[from] move: Defog|[of] p2a: Pelipper
|
|-weather|RainDance|[upkeep]
|-formechange|p1a: Morpeko|Morpeko-Hangry||[from] ability: Hunger Switch
|upkeep
|turn|13
|
|switch|p2a: Magearna|Magearna|100/100
|move|p1a: Morpeko|Aura Wheel|p2a: Magearna
|-resisted|p2a: Magearna
|-damage|p2a: Magearna|81/100
|-boost|p1a: Morpeko|spe|1
|
|-weather|RainDance|[upkeep]
|-formechange|p1a: Morpeko|Morpeko||[from] ability: Hunger Switch
|upkeep
|turn|14
|
|move|p1a: Morpeko|Parting Shot|p2a: Magearna
|-unboost|p2a: Magearna|atk|1
|-unboost|p2a: Magearna|spa|1
|
|switch|p1a: Marowak|Marowak-Alola, M, shiny|100/100|[from]move: Parting Shot
|move|p2a: Magearna|Fleur Cannon|p1a: Marowak
|-resisted|p1a: Marowak
|-damage|p1a: Marowak|54/100
|-unboost|p2a: Magearna|spa|2
|
|-weather|RainDance|[upkeep]
|upkeep
|turn|15
|
|switch|p2a: Seismitoad|Seismitoad, F|100/100
|move|p1a: Marowak|Poltergeist|p2a: Seismitoad
|-activate|p2a: Seismitoad|move: Poltergeist|Life Orb
|-damage|p2a: Seismitoad|0 fnt
|faint|p2a: Seismitoad
|
|-weather|RainDance|[upkeep]
|upkeep
|
|switch|p2a: Kingdra|Kingdra, M|91/100
|turn|16
|
|switch|p1a: Morpeko|Morpeko, F, shiny|24/100
|move|p2a: Kingdra|Surf|p1a: Morpeko
|-damage|p1a: Morpeko|0 fnt
|-damage|p2a: Kingdra|81/100|[from] item: Life Orb
|faint|p1a: Morpeko
|
|-weather|RainDance|[upkeep]
|upkeep
|
|switch|p1a: Magearna|Magearna|100/100
|turn|17
|
|move|p2a: Kingdra|Hydro Pump|p1a: Magearna|[miss]
|-miss|p2a: Kingdra|p1a: Magearna
|move|p1a: Magearna|Fleur Cannon|p2a: Kingdra
|-supereffective|p2a: Kingdra
|-damage|p2a: Kingdra|0 fnt
|-unboost|p1a: Magearna|spa|2
|faint|p2a: Kingdra
|-ability|p1a: Magearna|Soul-Heart|boost
|-boost|p1a: Magearna|spa|1
|
|-weather|RainDance|[upkeep]
|upkeep
|
|switch|p2a: Barraskewda|Barraskewda, F|100/100
|turn|18
|
|switch|p1a: Urshifu|Urshifu-Rapid-Strike, F|77/100 par
|move|p2a: Barraskewda|Liquidation|p1a: Urshifu
|-resisted|p1a: Urshifu
|-damage|p1a: Urshifu|22/100 par
|
|-weather|none
|upkeep
|turn|19
|
|move|p2a: Barraskewda|Liquidation|p1a: Urshifu
|-resisted|p1a: Urshifu
|-damage|p1a: Urshifu|0 fnt
|faint|p1a: Urshifu
|
|upkeep
|
|switch|p1a: Rillaboom|Rillaboom, M, shiny|100/100
|-fieldstart|move: Grassy Terrain|[from] ability: Grassy Surge|[of] p1a: Rillaboom
|turn|20
|
|switch|p2a: Pelipper|Pelipper, F|2/100
|-weather|RainDance|[from] ability: Drizzle|[of] p2a: Pelipper
|move|p1a: Rillaboom|Grassy Glide|p2a: Pelipper
|-crit|p2a: Pelipper
|-damage|p2a: Pelipper|0 fnt
|faint|p2a: Pelipper
|
|-weather|RainDance|[upkeep]
|upkeep
|
|switch|p2a: Magearna|Magearna|81/100
|turn|21
|
|switch|p1a: Magearna|Magearna|100/100
|move|p2a: Magearna|Fleur Cannon|p1a: Magearna
|-resisted|p1a: Magearna
|-damage|p1a: Magearna|56/100
|-unboost|p2a: Magearna|spa|2
|
|-weather|RainDance|[upkeep]
|-heal|p2a: Magearna|87/100|[from] Grassy Terrain
|-heal|p1a: Magearna|62/100|[from] item: Leftovers
|-heal|p1a: Magearna|68/100|[from] Grassy Terrain
|upkeep
|turn|22
|-message|Rorschach I forfeited.
|
|win|guy42
|l|☆Rorschach I
