|j|☆Antonazz
|j|‽Updated Kanto
|t:|1662232647
|gametype|singles
|player|p1|Antonazz|palmer|
|player|p2|Updated Kanto|lucas-gen4pt|
|teamsize|p1|6
|teamsize|p2|6
|gen|8
|tier|[Gen 8] OU
|rule|Sleep Clause Mod: Limit one foe put to sleep
|rule|Species Clause: Limit one of each Pokémon
|rule|OHKO Clause: OHKO moves are banned
|rule|Evasion Items Clause: Evasion items are banned
|rule|Evasion Moves Clause: Evasion moves are banned
|rule|Endless Battle Clause: Forcing endless battles is banned
|rule|HP Percentage Mod: HP is shown in percentages
|rule|Dynamax Clause: You cannot dynamax
|clearpoke
|poke|p1|Slowking-Galar, M|
|poke|p1|Landorus-Therian, M|
|poke|p1|Rotom-Wash|
|poke|p1|Ferrothorn, M|
|poke|p1|Buzzwole|
|poke|p1|Moltres-Galar|
|poke|p2|Tapu Lele|
|poke|p2|Kartana|
|poke|p2|Weavile, F|
|poke|p2|Slowbro, M|
|poke|p2|Heatran, F|
|poke|p2|Landorus-Therian, M|
|teampreview
|c|☆Antonazz|Hf
|
|t:|1662232692
|start
|switch|p1a: Rotom|Rotom-Wash|100/100
|switch|p2a: Landorus|Landorus-Therian, M|100/100
|-ability|p2a: Landorus|Intimidate|boost
|-unboost|p1a: Rotom|atk|1
|turn|1
|
|t:|1662232702
|switch|p2a: Slowbro|Slowbro, M|100/100
|move|p1a: Rotom|Will-O-Wisp|p2a: Slowbro
|-status|p2a: Slowbro|brn
|
|-damage|p2a: Slowbro|94/100 brn|[from] brn
|upkeep
|turn|2
|j| Prof.Maxou
|
|t:|1662232708
|move|p1a: Rotom|Volt Switch|p2a: Slowbro
|-supereffective|p2a: Slowbro
|-damage|p2a: Slowbro|40/100 brn
|
|t:|1662232710
|switch|p1a: Ferrothorn|Ferrothorn, M|100/100|[from]move: Volt Switch
|move|p2a: Slowbro|Teleport|p2a: Slowbro
|
|t:|1662232717
|switch|p2a: Heatran|Heatran, F|100/100|[from]move: Teleport
|
|upkeep
|turn|3
|
|t:|1662232720
|switch|p1a: Rotom|Rotom-Wash|100/100
|move|p2a: Heatran|Stealth Rock|p1a: Rotom
|-sidestart|p1: Antonazz|move: Stealth Rock
|
|upkeep
|turn|4
|
|t:|1662232725
|move|p1a: Rotom|Volt Switch|p2a: Heatran
|-damage|p2a: Heatran|84/100
|
|t:|1662232729
|switch|p1a: Landorus|Landorus-Therian, M|100/100|[from]move: Volt Switch
|-damage|p1a: Landorus|88/100|[from] Stealth Rock
|-ability|p1a: Landorus|Intimidate|boost
|-unboost|p2a: Heatran|atk|1
|move|p2a: Heatran|Magma Storm|p1a: Landorus
|-damage|p1a: Landorus|53/100
|-activate|p1a: Landorus|move: Magma Storm|[of] p2a: Heatran
|
|-heal|p1a: Landorus|59/100|[from] item: Leftovers
|-heal|p2a: Heatran|90/100|[from] item: Leftovers
|-damage|p1a: Landorus|47/100|[from] move: Magma Storm|[partiallytrapped]
|upkeep
|turn|5
|
|t:|1662232734
|switch|p2a: Kartana|Kartana|100/100
|move|p1a: Landorus|Defog|p2a: Kartana
|-unboost|p2a: Kartana|evasion|1
|-sideend|p1: Antonazz|Stealth Rock|[from] move: Defog|[of] p1a: Landorus
|
|-heal|p1a: Landorus|53/100|[from] item: Leftovers
|-end|p1a: Landorus|Magma Storm|[partiallytrapped]|[silent]
|upkeep
|turn|6
|
|t:|1662232742
|switch|p1a: Ferrothorn|Ferrothorn, M|100/100
|move|p2a: Kartana|Knock Off|p1a: Ferrothorn
|-damage|p1a: Ferrothorn|68/100
|-damage|p2a: Kartana|88/100|[from] ability: Iron Barbs|[of] p1a: Ferrothorn
|-enditem|p1a: Ferrothorn|Leftovers|[from] move: Knock Off|[of] p2a: Kartana
|
|upkeep
|turn|7
|
|t:|1662232748
|switch|p2a: Heatran|Heatran, F|90/100
|move|p1a: Ferrothorn|Stealth Rock|p2a: Heatran
|-sidestart|p2: Updated Kanto|move: Stealth Rock
|
|-heal|p2a: Heatran|97/100|[from] item: Leftovers
|upkeep
|turn|8
|
|t:|1662232751
|switch|p1a: Rotom|Rotom-Wash|100/100
|move|p2a: Heatran|Stealth Rock|p1a: Rotom
|-sidestart|p1: Antonazz|move: Stealth Rock
|
|-heal|p2a: Heatran|100/100|[from] item: Leftovers
|upkeep
|turn|9
|
|t:|1662232761
|switch|p2a: Kartana|Kartana|88/100
|-damage|p2a: Kartana|82/100|[from] Stealth Rock
|move|p1a: Rotom|Hydro Pump|p2a: Kartana
|-resisted|p2a: Kartana
|-damage|p2a: Kartana|23/100
|
|upkeep
|turn|10
|
|t:|1662232771
|switch|p2a: Heatran|Heatran, F|100/100
|-damage|p2a: Heatran|88/100|[from] Stealth Rock
|switch|p1a: Slowking|Slowking-Galar, M|100/100
|-damage|p1a: Slowking|88/100|[from] Stealth Rock
|
|-heal|p2a: Heatran|94/100|[from] item: Leftovers
|-heal|p1a: Slowking|94/100|[from] item: Black Sludge
|upkeep
|turn|11
|
|t:|1662232781
|switch|p1a: Rotom|Rotom-Wash|100/100
|-damage|p1a: Rotom|88/100|[from] Stealth Rock
|move|p2a: Heatran|Magma Storm|p1a: Rotom
|-resisted|p1a: Rotom
|-damage|p1a: Rotom|66/100
|-activate|p1a: Rotom|move: Magma Storm|[of] p2a: Heatran
|
|-heal|p1a: Rotom|72/100|[from] item: Leftovers
|-heal|p2a: Heatran|100/100|[from] item: Leftovers
|-damage|p1a: Rotom|60/100|[from] move: Magma Storm|[partiallytrapped]
|upkeep
|turn|12
|
|t:|1662232787
|move|p1a: Rotom|Hydro Pump|p2a: Heatran
|-supereffective|p2a: Heatran
|-damage|p2a: Heatran|45/100
|move|p2a: Heatran|Magma Storm|p1a: Rotom
|-resisted|p1a: Rotom
|-damage|p1a: Rotom|35/100
|
|-heal|p1a: Rotom|41/100|[from] item: Leftovers
|-heal|p2a: Heatran|52/100|[from] item: Leftovers
|-damage|p1a: Rotom|29/100|[from] move: Magma Storm|[partiallytrapped]
|upkeep
|turn|13
|
|t:|1662232793
|move|p1a: Rotom|Hydro Pump|p2a: Heatran
|-supereffective|p2a: Heatran
|-damage|p2a: Heatran|0 fnt
|faint|p2a: Heatran
|
|-heal|p1a: Rotom|35/100|[from] item: Leftovers
|-end|p1a: Rotom|Magma Storm|[partiallytrapped]|[silent]
|upkeep
|
|t:|1662232796
|switch|p2a: Weavile|Weavile, F|100/100
|-ability|p2a: Weavile|Pressure
|turn|14
|j| Mattakata
|l| Mattakata
|
|t:|1662232827
|move|p2a: Weavile|Knock Off|p1a: Rotom
|-damage|p1a: Rotom|1/100
|-enditem|p1a: Rotom|Leftovers|[from] move: Knock Off|[of] p2a: Weavile
|move|p1a: Rotom|Will-O-Wisp|p2a: Weavile
|-status|p2a: Weavile|brn
|
|-damage|p2a: Weavile|94/100 brn|[from] brn
|upkeep
|turn|15
|
|t:|1662232834
|move|p2a: Weavile|Knock Off|p1a: Rotom
|-damage|p1a: Rotom|0 fnt
|faint|p1a: Rotom
|
|-damage|p2a: Weavile|88/100 brn|[from] brn
|upkeep
|
|t:|1662232840
|switch|p1a: Buzzwole|Buzzwole|100/100
|-damage|p1a: Buzzwole|88/100|[from] Stealth Rock
|turn|16
|
|t:|1662232851
|move|p1a: Buzzwole|Leech Life|p2a: Weavile
|-supereffective|p2a: Weavile
|-damage|p2a: Weavile|0 fnt
|-heal|p1a: Buzzwole|100/100|[from] drain|[of] p2a: Weavile
|faint|p2a: Weavile
|-ability|p1a: Buzzwole|Beast Boost|boost
|-boost|p1a: Buzzwole|atk|1
|
|upkeep
|
|t:|1662232854
|switch|p2a: Landorus|Landorus-Therian, M|100/100
|-damage|p2a: Landorus|88/100|[from] Stealth Rock
|-ability|p2a: Landorus|Intimidate|boost
|-unboost|p1a: Buzzwole|atk|1
|turn|17
|
|t:|1662232866
|switch|p1a: Landorus|Landorus-Therian, M|53/100
|-damage|p1a: Landorus|41/100|[from] Stealth Rock
|-ability|p1a: Landorus|Intimidate|boost
|-unboost|p2a: Landorus|atk|1
|move|p2a: Landorus|U-turn|p1a: Landorus
|-resisted|p1a: Landorus
|-damage|p1a: Landorus|34/100
|
|t:|1662232876
|switch|p2a: Tapu Lele|Tapu Lele|100/100|[from]move: U-turn
|-damage|p2a: Tapu Lele|88/100|[from] Stealth Rock
|-fieldstart|move: Psychic Terrain|[from] ability: Psychic Surge|[of] p2a: Tapu Lele
|
|-heal|p1a: Landorus|40/100|[from] item: Leftovers
|upkeep
|turn|18
|
|t:|1662232878
|switch|p1a: Slowking|Slowking-Galar, M|100/100
|-damage|p1a: Slowking|88/100|[from] Stealth Rock
|move|p2a: Tapu Lele|Psyshock|p1a: Slowking
|-damage|p1a: Slowking|42/100
|-damage|p2a: Tapu Lele|78/100|[from] item: Life Orb
|
|-heal|p1a: Slowking|48/100|[from] item: Black Sludge
|upkeep
|turn|19
|j| FRAUD I PROMISE
|
|t:|1662232886
|move|p2a: Tapu Lele|Psyshock|p1a: Slowking
|-damage|p1a: Slowking|0 fnt
|faint|p1a: Slowking
|-damage|p2a: Tapu Lele|69/100|[from] item: Life Orb
|
|upkeep
|j| Updated Po
|c| Updated Po|GO CIROOOOOOOOOO
|l| FRAUD I PROMISE
|
|t:|1662232896
|switch|p1a: Buzzwole|Buzzwole|100/100
|-damage|p1a: Buzzwole|88/100|[from] Stealth Rock
|turn|20
|
|t:|1662232906
|switch|p2a: Landorus|Landorus-Therian, M|88/100
|-damage|p2a: Landorus|76/100|[from] Stealth Rock
|-ability|p2a: Landorus|Intimidate|boost
|-unboost|p1a: Buzzwole|atk|1
|move|p1a: Buzzwole|Leech Life|p2a: Landorus
|-resisted|p2a: Landorus
|-damage|p2a: Landorus|62/100
|-heal|p1a: Buzzwole|96/100|[from] drain|[of] p2a: Landorus
|
|-heal|p2a: Landorus|68/100|[from] item: Leftovers
|upkeep
|turn|21
|
|t:|1662232910
|switch|p1a: Landorus|Landorus-Therian, M|40/100
|-damage|p1a: Landorus|27/100|[from] Stealth Rock
|-ability|p1a: Landorus|Intimidate|boost
|-unboost|p2a: Landorus|atk|1
|move|p2a: Landorus|Defog|p1a: Landorus
|-unboost|p1a: Landorus|evasion|1
|-sideend|p1: Antonazz|Stealth Rock|[from] move: Defog|[of] p2a: Landorus
|-sideend|p2: Updated Kanto|Stealth Rock|[from] move: Defog|[of] p2a: Landorus
|-fieldend|move: Psychic Terrain
|
|-heal|p1a: Landorus|33/100|[from] item: Leftovers
|-heal|p2a: Landorus|74/100|[from] item: Leftovers
|upkeep
|turn|22
|
|t:|1662232916
|move|p1a: Landorus|Knock Off|p2a: Landorus
|-damage|p2a: Landorus|45/100
|-enditem|p2a: Landorus|Leftovers|[from] move: Knock Off|[of] p1a: Landorus
|move|p2a: Landorus|U-turn|p1a: Landorus
|-resisted|p1a: Landorus
|-damage|p1a: Landorus|26/100
|
|t:|1662232918
|switch|p2a: Tapu Lele|Tapu Lele|69/100|[from]move: U-turn
|-fieldstart|move: Psychic Terrain|[from] ability: Psychic Surge|[of] p2a: Tapu Lele
|
|-heal|p1a: Landorus|32/100|[from] item: Leftovers
|upkeep
|turn|23
|
|t:|1662232934
|move|p2a: Tapu Lele|Psyshock|p1a: Landorus
|-damage|p1a: Landorus|0 fnt
|faint|p1a: Landorus
|-damage|p2a: Tapu Lele|59/100|[from] item: Life Orb
|
|upkeep
|
|t:|1662232940
|switch|p1a: Buzzwole|Buzzwole|96/100
|turn|24
|
|t:|1662232945
|switch|p2a: Slowbro|Slowbro, M|73/100 brn
|move|p1a: Buzzwole|Leech Life|p2a: Slowbro
|-supereffective|p2a: Slowbro
|-damage|p2a: Slowbro|19/100 brn
|-heal|p1a: Buzzwole|100/100|[from] drain|[of] p2a: Slowbro
|
|-damage|p2a: Slowbro|13/100 brn|[from] brn
|upkeep
|turn|25
|
|t:|1662232952
|move|p1a: Buzzwole|Leech Life|p2a: Slowbro
|-supereffective|p2a: Slowbro
|-damage|p2a: Slowbro|0 fnt
|faint|p2a: Slowbro
|-ability|p1a: Buzzwole|Beast Boost|boost
|-boost|p1a: Buzzwole|atk|1
|
|upkeep
|
|t:|1662232953
|switch|p2a: Landorus|Landorus-Therian, M|45/100
|-ability|p2a: Landorus|Intimidate|boost
|-unboost|p1a: Buzzwole|atk|1
|turn|26
|
|t:|1662232964
|switch|p1a: Moltres|Moltres-Galar|100/100
|move|p2a: Landorus|U-turn|p1a: Moltres
|-damage|p1a: Moltres|75/100
|
|t:|1662232967
|switch|p2a: Kartana|Kartana|23/100|[from]move: U-turn
|
|-fieldend|move: Psychic Terrain
|upkeep
|turn|27
|
|t:|1662232972
|move|p2a: Kartana|Smart Strike|p1a: Moltres
|-crit|p1a: Moltres
|-damage|p1a: Moltres|0 fnt
|faint|p1a: Moltres
|-ability|p2a: Kartana|Beast Boost|boost
|-boost|p2a: Kartana|atk|1
|
|upkeep
|
|t:|1662232976
|switch|p1a: Buzzwole|Buzzwole|100/100
|turn|28
|
|t:|1662232980
|switch|p2a: Landorus|Landorus-Therian, M|45/100
|-ability|p2a: Landorus|Intimidate|boost
|-unboost|p1a: Buzzwole|atk|1
|move|p1a: Buzzwole|Leech Life|p2a: Landorus
|-resisted|p2a: Landorus
|-damage|p2a: Landorus|32/100
|
|upkeep
|turn|29
|
|t:|1662232986
|move|p1a: Buzzwole|Leech Life|p2a: Landorus
|-resisted|p2a: Landorus
|-damage|p2a: Landorus|18/100
|move|p2a: Landorus|U-turn|p1a: Buzzwole
|-resisted|p1a: Buzzwole
|-damage|p1a: Buzzwole|92/100
|
|t:|1662232991
|switch|p2a: Tapu Lele|Tapu Lele|59/100|[from]move: U-turn
|-fieldstart|move: Psychic Terrain|[from] ability: Psychic Surge|[of] p2a: Tapu Lele
|
|upkeep
|turn|30
|
|t:|1662232995
|switch|p1a: Ferrothorn|Ferrothorn, M|68/100
|move|p2a: Tapu Lele|Psyshock|p1a: Ferrothorn
|-resisted|p1a: Ferrothorn
|-damage|p1a: Ferrothorn|43/100
|-damage|p2a: Tapu Lele|49/100|[from] item: Life Orb
|
|upkeep
|turn|31
|
|t:|1662233003
|switch|p1a: Buzzwole|Buzzwole|92/100
|move|p2a: Tapu Lele|Focus Blast|p1a: Buzzwole|[miss]
|-miss|p2a: Tapu Lele|p1a: Buzzwole
|
|upkeep
|turn|32
|
|t:|1662233007
|switch|p2a: Landorus|Landorus-Therian, M|18/100
|-ability|p2a: Landorus|Intimidate|boost
|-unboost|p1a: Buzzwole|atk|1
|move|p1a: Buzzwole|Leech Life|p2a: Landorus
|-resisted|p2a: Landorus
|-damage|p2a: Landorus|4/100
|-heal|p1a: Buzzwole|99/100|[from] drain|[of] p2a: Landorus
|
|upkeep
|turn|33
|
|t:|1662233010
|move|p1a: Buzzwole|Leech Life|p2a: Landorus
|-resisted|p2a: Landorus
|-damage|p2a: Landorus|0 fnt
|-heal|p1a: Buzzwole|100/100|[from] drain|[of] p2a: Landorus
|faint|p2a: Landorus
|-ability|p1a: Buzzwole|Beast Boost|boost
|-boost|p1a: Buzzwole|atk|1
|
|-fieldend|move: Psychic Terrain
|upkeep
|
|t:|1662233010
|switch|p2a: Kartana|Kartana|23/100
|turn|34
|j| Yves Stone
|
|t:|1662233017
|switch|p2a: Tapu Lele|Tapu Lele|49/100
|-fieldstart|move: Psychic Terrain|[from] ability: Psychic Surge|[of] p2a: Tapu Lele
|switch|p1a: Ferrothorn|Ferrothorn, M|43/100
|
|upkeep
|turn|35
|
|t:|1662233034
|move|p2a: Tapu Lele|Focus Blast|p1a: Ferrothorn
|-supereffective|p1a: Ferrothorn
|-damage|p1a: Ferrothorn|0 fnt
|faint|p1a: Ferrothorn
|-damage|p2a: Tapu Lele|40/100|[from] item: Life Orb
|
|upkeep
|
|t:|1662233037
|switch|p1a: Buzzwole|Buzzwole|100/100
|turn|36
|
|t:|1662233039
|move|p1a: Buzzwole|Leech Life|p2a: Tapu Lele
|-damage|p2a: Tapu Lele|0 fnt
|faint|p2a: Tapu Lele
|-ability|p1a: Buzzwole|Beast Boost|boost
|-boost|p1a: Buzzwole|atk|1
|
|upkeep
|
|t:|1662233040
|switch|p2a: Kartana|Kartana|23/100
|turn|37
|
|t:|1662233045
|move|p2a: Kartana|Smart Strike|p1a: Buzzwole
|-damage|p1a: Buzzwole|68/100
|move|p1a: Buzzwole|Leech Life|p2a: Kartana
|-damage|p2a: Kartana|0 fnt
|-heal|p1a: Buzzwole|77/100|[from] drain|[of] p2a: Kartana
|faint|p2a: Kartana
|
|win|Antonazz
|c|☆Antonazz|Gg
