|j|☆Adel19
|j|☆alafa
|t:|1663748990
|gametype|singles
|player|p1|Adel19|266|1733
|player|p2|alafa|170|1697
|teamsize|p1|6
|teamsize|p2|6
|gen|8
|tier|[Gen 8] OU
|rated|
|rule|Sleep Clause Mod: Limit one foe put to sleep
|rule|Species Clause: Limit one of each Pokémon
|rule|OHKO Clause: OHKO moves are banned
|rule|Evasion Items Clause: Evasion items are banned
|rule|Evasion Moves Clause: Evasion moves are banned
|rule|Endless Battle Clause: Forcing endless battles is banned
|rule|HP Percentage Mod: HP is shown in percentages
|rule|Dynamax Clause: You cannot dynamax
|clearpoke
|poke|p1|Landorus-Therian, M|
|poke|p1|Zeraora|
|poke|p1|Tapu Fini|
|poke|p1|Zapdos|
|poke|p1|Blissey, F|
|poke|p1|Tapu Lele|
|poke|p2|Melmetal|
|poke|p2|Clefable, F|
|poke|p2|Toxapex, M|
|poke|p2|Landorus-Therian, M|
|poke|p2|Tyranitar, M|
|poke|p2|Regieleki|
|teampreview
|inactive|Battle timer is ON: inactive players will automatically lose when time's up. (requested by Adel19)
|
|t:|1663749015
|start
|switch|p1a: Tapu Lele|Tapu Lele|100/100
|switch|p2a: Landorus|Landorus-Therian, M|100/100
|-ability|p2a: Landorus|Intimidate|boost
|-unboost|p1a: Tapu Lele|atk|1
|-fieldstart|move: Psychic Terrain|[from] ability: Psychic Surge|[of] p1a: Tapu Lele
|turn|1
|
|t:|1663749025
|move|p2a: Landorus|Earthquake|p1a: Tapu Lele
|-damage|p1a: Tapu Lele|8/100
|move|p1a: Tapu Lele|Moonblast|p2a: Landorus
|-damage|p2a: Landorus|3/100
|-unboost|p2a: Landorus|spa|1
|
|upkeep
|turn|2
|
|t:|1663749037
|switch|p1a: Landorus|Landorus-Therian, M|100/100
|-ability|p1a: Landorus|Intimidate|boost
|-unboost|p2a: Landorus|atk|1
|move|p2a: Landorus|Stone Edge|p1a: Landorus
|-damage|p1a: Landorus|73/100
|
|upkeep
|turn|3
|
|t:|1663749044
|move|p2a: Landorus|Toxic|p1a: Landorus
|-status|p1a: Landorus|tox
|move|p1a: Landorus|Stone Edge|p2a: Landorus
|-damage|p2a: Landorus|0 fnt
|faint|p2a: Landorus
|
|-damage|p1a: Landorus|67/100 tox|[from] psn
|upkeep
|
|t:|1663749063
|switch|p2a: Tyranitar|Tyranitar, M|100/100
|-weather|Sandstorm|[from] ability: Sand Stream|[of] p2a: Tyranitar
|turn|4
|
|t:|1663749070
|switch|p2a: Clefable|Clefable, F|100/100
|move|p1a: Landorus|Earthquake|p2a: Clefable
|-damage|p2a: Clefable|39/100
|
|-weather|Sandstorm|[upkeep]
|-heal|p2a: Clefable|45/100|[from] item: Leftovers
|-damage|p1a: Landorus|55/100 tox|[from] psn
|upkeep
|turn|5
|
|t:|1663749081
|switch|p2a: Toxapex|Toxapex, M|100/100
|move|p1a: Landorus|Earthquake|p2a: Toxapex
|-supereffective|p2a: Toxapex
|-damage|p2a: Toxapex|7/100
|
|-weather|Sandstorm|[upkeep]
|-damage|p2a: Toxapex|1/100|[from] Sandstorm
|-heal|p2a: Toxapex|7/100|[from] item: Black Sludge
|-damage|p1a: Landorus|37/100 tox|[from] psn
|-fieldend|move: Psychic Terrain
|upkeep
|turn|6
|
|t:|1663749092
|move|p2a: Toxapex|Baneful Bunker|p2a: Toxapex
|-singleturn|p2a: Toxapex|move: Protect
|move|p1a: Landorus|Earthquake|p2a: Toxapex
|-activate|p2a: Toxapex|move: Protect
|
|-weather|Sandstorm|[upkeep]
|-damage|p2a: Toxapex|1/100|[from] Sandstorm
|-heal|p2a: Toxapex|7/100|[from] item: Black Sludge
|-damage|p1a: Landorus|13/100 tox|[from] psn
|upkeep
|turn|7
|
|t:|1663749108
|move|p1a: Landorus|Earthquake|p2a: Toxapex
|-supereffective|p2a: Toxapex
|-damage|p2a: Toxapex|0 fnt
|faint|p2a: Toxapex
|
|-weather|Sandstorm|[upkeep]
|-damage|p1a: Landorus|0 fnt|[from] psn
|faint|p1a: Landorus
|upkeep
|
|t:|1663749119
|switch|p1a: Tapu Lele|Tapu Lele|8/100
|switch|p2a: Melmetal|Melmetal|100/100
|-fieldstart|move: Psychic Terrain|[from] ability: Psychic Surge|[of] p1a: Tapu Lele
|turn|8
|
|t:|1663749140
|move|p1a: Tapu Lele|Psychic|p2a: Melmetal
|-resisted|p2a: Melmetal
|-damage|p2a: Melmetal|47/100
|move|p2a: Melmetal|Ice Punch|p1a: Tapu Lele
|-damage|p1a: Tapu Lele|0 fnt
|faint|p1a: Tapu Lele
|
|-weather|none
|upkeep
|
|t:|1663749149
|switch|p1a: Zapdos|Zapdos|100/100
|turn|9
|
|t:|1663749152
|move|p1a: Zapdos|Volt Switch|p2a: Melmetal
|-damage|p2a: Melmetal|17/100
|
|t:|1663749155
|switch|p1a: Tapu Fini|Tapu Fini|100/100|[from]move: Volt Switch
|-fieldstart|move: Misty Terrain|[from] ability: Misty Surge|[of] p1a: Tapu Fini
|move|p2a: Melmetal|Ice Punch|p1a: Tapu Fini
|-resisted|p1a: Tapu Fini
|-damage|p1a: Tapu Fini|83/100
|
|-heal|p1a: Tapu Fini|89/100|[from] item: Leftovers
|upkeep
|turn|10
|
|t:|1663749173
|switch|p2a: Clefable|Clefable, F|45/100
|move|p1a: Tapu Fini|Surf|p2a: Clefable
|-damage|p2a: Clefable|13/100
|
|-heal|p1a: Tapu Fini|95/100|[from] item: Leftovers
|-heal|p2a: Clefable|20/100|[from] item: Leftovers
|upkeep
|turn|11
|
|t:|1663749187
|switch|p2a: Tyranitar|Tyranitar, M|100/100
|-weather|Sandstorm|[from] ability: Sand Stream|[of] p2a: Tyranitar
|move|p1a: Tapu Fini|Moonblast|p2a: Tyranitar
|-supereffective|p2a: Tyranitar
|-damage|p2a: Tyranitar|56/100
|
|-weather|Sandstorm|[upkeep]
|-damage|p1a: Tapu Fini|89/100|[from] Sandstorm
|-heal|p2a: Tyranitar|62/100|[from] item: Leftovers
|-heal|p1a: Tapu Fini|95/100|[from] item: Leftovers
|upkeep
|turn|12
|
|t:|1663749199
|move|p2a: Tyranitar|Stone Edge|p1a: Tapu Fini
|-damage|p1a: Tapu Fini|52/100
|move|p1a: Tapu Fini|Moonblast|p2a: Tyranitar
|-supereffective|p2a: Tyranitar
|-damage|p2a: Tyranitar|15/100
|
|-weather|Sandstorm|[upkeep]
|-damage|p1a: Tapu Fini|46/100|[from] Sandstorm
|-heal|p2a: Tyranitar|21/100|[from] item: Leftovers
|-heal|p1a: Tapu Fini|52/100|[from] item: Leftovers
|upkeep
|turn|13
|
|t:|1663749211
|move|p2a: Tyranitar|Stone Edge|p1a: Tapu Fini
|-crit|p1a: Tapu Fini
|-damage|p1a: Tapu Fini|0 fnt
|faint|p1a: Tapu Fini
|
|-weather|Sandstorm|[upkeep]
|-heal|p2a: Tyranitar|27/100|[from] item: Leftovers
|-fieldend|Misty Terrain
|upkeep
|
|t:|1663749216
|switch|p1a: Zeraora|Zeraora|100/100
|turn|14
|
|t:|1663749228
|switch|p2a: Melmetal|Melmetal|17/100
|move|p1a: Zeraora|Close Combat|p2a: Melmetal
|-supereffective|p2a: Melmetal
|-damage|p2a: Melmetal|0 fnt
|-unboost|p1a: Zeraora|def|1
|-unboost|p1a: Zeraora|spd|1
|faint|p2a: Melmetal
|
|-weather|Sandstorm|[upkeep]
|-damage|p1a: Zeraora|95/100|[from] Sandstorm
|upkeep
|
|t:|1663749247
|switch|p2a: Clefable|Clefable, F|20/100
|turn|15
|
|t:|1663749250
|move|p1a: Zeraora|Plasma Fists|p2a: Clefable
|-damage|p2a: Clefable|0 fnt
|-fieldactivate|move: Ion Deluge
|-hint|Normal-type moves become Electric-type after using Plasma Fists.
|faint|p2a: Clefable
|
|-weather|none
|upkeep
|j| wdz999
|
|t:|1663749258
|switch|p2a: Tyranitar|Tyranitar, M|27/100
|-weather|Sandstorm|[from] ability: Sand Stream|[of] p2a: Tyranitar
|turn|16
|-message|alafa forfeited.
|
|win|Adel19
|raw|Adel19's rating: 1733 &rarr; <strong>1751</strong><br />(+18 for winning)
|raw|alafa's rating: 1697 &rarr; <strong>1679</strong><br />(-18 for losing)
|l|☆alafa
|l|☆Adel19
