|j|☆Blacksponge
|j|☆SigmaGirlBoss69
|t:|1655159022
|gametype|singles
|player|p1|Blacksponge|lucas|1510
|player|p2|SigmaGirlBoss69|youngcouple-gen4dp|1465
|teamsize|p1|6
|teamsize|p2|6
|gen|8
|tier|[Gen 8] OU
|rated|
|rule|Sleep Clause Mod: Limit one foe put to sleep
|rule|Species Clause: Limit one of each Pokémon
|rule|OHKO Clause: OHKO moves are banned
|rule|Evasion Moves Clause: Evasion moves are banned
|rule|Endless Battle Clause: Forcing endless battles is banned
|rule|HP Percentage Mod: HP is shown in percentages
|rule|Dynamax Clause: You cannot dynamax
|clearpoke
|poke|p1|Dragonite, F|
|poke|p1|Lycanroc-Midnight, M|
|poke|p1|Victini|
|poke|p1|Nidoking, M|
|poke|p1|Mew|
|poke|p1|Buzzwole|
|poke|p2|Pelipper, F|
|poke|p2|Barraskewda, M|
|poke|p2|Thundurus-Therian, M|
|poke|p2|Tentacruel, F|
|poke|p2|Blissey, F|
|poke|p2|Ferrothorn, M|
|teampreview
|
|t:|1655159039
|start
|switch|p1a: Victini|Victini|100/100
|switch|p2a: Pelipper|Pelipper, F|100/100
|-weather|RainDance|[from] ability: Drizzle|[of] p2a: Pelipper
|turn|1
|inactive|Battle timer is ON: inactive players will automatically lose when time's up. (requested by SigmaGirlBoss69)
|
|t:|1655159045
|switch|p2a: Thundurus|Thundurus-Therian, M|100/100
|move|p1a: Victini|V-create|p2a: Thundurus
|-damage|p2a: Thundurus|5/100
|-unboost|p1a: Victini|spe|1
|-unboost|p1a: Victini|def|1
|-unboost|p1a: Victini|spd|1
|
|-weather|RainDance|[upkeep]
|upkeep
|turn|2
|
|t:|1655159051
|switch|p1a: Mew|Mew|100/100
|move|p2a: Thundurus|Weather Ball|p1a: Mew
|-damage|p1a: Mew|66/100
|
|-weather|RainDance|[upkeep]
|-heal|p1a: Mew|72/100|[from] item: Leftovers
|upkeep
|turn|3
|
|t:|1655159056
|move|p2a: Thundurus|Thunder|p1a: Mew
|-damage|p1a: Mew|33/100
|move|p1a: Mew|Roost|p1a: Mew
|-heal|p1a: Mew|83/100
|-singleturn|p1a: Mew|move: Roost
|
|-weather|RainDance|[upkeep]
|-heal|p1a: Mew|89/100|[from] item: Leftovers
|upkeep
|turn|4
|
|t:|1655159062
|move|p2a: Thundurus|Thunder|p1a: Mew
|-damage|p1a: Mew|50/100
|move|p1a: Mew|Will-O-Wisp|p2a: Thundurus
|-status|p2a: Thundurus|brn
|
|-weather|RainDance|[upkeep]
|-heal|p1a: Mew|57/100|[from] item: Leftovers
|-damage|p2a: Thundurus|0 fnt|[from] brn
|faint|p2a: Thundurus
|upkeep
|
|t:|1655159068
|switch|p2a: Barraskewda|Barraskewda, M|100/100
|turn|5
|
|t:|1655159097
|switch|p1a: Dragonite|Dragonite, F|100/100
|move|p2a: Barraskewda|Flip Turn|p1a: Dragonite
|-resisted|p1a: Dragonite
|-damage|p1a: Dragonite|84/100
|
|t:|1655159103
|switch|p2a: Blissey|Blissey, F|100/100|[from]move: Flip Turn
|
|-weather|RainDance|[upkeep]
|upkeep
|turn|6
|
|t:|1655159107
|switch|p1a: Mew|Mew|57/100
|move|p2a: Blissey|Thunder Wave|p1a: Mew
|-status|p1a: Mew|par
|-activate|p1a: Mew|ability: Synchronize
|-status|p2a: Blissey|par
|
|-weather|RainDance|[upkeep]
|-heal|p1a: Mew|63/100 par|[from] item: Leftovers
|upkeep
|turn|7
|
|t:|1655159111
|move|p1a: Mew|Stealth Rock|p2a: Blissey
|-sidestart|p2: SigmaGirlBoss69|move: Stealth Rock
|move|p2a: Blissey|Stealth Rock|p1a: Mew
|-sidestart|p1: Blacksponge|move: Stealth Rock
|
|-weather|RainDance|[upkeep]
|-heal|p1a: Mew|69/100 par|[from] item: Leftovers
|upkeep
|turn|8
|
|t:|1655159116
|switch|p1a: Nidoking|Nidoking, M|100/100
|-damage|p1a: Nidoking|95/100|[from] Stealth Rock
|move|p2a: Blissey|Teleport|p2a: Blissey
|
|t:|1655159123
|-curestatus|p2a: Blissey|par|[from] ability: Natural Cure
|switch|p2a: Barraskewda|Barraskewda, M|100/100|[from]move: Teleport
|-damage|p2a: Barraskewda|88/100|[from] Stealth Rock
|
|-weather|none
|upkeep
|turn|9
|
|t:|1655159133
|switch|p1a: Mew|Mew|69/100 par
|-damage|p1a: Mew|57/100 par|[from] Stealth Rock
|move|p2a: Barraskewda|Flip Turn|p1a: Mew
|-damage|p1a: Mew|17/100 par
|
|t:|1655159139
|switch|p2a: Blissey|Blissey, F|100/100|[from]move: Flip Turn
|
|-heal|p1a: Mew|23/100 par|[from] item: Leftovers
|upkeep
|turn|10
|
|t:|1655159143
|move|p1a: Mew|Roost|p1a: Mew
|-heal|p1a: Mew|73/100 par
|-singleturn|p1a: Mew|move: Roost
|move|p2a: Blissey|Teleport|p2a: Blissey
|
|t:|1655159145
|switch|p2a: Pelipper|Pelipper, F|100/100|[from]move: Teleport
|-damage|p2a: Pelipper|76/100|[from] Stealth Rock
|-weather|RainDance|[from] ability: Drizzle|[of] p2a: Pelipper
|
|-weather|RainDance|[upkeep]
|-heal|p1a: Mew|79/100 par|[from] item: Leftovers
|upkeep
|turn|11
|
|t:|1655159147
|move|p2a: Pelipper|U-turn|p1a: Mew
|-supereffective|p1a: Mew
|-damage|p1a: Mew|65/100 par
|
|t:|1655159149
|switch|p2a: Blissey|Blissey, F|100/100|[from]move: U-turn
|move|p1a: Mew|Will-O-Wisp|p2a: Blissey
|-status|p2a: Blissey|brn
|
|-weather|RainDance|[upkeep]
|-heal|p1a: Mew|71/100 par|[from] item: Leftovers
|-damage|p2a: Blissey|94/100 brn|[from] brn
|upkeep
|turn|12
|
|t:|1655159154
|switch|p1a: Dragonite|Dragonite, F|84/100
|move|p2a: Blissey|Teleport|p2a: Blissey
|
|t:|1655159156
|-curestatus|p2a: Blissey|brn|[from] ability: Natural Cure
|switch|p2a: Barraskewda|Barraskewda, M|88/100|[from]move: Teleport
|-damage|p2a: Barraskewda|76/100|[from] Stealth Rock
|
|-weather|RainDance|[upkeep]
|upkeep
|turn|13
|
|t:|1655159161
|move|p2a: Barraskewda|Flip Turn|p1a: Dragonite
|-resisted|p1a: Dragonite
|-damage|p1a: Dragonite|53/100
|
|t:|1655159166
|switch|p2a: Tentacruel|Tentacruel, F|100/100|[from]move: Flip Turn
|move|p1a: Dragonite|Roost|p1a: Dragonite
|-heal|p1a: Dragonite|100/100
|-singleturn|p1a: Dragonite|move: Roost
|
|-weather|RainDance|[upkeep]
|upkeep
|turn|14
|
|t:|1655159171
|switch|p1a: Mew|Mew|71/100 par
|-damage|p1a: Mew|58/100 par|[from] Stealth Rock
|move|p2a: Tentacruel|Rapid Spin|p1a: Mew
|-crit|p1a: Mew
|-damage|p1a: Mew|48/100 par
|-boost|p2a: Tentacruel|spe|1
|-sideend|p2: SigmaGirlBoss69|Stealth Rock|[from] move: Rapid Spin|[of] p2a: Tentacruel
|
|-weather|RainDance|[upkeep]
|-heal|p1a: Mew|54/100 par|[from] item: Leftovers
|upkeep
|turn|15
|
|t:|1655159179
|move|p2a: Tentacruel|Knock Off|p1a: Mew
|-supereffective|p1a: Mew
|-damage|p1a: Mew|25/100 par
|-enditem|p1a: Mew|Leftovers|[from] move: Knock Off|[of] p2a: Tentacruel
|move|p1a: Mew|Stealth Rock|p2a: Tentacruel
|-sidestart|p2: SigmaGirlBoss69|move: Stealth Rock
|
|-weather|RainDance|[upkeep]
|upkeep
|turn|16
|
|t:|1655159184
|move|p2a: Tentacruel|Knock Off|p1a: Mew
|-supereffective|p1a: Mew
|-damage|p1a: Mew|5/100 par
|move|p1a: Mew|Roost|p1a: Mew
|-heal|p1a: Mew|55/100 par
|-singleturn|p1a: Mew|move: Roost
|
|-weather|RainDance|[upkeep]
|upkeep
|turn|17
|
|t:|1655159189
|move|p2a: Tentacruel|Toxic Spikes|p1a: Mew
|-sidestart|p1: Blacksponge|move: Toxic Spikes
|cant|p1a: Mew|par
|
|-weather|none
|upkeep
|turn|18
|
|t:|1655159195
|move|p2a: Tentacruel|Toxic Spikes|p1a: Mew
|-sidestart|p1: Blacksponge|move: Toxic Spikes
|move|p1a: Mew|Will-O-Wisp|p2a: Tentacruel
|-status|p2a: Tentacruel|brn
|
|-damage|p2a: Tentacruel|94/100 brn|[from] brn
|upkeep
|turn|19
|
|t:|1655159199
|switch|p2a: Blissey|Blissey, F|94/100
|cant|p1a: Mew|par
|
|upkeep
|turn|20
|
|t:|1655159204
|switch|p1a: Nidoking|Nidoking, M|95/100
|-damage|p1a: Nidoking|89/100|[from] Stealth Rock
|-sideend|p1: Blacksponge|move: Toxic Spikes|[of] p1a: Nidoking
|move|p2a: Blissey|Teleport|p2a: Blissey
|
|t:|1655159211
|switch|p2a: Pelipper|Pelipper, F|76/100|[from]move: Teleport
|-damage|p2a: Pelipper|51/100|[from] Stealth Rock
|-weather|RainDance|[from] ability: Drizzle|[of] p2a: Pelipper
|
|-weather|RainDance|[upkeep]
|upkeep
|turn|21
|
|t:|1655159214
|switch|p2a: Blissey|Blissey, F|94/100
|move|p1a: Nidoking|Sludge Wave|p2a: Blissey
|-damage|p2a: Blissey|70/100
|
|-weather|RainDance|[upkeep]
|upkeep
|turn|22
|
|t:|1655159216
|-singleturn|p1a: Nidoking|move: Focus Punch
|move|p1a: Nidoking|Focus Punch|p2a: Blissey
|-supereffective|p2a: Blissey
|-damage|p2a: Blissey|0 fnt
|faint|p2a: Blissey
|-damage|p1a: Nidoking|79/100|[from] item: Life Orb
|
|-weather|RainDance|[upkeep]
|upkeep
|
|t:|1655159220
|switch|p2a: Barraskewda|Barraskewda, M|76/100
|-damage|p2a: Barraskewda|64/100|[from] Stealth Rock
|turn|23
|
|t:|1655159243
|switch|p1a: Mew|Mew|55/100 par
|-damage|p1a: Mew|43/100 par|[from] Stealth Rock
|move|p2a: Barraskewda|Liquidation|p1a: Mew
|-damage|p1a: Mew|0 fnt
|faint|p1a: Mew
|
|-weather|RainDance|[upkeep]
|upkeep
|
|t:|1655159251
|switch|p1a: Dragonite|Dragonite, F|100/100
|turn|24
|
|t:|1655159257
|switch|p2a: Ferrothorn|Ferrothorn, M|100/100
|-damage|p2a: Ferrothorn|94/100|[from] Stealth Rock
|move|p1a: Dragonite|Thunder Wave|p2a: Ferrothorn
|-status|p2a: Ferrothorn|par
|
|-weather|RainDance|[upkeep]
|-heal|p2a: Ferrothorn|100/100 par|[from] item: Leftovers
|upkeep
|turn|25
|
|t:|1655159266
|switch|p1a: Victini|Victini|100/100
|-damage|p1a: Victini|76/100|[from] Stealth Rock
|cant|p2a: Ferrothorn|par
|
|-weather|RainDance|[upkeep]
|upkeep
|turn|26
|
|t:|1655159273
|switch|p2a: Tentacruel|Tentacruel, F|94/100 brn
|move|p1a: Victini|Trick|p2a: Tentacruel
|-activate|p1a: Victini|move: Trick|[of] p2a: Tentacruel
|-item|p2a: Tentacruel|Choice Band|[from] move: Trick
|-item|p1a: Victini|Heavy-Duty Boots|[from] move: Trick
|
|-weather|RainDance|[upkeep]
|-heal|p2a: Tentacruel|100/100 brn|[from] ability: Rain Dish
|-damage|p2a: Tentacruel|94/100 brn|[from] brn
|upkeep
|turn|27
|
|t:|1655159279
|move|p1a: Victini|Bolt Strike|p2a: Tentacruel
|-supereffective|p2a: Tentacruel
|-damage|p2a: Tentacruel|25/100 brn
|move|p2a: Tentacruel|Knock Off|p1a: Victini
|-supereffective|p1a: Victini
|-damage|p1a: Victini|52/100
|-enditem|p1a: Victini|Heavy-Duty Boots|[from] move: Knock Off|[of] p2a: Tentacruel
|
|-weather|none
|-damage|p2a: Tentacruel|19/100 brn|[from] brn
|upkeep
|turn|28
|
|t:|1655159287
|switch|p2a: Ferrothorn|Ferrothorn, M|100/100 par
|-damage|p2a: Ferrothorn|94/100 par|[from] Stealth Rock
|move|p1a: Victini|V-create|p2a: Ferrothorn
|-supereffective|p2a: Ferrothorn
|-damage|p2a: Ferrothorn|0 fnt
|-unboost|p1a: Victini|spe|1
|-unboost|p1a: Victini|def|1
|-unboost|p1a: Victini|spd|1
|-damage|p1a: Victini|40/100|[from] ability: Iron Barbs|[of] p2a: Ferrothorn
|faint|p2a: Ferrothorn
|
|upkeep
|
|t:|1655159289
|switch|p2a: Barraskewda|Barraskewda, M|64/100
|-damage|p2a: Barraskewda|52/100|[from] Stealth Rock
|turn|29
|
|t:|1655159298
|switch|p1a: Buzzwole|Buzzwole|100/100
|-damage|p1a: Buzzwole|88/100|[from] Stealth Rock
|move|p2a: Barraskewda|Flip Turn|p1a: Buzzwole
|-damage|p1a: Buzzwole|57/100
|
|t:|1655159300
|switch|p2a: Pelipper|Pelipper, F|51/100|[from]move: Flip Turn
|-damage|p2a: Pelipper|26/100|[from] Stealth Rock
|-weather|RainDance|[from] ability: Drizzle|[of] p2a: Pelipper
|
|-weather|RainDance|[upkeep]
|-heal|p1a: Buzzwole|63/100|[from] item: Leftovers
|upkeep
|turn|30
|
|t:|1655159305
|move|p1a: Buzzwole|Roost|p1a: Buzzwole
|-heal|p1a: Buzzwole|100/100
|-singleturn|p1a: Buzzwole|move: Roost
|move|p2a: Pelipper|Roost|p2a: Pelipper
|-heal|p2a: Pelipper|76/100
|-singleturn|p2a: Pelipper|move: Roost
|
|-weather|RainDance|[upkeep]
|upkeep
|turn|31
|
|t:|1655159309
|move|p1a: Buzzwole|Poison Jab|p2a: Pelipper
|-damage|p2a: Pelipper|50/100
|move|p2a: Pelipper|Hurricane|p1a: Buzzwole
|-supereffective|p1a: Buzzwole
|-damage|p1a: Buzzwole|0 fnt
|faint|p1a: Buzzwole
|
|-weather|RainDance|[upkeep]
|upkeep
|
|t:|1655159315
|switch|p1a: Nidoking|Nidoking, M|79/100
|-damage|p1a: Nidoking|73/100|[from] Stealth Rock
|turn|32
|
|t:|1655159318
|switch|p2a: Tentacruel|Tentacruel, F|19/100 brn
|-damage|p2a: Tentacruel|7/100 brn|[from] Stealth Rock
|move|p1a: Nidoking|Sludge Wave|p2a: Tentacruel
|-resisted|p2a: Tentacruel
|-damage|p2a: Tentacruel|0 fnt
|faint|p2a: Tentacruel
|
|-weather|RainDance|[upkeep]
|upkeep
|
|t:|1655159320
|switch|p2a: Barraskewda|Barraskewda, M|52/100
|-damage|p2a: Barraskewda|40/100|[from] Stealth Rock
|turn|33
|
|t:|1655159332
|switch|p1a: Lycanroc|Lycanroc-Midnight, M|100/100
|-damage|p1a: Lycanroc|88/100|[from] Stealth Rock
|move|p2a: Barraskewda|Liquidation|p1a: Lycanroc
|-supereffective|p1a: Lycanroc
|-damage|p1a: Lycanroc|0 fnt
|faint|p1a: Lycanroc
|
|-weather|RainDance|[upkeep]
|upkeep
|
|t:|1655159337
|switch|p1a: Dragonite|Dragonite, F|100/100
|turn|34
|
|t:|1655159342
|switch|p2a: Pelipper|Pelipper, F|50/100
|-damage|p2a: Pelipper|25/100|[from] Stealth Rock
|move|p1a: Dragonite|Dual Wingbeat|p2a: Pelipper
|-damage|p2a: Pelipper|11/100
|-damage|p2a: Pelipper|0 fnt
|faint|p2a: Pelipper
|-hitcount|p2: Pelipper|2
|
|-weather|RainDance|[upkeep]
|upkeep
|
|t:|1655159345
|switch|p2a: Barraskewda|Barraskewda, M|40/100
|-damage|p2a: Barraskewda|27/100|[from] Stealth Rock
|turn|35
|
|t:|1655159347
|move|p2a: Barraskewda|Liquidation|p1a: Dragonite
|-resisted|p1a: Dragonite
|-damage|p1a: Dragonite|76/100
|move|p1a: Dragonite|Dual Wingbeat|p2a: Barraskewda
|-damage|p2a: Barraskewda|0 fnt
|faint|p2a: Barraskewda
|-hitcount|p2: Barraskewda|1
|
|win|Blacksponge
|raw|Blacksponge's rating: 1510 &rarr; <strong>1527</strong><br />(+17 for winning)
|raw|SigmaGirlBoss69's rating: 1465 &rarr; <strong>1448</strong><br />(-17 for losing)
|l|☆SigmaGirlBoss69
||Ladder isn't responding, score probably updated but might not have (Request timeout).
