|j|☆minimax_ai
|j|☆Darkman64
|t:|1662782356
|gametype|singles
|player|p1|minimax_ai|lusamine-nihilego|1594
|player|p2|Darkman64|juan|1565
|teamsize|p1|6
|teamsize|p2|6
|gen|8
|tier|[Gen 8] OU
|rated|
|rule|Sleep Clause Mod: Limit one foe put to sleep
|rule|Species Clause: Limit one of each Pokémon
|rule|OHKO Clause: OHKO moves are banned
|rule|Evasion Items Clause: Evasion items are banned
|rule|Evasion Moves Clause: Evasion moves are banned
|rule|Endless Battle Clause: Forcing endless battles is banned
|rule|HP Percentage Mod: HP is shown in percentages
|rule|Dynamax Clause: You cannot dynamax
|clearpoke
|poke|p1|Rotom-Wash|
|poke|p1|Weavile, F|
|poke|p1|Landorus-Therian, M|
|poke|p1|Heatran, M|
|poke|p1|Tangrowth, F|
|poke|p1|Melmetal|
|poke|p2|Weavile, F|
|poke|p2|Slowbro, M|
|poke|p2|Landorus-Therian, M|
|poke|p2|Urshifu-*, M|
|poke|p2|Ferrothorn, M|
|poke|p2|Clefable, F|
|teampreview
|c|☆minimax_ai|hf
|inactive|Battle timer is ON: inactive players will automatically lose when time's up. (requested by minimax_ai)
|
|t:|1662782363
|start
|switch|p1a: landorustherian|Landorus-Therian, M|100/100
|switch|p2a: Weavile|Weavile, F|100/100
|-ability|p2a: Weavile|Pressure
|-ability|p1a: landorustherian|Intimidate|boost
|-unboost|p2a: Weavile|atk|1
|turn|1
|
|t:|1662782387
|switch|p1a: Tangrowth|Tangrowth, F|100/100
|move|p2a: Weavile|Knock Off|p1a: Tangrowth
|-damage|p1a: Tangrowth|76/100
|-damage|p2a: Weavile|84/100|[from] item: Rocky Helmet|[of] p1a: Tangrowth
|-enditem|p1a: Tangrowth|Rocky Helmet|[from] move: Knock Off|[of] p2a: Weavile
|
|upkeep
|turn|2
|
|t:|1662782391
|switch|p2a: Ferrothorn|Ferrothorn, M|100/100
|move|p1a: Tangrowth|Focus Blast|p2a: Ferrothorn
|-supereffective|p2a: Ferrothorn
|-damage|p2a: Ferrothorn|52/100
|
|-heal|p2a: Ferrothorn|58/100|[from] item: Leftovers
|upkeep
|turn|3
|
|t:|1662782396
|switch|p1a: Heatran|Heatran, M|100/100
|-item|p1a: Heatran|Air Balloon
|switch|p2a: Slowbro|Slowbro, M|100/100
|
|upkeep
|turn|4
|
|t:|1662782399
|move|p1a: Heatran|Stealth Rock|p2a: Slowbro
|-sidestart|p2: Darkman64|move: Stealth Rock
|move|p2a: Slowbro|Future Sight|p1a: Heatran
|-start|p2a: Slowbro|move: Future Sight
|
|upkeep
|turn|5
|
|t:|1662782402
|switch|p1a: rotomwash|Rotom-Wash|100/100
|move|p2a: Slowbro|Teleport|p2a: Slowbro
|
|t:|1662782408
|switch|p2a: Urshifu|Urshifu-Rapid-Strike, M|100/100|[from]move: Teleport
|-damage|p2a: Urshifu|94/100|[from] Stealth Rock
|
|upkeep
|turn|6
|
|t:|1662782410
|move|p2a: Urshifu|Close Combat|p1a: rotomwash
|-damage|p1a: rotomwash|6/100
|-unboost|p2a: Urshifu|def|1
|-unboost|p2a: Urshifu|spd|1
|move|p1a: rotomwash|Thunderbolt|p2a: Urshifu
|-supereffective|p2a: Urshifu
|-damage|p2a: Urshifu|0 fnt
|faint|p2a: Urshifu
|
|-end|p1a: rotomwash|move: Future Sight
|-damage|p1a: rotomwash|0 fnt
|faint|p1a: rotomwash
|upkeep
|
|t:|1662782422
|switch|p2a: Slowbro|Slowbro, M|100/100
|switch|p1a: Tangrowth|Tangrowth, F|100/100
|turn|7
|
|t:|1662782425
|move|p1a: Tangrowth|Giga Drain|p2a: Slowbro
|-supereffective|p2a: Slowbro
|-damage|p2a: Slowbro|43/100
|move|p2a: Slowbro|Teleport|p2a: Slowbro
|
|t:|1662782428
|switch|p2a: Landorus|Landorus-Therian, M|100/100|[from]move: Teleport
|-damage|p2a: Landorus|88/100|[from] Stealth Rock
|-ability|p2a: Landorus|Intimidate|boost
|-unboost|p1a: Tangrowth|atk|1
|
|-heal|p2a: Landorus|94/100|[from] item: Leftovers
|upkeep
|turn|8
|
|t:|1662782432
|move|p2a: Landorus|Toxic|p1a: Tangrowth|[miss]
|-miss|p2a: Landorus|p1a: Tangrowth
|move|p1a: Tangrowth|Sleep Powder|p2a: Landorus
|-status|p2a: Landorus|slp|[from] move: Sleep Powder
|
|-heal|p2a: Landorus|99/100 slp|[from] item: Leftovers
|upkeep
|turn|9
|
|t:|1662782436
|cant|p2a: Landorus|slp
|move|p1a: Tangrowth|Giga Drain|p2a: Landorus
|-damage|p2a: Landorus|80/100 slp
|
|-heal|p2a: Landorus|86/100 slp|[from] item: Leftovers
|upkeep
|turn|10
|
|t:|1662782438
|cant|p2a: Landorus|slp
|move|p1a: Tangrowth|Giga Drain|p2a: Landorus
|-damage|p2a: Landorus|65/100 slp
|
|-heal|p2a: Landorus|71/100 slp|[from] item: Leftovers
|upkeep
|turn|11
|
|t:|1662782441
|-curestatus|p2a: Landorus|slp|[msg]
|move|p2a: Landorus|Toxic|p1a: Tangrowth
|-status|p1a: Tangrowth|tox
|move|p1a: Tangrowth|Giga Drain|p2a: Landorus
|-damage|p2a: Landorus|52/100
|
|-heal|p2a: Landorus|58/100|[from] item: Leftovers
|-damage|p1a: Tangrowth|94/100 tox|[from] psn
|upkeep
|turn|12
|
|t:|1662782444
|switch|p1a: Heatran|Heatran, M|100/100
|-item|p1a: Heatran|Air Balloon
|move|p2a: Landorus|U-turn|p1a: Heatran
|-resisted|p1a: Heatran
|-damage|p1a: Heatran|95/100
|-enditem|p1a: Heatran|Air Balloon
|
|t:|1662782447
|switch|p2a: Slowbro|Slowbro, M|76/100|[from]move: U-turn
|
|upkeep
|turn|13
|
|t:|1662782449
|move|p1a: Heatran|Magma Storm|p2a: Slowbro
|-resisted|p2a: Slowbro
|-damage|p2a: Slowbro|52/100
|-activate|p2a: Slowbro|move: Magma Storm|[of] p1a: Heatran
|move|p2a: Slowbro|Scald|p1a: Heatran
|-supereffective|p1a: Heatran
|-crit|p1a: Heatran
|-damage|p1a: Heatran|14/100
|
|-damage|p2a: Slowbro|39/100|[from] move: Magma Storm|[partiallytrapped]
|upkeep
|turn|14
|
|t:|1662782451
|move|p1a: Heatran|Magma Storm|p2a: Slowbro|[miss]
|-miss|p1a: Heatran|p2a: Slowbro
|move|p2a: Slowbro|Scald|p1a: Heatran
|-supereffective|p1a: Heatran
|-damage|p1a: Heatran|0 fnt
|faint|p1a: Heatran
|
|-end|p2a: Slowbro|Magma Storm|[partiallytrapped]|[silent]
|upkeep
|
|t:|1662782451
|switch|p1a: Weavile|Weavile, F|100/100
|-ability|p1a: Weavile|Pressure
|turn|15
|
|t:|1662782455
|switch|p2a: Clefable|Clefable, F|100/100
|-damage|p2a: Clefable|88/100|[from] Stealth Rock
|move|p1a: Weavile|Knock Off|p2a: Clefable
|-resisted|p2a: Clefable
|-damage|p2a: Clefable|59/100
|-enditem|p2a: Clefable|Leftovers|[from] move: Knock Off|[of] p1a: Weavile
|
|upkeep
|turn|16
|
|t:|1662782458
|switch|p1a: Melmetal|Melmetal|100/100
|move|p2a: Clefable|Wish|p2a: Clefable
|
|upkeep
|turn|17
|
|t:|1662782463
|switch|p2a: Slowbro|Slowbro, M|72/100
|move|p1a: Melmetal|Ice Punch|p2a: Slowbro
|-resisted|p2a: Slowbro
|-damage|p2a: Slowbro|61/100
|
|-heal|p2a: Slowbro|100/100|[from] move: Wish|[wisher] Clefable
|upkeep
|turn|18
|
|t:|1662782468
|switch|p1a: Tangrowth|Tangrowth, F|100/100 tox
|move|p2a: Slowbro|Scald|p1a: Tangrowth
|-resisted|p1a: Tangrowth
|-damage|p1a: Tangrowth|81/100 tox
|
|-damage|p1a: Tangrowth|75/100 tox|[from] psn
|upkeep
|turn|19
|
|t:|1662782472
|switch|p2a: Ferrothorn|Ferrothorn, M|58/100
|-damage|p2a: Ferrothorn|52/100|[from] Stealth Rock
|move|p1a: Tangrowth|Giga Drain|p2a: Ferrothorn
|-resisted|p2a: Ferrothorn
|-damage|p2a: Ferrothorn|46/100
|-heal|p1a: Tangrowth|77/100 tox|[from] drain|[of] p2a: Ferrothorn
|
|-heal|p2a: Ferrothorn|52/100|[from] item: Leftovers
|-damage|p1a: Tangrowth|65/100 tox|[from] psn
|upkeep
|turn|20
|
|t:|1662782475
|switch|p1a: landorustherian|Landorus-Therian, M|100/100
|-ability|p1a: landorustherian|Intimidate|boost
|-unboost|p2a: Ferrothorn|atk|1
|switch|p2a: Slowbro|Slowbro, M|100/100
|
|upkeep
|turn|21
|
|t:|1662782478
|move|p1a: landorustherian|U-turn|p2a: Slowbro
|-supereffective|p2a: Slowbro
|-damage|p2a: Slowbro|75/100
|
|t:|1662782478
|switch|p1a: Tangrowth|Tangrowth, F|98/100 tox|[from]move: U-turn
|move|p2a: Slowbro|Future Sight|p1a: Tangrowth
|-start|p2a: Slowbro|move: Future Sight
|
|-damage|p1a: Tangrowth|92/100 tox|[from] psn
|upkeep
|turn|22
|
|t:|1662782481
|switch|p1a: Weavile|Weavile, F|100/100
|-ability|p1a: Weavile|Pressure
|move|p2a: Slowbro|Teleport|p2a: Slowbro
|
|t:|1662782484
|switch|p2a: Clefable|Clefable, F|59/100|[from]move: Teleport
|-damage|p2a: Clefable|46/100|[from] Stealth Rock
|
|upkeep
|turn|23
|
|t:|1662782487
|move|p2a: Clefable|Protect|p2a: Clefable
|-singleturn|p2a: Clefable|Protect
|move|p1a: Weavile|Triple Axel|p2a: Clefable
|-activate|p2a: Clefable|move: Protect
|
|-end|p1a: Weavile|move: Future Sight
|-immune|p1a: Weavile
|upkeep
|turn|24
|
|t:|1662782490
|switch|p2a: Slowbro|Slowbro, M|100/100
|move|p1a: Weavile|Triple Axel|p2a: Slowbro
|-resisted|p2a: Slowbro
|-damage|p2a: Slowbro|95/100
|-resisted|p2a: Slowbro
|-damage|p2a: Slowbro|86/100
|-resisted|p2a: Slowbro
|-damage|p2a: Slowbro|72/100
|-hitcount|p2a: Slowbro|3
|
|upkeep
|turn|25
|
|t:|1662782493
|switch|p1a: Tangrowth|Tangrowth, F|100/100 tox
|move|p2a: Slowbro|Future Sight|p1a: Tangrowth
|-start|p2a: Slowbro|move: Future Sight
|
|-damage|p1a: Tangrowth|94/100 tox|[from] psn
|upkeep
|turn|26
|
|t:|1662782495
|switch|p1a: Weavile|Weavile, F|100/100
|-ability|p1a: Weavile|Pressure
|move|p2a: Slowbro|Teleport|p2a: Slowbro
|
|t:|1662782498
|switch|p2a: Weavile|Weavile, F|84/100|[from]move: Teleport
|-damage|p2a: Weavile|59/100|[from] Stealth Rock
|-ability|p2a: Weavile|Pressure
|
|upkeep
|turn|27
|
|t:|1662782500
|switch|p1a: Tangrowth|Tangrowth, F|100/100 tox
|move|p2a: Weavile|Low Kick|p1a: Tangrowth
|-damage|p1a: Tangrowth|76/100 tox
|
|-end|p1a: Tangrowth|move: Future Sight
|-damage|p1a: Tangrowth|22/100 tox
|-damage|p1a: Tangrowth|15/100 tox|[from] psn
|upkeep
|turn|28
|
|t:|1662782504
|switch|p1a: landorustherian|Landorus-Therian, M|100/100
|-ability|p1a: landorustherian|Intimidate|boost
|-unboost|p2a: Weavile|atk|1
|move|p2a: Weavile|Low Kick|p1a: landorustherian
|-resisted|p1a: landorustherian
|-damage|p1a: landorustherian|88/100
|
|-heal|p1a: landorustherian|94/100|[from] item: Leftovers
|upkeep
|turn|29
|
|t:|1662782507
|switch|p2a: Slowbro|Slowbro, M|100/100
|move|p1a: landorustherian|Earthquake|p2a: Slowbro
|-damage|p2a: Slowbro|72/100
|
|-heal|p1a: landorustherian|99/100|[from] item: Leftovers
|upkeep
|turn|30
|
|t:|1662782511
|move|p1a: landorustherian|U-turn|p2a: Slowbro
|-supereffective|p2a: Slowbro
|-damage|p2a: Slowbro|46/100
|
|t:|1662782511
|switch|p1a: Tangrowth|Tangrowth, F|49/100 tox|[from]move: U-turn
|move|p2a: Slowbro|Future Sight|p1a: Tangrowth
|-start|p2a: Slowbro|move: Future Sight
|
|-damage|p1a: Tangrowth|42/100 tox|[from] psn
|upkeep
|turn|31
|
|t:|1662782513
|switch|p1a: Weavile|Weavile, F|100/100
|-ability|p1a: Weavile|Pressure
|switch|p2a: Ferrothorn|Ferrothorn, M|52/100
|-damage|p2a: Ferrothorn|46/100|[from] Stealth Rock
|
|-heal|p2a: Ferrothorn|52/100|[from] item: Leftovers
|upkeep
|turn|32
|
|t:|1662782519
|move|p1a: Weavile|Low Kick|p2a: Ferrothorn
|-supereffective|p2a: Ferrothorn
|-damage|p2a: Ferrothorn|0 fnt
|-damage|p1a: Weavile|88/100|[from] ability: Iron Barbs|[of] p2a: Ferrothorn
|faint|p2a: Ferrothorn
|
|-end|p1a: Weavile|move: Future Sight
|-immune|p1a: Weavile
|upkeep
|
|t:|1662782525
|switch|p2a: Clefable|Clefable, F|46/100
|-damage|p2a: Clefable|34/100|[from] Stealth Rock
|turn|33
|
|t:|1662782527
|switch|p1a: Tangrowth|Tangrowth, F|75/100 tox
|move|p2a: Clefable|Wish|p2a: Clefable
|
|-damage|p1a: Tangrowth|69/100 tox|[from] psn
|upkeep
|turn|34
|
|t:|1662782530
|switch|p1a: Melmetal|Melmetal|100/100
|move|p2a: Clefable|Protect||[still]
|-fail|p2a: Clefable
|
|-heal|p2a: Clefable|84/100|[from] move: Wish|[wisher] Clefable
|upkeep
|turn|35
|
|t:|1662782532
|move|p2a: Clefable|Protect|p2a: Clefable
|-singleturn|p2a: Clefable|Protect
|move|p1a: Melmetal|Double Iron Bash|p2a: Clefable
|-activate|p2a: Clefable|move: Protect
|
|upkeep
|turn|36
|
|t:|1662782535
|switch|p2a: Slowbro|Slowbro, M|80/100
|move|p1a: Melmetal|Double Iron Bash|p2a: Slowbro
|-resisted|p2a: Slowbro
|-damage|p2a: Slowbro|67/100
|-resisted|p2a: Slowbro
|-damage|p2a: Slowbro|54/100
|-hitcount|p2a: Slowbro|2
|
|upkeep
|turn|37
|
|t:|1662782538
|move|p1a: Melmetal|Double Iron Bash|p2a: Slowbro
|-resisted|p2a: Slowbro
|-damage|p2a: Slowbro|41/100
|-resisted|p2a: Slowbro
|-damage|p2a: Slowbro|30/100
|-hitcount|p2a: Slowbro|2
|move|p2a: Slowbro|Teleport|p2a: Slowbro
|
|t:|1662782544
|switch|p2a: Landorus|Landorus-Therian, M|58/100|[from]move: Teleport
|-damage|p2a: Landorus|46/100|[from] Stealth Rock
|-ability|p2a: Landorus|Intimidate|boost
|-unboost|p1a: Melmetal|atk|1
|
|-heal|p2a: Landorus|52/100|[from] item: Leftovers
|upkeep
|turn|38
|
|t:|1662782547
|move|p2a: Landorus|U-turn|p1a: Melmetal
|-resisted|p1a: Melmetal
|-damage|p1a: Melmetal|94/100
|
|t:|1662782549
|switch|p2a: Slowbro|Slowbro, M|63/100|[from]move: U-turn
|move|p1a: Melmetal|Ice Punch|p2a: Slowbro
|-resisted|p2a: Slowbro
|-damage|p2a: Slowbro|56/100
|-status|p2a: Slowbro|frz
|
|upkeep
|turn|39
|
|t:|1662782552
|switch|p1a: Tangrowth|Tangrowth, F|100/100 tox
|cant|p2a: Slowbro|frz
|
|-damage|p1a: Tangrowth|94/100 tox|[from] psn
|upkeep
|turn|40
|
|t:|1662782556
|switch|p2a: Clefable|Clefable, F|84/100
|-damage|p2a: Clefable|71/100|[from] Stealth Rock
|move|p1a: Tangrowth|Giga Drain|p2a: Clefable
|-damage|p2a: Clefable|46/100
|-heal|p1a: Tangrowth|100/100 tox|[from] drain|[of] p2a: Clefable
|
|-damage|p1a: Tangrowth|88/100 tox|[from] psn
|upkeep
|turn|41
|
|t:|1662782559
|switch|p1a: landorustherian|Landorus-Therian, M|99/100
|-ability|p1a: landorustherian|Intimidate|boost
|-unboost|p2a: Clefable|atk|1
|move|p2a: Clefable|Protect||[still]
|-fail|p2a: Clefable
|
|-heal|p1a: landorustherian|100/100|[from] item: Leftovers
|upkeep
|turn|42
|
|t:|1662782561
|move|p1a: landorustherian|U-turn|p2a: Clefable
|-resisted|p2a: Clefable
|-damage|p2a: Clefable|38/100
|
|t:|1662782561
|switch|p1a: Melmetal|Melmetal|94/100|[from]move: U-turn
|move|p2a: Clefable|Wish|p2a: Clefable
|
|upkeep
|turn|43
|
|t:|1662782563
|move|p2a: Clefable|Protect|p2a: Clefable
|-singleturn|p2a: Clefable|Protect
|move|p1a: Melmetal|Thunder Punch|p2a: Clefable
|-activate|p2a: Clefable|move: Protect
|
|-heal|p2a: Clefable|88/100|[from] move: Wish|[wisher] Clefable
|upkeep
|turn|44
|
|t:|1662782565
|switch|p2a: Slowbro|Slowbro, M|90/100 frz
|move|p1a: Melmetal|Thunder Punch|p2a: Slowbro
|-supereffective|p2a: Slowbro
|-damage|p2a: Slowbro|50/100 frz
|
|upkeep
|turn|45
|
|t:|1662782569
|move|p1a: Melmetal|Thunder Punch|p2a: Slowbro
|-supereffective|p2a: Slowbro
|-damage|p2a: Slowbro|12/100 frz
|cant|p2a: Slowbro|frz
|
|upkeep
|turn|46
|
|t:|1662782573
|move|p1a: Melmetal|Double Iron Bash|p2a: Slowbro
|-resisted|p2a: Slowbro
|-damage|p2a: Slowbro|0 fnt
|faint|p2a: Slowbro
|-hitcount|p2: Slowbro|1
|
|upkeep
|
|t:|1662782577
|switch|p2a: Landorus|Landorus-Therian, M|52/100
|-damage|p2a: Landorus|40/100|[from] Stealth Rock
|-ability|p2a: Landorus|Intimidate|boost
|-unboost|p1a: Melmetal|atk|1
|turn|47
|
|t:|1662782578
|move|p2a: Landorus|Earthquake|p1a: Melmetal
|-supereffective|p1a: Melmetal
|-damage|p1a: Melmetal|41/100
|move|p1a: Melmetal|Double Iron Bash|p2a: Landorus
|-damage|p2a: Landorus|11/100
|-damage|p2a: Landorus|0 fnt
|faint|p2a: Landorus
|-hitcount|p2: Landorus|2
|
|upkeep
|
|t:|1662782580
|switch|p2a: Weavile|Weavile, F|59/100
|-damage|p2a: Weavile|34/100|[from] Stealth Rock
|-ability|p2a: Weavile|Pressure
|turn|48
|
|t:|1662782583
|switch|p1a: Tangrowth|Tangrowth, F|100/100 tox
|move|p2a: Weavile|Knock Off|p1a: Tangrowth
|-damage|p1a: Tangrowth|77/100 tox
|
|-damage|p1a: Tangrowth|71/100 tox|[from] psn
|upkeep
|turn|49
|
|t:|1662782587
|switch|p2a: Clefable|Clefable, F|88/100
|-damage|p2a: Clefable|75/100|[from] Stealth Rock
|move|p1a: Tangrowth|Giga Drain|p2a: Clefable
|-damage|p2a: Clefable|50/100
|-heal|p1a: Tangrowth|83/100 tox|[from] drain|[of] p2a: Clefable
|
|-damage|p1a: Tangrowth|71/100 tox|[from] psn
|upkeep
|turn|50
|
|t:|1662782589
|move|p2a: Clefable|Wish|p2a: Clefable
|move|p1a: Tangrowth|Sleep Powder|p2a: Clefable
|-status|p2a: Clefable|slp|[from] move: Sleep Powder
|
|-damage|p1a: Tangrowth|52/100 tox|[from] psn
|upkeep
|turn|51
|
|t:|1662782593
|cant|p2a: Clefable|slp
|move|p1a: Tangrowth|Giga Drain|p2a: Clefable
|-damage|p2a: Clefable|24/100 slp
|-heal|p1a: Tangrowth|65/100 tox|[from] drain|[of] p2a: Clefable
|
|-heal|p2a: Clefable|74/100 slp|[from] move: Wish|[wisher] Clefable
|-damage|p1a: Tangrowth|41/100 tox|[from] psn
|upkeep
|turn|52
|
|t:|1662782596
|switch|p1a: Weavile|Weavile, F|88/100
|-ability|p1a: Weavile|Pressure
|cant|p2a: Clefable|slp
|
|upkeep
|turn|53
|
|t:|1662782598
|-curestatus|p2a: Clefable|slp|[msg]
|move|p2a: Clefable|Protect|p2a: Clefable
|-singleturn|p2a: Clefable|Protect
|move|p1a: Weavile|Triple Axel|p2a: Clefable
|-activate|p2a: Clefable|move: Protect
|
|upkeep
|turn|54
|
|t:|1662782600
|move|p1a: Weavile|Triple Axel|p2a: Clefable
|-damage|p2a: Clefable|63/100
|-damage|p2a: Clefable|41/100
|-damage|p2a: Clefable|9/100
|-hitcount|p2a: Clefable|3
|move|p2a: Clefable|Wish|p2a: Clefable
|
|upkeep
|turn|55
|
|t:|1662782602
|move|p2a: Clefable|Protect|p2a: Clefable
|-singleturn|p2a: Clefable|Protect
|move|p1a: Weavile|Triple Axel|p2a: Clefable
|-activate|p2a: Clefable|move: Protect
|
|-heal|p2a: Clefable|59/100|[from] move: Wish|[wisher] Clefable
|upkeep
|turn|56
|
|t:|1662782605
|move|p1a: Weavile|Triple Axel|p2a: Clefable
|-damage|p2a: Clefable|47/100
|-damage|p2a: Clefable|25/100
|-damage|p2a: Clefable|0 fnt
|faint|p2a: Clefable
|-hitcount|p2: Clefable|3
|
|upkeep
|
|t:|1662782607
|switch|p2a: Weavile|Weavile, F|34/100
|-damage|p2a: Weavile|9/100|[from] Stealth Rock
|-ability|p2a: Weavile|Pressure
|turn|57
|c|☆Darkman64|gg
|
|t:|1662782612
|switch|p1a: Tangrowth|Tangrowth, F|74/100 tox
|move|p2a: Weavile|Knock Off|p1a: Tangrowth
|-damage|p1a: Tangrowth|49/100 tox
|
|-damage|p1a: Tangrowth|42/100 tox|[from] psn
|upkeep
|turn|58
|
|t:|1662782614
|move|p2a: Weavile|Knock Off|p1a: Tangrowth
|-damage|p1a: Tangrowth|16/100 tox
|move|p1a: Tangrowth|Giga Drain|p2a: Weavile
|-damage|p2a: Weavile|0 fnt
|-heal|p1a: Tangrowth|19/100 tox|[from] drain|[of] p2a: Weavile
|faint|p2a: Weavile
|
|win|minimax_ai
|raw|minimax_ai's rating: 1594 &rarr; <strong>1612</strong><br />(+18 for winning)
|raw|Darkman64's rating: 1565 &rarr; <strong>1547</strong><br />(-18 for losing)
|c|☆minimax_ai|gg
