|j|☆LordXen VII
|j|☆Run For Me Plz
|t:|1652913324
|gametype|singles
|player|p1|LordXen VII|266|1545
|player|p2|Run For Me Plz|pokemaniac-gen3|1598
|teamsize|p1|6
|teamsize|p2|6
|gen|8
|tier|[Gen 8] OU
|rated|
|rule|Sleep Clause Mod: Limit one foe put to sleep
|rule|Species Clause: Limit one of each Pokémon
|rule|OHKO Clause: OHKO moves are banned
|rule|Evasion Moves Clause: Evasion moves are banned
|rule|Endless Battle Clause: Forcing endless battles is banned
|rule|HP Percentage Mod: HP is shown in percentages
|rule|Dynamax Clause: You cannot dynamax
|clearpoke
|poke|p1|Blaziken, F|
|poke|p1|Tapu Lele|
|poke|p1|Melmetal|
|poke|p1|Blissey, F|
|poke|p1|Landorus-Therian, M|
|poke|p1|Slowbro, F|
|poke|p2|Volcanion|
|poke|p2|Slowbro, M|
|poke|p2|Weavile, F|
|poke|p2|Toxapex, M|
|poke|p2|Corviknight, M|
|poke|p2|Tapu Koko|
|teampreview
|inactive|Battle timer is ON: inactive players will automatically lose when time's up. (requested by Run For Me Plz)
|inactive|LordXen VII has 120 seconds left.
|inactive|LordXen VII has 90 seconds left.
|inactive|LordXen VII has 60 seconds left.
|
|t:|1652913442
|start
|switch|p1a: Melmetal|Melmetal|100/100
|switch|p2a: Corviknight|Corviknight, M, shiny|100/100
|-ability|p2a: Corviknight|Pressure
|turn|1
|
|t:|1652913450
|move|p2a: Corviknight|U-turn|p1a: Melmetal
|-resisted|p1a: Melmetal
|-damage|p1a: Melmetal|96/100
|
|t:|1652913452
|switch|p2a: Slowbro|Slowbro, M, shiny|100/100|[from]move: U-turn
|move|p1a: Melmetal|Thunder Wave|p2a: Slowbro
|-status|p2a: Slowbro|par
|
|-heal|p1a: Melmetal|100/100|[from] item: Leftovers
|upkeep
|turn|2
|
|t:|1652913465
|move|p1a: Melmetal|Thunder Punch|p2a: Slowbro
|-supereffective|p2a: Slowbro
|-damage|p2a: Slowbro|59/100 par
|move|p2a: Slowbro|Body Press|p1a: Melmetal
|-supereffective|p1a: Melmetal
|-damage|p1a: Melmetal|65/100
|
|-heal|p1a: Melmetal|72/100|[from] item: Leftovers
|upkeep
|turn|3
|
|t:|1652913477
|move|p1a: Melmetal|Double Iron Bash|p2a: Slowbro
|-resisted|p2a: Slowbro
|-damage|p2a: Slowbro|46/100 par
|-resisted|p2a: Slowbro
|-damage|p2a: Slowbro|33/100 par
|-hitcount|p2a: Slowbro|2
|move|p2a: Slowbro|Teleport|p2a: Slowbro
|
|t:|1652913480
|switch|p2a: Volcanion|Volcanion|100/100|[from]move: Teleport
|
|-heal|p1a: Melmetal|78/100|[from] item: Leftovers
|upkeep
|turn|4
|
|t:|1652913487
|switch|p1a: Blissey|Blissey, F|100/100
|move|p2a: Volcanion|Steam Eruption|p1a: Blissey
|-damage|p1a: Blissey|79/100
|
|upkeep
|turn|5
|inactive|LordXen VII has 120 seconds left.
|
|t:|1652913494
|move|p2a: Volcanion|Sludge Wave|p1a: Blissey
|-damage|p1a: Blissey|66/100
|move|p1a: Blissey|Teleport|p1a: Blissey
|inactive|LordXen VII has 120 seconds left.
|
|t:|1652913501
|switch|p1a: Slowbro|Slowbro, F|100/100|[from]move: Teleport
|
|upkeep
|turn|6
|
|t:|1652913505
|switch|p2a: Tapu Koko|Tapu Koko, shiny|100/100
|-fieldstart|move: Electric Terrain|[from] ability: Electric Surge|[of] p2a: Tapu Koko
|move|p1a: Slowbro|Future Sight|p2a: Tapu Koko
|-start|p1a: Slowbro|move: Future Sight
|
|upkeep
|turn|7
|inactive|LordXen VII has 120 seconds left.
|
|t:|1652913540
|switch|p1a: Landorus|Landorus-Therian, M|100/100
|-ability|p1a: Landorus|Intimidate|boost
|-unboost|p2a: Tapu Koko|atk|1
|move|p2a: Tapu Koko|Thunderbolt|p1a: Landorus
|-immune|p1a: Landorus
|
|upkeep
|turn|8
|
|t:|1652913547
|move|p2a: Tapu Koko|U-turn|p1a: Landorus
|-resisted|p1a: Landorus
|-damage|p1a: Landorus|96/100
|
|t:|1652913549
|switch|p2a: Corviknight|Corviknight, M, shiny|100/100|[from]move: U-turn
|-ability|p2a: Corviknight|Pressure
|move|p1a: Landorus|U-turn|p2a: Corviknight
|-resisted|p2a: Corviknight
|-damage|p2a: Corviknight|96/100
|inactive|LordXen VII has 120 seconds left.
|
|t:|1652913558
|switch|p1a: Melmetal|Melmetal|78/100|[from]move: U-turn
|
|-end|p2a: Corviknight|move: Future Sight
|-resisted|p2a: Corviknight
|-damage|p2a: Corviknight|83/100
|-heal|p2a: Corviknight|89/100|[from] item: Leftovers
|-heal|p1a: Melmetal|84/100|[from] item: Leftovers
|upkeep
|turn|9
|
|t:|1652913567
|move|p2a: Corviknight|Defog|p1a: Melmetal
|-unboost|p1a: Melmetal|evasion|1
|-fieldend|move: Electric Terrain
|move|p1a: Melmetal|Thunder Punch|p2a: Corviknight
|-supereffective|p2a: Corviknight
|-damage|p2a: Corviknight|27/100
|
|-heal|p2a: Corviknight|33/100|[from] item: Leftovers
|-heal|p1a: Melmetal|90/100|[from] item: Leftovers
|upkeep
|turn|10
|
|t:|1652913573
|move|p2a: Corviknight|Roost|p2a: Corviknight
|-heal|p2a: Corviknight|83/100
|-singleturn|p2a: Corviknight|move: Roost
|move|p1a: Melmetal|Thunder Wave|p2a: Corviknight
|-status|p2a: Corviknight|par
|
|-heal|p1a: Melmetal|96/100|[from] item: Leftovers
|-heal|p2a: Corviknight|90/100 par|[from] item: Leftovers
|upkeep
|turn|11
|
|t:|1652913578
|move|p1a: Melmetal|Double Iron Bash|p2a: Corviknight
|-resisted|p2a: Corviknight
|-damage|p2a: Corviknight|71/100 par
|-resisted|p2a: Corviknight
|-damage|p2a: Corviknight|52/100 par
|-hitcount|p2a: Corviknight|2
|move|p2a: Corviknight|Roost|p2a: Corviknight
|-heal|p2a: Corviknight|100/100 par
|-singleturn|p2a: Corviknight|move: Roost
|
|-heal|p1a: Melmetal|100/100|[from] item: Leftovers
|upkeep
|turn|12
|
|t:|1652913586
|move|p1a: Melmetal|Double Iron Bash|p2a: Corviknight
|-resisted|p2a: Corviknight
|-damage|p2a: Corviknight|82/100 par
|-resisted|p2a: Corviknight
|-damage|p2a: Corviknight|64/100 par
|-hitcount|p2a: Corviknight|2
|move|p2a: Corviknight|Roost|p2a: Corviknight
|-heal|p2a: Corviknight|100/100 par
|-singleturn|p2a: Corviknight|move: Roost
|
|upkeep
|turn|13
|
|t:|1652913594
|move|p1a: Melmetal|Thunder Punch|p2a: Corviknight
|-supereffective|p2a: Corviknight
|-damage|p2a: Corviknight|44/100 par
|cant|p2a: Corviknight|par
|
|-heal|p2a: Corviknight|50/100 par|[from] item: Leftovers
|upkeep
|turn|14
|
|t:|1652913603
|switch|p2a: Tapu Koko|Tapu Koko, shiny|100/100
|-fieldstart|move: Electric Terrain|[from] ability: Electric Surge|[of] p2a: Tapu Koko
|move|p1a: Melmetal|Thunder Punch|p2a: Tapu Koko
|-resisted|p2a: Tapu Koko
|-damage|p2a: Tapu Koko|75/100
|
|upkeep
|turn|15
|inactive|LordXen VII has 120 seconds left.
|
|t:|1652913634
|switch|p1a: Blissey|Blissey, F|66/100
|move|p2a: Tapu Koko|Roost|p2a: Tapu Koko
|-heal|p2a: Tapu Koko|100/100
|-singleturn|p2a: Tapu Koko|move: Roost
|
|upkeep
|turn|16
|
|t:|1652913642
|move|p2a: Tapu Koko|U-turn|p1a: Blissey
|-crit|p1a: Blissey
|-damage|p1a: Blissey|43/100
|
|t:|1652913646
|switch|p2a: Corviknight|Corviknight, M, shiny|50/100 par|[from]move: U-turn
|-ability|p2a: Corviknight|Pressure
|move|p1a: Blissey|Stealth Rock|p2a: Corviknight
|-sidestart|p2: Run For Me Plz|move: Stealth Rock
|
|-heal|p2a: Corviknight|57/100 par|[from] item: Leftovers
|upkeep
|turn|17
|
|t:|1652913652
|move|p1a: Blissey|Soft-Boiled|p1a: Blissey
|-heal|p1a: Blissey|93/100
|move|p2a: Corviknight|Defog|p1a: Blissey
|-unboost|p1a: Blissey|evasion|1
|-sideend|p2: Run For Me Plz|Stealth Rock|[from] move: Defog|[of] p2a: Corviknight
|-fieldend|move: Electric Terrain
|
|-heal|p2a: Corviknight|63/100 par|[from] item: Leftovers
|upkeep
|turn|18
|
|t:|1652913657
|move|p1a: Blissey|Stealth Rock|p2a: Corviknight
|-sidestart|p2: Run For Me Plz|move: Stealth Rock
|cant|p2a: Corviknight|par
|
|-heal|p2a: Corviknight|69/100 par|[from] item: Leftovers
|upkeep
|turn|19
|
|t:|1652913670
|switch|p1a: Melmetal|Melmetal|100/100
|cant|p2a: Corviknight|par
|
|-heal|p2a: Corviknight|75/100 par|[from] item: Leftovers
|upkeep
|turn|20
|
|t:|1652913676
|switch|p2a: Tapu Koko|Tapu Koko, shiny|100/100
|-fieldstart|move: Electric Terrain|[from] ability: Electric Surge|[of] p2a: Tapu Koko
|move|p1a: Melmetal|Thunder Punch|p2a: Tapu Koko
|-resisted|p2a: Tapu Koko
|-damage|p2a: Tapu Koko|72/100
|
|upkeep
|turn|21
|
|t:|1652913694
|switch|p1a: Landorus|Landorus-Therian, M|96/100
|-ability|p1a: Landorus|Intimidate|boost
|-unboost|p2a: Tapu Koko|atk|1
|move|p2a: Tapu Koko|Roost|p2a: Tapu Koko
|-heal|p2a: Tapu Koko|100/100
|-singleturn|p2a: Tapu Koko|move: Roost
|
|-heal|p1a: Landorus|100/100|[from] item: Leftovers
|upkeep
|turn|22
|
|t:|1652913699
|move|p2a: Tapu Koko|U-turn|p1a: Landorus
|-resisted|p1a: Landorus
|-damage|p1a: Landorus|96/100
|
|t:|1652913703
|switch|p2a: Slowbro|Slowbro, M, shiny|66/100 par|[from]move: U-turn
|-damage|p2a: Slowbro|54/100 par|[from] Stealth Rock
|move|p1a: Landorus|U-turn|p2a: Slowbro
|-supereffective|p2a: Slowbro
|-damage|p2a: Slowbro|26/100 par
|
|t:|1652913715
|switch|p1a: Melmetal|Melmetal|100/100|[from]move: U-turn
|
|upkeep
|turn|23
|
|t:|1652913721
|switch|p2a: Tapu Koko|Tapu Koko, shiny|100/100
|move|p1a: Melmetal|Thunder Punch|p2a: Tapu Koko
|-resisted|p2a: Tapu Koko
|-damage|p2a: Tapu Koko|71/100
|
|upkeep
|turn|24
|
|t:|1652913725
|switch|p1a: Landorus|Landorus-Therian, M|96/100
|-ability|p1a: Landorus|Intimidate|boost
|-unboost|p2a: Tapu Koko|atk|1
|move|p2a: Tapu Koko|Roost|p2a: Tapu Koko
|-heal|p2a: Tapu Koko|100/100
|-singleturn|p2a: Tapu Koko|move: Roost
|
|-heal|p1a: Landorus|100/100|[from] item: Leftovers
|-fieldend|move: Electric Terrain
|upkeep
|turn|25
|
|t:|1652913730
|move|p2a: Tapu Koko|U-turn|p1a: Landorus
|-resisted|p1a: Landorus
|-damage|p1a: Landorus|96/100
|
|t:|1652913731
|switch|p2a: Toxapex|Toxapex, M, shiny|100/100|[from]move: U-turn
|-damage|p2a: Toxapex|88/100|[from] Stealth Rock
|move|p1a: Landorus|Earthquake|p2a: Toxapex
|-supereffective|p2a: Toxapex
|-damage|p2a: Toxapex|7/100
|
|-heal|p1a: Landorus|100/100|[from] item: Leftovers
|-heal|p2a: Toxapex|13/100|[from] item: Black Sludge
|upkeep
|turn|26
|
|t:|1652913746
|switch|p2a: Tapu Koko|Tapu Koko, shiny|100/100
|-fieldstart|move: Electric Terrain|[from] ability: Electric Surge|[of] p2a: Tapu Koko
|move|p1a: Landorus|Earthquake|p2a: Tapu Koko
|-supereffective|p2a: Tapu Koko
|-damage|p2a: Tapu Koko|0 fnt
|faint|p2a: Tapu Koko
|
|upkeep
|-message|Run For Me Plz forfeited.
|
|win|LordXen VII
|raw|LordXen VII's rating: 1545 &rarr; <strong>1568</strong><br />(+23 for winning)
|raw|Run For Me Plz's rating: 1598 &rarr; <strong>1575</strong><br />(-23 for losing)
|l|☆Run For Me Plz
||Ladder isn't responding, score probably updated but might not have (Request timeout).
