|j|☆return nirvana
|j|☆Foutaise.2
|inactive|Battle timer is ON: inactive players will automatically lose when time's up.
|t:|1655125030
|gametype|singles
|player|p1|return nirvana|gambler-gen1|
|player|p2|Foutaise.2|gentleman-gen2|
|teamsize|p1|6
|teamsize|p2|6
|gen|8
|tier|[Gen 8] OU
|rated|Tournament battle
|rule|Sleep Clause Mod: Limit one foe put to sleep
|rule|Species Clause: Limit one of each Pokémon
|rule|OHKO Clause: OHKO moves are banned
|rule|Evasion Moves Clause: Evasion moves are banned
|rule|Endless Battle Clause: Forcing endless battles is banned
|rule|HP Percentage Mod: HP is shown in percentages
|rule|Dynamax Clause: You cannot dynamax
|clearpoke
|poke|p1|Mew|
|poke|p1|Blacephalon|
|poke|p1|Celesteela|
|poke|p1|Dragapult, M|
|poke|p1|Zygarde-10%|
|poke|p1|Weavile, M|
|poke|p2|Tapu Lele|
|poke|p2|Urshifu-*, M|
|poke|p2|Garchomp, F|
|poke|p2|Heatran, F|
|poke|p2|Zapdos|
|poke|p2|Rillaboom, F|
|teampreview
|inactive|Foutaise.2 also wants the timer to be on.
|c|☆Foutaise.2|hf
|j|%Sww-Suwa
|j| MassiveCrappers
|j| arnavgupta
|inactive|return nirvana has 120 seconds left.
|l| MassiveCrappers
|c|☆return nirvana|u2
|inactive|return nirvana has 90 seconds left.
|
|t:|1655125095
|start
|switch|p1a: Mew|Mew|100/100
|switch|p2a: Rillaboom|Rillaboom, F|100/100
|-fieldstart|move: Grassy Terrain|[from] ability: Grassy Surge|[of] p2a: Rillaboom
|turn|1
|
|t:|1655125102
|move|p1a: Mew|Stealth Rock|p2a: Rillaboom
|-sidestart|p2: Foutaise.2|move: Stealth Rock
|move|p2a: Rillaboom|Swords Dance|p2a: Rillaboom
|-boost|p2a: Rillaboom|atk|2
|
|upkeep
|turn|2
|
|t:|1655125106
|move|p1a: Mew|Thunder Wave|p2a: Rillaboom
|-status|p2a: Rillaboom|par
|move|p2a: Rillaboom|Knock Off|p1a: Mew
|-supereffective|p1a: Mew
|-enditem|p1a: Mew|Colbur Berry|[eat]
|-enditem|p1a: Mew|Colbur Berry|[weaken]
|-damage|p1a: Mew|17/100
|-damage|p2a: Rillaboom|91/100 par|[from] item: Life Orb
|
|-heal|p1a: Mew|23/100|[from] Grassy Terrain
|-heal|p2a: Rillaboom|97/100 par|[from] Grassy Terrain
|upkeep
|turn|3
|
|t:|1655125112
|move|p2a: Rillaboom|Grassy Glide|p1a: Mew
|-damage|p1a: Mew|0 fnt
|faint|p1a: Mew
|-damage|p2a: Rillaboom|87/100 par|[from] item: Life Orb
|
|-heal|p2a: Rillaboom|93/100 par|[from] Grassy Terrain
|upkeep
|
|t:|1655125115
|switch|p1a: Celesteela|Celesteela|100/100
|turn|4
|
|t:|1655125117
|move|p1a: Celesteela|Meteor Beam||[still]
|-prepare|p1a: Celesteela|Meteor Beam
|-boost|p1a: Celesteela|spa|1
|-enditem|p1a: Celesteela|Power Herb
|-anim|p1a: Celesteela|Meteor Beam|p2a: Rillaboom
|-damage|p2a: Rillaboom|18/100 par
|move|p2a: Rillaboom|Knock Off|p1a: Celesteela
|-damage|p1a: Celesteela|40/100
|-damage|p2a: Rillaboom|8/100 par|[from] item: Life Orb
|
|-heal|p2a: Rillaboom|14/100 par|[from] Grassy Terrain
|upkeep
|turn|5
|
|t:|1655125124
|move|p2a: Rillaboom|Grassy Glide|p1a: Celesteela
|-resisted|p1a: Celesteela
|-damage|p1a: Celesteela|7/100
|-damage|p2a: Rillaboom|5/100 par|[from] item: Life Orb
|move|p1a: Celesteela|Air Slash|p2a: Rillaboom
|-supereffective|p2a: Rillaboom
|-damage|p2a: Rillaboom|0 fnt
|faint|p2a: Rillaboom
|-ability|p1a: Celesteela|Beast Boost|boost
|-boost|p1a: Celesteela|spa|1
|
|-fieldend|move: Grassy Terrain
|upkeep
|
|t:|1655125130
|switch|p2a: Zapdos|Zapdos|100/100
|turn|6
|
|t:|1655125137
|switch|p1a: Zygarde|Zygarde-10%|100/100
|-ability|p1a: Zygarde|Aura Break
|move|p2a: Zapdos|Volt Switch|p1a: Zygarde
|-immune|p1a: Zygarde
|
|upkeep
|turn|7
|j| sam jeffrin
|
|t:|1655125142
|switch|p2a: Garchomp|Garchomp, F|100/100
|-damage|p2a: Garchomp|94/100|[from] Stealth Rock
|move|p1a: Zygarde|Substitute|p1a: Zygarde
|-start|p1a: Zygarde|Substitute
|-damage|p1a: Zygarde|76/100
|
|-heal|p1a: Zygarde|82/100|[from] item: Leftovers
|upkeep
|turn|8
|
|t:|1655125144
|move|p1a: Zygarde|Glare|p2a: Garchomp
|-status|p2a: Garchomp|par
|move|p2a: Garchomp|Earthquake|p1a: Zygarde
|-end|p1a: Zygarde|Substitute
|
|-heal|p1a: Zygarde|88/100|[from] item: Leftovers
|upkeep
|turn|9
|
|t:|1655125152
|move|p1a: Zygarde|Substitute|p1a: Zygarde
|-start|p1a: Zygarde|Substitute
|-damage|p1a: Zygarde|63/100
|move|p2a: Garchomp|Earthquake|p1a: Zygarde
|-end|p1a: Zygarde|Substitute
|
|-heal|p1a: Zygarde|69/100|[from] item: Leftovers
|upkeep
|turn|10
|
|t:|1655125154
|move|p1a: Zygarde|Substitute|p1a: Zygarde
|-start|p1a: Zygarde|Substitute
|-damage|p1a: Zygarde|44/100
|move|p2a: Garchomp|Earthquake|p1a: Zygarde
|-crit|p1a: Zygarde
|-end|p1a: Zygarde|Substitute
|
|-heal|p1a: Zygarde|50/100|[from] item: Leftovers
|upkeep
|turn|11
|
|t:|1655125156
|move|p1a: Zygarde|Substitute|p1a: Zygarde
|-start|p1a: Zygarde|Substitute
|-damage|p1a: Zygarde|25/100
|move|p2a: Garchomp|Earthquake|p1a: Zygarde
|-end|p1a: Zygarde|Substitute
|
|-heal|p1a: Zygarde|31/100|[from] item: Leftovers
|upkeep
|turn|12
|
|t:|1655125158
|move|p1a: Zygarde|Substitute|p1a: Zygarde
|-start|p1a: Zygarde|Substitute
|-damage|p1a: Zygarde|6/100
|move|p2a: Garchomp|Earthquake|p1a: Zygarde
|-end|p1a: Zygarde|Substitute
|
|-heal|p1a: Zygarde|12/100|[from] item: Leftovers
|upkeep
|turn|13
|
|t:|1655125161
|move|p1a: Zygarde|Thousand Arrows|p2a: Garchomp
|-damage|p2a: Garchomp|57/100 par
|move|p2a: Garchomp|Stealth Rock|p1a: Zygarde
|-sidestart|p1: return nirvana|move: Stealth Rock
|
|-heal|p1a: Zygarde|18/100|[from] item: Leftovers
|upkeep
|turn|14
|
|t:|1655125163
|move|p1a: Zygarde|Thousand Arrows|p2a: Garchomp
|-damage|p2a: Garchomp|22/100 par
|cant|p2a: Garchomp|par
|
|-heal|p1a: Zygarde|24/100|[from] item: Leftovers
|upkeep
|turn|15
|
|t:|1655125165
|move|p1a: Zygarde|Thousand Arrows|p2a: Garchomp
|-damage|p2a: Garchomp|0 fnt
|faint|p2a: Garchomp
|
|-heal|p1a: Zygarde|30/100|[from] item: Leftovers
|upkeep
|
|t:|1655125168
|switch|p2a: Tapu Lele|Tapu Lele|100/100
|-damage|p2a: Tapu Lele|88/100|[from] Stealth Rock
|-fieldstart|move: Psychic Terrain|[from] ability: Psychic Surge|[of] p2a: Tapu Lele
|turn|16
|
|t:|1655125170
|move|p2a: Tapu Lele|Moonblast|p1a: Zygarde
|-supereffective|p1a: Zygarde
|-crit|p1a: Zygarde
|-damage|p1a: Zygarde|0 fnt
|faint|p1a: Zygarde
|
|upkeep
|
|t:|1655125172
|switch|p1a: Blacephalon|Blacephalon|100/100
|-damage|p1a: Blacephalon|76/100|[from] Stealth Rock
|turn|17
|
|t:|1655125174
|switch|p2a: Heatran|Heatran, F|100/100
|-damage|p2a: Heatran|88/100|[from] Stealth Rock
|move|p1a: Blacephalon|Shadow Ball|p2a: Heatran
|-damage|p2a: Heatran|52/100
|-unboost|p2a: Heatran|spd|1
|
|-heal|p2a: Heatran|58/100|[from] item: Leftovers
|upkeep
|turn|18
|
|t:|1655125177
|move|p2a: Heatran|Protect|p2a: Heatran
|-singleturn|p2a: Heatran|Protect
|move|p1a: Blacephalon|Shadow Ball|p2a: Heatran
|-activate|p2a: Heatran|move: Protect
|
|-heal|p2a: Heatran|64/100|[from] item: Leftovers
|upkeep
|turn|19
|
|t:|1655125187
|switch|p1a: Celesteela|Celesteela|7/100
|-damage|p1a: Celesteela|0 fnt|[from] Stealth Rock
|faint|p1a: Celesteela
|move|p2a: Heatran|Magma Storm|p1: Celesteela|[notarget]
|-fail|p2a: Heatran
|
|-heal|p2a: Heatran|70/100|[from] item: Leftovers
|upkeep
|
|t:|1655125189
|switch|p1a: Dragapult|Dragapult, M|100/100
|-damage|p1a: Dragapult|88/100|[from] Stealth Rock
|turn|20
|
|t:|1655125190
|move|p1a: Dragapult|Shadow Ball|p2a: Heatran
|-damage|p2a: Heatran|18/100
|-unboost|p2a: Heatran|spd|1
|move|p2a: Heatran|Heavy Slam|p1a: Dragapult
|-damage|p1a: Dragapult|35/100
|
|-heal|p2a: Heatran|24/100|[from] item: Leftovers
|-fieldend|move: Psychic Terrain
|upkeep
|turn|21
|
|t:|1655125193
|move|p1a: Dragapult|Shadow Ball|p2a: Heatran
|-damage|p2a: Heatran|0 fnt
|faint|p2a: Heatran
|
|upkeep
|
|t:|1655125197
|switch|p2a: Tapu Lele|Tapu Lele|88/100
|-damage|p2a: Tapu Lele|76/100|[from] Stealth Rock
|-fieldstart|move: Psychic Terrain|[from] ability: Psychic Surge|[of] p2a: Tapu Lele
|turn|22
|
|t:|1655125200
|move|p2a: Tapu Lele|Moonblast|p1a: Dragapult
|-supereffective|p1a: Dragapult
|-damage|p1a: Dragapult|0 fnt
|faint|p1a: Dragapult
|
|upkeep
|
|t:|1655125201
|switch|p1a: Blacephalon|Blacephalon|76/100
|-damage|p1a: Blacephalon|51/100|[from] Stealth Rock
|turn|23
|
|t:|1655125206
|move|p1a: Blacephalon|Shadow Ball|p2a: Tapu Lele
|-supereffective|p2a: Tapu Lele
|-damage|p2a: Tapu Lele|0 fnt
|faint|p2a: Tapu Lele
|-ability|p1a: Blacephalon|Beast Boost|boost
|-boost|p1a: Blacephalon|spa|1
|
|upkeep
|
|t:|1655125208
|switch|p2a: Zapdos|Zapdos|100/100
|turn|24
|
|t:|1655125223
|move|p1a: Blacephalon|Shadow Ball|p2a: Zapdos
|-crit|p2a: Zapdos
|-damage|p2a: Zapdos|0 fnt
|faint|p2a: Zapdos
|-ability|p1a: Blacephalon|Beast Boost|boost
|-boost|p1a: Blacephalon|spa|1
|
|upkeep
|c|☆Foutaise.2|lol
|c|☆Foutaise.2|really
|c|☆return nirvana|spread?
|
|t:|1655125234
|switch|p2a: Urshifu|Urshifu-Rapid-Strike, M|100/100
|-damage|p2a: Urshifu|94/100|[from] Stealth Rock
|turn|25
|c|☆Foutaise.2|+1 252 SpA Blacephalon Shadow Ball vs. 0 HP / 0 SpD Zapdos: 238-282 (74.1 - 87.8%) -- guaranteed 2HKO
|j| Stunfisk2140
|c|☆return nirvana|sucks
|
|t:|1655125254
|move|p1a: Blacephalon|Shadow Ball|p2a: Urshifu
|-damage|p2a: Urshifu|0 fnt
|faint|p2a: Urshifu
|
|win|return nirvana
|n|☆return nirvana|returnnirvana
|n|☆Foutaise.2|foutaise2
|n| Sww-Suwa|swwsuwa
|n| arnavgupta|arnavgupta
|n| sam jeffrin|samjeffrin
|n| Stunfisk2140|stunfisk2140
