|html|<div class="broadcast-blue"><strong>[Gen 8] OU is currently suspecting Melmetal! For information on how to participate check out the <a href="https://www.smogon.com/forums/threads/np-ss-ou-suspect-process-round-12-monster-mash.3709234/">suspect thread</a>.</strong></div>
|j|☆BigWes95
|j|‽wax rig
|inactive|Battle timer is ON: inactive players will automatically lose when time's up.
|t:|1666740696
|gametype|singles
|player|p1|BigWes95|lusamine-nihilego|
|player|p2|wax rig|kimonogirl-gen2|
|teamsize|p1|6
|teamsize|p2|6
|gen|8
|tier|[Gen 8] OU
|rated|Tournament battle
|rule|Sleep Clause Mod: Limit one foe put to sleep
|rule|Species Clause: Limit one of each Pokémon
|rule|OHKO Clause: OHKO moves are banned
|rule|Evasion Items Clause: Evasion items are banned
|rule|Evasion Moves Clause: Evasion moves are banned
|rule|Endless Battle Clause: Forcing endless battles is banned
|rule|HP Percentage Mod: HP is shown in percentages
|rule|Dynamax Clause: You cannot dynamax
|clearpoke
|poke|p1|Landorus-Therian, M|
|poke|p1|Tapu Lele|
|poke|p1|Dragapult, M|
|poke|p1|Zapdos|
|poke|p1|Kartana|
|poke|p1|Melmetal|
|poke|p2|Skarmory, M|
|poke|p2|Dragapult, F|
|poke|p2|Rillaboom, F|
|poke|p2|Moltres-Galar|
|poke|p2|Kartana|
|poke|p2|Heatran, M|
|teampreview
|inactive|BigWes95 also wants the timer to be on.
|j| TheLogImusPrime
|j| natdexfunnn
|c| TheLogImusPrime|gl
|j|@Sww-Suwa
|c|☆BigWes95|Gl
|
|t:|1666740708
|start
|switch|p1a: Tony Hawk|Zapdos, shiny|100/100
|switch|p2a: Skarmory|Skarmory, M|100/100
|turn|1
|
|t:|1666740711
|move|p2a: Skarmory|Stealth Rock|p1a: Tony Hawk
|-sidestart|p1: BigWes95|move: Stealth Rock
|move|p1a: Tony Hawk|Heat Wave|p2a: Skarmory
|-supereffective|p2a: Skarmory
|-ability|p2a: Skarmory|Sturdy
|-damage|p2a: Skarmory|1/100
|
|upkeep
|turn|2
|-enditem|p2a: Skarmory|Custap Berry|[eat]
|-activate|p2a: Skarmory|item: Custap Berry|[consumed]
|
|t:|1666740716
|move|p2a: Skarmory|Spikes|p1a: Tony Hawk
|-sidestart|p1: BigWes95|Spikes
|move|p1a: Tony Hawk|Volt Switch|p2a: Skarmory
|-supereffective|p2a: Skarmory
|-damage|p2a: Skarmory|0 fnt
|faint|p2a: Skarmory
|j| laughokenisis\
|j| knexhawk2
|j| SurfbingISback
|c| SurfbingISback|yoooo
|j| omegadog48
|
|t:|1666740727
|switch|p1a: Lando Calrissian|Landorus-Therian, M|100/100|[from]move: Volt Switch
|-damage|p1a: Lando Calrissian|88/100|[from] Stealth Rock
|
|-heal|p1a: Lando Calrissian|94/100|[from] item: Leftovers
|upkeep
|c| TheLogImusPrime|damn
|
|t:|1666740730
|switch|p2a: Moltres|Moltres-Galar|100/100
|turn|3
|j| Faceblue
|c| TheLogImusPrime|thats such a based skarm set
|
|t:|1666740734
|move|p2a: Moltres|Nasty Plot|p2a: Moltres
|-boost|p2a: Moltres|spa|2
|move|p1a: Lando Calrissian|Defog|p2a: Moltres
|-unboost|p2a: Moltres|evasion|1
|-sideend|p1: BigWes95|Spikes|[from] move: Defog|[of] p1a: Lando Calrissian
|-sideend|p1: BigWes95|Stealth Rock|[from] move: Defog|[of] p1a: Lando Calrissian
|
|-heal|p1a: Lando Calrissian|99/100|[from] item: Leftovers
|upkeep
|turn|4
|j| Metool B
|j| Vittorioso SS
|
|t:|1666740745
|move|p2a: Moltres|Agility|p2a: Moltres
|-boost|p2a: Moltres|spe|2
|move|p1a: Lando Calrissian|U-turn|p2a: Moltres
|-damage|p2a: Moltres|73/100
|l| Metool B
|
|t:|1666740750
|switch|p1a: Mia Khalifa|Tapu Lele, shiny|100/100|[from]move: U-turn
|-fieldstart|move: Psychic Terrain|[from] ability: Psychic Surge|[of] p1a: Mia Khalifa
|
|upkeep
|turn|5
|j| Kenneth Walker III
|c| Vittorioso SS|me oh mu
|j| poopeatersociety
|
|t:|1666740772
|move|p2a: Moltres|Hurricane|p1a: Mia Khalifa
|-damage|p1a: Mia Khalifa|0 fnt
|faint|p1a: Mia Khalifa
|
|upkeep
|c| natdexfunnn|the joke is pornography
|
|t:|1666740775
|switch|p1a: John Cena|Melmetal|100/100
|turn|6
|j| sighz 0-0
|
|t:|1666740778
|move|p2a: Moltres|Fiery Wrath|p1a: John Cena
|-damage|p1a: John Cena|13/100
|move|p1a: John Cena|Double Iron Bash|p2a: Moltres
|-damage|p2a: Moltres|19/100
|-enditem|p2a: Moltres|Sitrus Berry|[eat]
|-heal|p2a: Moltres|44/100|[from] item: Sitrus Berry
|-damage|p2a: Moltres|0 fnt
|faint|p2a: Moltres
|-hitcount|p2: Moltres|2
|
|upkeep
|j| VaporeonUser
|c| TheLogImusPrime|yes that is indeed the joke
|c| laughokenisis\|omg is that goat OU regular Vittorioso SS
|j| Pikablu007
|l| Pikablu007
|c| Vittorioso SS|indeed
|j| Byaakuya
|l| Byaakuya
|inactive|wax rig has 120 seconds left.
|
|t:|1666740815
|switch|p2a: Kartana|Kartana|100/100
|turn|7
|j| ViviCetus
|
|t:|1666740821
|switch|p1a: Tony Hawk|Zapdos, shiny|100/100
|move|p2a: Kartana|Swords Dance|p2a: Kartana
|-boost|p2a: Kartana|atk|2
|
|upkeep
|turn|8
|
|t:|1666740824
|move|p2a: Kartana|Knock Off|p1a: Tony Hawk
|-damage|p1a: Tony Hawk|19/100
|-enditem|p1a: Tony Hawk|Heavy-Duty Boots|[from] move: Knock Off|[of] p2a: Kartana
|-damage|p2a: Kartana|91/100|[from] item: Life Orb
|move|p1a: Tony Hawk|Volt Switch|p2a: Kartana
|-resisted|p2a: Kartana
|-damage|p2a: Kartana|45/100
|
|t:|1666740828
|switch|p1a: Johnny Bananas|Dragapult, M, shiny|100/100|[from]move: Volt Switch
|
|-fieldend|move: Psychic Terrain
|upkeep
|turn|9
|
|t:|1666740831
|switch|p2a: Heatran|Heatran, M|100/100
|move|p1a: Johnny Bananas|Shadow Ball|p2a: Heatran
|-damage|p2a: Heatran|43/100
|
|upkeep
|turn|10
|
|t:|1666740834
|move|p2a: Heatran|Flash Cannon|p1a: Johnny Bananas
|-damage|p1a: Johnny Bananas|43/100
|move|p1a: Johnny Bananas|Shadow Ball|p2a: Heatran
|-damage|p2a: Heatran|0 fnt
|faint|p2a: Heatran
|
|upkeep
|
|t:|1666740838
|switch|p2a: Rillaboom|Rillaboom, F|100/100
|-fieldstart|move: Grassy Terrain|[from] ability: Grassy Surge|[of] p2a: Rillaboom
|turn|11
|l| omegadog48
|
|t:|1666740841
|switch|p1a: Tony Hawk|Zapdos, shiny|19/100
|move|p2a: Rillaboom|Knock Off|p1a: Tony Hawk
|-damage|p1a: Tony Hawk|0 fnt
|faint|p1a: Tony Hawk
|
|upkeep
|
|t:|1666740847
|switch|p1a: Lando Calrissian|Landorus-Therian, M|99/100
|-ability|p1a: Lando Calrissian|Intimidate|boost
|-unboost|p2a: Rillaboom|atk|1
|turn|12
|
|t:|1666740850
|move|p2a: Rillaboom|Knock Off|p1a: Lando Calrissian
|-damage|p1a: Lando Calrissian|68/100
|-enditem|p1a: Lando Calrissian|Leftovers|[from] move: Knock Off|[of] p2a: Rillaboom
|move|p1a: Lando Calrissian|U-turn|p2a: Rillaboom
|-supereffective|p2a: Rillaboom
|-crit|p2a: Rillaboom
|-damage|p2a: Rillaboom|22/100
|
|t:|1666740854
|switch|p1a: Tupac|Kartana|100/100|[from]move: U-turn
|
|-heal|p2a: Rillaboom|29/100|[from] Grassy Terrain
|upkeep
|turn|13
|
|t:|1666740859
|move|p1a: Tupac|Knock Off|p2a: Rillaboom
|-damage|p2a: Rillaboom|0 fnt
|-enditem|p2a: Rillaboom|Choice Band|[from] move: Knock Off|[of] p1a: Tupac
|faint|p2a: Rillaboom
|-ability|p1a: Tupac|Beast Boost|boost
|-boost|p1a: Tupac|atk|1
|
|upkeep
|
|t:|1666740862
|switch|p2a: Kartana|Kartana|45/100
|turn|14
|
|t:|1666740866
|move|p1a: Tupac|Knock Off|p2a: Kartana
|-damage|p2a: Kartana|0 fnt
|-enditem|p2a: Kartana|Life Orb|[from] move: Knock Off|[of] p1a: Tupac
|faint|p2a: Kartana
|-ability|p1a: Tupac|Beast Boost|boost
|-boost|p1a: Tupac|atk|1
|
|upkeep
|
|t:|1666740869
|switch|p2a: Dragapult|Dragapult, F|100/100
|turn|15
|l| SurfbingISback
|
|t:|1666740873
|move|p1a: Tupac|Knock Off|p2a: Dragapult
|-supereffective|p2a: Dragapult
|-damage|p2a: Dragapult|0 fnt
|-enditem|p2a: Dragapult|Life Orb|[from] move: Knock Off|[of] p1a: Tupac
|faint|p2a: Dragapult
|
|win|BigWes95
|n|☆BigWes95|bigwes95
|n|‽wax rig|waxrig
|n| TheLogImusPrime|thelogimusprime
|n| natdexfunnn|natdexfunnn
|n| Sww-Suwa|swwsuwa
|n| laughokenisis\|laughokenisis
|n| knexhawk2|knexhawk2
|n| Faceblue|faceblue
|n| Vittorioso SS|vittoriososs
|n| Kenneth Walker III|kennethwalkeriii
|n| poopeatersociety|poopeatersociety
|n| sighz 0-0|sighz00
|n| VaporeonUser|vaporeonuser
|n| ViviCetus|vivicetus
