|j|☆capo test
|j|☆Kazt_5
|inactive|Battle timer is ON: inactive players will automatically lose when time's up.
|t:|1614649174
|player|p1|capo test|169|
|player|p2|Kazt_5|dawn|
|teamsize|p1|6
|teamsize|p2|6
|gametype|singles
|gen|8
|tier|[Gen 8] OU
|rated|Tournament battle
|clearpoke
|poke|p1|Rillaboom, F|
|poke|p1|Magnezone|
|poke|p1|Swampert, M|
|poke|p1|Zapdos|
|poke|p1|Victini|
|poke|p1|Hydreigon, M|
|poke|p2|Dragapult, F|
|poke|p2|Clefable, F|
|poke|p2|Moltres-Galar|
|poke|p2|Heatran, F|
|poke|p2|Landorus-Therian, M|
|poke|p2|Rillaboom, M|
|rule|Sleep Clause Mod: Limit one foe put to sleep
|rule|Species Clause: Limit one of each Pokémon
|rule|OHKO Clause: OHKO moves are banned
|rule|Evasion Moves Clause: Evasion moves are banned
|rule|Endless Battle Clause: Forcing endless battles is banned
|rule|HP Percentage Mod: HP is shown in percentages
|rule|Dynamax Clause: You cannot dynamax
|teampreview
|inactive|capo test also wants the timer to be on.
|j|#Ox the Fox
|c|☆capo test|glhf homie
|j| Mel0nL0rd
|c|☆Kazt_5|hf bro!
|j| rayman38
|
|t:|1614649203
|start
|switch|p1a: Rillaboom|Rillaboom, F|100/100
|switch|p2a: Landorus|Landorus-Therian, M|100/100
|-fieldstart|move: Grassy Terrain|[from] ability: Grassy Surge|[of] p1a: Rillaboom
|-ability|p2a: Landorus|Intimidate|boost
|-unboost|p1a: Rillaboom|atk|1
|turn|1
|j| trollllordd
|j| Lost again
|j| buteko
|j| 30GXENOOB
|j| Yugimora★
|inactive|capo test has 120 seconds left.
|j| yeetium
|j| iVexl
|l| iVexl
|
|t:|1614649261
|switch|p1a: Swampert|Swampert, M|100/100
|move|p2a: Landorus|U-turn|p1a: Swampert
|-damage|p1a: Swampert|80/100
|j| Luckpup
|j|%mcp3
|
|t:|1614649268
|switch|p2a: Moltres|Moltres-Galar|100/100|[from]move: U-turn
|
|-heal|p1a: Swampert|86/100|[from] Grassy Terrain
|-heal|p1a: Swampert|92/100|[from] item: Leftovers
|upkeep
|turn|2
|
|t:|1614649282
|move|p2a: Moltres|Substitute|p2a: Moltres
|-start|p2a: Moltres|Substitute
|-damage|p2a: Moltres|76/100
|move|p1a: Swampert|Flip Turn|p2a: Moltres
|-activate|p2a: Moltres|move: Substitute|[damage]
|
|t:|1614649285
|switch|p1a: Zapdos|Zapdos|100/100|[from]move: Flip Turn
|-ability|p1a: Zapdos|Pressure
|
|-heal|p2a: Moltres|82/100|[from] item: Leftovers
|upkeep
|turn|3
|c| Mel0nL0rd|oh noes
|c| Mel0nL0rd|is this np molt?
|
|t:|1614649310
|move|p2a: Moltres|Nasty Plot|p2a: Moltres
|-boost|p2a: Moltres|spa|2
|move|p1a: Zapdos|Volt Switch|p2a: Moltres
|-supereffective|p2a: Moltres
|-end|p2a: Moltres|Substitute
|j| Delibird❤>Rayquaza
|c|☆Kazt_5|i was expecting a discharge a discharge
|c|☆Kazt_5|sadge
|inactive|capo test has 90 seconds left.
|l| Mel0nL0rd
|inactive|capo test has 60 seconds left.
|
|t:|1614649382
|switch|p1a: Victini|Victini|100/100|[from]move: Volt Switch
|
|-heal|p2a: Moltres|88/100|[from] item: Leftovers
|upkeep
|turn|4
|l|#Ox the Fox
|
|t:|1614649402
|switch|p2a: Heatran|Heatran, F|100/100
|move|p1a: Victini|V-create|p2a: Heatran
|-start|p2a: Heatran|ability: Flash Fire
|
|upkeep
|turn|5
|
|t:|1614649406
|switch|p1a: Swampert|Swampert, M|92/100
|move|p2a: Heatran|Toxic|p1a: Swampert
|-status|p1a: Swampert|tox
|
|-heal|p1a: Swampert|99/100 tox|[from] Grassy Terrain
|-heal|p1a: Swampert|100/100 tox|[from] item: Leftovers
|-fieldend|move: Grassy Terrain
|-damage|p1a: Swampert|94/100 tox|[from] psn
|upkeep
|turn|6
|inactive|capo test has 60 seconds left.
|
|t:|1614649415
|-end|p2a: Heatran|ability: Flash Fire|[silent]
|switch|p2a: Rillaboom|Rillaboom, M|100/100
|-fieldstart|move: Grassy Terrain|[from] ability: Grassy Surge|[of] p2a: Rillaboom
|move|p1a: Swampert|Flip Turn|p2a: Rillaboom
|-resisted|p2a: Rillaboom
|-damage|p2a: Rillaboom|89/100
|inactive|capo test has 60 seconds left.
|
|t:|1614649420
|switch|p1a: Victini|Victini|100/100|[from]move: Flip Turn
|
|-heal|p2a: Rillaboom|95/100|[from] Grassy Terrain
|upkeep
|turn|7
|
|t:|1614649425
|switch|p2a: Dragapult|Dragapult, F|100/100
|move|p1a: Victini|U-turn|p2a: Dragapult
|-resisted|p2a: Dragapult
|-damage|p2a: Dragapult|86/100
|
|t:|1614649435
|switch|p1a: Swampert|Swampert, M|94/100 tox|[from]move: U-turn
|
|-heal|p2a: Dragapult|92/100|[from] Grassy Terrain
|-heal|p2a: Dragapult|98/100|[from] item: Leftovers
|-heal|p1a: Swampert|100/100 tox|[from] Grassy Terrain
|-damage|p1a: Swampert|94/100 tox|[from] psn
|upkeep
|turn|8
|
|t:|1614649438
|move|p2a: Dragapult|Hex|p1a: Swampert
|-damage|p1a: Swampert|61/100 tox
|move|p1a: Swampert|Ice Beam|p2a: Dragapult
|-supereffective|p2a: Dragapult
|-damage|p2a: Dragapult|39/100
|
|-heal|p2a: Dragapult|45/100|[from] Grassy Terrain
|-heal|p2a: Dragapult|51/100|[from] item: Leftovers
|-heal|p1a: Swampert|68/100 tox|[from] Grassy Terrain
|-heal|p1a: Swampert|74/100 tox|[from] item: Leftovers
|-damage|p1a: Swampert|61/100 tox|[from] psn
|upkeep
|turn|9
|
|t:|1614649452
|move|p2a: Dragapult|U-turn|p1a: Swampert
|-damage|p1a: Swampert|40/100 tox
|
|t:|1614649456
|switch|p2a: Clefable|Clefable, F|100/100|[from]move: U-turn
|move|p1a: Swampert|Flip Turn|p2a: Clefable
|-damage|p2a: Clefable|83/100
|
|t:|1614649461
|switch|p1a: Rillaboom|Rillaboom, F|100/100|[from]move: Flip Turn
|
|-heal|p2a: Clefable|90/100|[from] Grassy Terrain
|upkeep
|turn|10
|
|t:|1614649474
|switch|p2a: Moltres|Moltres-Galar|88/100
|move|p1a: Rillaboom|Wood Hammer|p2a: Moltres
|-resisted|p2a: Moltres
|-damage|p2a: Moltres|20/100
|-damage|p1a: Rillaboom|76/100|[from] Recoil
|-ability|p2a: Moltres|Berserk|boost
|-boost|p2a: Moltres|spa|1
|
|-heal|p2a: Moltres|26/100|[from] item: Leftovers
|-heal|p1a: Rillaboom|82/100|[from] Grassy Terrain
|-fieldend|move: Grassy Terrain
|upkeep
|turn|11
|inactive|capo test has 90 seconds left.
|
|t:|1614649501
|switch|p1a: Zapdos|Zapdos|100/100
|-ability|p1a: Zapdos|Pressure
|move|p2a: Moltres|Air Slash|p1a: Zapdos
|-resisted|p1a: Zapdos
|-damage|p1a: Zapdos|77/100
|
|-heal|p2a: Moltres|32/100|[from] item: Leftovers
|upkeep
|turn|12
|inactive|capo test has 90 seconds left.
|
|t:|1614649531
|move|p2a: Moltres|Fiery Wrath|p1a: Zapdos
|-damage|p1a: Zapdos|21/100
|move|p1a: Zapdos|Volt Switch|p2a: Moltres
|-supereffective|p2a: Moltres
|-damage|p2a: Moltres|0 fnt
|faint|p2a: Moltres
|
|t:|1614649549
|switch|p1a: Victini|Victini|100/100|[from]move: Volt Switch
|
|upkeep
|
|t:|1614649554
|switch|p2a: Dragapult|Dragapult, F|51/100
|turn|13
|
|t:|1614649558
|move|p1a: Victini|V-create|p2a: Dragapult
|-resisted|p2a: Dragapult
|-damage|p2a: Dragapult|0 fnt
|-unboost|p1a: Victini|spe|1
|-unboost|p1a: Victini|def|1
|-unboost|p1a: Victini|spd|1
|faint|p2a: Dragapult
|
|upkeep
|c|☆Kazt_5|wow
|
|t:|1614649569
|switch|p2a: Heatran|Heatran, F|100/100
|turn|14
|l| Yugimora★
|
|t:|1614649579
|switch|p1a: Hydreigon|Hydreigon, M|100/100
|move|p2a: Heatran|Earth Power|p1a: Hydreigon
|-immune|p1a: Hydreigon|[from] ability: Levitate
|
|upkeep
|turn|15
|
|t:|1614649583
|move|p1a: Hydreigon|Earth Power|p2a: Heatran
|-supereffective|p2a: Heatran
|-damage|p2a: Heatran|0 fnt
|-damage|p1a: Hydreigon|91/100|[from] item: Life Orb
|faint|p2a: Heatran
|
|upkeep
|
|t:|1614649588
|switch|p2a: Clefable|Clefable, F|90/100
|turn|16
|
|t:|1614649604
|switch|p1a: Victini|Victini|100/100
|switch|p2a: Landorus|Landorus-Therian, M|100/100
|-ability|p2a: Landorus|Intimidate|boost
|-unboost|p1a: Victini|atk|1
|
|upkeep
|turn|17
|
|t:|1614649618
|move|p1a: Victini|V-create|p2a: Landorus
|-damage|p2a: Landorus|62/100
|-unboost|p1a: Victini|spe|1
|-unboost|p1a: Victini|def|1
|-unboost|p1a: Victini|spd|1
|move|p2a: Landorus|Knock Off|p1a: Victini
|-supereffective|p1a: Victini
|-damage|p1a: Victini|3/100
|-enditem|p1a: Victini|Choice Scarf|[from] move: Knock Off|[of] p2a: Landorus
|
|-heal|p2a: Landorus|68/100|[from] item: Leftovers
|upkeep
|turn|18
|
|t:|1614649626
|move|p2a: Landorus|Knock Off|p1a: Victini
|-supereffective|p1a: Victini
|-damage|p1a: Victini|0 fnt
|faint|p1a: Victini
|
|-heal|p2a: Landorus|74/100|[from] item: Leftovers
|upkeep
|
|t:|1614649630
|switch|p1a: Rillaboom|Rillaboom, F|82/100
|-fieldstart|move: Grassy Terrain|[from] ability: Grassy Surge|[of] p1a: Rillaboom
|turn|19
|inactive|capo test has 120 seconds left.
|
|t:|1614649651
|move|p1a: Rillaboom|Wood Hammer|p2a: Landorus
|-damage|p2a: Landorus|0 fnt
|-damage|p1a: Rillaboom|55/100|[from] Recoil
|faint|p2a: Landorus
|
|-heal|p1a: Rillaboom|61/100|[from] Grassy Terrain
|upkeep
|
|t:|1614649656
|switch|p2a: Rillaboom|Rillaboom, M|95/100
|turn|20
|
|t:|1614649667
|switch|p1a: Zapdos|Zapdos|21/100
|-ability|p1a: Zapdos|Pressure
|move|p2a: Rillaboom|Swords Dance|p2a: Rillaboom
|-boost|p2a: Rillaboom|atk|2
|
|-heal|p2a: Rillaboom|100/100|[from] Grassy Terrain
|upkeep
|turn|21
|
|t:|1614649674
|switch|p1a: Magnezone|Magnezone|100/100
|move|p2a: Rillaboom|Grassy Glide|p1a: Magnezone
|-resisted|p1a: Magnezone
|-damage|p1a: Magnezone|47/100
|-damage|p2a: Rillaboom|91/100|[from] item: Life Orb
|
|-heal|p2a: Rillaboom|97/100|[from] Grassy Terrain
|-heal|p1a: Magnezone|54/100|[from] Grassy Terrain
|upkeep
|turn|22
|
|t:|1614649681
|switch|p1a: Zapdos|Zapdos|21/100
|-ability|p1a: Zapdos|Pressure
|move|p2a: Rillaboom|Drain Punch|p1a: Zapdos
|-resisted|p1a: Zapdos
|-damage|p1a: Zapdos|0 fnt
|-heal|p2a: Rillaboom|100/100|[from] drain|[of] p1a: Zapdos
|-damage|p2a: Rillaboom|91/100|[from] item: Life Orb
|faint|p1a: Zapdos
|
|-heal|p2a: Rillaboom|97/100|[from] Grassy Terrain
|upkeep
|l| Luckpup
|
|t:|1614649686
|switch|p1a: Hydreigon|Hydreigon, M|91/100
|turn|23
|
|t:|1614649691
|switch|p1a: Swampert|Swampert, M|40/100 tox
|move|p2a: Rillaboom|Drain Punch|p1a: Swampert
|-damage|p1a: Swampert|0 fnt
|-heal|p2a: Rillaboom|100/100|[from] drain|[of] p1a: Swampert
|-damage|p2a: Rillaboom|91/100|[from] item: Life Orb
|faint|p1a: Swampert
|
|-heal|p2a: Rillaboom|97/100|[from] Grassy Terrain
|-fieldend|move: Grassy Terrain
|upkeep
|
|t:|1614649696
|switch|p1a: Hydreigon|Hydreigon, M|91/100
|turn|24
|inactive|capo test has 120 seconds left.
|inactive|Kazt_5 has 120 seconds left.
|
|t:|1614649744
|move|p1a: Hydreigon|Draco Meteor|p2a: Rillaboom
|-damage|p2a: Rillaboom|0 fnt
|-unboost|p1a: Hydreigon|spa|2
|-damage|p1a: Hydreigon|81/100|[from] item: Life Orb
|faint|p2a: Rillaboom
|
|upkeep
|c|☆Kazt_5|gg
|c|☆capo test|gg
|c|%mcp3|wp both of you
|inactive|Kazt_5 has 90 seconds left.
|c|☆capo test|yea wp
|c|☆Kazt_5|switching to clef was still losing
|c|☆capo test|yea
|c|☆capo test|think so
|c|☆capo test|I had too many sacks
|l| 30GXENOOB
|inactive|Kazt_5 has 60 seconds left.
|c|☆Kazt_5|i needed you to do anything but kill there lol
|l| trollllordd
|inactive|Kazt_5 has 30 seconds left.
|c|☆Kazt_5|i calced the draco and i knew it killed so it was going to lose anyway
|inactive|Kazt_5 has 20 seconds left.
|c|☆Kazt_5|but it was a good match
|c|☆Kazt_5|gl!
|inactive|Kazt_5 has 15 seconds left.
|-message|Kazt_5 forfeited.
|
|win|capo test
|inactive|Kazt_5 has 20 seconds left this turn.
|n|☆capo test|capotest
|n|☆Kazt_5|kazt5
|n| rayman38|rayman38
|n| Lost again|lostagain
|n| buteko|buteko
|n| yeetium|yeetium
|n| mcp3|mcp3
|n| Delibird❤>Rayquaza|delibirdrayquaza
|c|☆capo test|thx man
|l|☆Kazt_5
|j| Pooof!
|l| buteko
|l| Pooof!
|l| mcp3
|l|☆capo test
|l| rayman38
