|html|<div class="broadcast-blue"><strong>[Gen 8] OU is currently suspecting Urshifu-S! For information on how to participate check out the <a href="https://www.smogon.com/forums/threads/np-ss-ou-suspect-process-round-8-aint-no-rest-for-the-wicked.3675310/">suspect thread</a>.</strong></div>
|j|☆xyia be noobin
|j|☆legitteambuilder
|t:|1610116461
|player|p1|xyia be noobin|hilbert-dueldisk|1757
|player|p2|legitteambuilder|lance|1754
|teamsize|p1|6
|teamsize|p2|6
|gametype|singles
|gen|8
|tier|[Gen 8] OU
|rated|
|clearpoke
|poke|p1|Volcarona, M|
|poke|p1|Tapu Fini|
|poke|p1|Amoonguss, M|
|poke|p1|Garchomp, M|
|poke|p1|Hydreigon, F|
|poke|p1|Zapdos|
|poke|p2|Azumarill, F|
|poke|p2|Regieleki|
|poke|p2|Buzzwole|
|poke|p2|Spectrier|
|poke|p2|Landorus-Therian, M|
|poke|p2|Kartana|
|rule|Sleep Clause Mod: Limit one foe put to sleep
|rule|Species Clause: Limit one of each Pokémon
|rule|OHKO Clause: OHKO moves are banned
|rule|Evasion Moves Clause: Evasion moves are banned
|rule|Endless Battle Clause: Forcing endless battles is banned
|rule|HP Percentage Mod: HP is shown in percentages
|rule|Dynamax Clause: You cannot dynamax
|teampreview
|j| outw lool
|
|t:|1610116482
|start
|switch|p1a: Garchomp|Garchomp, M|100/100
|switch|p2a: Hey! Mr. Rager!|Landorus-Therian, M, shiny|100/100
|-ability|p2a: Hey! Mr. Rager!|Intimidate|boost
|-unboost|p1a: Garchomp|atk|1
|turn|1
|
|t:|1610116493
|move|p2a: Hey! Mr. Rager!|Swords Dance|p2a: Hey! Mr. Rager!
|-boost|p2a: Hey! Mr. Rager!|atk|2
|move|p1a: Garchomp|Stealth Rock|p2a: Hey! Mr. Rager!
|-sidestart|p2: legitteambuilder|move: Stealth Rock
|
|upkeep
|turn|2
|j| Weresyrr90
|
|t:|1610116497
|move|p2a: Hey! Mr. Rager!|Earthquake|p1a: Garchomp
|-damage|p1a: Garchomp|28/100
|move|p1a: Garchomp|Toxic|p2a: Hey! Mr. Rager!
|-status|p2a: Hey! Mr. Rager!|tox
|
|-damage|p2a: Hey! Mr. Rager!|95/100 tox|[from] psn
|upkeep
|turn|3
|
|t:|1610116506
|switch|p1a: Zapdos|Zapdos|100/100
|move|p2a: Hey! Mr. Rager!|Stealth Rock|p1a: Zapdos
|-sidestart|p1: xyia be noobin|move: Stealth Rock
|
|-damage|p2a: Hey! Mr. Rager!|83/100 tox|[from] psn
|upkeep
|turn|4
|l| outw lool
|j| meatybawls
|
|t:|1610116521
|switch|p1a: Tapu Fini|Tapu Fini|100/100
|-damage|p1a: Tapu Fini|88/100|[from] Stealth Rock
|-fieldstart|move: Misty Terrain|[from] ability: Misty Surge|[of] p1a: Tapu Fini
|move|p2a: Hey! Mr. Rager!|Explosion|p1a: Tapu Fini
|-damage|p1a: Tapu Fini|0 fnt
|faint|p2a: Hey! Mr. Rager!
|faint|p1a: Tapu Fini
|
|upkeep
|
|t:|1610116543
|switch|p2a: Electro kid|Regieleki|100/100
|switch|p1a: Hydreigon|Hydreigon, F|100/100
|-damage|p2a: Electro kid|88/100|[from] Stealth Rock
|-damage|p1a: Hydreigon|88/100|[from] Stealth Rock
|turn|5
|
|t:|1610116548
|switch|p1a: Garchomp|Garchomp, M|28/100
|-damage|p1a: Garchomp|22/100|[from] Stealth Rock
|move|p2a: Electro kid|Light Screen|p2a: Electro kid
|-sidestart|p2: legitteambuilder|move: Light Screen
|
|upkeep
|turn|6
|
|t:|1610116553
|move|p2a: Electro kid|Reflect|p2a: Electro kid
|-sidestart|p2: legitteambuilder|Reflect
|move|p1a: Garchomp|Earthquake|p2a: Electro kid
|-supereffective|p2a: Electro kid
|-damage|p2a: Electro kid|1/100
|
|upkeep
|turn|7
|j| Fourthstar
|
|t:|1610116560
|move|p2a: Electro kid|Explosion|p1a: Garchomp
|-damage|p1a: Garchomp|0 fnt
|faint|p2a: Electro kid
|faint|p1a: Garchomp
|
|upkeep
|j| Vessev
|
|t:|1610116576
|switch|p2a: Awoomarill|Azumarill, F, shiny|100/100
|switch|p1a: Hydreigon|Hydreigon, F|88/100
|-damage|p1a: Hydreigon|76/100|[from] Stealth Rock
|-damage|p2a: Awoomarill|88/100|[from] Stealth Rock
|turn|8
|j| i am hateful
|j| AnimeZZZZ5
|
|t:|1610116594
|move|p1a: Hydreigon|Defog|p2a: Awoomarill
|-unboost|p2a: Awoomarill|evasion|1
|-sideend|p2: legitteambuilder|Reflect
|-sideend|p2: legitteambuilder|move: Light Screen
|-sideend|p2: legitteambuilder|Stealth Rock|[from] move: Defog|[of] p1a: Hydreigon
|-sideend|p1: xyia be noobin|Stealth Rock|[from] move: Defog|[of] p1a: Hydreigon
|-fieldend|Misty Terrain
|move|p2a: Awoomarill|Belly Drum|p2a: Awoomarill
|-damage|p2a: Awoomarill|38/100
|-setboost|p2a: Awoomarill|atk|6|[from] move: Belly Drum
|-enditem|p2a: Awoomarill|Sitrus Berry|[eat]
|-heal|p2a: Awoomarill|63/100|[from] item: Sitrus Berry
|
|-heal|p1a: Hydreigon|82/100|[from] item: Leftovers
|upkeep
|turn|9
|
|t:|1610116614
|switch|p1a: Volcarona|Volcarona, M|100/100
|move|p2a: Awoomarill|Knock Off|p1a: Volcarona
|-damage|p1a: Volcarona|0 fnt
|-enditem|p1a: Volcarona|Heavy-Duty Boots|[from] move: Knock Off|[of] p2a: Awoomarill
|faint|p1a: Volcarona
|
|upkeep
|
|t:|1610116620
|switch|p1a: Amoonguss|Amoonguss, M|100/100
|turn|10
|
|t:|1610116624
|move|p2a: Awoomarill|Knock Off|p1a: Amoonguss
|-damage|p1a: Amoonguss|0 fnt
|-damage|p2a: Awoomarill|46/100|[from] item: Rocky Helmet|[of] p1a: Amoonguss
|-enditem|p1a: Amoonguss|Rocky Helmet|[from] move: Knock Off|[of] p2a: Awoomarill
|faint|p1a: Amoonguss
|
|upkeep
|
|t:|1610116627
|switch|p1a: Zapdos|Zapdos|100/100
|turn|11
|
|t:|1610116630
|move|p2a: Awoomarill|Aqua Jet|p1a: Zapdos
|-damage|p1a: Zapdos|27/100
|-status|p2a: Awoomarill|par|[from] ability: Static|[of] p1a: Zapdos
|move|p1a: Zapdos|Discharge|p2a: Awoomarill
|-supereffective|p2a: Awoomarill
|-damage|p2a: Awoomarill|0 fnt
|faint|p2a: Awoomarill
|
|upkeep
|
|t:|1610116638
|switch|p2a: it's ova|Kartana, shiny|100/100
|turn|12
|c|☆xyia be noobin|ah chokato
|
|t:|1610116642
|move|p2a: it's ova|Knock Off|p1a: Zapdos
|-damage|p1a: Zapdos|0 fnt
|-enditem|p1a: Zapdos|Heavy-Duty Boots|[from] move: Knock Off|[of] p2a: it's ova
|faint|p1a: Zapdos
|-ability|p2a: it's ova|Beast Boost|boost
|-boost|p2a: it's ova|atk|1
|
|upkeep
|-message|xyia be noobin forfeited.
|
|win|legitteambuilder
|l|☆xyia be noobin
|l| Fourthstar
|l| meatybawls
|l| Weresyrr90
||Ladder (probably) updated, but score could not be retrieved (Request timeout).
