|html|<div class="broadcast-blue"><strong>[Gen 8] OU is currently suspecting Melmetal! For information on how to participate check out the <a href="https://www.smogon.com/forums/threads/np-ss-ou-suspect-process-round-12-monster-mash.3709234/">suspect thread</a>.</strong></div>
|j|☆PANDA EXPRESS HR
|j|☆Lucians Call
|t:|1666388679
|gametype|singles
|player|p1|PANDA EXPRESS HR|1|1741
|player|p2|Lucians Call|furisodegirl-blue|1816
|teamsize|p1|6
|teamsize|p2|6
|gen|8
|tier|[Gen 8] OU
|rated|
|rule|Sleep Clause Mod: Limit one foe put to sleep
|rule|Species Clause: Limit one of each Pokémon
|rule|OHKO Clause: OHKO moves are banned
|rule|Evasion Items Clause: Evasion items are banned
|rule|Evasion Moves Clause: Evasion moves are banned
|rule|Endless Battle Clause: Forcing endless battles is banned
|rule|HP Percentage Mod: HP is shown in percentages
|rule|Dynamax Clause: You cannot dynamax
|clearpoke
|poke|p1|Grimmsnarl, M|
|poke|p1|Lycanroc-Dusk, F|
|poke|p1|Ferrothorn, F|
|poke|p1|Volcanion|
|poke|p1|Zapdos|
|poke|p1|Zygarde-10%|
|poke|p2|Slowking-Galar, F|
|poke|p2|Volcarona, M|
|poke|p2|Tornadus-Therian, M|
|poke|p2|Ferrothorn, F|
|poke|p2|Garchomp, F|
|poke|p2|Zeraora|
|teampreview
|inactive|Battle timer is ON: inactive players will automatically lose when time's up. (requested by Lucians Call)
|
|t:|1666388691
|start
|switch|p1a: Grimmsnarl|Grimmsnarl, M|100/100
|switch|p2a: Garchomp|Garchomp, F|100/100
|turn|1
|
|t:|1666388700
|switch|p2a: Slowking|Slowking-Galar, F|100/100
|move|p1a: Grimmsnarl|Spirit Break|p2a: Slowking
|-resisted|p2a: Slowking
|-damage|p2a: Slowking|75/100
|-unboost|p2a: Slowking|spa|1
|-damage|p1a: Grimmsnarl|91/100|[from] item: Life Orb
|
|upkeep
|turn|2
|
|t:|1666388707
|switch|p2a: Tornadus|Tornadus-Therian, M|100/100
|move|p1a: Grimmsnarl|Sucker Punch||[still]
|-fail|p1a: Grimmsnarl
|
|upkeep
|turn|3
|
|t:|1666388713
|move|p1a: Grimmsnarl|Substitute|p1a: Grimmsnarl
|-start|p1a: Grimmsnarl|Substitute
|-damage|p1a: Grimmsnarl|66/100
|move|p2a: Tornadus|Hurricane|p1a: Grimmsnarl
|-end|p1a: Grimmsnarl|Substitute
|
|upkeep
|turn|4
|
|t:|1666388718
|move|p1a: Grimmsnarl|Substitute|p1a: Grimmsnarl
|-start|p1a: Grimmsnarl|Substitute
|-damage|p1a: Grimmsnarl|41/100
|move|p2a: Tornadus|Hurricane|p1a: Grimmsnarl
|-end|p1a: Grimmsnarl|Substitute
|
|upkeep
|turn|5
|
|t:|1666388720
|move|p1a: Grimmsnarl|Sucker Punch|p2a: Tornadus
|-damage|p2a: Tornadus|46/100
|-damage|p1a: Grimmsnarl|31/100|[from] item: Life Orb
|move|p2a: Tornadus|Hurricane|p1a: Grimmsnarl
|-damage|p1a: Grimmsnarl|0 fnt
|faint|p1a: Grimmsnarl
|
|upkeep
|
|t:|1666388724
|switch|p1a: Zapdos|Zapdos|100/100
|turn|6
|
|t:|1666388727
|switch|p2a: Garchomp|Garchomp, F|100/100
|move|p1a: Zapdos|Hurricane|p2a: Garchomp|[miss]
|-miss|p1a: Zapdos|p2a: Garchomp
|
|upkeep
|turn|7
|
|t:|1666388730
|move|p1a: Zapdos|Hurricane|p2a: Garchomp
|-damage|p2a: Garchomp|43/100
|move|p2a: Garchomp|Toxic|p1a: Zapdos
|-status|p1a: Zapdos|tox
|
|-heal|p2a: Garchomp|50/100|[from] item: Leftovers
|-damage|p1a: Zapdos|94/100 tox|[from] psn
|upkeep
|turn|8
|
|t:|1666388735
|move|p2a: Garchomp|Protect|p2a: Garchomp
|-singleturn|p2a: Garchomp|Protect
|move|p1a: Zapdos|Hurricane|p2a: Garchomp
|-activate|p2a: Garchomp|move: Protect
|
|-heal|p2a: Garchomp|56/100|[from] item: Leftovers
|-damage|p1a: Zapdos|82/100 tox|[from] psn
|upkeep
|turn|9
|
|t:|1666388739
|move|p1a: Zapdos|Hurricane|p2a: Garchomp
|-damage|p2a: Garchomp|4/100
|move|p2a: Garchomp|Stealth Rock|p1a: Zapdos
|-sidestart|p1: PANDA EXPRESS HR|move: Stealth Rock
|
|-heal|p2a: Garchomp|10/100|[from] item: Leftovers
|-damage|p1a: Zapdos|63/100 tox|[from] psn
|upkeep
|turn|10
|
|t:|1666388744
|switch|p1a: Ferrothorn|Ferrothorn, F|100/100
|-damage|p1a: Ferrothorn|94/100|[from] Stealth Rock
|move|p2a: Garchomp|Earthquake|p1a: Ferrothorn
|-damage|p1a: Ferrothorn|59/100
|
|-heal|p2a: Garchomp|16/100|[from] item: Leftovers
|-heal|p1a: Ferrothorn|66/100|[from] item: Leftovers
|upkeep
|turn|11
|
|t:|1666388746
|move|p2a: Garchomp|Earthquake|p1a: Ferrothorn
|-damage|p1a: Ferrothorn|31/100
|move|p1a: Ferrothorn|Spikes|p2a: Garchomp
|-sidestart|p2: Lucians Call|Spikes
|
|-heal|p2a: Garchomp|22/100|[from] item: Leftovers
|-heal|p1a: Ferrothorn|37/100|[from] item: Leftovers
|upkeep
|turn|12
|
|t:|1666388749
|move|p2a: Garchomp|Earthquake|p1a: Ferrothorn
|-damage|p1a: Ferrothorn|7/100
|move|p1a: Ferrothorn|Leech Seed|p2a: Garchomp
|-start|p2a: Garchomp|move: Leech Seed
|
|-heal|p2a: Garchomp|28/100|[from] item: Leftovers
|-heal|p1a: Ferrothorn|13/100|[from] item: Leftovers
|-damage|p2a: Garchomp|16/100|[from] Leech Seed|[of] p1a: Ferrothorn
|-heal|p1a: Ferrothorn|28/100|[silent]
|upkeep
|turn|13
|
|t:|1666388753
|switch|p2a: Volcarona|Volcarona, M|100/100
|-damage|p2a: Volcarona|88/100|[from] Spikes
|move|p1a: Ferrothorn|Spikes|p2a: Volcarona
|-sidestart|p2: Lucians Call|Spikes
|
|-heal|p1a: Ferrothorn|34/100|[from] item: Leftovers
|upkeep
|turn|14
|
|t:|1666388758
|move|p2a: Volcarona|Bug Buzz|p1a: Ferrothorn
|-damage|p1a: Ferrothorn|0 fnt
|faint|p1a: Ferrothorn
|
|upkeep
|
|t:|1666388764
|switch|p1a: Zapdos|Zapdos|63/100 tox
|-damage|p1a: Zapdos|38/100 tox|[from] Stealth Rock
|turn|15
|
|t:|1666388770
|switch|p2a: Garchomp|Garchomp, F|16/100
|-damage|p2a: Garchomp|0 fnt|[from] Spikes
|faint|p2a: Garchomp
|move|p1a: Zapdos|Hurricane|p2: Garchomp|[notarget]
|-fail|p1a: Zapdos
|
|-damage|p1a: Zapdos|32/100 tox|[from] psn
|upkeep
|
|t:|1666388774
|switch|p2a: Zeraora|Zeraora|100/100
|-damage|p2a: Zeraora|84/100|[from] Spikes
|turn|16
|
|t:|1666388778
|move|p2a: Zeraora|Plasma Fists|p1a: Zapdos
|-damage|p1a: Zapdos|0 fnt
|-fieldactivate|move: Ion Deluge
|-hint|Normal-type moves become Electric-type after using Plasma Fists.
|faint|p1a: Zapdos
|
|-heal|p2a: Zeraora|90/100|[from] item: Leftovers
|upkeep
|
|t:|1666388780
|switch|p1a: Zygarde|Zygarde-10%|100/100
|-damage|p1a: Zygarde|94/100|[from] Stealth Rock
|-ability|p1a: Zygarde|Aura Break
|turn|17
|j| hurdurdurd
|j| OUTDc7g9xn
|
|t:|1666388800
|switch|p2a: Volcarona|Volcarona, M|88/100
|-damage|p2a: Volcarona|72/100|[from] Spikes
|move|p1a: Zygarde|Thousand Arrows|p2a: Volcarona
|-damage|p2a: Volcarona|0 fnt
|faint|p2a: Volcarona
|
|upkeep
|
|t:|1666388802
|switch|p2a: Tornadus|Tornadus-Therian, M|79/100
|turn|18
|
|t:|1666388807
|move|p1a: Zygarde|Thousand Arrows|p2a: Tornadus
|-damage|p2a: Tornadus|21/100
|-start|p2a: Tornadus|Smack Down
|move|p2a: Tornadus|Icy Wind|p1a: Zygarde
|-supereffective|p1a: Zygarde
|-damage|p1a: Zygarde|9/100
|-unboost|p1a: Zygarde|spe|1
|
|upkeep
|turn|19
|j| RNN YasuKe
|
|t:|1666388817
|move|p2a: Tornadus|U-turn|p1a: Zygarde
|-damage|p1a: Zygarde|0 fnt
|faint|p1a: Zygarde
|
|t:|1666388824
|switch|p2a: Zeraora|Zeraora|90/100|[from]move: U-turn
|-damage|p2a: Zeraora|74/100|[from] Spikes
|
|-heal|p2a: Zeraora|80/100|[from] item: Leftovers
|upkeep
|
|t:|1666388827
|switch|p1a: Lycanroc|Lycanroc-Dusk, F|100/100
|-damage|p1a: Lycanroc|88/100|[from] Stealth Rock
|turn|20
|
|t:|1666388831
|switch|p2a: Ferrothorn|Ferrothorn, F|100/100
|-damage|p2a: Ferrothorn|84/100|[from] Spikes
|move|p1a: Lycanroc|Accelerock|p2a: Ferrothorn
|-resisted|p2a: Ferrothorn
|-damage|p2a: Ferrothorn|76/100
|-damage|p1a: Lycanroc|76/100|[from] ability: Iron Barbs|[of] p2a: Ferrothorn
|-damage|p1a: Lycanroc|59/100|[from] item: Rocky Helmet|[of] p2a: Ferrothorn
|
|upkeep
|turn|21
|l| hurdurdurd
|
|t:|1666388834
|move|p1a: Lycanroc|Swords Dance|p1a: Lycanroc
|-boost|p1a: Lycanroc|atk|2
|move|p2a: Ferrothorn|Power Whip|p1a: Lycanroc|[miss]
|-miss|p2a: Ferrothorn|p1a: Lycanroc
|
|upkeep
|turn|22
|
|t:|1666388837
|move|p1a: Lycanroc|Close Combat|p2a: Ferrothorn
|-supereffective|p2a: Ferrothorn
|-damage|p2a: Ferrothorn|0 fnt
|-unboost|p1a: Lycanroc|def|1
|-unboost|p1a: Lycanroc|spd|1
|-damage|p1a: Lycanroc|47/100|[from] ability: Iron Barbs|[of] p2a: Ferrothorn
|-damage|p1a: Lycanroc|30/100|[from] item: Rocky Helmet|[of] p2a: Ferrothorn
|faint|p2a: Ferrothorn
|
|upkeep
|j| Misterioussaint
|
|t:|1666388848
|switch|p2a: Slowking|Slowking-Galar, F|100/100
|-damage|p2a: Slowking|84/100|[from] Spikes
|turn|23
|
|t:|1666388851
|move|p1a: Lycanroc|Iron Head|p2a: Slowking
|-damage|p2a: Slowking|25/100
|move|p2a: Slowking|Ice Beam|p1a: Lycanroc
|-damage|p1a: Lycanroc|0 fnt
|faint|p1a: Lycanroc
|
|upkeep
|
|t:|1666388856
|switch|p1a: Volcanion|Volcanion|100/100
|turn|24
|
|t:|1666388863
|move|p1a: Volcanion|Earth Power|p2a: Slowking
|-supereffective|p2a: Slowking
|-damage|p2a: Slowking|0 fnt
|faint|p2a: Slowking
|
|upkeep
|
|t:|1666388865
|switch|p2a: Zeraora|Zeraora|80/100
|-damage|p2a: Zeraora|63/100|[from] Spikes
|turn|25
|
|t:|1666388867
|move|p2a: Zeraora|Plasma Fists|p1a: Volcanion
|-supereffective|p1a: Volcanion
|-damage|p1a: Volcanion|44/100
|-fieldactivate|move: Ion Deluge
|-hint|Normal-type moves become Electric-type after using Plasma Fists.
|move|p1a: Volcanion|Earth Power|p2a: Zeraora
|-supereffective|p2a: Zeraora
|-damage|p2a: Zeraora|0 fnt
|faint|p2a: Zeraora
|
|upkeep
|
|t:|1666388874
|switch|p2a: Tornadus|Tornadus-Therian, M|54/100
|turn|26
|
|t:|1666388876
|move|p2a: Tornadus|Hurricane|p1a: Volcanion
|-damage|p1a: Volcanion|2/100
|-start|p1a: Volcanion|confusion
|-activate|p1a: Volcanion|confusion
|move|p1a: Volcanion|Steam Eruption|p2a: Tornadus
|-damage|p2a: Tornadus|3/100
|
|upkeep
|turn|27
|j| cypherstest
|-message|PANDA EXPRESS HR forfeited.
|
|win|Lucians Call
|raw|PANDA EXPRESS HR's rating: 1741 &rarr; <strong>1725</strong><br />(-16 for losing)
|raw|Lucians Call's rating: 1816 &rarr; <strong>1832</strong><br />(+16 for winning)
|l|☆PANDA EXPRESS HR
|l|☆Lucians Call
|l| cypherstest
|l| Misterioussaint
||Ladder isn't responding, score probably updated but might not have (Request timeout).
