|html|<div class="broadcast-blue"><strong>[Gen 8] OU is currently suspecting Melmetal! For information on how to participate check out the <a href="https://www.smogon.com/forums/threads/np-ss-ou-suspect-process-round-12-monster-mash.3709234/">suspect thread</a>.</strong></div>
|j|☆wuyanwuyou
|j|☆d18l
|t:|1666060277
|gametype|singles
|player|p1|wuyanwuyou|bellelba|1621
|player|p2|d18l|backpacker|1650
|teamsize|p1|6
|teamsize|p2|6
|gen|8
|tier|[Gen 8] OU
|rated|
|rule|Sleep Clause Mod: Limit one foe put to sleep
|rule|Species Clause: Limit one of each Pokémon
|rule|OHKO Clause: OHKO moves are banned
|rule|Evasion Items Clause: Evasion items are banned
|rule|Evasion Moves Clause: Evasion moves are banned
|rule|Endless Battle Clause: Forcing endless battles is banned
|rule|HP Percentage Mod: HP is shown in percentages
|rule|Dynamax Clause: You cannot dynamax
|clearpoke
|poke|p1|Dragapult, M|
|poke|p1|Blacephalon|
|poke|p1|Urshifu-*, F|
|poke|p1|Zapdos|
|poke|p1|Landorus-Therian, M|
|poke|p1|Heatran, F|
|poke|p2|Tapu Koko|
|poke|p2|Victini|
|poke|p2|Landorus-Therian, M|
|poke|p2|Tornadus-Therian, M|
|poke|p2|Rotom-Wash|
|poke|p2|Ferrothorn, M|
|teampreview
|j| MentallyUnwell
|inactive|Battle timer is ON: inactive players will automatically lose when time's up. (requested by wuyanwuyou)
|
|t:|1666060329
|start
|switch|p1a: Dragapult|Dragapult, M, shiny|100/100
|switch|p2a: Rotom|Rotom-Wash|100/100
|turn|1
|
|t:|1666060341
|switch|p2a: Tornadus|Tornadus-Therian, M|100/100
|move|p1a: Dragapult|Draco Meteor|p2a: Tornadus
|-damage|p2a: Tornadus|40/100
|-unboost|p1a: Dragapult|spa|2
|
|upkeep
|turn|2
|j| Mimikyu Stardust
|
|t:|1666060369
|switch|p1a: Zapdos|Zapdos|100/100
|move|p2a: Tornadus|Knock Off|p1a: Zapdos
|-damage|p1a: Zapdos|86/100
|-enditem|p1a: Zapdos|Heavy-Duty Boots|[from] move: Knock Off|[of] p2a: Tornadus
|
|upkeep
|turn|3
|inactive|d18l has 120 seconds left.
|
|t:|1666060393
|switch|p2a: Tapu Koko|Tapu Koko|100/100
|-fieldstart|move: Electric Terrain|[from] ability: Electric Surge|[of] p2a: Tapu Koko
|move|p1a: Zapdos|Hurricane|p2a: Tapu Koko
|-resisted|p2a: Tapu Koko
|-damage|p2a: Tapu Koko|64/100
|-start|p2a: Tapu Koko|confusion
|
|upkeep
|turn|4
|inactive|d18l has 120 seconds left.
|
|t:|1666060406
|-activate|p2a: Tapu Koko|confusion
|move|p2a: Tapu Koko|Volt Switch|p1a: Zapdos
|-damage|p1a: Zapdos|29/100
|
|t:|1666060414
|switch|p2a: Landorus|Landorus-Therian, M|100/100|[from]move: Volt Switch
|-ability|p2a: Landorus|Intimidate|boost
|-unboost|p1a: Zapdos|atk|1
|move|p1a: Zapdos|Volt Switch|p2a: Landorus
|-immune|p2a: Landorus
|
|upkeep
|turn|5
|
|t:|1666060418
|move|p1a: Zapdos|Roost|p1a: Zapdos
|-heal|p1a: Zapdos|79/100
|-singleturn|p1a: Zapdos|move: Roost
|move|p2a: Landorus|Toxic|p1a: Zapdos
|-status|p1a: Zapdos|tox
|
|-damage|p1a: Zapdos|72/100 tox|[from] psn
|upkeep
|turn|6
|inactive|d18l has 120 seconds left.
|
|t:|1666060437
|move|p1a: Zapdos|Hurricane|p2a: Landorus
|-damage|p2a: Landorus|58/100
|-start|p2a: Landorus|confusion
|-activate|p2a: Landorus|confusion
|-damage|p2a: Landorus|47/100|[from] confusion
|
|-heal|p2a: Landorus|53/100|[from] item: Leftovers
|-damage|p1a: Zapdos|60/100 tox|[from] psn
|upkeep
|turn|7
|inactive|d18l has 120 seconds left.
|
|t:|1666060462
|switch|p1a: Landorus|Landorus-Therian, M|100/100
|-ability|p1a: Landorus|Intimidate|boost
|-unboost|p2a: Landorus|atk|1
|-activate|p2a: Landorus|confusion
|-damage|p2a: Landorus|45/100|[from] confusion
|
|-heal|p2a: Landorus|51/100|[from] item: Leftovers
|-fieldend|move: Electric Terrain
|upkeep
|turn|8
|
|t:|1666060471
|-activate|p2a: Landorus|confusion
|-damage|p2a: Landorus|43/100|[from] confusion
|move|p1a: Landorus|Knock Off|p2a: Landorus
|-damage|p2a: Landorus|12/100
|-enditem|p2a: Landorus|Leftovers|[from] move: Knock Off|[of] p1a: Landorus
|
|upkeep
|turn|9
|
|t:|1666060477
|-end|p2a: Landorus|confusion
|move|p2a: Landorus|Toxic|p1a: Landorus
|-status|p1a: Landorus|tox
|move|p1a: Landorus|U-turn|p2a: Landorus
|-resisted|p2a: Landorus
|-damage|p2a: Landorus|2/100
|
|t:|1666060486
|switch|p1a: Blacephalon|Blacephalon|100/100|[from]move: U-turn
|
|upkeep
|turn|10
|
|t:|1666060494
|switch|p2a: Tornadus|Tornadus-Therian, M|73/100
|move|p1a: Blacephalon|Shadow Ball|p2a: Tornadus
|-damage|p2a: Tornadus|41/100
|
|upkeep
|turn|11
|
|t:|1666060511
|switch|p1a: Zapdos|Zapdos|60/100 tox
|switch|p2a: Tapu Koko|Tapu Koko|64/100
|-fieldstart|move: Electric Terrain|[from] ability: Electric Surge|[of] p2a: Tapu Koko
|
|-damage|p1a: Zapdos|54/100 tox|[from] psn
|upkeep
|turn|12
|
|t:|1666060522
|switch|p1a: Landorus|Landorus-Therian, M|100/100 tox
|-ability|p1a: Landorus|Intimidate|boost
|-unboost|p2a: Tapu Koko|atk|1
|move|p2a: Tapu Koko|Dazzling Gleam|p1a: Landorus
|-damage|p1a: Landorus|60/100 tox
|
|-heal|p1a: Landorus|66/100 tox|[from] item: Leftovers
|-damage|p1a: Landorus|60/100 tox|[from] psn
|upkeep
|turn|13
|
|t:|1666060534
|switch|p2a: Landorus|Landorus-Therian, M|2/100
|-ability|p2a: Landorus|Intimidate|boost
|-unboost|p1a: Landorus|atk|1
|move|p1a: Landorus|U-turn|p2a: Landorus
|-resisted|p2a: Landorus
|-damage|p2a: Landorus|0 fnt
|faint|p2a: Landorus
|
|t:|1666060540
|switch|p1a: Dragapult|Dragapult, M, shiny|100/100|[from]move: U-turn
|
|upkeep
|inactive|d18l has 120 seconds left.
|
|t:|1666060576
|switch|p2a: Tornadus|Tornadus-Therian, M|74/100
|turn|14
|inactive|d18l has 120 seconds left.
|
|t:|1666060598
|switch|p1a: Heatran|Heatran, F|100/100
|move|p2a: Tornadus|Knock Off|p1a: Heatran
|-damage|p1a: Heatran|87/100
|-enditem|p1a: Heatran|Leftovers|[from] move: Knock Off|[of] p2a: Tornadus
|
|upkeep
|turn|15
|
|t:|1666060604
|move|p2a: Tornadus|U-turn|p1a: Heatran
|-resisted|p1a: Heatran
|-crit|p1a: Heatran
|-damage|p1a: Heatran|83/100
|
|t:|1666060608
|switch|p2a: Rotom|Rotom-Wash|100/100|[from]move: U-turn
|move|p1a: Heatran|Stealth Rock|p2a: Rotom
|-sidestart|p2: d18l|move: Stealth Rock
|
|-fieldend|move: Electric Terrain
|upkeep
|turn|16
|
|t:|1666060632
|move|p2a: Rotom|Hydro Pump|p1a: Heatran
|-supereffective|p1a: Heatran
|-damage|p1a: Heatran|12/100
|move|p1a: Heatran|Magma Storm|p2a: Rotom
|-resisted|p2a: Rotom
|-damage|p2a: Rotom|79/100
|-activate|p2a: Rotom|move: Magma Storm|[of] p1a: Heatran
|
|-heal|p2a: Rotom|85/100|[from] item: Leftovers
|-damage|p2a: Rotom|72/100|[from] move: Magma Storm|[partiallytrapped]
|upkeep
|turn|17
|
|t:|1666060641
|move|p1a: Heatran|Protect|p1a: Heatran
|-singleturn|p1a: Heatran|Protect
|move|p2a: Rotom|Volt Switch|p1a: Heatran
|-activate|p1a: Heatran|move: Protect
|
|-heal|p2a: Rotom|78/100|[from] item: Leftovers
|-damage|p2a: Rotom|66/100|[from] move: Magma Storm|[partiallytrapped]
|upkeep
|turn|18
|l| MentallyUnwell
|
|t:|1666060651
|switch|p1a: Zapdos|Zapdos|54/100 tox
|move|p2a: Rotom|Volt Switch|p1a: Zapdos
|-damage|p1a: Zapdos|31/100 tox
|
|t:|1666060659
|switch|p2a: Tapu Koko|Tapu Koko|64/100|[from]move: Volt Switch
|-damage|p2a: Tapu Koko|51/100|[from] Stealth Rock
|-fieldstart|move: Electric Terrain|[from] ability: Electric Surge|[of] p2a: Tapu Koko
|
|-damage|p1a: Zapdos|25/100 tox|[from] psn
|upkeep
|turn|19
|j| MentallyUnwell
|
|t:|1666060667
|switch|p1a: Heatran|Heatran, F|12/100
|move|p2a: Tapu Koko|Dazzling Gleam|p1a: Heatran
|-resisted|p1a: Heatran
|-damage|p1a: Heatran|2/100
|
|upkeep
|turn|20
|
|t:|1666060674
|move|p2a: Tapu Koko|Dazzling Gleam|p1a: Heatran
|-resisted|p1a: Heatran
|-damage|p1a: Heatran|0 fnt
|faint|p1a: Heatran
|
|upkeep
|l| MentallyUnwell
|inactive|wuyanwuyou has 120 seconds left.
|
|t:|1666060712
|switch|p1a: Blacephalon|Blacephalon|100/100
|turn|21
|
|t:|1666060738
|switch|p2a: Tornadus|Tornadus-Therian, M|100/100
|-damage|p2a: Tornadus|76/100|[from] Stealth Rock
|move|p1a: Blacephalon|Shadow Ball|p2a: Tornadus
|-damage|p2a: Tornadus|41/100
|
|upkeep
|turn|22
|inactive|wuyanwuyou has 120 seconds left.
|inactive|d18l has 120 seconds left.
|
|t:|1666060763
|switch|p1a: Zapdos|Zapdos|25/100 tox
|move|p2a: Tornadus|Knock Off|p1a: Zapdos
|-damage|p1a: Zapdos|14/100 tox
|
|-damage|p1a: Zapdos|8/100 tox|[from] psn
|-fieldend|move: Electric Terrain
|upkeep
|turn|23
|inactive|wuyanwuyou has 120 seconds left.
|inactive|d18l has 120 seconds left.
|
|t:|1666060769
|move|p2a: Tornadus|Heat Wave|p1a: Zapdos
|-damage|p1a: Zapdos|0 fnt
|faint|p1a: Zapdos
|
|upkeep
|
|t:|1666060772
|switch|p1a: Dragapult|Dragapult, M, shiny|100/100
|turn|24
|
|t:|1666060776
|switch|p2a: Ferrothorn|Ferrothorn, M|100/100
|-damage|p2a: Ferrothorn|95/100|[from] Stealth Rock
|move|p1a: Dragapult|Shadow Ball|p2a: Ferrothorn
|-damage|p2a: Ferrothorn|48/100
|
|upkeep
|turn|25
|
|t:|1666060789
|switch|p1a: Urshifu|Urshifu-Rapid-Strike, F|100/100
|move|p2a: Ferrothorn|Stealth Rock|p1a: Urshifu
|-sidestart|p1: wuyanwuyou|move: Stealth Rock
|
|upkeep
|turn|26
|inactive|wuyanwuyou has 120 seconds left.
|
|t:|1666060820
|move|p1a: Urshifu|Close Combat|p2a: Ferrothorn
|-supereffective|p2a: Ferrothorn
|-damage|p2a: Ferrothorn|0 fnt
|-unboost|p1a: Urshifu|def|1
|-unboost|p1a: Urshifu|spd|1
|-damage|p1a: Urshifu|88/100|[from] ability: Iron Barbs|[of] p2a: Ferrothorn
|-damage|p1a: Urshifu|72/100|[from] item: Rocky Helmet|[of] p2a: Ferrothorn
|faint|p2a: Ferrothorn
|
|upkeep
|inactive|d18l has 120 seconds left.
|
|t:|1666060845
|switch|p2a: Tapu Koko|Tapu Koko|51/100
|-damage|p2a: Tapu Koko|39/100|[from] Stealth Rock
|-fieldstart|move: Electric Terrain|[from] ability: Electric Surge|[of] p2a: Tapu Koko
|turn|27
|inactive|wuyanwuyou has 120 seconds left.
|
|t:|1666060857
|move|p1a: Urshifu|Close Combat|p2a: Tapu Koko
|-resisted|p2a: Tapu Koko
|-damage|p2a: Tapu Koko|0 fnt
|-unboost|p1a: Urshifu|def|1
|-unboost|p1a: Urshifu|spd|1
|faint|p2a: Tapu Koko
|
|upkeep
|inactive|d18l has 120 seconds left.
|c|☆d18l|great choke
|c|☆d18l|i love playing bad
|-message|d18l forfeited.
|
|win|wuyanwuyou
|raw|wuyanwuyou's rating: 1621 &rarr; <strong>1643</strong><br />(+22 for winning)
|raw|d18l's rating: 1650 &rarr; <strong>1628</strong><br />(-22 for losing)
|l| Mimikyu Stardust
|l|☆d18l
||Ladder isn't responding, score probably updated but might not have (Request timeout).
