|j|☆Natiakane
|j|☆SuperTheoryBros
|t:|1606606374
|player|p1|Natiakane|dahlia|1770
|player|p2|SuperTheoryBros|266|1710
|teamsize|p1|6
|teamsize|p2|6
|gametype|singles
|gen|8
|tier|[Gen 8] OU
|rated|
|clearpoke
|poke|p1|Pheromosa|
|poke|p1|Xurkitree|
|poke|p1|Kartana|
|poke|p1|Blacephalon|
|poke|p1|Nihilego|
|poke|p1|Buzzwole|
|poke|p2|Tyranitar, F|
|poke|p2|Excadrill, M|
|poke|p2|Tornadus-Therian, M|
|poke|p2|Buzzwole|
|poke|p2|Slowking, F|
|poke|p2|Dracozolt|
|rule|Sleep Clause Mod: Limit one foe put to sleep
|rule|Species Clause: Limit one of each Pokémon
|rule|OHKO Clause: OHKO moves are banned
|rule|Evasion Moves Clause: Evasion moves are banned
|rule|Endless Battle Clause: Forcing endless battles is banned
|rule|HP Percentage Mod: HP is shown in percentages
|rule|Dynamax Clause: You cannot dynamax
|teampreview
|inactive|Battle timer is ON: inactive players will automatically lose when time's up. (requested by SuperTheoryBros)
|j| tapu moxo
|inactive|SuperTheoryBros has 120 seconds left.
|
|t:|1606606418
|start
|switch|p1a: Pheromosa|Pheromosa|100/100
|switch|p2a: Tyranitar|Tyranitar, F|100/100
|-weather|Sandstorm|[from] ability: Sand Stream|[of] p2a: Tyranitar
|turn|1
|
|t:|1606606423
|switch|p2a: Tornadus|Tornadus-Therian, M|100/100
|move|p1a: Pheromosa|U-turn|p2a: Tornadus
|-resisted|p2a: Tornadus
|-damage|p2a: Tornadus|70/100
|-damage|p1a: Pheromosa|91/100|[from] item: Life Orb
|
|t:|1606606430
|switch|p1a: Nihilego|Nihilego|100/100|[from]move: U-turn
|
|-weather|Sandstorm|[upkeep]
|-damage|p2a: Tornadus|64/100|[from] Sandstorm
|upkeep
|turn|2
|
|t:|1606606448
|move|p2a: Tornadus|Knock Off|p1a: Nihilego
|-damage|p1a: Nihilego|68/100
|-enditem|p1a: Nihilego|Power Herb|[from] move: Knock Off|[of] p2a: Tornadus
|move|p1a: Nihilego|Stealth Rock|p2a: Tornadus
|-sidestart|p2: SuperTheoryBros|move: Stealth Rock
|
|-weather|Sandstorm|[upkeep]
|-damage|p2a: Tornadus|58/100|[from] Sandstorm
|upkeep
|turn|3
|
|t:|1606606464
|switch|p2a: Excadrill|Excadrill, M|100/100
|-damage|p2a: Excadrill|97/100|[from] Stealth Rock
|move|p1a: Nihilego|Power Gem|p2a: Excadrill
|-resisted|p2a: Excadrill
|-damage|p2a: Excadrill|84/100
|
|-weather|Sandstorm|[upkeep]
|upkeep
|turn|4
|
|t:|1606606482
|switch|p1a: Buzzwole|Buzzwole|100/100
|move|p2a: Excadrill|Iron Head|p1a: Buzzwole
|-crit|p1a: Buzzwole
|-damage|p1a: Buzzwole|22/100
|
|-weather|Sandstorm|[upkeep]
|-damage|p1a: Buzzwole|16/100|[from] Sandstorm
|upkeep
|turn|5
|
|t:|1606606491
|move|p2a: Excadrill|Iron Head|p1a: Buzzwole
|-damage|p1a: Buzzwole|0 fnt
|faint|p1a: Buzzwole
|
|-weather|none
|upkeep
|
|t:|1606606497
|switch|p1a: Kartana|Kartana|100/100
|turn|6
|
|t:|1606606511
|switch|p2a: Buzzwole|Buzzwole|100/100
|-damage|p2a: Buzzwole|88/100|[from] Stealth Rock
|move|p1a: Kartana|Leaf Blade|p2a: Buzzwole
|-resisted|p2a: Buzzwole
|-damage|p2a: Buzzwole|66/100
|
|upkeep
|turn|7
|
|t:|1606606534
|switch|p1a: Nihilego|Nihilego|68/100
|move|p2a: Buzzwole|Roost|p2a: Buzzwole
|-heal|p2a: Buzzwole|100/100
|-singleturn|p2a: Buzzwole|move: Roost
|
|upkeep
|turn|8
|
|t:|1606606545
|move|p1a: Nihilego|Power Gem|p2a: Buzzwole
|-damage|p2a: Buzzwole|47/100
|move|p2a: Buzzwole|Drain Punch|p1a: Nihilego
|-damage|p1a: Nihilego|8/100
|-heal|p2a: Buzzwole|74/100|[from] drain|[of] p1a: Nihilego
|
|upkeep
|turn|9
|
|t:|1606606558
|move|p1a: Nihilego|Meteor Beam||[still]
|-prepare|p1a: Nihilego|Meteor Beam
|-boost|p1a: Nihilego|spa|1
|move|p2a: Buzzwole|Roost|p2a: Buzzwole
|-heal|p2a: Buzzwole|100/100
|-singleturn|p2a: Buzzwole|move: Roost
|
|upkeep
|turn|10
|
|t:|1606606565
|switch|p2a: Excadrill|Excadrill, M|84/100
|-damage|p2a: Excadrill|81/100|[from] Stealth Rock
|move|p1a: Nihilego|Meteor Beam|p2a: Excadrill|[from]lockedmove
|-resisted|p2a: Excadrill
|-damage|p2a: Excadrill|52/100
|
|upkeep
|turn|11
|
|t:|1606606583
|move|p1a: Nihilego|Power Gem|p2a: Excadrill
|-resisted|p2a: Excadrill
|-damage|p2a: Excadrill|32/100
|move|p2a: Excadrill|Rapid Spin|p1a: Nihilego
|-resisted|p1a: Nihilego
|-damage|p1a: Nihilego|0 fnt
|-boost|p2a: Excadrill|spe|1
|-sideend|p2: SuperTheoryBros|Stealth Rock|[from] move: Rapid Spin|[of] p2a: Excadrill
|faint|p1a: Nihilego
|
|upkeep
|
|t:|1606606587
|switch|p1a: Kartana|Kartana|100/100
|turn|12
|
|t:|1606606601
|switch|p2a: Buzzwole|Buzzwole|100/100
|move|p1a: Kartana|Smart Strike|p2a: Buzzwole
|-damage|p2a: Buzzwole|69/100
|
|upkeep
|turn|13
|
|t:|1606606618
|switch|p1a: Blacephalon|Blacephalon|100/100
|move|p2a: Buzzwole|Poison Jab|p1a: Blacephalon
|-resisted|p1a: Blacephalon
|-damage|p1a: Blacephalon|75/100
|
|upkeep
|turn|14
|
|t:|1606606627
|switch|p1a: Pheromosa|Pheromosa|91/100
|switch|p2a: Tyranitar|Tyranitar, F|100/100
|-weather|Sandstorm|[from] ability: Sand Stream|[of] p2a: Tyranitar
|
|-weather|Sandstorm|[upkeep]
|-damage|p1a: Pheromosa|85/100|[from] Sandstorm
|upkeep
|turn|15
|l| tapu moxo
|inactive|SuperTheoryBros has 120 seconds left.
|
|t:|1606606656
|switch|p2a: Tornadus|Tornadus-Therian, M|91/100
|move|p1a: Pheromosa|U-turn|p2a: Tornadus
|-resisted|p2a: Tornadus
|-damage|p2a: Tornadus|60/100
|-damage|p1a: Pheromosa|75/100|[from] item: Life Orb
|
|t:|1606606660
|switch|p1a: Xurkitree|Xurkitree|100/100|[from]move: U-turn
|
|-weather|Sandstorm|[upkeep]
|-damage|p2a: Tornadus|54/100|[from] Sandstorm
|-damage|p1a: Xurkitree|94/100|[from] Sandstorm
|upkeep
|turn|16
|inactive|SuperTheoryBros has 120 seconds left.
|
|t:|1606606675
|switch|p2a: Dracozolt|Dracozolt|100/100
|move|p1a: Xurkitree|Dazzling Gleam|p2a: Dracozolt
|-supereffective|p2a: Dracozolt
|-damage|p2a: Dracozolt|0 fnt
|faint|p2a: Dracozolt
|-ability|p1a: Xurkitree|Beast Boost|boost
|-boost|p1a: Xurkitree|spa|1
|
|-weather|Sandstorm|[upkeep]
|-damage|p1a: Xurkitree|88/100|[from] Sandstorm
|upkeep
|inactive|SuperTheoryBros has 120 seconds left.
|
|t:|1606606693
|switch|p2a: Slowking|Slowking, F|100/100
|turn|17
|
|t:|1606606702
|move|p1a: Xurkitree|Dazzling Gleam|p2a: Slowking
|-damage|p2a: Slowking|53/100
|move|p2a: Slowking|Scald|p1a: Xurkitree
|-damage|p1a: Xurkitree|45/100
|
|-weather|Sandstorm|[upkeep]
|-damage|p1a: Xurkitree|39/100|[from] Sandstorm
|-damage|p2a: Slowking|47/100|[from] Sandstorm
|-heal|p2a: Slowking|53/100|[from] item: Leftovers
|upkeep
|turn|18
|inactive|SuperTheoryBros has 120 seconds left.
|
|t:|1606606718
|move|p1a: Xurkitree|Dazzling Gleam|p2a: Slowking
|-damage|p2a: Slowking|4/100
|move|p2a: Slowking|Scald|p1a: Xurkitree
|-damage|p1a: Xurkitree|0 fnt
|faint|p1a: Xurkitree
|
|-weather|none
|-heal|p2a: Slowking|10/100|[from] item: Leftovers
|upkeep
|
|t:|1606606721
|switch|p1a: Pheromosa|Pheromosa|75/100
|turn|19
|inactive|SuperTheoryBros has 120 seconds left.
|
|t:|1606606741
|move|p1a: Pheromosa|Rapid Spin|p2a: Slowking
|-damage|p2a: Slowking|0 fnt
|-boost|p1a: Pheromosa|spe|1
|-damage|p1a: Pheromosa|65/100|[from] item: Life Orb
|faint|p2a: Slowking
|-ability|p1a: Pheromosa|Beast Boost|boost
|-boost|p1a: Pheromosa|atk|1
|
|upkeep
|inactive|SuperTheoryBros has 90 seconds left.
|
|t:|1606606772
|switch|p2a: Buzzwole|Buzzwole|69/100
|turn|20
|inactive|SuperTheoryBros has 90 seconds left.
|
|t:|1606606779
|move|p1a: Pheromosa|Triple Axel|p2a: Buzzwole
|-damage|p2a: Buzzwole|61/100
|-damage|p2a: Buzzwole|45/100
|-crit|p2a: Buzzwole
|-damage|p2a: Buzzwole|12/100
|-hitcount|p2a: Buzzwole|3
|-damage|p1a: Pheromosa|55/100|[from] item: Life Orb
|move|p2a: Buzzwole|Roost|p2a: Buzzwole
|-heal|p2a: Buzzwole|62/100
|-singleturn|p2a: Buzzwole|move: Roost
|
|upkeep
|turn|21
|
|t:|1606606792
|move|p1a: Pheromosa|U-turn|p2a: Buzzwole
|-resisted|p2a: Buzzwole
|-damage|p2a: Buzzwole|44/100
|-damage|p1a: Pheromosa|45/100|[from] item: Life Orb
|j| Vessev
|
|t:|1606606795
|switch|p1a: Blacephalon|Blacephalon|75/100|[from]move: U-turn
|move|p2a: Buzzwole|Roost|p2a: Buzzwole
|-heal|p2a: Buzzwole|94/100
|-singleturn|p2a: Buzzwole|move: Roost
|
|upkeep
|turn|22
|
|t:|1606606803
|switch|p2a: Tyranitar|Tyranitar, F|100/100
|-weather|Sandstorm|[from] ability: Sand Stream|[of] p2a: Tyranitar
|move|p1a: Blacephalon|Mind Blown|p2a: Tyranitar
|-resisted|p2a: Tyranitar
|-damage|p2a: Tyranitar|82/100
|-damage|p1a: Blacephalon|24/100|[from] mindblown
|
|-weather|Sandstorm|[upkeep]
|-damage|p1a: Blacephalon|18/100|[from] Sandstorm
|-heal|p2a: Tyranitar|88/100|[from] item: Leftovers
|upkeep
|turn|23
|j| tapu moxo
|
|t:|1606606815
|move|p1a: Blacephalon|Mind Blown|p2a: Tyranitar
|-resisted|p2a: Tyranitar
|-damage|p2a: Tyranitar|70/100
|-damage|p1a: Blacephalon|0 fnt|[from] mindblown
|faint|p1a: Blacephalon
|move|p2a: Tyranitar|Stealth Rock|p1: Blacephalon
|-sidestart|p1: Natiakane|move: Stealth Rock
|
|-weather|Sandstorm|[upkeep]
|-heal|p2a: Tyranitar|76/100|[from] item: Leftovers
|upkeep
|
|t:|1606606818
|switch|p1a: Pheromosa|Pheromosa|45/100
|-damage|p1a: Pheromosa|33/100|[from] Stealth Rock
|turn|24
|
|t:|1606606845
|switch|p2a: Buzzwole|Buzzwole|94/100
|move|p1a: Pheromosa|Triple Axel|p2a: Buzzwole|[miss]
|-miss|p1a: Pheromosa|p2a: Buzzwole
|
|-weather|Sandstorm|[upkeep]
|-damage|p1a: Pheromosa|27/100|[from] Sandstorm
|-damage|p2a: Buzzwole|87/100|[from] Sandstorm
|upkeep
|turn|25
|
|t:|1606606855
|move|p1a: Pheromosa|Close Combat|p2a: Buzzwole
|-resisted|p2a: Buzzwole
|-damage|p2a: Buzzwole|64/100
|-unboost|p1a: Pheromosa|def|1
|-unboost|p1a: Pheromosa|spd|1
|-damage|p1a: Pheromosa|17/100|[from] item: Life Orb
|move|p2a: Buzzwole|Drain Punch|p1a: Pheromosa
|-resisted|p1a: Pheromosa
|-damage|p1a: Pheromosa|0 fnt
|-heal|p2a: Buzzwole|70/100|[from] drain|[of] p1a: Pheromosa
|faint|p1a: Pheromosa
|-ability|p2a: Buzzwole|Beast Boost|boost
|-boost|p2a: Buzzwole|def|1
|
|-weather|Sandstorm|[upkeep]
|-damage|p2a: Buzzwole|63/100|[from] Sandstorm
|upkeep
|
|t:|1606606865
|switch|p1a: Kartana|Kartana|100/100
|-damage|p1a: Kartana|94/100|[from] Stealth Rock
|turn|26
|
|t:|1606606871
|move|p1a: Kartana|Smart Strike|p2a: Buzzwole
|-damage|p2a: Buzzwole|40/100
|move|p2a: Buzzwole|Drain Punch|p1a: Kartana
|-supereffective|p1a: Kartana
|-damage|p1a: Kartana|16/100
|-heal|p2a: Buzzwole|65/100|[from] drain|[of] p1a: Kartana
|
|-weather|none
|upkeep
|turn|27
|
|t:|1606606881
|move|p1a: Kartana|Smart Strike|p2a: Buzzwole
|-damage|p2a: Buzzwole|40/100
|move|p2a: Buzzwole|Drain Punch|p1a: Kartana
|-supereffective|p1a: Kartana
|-damage|p1a: Kartana|0 fnt
|-heal|p2a: Buzzwole|45/100|[from] drain|[of] p1a: Kartana
|faint|p1a: Kartana
|
|win|SuperTheoryBros
|l|☆Natiakane
|raw|Natiakane's rating: 1736 &rarr; <strong>1715</strong><br />(-21 for losing)
|raw|SuperTheoryBros's rating: 1710 &rarr; <strong>1732</strong><br />(+22 for winning)
