|html|<div class="broadcast-blue"><strong>[Gen 8] OU is currently suspecting Melmetal! For information on how to participate check out the <a href="https://www.smogon.com/forums/threads/np-ss-ou-suspect-process-round-12-monster-mash.3709234/">suspect thread</a>.</strong></div>
|j|☆OUTD FENDINI
|j|☆cump4
|t:|1666297367
|gametype|singles
|player|p1|OUTD FENDINI|ethan-masters|1648
|player|p2|cump4|schoolkid-gen4|1704
|teamsize|p1|6
|teamsize|p2|6
|gen|8
|tier|[Gen 8] OU
|rated|
|rule|Sleep Clause Mod: Limit one foe put to sleep
|rule|Species Clause: Limit one of each Pokémon
|rule|OHKO Clause: OHKO moves are banned
|rule|Evasion Items Clause: Evasion items are banned
|rule|Evasion Moves Clause: Evasion moves are banned
|rule|Endless Battle Clause: Forcing endless battles is banned
|rule|HP Percentage Mod: HP is shown in percentages
|rule|Dynamax Clause: You cannot dynamax
|clearpoke
|poke|p1|Rillaboom, F|
|poke|p1|Tornadus-Therian, M|
|poke|p1|Blaziken, F|
|poke|p1|Melmetal|
|poke|p1|Garchomp, M|
|poke|p1|Slowbro, M|
|poke|p2|Druddigon, M|
|poke|p2|Zapdos|
|poke|p2|Mamoswine, M|
|poke|p2|Togekiss, F|
|poke|p2|Hydreigon, F|
|poke|p2|Jirachi|
|teampreview
|c|☆cump4|hf
|inactive|Battle timer is ON: inactive players will automatically lose when time's up. (requested by OUTD FENDINI)
|inactive|OUTD FENDINI has 120 seconds left.
|
|t:|1666297404
|start
|switch|p1a: Garchomp|Garchomp, M|100/100
|switch|p2a: Druddigon|Druddigon, M|100/100
|-ability|p2a: Druddigon|Mold Breaker
|turn|1
|j| mie and you
|l| mie and you
|inactive|cump4 has 120 seconds left.
|
|t:|1666297463
|move|p1a: Garchomp|Stealth Rock|p2a: Druddigon
|-sidestart|p2: cump4|move: Stealth Rock
|move|p2a: Druddigon|Glare|p1a: Garchomp
|-status|p1a: Garchomp|par
|
|upkeep
|turn|2
|
|t:|1666297469
|move|p2a: Druddigon|Stealth Rock|p1a: Garchomp
|-sidestart|p1: OUTD FENDINI|move: Stealth Rock
|move|p1a: Garchomp|Earthquake|p2a: Druddigon
|-damage|p2a: Druddigon|53/100
|
|upkeep
|turn|3
|
|t:|1666297472
|move|p2a: Druddigon|Taunt|p1a: Garchomp
|-start|p1a: Garchomp|move: Taunt
|move|p1a: Garchomp|Earthquake|p2a: Druddigon
|-damage|p2a: Druddigon|9/100
|
|upkeep
|turn|4
|
|t:|1666297478
|move|p2a: Druddigon|Glare|p1a: Garchomp
|-fail|p1a: Garchomp|par
|cant|p1a: Garchomp|par
|
|upkeep
|turn|5
|
|t:|1666297482
|switch|p2a: Togekiss|Togekiss, F|100/100
|-damage|p2a: Togekiss|76/100|[from] Stealth Rock
|move|p1a: Garchomp|Earthquake|p2a: Togekiss
|-immune|p2a: Togekiss
|
|-heal|p2a: Togekiss|82/100|[from] item: Leftovers
|-end|p1a: Garchomp|move: Taunt
|upkeep
|turn|6
|
|t:|1666297487
|switch|p1a: Melmetal|Melmetal|100/100
|-damage|p1a: Melmetal|94/100|[from] Stealth Rock
|move|p2a: Togekiss|Thunder Wave|p1a: Melmetal|[miss]
|-miss|p2a: Togekiss|p1a: Melmetal
|
|-heal|p2a: Togekiss|88/100|[from] item: Leftovers
|-heal|p1a: Melmetal|100/100|[from] item: Leftovers
|upkeep
|turn|7
|
|t:|1666297492
|switch|p2a: Zapdos|Zapdos|100/100
|switch|p1a: Garchomp|Garchomp, M|100/100 par
|-damage|p1a: Garchomp|94/100 par|[from] Stealth Rock
|
|-heal|p1a: Garchomp|100/100 par|[from] item: Leftovers
|upkeep
|turn|8
|
|t:|1666297496
|switch|p2a: Jirachi|Jirachi|100/100
|-damage|p2a: Jirachi|94/100|[from] Stealth Rock
|cant|p1a: Garchomp|par
|
|upkeep
|turn|9
|
|t:|1666297503
|switch|p1a: Slowbro|Slowbro, M|100/100
|-damage|p1a: Slowbro|88/100|[from] Stealth Rock
|move|p2a: Jirachi|Iron Head|p1a: Slowbro
|-resisted|p1a: Slowbro
|-damage|p1a: Slowbro|77/100
|-damage|p2a: Jirachi|78/100|[from] item: Rocky Helmet|[of] p1a: Slowbro
|
|upkeep
|turn|10
|
|t:|1666297507
|switch|p2a: Togekiss|Togekiss, F|88/100
|-damage|p2a: Togekiss|63/100|[from] Stealth Rock
|move|p1a: Slowbro|Toxic|p2a: Togekiss|[miss]
|-miss|p1a: Slowbro|p2a: Togekiss
|
|-heal|p2a: Togekiss|69/100|[from] item: Leftovers
|upkeep
|turn|11
|
|t:|1666297515
|move|p2a: Togekiss|Thunder Wave|p1a: Slowbro
|-status|p1a: Slowbro|par
|cant|p1a: Slowbro|par
|
|-heal|p2a: Togekiss|75/100|[from] item: Leftovers
|upkeep
|turn|12
|
|t:|1666297520
|switch|p1a: Melmetal|Melmetal|100/100
|-damage|p1a: Melmetal|94/100|[from] Stealth Rock
|move|p2a: Togekiss|Substitute|p2a: Togekiss
|-start|p2a: Togekiss|Substitute
|-damage|p2a: Togekiss|51/100
|
|-heal|p2a: Togekiss|57/100|[from] item: Leftovers
|-heal|p1a: Melmetal|100/100|[from] item: Leftovers
|upkeep
|turn|13
|
|t:|1666297526
|switch|p2a: Zapdos|Zapdos|100/100
|switch|p1a: Garchomp|Garchomp, M|100/100 par
|-damage|p1a: Garchomp|94/100 par|[from] Stealth Rock
|
|-heal|p1a: Garchomp|100/100 par|[from] item: Leftovers
|upkeep
|turn|14
|
|t:|1666297536
|move|p2a: Zapdos|Hurricane|p1a: Garchomp
|-damage|p1a: Garchomp|71/100 par
|-start|p1a: Garchomp|confusion
|-activate|p1a: Garchomp|confusion
|move|p1a: Garchomp|Toxic|p2a: Zapdos
|-status|p2a: Zapdos|tox
|
|-heal|p1a: Garchomp|77/100 par|[from] item: Leftovers
|-damage|p2a: Zapdos|94/100 tox|[from] psn
|upkeep
|turn|15
|
|t:|1666297542
|switch|p2a: Mamoswine|Mamoswine, M|100/100
|-damage|p2a: Mamoswine|88/100|[from] Stealth Rock
|switch|p1a: Tornadus|Tornadus-Therian, M|100/100
|
|upkeep
|turn|16
|
|t:|1666297545
|move|p1a: Tornadus|U-turn|p2a: Mamoswine
|-crit|p2a: Mamoswine
|-damage|p2a: Mamoswine|65/100
|
|t:|1666297546
|switch|p1a: Slowbro|Slowbro, M|100/100 par|[from]move: U-turn
|-damage|p1a: Slowbro|88/100 par|[from] Stealth Rock
|move|p2a: Mamoswine|Icicle Crash|p1a: Slowbro
|-resisted|p1a: Slowbro
|-damage|p1a: Slowbro|70/100 par
|
|upkeep
|turn|17
|
|t:|1666297550
|move|p2a: Mamoswine|Icicle Crash|p1a: Slowbro
|-resisted|p1a: Slowbro
|-damage|p1a: Slowbro|53/100 par
|cant|p1a: Slowbro|par
|
|upkeep
|turn|18
|
|t:|1666297558
|switch|p1a: Tornadus|Tornadus-Therian, M|100/100
|move|p2a: Mamoswine|Earthquake|p1a: Tornadus
|-immune|p1a: Tornadus
|
|upkeep
|turn|19
|
|t:|1666297560
|move|p1a: Tornadus|U-turn|p2a: Mamoswine
|-damage|p2a: Mamoswine|50/100
|
|t:|1666297562
|switch|p1a: Slowbro|Slowbro, M|87/100 par|[from]move: U-turn
|-damage|p1a: Slowbro|74/100 par|[from] Stealth Rock
|move|p2a: Mamoswine|Icicle Crash|p1a: Slowbro
|-resisted|p1a: Slowbro
|-damage|p1a: Slowbro|56/100 par
|
|upkeep
|turn|20
|
|t:|1666297563
|move|p2a: Mamoswine|Icicle Crash|p1a: Slowbro
|-resisted|p1a: Slowbro
|-damage|p1a: Slowbro|40/100 par
|move|p1a: Slowbro|Scald|p2a: Mamoswine
|-supereffective|p2a: Mamoswine
|-damage|p2a: Mamoswine|0 fnt
|faint|p2a: Mamoswine
|
|upkeep
|
|t:|1666297566
|switch|p2a: Hydreigon|Hydreigon, F|100/100
|-damage|p2a: Hydreigon|88/100|[from] Stealth Rock
|turn|21
|
|t:|1666297573
|switch|p1a: Tornadus|Tornadus-Therian, M|100/100
|move|p2a: Hydreigon|Substitute|p2a: Hydreigon
|-start|p2a: Hydreigon|Substitute
|-damage|p2a: Hydreigon|63/100
|
|-heal|p2a: Hydreigon|69/100|[from] item: Leftovers
|upkeep
|turn|22
|
|t:|1666297575
|move|p1a: Tornadus|U-turn|p2a: Hydreigon
|-supereffective|p2a: Hydreigon
|-end|p2a: Hydreigon|Substitute
|
|t:|1666297577
|switch|p1a: Blaziken|Blaziken, F|100/100|[from]move: U-turn
|-damage|p1a: Blaziken|88/100|[from] Stealth Rock
|move|p2a: Hydreigon|Nasty Plot|p2a: Hydreigon
|-boost|p2a: Hydreigon|spa|2
|
|-heal|p2a: Hydreigon|76/100|[from] item: Leftovers
|-heal|p1a: Blaziken|94/100|[from] item: Leftovers
|upkeep
|turn|23
|
|t:|1666297585
|move|p2a: Hydreigon|Earth Power|p1a: Blaziken
|-supereffective|p1a: Blaziken
|-damage|p1a: Blaziken|0 fnt
|faint|p1a: Blaziken
|
|-heal|p2a: Hydreigon|82/100|[from] item: Leftovers
|upkeep
|
|t:|1666297587
|switch|p1a: Tornadus|Tornadus-Therian, M|100/100
|turn|24
|
|t:|1666297592
|move|p1a: Tornadus|Knock Off|p2a: Hydreigon
|-resisted|p2a: Hydreigon
|-damage|p2a: Hydreigon|71/100
|-enditem|p2a: Hydreigon|Leftovers|[from] move: Knock Off|[of] p1a: Tornadus
|move|p2a: Hydreigon|Substitute|p2a: Hydreigon
|-start|p2a: Hydreigon|Substitute
|-damage|p2a: Hydreigon|46/100
|
|upkeep
|turn|25
|
|t:|1666297597
|move|p1a: Tornadus|U-turn|p2a: Hydreigon
|-supereffective|p2a: Hydreigon
|-end|p2a: Hydreigon|Substitute
|
|t:|1666297607
|switch|p1a: Garchomp|Garchomp, M|77/100 par|[from]move: U-turn
|-damage|p1a: Garchomp|71/100 par|[from] Stealth Rock
|move|p2a: Hydreigon|Dark Pulse|p1a: Garchomp
|-damage|p1a: Garchomp|20/100 par
|
|-heal|p1a: Garchomp|26/100 par|[from] item: Leftovers
|upkeep
|turn|26
|
|t:|1666297611
|switch|p1a: Tornadus|Tornadus-Therian, M|100/100
|move|p2a: Hydreigon|Substitute|p2a: Hydreigon
|-start|p2a: Hydreigon|Substitute
|-damage|p2a: Hydreigon|21/100
|
|upkeep
|turn|27
|
|t:|1666297613
|move|p1a: Tornadus|U-turn|p2a: Hydreigon
|-supereffective|p2a: Hydreigon
|-end|p2a: Hydreigon|Substitute
|
|t:|1666297615
|switch|p1a: Garchomp|Garchomp, M|26/100 par|[from]move: U-turn
|-damage|p1a: Garchomp|20/100 par|[from] Stealth Rock
|move|p2a: Hydreigon|Dark Pulse|p1a: Garchomp
|-crit|p1a: Garchomp
|-damage|p1a: Garchomp|0 fnt
|faint|p1a: Garchomp
|
|upkeep
|
|t:|1666297616
|switch|p1a: Tornadus|Tornadus-Therian, M|100/100
|turn|28
|
|t:|1666297618
|switch|p2a: Zapdos|Zapdos|94/100 tox
|move|p1a: Tornadus|U-turn|p2a: Zapdos
|-resisted|p2a: Zapdos
|-damage|p2a: Zapdos|88/100 tox
|
|t:|1666297625
|switch|p1a: Rillaboom|Rillaboom, F|100/100|[from]move: U-turn
|-damage|p1a: Rillaboom|88/100|[from] Stealth Rock
|-fieldstart|move: Grassy Terrain|[from] ability: Grassy Surge|[of] p1a: Rillaboom
|
|-heal|p1a: Rillaboom|94/100|[from] Grassy Terrain
|-heal|p1a: Rillaboom|100/100|[from] item: Leftovers
|-damage|p2a: Zapdos|82/100 tox|[from] psn
|upkeep
|turn|29
|
|t:|1666297629
|switch|p1a: Melmetal|Melmetal|100/100
|-damage|p1a: Melmetal|94/100|[from] Stealth Rock
|move|p2a: Zapdos|Discharge|p1a: Melmetal
|-damage|p1a: Melmetal|66/100
|
|-heal|p1a: Melmetal|72/100|[from] Grassy Terrain
|-heal|p1a: Melmetal|79/100|[from] item: Leftovers
|-damage|p2a: Zapdos|70/100 tox|[from] psn
|upkeep
|turn|30
|
|t:|1666297638
|move|p2a: Zapdos|Discharge|p1a: Melmetal
|-damage|p1a: Melmetal|50/100
|move|p1a: Melmetal|Thunder Punch|p2a: Zapdos
|-damage|p2a: Zapdos|41/100 tox
|
|-heal|p1a: Melmetal|57/100|[from] Grassy Terrain
|-heal|p1a: Melmetal|63/100|[from] item: Leftovers
|-damage|p2a: Zapdos|23/100 tox|[from] psn
|upkeep
|turn|31
|
|t:|1666297646
|switch|p2a: Druddigon|Druddigon, M|9/100
|-damage|p2a: Druddigon|0 fnt|[from] Stealth Rock
|faint|p2a: Druddigon
|move|p1a: Melmetal|Protect||[still]
|-fail|p1a: Melmetal
|
|-heal|p1a: Melmetal|69/100|[from] Grassy Terrain
|-heal|p1a: Melmetal|75/100|[from] item: Leftovers
|upkeep
|
|t:|1666297654
|switch|p2a: Togekiss|Togekiss, F|57/100
|-damage|p2a: Togekiss|32/100|[from] Stealth Rock
|turn|32
|j| Jongruenwald
|
|t:|1666297658
|move|p2a: Togekiss|Thunder Wave|p1a: Melmetal
|-status|p1a: Melmetal|par
|cant|p1a: Melmetal|par
|
|-heal|p2a: Togekiss|38/100|[from] item: Leftovers
|-heal|p1a: Melmetal|82/100 par|[from] Grassy Terrain
|-heal|p1a: Melmetal|88/100 par|[from] item: Leftovers
|-fieldend|move: Grassy Terrain
|upkeep
|turn|33
|
|t:|1666297660
|move|p2a: Togekiss|Air Slash|p1a: Melmetal
|-resisted|p1a: Melmetal
|-damage|p1a: Melmetal|70/100 par
|cant|p1a: Melmetal|par
|
|-heal|p2a: Togekiss|44/100|[from] item: Leftovers
|-heal|p1a: Melmetal|77/100 par|[from] item: Leftovers
|upkeep
|turn|34
|
|t:|1666297663
|move|p2a: Togekiss|Air Slash|p1a: Melmetal
|-resisted|p1a: Melmetal
|-damage|p1a: Melmetal|59/100 par
|cant|p1a: Melmetal|flinch
|
|-heal|p2a: Togekiss|50/100|[from] item: Leftovers
|-heal|p1a: Melmetal|66/100 par|[from] item: Leftovers
|upkeep
|turn|35
|
|t:|1666297665
|move|p2a: Togekiss|Air Slash|p1a: Melmetal
|-resisted|p1a: Melmetal
|-damage|p1a: Melmetal|50/100 par
|cant|p1a: Melmetal|flinch
|
|-heal|p2a: Togekiss|56/100|[from] item: Leftovers
|-heal|p1a: Melmetal|57/100 par|[from] item: Leftovers
|upkeep
|turn|36
|
|t:|1666297670
|move|p2a: Togekiss|Air Slash|p1a: Melmetal
|-resisted|p1a: Melmetal
|-damage|p1a: Melmetal|41/100 par
|cant|p1a: Melmetal|flinch
|
|-heal|p2a: Togekiss|63/100|[from] item: Leftovers
|-heal|p1a: Melmetal|47/100 par|[from] item: Leftovers
|upkeep
|turn|37
|
|t:|1666297672
|move|p2a: Togekiss|Air Slash|p1a: Melmetal|[miss]
|-miss|p2a: Togekiss|p1a: Melmetal
|move|p1a: Melmetal|Double Iron Bash|p2a: Togekiss
|-supereffective|p2a: Togekiss
|-damage|p2a: Togekiss|0 fnt
|faint|p2a: Togekiss
|-hitcount|p2: Togekiss|1
|
|-heal|p1a: Melmetal|53/100 par|[from] item: Leftovers
|upkeep
|
|t:|1666297685
|switch|p2a: Hydreigon|Hydreigon, F|21/100
|-damage|p2a: Hydreigon|9/100|[from] Stealth Rock
|turn|38
|
|t:|1666297692
|move|p2a: Hydreigon|Dark Pulse|p1a: Melmetal
|-damage|p1a: Melmetal|17/100 par
|move|p1a: Melmetal|Double Iron Bash|p2a: Hydreigon
|-damage|p2a: Hydreigon|0 fnt
|faint|p2a: Hydreigon
|-hitcount|p2: Hydreigon|1
|
|-heal|p1a: Melmetal|23/100 par|[from] item: Leftovers
|upkeep
|
|t:|1666297697
|switch|p2a: Jirachi|Jirachi|78/100
|-damage|p2a: Jirachi|72/100|[from] Stealth Rock
|turn|39
|
|t:|1666297699
|switch|p1a: Slowbro|Slowbro, M|73/100 par
|-damage|p1a: Slowbro|60/100 par|[from] Stealth Rock
|move|p2a: Jirachi|Healing Wish|p2a: Jirachi
|faint|p2a: Jirachi
|
|upkeep
|
|t:|1666297701
|switch|p2a: Zapdos|Zapdos|23/100 tox
|-heal|p2a: Zapdos|100/100|[from] move: Healing Wish
|turn|40
|
|t:|1666297710
|switch|p1a: Melmetal|Melmetal|23/100 par
|-damage|p1a: Melmetal|17/100 par|[from] Stealth Rock
|move|p2a: Zapdos|Discharge|p1a: Melmetal
|-damage|p1a: Melmetal|0 fnt
|faint|p1a: Melmetal
|
|upkeep
|
|t:|1666297711
|switch|p1a: Slowbro|Slowbro, M|94/100 par
|-damage|p1a: Slowbro|81/100 par|[from] Stealth Rock
|turn|41
|
|t:|1666297712
|move|p2a: Zapdos|Discharge|p1a: Slowbro
|-supereffective|p1a: Slowbro
|-damage|p1a: Slowbro|14/100 par
|move|p1a: Slowbro|Toxic|p2a: Zapdos
|-status|p2a: Zapdos|tox
|
|-damage|p2a: Zapdos|94/100 tox|[from] psn
|upkeep
|turn|42
|
|t:|1666297730
|move|p2a: Zapdos|Hurricane|p1a: Slowbro|[miss]
|-miss|p2a: Zapdos|p1a: Slowbro
|move|p1a: Slowbro|Scald|p2a: Zapdos
|-damage|p2a: Zapdos|67/100 tox
|
|-damage|p2a: Zapdos|55/100 tox|[from] psn
|upkeep
|turn|43
|
|t:|1666297734
|move|p2a: Zapdos|Discharge|p1a: Slowbro
|-supereffective|p1a: Slowbro
|-damage|p1a: Slowbro|0 fnt
|faint|p1a: Slowbro
|
|-damage|p2a: Zapdos|36/100 tox|[from] psn
|upkeep
|
|t:|1666297742
|switch|p1a: Rillaboom|Rillaboom, F|100/100
|-damage|p1a: Rillaboom|88/100|[from] Stealth Rock
|-fieldstart|move: Grassy Terrain|[from] ability: Grassy Surge|[of] p1a: Rillaboom
|turn|44
|
|t:|1666297745
|move|p1a: Rillaboom|Grassy Glide|p2a: Zapdos
|-resisted|p2a: Zapdos
|-damage|p2a: Zapdos|16/100 tox
|-status|p1a: Rillaboom|par|[from] ability: Static|[of] p2a: Zapdos
|move|p2a: Zapdos|Roost|p2a: Zapdos
|-heal|p2a: Zapdos|66/100 tox
|-singleturn|p2a: Zapdos|move: Roost
|
|-heal|p2a: Zapdos|72/100 tox|[from] Grassy Terrain
|-heal|p1a: Rillaboom|94/100 par|[from] Grassy Terrain
|-heal|p1a: Rillaboom|100/100 par|[from] item: Leftovers
|-damage|p2a: Zapdos|47/100 tox|[from] psn
|upkeep
|turn|45
|
|t:|1666297751
|move|p2a: Zapdos|Hurricane|p1a: Rillaboom
|-supereffective|p1a: Rillaboom
|-damage|p1a: Rillaboom|0 fnt
|faint|p1a: Rillaboom
|
|-damage|p2a: Zapdos|16/100 tox|[from] psn
|upkeep
|
|t:|1666297754
|switch|p1a: Tornadus|Tornadus-Therian, M|100/100
|turn|46
|
|t:|1666297755
|move|p1a: Tornadus|Heat Wave|p2a: Zapdos
|-damage|p2a: Zapdos|0 fnt
|faint|p2a: Zapdos
|
|win|OUTD FENDINI
|raw|OUTD FENDINI's rating: 1648 &rarr; <strong>1672</strong><br />(+24 for winning)
|raw|cump4's rating: 1716 &rarr; <strong>1692</strong><br />(-24 for losing)
|c|☆cump4|gg
|l|☆cump4
|c|☆OUTD FENDINI|gg
