|raw|<div class="broadcast-blue"><strong>This battle is required to be public due to a player having a name starting with 'lt91bb'.</div>
|j|☆antarctozolt
|j|☆LT91BB Raizen
|t:|1658930102
|gametype|singles
|player|p1|antarctozolt|skier|1908
|player|p2|LT91BB Raizen|#raizen1704|1880
|teamsize|p1|6
|teamsize|p2|6
|gen|8
|tier|[Gen 8] OU
|rated|
|rule|Sleep Clause Mod: Limit one foe put to sleep
|rule|Species Clause: Limit one of each Pokémon
|rule|OHKO Clause: OHKO moves are banned
|rule|Evasion Moves Clause: Evasion moves are banned
|rule|Endless Battle Clause: Forcing endless battles is banned
|rule|HP Percentage Mod: HP is shown in percentages
|rule|Dynamax Clause: You cannot dynamax
|clearpoke
|poke|p1|Barraskewda, F|
|poke|p1|Ferrothorn, M|
|poke|p1|Pelipper, M|
|poke|p1|Thundurus-Therian, M|
|poke|p1|Landorus-Therian, M|
|poke|p1|Crawdaunt, F|
|poke|p2|Dragapult, M|
|poke|p2|Zapdos|
|poke|p2|Urshifu-*, M|
|poke|p2|Tapu Lele|
|poke|p2|Landorus-Therian, M|
|poke|p2|Melmetal|
|teampreview
|inactive|Battle timer is ON: inactive players will automatically lose when time's up. (requested by LT91BB Raizen)
|j| LT91BB Sensory
|j| Lolasope
|j| DrasticLightning
|
|t:|1658930124
|start
|switch|p1a: Pelipper|Pelipper, M, shiny|100/100
|switch|p2a: Zapdos|Zapdos, shiny|100/100
|-weather|RainDance|[from] ability: Drizzle|[of] p1a: Pelipper
|turn|1
|j| Ernstbusch
|
|t:|1658930135
|move|p2a: Zapdos|Hurricane|p1a: Pelipper
|-damage|p1a: Pelipper|37/100
|-start|p1a: Pelipper|confusion
|-activate|p1a: Pelipper|confusion
|move|p1a: Pelipper|U-turn|p2a: Zapdos
|-resisted|p2a: Zapdos
|-damage|p2a: Zapdos|95/100
|
|t:|1658930139
|switch|p1a: Thundurus|Thundurus-Therian, M, shiny|100/100|[from]move: U-turn
|
|-weather|RainDance|[upkeep]
|upkeep
|turn|2
|
|t:|1658930144
|switch|p2a: Dragapult|Dragapult, M, shiny|100/100
|move|p1a: Thundurus|Weather Ball|p2a: Dragapult
|-resisted|p2a: Dragapult
|-damage|p2a: Dragapult|64/100
|
|-weather|RainDance|[upkeep]
|upkeep
|turn|3
|
|t:|1658930149
|switch|p1a: Landorus|Landorus-Therian, M, shiny|100/100
|-ability|p1a: Landorus|Intimidate|boost
|-unboost|p2a: Dragapult|atk|1
|move|p2a: Dragapult|Shadow Ball|p1a: Landorus
|-damage|p1a: Landorus|61/100
|
|-weather|RainDance|[upkeep]
|-heal|p1a: Landorus|67/100|[from] item: Leftovers
|upkeep
|turn|4
|j| The Pepega Player
|
|t:|1658930153
|move|p2a: Dragapult|Shadow Ball|p1a: Landorus
|-damage|p1a: Landorus|24/100
|move|p1a: Landorus|U-turn|p2a: Dragapult
|-resisted|p2a: Dragapult
|-damage|p2a: Dragapult|50/100
|
|t:|1658930155
|switch|p1a: Barraskewda|Barraskewda, F, shiny|100/100|[from]move: U-turn
|
|-weather|RainDance|[upkeep]
|upkeep
|turn|5
|j| Curryisnotgood
|j| arbok13
|j| Separation
|j|+berry
|j| Jaajgko
|j| LT91BB xray
|j| mars and back
|j| bobertSmalls1
|j| 7aminTenerife
|j| crosschampion
|j| LT91BB yama
|j| Ekzykes
|j| reje
|j| iKiQ ㋛
|
|t:|1658930168
|switch|p2a: Melmetal|Melmetal, shiny|100/100
|move|p1a: Barraskewda|Liquidation|p2a: Melmetal
|-damage|p2a: Melmetal|35/100
|-unboost|p2a: Melmetal|def|1
|
|-weather|RainDance|[upkeep]
|-heal|p2a: Melmetal|41/100|[from] item: Leftovers
|upkeep
|turn|6
|j| chiharu haru
|
|t:|1658930171
|move|p2a: Melmetal|Protect|p2a: Melmetal
|-singleturn|p2a: Melmetal|Protect
|move|p1a: Barraskewda|Liquidation|p2a: Melmetal
|-activate|p2a: Melmetal|move: Protect
|
|-weather|RainDance|[upkeep]
|-heal|p2a: Melmetal|47/100|[from] item: Leftovers
|upkeep
|turn|7
|
|t:|1658930174
|move|p1a: Barraskewda|Liquidation|p2a: Melmetal
|-damage|p2a: Melmetal|0 fnt
|faint|p2a: Melmetal
|
|-weather|RainDance|[upkeep]
|upkeep
|
|t:|1658930175
|switch|p2a: Urshifu|Urshifu-Rapid-Strike, M|100/100
|turn|8
|j| LT91BB magmafires
|j| wish killer
|j|%Mihowk
|j| CALL THE CREW
|
|t:|1658930180
|switch|p1a: Thundurus|Thundurus-Therian, M, shiny|100/100
|move|p2a: Urshifu|Close Combat|p1a: Thundurus
|-resisted|p1a: Thundurus
|-damage|p1a: Thundurus|22/100
|-unboost|p2a: Urshifu|def|1
|-unboost|p2a: Urshifu|spd|1
|
|-weather|none
|upkeep
|turn|9
|j| OLT Farmer
|j| CallMePrimal
|j| LT91BB Amir
|j| Zirpurze
|
|t:|1658930187
|switch|p1a: Pelipper|Pelipper, M, shiny|37/100
|-weather|RainDance|[from] ability: Drizzle|[of] p1a: Pelipper
|switch|p2a: Landorus|Landorus-Therian, M, shiny|100/100
|-ability|p2a: Landorus|Intimidate|boost
|-unboost|p1a: Pelipper|atk|1
|
|-weather|RainDance|[upkeep]
|upkeep
|turn|10
|j| Fluore@!
|j| LT91BB Daruma
|
|t:|1658930192
|switch|p1a: Landorus|Landorus-Therian, M, shiny|24/100
|-ability|p1a: Landorus|Intimidate|boost
|-unboost|p2a: Landorus|atk|1
|move|p2a: Landorus|Stealth Rock|p1a: Landorus
|-sidestart|p1: antarctozolt|move: Stealth Rock
|
|-weather|RainDance|[upkeep]
|-heal|p1a: Landorus|30/100|[from] item: Leftovers
|upkeep
|turn|11
|j| LT91BB Akany
|
|t:|1658930195
|move|p2a: Landorus|Knock Off|p1a: Landorus
|-damage|p1a: Landorus|6/100
|-enditem|p1a: Landorus|Leftovers|[from] move: Knock Off|[of] p2a: Landorus
|move|p1a: Landorus|Defog|p2a: Landorus
|-unboost|p2a: Landorus|evasion|1
|-sideend|p1: antarctozolt|Stealth Rock|[from] move: Defog|[of] p1a: Landorus
|
|-weather|RainDance|[upkeep]
|upkeep
|turn|12
|
|t:|1658930198
|switch|p1a: Barraskewda|Barraskewda, F, shiny|100/100
|move|p2a: Landorus|Stealth Rock|p1a: Barraskewda
|-sidestart|p1: antarctozolt|move: Stealth Rock
|
|-weather|RainDance|[upkeep]
|upkeep
|turn|13
|
|t:|1658930201
|move|p1a: Barraskewda|Liquidation|p2a: Landorus
|-supereffective|p2a: Landorus
|-damage|p2a: Landorus|0 fnt
|faint|p2a: Landorus
|
|-weather|RainDance|[upkeep]
|upkeep
|
|t:|1658930204
|switch|p2a: Urshifu|Urshifu-Rapid-Strike, M|100/100
|turn|14
|
|t:|1658930208
|switch|p1a: Landorus|Landorus-Therian, M, shiny|6/100
|-damage|p1a: Landorus|0 fnt|[from] Stealth Rock
|faint|p1a: Landorus
|move|p2a: Urshifu|Close Combat|p1: Landorus|[notarget]
|-fail|p2a: Urshifu
|
|-weather|RainDance|[upkeep]
|upkeep
|
|t:|1658930210
|switch|p1a: Thundurus|Thundurus-Therian, M, shiny|22/100
|turn|15
|j| LT91BB Mimi
|j| RNN YasuKe
|
|t:|1658930215
|switch|p2a: Tapu Lele|Tapu Lele, shiny|100/100
|-fieldstart|move: Psychic Terrain|[from] ability: Psychic Surge|[of] p2a: Tapu Lele
|move|p1a: Thundurus|Volt Switch|p2a: Tapu Lele
|-damage|p2a: Tapu Lele|55/100
|
|t:|1658930217
|switch|p1a: Barraskewda|Barraskewda, F, shiny|100/100|[from]move: Volt Switch
|-damage|p1a: Barraskewda|88/100|[from] Stealth Rock
|
|-weather|RainDance|[upkeep]
|upkeep
|turn|16
|l| Curryisnotgood
|
|t:|1658930224
|switch|p2a: Urshifu|Urshifu-Rapid-Strike, M|100/100
|move|p1a: Barraskewda|Flip Turn|p2a: Urshifu
|-resisted|p2a: Urshifu
|-damage|p2a: Urshifu|63/100
|
|t:|1658930228
|switch|p1a: Thundurus|Thundurus-Therian, M, shiny|22/100|[from]move: Flip Turn
|
|-weather|none
|upkeep
|turn|17
|
|t:|1658930229
|switch|p1a: Ferrothorn|Ferrothorn, M, shiny|100/100
|-damage|p1a: Ferrothorn|94/100|[from] Stealth Rock
|move|p2a: Urshifu|Close Combat|p1a: Ferrothorn
|-supereffective|p1a: Ferrothorn
|-damage|p1a: Ferrothorn|0 fnt
|-unboost|p2a: Urshifu|def|1
|-unboost|p2a: Urshifu|spd|1
|-damage|p2a: Urshifu|50/100|[from] ability: Iron Barbs|[of] p1a: Ferrothorn
|faint|p1a: Ferrothorn
|
|upkeep
|
|t:|1658930232
|switch|p1a: Thundurus|Thundurus-Therian, M, shiny|22/100
|turn|18
|j| vkhss
|j| LT91BB ong
|
|t:|1658930243
|switch|p2a: Zapdos|Zapdos, shiny|95/100
|move|p1a: Thundurus|Volt Switch|p2a: Zapdos
|-damage|p2a: Zapdos|50/100
|j| LT91BB Tace
|j| Dr. Mirbro
|
|t:|1658930247
|switch|p1a: Barraskewda|Barraskewda, F, shiny|88/100|[from]move: Volt Switch
|-damage|p1a: Barraskewda|76/100|[from] Stealth Rock
|
|upkeep
|turn|19
|
|t:|1658930250
|move|p1a: Barraskewda|Liquidation|p2a: Zapdos
|-damage|p2a: Zapdos|0 fnt
|faint|p2a: Zapdos
|
|-fieldend|move: Psychic Terrain
|upkeep
|j| LT91BB Eich
|j|+Tuthur
|j| saki X toki
|j| joeding
|c| wish killer|nooo dont lose ...
|inactive|LT91BB Raizen has 120 seconds left.
|j| ownerfloor
|j| LT91BB AlI
|j| Venositile
|l| LT91BB AlI
|
|t:|1658930296
|switch|p2a: Urshifu|Urshifu-Rapid-Strike, M|50/100
|turn|20
|c|☆antarctozolt|he has a chance
|c|☆antarctozolt|252+ Atk Choice Band Barraskewda Liquidation vs. 0 HP / 4 Def Urshifu-Rapid-Strike in Rain: 165-194 (48.3 - 56.8%) -- 89.8% chance to 2HKO
|j| Mournfinale
|c|☆antarctozolt|I didn't play agro enough
|c| LT91BB Mimi|olt hero vs ladder hero
|
|t:|1658930305
|switch|p1a: Pelipper|Pelipper, M, shiny|37/100
|-damage|p1a: Pelipper|13/100|[from] Stealth Rock
|-weather|RainDance|[from] ability: Drizzle|[of] p1a: Pelipper
|move|p2a: Urshifu|U-turn|p1a: Pelipper
|-resisted|p1a: Pelipper
|-damage|p1a: Pelipper|0 fnt
|faint|p1a: Pelipper
|j| Trainer Aggron
|j| Welli0u
|j| LT91BB Hiko
|
|t:|1658930330
|switch|p2a: Dragapult|Dragapult, M, shiny|50/100|[from]move: U-turn
|
|-weather|RainDance|[upkeep]
|upkeep
|
|t:|1658930333
|switch|p1a: Barraskewda|Barraskewda, F, shiny|76/100
|-damage|p1a: Barraskewda|64/100|[from] Stealth Rock
|turn|21
|
|t:|1658930347
|move|p1a: Barraskewda|Liquidation|p2a: Dragapult
|-resisted|p2a: Dragapult
|-damage|p2a: Dragapult|0 fnt
|faint|p2a: Dragapult
|
|-weather|RainDance|[upkeep]
|upkeep
|j| LT91BB X-Wing
|j| LT91BB oakdeon
|j| LT91BB PA
|j| LT91BB gostop
|
|t:|1658930362
|switch|p2a: Urshifu|Urshifu-Rapid-Strike, M|50/100
|turn|22
|j| jhehehehe
|j| Elite4Donovan
|inactive|LT91BB Raizen has 90 seconds left.
|
|t:|1658930383
|switch|p1a: Crawdaunt|Crawdaunt, F, shiny|100/100
|-damage|p1a: Crawdaunt|88/100|[from] Stealth Rock
|move|p2a: Urshifu|U-turn|p1a: Crawdaunt
|-supereffective|p1a: Crawdaunt
|-damage|p1a: Crawdaunt|0 fnt
|faint|p1a: Crawdaunt
|
|t:|1658930384
|switch|p2a: Tapu Lele|Tapu Lele, shiny|55/100|[from]move: U-turn
|-fieldstart|move: Psychic Terrain|[from] ability: Psychic Surge|[of] p2a: Tapu Lele
|
|-weather|RainDance|[upkeep]
|upkeep
|l| LT91BB PA
|
|t:|1658930388
|switch|p1a: Barraskewda|Barraskewda, F, shiny|64/100
|-damage|p1a: Barraskewda|52/100|[from] Stealth Rock
|turn|23
|j| AxCypher
|
|t:|1658930394
|move|p1a: Barraskewda|Liquidation|p2a: Tapu Lele
|-damage|p2a: Tapu Lele|0 fnt
|faint|p2a: Tapu Lele
|
|-weather|RainDance|[upkeep]
|upkeep
|
|t:|1658930396
|switch|p2a: Urshifu|Urshifu-Rapid-Strike, M|50/100
|turn|24
|
|t:|1658930397
|move|p1a: Barraskewda|Liquidation|p2a: Urshifu
|-resisted|p2a: Urshifu
|-damage|p2a: Urshifu|0 fnt
|faint|p2a: Urshifu
|
|win|antarctozolt
|raw|antarctozolt's rating: 1908 &rarr; <strong>1926</strong><br />(+18 for winning)
|raw|LT91BB Raizen's rating: 1880 &rarr; <strong>1862</strong><br />(-18 for losing)
|c|☆antarctozolt|gg
|c|☆LT91BB Raizen|gg
|l|☆antarctozolt
|l| The Pepega Player
|l| LT91BB Eich
|l|%Mihowk
|l| LT91BB magmafires
|l| ownerfloor
|j| Curryisnotgood
|l| Venositile
|l| Ernstbusch
|l| arbok13
|l| Zirpurze
|l| LT91BB Akany
|l| Fluore
|l| LT91BB oakdeon
|l| DrasticLightning
|c| Lolasope|G_G
|l| crosschampion
|l| LT91BB Daruma
|l| jhehehehe
|l|+berry
|l|☆LT91BB Raizen
|l| LT91BB gostop
|l| Welli0u
|j|+heroictobias
|l|+Tuthur
|l| OLT Farmer
|l| chiharu haru
|l|+heroictobias
|l| Jaajgko
|l| reje
|l| LT91BB Tace
||Ladder isn't responding, score probably updated but might not have (Request timeout).
|l| joeding
|j| dragonitenb
|j| joeding
|l| LT91BB yama
|l| vkhss
|l| Curryisnotgood
|l| LT91BB Amir
|l| joeding
|l| CALL THE CREW
|l| Lolasope
|l| Trainer Aggron
|l| CallMePrimal
|l| LT91BB Mimi
|l| dragonitenb
|l| AxCypher
|l| LT91BB Sensory
