|raw|<div class="broadcast-blue"><strong>This battle is required to be public due to a player having a name starting with 'lt93oq'.</div>
|j|☆The art of
|j|☆LT93OQ Deku
|t:|1660546889
|gametype|singles
|player|p1|The art of|hilda|1572
|player|p2|LT93OQ Deku|101|1494
|teamsize|p1|6
|teamsize|p2|6
|gen|8
|tier|[Gen 8] OU
|rated|
|rule|Sleep Clause Mod: Limit one foe put to sleep
|rule|Species Clause: Limit one of each Pokémon
|rule|OHKO Clause: OHKO moves are banned
|rule|Evasion Items Clause: Evasion items are banned
|rule|Evasion Moves Clause: Evasion moves are banned
|rule|Endless Battle Clause: Forcing endless battles is banned
|rule|HP Percentage Mod: HP is shown in percentages
|rule|Dynamax Clause: You cannot dynamax
|clearpoke
|poke|p1|Pelipper, F|
|poke|p1|Barraskewda, F|
|poke|p1|Seismitoad, M|
|poke|p1|Ferrothorn, F|
|poke|p1|Tapu Lele|
|poke|p1|Tornadus-Therian, M|
|poke|p2|Tapu Lele|
|poke|p2|Kartana|
|poke|p2|Landorus-Therian, M|
|poke|p2|Victini|
|poke|p2|Urshifu-*, M|
|poke|p2|Dragapult, F|
|teampreview
|inactive|Battle timer is ON: inactive players will automatically lose when time's up. (requested by The art of)
|
|t:|1660546902
|start
|switch|p1a: Tornadus|Tornadus-Therian, M|100/100
|switch|p2a: Dragapult|Dragapult, F|100/100
|turn|1
|
|t:|1660546907
|switch|p2a: Landorus|Landorus-Therian, M|100/100
|-ability|p2a: Landorus|Intimidate|boost
|-unboost|p1a: Tornadus|atk|1
|move|p1a: Tornadus|U-turn|p2a: Landorus
|-resisted|p2a: Landorus
|-damage|p2a: Landorus|96/100
|
|t:|1660546910
|switch|p1a: Pelipper|Pelipper, F|100/100|[from]move: U-turn
|-weather|RainDance|[from] ability: Drizzle|[of] p1a: Pelipper
|
|-weather|RainDance|[upkeep]
|-heal|p2a: Landorus|100/100|[from] item: Leftovers
|upkeep
|turn|2
|
|t:|1660546917
|move|p2a: Landorus|Knock Off|p1a: Pelipper
|-damage|p1a: Pelipper|77/100
|-enditem|p1a: Pelipper|Damp Rock|[from] move: Knock Off|[of] p2a: Landorus
|move|p1a: Pelipper|U-turn|p2a: Landorus
|-resisted|p2a: Landorus
|-damage|p2a: Landorus|96/100
|
|t:|1660546919
|switch|p1a: Seismitoad|Seismitoad, M|100/100|[from]move: U-turn
|
|-weather|RainDance|[upkeep]
|-heal|p2a: Landorus|100/100|[from] item: Leftovers
|upkeep
|turn|3
|
|t:|1660546922
|move|p1a: Seismitoad|Weather Ball|p2a: Landorus
|-supereffective|p2a: Landorus
|-damage|p2a: Landorus|0 fnt
|faint|p2a: Landorus
|
|-weather|RainDance|[upkeep]
|upkeep
|
|t:|1660546925
|switch|p2a: Kartana|Kartana|100/100
|turn|4
|
|t:|1660546928
|switch|p1a: Ferrothorn|Ferrothorn, F|100/100
|move|p2a: Kartana|Leaf Blade|p1a: Ferrothorn
|-resisted|p1a: Ferrothorn
|-damage|p1a: Ferrothorn|90/100
|-damage|p2a: Kartana|88/100|[from] ability: Iron Barbs|[of] p1a: Ferrothorn
|-enditem|p1a: Ferrothorn|Eject Button
|
|t:|1660546935
|switch|p1a: Tornadus|Tornadus-Therian, M|100/100
|
|-weather|RainDance|[upkeep]
|upkeep
|turn|5
|
|t:|1660546940
|switch|p2a: Dragapult|Dragapult, F|100/100
|move|p1a: Tornadus|Hurricane|p2a: Dragapult
|-damage|p2a: Dragapult|43/100
|
|-weather|RainDance|[upkeep]
|upkeep
|turn|6
|
|t:|1660546944
|move|p2a: Dragapult|Draco Meteor|p1a: Tornadus
|-damage|p1a: Tornadus|19/100
|-unboost|p2a: Dragapult|spa|2
|move|p1a: Tornadus|Hurricane|p2a: Dragapult
|-damage|p2a: Dragapult|0 fnt
|faint|p2a: Dragapult
|
|-weather|RainDance|[upkeep]
|upkeep
|
|t:|1660546948
|switch|p2a: Kartana|Kartana|88/100
|turn|7
|
|t:|1660546952
|switch|p1a: Ferrothorn|Ferrothorn, F|90/100
|move|p2a: Kartana|Knock Off|p1a: Ferrothorn
|-damage|p1a: Ferrothorn|72/100
|-damage|p2a: Kartana|76/100|[from] ability: Iron Barbs|[of] p1a: Ferrothorn
|
|-weather|RainDance|[upkeep]
|upkeep
|turn|8
|
|t:|1660546958
|switch|p2a: Victini|Victini|100/100
|move|p1a: Ferrothorn|Spikes|p2a: Victini
|-sidestart|p2: LT93OQ Deku|Spikes
|
|-weather|none
|upkeep
|turn|9
|
|t:|1660546964
|switch|p1a: Pelipper|Pelipper, F|77/100
|-weather|RainDance|[from] ability: Drizzle|[of] p1a: Pelipper
|move|p2a: Victini|Expanding Force|p1a: Pelipper
|-damage|p1a: Pelipper|28/100
|
|-weather|RainDance|[upkeep]
|upkeep
|turn|10
|
|t:|1660546970
|switch|p1a: Seismitoad|Seismitoad, M|100/100
|move|p2a: Victini|Expanding Force|p1a: Seismitoad
|-damage|p1a: Seismitoad|57/100
|
|-weather|RainDance|[upkeep]
|upkeep
|turn|11
|
|t:|1660546974
|switch|p2a: Urshifu|Urshifu-Rapid-Strike, M|100/100
|-damage|p2a: Urshifu|88/100|[from] Spikes
|move|p1a: Seismitoad|Weather Ball|p2a: Urshifu
|-resisted|p2a: Urshifu
|-damage|p2a: Urshifu|15/100
|
|-weather|RainDance|[upkeep]
|upkeep
|turn|12
|
|t:|1660546980
|switch|p1a: Ferrothorn|Ferrothorn, F|72/100
|move|p2a: Urshifu|Aqua Jet|p1a: Ferrothorn
|-resisted|p1a: Ferrothorn
|-crit|p1a: Ferrothorn
|-damage|p1a: Ferrothorn|57/100
|-activate|p1a: Ferrothorn|ability: Iron Barbs
|-activate|p2a: Urshifu|item: Protective Pads
|
|-weather|RainDance|[upkeep]
|upkeep
|turn|13
|
|t:|1660546987
|switch|p1a: Tapu Lele|Tapu Lele|100/100
|-fieldstart|move: Psychic Terrain|[from] ability: Psychic Surge|[of] p1a: Tapu Lele
|move|p2a: Urshifu|Close Combat|p1a: Tapu Lele
|-resisted|p1a: Tapu Lele
|-damage|p1a: Tapu Lele|78/100
|-unboost|p2a: Urshifu|def|1
|-unboost|p2a: Urshifu|spd|1
|
|-weather|none
|upkeep
|turn|14
|
|t:|1660546993
|switch|p2a: Victini|Victini|100/100
|move|p1a: Tapu Lele|Moonblast|p2a: Victini
|-resisted|p2a: Victini
|-damage|p2a: Victini|71/100
|-unboost|p2a: Victini|spa|1
|
|upkeep
|turn|15
|
|t:|1660546998
|switch|p1a: Pelipper|Pelipper, F|28/100
|-weather|RainDance|[from] ability: Drizzle|[of] p1a: Pelipper
|move|p2a: Victini|Expanding Force|p1a: Pelipper
|-damage|p1a: Pelipper|0 fnt
|faint|p1a: Pelipper
|
|-weather|RainDance|[upkeep]
|upkeep
|
|t:|1660547001
|switch|p1a: Barraskewda|Barraskewda, F|100/100
|turn|16
|
|t:|1660547004
|switch|p2a: Urshifu|Urshifu-Rapid-Strike, M|15/100
|-damage|p2a: Urshifu|3/100|[from] Spikes
|move|p1a: Barraskewda|Flip Turn|p2a: Urshifu
|-resisted|p2a: Urshifu
|-damage|p2a: Urshifu|0 fnt
|faint|p2a: Urshifu
|
|t:|1660547007
|switch|p1a: Seismitoad|Seismitoad, M|57/100|[from]move: Flip Turn
|
|-weather|RainDance|[upkeep]
|upkeep
|
|t:|1660547009
|switch|p2a: Kartana|Kartana|76/100
|-damage|p2a: Kartana|63/100|[from] Spikes
|turn|17
|
|t:|1660547015
|switch|p1a: Ferrothorn|Ferrothorn, F|57/100
|move|p2a: Kartana|Leaf Blade|p1a: Ferrothorn
|-resisted|p1a: Ferrothorn
|-damage|p1a: Ferrothorn|48/100
|-damage|p2a: Kartana|51/100|[from] ability: Iron Barbs|[of] p1a: Ferrothorn
|
|-weather|RainDance|[upkeep]
|-fieldend|move: Psychic Terrain
|upkeep
|turn|18
|
|t:|1660547027
|switch|p2a: Tapu Lele|Tapu Lele|100/100
|-damage|p2a: Tapu Lele|88/100|[from] Spikes
|-fieldstart|move: Psychic Terrain|[from] ability: Psychic Surge|[of] p2a: Tapu Lele
|switch|p1a: Seismitoad|Seismitoad, M|57/100
|
|-weather|RainDance|[upkeep]
|upkeep
|turn|19
|
|t:|1660547034
|move|p1a: Seismitoad|Weather Ball|p2a: Tapu Lele
|-damage|p2a: Tapu Lele|0 fnt
|faint|p2a: Tapu Lele
|
|-weather|none
|upkeep
|
|t:|1660547039
|switch|p2a: Victini|Victini|71/100
|turn|20
|
|t:|1660547048
|switch|p1a: Barraskewda|Barraskewda, F|100/100
|move|p2a: Victini|Expanding Force|p1a: Barraskewda
|-damage|p1a: Barraskewda|0 fnt
|faint|p1a: Barraskewda
|
|upkeep
|
|t:|1660547058
|switch|p1a: Tapu Lele|Tapu Lele|78/100
|turn|21
|
|t:|1660547060
|move|p1a: Tapu Lele|Thunder|p2a: Victini
|-damage|p2a: Victini|32/100
|move|p2a: Victini|V-create|p1a: Tapu Lele
|-damage|p1a: Tapu Lele|0 fnt
|-unboost|p2a: Victini|spe|1
|-unboost|p2a: Victini|def|1
|-unboost|p2a: Victini|spd|1
|faint|p1a: Tapu Lele
|
|upkeep
|
|t:|1660547065
|switch|p1a: Seismitoad|Seismitoad, M|57/100
|turn|22
|
|t:|1660547071
|move|p1a: Seismitoad|Earth Power|p2a: Victini
|-supereffective|p2a: Victini
|-damage|p2a: Victini|0 fnt
|faint|p2a: Victini
|
|-fieldend|move: Psychic Terrain
|upkeep
|
|t:|1660547073
|switch|p2a: Kartana|Kartana|51/100
|-damage|p2a: Kartana|39/100|[from] Spikes
|turn|23
|
|t:|1660547076
|move|p2a: Kartana|Knock Off|p1a: Seismitoad
|-damage|p1a: Seismitoad|0 fnt
|-enditem|p1a: Seismitoad|Choice Specs|[from] move: Knock Off|[of] p2a: Kartana
|faint|p1a: Seismitoad
|-ability|p2a: Kartana|Beast Boost|boost
|-boost|p2a: Kartana|atk|1
|
|upkeep
|
|t:|1660547080
|switch|p1a: Ferrothorn|Ferrothorn, F|48/100
|turn|24
|
|t:|1660547081
|move|p2a: Kartana|Knock Off|p1a: Ferrothorn
|-damage|p1a: Ferrothorn|20/100
|-damage|p2a: Kartana|26/100|[from] ability: Iron Barbs|[of] p1a: Ferrothorn
|move|p1a: Ferrothorn|Body Press|p2a: Kartana
|-supereffective|p2a: Kartana
|-damage|p2a: Kartana|0 fnt
|faint|p2a: Kartana
|
|win|The art of
|raw|The art of's rating: 1572 &rarr; <strong>1589</strong><br />(+17 for winning)
|raw|LT93OQ Deku's rating: 1516 &rarr; <strong>1499</strong><br />(-17 for losing)
|l|☆LT93OQ Deku
