|j|☆yung_iznamakin
|j|☆yb is BETTER
|t:|1648416435
|gametype|singles
|player|p1|yung_iznamakin|ninjaboy|1470
|player|p2|yb is BETTER|jogger|1475
|teamsize|p1|6
|teamsize|p2|6
|gen|8
|tier|[Gen 8] OU
|rated|
|rule|Sleep Clause Mod: Limit one foe put to sleep
|rule|Species Clause: Limit one of each Pokémon
|rule|OHKO Clause: OHKO moves are banned
|rule|Evasion Moves Clause: Evasion moves are banned
|rule|Endless Battle Clause: Forcing endless battles is banned
|rule|HP Percentage Mod: HP is shown in percentages
|rule|Dynamax Clause: You cannot dynamax
|clearpoke
|poke|p1|Pelipper, F|
|poke|p1|Kabutops, M|
|poke|p1|Ludicolo, M|
|poke|p1|Swampert, M|
|poke|p1|Scizor, F|
|poke|p1|Mandibuzz, F|
|poke|p2|Pangoro, F|
|poke|p2|Kartana|
|poke|p2|Dragapult, M|
|poke|p2|Zapdos|
|poke|p2|Tyranitar, F|
|poke|p2|Slowking-Galar, M|
|teampreview
|inactive|Battle timer is ON: inactive players will automatically lose when time's up. (requested by yb is BETTER)
|j| KeldeoFan8
|
|t:|1648416458
|start
|switch|p1a: Swampert|Swampert, M|100/100
|switch|p2a: Shenron|Dragapult, M|100/100
|turn|1
|
|t:|1648416473
|move|p2a: Shenron|Shadow Ball|p1a: Swampert
|-damage|p1a: Swampert|64/100
|move|p1a: Swampert|Stealth Rock|p2a: Shenron
|-sidestart|p2: yb is BETTER|move: Stealth Rock
|
|-heal|p1a: Swampert|70/100|[from] item: Leftovers
|upkeep
|turn|2
|c|☆yung_iznamakin|shenron
|c|☆yung_iznamakin|i want panties
|
|t:|1648416491
|switch|p2a: Killua|Zapdos, shiny|100/100
|move|p1a: Swampert|Flip Turn|p2a: Killua
|-crit|p2a: Killua
|-damage|p2a: Killua|74/100
|-status|p1a: Swampert|par|[from] ability: Static|[of] p2a: Killua
|l| KeldeoFan8
|
|t:|1648416497
|switch|p1a: Pelipper|Pelipper, F|100/100|[from]move: Flip Turn
|-weather|RainDance|[from] ability: Drizzle|[of] p1a: Pelipper
|
|-weather|RainDance|[upkeep]
|upkeep
|turn|3
|
|t:|1648416504
|switch|p1a: Swampert|Swampert, M|70/100 par
|move|p2a: Killua|Defog|p1a: Swampert
|-unboost|p1a: Swampert|evasion|1
|-sideend|p2: yb is BETTER|Stealth Rock|[from] move: Defog|[of] p2a: Killua
|
|-weather|RainDance|[upkeep]
|-heal|p1a: Swampert|76/100 par|[from] item: Leftovers
|upkeep
|turn|4
|
|t:|1648416517
|switch|p2a: Guts|Pangoro, F|100/100
|cant|p1a: Swampert|par
|
|-weather|RainDance|[upkeep]
|-heal|p1a: Swampert|83/100 par|[from] item: Leftovers
|upkeep
|turn|5
|
|t:|1648416523
|move|p2a: Guts|Knock Off|p1a: Swampert
|-damage|p1a: Swampert|15/100 par
|-enditem|p1a: Swampert|Leftovers|[from] move: Knock Off|[of] p2a: Guts
|cant|p1a: Swampert|par
|
|-weather|RainDance|[upkeep]
|upkeep
|turn|6
|
|t:|1648416528
|move|p2a: Guts|Knock Off|p1a: Swampert
|-damage|p1a: Swampert|0 fnt
|faint|p1a: Swampert
|
|-weather|RainDance|[upkeep]
|upkeep
|
|t:|1648416533
|switch|p1a: Ludicolo|Ludicolo, M|100/100
|turn|7
|
|t:|1648416536
|switch|p2a: Shukaku|Tyranitar, F|100/100
|-weather|Sandstorm|[from] ability: Sand Stream|[of] p2a: Shukaku
|move|p1a: Ludicolo|Weather Ball|p2a: Shukaku
|-damage|p2a: Shukaku|82/100
|
|-weather|Sandstorm|[upkeep]
|-damage|p1a: Ludicolo|95/100|[from] Sandstorm
|-heal|p2a: Shukaku|88/100|[from] item: Leftovers
|upkeep
|turn|8
|
|t:|1648416545
|switch|p1a: Pelipper|Pelipper, F|100/100
|-weather|RainDance|[from] ability: Drizzle|[of] p1a: Pelipper
|move|p2a: Shukaku|Stealth Rock|p1a: Pelipper
|-sidestart|p1: yung_iznamakin|move: Stealth Rock
|
|-weather|RainDance|[upkeep]
|-heal|p2a: Shukaku|94/100|[from] item: Leftovers
|upkeep
|turn|9
|c|☆yung_iznamakin|where is gaara
|
|t:|1648416555
|switch|p2a: Killua|Zapdos, shiny|74/100
|move|p1a: Pelipper|U-turn|p2a: Killua
|-resisted|p2a: Killua
|-damage|p2a: Killua|71/100
|
|t:|1648416562
|switch|p1a: Ludicolo|Ludicolo, M|95/100|[from]move: U-turn
|-damage|p1a: Ludicolo|82/100|[from] Stealth Rock
|
|-weather|RainDance|[upkeep]
|upkeep
|turn|10
|
|t:|1648416567
|switch|p2a: Magellan|Slowking-Galar, M|100/100
|move|p1a: Ludicolo|Weather Ball|p2a: Magellan
|-damage|p2a: Magellan|56/100
|
|-weather|RainDance|[upkeep]
|upkeep
|turn|11
|
|t:|1648416574
|switch|p1a: Kabutops|Kabutops, M|100/100
|-damage|p1a: Kabutops|88/100|[from] Stealth Rock
|move|p2a: Magellan|Sludge Bomb|p1a: Kabutops
|-resisted|p1a: Kabutops
|-damage|p1a: Kabutops|58/100
|
|-weather|RainDance|[upkeep]
|upkeep
|turn|12
|
|t:|1648416581
|switch|p2a: Shukaku|Tyranitar, F|94/100
|-weather|Sandstorm|[from] ability: Sand Stream|[of] p2a: Shukaku
|move|p1a: Kabutops|Swords Dance|p1a: Kabutops
|-boost|p1a: Kabutops|atk|2
|
|-weather|Sandstorm|[upkeep]
|-heal|p2a: Shukaku|100/100|[from] item: Leftovers
|upkeep
|turn|13
|inactive|yb is BETTER has 120 seconds left.
|
|t:|1648416638
|switch|p2a: Zoro|Kartana|100/100
|move|p1a: Kabutops|Liquidation|p2a: Zoro
|-resisted|p2a: Zoro
|-crit|p2a: Zoro
|-damage|p2a: Zoro|13/100
|-damage|p1a: Kabutops|48/100|[from] item: Life Orb
|
|-weather|Sandstorm|[upkeep]
|upkeep
|turn|14
|inactive|yb is BETTER has 90 seconds left.
|c|☆yb is BETTER|yo please dont have aqua jet
|c|☆yung_iznamakin|dont worry
|
|t:|1648416663
|switch|p1a: Mandibuzz|Mandibuzz, F|100/100
|move|p2a: Zoro|Leaf Blade|p1a: Mandibuzz
|-resisted|p1a: Mandibuzz
|-damage|p1a: Mandibuzz|82/100
|
|-weather|Sandstorm|[upkeep]
|upkeep
|turn|15
|c|☆yung_iznamakin|;)
|inactive|yb is BETTER has 90 seconds left.
|
|t:|1648416669
|switch|p2a: Killua|Zapdos, shiny|71/100
|move|p1a: Mandibuzz|Defog|p2a: Killua
|-unboost|p2a: Killua|evasion|1
|-sideend|p1: yung_iznamakin|Stealth Rock|[from] move: Defog|[of] p1a: Mandibuzz
|
|-weather|Sandstorm|[upkeep]
|-damage|p2a: Killua|65/100|[from] Sandstorm
|upkeep
|turn|16
|
|t:|1648416682
|switch|p1a: Pelipper|Pelipper, F|100/100
|-weather|RainDance|[from] ability: Drizzle|[of] p1a: Pelipper
|move|p2a: Killua|Roost|p2a: Killua
|-heal|p2a: Killua|100/100
|-singleturn|p2a: Killua|move: Roost
|
|-weather|RainDance|[upkeep]
|upkeep
|turn|17
|
|t:|1648416692
|switch|p1a: Mandibuzz|Mandibuzz, F|82/100
|move|p2a: Killua|Volt Switch|p1a: Mandibuzz
|-supereffective|p1a: Mandibuzz
|-damage|p1a: Mandibuzz|38/100
|inactive|yb is BETTER has 90 seconds left.
|
|t:|1648416732
|switch|p2a: Guts|Pangoro, F|100/100|[from]move: Volt Switch
|
|-weather|RainDance|[upkeep]
|upkeep
|turn|18
|
|t:|1648416738
|move|p2a: Guts|Close Combat|p1a: Mandibuzz
|-damage|p1a: Mandibuzz|0 fnt
|-unboost|p2a: Guts|def|1
|-unboost|p2a: Guts|spd|1
|faint|p1a: Mandibuzz
|
|-weather|RainDance|[upkeep]
|upkeep
|
|t:|1648416744
|switch|p1a: Ludicolo|Ludicolo, M|82/100
|turn|19
|inactive|yb is BETTER has 90 seconds left.
|
|t:|1648416754
|switch|p2a: Shukaku|Tyranitar, F|100/100
|-weather|Sandstorm|[from] ability: Sand Stream|[of] p2a: Shukaku
|move|p1a: Ludicolo|Focus Blast|p2a: Shukaku
|-supereffective|p2a: Shukaku
|-damage|p2a: Shukaku|16/100
|
|-weather|Sandstorm|[upkeep]
|-damage|p1a: Ludicolo|76/100|[from] Sandstorm
|-heal|p2a: Shukaku|23/100|[from] item: Leftovers
|upkeep
|turn|20
|
|t:|1648416764
|switch|p1a: Pelipper|Pelipper, F|100/100
|-weather|RainDance|[from] ability: Drizzle|[of] p1a: Pelipper
|switch|p2a: Shenron|Dragapult, M|100/100
|
|-weather|RainDance|[upkeep]
|upkeep
|turn|21
|
|t:|1648416773
|move|p2a: Shenron|Shadow Ball|p1a: Pelipper
|-damage|p1a: Pelipper|21/100
|move|p1a: Pelipper|U-turn|p2a: Shenron
|-resisted|p2a: Shenron
|-damage|p2a: Shenron|95/100
|
|t:|1648416779
|switch|p1a: Kabutops|Kabutops, M|48/100|[from]move: U-turn
|
|-weather|RainDance|[upkeep]
|upkeep
|turn|22
|
|t:|1648416782
|move|p1a: Kabutops|Swords Dance|p1a: Kabutops
|-boost|p1a: Kabutops|atk|2
|move|p2a: Shenron|Shadow Ball|p1a: Kabutops
|-damage|p1a: Kabutops|0 fnt
|faint|p1a: Kabutops
|
|-weather|RainDance|[upkeep]
|upkeep
|-message|yung_iznamakin forfeited.
|
|win|yb is BETTER
|raw|yung_iznamakin's rating: 1470 &rarr; <strong>1450</strong><br />(-20 for losing)
|raw|yb is BETTER's rating: 1475 &rarr; <strong>1495</strong><br />(+20 for winning)
|l|☆yung_iznamakin
||Ladder isn't responding, score probably updated but might not have (Request timeout).
