|j|☆lolshh
|j|☆cute pink team
|t:|1656952892
|gametype|singles
|player|p1|lolshh|madame-gen4dp|1713
|player|p2|cute pink team|misty-gen1|1895
|teamsize|p1|6
|teamsize|p2|6
|gen|8
|tier|[Gen 8] OU
|rated|
|rule|Sleep Clause Mod: Limit one foe put to sleep
|rule|Species Clause: Limit one of each Pokémon
|rule|OHKO Clause: OHKO moves are banned
|rule|Evasion Moves Clause: Evasion moves are banned
|rule|Endless Battle Clause: Forcing endless battles is banned
|rule|HP Percentage Mod: HP is shown in percentages
|rule|Dynamax Clause: You cannot dynamax
|clearpoke
|poke|p1|Weavile, M|
|poke|p1|Dragapult, M|
|poke|p1|Landorus-Therian, M|
|poke|p1|Heatran, M|
|poke|p1|Zapdos|
|poke|p1|Ferrothorn, M|
|poke|p2|Mamoswine, M|
|poke|p2|Ditto|
|poke|p2|Corviknight, M|
|poke|p2|Volcanion|
|poke|p2|Zapdos|
|poke|p2|Victini|
|teampreview
|j| pollopollopo
|
|t:|1656952907
|start
|switch|p1a: Ferro|Ferrothorn, M|100/100
|switch|p2a: Volcanion|Volcanion|100/100
|turn|1
|
|t:|1656952913
|switch|p1a: Dpult|Dragapult, M|100/100
|move|p2a: Volcanion|Steam Eruption|p1a: Dpult
|-resisted|p1a: Dpult
|-damage|p1a: Dpult|42/100
|
|upkeep
|turn|2
|
|t:|1656952919
|move|p1a: Dpult|Draco Meteor|p2a: Volcanion
|-damage|p2a: Volcanion|0 fnt
|-unboost|p1a: Dpult|spa|2
|faint|p2a: Volcanion
|
|upkeep
|
|t:|1656952923
|switch|p2a: Victini|Victini|100/100
|turn|3
|
|t:|1656952930
|switch|p1a: Tran|Heatran, M|100/100
|move|p2a: Victini|Final Gambit|p1a: Tran
|-damage|p1a: Tran|0 fnt
|faint|p2a: Victini
|faint|p1a: Tran
|
|upkeep
|
|t:|1656952940
|switch|p2a: Mamoswine|Mamoswine, M|100/100
|switch|p1a: Dpult|Dragapult, M|42/100
|turn|4
|
|t:|1656952945
|switch|p2a: Zapdos|Zapdos|100/100
|move|p1a: Dpult|Hydro Pump|p2a: Zapdos
|-damage|p2a: Zapdos|45/100
|
|upkeep
|turn|5
|
|t:|1656952950
|switch|p2a: Ditto|Ditto|100/100
|-transform|p2a: Ditto|p1a: Dpult|[from] ability: Imposter
|move|p1a: Dpult|Hydro Pump|p2a: Ditto
|-resisted|p2a: Ditto
|-damage|p2a: Ditto|65/100
|
|upkeep
|turn|6
|
|t:|1656952958
|switch|p2a: Zapdos|Zapdos|45/100
|switch|p1a: Lando|Landorus-Therian, M|100/100
|-ability|p1a: Lando|Intimidate|boost
|-unboost|p2a: Zapdos|atk|1
|
|upkeep
|turn|7
|
|t:|1656952962
|move|p2a: Zapdos|Hurricane|p1a: Lando
|-damage|p1a: Lando|20/100
|move|p1a: Lando|Earthquake|p2a: Zapdos
|-immune|p2a: Zapdos
|
|-heal|p1a: Lando|26/100|[from] item: Leftovers
|upkeep
|turn|8
|
|t:|1656952968
|move|p2a: Zapdos|Hurricane|p1a: Lando
|-crit|p1a: Lando
|-damage|p1a: Lando|0 fnt
|faint|p1a: Lando
|
|upkeep
|j| coeur de le ciel
|
|t:|1656952971
|switch|p1a: Dpult|Dragapult, M|42/100
|turn|9
|
|t:|1656952974
|switch|p2a: Corviknight|Corviknight, M|100/100
|-ability|p2a: Corviknight|Pressure
|move|p1a: Dpult|Shadow Ball|p2a: Corviknight
|-damage|p2a: Corviknight|63/100
|
|-heal|p2a: Corviknight|69/100|[from] item: Leftovers
|upkeep
|turn|10
|
|t:|1656952977
|switch|p1a: Zappy|Zapdos|100/100
|move|p2a: Corviknight|Roost|p2a: Corviknight
|-heal|p2a: Corviknight|100/100
|-singleturn|p2a: Corviknight|move: Roost
|
|upkeep
|turn|11
|
|t:|1656952980
|switch|p2a: Mamoswine|Mamoswine, M|100/100
|move|p1a: Zappy|Hurricane|p2a: Mamoswine
|-damage|p2a: Mamoswine|72/100
|
|upkeep
|turn|12
|j| Chief Accelerator
|j| Davidauscc
|j| TheLamestPlayer
|
|t:|1656952985
|switch|p1a: Ferro|Ferrothorn, M|100/100
|switch|p2a: Zapdos|Zapdos|45/100
|
|upkeep
|turn|13
|
|t:|1656952990
|move|p2a: Zapdos|Heat Wave|p1a: Ferro
|-supereffective|p1a: Ferro
|-damage|p1a: Ferro|0 fnt
|faint|p1a: Ferro
|
|upkeep
|
|t:|1656953002
|switch|p1a: Bandit|Weavile, M|100/100
|-ability|p1a: Bandit|Pressure
|turn|14
|
|t:|1656953022
|move|p1a: Bandit|Swords Dance|p1a: Bandit
|-boost|p1a: Bandit|atk|2
|move|p2a: Zapdos|Heat Wave|p1a: Bandit
|-supereffective|p1a: Bandit
|-damage|p1a: Bandit|0 fnt
|faint|p1a: Bandit
|
|upkeep
|
|t:|1656953028
|switch|p1a: Dpult|Dragapult, M|42/100
|turn|15
|
|t:|1656953033
|switch|p2a: Corviknight|Corviknight, M|100/100
|-ability|p2a: Corviknight|Pressure
|move|p1a: Dpult|Shadow Ball|p2a: Corviknight
|-damage|p2a: Corviknight|63/100
|-unboost|p2a: Corviknight|spd|1
|
|-heal|p2a: Corviknight|69/100|[from] item: Leftovers
|upkeep
|turn|16
|
|t:|1656953036
|move|p1a: Dpult|Shadow Ball|p2a: Corviknight
|-damage|p2a: Corviknight|12/100
|move|p2a: Corviknight|Brave Bird|p1a: Dpult
|-damage|p1a: Dpult|0 fnt
|faint|p1a: Dpult
|-damage|p2a: Corviknight|1/100|[from] Recoil
|
|-heal|p2a: Corviknight|8/100|[from] item: Leftovers
|upkeep
|
|t:|1656953040
|switch|p1a: Zappy|Zapdos|100/100
|turn|17
|
|t:|1656953043
|move|p1a: Zappy|Discharge|p2a: Corviknight
|-supereffective|p2a: Corviknight
|-crit|p2a: Corviknight
|-damage|p2a: Corviknight|0 fnt
|faint|p2a: Corviknight
|
|upkeep
|
|t:|1656953045
|switch|p2a: Mamoswine|Mamoswine, M|72/100
|turn|18
|
|t:|1656953048
|move|p1a: Zappy|Hurricane|p2a: Mamoswine
|-damage|p2a: Mamoswine|44/100
|move|p2a: Mamoswine|Icicle Crash|p1a: Zappy
|-supereffective|p1a: Zappy
|-damage|p1a: Zappy|25/100
|
|upkeep
|turn|19
|
|t:|1656953053
|move|p2a: Mamoswine|Ice Shard|p1a: Zappy
|-supereffective|p1a: Zappy
|-damage|p1a: Zappy|0 fnt
|faint|p1a: Zappy
|
|win|cute pink team
|raw|lolshh's rating: 1713 &rarr; <strong>1703</strong><br />(-10 for losing)
|raw|cute pink team's rating: 1895 &rarr; <strong>1905</strong><br />(+10 for winning)
|l| coeur de le ciel
|c|☆cute pink team|nice try
|c|☆cute pink team|gg
|l| TheLamestPlayer
||Ladder isn't responding, score probably updated but might not have (Request timeout).
