|j|☆drop a baby
|j|☆khatru my goat
|t:|1665460630
|gametype|singles
|player|p1|drop a baby|chase|1778
|player|p2|khatru my goat|teamrocket|1746
|teamsize|p1|6
|teamsize|p2|6
|gen|8
|tier|[Gen 8] OU
|rated|
|rule|Sleep Clause Mod: Limit one foe put to sleep
|rule|Species Clause: Limit one of each Pokémon
|rule|OHKO Clause: OHKO moves are banned
|rule|Evasion Items Clause: Evasion items are banned
|rule|Evasion Moves Clause: Evasion moves are banned
|rule|Endless Battle Clause: Forcing endless battles is banned
|rule|HP Percentage Mod: HP is shown in percentages
|rule|Dynamax Clause: You cannot dynamax
|clearpoke
|poke|p1|Weavile, M|
|poke|p1|Blaziken, M|
|poke|p1|Rillaboom, M|
|poke|p1|Nihilego|
|poke|p1|Dragapult, M|
|poke|p1|Aegislash, M|
|poke|p2|Kartana|
|poke|p2|Weavile, M|
|poke|p2|Landorus-Therian, M|
|poke|p2|Melmetal|
|poke|p2|Urshifu-*, M|
|poke|p2|Slowbro, M|
|teampreview
|inactive|Battle timer is ON: inactive players will automatically lose when time's up. (requested by drop a baby)
|inactive|khatru my goat also wants the timer to be on.
|j| fork gaming
|
|t:|1665460648
|start
|switch|p1a: Destroyer|Blaziken, M, shiny|100/100
|switch|p2a: Urshifu|Urshifu-Rapid-Strike, M|100/100
|turn|1
|
|t:|1665460657
|switch|p1a: Kong|Rillaboom, M, shiny|100/100
|-fieldstart|move: Grassy Terrain|[from] ability: Grassy Surge|[of] p1a: Kong
|move|p2a: Urshifu|Surging Strikes|p1a: Kong
|-resisted|p1a: Kong
|-crit|p1a: Kong
|-damage|p1a: Kong|85/100
|-resisted|p1a: Kong
|-crit|p1a: Kong
|-damage|p1a: Kong|67/100
|-resisted|p1a: Kong
|-crit|p1a: Kong
|-damage|p1a: Kong|52/100
|-hitcount|p1a: Kong|3
|
|-heal|p1a: Kong|59/100|[from] Grassy Terrain
|upkeep
|turn|2
|j| BabyPigsAreLaughin
|j| PANDA EXPRESS HR
|
|t:|1665460667
|switch|p2a: Melmetal|Melmetal, shiny|100/100
|switch|p1a: Nihilego|Nihilego|100/100
|
|upkeep
|turn|3
|
|t:|1665460671
|move|p1a: Nihilego|Stealth Rock|p2a: Melmetal
|-sidestart|p2: khatru my goat|move: Stealth Rock
|move|p2a: Melmetal|Double Iron Bash|p1a: Nihilego
|-supereffective|p1a: Nihilego
|-damage|p1a: Nihilego|0 fnt
|faint|p1a: Nihilego
|-hitcount|p1: Nihilego|1
|
|upkeep
|
|t:|1665460673
|switch|p1a: Aegislash|Aegislash, M|100/100
|turn|4
|
|t:|1665460685
|switch|p2a: Landorus|Landorus-Therian, M, shiny|100/100
|-damage|p2a: Landorus|88/100|[from] Stealth Rock
|-ability|p2a: Landorus|Intimidate|boost
|-unboost|p1a: Aegislash|atk|1
|move|p1a: Aegislash|Swords Dance|p1a: Aegislash
|-boost|p1a: Aegislash|atk|2
|
|-heal|p2a: Landorus|94/100|[from] item: Leftovers
|upkeep
|turn|5
|
|t:|1665460688
|move|p2a: Landorus|Defog|p1a: Aegislash
|-unboost|p1a: Aegislash|evasion|1
|-sideend|p2: khatru my goat|Stealth Rock|[from] move: Defog|[of] p2a: Landorus
|-fieldend|move: Grassy Terrain
|move|p1a: Aegislash|Swords Dance|p1a: Aegislash
|-boost|p1a: Aegislash|atk|2
|
|-heal|p2a: Landorus|99/100|[from] item: Leftovers
|upkeep
|turn|6
|j| roma ii
|j| Kwaga
|inactive|khatru my goat has 120 seconds left.
|
|t:|1665460721
|move|p2a: Landorus|Earthquake|p1a: Aegislash
|-supereffective|p1a: Aegislash
|-crit|p1a: Aegislash
|-damage|p1a: Aegislash|0 fnt
|faint|p1a: Aegislash
|
|-heal|p2a: Landorus|100/100|[from] item: Leftovers
|upkeep
|c|☆khatru my goat|oop
|
|t:|1665460727
|switch|p1a: Bandit|Weavile, M, shiny|100/100
|-ability|p1a: Bandit|Pressure
|turn|7
|
|t:|1665460741
|switch|p2a: Urshifu|Urshifu-Rapid-Strike, M|100/100
|move|p1a: Bandit|Knock Off|p2a: Urshifu
|-resisted|p2a: Urshifu
|-damage|p2a: Urshifu|65/100
|-enditem|p2a: Urshifu|Choice Band|[from] move: Knock Off|[of] p1a: Bandit
|-damage|p1a: Bandit|91/100|[from] item: Life Orb
|
|upkeep
|turn|8
|
|t:|1665460752
|switch|p1a: Leviathan|Dragapult, M, shiny|100/100
|move|p2a: Urshifu|U-turn|p1a: Leviathan
|-resisted|p1a: Leviathan
|-damage|p1a: Leviathan|85/100
|
|t:|1665460763
|switch|p2a: Kartana|Kartana, shiny|100/100|[from]move: U-turn
|
|upkeep
|turn|9
|-message|drop a baby forfeited.
|
|win|khatru my goat
|raw|drop a baby's rating: 1778 &rarr; <strong>1756</strong><br />(-22 for losing)
|raw|khatru my goat's rating: 1746 &rarr; <strong>1768</strong><br />(+22 for winning)
|l|☆drop a baby
