|raw|<div class="broadcast-blue"><strong>This battle is required to be public due to a player having a name starting with 'lt92pf'.</div>
|j|☆tolstoy
|j|☆lt92PF stock972
|t:|1660080581
|gametype|singles
|player|p1|tolstoy|#lax|1772
|player|p2|lt92PF stock972|blue-gen1|1830
|teamsize|p1|6
|teamsize|p2|6
|gen|8
|tier|[Gen 8] OU
|rated|
|rule|Sleep Clause Mod: Limit one foe put to sleep
|rule|Species Clause: Limit one of each Pokémon
|rule|OHKO Clause: OHKO moves are banned
|rule|Evasion Items Clause: Evasion items are banned
|rule|Evasion Moves Clause: Evasion moves are banned
|rule|Endless Battle Clause: Forcing endless battles is banned
|rule|HP Percentage Mod: HP is shown in percentages
|rule|Dynamax Clause: You cannot dynamax
|clearpoke
|poke|p1|Diggersby, F|
|poke|p1|Magnezone|
|poke|p1|Slowbro, M|
|poke|p1|Tornadus-Therian, M|
|poke|p1|Heatran, F|
|poke|p1|Tapu Fini|
|poke|p2|Tyranitar, M|
|poke|p2|Excadrill, M|
|poke|p2|Rotom-Wash|
|poke|p2|Tangrowth, F|
|poke|p2|Clefable, M|
|poke|p2|Slowking-Galar, M|
|teampreview
|c|☆lt92PF stock972|hf
|c|☆tolstoy|u2
|
|t:|1660080599
|start
|switch|p1a: Tornadus|Tornadus-Therian, M|100/100
|switch|p2a: Rotom|Rotom-Wash|100/100
|turn|1
|
|t:|1660080602
|move|p1a: Tornadus|Knock Off|p2a: Rotom
|-damage|p2a: Rotom|78/100
|-enditem|p2a: Rotom|Leftovers|[from] move: Knock Off|[of] p1a: Tornadus
|move|p2a: Rotom|Will-O-Wisp|p1a: Tornadus
|-status|p1a: Tornadus|brn
|
|-damage|p1a: Tornadus|94/100 brn|[from] brn
|upkeep
|turn|2
|
|t:|1660080607
|move|p1a: Tornadus|Hurricane|p2a: Rotom
|-resisted|p2a: Rotom
|-damage|p2a: Rotom|61/100
|move|p2a: Rotom|Pain Split|p1a: Tornadus
|-sethp|p1a: Tornadus|73/100 brn|[from] move: Pain Split|[silent]
|-sethp|p2a: Rotom|87/100|[from] move: Pain Split
|
|-damage|p1a: Tornadus|67/100 brn|[from] brn
|upkeep
|turn|3
|
|t:|1660080615
|move|p1a: Tornadus|U-turn|p2a: Rotom
|-damage|p2a: Rotom|79/100
|
|t:|1660080617
|switch|p1a: Heatran|Heatran, F|100/100|[from]move: U-turn
|move|p2a: Rotom|Will-O-Wisp|p1a: Heatran
|-start|p1a: Heatran|ability: Flash Fire
|
|upkeep
|turn|4
|
|t:|1660080622
|move|p2a: Rotom|Hydro Pump|p1a: Heatran
|-supereffective|p1a: Heatran
|-damage|p1a: Heatran|52/100
|move|p1a: Heatran|Magma Storm|p2a: Rotom
|-resisted|p2a: Rotom
|-damage|p2a: Rotom|50/100
|-activate|p2a: Rotom|move: Magma Storm|[of] p1a: Heatran
|
|-heal|p1a: Heatran|58/100|[from] item: Leftovers
|-damage|p2a: Rotom|37/100|[from] move: Magma Storm|[partiallytrapped]
|upkeep
|turn|5
|j| LT92PF Black Lotus
|j| BeastBraedon
|
|t:|1660080631
|move|p2a: Rotom|Pain Split|p1a: Heatran
|-sethp|p1a: Heatran|44/100|[from] move: Pain Split|[silent]
|-sethp|p2a: Rotom|55/100|[from] move: Pain Split
|move|p1a: Heatran|Magma Storm|p2a: Rotom
|-resisted|p2a: Rotom
|-damage|p2a: Rotom|29/100
|
|-heal|p1a: Heatran|50/100|[from] item: Leftovers
|-damage|p2a: Rotom|17/100|[from] move: Magma Storm|[partiallytrapped]
|upkeep
|turn|6
|j| yop on the flux
|
|t:|1660080640
|move|p1a: Heatran|Protect|p1a: Heatran
|-singleturn|p1a: Heatran|Protect
|move|p2a: Rotom|Hydro Pump|p1a: Heatran
|-activate|p1a: Heatran|move: Protect
|
|-heal|p1a: Heatran|56/100|[from] item: Leftovers
|-damage|p2a: Rotom|4/100|[from] move: Magma Storm|[partiallytrapped]
|upkeep
|turn|7
|
|t:|1660080645
|move|p2a: Rotom|Pain Split|p1a: Heatran
|-sethp|p1a: Heatran|30/100|[from] move: Pain Split|[silent]
|-sethp|p2a: Rotom|38/100|[from] move: Pain Split
|move|p1a: Heatran|Magma Storm|p2a: Rotom
|-resisted|p2a: Rotom
|-damage|p2a: Rotom|12/100
|
|-heal|p1a: Heatran|36/100|[from] item: Leftovers
|-damage|p2a: Rotom|0 fnt|[from] move: Magma Storm|[partiallytrapped]
|faint|p2a: Rotom
|upkeep
|
|t:|1660080651
|switch|p2a: Tyranitar|Tyranitar, M|100/100
|-weather|Sandstorm|[from] ability: Sand Stream|[of] p2a: Tyranitar
|turn|8
|j| RNN YasuKe
|
|t:|1660080656
|move|p1a: Heatran|Protect|p1a: Heatran
|-singleturn|p1a: Heatran|Protect
|move|p2a: Tyranitar|Crunch|p1a: Heatran
|-activate|p1a: Heatran|move: Protect
|
|-weather|Sandstorm|[upkeep]
|-heal|p1a: Heatran|42/100|[from] item: Leftovers
|upkeep
|turn|9
|
|t:|1660080664
|-end|p1a: Heatran|ability: Flash Fire|[silent]
|switch|p1a: Magnezone|Magnezone|100/100
|move|p2a: Tyranitar|Crunch|p1a: Magnezone
|-damage|p1a: Magnezone|46/100
|
|-weather|Sandstorm|[upkeep]
|-heal|p1a: Magnezone|52/100|[from] item: Leftovers
|upkeep
|turn|10
|
|t:|1660080669
|move|p2a: Tyranitar|Crunch|p1a: Magnezone
|-damage|p1a: Magnezone|0 fnt
|faint|p1a: Magnezone
|
|-weather|Sandstorm|[upkeep]
|upkeep
|
|t:|1660080671
|switch|p1a: Diggersby|Diggersby, F|100/100
|turn|11
|
|t:|1660080674
|switch|p2a: Tangrowth|Tangrowth, F|100/100
|move|p1a: Diggersby|Body Slam|p2a: Tangrowth
|-damage|p2a: Tangrowth|58/100
|-damage|p1a: Diggersby|84/100|[from] item: Rocky Helmet|[of] p2a: Tangrowth
|
|-weather|Sandstorm|[upkeep]
|-damage|p2a: Tangrowth|52/100|[from] Sandstorm
|upkeep
|turn|12
|
|t:|1660080680
|switch|p1a: Tornadus|Tornadus-Therian, M|99/100 brn
|switch|p2a: Tyranitar|Tyranitar, M|100/100
|
|-weather|none
|-damage|p1a: Tornadus|94/100 brn|[from] brn
|upkeep
|turn|13
|
|t:|1660080684
|move|p1a: Tornadus|U-turn|p2a: Tyranitar
|-supereffective|p2a: Tyranitar
|-damage|p2a: Tyranitar|87/100
|
|t:|1660080685
|switch|p1a: Slowbro|Slowbro, M|100/100|[from]move: U-turn
|move|p2a: Tyranitar|Stone Edge|p1a: Slowbro
|-damage|p1a: Slowbro|49/100
|
|upkeep
|turn|14
|
|t:|1660080690
|move|p2a: Tyranitar|Stone Edge|p1a: Slowbro
|-damage|p1a: Slowbro|0 fnt
|faint|p1a: Slowbro
|
|upkeep
|j| yomamakiss
|
|t:|1660080692
|switch|p1a: Diggersby|Diggersby, F|84/100
|turn|15
|j| qxfn143
|
|t:|1660080694
|switch|p2a: Tangrowth|Tangrowth, F|85/100
|move|p1a: Diggersby|Body Slam|p2a: Tangrowth
|-damage|p2a: Tangrowth|47/100
|-damage|p1a: Diggersby|68/100|[from] item: Rocky Helmet|[of] p2a: Tangrowth
|
|upkeep
|turn|16
|j| trumps convoy
|j| LT92PF Uxilon
|l| qxfn143
|
|t:|1660080700
|move|p1a: Diggersby|Body Slam|p2a: Tangrowth
|-damage|p2a: Tangrowth|6/100
|-damage|p1a: Diggersby|51/100|[from] item: Rocky Helmet|[of] p2a: Tangrowth
|move|p2a: Tangrowth|Giga Drain|p1a: Diggersby
|-supereffective|p1a: Diggersby
|-damage|p1a: Diggersby|0 fnt
|-heal|p2a: Tangrowth|26/100|[from] drain|[of] p1a: Diggersby
|faint|p1a: Diggersby
|
|upkeep
|
|t:|1660080708
|switch|p1a: Tornadus|Tornadus-Therian, M|100/100 brn
|turn|17
|j| Dnansnwe
|
|t:|1660080716
|switch|p2a: Tyranitar|Tyranitar, M|87/100
|-weather|Sandstorm|[from] ability: Sand Stream|[of] p2a: Tyranitar
|move|p1a: Tornadus|Hurricane|p2a: Tyranitar
|-resisted|p2a: Tyranitar
|-damage|p2a: Tyranitar|73/100
|
|-weather|Sandstorm|[upkeep]
|-damage|p1a: Tornadus|94/100 brn|[from] Sandstorm
|-damage|p1a: Tornadus|88/100 brn|[from] brn
|upkeep
|turn|18
|
|t:|1660080723
|move|p1a: Tornadus|Knock Off|p2a: Tyranitar
|-resisted|p2a: Tyranitar
|-damage|p2a: Tyranitar|68/100
|-enditem|p2a: Tyranitar|Choice Band|[from] move: Knock Off|[of] p1a: Tornadus
|move|p2a: Tyranitar|Stone Edge|p1a: Tornadus
|-supereffective|p1a: Tornadus
|-damage|p1a: Tornadus|0 fnt
|faint|p1a: Tornadus
|
|-weather|Sandstorm|[upkeep]
|upkeep
|
|t:|1660080728
|switch|p1a: Tapu Fini|Tapu Fini|100/100
|-fieldstart|move: Misty Terrain|[from] ability: Misty Surge|[of] p1a: Tapu Fini
|turn|19
|
|t:|1660080731
|switch|p2a: Slowking|Slowking-Galar, M|100/100
|move|p1a: Tapu Fini|Calm Mind|p1a: Tapu Fini
|-boost|p1a: Tapu Fini|spa|1
|-boost|p1a: Tapu Fini|spd|1
|
|-weather|Sandstorm|[upkeep]
|-damage|p1a: Tapu Fini|94/100|[from] Sandstorm
|-damage|p2a: Slowking|94/100|[from] Sandstorm
|-heal|p1a: Tapu Fini|100/100|[from] item: Leftovers
|upkeep
|turn|20
|l| BeastBraedon
|
|t:|1660080733
|move|p1a: Tapu Fini|Calm Mind|p1a: Tapu Fini
|-boost|p1a: Tapu Fini|spa|1
|-boost|p1a: Tapu Fini|spd|1
|move|p2a: Slowking|Nasty Plot|p2a: Slowking
|-boost|p2a: Slowking|spa|2
|
|-weather|Sandstorm|[upkeep]
|-damage|p1a: Tapu Fini|94/100|[from] Sandstorm
|-damage|p2a: Slowking|88/100|[from] Sandstorm
|-heal|p1a: Tapu Fini|100/100|[from] item: Leftovers
|upkeep
|turn|21
|
|t:|1660080735
|move|p1a: Tapu Fini|Calm Mind|p1a: Tapu Fini
|-boost|p1a: Tapu Fini|spa|1
|-boost|p1a: Tapu Fini|spd|1
|move|p2a: Slowking|Sludge Bomb|p1a: Tapu Fini
|-supereffective|p1a: Tapu Fini
|-damage|p1a: Tapu Fini|53/100
|
|-weather|none
|-heal|p1a: Tapu Fini|59/100|[from] item: Leftovers
|upkeep
|turn|22
|j| foolek2300
|
|t:|1660080740
|move|p1a: Tapu Fini|Scald|p2a: Slowking
|-damage|p2a: Slowking|33/100
|move|p2a: Slowking|Sludge Bomb|p1a: Tapu Fini
|-supereffective|p1a: Tapu Fini
|-crit|p1a: Tapu Fini
|-damage|p1a: Tapu Fini|0 fnt
|faint|p1a: Tapu Fini
|
|upkeep
|c|☆lt92PF stock972|gg
|c|☆tolstoy|gg
|j| filon
|-message|tolstoy forfeited.
|
|win|lt92PF stock972
|raw|tolstoy's rating: 1772 &rarr; <strong>1755</strong><br />(-17 for losing)
|raw|lt92PF stock972's rating: 1830 &rarr; <strong>1847</strong><br />(+17 for winning)
|l|☆tolstoy
|l|☆lt92PF stock972
|l| foolek2300
|j| OU Vacation
|l| OU Vacation
|n| Isza|dnansnwe
|l| filon
|l| trumps convoy
|l| LT92PF Uxilon
|j| DAHLI
|l| yomamakiss
||Ladder isn't responding, score probably updated but might not have (Request timeout).
|l| RNN YasuKe
|l| DAHLI
|l| LT92PF Black Lotus
|n| LT92PF Isza|isza
|l| LT92PF Isza
