|j|☆minimax_ai
|j|☆gotsnsd
|t:|1663841107
|gametype|singles
|player|p1|minimax_ai|lusamine-nihilego|1666
|player|p2|gotsnsd|beauty-gen2jp|1684
|teamsize|p1|6
|teamsize|p2|6
|gen|8
|tier|[Gen 8] OU
|rated|
|rule|Sleep Clause Mod: Limit one foe put to sleep
|rule|Species Clause: Limit one of each Pokémon
|rule|OHKO Clause: OHKO moves are banned
|rule|Evasion Items Clause: Evasion items are banned
|rule|Evasion Moves Clause: Evasion moves are banned
|rule|Endless Battle Clause: Forcing endless battles is banned
|rule|HP Percentage Mod: HP is shown in percentages
|rule|Dynamax Clause: You cannot dynamax
|clearpoke
|poke|p1|Rotom-Wash|
|poke|p1|Weavile, F|
|poke|p1|Landorus-Therian, M|
|poke|p1|Heatran, M|
|poke|p1|Tangrowth, F|
|poke|p1|Melmetal|
|poke|p2|Nidoking, M|
|poke|p2|Dragapult, M|
|poke|p2|Clefable, M|
|poke|p2|Slowking, M|
|poke|p2|Kartana|
|poke|p2|Rotom-Heat|
|teampreview
|c|☆minimax_ai|hf
|inactive|Battle timer is ON: inactive players will automatically lose when time's up. (requested by minimax_ai)
|
|t:|1663841114
|start
|switch|p1a: Heatran|Heatran, M|100/100
|switch|p2a: Clefable|Clefable, M|100/100
|-item|p1a: Heatran|Air Balloon
|turn|1
|
|t:|1663841119
|switch|p2a: Slowking|Slowking, M|100/100
|move|p1a: Heatran|Stealth Rock|p2a: Slowking
|-sidestart|p2: gotsnsd|move: Stealth Rock
|
|upkeep
|turn|2
|
|t:|1663841122
|switch|p1a: rotomwash|Rotom-Wash|100/100
|move|p2a: Slowking|Scald|p1a: rotomwash
|-resisted|p1a: rotomwash
|-damage|p1a: rotomwash|87/100
|-status|p1a: rotomwash|brn
|
|-heal|p1a: rotomwash|93/100 brn|[from] item: Leftovers
|-damage|p1a: rotomwash|87/100 brn|[from] brn
|upkeep
|turn|3
|
|t:|1663841127
|move|p1a: rotomwash|Thunderbolt|p2a: Slowking
|-supereffective|p2a: Slowking
|-damage|p2a: Slowking|54/100
|move|p2a: Slowking|Future Sight|p1a: rotomwash
|-start|p2a: Slowking|move: Future Sight
|
|-heal|p1a: rotomwash|93/100 brn|[from] item: Leftovers
|-damage|p1a: rotomwash|87/100 brn|[from] brn
|upkeep
|turn|4
|
|t:|1663841134
|move|p1a: rotomwash|Thunderbolt|p2a: Slowking
|-supereffective|p2a: Slowking
|-damage|p2a: Slowking|9/100
|move|p2a: Slowking|Slack Off|p2a: Slowking
|-heal|p2a: Slowking|59/100
|
|-heal|p1a: rotomwash|93/100 brn|[from] item: Leftovers
|-damage|p1a: rotomwash|87/100 brn|[from] brn
|upkeep
|turn|5
|j| Vickyris
|
|t:|1663841139
|switch|p1a: Weavile|Weavile, F|100/100
|-ability|p1a: Weavile|Pressure
|move|p2a: Slowking|Slack Off|p2a: Slowking
|-heal|p2a: Slowking|100/100
|
|-end|p1a: Weavile|move: Future Sight
|-immune|p1a: Weavile
|upkeep
|turn|6
|l| Vickyris
|
|t:|1663841146
|switch|p2a: Clefable|Clefable, M|100/100
|move|p1a: Weavile|Knock Off|p2a: Clefable
|-resisted|p2a: Clefable
|-damage|p2a: Clefable|68/100
|-enditem|p2a: Clefable|Leftovers|[from] move: Knock Off|[of] p1a: Weavile
|
|upkeep
|turn|7
|
|t:|1663841151
|switch|p1a: Heatran|Heatran, M|100/100
|-item|p1a: Heatran|Air Balloon
|move|p2a: Clefable|Knock Off|p1a: Heatran
|-damage|p1a: Heatran|85/100
|-enditem|p1a: Heatran|Air Balloon
|
|upkeep
|turn|8
|
|t:|1663841156
|switch|p2a: Slowking|Slowking, M|100/100
|-damage|p2a: Slowking|88/100|[from] Stealth Rock
|move|p1a: Heatran|Magma Storm|p2a: Slowking|[miss]
|-miss|p1a: Heatran|p2a: Slowking
|
|upkeep
|turn|9
|
|t:|1663841159
|switch|p1a: rotomwash|Rotom-Wash|87/100 brn
|move|p2a: Slowking|Teleport|p2a: Slowking
|
|t:|1663841163
|switch|p2a: Kartana|Kartana|100/100|[from]move: Teleport
|-damage|p2a: Kartana|94/100|[from] Stealth Rock
|
|-heal|p1a: rotomwash|93/100 brn|[from] item: Leftovers
|-damage|p1a: rotomwash|87/100 brn|[from] brn
|upkeep
|turn|10
|inactive|gotsnsd has 120 seconds left.
|
|t:|1663841204
|switch|p2a: Nidoking|Nidoking, M|100/100
|-damage|p2a: Nidoking|95/100|[from] Stealth Rock
|switch|p1a: Tangrowth|Tangrowth, F|100/100
|
|upkeep
|turn|11
|
|t:|1663841208
|switch|p1a: Melmetal|Melmetal|100/100
|move|p2a: Nidoking|Sludge Wave|p1a: Melmetal
|-immune|p1a: Melmetal
|
|upkeep
|turn|12
|
|t:|1663841212
|switch|p2a: Rotom|Rotom-Heat|100/100
|move|p1a: Melmetal|Ice Punch|p2a: Rotom
|-resisted|p2a: Rotom
|-damage|p2a: Rotom|84/100
|-status|p2a: Rotom|frz
|
|upkeep
|turn|13
|j| cbbab
|
|t:|1663841222
|switch|p1a: rotomwash|Rotom-Wash|87/100 brn
|cant|p2a: Rotom|frz
|
|-heal|p1a: rotomwash|93/100 brn|[from] item: Leftovers
|-damage|p1a: rotomwash|87/100 brn|[from] brn
|upkeep
|turn|14
|
|t:|1663841227
|switch|p2a: Slowking|Slowking, M|100/100
|-damage|p2a: Slowking|88/100|[from] Stealth Rock
|move|p1a: rotomwash|Hydro Pump|p2a: Slowking|[miss]
|-miss|p1a: rotomwash|p2a: Slowking
|
|-heal|p1a: rotomwash|93/100 brn|[from] item: Leftovers
|-damage|p1a: rotomwash|87/100 brn|[from] brn
|upkeep
|turn|15
|
|t:|1663841230
|move|p1a: rotomwash|Thunderbolt|p2a: Slowking
|-supereffective|p2a: Slowking
|-damage|p2a: Slowking|42/100
|move|p2a: Slowking|Future Sight|p1a: rotomwash
|-start|p2a: Slowking|move: Future Sight
|
|-heal|p1a: rotomwash|93/100 brn|[from] item: Leftovers
|-damage|p1a: rotomwash|87/100 brn|[from] brn
|upkeep
|turn|16
|
|t:|1663841235
|switch|p2a: Rotom|Rotom-Heat|84/100 frz
|move|p1a: rotomwash|Thunderbolt|p2a: Rotom
|-resisted|p2a: Rotom
|-damage|p2a: Rotom|65/100 frz
|
|-heal|p1a: rotomwash|93/100 brn|[from] item: Leftovers
|-damage|p1a: rotomwash|87/100 brn|[from] brn
|upkeep
|turn|17
|
|t:|1663841238
|switch|p1a: Weavile|Weavile, F|100/100
|-ability|p1a: Weavile|Pressure
|-curestatus|p2a: Rotom|frz|[msg]
|move|p2a: Rotom|Overheat|p1a: Weavile
|-supereffective|p1a: Weavile
|-damage|p1a: Weavile|0 fnt
|-unboost|p2a: Rotom|spa|2
|faint|p1a: Weavile
|
|-hint|Future Sight did not hit because the target is fainted.
|upkeep
|
|t:|1663841238
|switch|p1a: rotomwash|Rotom-Wash|87/100 brn
|turn|18
|
|t:|1663841251
|switch|p2a: Dragapult|Dragapult, M|100/100
|-damage|p2a: Dragapult|88/100|[from] Stealth Rock
|move|p1a: rotomwash|Hydro Pump|p2a: Dragapult
|-resisted|p2a: Dragapult
|-crit|p2a: Dragapult
|-damage|p2a: Dragapult|41/100
|
|-heal|p1a: rotomwash|93/100 brn|[from] item: Leftovers
|-damage|p1a: rotomwash|87/100 brn|[from] brn
|upkeep
|turn|19
|
|t:|1663841257
|switch|p1a: Melmetal|Melmetal|100/100
|move|p2a: Dragapult|Dragon Darts|p1a: Melmetal
|-resisted|p1a: Melmetal
|-damage|p1a: Melmetal|90/100
|-anim|p2a: Dragapult|Dragon Darts|p1a: Melmetal
|-resisted|p1a: Melmetal
|-damage|p1a: Melmetal|80/100
|
|upkeep
|turn|20
|
|t:|1663841277
|switch|p2a: Rotom|Rotom-Heat|65/100
|move|p1a: Melmetal|Ice Punch|p2a: Rotom
|-resisted|p2a: Rotom
|-damage|p2a: Rotom|47/100
|
|upkeep
|turn|21
|
|t:|1663841293
|move|p2a: Rotom|Defog|p1a: Melmetal
|-unboost|p1a: Melmetal|evasion|1
|-sideend|p2: gotsnsd|Stealth Rock|[from] move: Defog|[of] p2a: Rotom
|move|p1a: Melmetal|Ice Punch|p2a: Rotom
|-resisted|p2a: Rotom
|-damage|p2a: Rotom|28/100
|
|upkeep
|turn|22
|
|t:|1663841296
|switch|p1a: landorustherian|Landorus-Therian, M|100/100
|-ability|p1a: landorustherian|Intimidate|boost
|-unboost|p2a: Rotom|atk|1
|move|p2a: Rotom|Overheat|p1a: landorustherian
|-damage|p1a: landorustherian|64/100
|-unboost|p2a: Rotom|spa|2
|
|-heal|p1a: landorustherian|70/100|[from] item: Leftovers
|upkeep
|turn|23
|
|t:|1663841303
|switch|p2a: Clefable|Clefable, M|68/100
|move|p1a: landorustherian|Earthquake|p2a: Clefable
|-damage|p2a: Clefable|26/100
|
|-heal|p1a: landorustherian|76/100|[from] item: Leftovers
|upkeep
|turn|24
|
|t:|1663841308
|switch|p2a: Rotom|Rotom-Heat|28/100
|move|p1a: landorustherian|Earthquake|p2a: Rotom
|-immune|p2a: Rotom|[from] ability: Levitate
|
|-heal|p1a: landorustherian|82/100|[from] item: Leftovers
|upkeep
|turn|25
|
|t:|1663841312
|move|p2a: Rotom|Nasty Plot|p2a: Rotom
|-boost|p2a: Rotom|spa|2
|move|p1a: landorustherian|Toxic|p2a: Rotom
|-status|p2a: Rotom|tox
|
|-heal|p1a: landorustherian|88/100|[from] item: Leftovers
|-damage|p2a: Rotom|22/100 tox|[from] psn
|upkeep
|turn|26
|
|t:|1663841316
|move|p2a: Rotom|Discharge|p1a: landorustherian
|-immune|p1a: landorustherian
|move|p1a: landorustherian|U-turn|p2a: Rotom
|-resisted|p2a: Rotom
|-damage|p2a: Rotom|11/100 tox
|
|t:|1663841317
|switch|p1a: Heatran|Heatran, M|85/100|[from]move: U-turn
|
|-damage|p2a: Rotom|0 fnt|[from] psn
|faint|p2a: Rotom
|upkeep
|
|t:|1663841328
|switch|p2a: Nidoking|Nidoking, M|95/100
|turn|27
|
|t:|1663841332
|switch|p1a: Melmetal|Melmetal|80/100
|move|p2a: Nidoking|Earth Power|p1a: Melmetal
|-supereffective|p1a: Melmetal
|-damage|p1a: Melmetal|11/100
|
|upkeep
|turn|28
|
|t:|1663841337
|move|p2a: Nidoking|Flamethrower|p1a: Melmetal
|-supereffective|p1a: Melmetal
|-damage|p1a: Melmetal|0 fnt
|faint|p1a: Melmetal
|
|upkeep
|
|t:|1663841337
|switch|p1a: rotomwash|Rotom-Wash|87/100 brn
|turn|29
|
|t:|1663841341
|move|p1a: rotomwash|Hydro Pump|p2a: Nidoking
|-supereffective|p2a: Nidoking
|-damage|p2a: Nidoking|0 fnt
|faint|p2a: Nidoking
|
|-heal|p1a: rotomwash|93/100 brn|[from] item: Leftovers
|-damage|p1a: rotomwash|87/100 brn|[from] brn
|upkeep
|
|t:|1663841345
|switch|p2a: Slowking|Slowking, M|75/100
|turn|30
|
|t:|1663841347
|move|p1a: rotomwash|Thunderbolt|p2a: Slowking
|-supereffective|p2a: Slowking
|-damage|p2a: Slowking|30/100
|move|p2a: Slowking|Future Sight|p1a: rotomwash
|-start|p2a: Slowking|move: Future Sight
|
|-heal|p1a: rotomwash|93/100 brn|[from] item: Leftovers
|-damage|p1a: rotomwash|87/100 brn|[from] brn
|upkeep
|turn|31
|
|t:|1663841353
|switch|p2a: Kartana|Kartana|94/100
|move|p1a: rotomwash|Thunderbolt|p2a: Kartana
|-resisted|p2a: Kartana
|-damage|p2a: Kartana|41/100
|
|-heal|p1a: rotomwash|93/100 brn|[from] item: Leftovers
|-damage|p1a: rotomwash|87/100 brn|[from] brn
|upkeep
|turn|32
|
|t:|1663841365
|switch|p2a: Dragapult|Dragapult, M|41/100
|switch|p1a: Tangrowth|Tangrowth, F|100/100
|
|-end|p1a: Tangrowth|move: Future Sight
|-crit|p1a: Tangrowth
|-damage|p1a: Tangrowth|5/100
|upkeep
|turn|33
|
|t:|1663841373
|switch|p1a: Heatran|Heatran, M|85/100
|move|p2a: Dragapult|U-turn|p1a: Heatran
|-resisted|p1a: Heatran
|-crit|p1a: Heatran
|-damage|p1a: Heatran|72/100
|
|t:|1663841382
|switch|p2a: Kartana|Kartana|41/100|[from]move: U-turn
|
|upkeep
|turn|34
|
|t:|1663841386
|switch|p1a: Tangrowth|Tangrowth, F|39/100
|move|p2a: Kartana|Sacred Sword|p1a: Tangrowth
|-damage|p1a: Tangrowth|11/100
|-damage|p2a: Kartana|24/100|[from] item: Rocky Helmet|[of] p1a: Tangrowth
|-damage|p2a: Kartana|14/100|[from] item: Life Orb
|
|upkeep
|turn|35
|
|t:|1663841403
|move|p2a: Kartana|Synthesis|p2a: Kartana
|-heal|p2a: Kartana|64/100
|move|p1a: Tangrowth|Giga Drain|p2a: Kartana
|-resisted|p2a: Kartana
|-damage|p2a: Kartana|44/100
|-heal|p1a: Tangrowth|18/100|[from] drain|[of] p2a: Kartana
|
|upkeep
|turn|36
|
|t:|1663841410
|switch|p1a: landorustherian|Landorus-Therian, M|88/100
|-ability|p1a: landorustherian|Intimidate|boost
|-unboost|p2a: Kartana|atk|1
|move|p2a: Kartana|Sacred Sword|p1a: landorustherian
|-resisted|p1a: landorustherian
|-damage|p1a: landorustherian|71/100
|-damage|p2a: Kartana|34/100|[from] item: Life Orb
|
|-heal|p1a: landorustherian|77/100|[from] item: Leftovers
|upkeep
|turn|37
|
|t:|1663841415
|move|p2a: Kartana|Leaf Blade|p1a: landorustherian
|-damage|p1a: landorustherian|28/100
|-damage|p2a: Kartana|24/100|[from] item: Life Orb
|move|p1a: landorustherian|Earthquake|p2a: Kartana
|-damage|p2a: Kartana|0 fnt
|faint|p2a: Kartana
|
|-heal|p1a: landorustherian|34/100|[from] item: Leftovers
|upkeep
|
|t:|1663841421
|switch|p2a: Dragapult|Dragapult, M|41/100
|turn|38
|
|t:|1663841424
|switch|p1a: Heatran|Heatran, M|72/100
|move|p2a: Dragapult|Dragon Darts|p1a: Heatran
|-resisted|p1a: Heatran
|-damage|p1a: Heatran|52/100
|-anim|p2a: Dragapult|Dragon Darts|p1a: Heatran
|-resisted|p1a: Heatran
|-damage|p1a: Heatran|32/100
|
|upkeep
|turn|39
|
|t:|1663841428
|move|p2a: Dragapult|Dragon Darts|p1a: Heatran
|-resisted|p1a: Heatran
|-damage|p1a: Heatran|13/100
|-anim|p2a: Dragapult|Dragon Darts|p1a: Heatran
|-resisted|p1a: Heatran
|-damage|p1a: Heatran|0 fnt
|faint|p1a: Heatran
|
|upkeep
|
|t:|1663841428
|switch|p1a: Tangrowth|Tangrowth, F|51/100
|turn|40
|
|t:|1663841431
|move|p2a: Dragapult|Dragon Darts|p1a: Tangrowth
|-damage|p1a: Tangrowth|32/100
|-anim|p2a: Dragapult|Dragon Darts|p1a: Tangrowth
|-damage|p1a: Tangrowth|12/100
|move|p1a: Tangrowth|Knock Off|p2a: Dragapult
|-supereffective|p2a: Dragapult
|-damage|p2a: Dragapult|0 fnt
|-enditem|p2a: Dragapult|Choice Band|[from] move: Knock Off|[of] p1a: Tangrowth
|faint|p2a: Dragapult
|
|upkeep
|
|t:|1663841437
|switch|p2a: Clefable|Clefable, M|26/100
|turn|41
|
|t:|1663841445
|switch|p1a: landorustherian|Landorus-Therian, M|34/100
|-ability|p1a: landorustherian|Intimidate|boost
|-unboost|p2a: Clefable|atk|1
|move|p2a: Clefable|Moonblast|p1a: landorustherian
|-damage|p1a: landorustherian|12/100
|
|-heal|p1a: landorustherian|18/100|[from] item: Leftovers
|upkeep
|turn|42
|
|t:|1663841452
|move|p1a: landorustherian|Earthquake|p2a: Clefable
|-damage|p2a: Clefable|0 fnt
|faint|p2a: Clefable
|
|-heal|p1a: landorustherian|24/100|[from] item: Leftovers
|upkeep
|
|t:|1663841454
|switch|p2a: Slowking|Slowking, M|64/100
|turn|43
|
|t:|1663841460
|move|p1a: landorustherian|Earthquake|p2a: Slowking
|-damage|p2a: Slowking|20/100
|move|p2a: Slowking|Scald|p1a: landorustherian
|-supereffective|p1a: landorustherian
|-damage|p1a: landorustherian|0 fnt
|faint|p1a: landorustherian
|
|upkeep
|
|t:|1663841460
|switch|p1a: Tangrowth|Tangrowth, F|45/100
|turn|44
|
|t:|1663841465
|move|p1a: Tangrowth|Giga Drain|p2a: Slowking
|-supereffective|p2a: Slowking
|-damage|p2a: Slowking|0 fnt
|-heal|p1a: Tangrowth|54/100|[from] drain|[of] p2a: Slowking
|faint|p2a: Slowking
|
|win|minimax_ai
|raw|minimax_ai's rating: 1666 &rarr; <strong>1687</strong><br />(+21 for winning)
|raw|gotsnsd's rating: 1684 &rarr; <strong>1663</strong><br />(-21 for losing)
|c|☆minimax_ai|gg
