|j|☆memossbm
|j|☆big boss 447
|t:|1648695133
|gametype|singles
|player|p1|memossbm|valerie|1590
|player|p2|big boss 447|harlequin|1751
|teamsize|p1|6
|teamsize|p2|6
|gen|8
|tier|[Gen 8] OU
|rated|
|rule|Sleep Clause Mod: Limit one foe put to sleep
|rule|Species Clause: Limit one of each Pokémon
|rule|OHKO Clause: OHKO moves are banned
|rule|Evasion Moves Clause: Evasion moves are banned
|rule|Endless Battle Clause: Forcing endless battles is banned
|rule|HP Percentage Mod: HP is shown in percentages
|rule|Dynamax Clause: You cannot dynamax
|clearpoke
|poke|p1|Kartana|
|poke|p1|Landorus-Therian, M|
|poke|p1|Volcanion|
|poke|p1|Melmetal|
|poke|p1|Zapdos|
|poke|p1|Weavile, F|
|poke|p2|Chandelure, M|
|poke|p2|Dragapult, F|
|poke|p2|Blacephalon|
|poke|p2|Kommo-o, F|
|poke|p2|Garchomp, F|
|poke|p2|Tapu Fini|
|teampreview
|inactive|Battle timer is ON: inactive players will automatically lose when time's up. (requested by big boss 447)
|inactive|memossbm also wants the timer to be on.
|
|t:|1648695144
|start
|switch|p1a: Kartana|Kartana|100/100
|switch|p2a: Dragapult|Dragapult, F|100/100
|turn|1
|
|t:|1648695152
|switch|p1a: Volcanion|Volcanion|100/100
|switch|p2a: Kommo-o|Kommo-o, F|100/100
|
|upkeep
|turn|2
|
|t:|1648695158
|switch|p1a: Zapdos|Zapdos, shiny|100/100
|move|p2a: Kommo-o|Stealth Rock|p1a: Zapdos
|-sidestart|p1: memossbm|move: Stealth Rock
|
|upkeep
|turn|3
|
|t:|1648695172
|move|p1a: Zapdos|Defog|p2a: Kommo-o
|-unboost|p2a: Kommo-o|evasion|1
|-sideend|p1: memossbm|Stealth Rock|[from] move: Defog|[of] p1a: Zapdos
|move|p2a: Kommo-o|Toxic|p1a: Zapdos
|-status|p1a: Zapdos|tox
|
|-damage|p1a: Zapdos|94/100 tox|[from] psn
|upkeep
|turn|4
|
|t:|1648695178
|move|p1a: Zapdos|Hurricane|p2a: Kommo-o
|-supereffective|p2a: Kommo-o
|-crit|p2a: Kommo-o
|-damage|p2a: Kommo-o|0 fnt
|faint|p2a: Kommo-o
|
|-damage|p1a: Zapdos|82/100 tox|[from] psn
|upkeep
|
|t:|1648695187
|switch|p2a: Chandelure|Chandelure, M|100/100
|turn|5
|
|t:|1648695194
|switch|p1a: Landorus|Landorus-Therian, M, shiny|100/100
|-ability|p1a: Landorus|Intimidate|boost
|-unboost|p2a: Chandelure|atk|1
|move|p2a: Chandelure|Shadow Ball|p1a: Landorus
|-damage|p1a: Landorus|46/100
|
|-heal|p1a: Landorus|52/100|[from] item: Leftovers
|upkeep
|turn|6
|
|t:|1648695201
|switch|p1a: Weavile|Weavile, F|100/100
|-ability|p1a: Weavile|Pressure
|move|p2a: Chandelure|Shadow Ball|p1a: Weavile
|-resisted|p1a: Weavile
|-damage|p1a: Weavile|52/100
|
|upkeep
|turn|7
|
|t:|1648695206
|switch|p2a: Tapu Fini|Tapu Fini|100/100
|-fieldstart|move: Misty Terrain|[from] ability: Misty Surge|[of] p2a: Tapu Fini
|-item|p2a: Tapu Fini|Air Balloon
|move|p1a: Weavile|Beat Up|p2a: Tapu Fini
|-resisted|p2a: Tapu Fini
|-damage|p2a: Tapu Fini|96/100
|-enditem|p2a: Tapu Fini|Air Balloon
|-resisted|p2a: Tapu Fini
|-damage|p2a: Tapu Fini|90/100
|-resisted|p2a: Tapu Fini
|-damage|p2a: Tapu Fini|85/100
|-resisted|p2a: Tapu Fini
|-damage|p2a: Tapu Fini|81/100
|-resisted|p2a: Tapu Fini
|-damage|p2a: Tapu Fini|75/100
|-hitcount|p2a: Tapu Fini|5
|
|upkeep
|turn|8
|
|t:|1648695214
|switch|p1a: Volcanion|Volcanion|100/100
|switch|p2a: Dragapult|Dragapult, F|100/100
|
|upkeep
|turn|9
|
|t:|1648695232
|switch|p1a: Melmetal|Melmetal, shiny|100/100
|move|p2a: Dragapult|Shadow Ball|p1a: Melmetal
|-damage|p1a: Melmetal|67/100
|
|upkeep
|turn|10
|
|t:|1648695241
|switch|p2a: Garchomp|Garchomp, F|100/100
|switch|p1a: Weavile|Weavile, F|52/100
|-ability|p1a: Weavile|Pressure
|
|upkeep
|turn|11
|
|t:|1648695246
|switch|p2a: Tapu Fini|Tapu Fini|75/100
|move|p1a: Weavile|Triple Axel|p2a: Tapu Fini
|-resisted|p2a: Tapu Fini
|-damage|p2a: Tapu Fini|70/100
|-resisted|p2a: Tapu Fini
|-damage|p2a: Tapu Fini|60/100
|-resisted|p2a: Tapu Fini
|-damage|p2a: Tapu Fini|45/100
|-hitcount|p2a: Tapu Fini|3
|
|-fieldend|Misty Terrain
|upkeep
|turn|12
|
|t:|1648695261
|switch|p1a: Zapdos|Zapdos, shiny|82/100 tox
|switch|p2a: Dragapult|Dragapult, F|100/100
|
|-damage|p1a: Zapdos|75/100 tox|[from] psn
|upkeep
|turn|13
|
|t:|1648695271
|move|p2a: Dragapult|Shadow Ball|p1a: Zapdos
|-damage|p1a: Zapdos|20/100 tox
|move|p1a: Zapdos|Roost|p1a: Zapdos
|-heal|p1a: Zapdos|70/100 tox
|-singleturn|p1a: Zapdos|move: Roost
|
|-damage|p1a: Zapdos|58/100 tox|[from] psn
|upkeep
|turn|14
|
|t:|1648695278
|move|p2a: Dragapult|Shadow Ball|p1a: Zapdos
|-damage|p1a: Zapdos|2/100 tox
|move|p1a: Zapdos|Volt Switch|p2a: Dragapult
|-resisted|p2a: Dragapult
|-damage|p2a: Dragapult|80/100
|
|t:|1648695293
|switch|p1a: Weavile|Weavile, F|52/100|[from]move: Volt Switch
|-ability|p1a: Weavile|Pressure
|
|upkeep
|turn|15
|
|t:|1648695302
|move|p2a: Dragapult|Shadow Ball|p1a: Weavile
|-resisted|p1a: Weavile
|-crit|p1a: Weavile
|-damage|p1a: Weavile|0 fnt
|faint|p1a: Weavile
|
|upkeep
|inactive|memossbm has 120 seconds left.
|c|☆memossbm|wtf kind of play is that to stay in ona weavile and pray 4 crit
|c|☆memossbm|so lucky and garbvge
|
|t:|1648695344
|switch|p1a: Kartana|Kartana|100/100
|turn|16
|
|t:|1648695350
|move|p1a: Kartana|Knock Off|p2a: Dragapult
|-supereffective|p2a: Dragapult
|-damage|p2a: Dragapult|0 fnt
|-enditem|p2a: Dragapult|Choice Specs|[from] move: Knock Off|[of] p1a: Kartana
|faint|p2a: Dragapult
|-ability|p1a: Kartana|Beast Boost|boost
|-boost|p1a: Kartana|atk|1
|
|upkeep
|
|t:|1648695354
|switch|p2a: Garchomp|Garchomp, F|100/100
|turn|17
|
|t:|1648695357
|switch|p1a: Zapdos|Zapdos, shiny|2/100 tox
|move|p2a: Garchomp|Fire Fang|p1a: Zapdos|[miss]
|-miss|p2a: Garchomp|p1a: Zapdos
|
|-damage|p1a: Zapdos|0 fnt|[from] psn
|faint|p1a: Zapdos
|upkeep
|
|t:|1648695361
|switch|p1a: Landorus|Landorus-Therian, M, shiny|52/100
|-ability|p1a: Landorus|Intimidate|boost
|-unboost|p2a: Garchomp|atk|1
|turn|18
|c|☆big boss 447|it’s called in running triple ghost and have no switch in anyway
|inactive|big boss 447 has 120 seconds left.
|c|☆big boss 447|make your own teams and go back to melee
|
|t:|1648695419
|move|p2a: Garchomp|Scale Shot|p1a: Landorus
|-damage|p1a: Landorus|41/100
|-damage|p1a: Landorus|29/100
|-damage|p1a: Landorus|18/100
|-hitcount|p1a: Landorus|3
|-unboost|p2a: Garchomp|def|1
|-boost|p2a: Garchomp|spe|1
|-damage|p2a: Garchomp|91/100|[from] item: Life Orb
|move|p1a: Landorus|Stealth Rock|p2a: Garchomp
|-sidestart|p2: big boss 447|move: Stealth Rock
|
|-heal|p1a: Landorus|24/100|[from] item: Leftovers
|upkeep
|turn|19
|n|!memossbm|memossbm
|
|t:|1648695445
|move|p2a: Garchomp|Scale Shot|p1a: Landorus|[miss]
|-miss|p2a: Garchomp|p1a: Landorus
|move|p1a: Landorus|Earthquake|p2a: Garchomp
|-damage|p2a: Garchomp|23/100
|
|-heal|p1a: Landorus|30/100|[from] item: Leftovers
|upkeep
|turn|20
|
|t:|1648695453
|switch|p1a: Melmetal|Melmetal, shiny|67/100
|move|p2a: Garchomp|Scale Shot|p1a: Melmetal
|-resisted|p1a: Melmetal
|-damage|p1a: Melmetal|64/100
|-resisted|p1a: Melmetal
|-damage|p1a: Melmetal|61/100
|-hitcount|p1a: Melmetal|2
|-unboost|p2a: Garchomp|def|1
|-boost|p2a: Garchomp|spe|1
|-damage|p2a: Garchomp|13/100|[from] item: Life Orb
|
|upkeep
|turn|21
|
|t:|1648695459
|switch|p1a: Landorus|Landorus-Therian, M, shiny|30/100
|-ability|p1a: Landorus|Intimidate|boost
|-unboost|p2a: Garchomp|atk|1
|move|p2a: Garchomp|Swords Dance|p2a: Garchomp
|-boost|p2a: Garchomp|atk|2
|
|-heal|p1a: Landorus|36/100|[from] item: Leftovers
|upkeep
|turn|22
|
|t:|1648695468
|switch|p1a: Melmetal|Melmetal, shiny|61/100
|move|p2a: Garchomp|Fire Fang|p1a: Melmetal
|-supereffective|p1a: Melmetal
|-damage|p1a: Melmetal|25/100
|-damage|p2a: Garchomp|3/100|[from] item: Life Orb
|
|upkeep
|turn|23
|
|t:|1648695472
|switch|p1a: Landorus|Landorus-Therian, M, shiny|36/100
|-ability|p1a: Landorus|Intimidate|boost
|-unboost|p2a: Garchomp|atk|1
|move|p2a: Garchomp|Scale Shot|p1a: Landorus
|-damage|p1a: Landorus|24/100
|-damage|p1a: Landorus|13/100
|-damage|p1a: Landorus|3/100
|-hitcount|p1a: Landorus|3
|-unboost|p2a: Garchomp|def|1
|-boost|p2a: Garchomp|spe|1
|-damage|p2a: Garchomp|0 fnt|[from] item: Life Orb
|faint|p2a: Garchomp
|
|-heal|p1a: Landorus|9/100|[from] item: Leftovers
|upkeep
|
|t:|1648695491
|switch|p2a: Blacephalon|Blacephalon|100/100
|-damage|p2a: Blacephalon|76/100|[from] Stealth Rock
|turn|24
|
|t:|1648695498
|move|p2a: Blacephalon|Shadow Ball|p1a: Landorus
|-damage|p1a: Landorus|0 fnt
|faint|p1a: Landorus
|-ability|p2a: Blacephalon|Beast Boost|boost
|-boost|p2a: Blacephalon|spa|1
|
|upkeep
|
|t:|1648695500
|switch|p1a: Kartana|Kartana|100/100
|turn|25
|
|t:|1648695503
|move|p1a: Kartana|Knock Off|p2a: Blacephalon
|-supereffective|p2a: Blacephalon
|-damage|p2a: Blacephalon|0 fnt
|-enditem|p2a: Blacephalon|Choice Scarf|[from] move: Knock Off|[of] p1a: Kartana
|faint|p2a: Blacephalon
|-ability|p1a: Kartana|Beast Boost|boost
|-boost|p1a: Kartana|atk|1
|
|upkeep
|
|t:|1648695504
|switch|p2a: Tapu Fini|Tapu Fini|45/100
|-damage|p2a: Tapu Fini|32/100|[from] Stealth Rock
|-fieldstart|move: Misty Terrain|[from] ability: Misty Surge|[of] p2a: Tapu Fini
|turn|26
|
|t:|1648695508
|switch|p1a: Volcanion|Volcanion|100/100
|switch|p2a: Chandelure|Chandelure, M|100/100
|-damage|p2a: Chandelure|76/100|[from] Stealth Rock
|
|upkeep
|turn|27
|
|t:|1648695510
|move|p1a: Volcanion|Earth Power|p2a: Chandelure
|-supereffective|p2a: Chandelure
|-damage|p2a: Chandelure|0 fnt
|faint|p2a: Chandelure
|
|upkeep
|
|t:|1648695512
|switch|p2a: Tapu Fini|Tapu Fini|32/100
|-damage|p2a: Tapu Fini|20/100|[from] Stealth Rock
|turn|28
|
|t:|1648695520
|move|p1a: Volcanion|Sludge Wave|p2a: Tapu Fini
|-supereffective|p2a: Tapu Fini
|-damage|p2a: Tapu Fini|0 fnt
|faint|p2a: Tapu Fini
|
|win|memossbm
|raw|memossbm's rating: 1590 &rarr; <strong>1619</strong><br />(+29 for winning)
|raw|big boss 447's rating: 1751 &rarr; <strong>1722</strong><br />(-29 for losing)
