|html|<div class="broadcast-blue"><strong>[Gen 8] OU is currently suspecting Melmetal! For information on how to participate check out the <a href="https://www.smogon.com/forums/threads/np-ss-ou-suspect-process-round-12-monster-mash.3709234/">suspect thread</a>.</strong></div>
|j|☆Elite4donovan
|j|☆LaxativeCement
|t:|1666756955
|gametype|singles
|player|p1|Elite4donovan|lucas|1601
|player|p2|LaxativeCement|lucas|1600
|teamsize|p1|6
|teamsize|p2|6
|gen|8
|tier|[Gen 8] OU
|rated|
|rule|Sleep Clause Mod: Limit one foe put to sleep
|rule|Species Clause: Limit one of each Pokémon
|rule|OHKO Clause: OHKO moves are banned
|rule|Evasion Items Clause: Evasion items are banned
|rule|Evasion Moves Clause: Evasion moves are banned
|rule|Endless Battle Clause: Forcing endless battles is banned
|rule|HP Percentage Mod: HP is shown in percentages
|rule|Dynamax Clause: You cannot dynamax
|clearpoke
|poke|p1|Haxorus, M|
|poke|p1|Excadrill, F|
|poke|p1|Moltres-Galar|
|poke|p1|Kartana|
|poke|p1|Mimikyu, M|
|poke|p1|Volcarona, F|
|poke|p2|Garchomp, F|
|poke|p2|Blaziken, M|
|poke|p2|Kartana|
|poke|p2|Dragonite, F|
|poke|p2|Magnezone|
|poke|p2|Zapdos|
|teampreview
|inactive|Battle timer is ON: inactive players will automatically lose when time's up. (requested by LaxativeCement)
|
|t:|1666756963
|start
|switch|p1a: Excadrill|Excadrill, F|100/100
|switch|p2a: Gameshark|Garchomp, F|100/100
|-ability|p1a: Excadrill|Mold Breaker
|turn|1
|
|t:|1666756966
|move|p2a: Gameshark|Earthquake|p1a: Excadrill
|-supereffective|p1a: Excadrill
|-enditem|p1a: Excadrill|Focus Sash
|-damage|p1a: Excadrill|1/100
|move|p1a: Excadrill|Stealth Rock|p2a: Gameshark
|-sidestart|p2: LaxativeCement|move: Stealth Rock
|
|upkeep
|turn|2
|
|t:|1666756970
|move|p2a: Gameshark|Stealth Rock|p1a: Excadrill
|-sidestart|p1: Elite4donovan|move: Stealth Rock
|move|p1a: Excadrill|Earthquake|p2a: Gameshark
|-damage|p2a: Gameshark|55/100
|
|upkeep
|turn|3
|
|t:|1666756974
|move|p2a: Gameshark|Earthquake|p1a: Excadrill
|-supereffective|p1a: Excadrill
|-damage|p1a: Excadrill|0 fnt
|faint|p1a: Excadrill
|
|upkeep
|
|t:|1666756983
|switch|p1a: Kartana|Kartana|100/100
|-damage|p1a: Kartana|94/100|[from] Stealth Rock
|turn|4
|
|t:|1666756989
|switch|p2a: Big Bird|Zapdos|100/100
|move|p1a: Kartana|Knock Off|p2a: Big Bird
|-damage|p2a: Big Bird|65/100
|-enditem|p2a: Big Bird|Heavy-Duty Boots|[from] move: Knock Off|[of] p1a: Kartana
|
|upkeep
|turn|5
|j| b418hz
|
|t:|1666757000
|switch|p1a: Haxorus|Haxorus, M|100/100
|-damage|p1a: Haxorus|88/100|[from] Stealth Rock
|-ability|p1a: Haxorus|Mold Breaker
|move|p2a: Big Bird|Heat Wave|p1a: Haxorus
|-resisted|p1a: Haxorus
|-damage|p1a: Haxorus|69/100
|
|upkeep
|turn|6
|
|t:|1666757011
|move|p1a: Haxorus|Dragon Dance|p1a: Haxorus
|-boost|p1a: Haxorus|atk|1
|-boost|p1a: Haxorus|spe|1
|move|p2a: Big Bird|Volt Switch|p1a: Haxorus
|-resisted|p1a: Haxorus
|-damage|p1a: Haxorus|48/100
|
|t:|1666757016
|switch|p2a: Mario Kart|Kartana|100/100|[from]move: Volt Switch
|-damage|p2a: Mario Kart|94/100|[from] Stealth Rock
|
|upkeep
|turn|7
|
|t:|1666757022
|switch|p1a: Volcarona|Volcarona, F|100/100
|move|p2a: Mario Kart|Smart Strike|p1a: Volcarona
|-resisted|p1a: Volcarona
|-damage|p1a: Volcarona|63/100
|
|upkeep
|turn|8
|
|t:|1666757026
|switch|p2a: Gameshark|Garchomp, F|55/100
|-damage|p2a: Gameshark|48/100|[from] Stealth Rock
|move|p1a: Volcarona|Quiver Dance|p1a: Volcarona
|-boost|p1a: Volcarona|spa|1
|-boost|p1a: Volcarona|spd|1
|-boost|p1a: Volcarona|spe|1
|
|upkeep
|turn|9
|
|t:|1666757031
|move|p1a: Volcarona|Bug Buzz|p2a: Gameshark
|-damage|p2a: Gameshark|0 fnt
|faint|p2a: Gameshark
|
|upkeep
|
|t:|1666757036
|switch|p2a: Mario Kart|Kartana|94/100
|-damage|p2a: Mario Kart|88/100|[from] Stealth Rock
|turn|10
|
|t:|1666757039
|move|p2a: Mario Kart|Knock Off|p1a: Volcarona
|-damage|p1a: Volcarona|0 fnt
|-enditem|p1a: Volcarona|Heavy-Duty Boots|[from] move: Knock Off|[of] p2a: Mario Kart
|faint|p1a: Volcarona
|-ability|p2a: Mario Kart|Beast Boost|boost
|-boost|p2a: Mario Kart|atk|1
|
|upkeep
|
|t:|1666757044
|switch|p1a: Moltres|Moltres-Galar|100/100
|-damage|p1a: Moltres|76/100|[from] Stealth Rock
|turn|11
|
|t:|1666757055
|switch|p2a: Big Bird|Zapdos|65/100
|-damage|p2a: Big Bird|40/100|[from] Stealth Rock
|move|p1a: Moltres|Agility|p1a: Moltres
|-boost|p1a: Moltres|spe|2
|
|upkeep
|turn|12
|
|t:|1666757066
|move|p1a: Moltres|Nasty Plot|p1a: Moltres
|-boost|p1a: Moltres|spa|2
|move|p2a: Big Bird|Volt Switch|p1a: Moltres
|-supereffective|p1a: Moltres
|-damage|p1a: Moltres|23/100
|-enditem|p1a: Moltres|Weakness Policy
|-boost|p1a: Moltres|atk|2|[from] item: Weakness Policy
|-boost|p1a: Moltres|spa|2|[from] item: Weakness Policy
|-ability|p1a: Moltres|Berserk|boost
|-boost|p1a: Moltres|spa|1
|
|t:|1666757072
|switch|p2a: Dragginballz|Dragonite, F|100/100|[from]move: Volt Switch
|
|upkeep
|turn|13
|
|t:|1666757085
|move|p2a: Dragginballz|Extreme Speed|p1a: Moltres
|-damage|p1a: Moltres|0 fnt
|faint|p1a: Moltres
|
|upkeep
|
|t:|1666757091
|switch|p1a: Haxorus|Haxorus, M|48/100
|-damage|p1a: Haxorus|36/100|[from] Stealth Rock
|-ability|p1a: Haxorus|Mold Breaker
|turn|14
|
|t:|1666757096
|switch|p2a: Big Bird|Zapdos|40/100
|-damage|p2a: Big Bird|15/100|[from] Stealth Rock
|move|p1a: Haxorus|Outrage|p2a: Big Bird
|-damage|p2a: Big Bird|0 fnt
|faint|p2a: Big Bird
|-damage|p1a: Haxorus|26/100|[from] item: Life Orb
|
|upkeep
|l| b418hz
|
|t:|1666757111
|switch|p2a: IN MY ZONE|Magnezone|100/100
|-damage|p2a: IN MY ZONE|94/100|[from] Stealth Rock
|turn|15
|
|t:|1666757131
|move|p1a: Haxorus|Outrage|p2a: IN MY ZONE|[from]lockedmove
|-resisted|p2a: IN MY ZONE
|-damage|p2a: IN MY ZONE|42/100
|-damage|p1a: Haxorus|16/100|[from] item: Life Orb
|move|p2a: IN MY ZONE|Volt Switch|p1a: Haxorus
|-resisted|p1a: Haxorus
|-damage|p1a: Haxorus|0 fnt
|faint|p1a: Haxorus
|inactive|LaxativeCement has 120 seconds left.
|
|t:|1666757150
|switch|p2a: KFC|Blaziken, M|100/100|[from]move: Volt Switch
|-damage|p2a: KFC|88/100|[from] Stealth Rock
|
|upkeep
|
|t:|1666757153
|switch|p1a: Mimikyu|Mimikyu, M|100/100
|-damage|p1a: Mimikyu|88/100|[from] Stealth Rock
|turn|16
|
|t:|1666757160
|move|p1a: Mimikyu|Play Rough|p2a: KFC
|-damage|p2a: KFC|5/100
|-damage|p1a: Mimikyu|78/100|[from] item: Life Orb
|move|p2a: KFC|Earthquake|p1a: Mimikyu
|-activate|p1a: Mimikyu|ability: Disguise
|-damage|p1a: Mimikyu|78/100
|detailschange|p1a: Mimikyu|Mimikyu-Busted, M
|-damage|p1a: Mimikyu|66/100|[from] pokemon: Mimikyu-Busted
|-damage|p2a: KFC|0 fnt|[from] item: Life Orb
|faint|p2a: KFC
|
|upkeep
|inactive|LaxativeCement has 120 seconds left.
|
|t:|1666757181
|switch|p2a: Mario Kart|Kartana|88/100
|-damage|p2a: Mario Kart|82/100|[from] Stealth Rock
|turn|17
|
|t:|1666757195
|move|p2a: Mario Kart|Knock Off|p1a: Mimikyu
|-damage|p1a: Mimikyu|0 fnt
|-enditem|p1a: Mimikyu|Life Orb|[from] move: Knock Off|[of] p2a: Mario Kart
|faint|p1a: Mimikyu
|-ability|p2a: Mario Kart|Beast Boost|boost
|-boost|p2a: Mario Kart|atk|1
|
|upkeep
|
|t:|1666757198
|switch|p1a: Kartana|Kartana|94/100
|-damage|p1a: Kartana|88/100|[from] Stealth Rock
|turn|18
|inactive|LaxativeCement has 120 seconds left.
|
|t:|1666757208
|switch|p2a: IN MY ZONE|Magnezone|42/100
|-damage|p2a: IN MY ZONE|36/100|[from] Stealth Rock
|move|p1a: Kartana|Knock Off|p2a: IN MY ZONE
|-damage|p2a: IN MY ZONE|0 fnt
|-enditem|p2a: IN MY ZONE|Assault Vest|[from] move: Knock Off|[of] p1a: Kartana
|faint|p2a: IN MY ZONE
|-ability|p1a: Kartana|Beast Boost|boost
|-boost|p1a: Kartana|atk|1
|
|upkeep
|
|t:|1666757214
|switch|p2a: Mario Kart|Kartana|82/100
|-damage|p2a: Mario Kart|76/100|[from] Stealth Rock
|turn|19
|inactive|LaxativeCement has 120 seconds left.
|
|t:|1666757221
|move|p1a: Kartana|Knock Off|p2a: Mario Kart
|-damage|p2a: Mario Kart|3/100
|-enditem|p2a: Mario Kart|Choice Scarf|[from] move: Knock Off|[of] p1a: Kartana
|move|p2a: Mario Kart|Sacred Sword|p1a: Kartana
|-supereffective|p1a: Kartana
|-damage|p1a: Kartana|2/100
|
|upkeep
|turn|20
|c|☆LaxativeCement|gg
|
|t:|1666757229
|move|p1a: Kartana|Knock Off|p2a: Mario Kart
|-damage|p2a: Mario Kart|0 fnt
|faint|p2a: Mario Kart
|-ability|p1a: Kartana|Beast Boost|boost
|-boost|p1a: Kartana|atk|1
|
|upkeep
|c|☆Elite4donovan|gg
|-message|Elite4donovan forfeited.
|
|win|LaxativeCement
|raw|Elite4donovan's rating: 1601 &rarr; <strong>1581</strong><br />(-20 for losing)
|raw|LaxativeCement's rating: 1600 &rarr; <strong>1620</strong><br />(+20 for winning)
|l|☆Elite4donovan
||Ladder isn't responding, score probably updated but might not have (Internal Server Error).
