|j|☆8balljacketguy
|j|☆minimax_ai
|t:|1661317690
|gametype|singles
|player|p1|8balljacketguy|red|1486
|player|p2|minimax_ai|lusamine-nihilego|1541
|teamsize|p1|6
|teamsize|p2|6
|gen|8
|tier|[Gen 8] OU
|rated|
|rule|Sleep Clause Mod: Limit one foe put to sleep
|rule|Species Clause: Limit one of each Pokémon
|rule|OHKO Clause: OHKO moves are banned
|rule|Evasion Items Clause: Evasion items are banned
|rule|Evasion Moves Clause: Evasion moves are banned
|rule|Endless Battle Clause: Forcing endless battles is banned
|rule|HP Percentage Mod: HP is shown in percentages
|rule|Dynamax Clause: You cannot dynamax
|clearpoke
|poke|p1|Registeel|
|poke|p1|Rillaboom, F|
|poke|p1|Alakazam, F|
|poke|p1|Mew|
|poke|p1|Volcarona, M|
|poke|p1|Milotic, F|
|poke|p2|Rotom-Wash|
|poke|p2|Weavile, F|
|poke|p2|Landorus-Therian, M|
|poke|p2|Heatran, M|
|poke|p2|Tangrowth, M|
|poke|p2|Melmetal|
|teampreview
|inactive|Battle timer is ON: inactive players will automatically lose when time's up. (requested by 8balljacketguy)
|c|☆minimax_ai|hf
|inactive|minimax_ai also wants the timer to be on.
|
|t:|1661317700
|start
|switch|p1a: Alakazam|Alakazam, F, shiny|100/100
|switch|p2a: rotomwash|Rotom-Wash|100/100
|turn|1
|
|t:|1661317703
|switch|p1a: Rillaboom|Rillaboom, F|100/100
|-fieldstart|move: Grassy Terrain|[from] ability: Grassy Surge|[of] p1a: Rillaboom
|move|p2a: rotomwash|Thunderbolt|p1a: Rillaboom
|-resisted|p1a: Rillaboom
|-damage|p1a: Rillaboom|78/100
|
|-heal|p1a: Rillaboom|84/100|[from] Grassy Terrain
|upkeep
|turn|2
|
|t:|1661317708
|switch|p2a: Tangrowth|Tangrowth, M|100/100
|move|p1a: Rillaboom|U-turn|p2a: Tangrowth
|-supereffective|p2a: Tangrowth
|-damage|p2a: Tangrowth|60/100
|-damage|p1a: Rillaboom|68/100|[from] item: Rocky Helmet|[of] p2a: Tangrowth
|
|t:|1661317711
|switch|p1a: Volcarona|Volcarona, M|100/100|[from]move: U-turn
|
|-heal|p2a: Tangrowth|66/100|[from] Grassy Terrain
|upkeep
|turn|3
|
|t:|1661317719
|switch|p1a: Milotic|Milotic, F|100/100
|switch|p2a: Heatran|Heatran, M|100/100
|-item|p2a: Heatran|Air Balloon
|
|upkeep
|turn|4
|
|t:|1661317722
|switch|p2a: rotomwash|Rotom-Wash|100/100
|move|p1a: Milotic|Scald|p2a: rotomwash
|-resisted|p2a: rotomwash
|-damage|p2a: rotomwash|85/100
|
|-heal|p2a: rotomwash|91/100|[from] item: Leftovers
|upkeep
|turn|5
|
|t:|1661317724
|move|p2a: rotomwash|Thunderbolt|p1a: Milotic
|-supereffective|p1a: Milotic
|-damage|p1a: Milotic|62/100
|move|p1a: Milotic|Mirror Coat|p2a: rotomwash
|-damage|p2a: rotomwash|0 fnt
|faint|p2a: rotomwash
|
|-heal|p1a: Milotic|68/100|[from] Grassy Terrain
|-heal|p1a: Milotic|74/100|[from] item: Leftovers
|-fieldend|move: Grassy Terrain
|upkeep
|
|t:|1661317724
|switch|p2a: Melmetal|Melmetal|100/100
|turn|6
|
|t:|1661317729
|move|p1a: Milotic|Scald|p2a: Melmetal
|-damage|p2a: Melmetal|85/100
|move|p2a: Melmetal|Thunder Punch|p1a: Milotic
|-supereffective|p1a: Milotic
|-damage|p1a: Milotic|7/100
|-status|p1a: Milotic|par
|
|-heal|p1a: Milotic|13/100 par|[from] item: Leftovers
|upkeep
|turn|7
|
|t:|1661317732
|move|p2a: Melmetal|Double Iron Bash|p1a: Milotic
|-resisted|p1a: Milotic
|-damage|p1a: Milotic|0 fnt
|faint|p1a: Milotic
|-hitcount|p1: Milotic|1
|
|upkeep
|
|t:|1661317740
|switch|p1a: Volcarona|Volcarona, M|100/100
|turn|8
|
|t:|1661317744
|switch|p1a: Rillaboom|Rillaboom, F|68/100
|-fieldstart|move: Grassy Terrain|[from] ability: Grassy Surge|[of] p1a: Rillaboom
|switch|p2a: landorustherian|Landorus-Therian, M|100/100
|-ability|p2a: landorustherian|Intimidate|boost
|-unboost|p1a: Rillaboom|atk|1
|
|-heal|p1a: Rillaboom|74/100|[from] Grassy Terrain
|upkeep
|turn|9
|
|t:|1661317747
|move|p1a: Rillaboom|Wood Hammer|p2a: landorustherian
|-damage|p2a: landorustherian|27/100
|-damage|p1a: Rillaboom|47/100|[from] Recoil
|move|p2a: landorustherian|Toxic|p1a: Rillaboom
|-status|p1a: Rillaboom|tox
|
|-heal|p1a: Rillaboom|53/100 tox|[from] Grassy Terrain
|-heal|p2a: landorustherian|33/100|[from] item: Leftovers
|-damage|p1a: Rillaboom|47/100 tox|[from] psn
|upkeep
|turn|10
|
|t:|1661317751
|switch|p1a: Volcarona|Volcarona, M|100/100
|switch|p2a: Heatran|Heatran, M|100/100
|-item|p2a: Heatran|Air Balloon
|
|upkeep
|turn|11
|
|t:|1661317755
|switch|p1a: Rillaboom|Rillaboom, F|47/100 tox
|move|p2a: Heatran|Eruption|p1a: Rillaboom
|-supereffective|p1a: Rillaboom
|-damage|p1a: Rillaboom|0 fnt
|faint|p1a: Rillaboom
|
|upkeep
|
|t:|1661317764
|switch|p1a: Alakazam|Alakazam, F, shiny|100/100
|turn|12
|
|t:|1661317765
|move|p1a: Alakazam|Focus Blast|p2a: Heatran
|-supereffective|p2a: Heatran
|-damage|p2a: Heatran|21/100
|-enditem|p2a: Heatran|Air Balloon
|move|p2a: Heatran|Eruption|p1a: Alakazam
|-damage|p1a: Alakazam|76/100
|
|-heal|p1a: Alakazam|82/100|[from] Grassy Terrain
|-heal|p2a: Heatran|27/100|[from] Grassy Terrain
|-fieldend|move: Grassy Terrain
|upkeep
|turn|13
|
|t:|1661317770
|switch|p2a: Melmetal|Melmetal|85/100
|move|p1a: Alakazam|Focus Blast|p2a: Melmetal|[miss]
|-miss|p1a: Alakazam|p2a: Melmetal
|
|upkeep
|turn|14
|
|t:|1661317773
|switch|p1a: Volcarona|Volcarona, M|100/100
|move|p2a: Melmetal|Earthquake|p1a: Volcarona
|-damage|p1a: Volcarona|67/100
|
|upkeep
|turn|15
|
|t:|1661317775
|move|p1a: Volcarona|Roost|p1a: Volcarona
|-heal|p1a: Volcarona|100/100
|-singleturn|p1a: Volcarona|move: Roost
|move|p2a: Melmetal|Earthquake|p1a: Volcarona
|-damage|p1a: Volcarona|66/100
|
|upkeep
|turn|16
|
|t:|1661317778
|move|p1a: Volcarona|Roost|p1a: Volcarona
|-heal|p1a: Volcarona|100/100
|-singleturn|p1a: Volcarona|move: Roost
|move|p2a: Melmetal|Earthquake|p1a: Volcarona
|-damage|p1a: Volcarona|68/100
|
|upkeep
|turn|17
|
|t:|1661317781
|move|p1a: Volcarona|Fiery Dance|p2a: Melmetal
|-supereffective|p2a: Melmetal
|-damage|p2a: Melmetal|47/100
|-boost|p1a: Volcarona|spa|1
|move|p2a: Melmetal|Earthquake|p1a: Volcarona
|-damage|p1a: Volcarona|33/100
|
|upkeep
|turn|18
|
|t:|1661317783
|move|p1a: Volcarona|Roost|p1a: Volcarona
|-heal|p1a: Volcarona|83/100
|-singleturn|p1a: Volcarona|move: Roost
|move|p2a: Melmetal|Earthquake|p1a: Volcarona
|-damage|p1a: Volcarona|49/100
|
|upkeep
|turn|19
|
|t:|1661317785
|move|p1a: Volcarona|Fiery Dance|p2a: Melmetal
|-supereffective|p2a: Melmetal
|-damage|p2a: Melmetal|0 fnt
|-boost|p1a: Volcarona|spa|1
|faint|p2a: Melmetal
|
|upkeep
|
|t:|1661317785
|switch|p2a: Weavile|Weavile, F|100/100
|-ability|p2a: Weavile|Pressure
|turn|20
|
|t:|1661317788
|move|p2a: Weavile|Knock Off|p1a: Volcarona
|-damage|p1a: Volcarona|0 fnt
|-enditem|p1a: Volcarona|Heavy-Duty Boots|[from] move: Knock Off|[of] p2a: Weavile
|faint|p1a: Volcarona
|
|upkeep
|
|t:|1661317792
|switch|p1a: Registeel|Registeel|100/100
|turn|21
|
|t:|1661317794
|switch|p2a: landorustherian|Landorus-Therian, M|33/100
|-ability|p2a: landorustherian|Intimidate|boost
|-fail|p1a: Registeel|unboost|[from] ability: Clear Body|[of] p1a: Registeel
|move|p1a: Registeel|Iron Defense|p1a: Registeel
|-boost|p1a: Registeel|def|2
|
|-heal|p2a: landorustherian|39/100|[from] item: Leftovers
|upkeep
|turn|22
|
|t:|1661317795
|move|p2a: landorustherian|Earthquake|p1a: Registeel
|-supereffective|p1a: Registeel
|-damage|p1a: Registeel|77/100
|move|p1a: Registeel|Iron Defense|p1a: Registeel
|-boost|p1a: Registeel|def|2
|
|-heal|p2a: landorustherian|45/100|[from] item: Leftovers
|upkeep
|turn|23
|
|t:|1661317796
|move|p2a: landorustherian|Earthquake|p1a: Registeel
|-supereffective|p1a: Registeel
|-damage|p1a: Registeel|59/100
|move|p1a: Registeel|Iron Defense|p1a: Registeel
|-boost|p1a: Registeel|def|2
|
|-heal|p2a: landorustherian|51/100|[from] item: Leftovers
|upkeep
|turn|24
|
|t:|1661317797
|switch|p2a: Tangrowth|Tangrowth, M|99/100
|move|p1a: Registeel|Amnesia|p1a: Registeel
|-boost|p1a: Registeel|spd|2
|
|upkeep
|turn|25
|
|t:|1661317799
|move|p1a: Registeel|Amnesia|p1a: Registeel
|-boost|p1a: Registeel|spd|2
|move|p2a: Tangrowth|Sleep Powder|p1a: Registeel
|-status|p1a: Registeel|slp|[from] move: Sleep Powder
|-enditem|p1a: Registeel|Chesto Berry|[eat]
|-curestatus|p1a: Registeel|slp|[msg]
|
|upkeep
|turn|26
|
|t:|1661317800
|move|p1a: Registeel|Amnesia|p1a: Registeel
|-boost|p1a: Registeel|spd|2
|move|p2a: Tangrowth|Sleep Powder|p1a: Registeel
|-status|p1a: Registeel|slp|[from] move: Sleep Powder
|
|upkeep
|turn|27
|
|t:|1661317803
|cant|p1a: Registeel|slp
|move|p2a: Tangrowth|Sleep Powder|p1a: Registeel|[miss]
|-miss|p2a: Tangrowth|p1a: Registeel
|
|upkeep
|turn|28
|
|t:|1661317804
|cant|p1a: Registeel|slp
|move|p2a: Tangrowth|Sleep Powder|p1a: Registeel
|-fail|p1a: Registeel|slp
|
|upkeep
|turn|29
|
|t:|1661317806
|-curestatus|p1a: Registeel|slp|[msg]
|move|p1a: Registeel|Rest|p1a: Registeel
|-status|p1a: Registeel|slp|[from] move: Rest
|-heal|p1a: Registeel|100/100 slp|[silent]
|move|p2a: Tangrowth|Sleep Powder|p1a: Registeel|[miss]
|-miss|p2a: Tangrowth|p1a: Registeel
|
|upkeep
|turn|30
|
|t:|1661317807
|cant|p1a: Registeel|slp
|move|p2a: Tangrowth|Sleep Powder|p1a: Registeel|[miss]
|-miss|p2a: Tangrowth|p1a: Registeel
|
|upkeep
|turn|31
|
|t:|1661317809
|cant|p1a: Registeel|slp
|move|p2a: Tangrowth|Sleep Powder|p1a: Registeel
|-fail|p1a: Registeel|slp
|
|upkeep
|turn|32
|
|t:|1661317810
|-curestatus|p1a: Registeel|slp|[msg]
|move|p1a: Registeel|Body Press|p2a: Tangrowth
|-damage|p2a: Tangrowth|27/100
|-damage|p1a: Registeel|84/100|[from] item: Rocky Helmet|[of] p2a: Tangrowth
|move|p2a: Tangrowth|Sleep Powder|p1a: Registeel
|-status|p1a: Registeel|slp|[from] move: Sleep Powder
|
|upkeep
|turn|33
|
|t:|1661317812
|switch|p2a: Heatran|Heatran, M|27/100
|cant|p1a: Registeel|slp
|
|upkeep
|turn|34
|
|t:|1661317813
|move|p2a: Heatran|Magma Storm|p1a: Registeel
|-supereffective|p1a: Registeel
|-damage|p1a: Registeel|68/100 slp
|-activate|p1a: Registeel|move: Magma Storm|[of] p2a: Heatran
|-curestatus|p1a: Registeel|slp|[msg]
|move|p1a: Registeel|Body Press|p2a: Heatran
|-supereffective|p2a: Heatran
|-damage|p2a: Heatran|0 fnt
|faint|p2a: Heatran
|
|-end|p1a: Registeel|Magma Storm|[partiallytrapped]|[silent]
|upkeep
|
|t:|1661317813
|switch|p2a: Tangrowth|Tangrowth, M|61/100
|turn|35
|
|t:|1661317815
|switch|p2a: landorustherian|Landorus-Therian, M|51/100
|-ability|p2a: landorustherian|Intimidate|boost
|-fail|p1a: Registeel|unboost|[from] ability: Clear Body|[of] p1a: Registeel
|move|p1a: Registeel|Body Press|p2a: landorustherian
|-resisted|p2a: landorustherian
|-damage|p2a: landorustherian|0 fnt
|faint|p2a: landorustherian
|
|upkeep
|
|t:|1661317815
|switch|p2a: Tangrowth|Tangrowth, M|94/100
|turn|36
|
|t:|1661317816
|move|p1a: Registeel|Body Press|p2a: Tangrowth
|-damage|p2a: Tangrowth|33/100
|-damage|p1a: Registeel|51/100|[from] item: Rocky Helmet|[of] p2a: Tangrowth
|move|p2a: Tangrowth|Sleep Powder|p1a: Registeel
|-status|p1a: Registeel|slp|[from] move: Sleep Powder
|
|upkeep
|turn|37
|
|t:|1661317818
|cant|p1a: Registeel|slp
|move|p2a: Tangrowth|Focus Blast|p1a: Registeel
|-supereffective|p1a: Registeel
|-damage|p1a: Registeel|42/100 slp
|
|upkeep
|turn|38
|
|t:|1661317819
|cant|p1a: Registeel|slp
|move|p2a: Tangrowth|Focus Blast|p1a: Registeel|[miss]
|-miss|p2a: Tangrowth|p1a: Registeel
|
|upkeep
|turn|39
|
|t:|1661317820
|-curestatus|p1a: Registeel|slp|[msg]
|move|p1a: Registeel|Rest|p1a: Registeel
|-status|p1a: Registeel|slp|[from] move: Rest
|-heal|p1a: Registeel|100/100 slp|[silent]
|move|p2a: Tangrowth|Focus Blast|p1a: Registeel|[miss]
|-miss|p2a: Tangrowth|p1a: Registeel
|
|upkeep
|turn|40
|
|t:|1661317821
|cant|p1a: Registeel|slp
|move|p2a: Tangrowth|Focus Blast|p1a: Registeel
|-supereffective|p1a: Registeel
|-damage|p1a: Registeel|91/100 slp
|
|upkeep
|turn|41
|
|t:|1661317822
|cant|p1a: Registeel|slp
|move|p2a: Tangrowth|Focus Blast|p1a: Registeel
|-supereffective|p1a: Registeel
|-damage|p1a: Registeel|81/100 slp
|
|upkeep
|turn|42
|
|t:|1661317823
|-curestatus|p1a: Registeel|slp|[msg]
|move|p1a: Registeel|Body Press|p2a: Tangrowth
|-damage|p2a: Tangrowth|0 fnt
|-damage|p1a: Registeel|65/100|[from] item: Rocky Helmet|[of] p2a: Tangrowth
|faint|p2a: Tangrowth
|
|upkeep
|
|t:|1661317823
|switch|p2a: Weavile|Weavile, F|100/100
|-ability|p2a: Weavile|Pressure
|turn|43
|
|t:|1661317824
|move|p2a: Weavile|Low Kick|p1a: Registeel
|-supereffective|p1a: Registeel
|-damage|p1a: Registeel|49/100
|move|p1a: Registeel|Body Press|p2a: Weavile
|-supereffective|p2a: Weavile
|-damage|p2a: Weavile|0 fnt
|faint|p2a: Weavile
|
|win|8balljacketguy
|raw|8balljacketguy's rating: 1486 &rarr; <strong>1509</strong><br />(+23 for winning)
|raw|minimax_ai's rating: 1541 &rarr; <strong>1518</strong><br />(-23 for losing)
|c|☆minimax_ai|gg
