|j|☆testotesto321
|j|☆Baseballplaya12
|player|p1|testotesto321|bellelba|1642
|player|p2|Baseballplaya12|101|1666
|teamsize|p1|6
|teamsize|p2|6
|gametype|singles
|gen|8
|tier|[Gen 8] OU
|rated|
|clearpoke
|poke|p1|Gengar, M|
|poke|p1|Zeraora|
|poke|p1|Clefable, F|
|poke|p1|Hippowdon, M|
|poke|p1|Corviknight, F|
|poke|p1|Toxapex, F|
|poke|p2|Pelipper, M|
|poke|p2|Golisopod, M|
|poke|p2|Heliolisk, M|
|poke|p2|Excadrill, M|
|poke|p2|Hatterene, F|
|poke|p2|Bisharp, M|
|rule|Sleep Clause Mod: Limit one foe put to sleep
|rule|Species Clause: Limit one of each Pokémon
|rule|OHKO Clause: OHKO moves are banned
|rule|Evasion Moves Clause: Evasion moves are banned
|rule|Endless Battle Clause: Forcing endless battles is banned
|rule|HP Percentage Mod: HP is shown in percentages
|rule|Dynamax Clause: You cannot dynamax
|teampreview
|
|start
|switch|p1a: Corviknight|Corviknight, F, shiny|100/100
|switch|p2a: Excadrill|Excadrill, M, shiny|100/100
|-ability|p2a: Excadrill|Mold Breaker
|-ability|p1a: Corviknight|Pressure
|turn|1
|inactive|Battle timer is ON: inactive players will automatically lose when time's up. (requested by Baseballplaya12)
|
|switch|p2a: Golisopod|Golisopod, M, shiny|100/100
|move|p1a: Corviknight|U-turn|p2a: Golisopod
|-damage|p2a: Golisopod|90/100
|j| Wisdom~X
|j| th3m3nt3
|
|switch|p1a: Gengar|Gengar, M|100/100|[from]move: U-turn
|
|upkeep
|turn|2
|
|move|p2a: Golisopod|Aqua Jet|p1a: Gengar
|-damage|p1a: Gengar|44/100
|-damage|p2a: Golisopod|80/100|[from] item: Life Orb
|move|p1a: Gengar|Shadow Ball|p2a: Golisopod
|-damage|p2a: Golisopod|15/100
|-activate|p2a: Golisopod|ability: Emergency Exit
|j| blablablallo
|j| Texas Steve
|
|switch|p2a: Bisharp|Bisharp, M, shiny|100/100
|
|upkeep
|turn|3
|
|switch|p1a: Hippowdon|Hippowdon, M|100/100
|-weather|Sandstorm|[from] ability: Sand Stream|[of] p1a: Hippowdon
|move|p2a: Bisharp|Stealth Rock|p1a: Hippowdon
|-sidestart|p1: testotesto321|move: Stealth Rock
|
|-weather|Sandstorm|[upkeep]
|upkeep
|turn|4
|
|switch|p2a: Hatterene|Hatterene, F|100/100
|switch|p1a: Corviknight|Corviknight, F, shiny|100/100
|-damage|p1a: Corviknight|88/100|[from] Stealth Rock
|-ability|p1a: Corviknight|Pressure
|
|-weather|Sandstorm|[upkeep]
|-damage|p2a: Hatterene|95/100|[from] Sandstorm
|-heal|p1a: Corviknight|94/100|[from] item: Leftovers
|upkeep
|turn|5
|
|move|p1a: Corviknight|Defog|p2a: Hatterene
|move|p2a: Hatterene|Defog|p1a: Corviknight|[from]Magic Bounce
|-unboost|p1a: Corviknight|evasion|1
|-sideend|p1: testotesto321|Stealth Rock|[from] move: Defog|[of] p2a: Hatterene
|move|p2a: Hatterene|Nuzzle|p1a: Corviknight
|-supereffective|p1a: Corviknight
|-damage|p1a: Corviknight|87/100
|-status|p1a: Corviknight|par
|
|-weather|Sandstorm|[upkeep]
|-damage|p2a: Hatterene|89/100|[from] Sandstorm
|-heal|p1a: Corviknight|93/100 par|[from] item: Leftovers
|upkeep
|turn|6
|
|move|p2a: Hatterene|Future Sight|p1a: Corviknight
|-start|p2a: Hatterene|move: Future Sight
|cant|p1a: Corviknight|par
|
|-weather|Sandstorm|[upkeep]
|-damage|p2a: Hatterene|83/100|[from] Sandstorm
|-heal|p1a: Corviknight|99/100 par|[from] item: Leftovers
|upkeep
|turn|7
|j| cleartonic
|inactive|Baseballplaya12 has 120 seconds left.
|
|switch|p2a: Pelipper|Pelipper, M, shiny|100/100
|-weather|RainDance|[from] ability: Drizzle|[of] p2a: Pelipper
|move|p1a: Corviknight|U-turn|p2a: Pelipper
|-resisted|p2a: Pelipper
|-damage|p2a: Pelipper|91/100
|
|switch|p1a: Hippowdon|Hippowdon, M|100/100|[from]move: U-turn
|-weather|Sandstorm|[from] ability: Sand Stream|[of] p1a: Hippowdon
|
|-weather|Sandstorm|[upkeep]
|-damage|p2a: Pelipper|85/100|[from] Sandstorm
|upkeep
|turn|8
|
|switch|p1a: Corviknight|Corviknight, F, shiny|99/100 par
|-ability|p1a: Corviknight|Pressure
|move|p2a: Pelipper|Scald|p1a: Corviknight
|-damage|p1a: Corviknight|64/100 par
|
|-weather|Sandstorm|[upkeep]
|-damage|p2a: Pelipper|79/100|[from] Sandstorm
|-end|p1a: Corviknight|move: Future Sight
|-resisted|p1a: Corviknight
|-damage|p1a: Corviknight|40/100 par
|-heal|p1a: Corviknight|47/100 par|[from] item: Leftovers
|upkeep
|turn|9
|inactive|Baseballplaya12 has 120 seconds left.
|
|switch|p2a: Heliolisk|Heliolisk, M, shiny|100/100
|move|p1a: Corviknight|Roost|p1a: Corviknight
|-heal|p1a: Corviknight|97/100 par
|-singleturn|p1a: Corviknight|move: Roost
|
|-weather|Sandstorm|[upkeep]
|-damage|p2a: Heliolisk|94/100|[from] Sandstorm
|-heal|p1a: Corviknight|100/100 par|[from] item: Leftovers
|upkeep
|turn|10
|
|switch|p1a: Zeraora|Zeraora|100/100
|move|p2a: Heliolisk|Grass Knot|p1a: Zeraora
|-damage|p1a: Zeraora|68/100
|-damage|p2a: Heliolisk|85/100|[from] item: Life Orb
|
|-weather|Sandstorm|[upkeep]
|-damage|p1a: Zeraora|62/100|[from] Sandstorm
|-damage|p2a: Heliolisk|79/100|[from] Sandstorm
|upkeep
|turn|11
|inactive|Baseballplaya12 has 120 seconds left.
|
|switch|p2a: Hatterene|Hatterene, F|83/100
|move|p1a: Zeraora|Close Combat|p2a: Hatterene
|-resisted|p2a: Hatterene
|-damage|p2a: Hatterene|72/100
|-unboost|p1a: Zeraora|def|1
|-unboost|p1a: Zeraora|spd|1
|
|-weather|none
|upkeep
|turn|12
|inactive|Baseballplaya12 has 90 seconds left.
|
|switch|p1a: Clefable|Clefable, F, shiny|100/100
|move|p2a: Hatterene|Draining Kiss|p1a: Clefable
|-crit|p1a: Clefable
|-damage|p1a: Clefable|53/100
|-heal|p2a: Hatterene|100/100|[from] drain|[of] p1a: Clefable
|
|upkeep
|turn|13
|inactive|Baseballplaya12 has 90 seconds left.
|
|move|p1a: Clefable|Moonblast|p2a: Hatterene
|-damage|p2a: Hatterene|61/100
|-unboost|p2a: Hatterene|spa|1
|move|p2a: Hatterene|Psyshock|p1a: Clefable
|-damage|p1a: Clefable|13/100
|
|upkeep
|turn|14
|inactive|Baseballplaya12 has 90 seconds left.
|l| cleartonic
|
|switch|p2a: Excadrill|Excadrill, M, shiny|100/100
|-ability|p2a: Excadrill|Mold Breaker
|move|p1a: Clefable|Soft-Boiled|p1a: Clefable
|-heal|p1a: Clefable|63/100
|
|upkeep
|turn|15
|
|switch|p1a: Hippowdon|Hippowdon, M|100/100
|-weather|Sandstorm|[from] ability: Sand Stream|[of] p1a: Hippowdon
|move|p2a: Excadrill|Swords Dance|p2a: Excadrill
|-boost|p2a: Excadrill|atk|2
|
|-weather|Sandstorm|[upkeep]
|upkeep
|turn|16
|
|switch|p2a: Pelipper|Pelipper, M, shiny|79/100
|-weather|RainDance|[from] ability: Drizzle|[of] p2a: Pelipper
|move|p1a: Hippowdon|Earthquake|p2a: Pelipper
|-immune|p2a: Pelipper
|
|-weather|RainDance|[upkeep]
|upkeep
|turn|17
|
|switch|p1a: Toxapex|Toxapex, F, shiny|100/100
|move|p2a: Pelipper|Hurricane|p1a: Toxapex
|-damage|p1a: Toxapex|43/100
|-start|p1a: Toxapex|confusion
|
|-weather|RainDance|[upkeep]
|-heal|p1a: Toxapex|49/100|[from] item: Black Sludge
|upkeep
|turn|18
|
|switch|p2a: Heliolisk|Heliolisk, M, shiny|79/100
|switch|p1a: Zeraora|Zeraora|62/100
|
|-weather|RainDance|[upkeep]
|-heal|p2a: Heliolisk|91/100|[from] ability: Dry Skin
|upkeep
|turn|19
|inactive|Baseballplaya12 has 60 seconds left.
|inactive|testotesto321 has 120 seconds left.
|
|switch|p2a: Hatterene|Hatterene, F|61/100
|move|p1a: Zeraora|Close Combat|p2a: Hatterene
|-resisted|p2a: Hatterene
|-damage|p2a: Hatterene|51/100
|-unboost|p1a: Zeraora|def|1
|-unboost|p1a: Zeraora|spd|1
|
|-weather|RainDance|[upkeep]
|upkeep
|turn|20
|inactive|testotesto321 has 120 seconds left.
|
|switch|p1a: Corviknight|Corviknight, F, shiny|100/100 par
|-ability|p1a: Corviknight|Pressure
|switch|p2a: Excadrill|Excadrill, M, shiny|100/100
|-ability|p2a: Excadrill|Mold Breaker
|
|-weather|none
|upkeep
|turn|21
|inactive|Baseballplaya12 has 30 seconds left.
|inactive|Baseballplaya12 has 20 seconds left.
|
|switch|p2a: Pelipper|Pelipper, M, shiny|79/100
|-weather|RainDance|[from] ability: Drizzle|[of] p2a: Pelipper
|cant|p1a: Corviknight|par
|
|-weather|RainDance|[upkeep]
|upkeep
|turn|22
|inactive|Baseballplaya12 has 30 seconds left this turn.
|inactive|Baseballplaya12 has 20 seconds left.
|
|move|p2a: Pelipper|Hurricane|p1a: Corviknight
|-resisted|p1a: Corviknight
|-damage|p1a: Corviknight|76/100 par
|-start|p1a: Corviknight|confusion
|-activate|p1a: Corviknight|confusion
|move|p1a: Corviknight|U-turn|p2a: Pelipper
|-resisted|p2a: Pelipper
|-damage|p2a: Pelipper|70/100
|inactive|Baseballplaya12 has 25 seconds left this turn.
|
|switch|p1a: Zeraora|Zeraora|62/100|[from]move: U-turn
|
|-weather|RainDance|[upkeep]
|upkeep
|turn|23
|inactive|Baseballplaya12 has 30 seconds left.
|inactive|Baseballplaya12 has 20 seconds left.
|inactive|testotesto321 has 120 seconds left.
|
|switch|p2a: Bisharp|Bisharp, M, shiny|100/100
|move|p1a: Zeraora|Plasma Fists|p2a: Bisharp
|-damage|p2a: Bisharp|51/100
|-fieldactivate|move: Ion Deluge
|
|-weather|RainDance|[upkeep]
|-heal|p2a: Bisharp|57/100|[from] item: Leftovers
|upkeep
|turn|24
|inactive|Baseballplaya12 has 30 seconds left this turn.
|inactive|testotesto321 has 120 seconds left.
|inactive|Baseballplaya12 has 20 seconds left.
|
|switch|p1a: Hippowdon|Hippowdon, M|100/100
|-weather|Sandstorm|[from] ability: Sand Stream|[of] p1a: Hippowdon
|move|p2a: Bisharp|Sucker Punch||[still]
|-fail|p2a: Bisharp
|
|-weather|Sandstorm|[upkeep]
|-heal|p2a: Bisharp|63/100|[from] item: Leftovers
|upkeep
|turn|25
|inactive|Baseballplaya12 has 30 seconds left this turn.
|
|switch|p2a: Pelipper|Pelipper, M, shiny|70/100
|-weather|RainDance|[from] ability: Drizzle|[of] p2a: Pelipper
|move|p1a: Hippowdon|Earthquake|p2a: Pelipper
|-immune|p2a: Pelipper
|
|-weather|RainDance|[upkeep]
|upkeep
|turn|26
|inactive|Baseballplaya12 has 30 seconds left.
|
|switch|p1a: Toxapex|Toxapex, F, shiny|82/100
|move|p2a: Pelipper|Hurricane|p1a: Toxapex
|-damage|p1a: Toxapex|24/100
|
|-weather|RainDance|[upkeep]
|-heal|p1a: Toxapex|30/100|[from] item: Black Sludge
|upkeep
|turn|27
|inactive|Baseballplaya12 has 30 seconds left.
|
|switch|p1a: Corviknight|Corviknight, F, shiny|76/100 par
|-ability|p1a: Corviknight|Pressure
|move|p2a: Pelipper|Hurricane|p1a: Corviknight
|-resisted|p1a: Corviknight
|-damage|p1a: Corviknight|52/100 par
|-start|p1a: Corviknight|confusion
|
|-weather|RainDance|[upkeep]
|-heal|p1a: Corviknight|58/100 par|[from] item: Leftovers
|upkeep
|turn|28
|inactive|Baseballplaya12 has 30 seconds left.
|
|switch|p2a: Heliolisk|Heliolisk, M, shiny|91/100
|-activate|p1a: Corviknight|confusion
|-damage|p1a: Corviknight|51/100 par|[from] confusion
|
|-weather|RainDance|[upkeep]
|-heal|p2a: Heliolisk|100/100|[from] ability: Dry Skin
|-heal|p1a: Corviknight|57/100 par|[from] item: Leftovers
|upkeep
|turn|29
|inactive|Baseballplaya12 has 30 seconds left.
|
|switch|p1a: Zeraora|Zeraora|62/100
|move|p2a: Heliolisk|Grass Knot|p1a: Zeraora
|-damage|p1a: Zeraora|29/100
|-damage|p2a: Heliolisk|91/100|[from] item: Life Orb
|
|-weather|none
|upkeep
|turn|30
|inactive|Baseballplaya12 has 30 seconds left.
|inactive|Baseballplaya12 has 20 seconds left.
|inactive|Baseballplaya12 has 15 seconds left.
|
|switch|p2a: Golisopod|Golisopod, M, shiny|15/100
|move|p1a: Zeraora|Close Combat|p2a: Golisopod
|-resisted|p2a: Golisopod
|-damage|p2a: Golisopod|1/100
|-unboost|p1a: Zeraora|def|1
|-unboost|p1a: Zeraora|spd|1
|
|upkeep
|turn|31
|inactive|Baseballplaya12 has 25 seconds left this turn.
|inactive|Baseballplaya12 has 20 seconds left.
|inactive|Baseballplaya12 has 15 seconds left.
|
|switch|p1a: Toxapex|Toxapex, F, shiny|64/100
|move|p2a: Golisopod|Spikes|p1a: Toxapex
|-sidestart|p1: testotesto321|Spikes
|
|-heal|p1a: Toxapex|70/100|[from] item: Black Sludge
|upkeep
|turn|32
|inactive|Baseballplaya12 has 25 seconds left this turn.
|inactive|Baseballplaya12 has 20 seconds left.
|
|switch|p2a: Hatterene|Hatterene, F|51/100
|move|p1a: Toxapex|Scald|p2a: Hatterene
|-damage|p2a: Hatterene|38/100
|-status|p2a: Hatterene|brn
|
|-heal|p1a: Toxapex|76/100|[from] item: Black Sludge
|-damage|p2a: Hatterene|32/100 brn|[from] brn
|upkeep
|turn|33
|inactive|Baseballplaya12 has 30 seconds left this turn.
|inactive|Baseballplaya12 has 20 seconds left.
|
|switch|p1a: Corviknight|Corviknight, F, shiny|57/100 par
|-ability|p1a: Corviknight|Pressure
|move|p2a: Hatterene|Future Sight|p1a: Corviknight
|-start|p2a: Hatterene|move: Future Sight
|
|-heal|p1a: Corviknight|64/100 par|[from] item: Leftovers
|-damage|p2a: Hatterene|26/100 brn|[from] brn
|upkeep
|turn|34
|inactive|Baseballplaya12 has 30 seconds left this turn.
|
|switch|p2a: Bisharp|Bisharp, M, shiny|63/100
|move|p1a: Corviknight|U-turn|p2a: Bisharp
|-damage|p2a: Bisharp|47/100
|inactive|Baseballplaya12 has 30 seconds left this turn.
|
|switch|p1a: Hippowdon|Hippowdon, M|100/100|[from]move: U-turn
|-damage|p1a: Hippowdon|88/100|[from] Spikes
|-weather|Sandstorm|[from] ability: Sand Stream|[of] p1a: Hippowdon
|
|-weather|Sandstorm|[upkeep]
|-heal|p2a: Bisharp|53/100|[from] item: Leftovers
|upkeep
|turn|35
|inactive|Baseballplaya12 has 30 seconds left.
|
|switch|p2a: Hatterene|Hatterene, F|26/100 brn
|move|p1a: Hippowdon|Toxic|p2a: Hatterene
|move|p2a: Hatterene|Toxic|p1a: Hippowdon|[from]Magic Bounce
|-status|p1a: Hippowdon|tox
|
|-weather|Sandstorm|[upkeep]
|-damage|p2a: Hatterene|20/100 brn|[from] Sandstorm
|-end|p1a: Hippowdon|move: Future Sight
|-damage|p1a: Hippowdon|10/100 tox
|-damage|p1a: Hippowdon|3/100 tox|[from] psn
|-damage|p2a: Hatterene|14/100 brn|[from] brn
|upkeep
|turn|36
|inactive|Baseballplaya12 has 30 seconds left.
|inactive|Baseballplaya12 has 20 seconds left.
|
|switch|p2a: Pelipper|Pelipper, M, shiny|70/100
|-weather|RainDance|[from] ability: Drizzle|[of] p2a: Pelipper
|move|p1a: Hippowdon|Toxic|p2a: Pelipper
|-status|p2a: Pelipper|tox
|
|-weather|RainDance|[upkeep]
|-damage|p2a: Pelipper|64/100 tox|[from] psn
|-damage|p1a: Hippowdon|0 fnt|[from] psn
|faint|p1a: Hippowdon
|upkeep
|inactive|Baseballplaya12 has 25 seconds left this turn.
|inactive|testotesto321 has 120 seconds left.
|j|‽goran el draco
|j| ZevPokemon
|inactive|testotesto321 has 90 seconds left.
|
|switch|p1a: Corviknight|Corviknight, F, shiny|64/100 par
|-ability|p1a: Corviknight|Pressure
|turn|37
|inactive|Baseballplaya12 has 30 seconds left.
|
|move|p2a: Pelipper|Weather Ball|p1a: Corviknight
|-damage|p1a: Corviknight|0 fnt
|faint|p1a: Corviknight
|
|-weather|RainDance|[upkeep]
|-damage|p2a: Pelipper|51/100 tox|[from] psn
|upkeep
|
|switch|p1a: Zeraora|Zeraora|29/100
|-damage|p1a: Zeraora|17/100|[from] Spikes
|turn|38
|
|switch|p2a: Hatterene|Hatterene, F|14/100 brn
|move|p1a: Zeraora|Close Combat|p2a: Hatterene
|-resisted|p2a: Hatterene
|-crit|p2a: Hatterene
|-damage|p2a: Hatterene|0 fnt
|-unboost|p1a: Zeraora|def|1
|-unboost|p1a: Zeraora|spd|1
|faint|p2a: Hatterene
|
|-weather|RainDance|[upkeep]
|upkeep
|l|‽goran el draco
|inactive|Baseballplaya12 has 30 seconds left.
|
|switch|p2a: Bisharp|Bisharp, M, shiny|53/100
|turn|39
|
|move|p1a: Zeraora|Close Combat|p2a: Bisharp
|-supereffective|p2a: Bisharp
|-damage|p2a: Bisharp|0 fnt
|-unboost|p1a: Zeraora|def|1
|-unboost|p1a: Zeraora|spd|1
|faint|p2a: Bisharp
|
|-weather|RainDance|[upkeep]
|upkeep
|
|switch|p2a: Golisopod|Golisopod, M, shiny|1/100
|turn|40
|
|switch|p1a: Toxapex|Toxapex, F, shiny|100/100
|-damage|p1a: Toxapex|88/100|[from] Spikes
|move|p2a: Golisopod|Spikes|p1a: Toxapex
|-sidestart|p1: testotesto321|Spikes
|
|-weather|none
|-heal|p1a: Toxapex|94/100|[from] item: Black Sludge
|upkeep
|turn|41
|inactive|testotesto321 has 120 seconds left.
|
|move|p2a: Golisopod|Spikes|p1a: Toxapex
|-sidestart|p1: testotesto321|Spikes
|move|p1a: Toxapex|Toxic|p2a: Golisopod
|-status|p2a: Golisopod|tox
|
|-heal|p1a: Toxapex|100/100|[from] item: Black Sludge
|-damage|p2a: Golisopod|0 fnt|[from] psn
|faint|p2a: Golisopod
|upkeep
|
|switch|p2a: Heliolisk|Heliolisk, M, shiny|91/100
|turn|42
|
|switch|p1a: Zeraora|Zeraora|17/100
|-damage|p1a: Zeraora|0 fnt|[from] Spikes
|faint|p1a: Zeraora
|move|p2a: Heliolisk|Volt Switch|p1: Zeraora|[notarget]
|-fail|p2a: Heliolisk
|
|upkeep
|
|switch|p1a: Gengar|Gengar, M|44/100
|-damage|p1a: Gengar|19/100|[from] Spikes
|turn|43
|inactive|Baseballplaya12 has 60 seconds left.
|
|switch|p2a: Pelipper|Pelipper, M, shiny|51/100 tox
|-weather|RainDance|[from] ability: Drizzle|[of] p2a: Pelipper
|move|p1a: Gengar|Focus Blast|p2a: Pelipper
|-resisted|p2a: Pelipper
|-damage|p2a: Pelipper|0 fnt
|faint|p2a: Pelipper
|
|-weather|RainDance|[upkeep]
|upkeep
|inactive|Baseballplaya12 has 60 seconds left.
|
|switch|p2a: Excadrill|Excadrill, M, shiny|100/100
|-ability|p2a: Excadrill|Mold Breaker
|turn|44
|
|move|p1a: Gengar|Focus Blast|p2a: Excadrill
|-supereffective|p2a: Excadrill
|-enditem|p2a: Excadrill|Chople Berry|[eat]
|-enditem|p2a: Excadrill|Chople Berry|[weaken]
|-damage|p2a: Excadrill|18/100
|move|p2a: Excadrill|Earthquake|p1a: Gengar
|-supereffective|p1a: Gengar
|-damage|p1a: Gengar|0 fnt
|faint|p1a: Gengar
|
|-weather|RainDance|[upkeep]
|upkeep
|
|switch|p1a: Toxapex|Toxapex, F, shiny|100/100
|-damage|p1a: Toxapex|75/100|[from] Spikes
|turn|45
|
|switch|p2a: Heliolisk|Heliolisk, M, shiny|91/100
|switch|p1a: Clefable|Clefable, F, shiny|63/100
|
|-weather|RainDance|[upkeep]
|-heal|p2a: Heliolisk|100/100|[from] ability: Dry Skin
|upkeep
|turn|46
|
|move|p2a: Heliolisk|Thunder|p1a: Clefable
|-damage|p1a: Clefable|0 fnt
|-damage|p2a: Heliolisk|91/100|[from] item: Life Orb
|faint|p1a: Clefable
|
|-weather|RainDance|[upkeep]
|-heal|p2a: Heliolisk|100/100|[from] ability: Dry Skin
|upkeep
|c|☆testotesto321|gg
|c|☆Baseballplaya12|gg
|-message|testotesto321 forfeited.
|
|win|Baseballplaya12
|l|☆testotesto321
|l| th3m3nt3
|l| Wisdom~X
