|raw|<div class="broadcast-blue"><strong>This battle is required to be public due to a player having a name starting with 'lt92pf'.</div>
|j|☆dmt dreams
|j|☆LT92PF Pois
|t:|1659679843
|gametype|singles
|player|p1|dmt dreams|101|1890
|player|p2|LT92PF Pois|2|1805
|teamsize|p1|6
|teamsize|p2|6
|gen|8
|tier|[Gen 8] OU
|rated|
|rule|Sleep Clause Mod: Limit one foe put to sleep
|rule|Species Clause: Limit one of each Pokémon
|rule|OHKO Clause: OHKO moves are banned
|rule|Evasion Items Clause: Evasion items are banned
|rule|Evasion Moves Clause: Evasion moves are banned
|rule|Endless Battle Clause: Forcing endless battles is banned
|rule|HP Percentage Mod: HP is shown in percentages
|rule|Dynamax Clause: You cannot dynamax
|clearpoke
|poke|p1|Nihilego|
|poke|p1|Zeraora|
|poke|p1|Landorus-Therian, M|
|poke|p1|Melmetal|
|poke|p1|Kartana|
|poke|p1|Blacephalon|
|poke|p2|Pelipper, M|
|poke|p2|Barraskewda, M|
|poke|p2|Tapu Lele|
|poke|p2|Ferrothorn, F|
|poke|p2|Regieleki|
|poke|p2|Landorus-Therian, M|
|teampreview
|inactive|Battle timer is ON: inactive players will automatically lose when time's up. (requested by LT92PF Pois)
|
|t:|1659679853
|start
|switch|p1a: Landorus|Landorus-Therian, M|100/100
|switch|p2a: Landorus|Landorus-Therian, M|100/100
|-ability|p2a: Landorus|Intimidate|boost
|-unboost|p1a: Landorus|atk|1
|-ability|p1a: Landorus|Intimidate|boost
|-unboost|p2a: Landorus|atk|1
|turn|1
|j| ripreckful
|
|t:|1659679859
|move|p2a: Landorus|Toxic|p1a: Landorus|[miss]
|-miss|p2a: Landorus|p1a: Landorus
|move|p1a: Landorus|Toxic|p2a: Landorus
|-status|p2a: Landorus|tox
|
|-damage|p2a: Landorus|94/100 tox|[from] psn
|upkeep
|turn|2
|
|t:|1659679862
|move|p2a: Landorus|Toxic|p1a: Landorus
|-status|p1a: Landorus|tox
|move|p1a: Landorus|Stealth Rock|p2a: Landorus
|-sidestart|p2: LT92PF Pois|move: Stealth Rock
|
|-damage|p2a: Landorus|82/100 tox|[from] psn
|-damage|p1a: Landorus|94/100 tox|[from] psn
|upkeep
|turn|3
|j| choppedandscrewed
|
|t:|1659679864
|switch|p1a: Blacephalon|Blacephalon|100/100
|move|p2a: Landorus|Stealth Rock|p1a: Blacephalon
|-sidestart|p1: dmt dreams|move: Stealth Rock
|
|-damage|p2a: Landorus|64/100 tox|[from] psn
|upkeep
|turn|4
|
|t:|1659679873
|move|p1a: Blacephalon|Shadow Ball|p2a: Landorus
|-damage|p2a: Landorus|0 fnt
|faint|p2a: Landorus
|-ability|p1a: Blacephalon|Beast Boost|boost
|-boost|p1a: Blacephalon|spa|1
|
|upkeep
|
|t:|1659679879
|switch|p2a: Barraskewda|Barraskewda, M|100/100
|-damage|p2a: Barraskewda|88/100|[from] Stealth Rock
|turn|5
|
|t:|1659679884
|switch|p1a: Melmetal|Melmetal|100/100
|-damage|p1a: Melmetal|94/100|[from] Stealth Rock
|move|p2a: Barraskewda|Flip Turn|p1a: Melmetal
|-damage|p1a: Melmetal|66/100
|j| Lunarr
|
|t:|1659679887
|switch|p2a: Pelipper|Pelipper, M|100/100|[from]move: Flip Turn
|-damage|p2a: Pelipper|76/100|[from] Stealth Rock
|-weather|RainDance|[from] ability: Drizzle|[of] p2a: Pelipper
|
|-weather|RainDance|[upkeep]
|-heal|p1a: Melmetal|72/100|[from] item: Leftovers
|upkeep
|turn|6
|
|t:|1659679894
|move|p1a: Melmetal|Protect|p1a: Melmetal
|-singleturn|p1a: Melmetal|Protect
|move|p2a: Pelipper|Weather Ball|p1a: Melmetal
|-activate|p1a: Melmetal|move: Protect
|
|-weather|RainDance|[upkeep]
|-heal|p1a: Melmetal|78/100|[from] item: Leftovers
|upkeep
|turn|7
|j| LT92PF Futility
|j| LT92PFcry
|
|t:|1659679910
|switch|p1a: Nihilego|Nihilego|100/100
|-damage|p1a: Nihilego|88/100|[from] Stealth Rock
|move|p2a: Pelipper|Weather Ball|p1a: Nihilego
|-supereffective|p1a: Nihilego
|-damage|p1a: Nihilego|0 fnt
|faint|p1a: Nihilego
|
|-weather|RainDance|[upkeep]
|upkeep
|
|t:|1659679912
|switch|p1a: Blacephalon|Blacephalon|100/100
|-damage|p1a: Blacephalon|76/100|[from] Stealth Rock
|turn|8
|
|t:|1659679914
|switch|p2a: Ferrothorn|Ferrothorn, F|100/100
|-damage|p2a: Ferrothorn|94/100|[from] Stealth Rock
|move|p1a: Blacephalon|Shadow Ball|p2a: Ferrothorn
|-damage|p2a: Ferrothorn|48/100
|
|-weather|RainDance|[upkeep]
|-heal|p2a: Ferrothorn|54/100|[from] item: Leftovers
|upkeep
|turn|9
|
|t:|1659679921
|move|p1a: Blacephalon|Shadow Ball|p2a: Ferrothorn
|-damage|p2a: Ferrothorn|9/100
|move|p2a: Ferrothorn|Knock Off|p1a: Blacephalon
|-supereffective|p1a: Blacephalon
|-damage|p1a: Blacephalon|0 fnt
|-enditem|p1a: Blacephalon|Choice Specs|[from] move: Knock Off|[of] p2a: Ferrothorn
|faint|p1a: Blacephalon
|
|-weather|none
|-heal|p2a: Ferrothorn|16/100|[from] item: Leftovers
|upkeep
|
|t:|1659679922
|switch|p1a: Melmetal|Melmetal|78/100
|-damage|p1a: Melmetal|72/100|[from] Stealth Rock
|turn|10
|
|t:|1659679925
|move|p1a: Melmetal|Earthquake|p2a: Ferrothorn
|-damage|p2a: Ferrothorn|0 fnt
|faint|p2a: Ferrothorn
|
|-heal|p1a: Melmetal|78/100|[from] item: Leftovers
|upkeep
|
|t:|1659679928
|switch|p2a: Pelipper|Pelipper, M|76/100
|-damage|p2a: Pelipper|51/100|[from] Stealth Rock
|-weather|RainDance|[from] ability: Drizzle|[of] p2a: Pelipper
|turn|11
|
|t:|1659679930
|move|p1a: Melmetal|Protect|p1a: Melmetal
|-singleturn|p1a: Melmetal|Protect
|move|p2a: Pelipper|Weather Ball|p1a: Melmetal
|-activate|p1a: Melmetal|move: Protect
|
|-weather|RainDance|[upkeep]
|-heal|p1a: Melmetal|84/100|[from] item: Leftovers
|upkeep
|turn|12
|
|t:|1659679942
|switch|p1a: Zeraora|Zeraora|100/100
|move|p2a: Pelipper|Weather Ball|p1a: Zeraora
|-damage|p1a: Zeraora|0 fnt
|faint|p1a: Zeraora
|
|-weather|RainDance|[upkeep]
|upkeep
|
|t:|1659679943
|switch|p1a: Kartana|Kartana|100/100
|-damage|p1a: Kartana|94/100|[from] Stealth Rock
|turn|13
|l| choppedandscrewed
|
|t:|1659679960
|switch|p2a: Tapu Lele|Tapu Lele|100/100
|-damage|p2a: Tapu Lele|88/100|[from] Stealth Rock
|-fieldstart|move: Psychic Terrain|[from] ability: Psychic Surge|[of] p2a: Tapu Lele
|move|p1a: Kartana|Leaf Blade|p2a: Tapu Lele
|-damage|p2a: Tapu Lele|0 fnt
|faint|p2a: Tapu Lele
|-ability|p1a: Kartana|Beast Boost|boost
|-boost|p1a: Kartana|atk|1
|
|-weather|RainDance|[upkeep]
|upkeep
|l| LT92PFcry
|j| LT92PFcry
|inactive|LT92PF Pois has 120 seconds left.
|
|t:|1659679981
|switch|p2a: Barraskewda|Barraskewda, M|88/100
|-damage|p2a: Barraskewda|75/100|[from] Stealth Rock
|turn|14
|j|+pichus
|j| Charennnn
|
|t:|1659679998
|switch|p1a: Landorus|Landorus-Therian, M|94/100 tox
|-damage|p1a: Landorus|82/100 tox|[from] Stealth Rock
|-ability|p1a: Landorus|Intimidate|boost
|-unboost|p2a: Barraskewda|atk|1
|move|p2a: Barraskewda|Close Combat|p1a: Landorus
|-resisted|p1a: Landorus
|-damage|p1a: Landorus|63/100 tox
|-unboost|p2a: Barraskewda|def|1
|-unboost|p2a: Barraskewda|spd|1
|
|-weather|RainDance|[upkeep]
|-heal|p1a: Landorus|69/100 tox|[from] item: Leftovers
|-damage|p1a: Landorus|63/100 tox|[from] psn
|upkeep
|turn|15
|j| rare artist pyrex
|
|t:|1659680010
|switch|p2a: Regieleki|Regieleki|100/100
|move|p1a: Landorus|Earthquake|p2a: Regieleki
|-supereffective|p2a: Regieleki
|-damage|p2a: Regieleki|0 fnt
|faint|p2a: Regieleki
|
|-weather|none
|-heal|p1a: Landorus|69/100 tox|[from] item: Leftovers
|-damage|p1a: Landorus|57/100 tox|[from] psn
|upkeep
|
|t:|1659680013
|switch|p2a: Barraskewda|Barraskewda, M|75/100
|-damage|p2a: Barraskewda|63/100|[from] Stealth Rock
|turn|16
|
|t:|1659680021
|switch|p1a: Melmetal|Melmetal|84/100
|-damage|p1a: Melmetal|78/100|[from] Stealth Rock
|move|p2a: Barraskewda|Flip Turn|p1a: Melmetal
|-damage|p1a: Melmetal|51/100
|l| Charennnn
|
|t:|1659680024
|switch|p2a: Pelipper|Pelipper, M|51/100|[from]move: Flip Turn
|-damage|p2a: Pelipper|26/100|[from] Stealth Rock
|-weather|RainDance|[from] ability: Drizzle|[of] p2a: Pelipper
|
|-weather|RainDance|[upkeep]
|-heal|p1a: Melmetal|57/100|[from] item: Leftovers
|upkeep
|turn|17
|
|t:|1659680026
|move|p2a: Pelipper|Weather Ball|p1a: Melmetal
|-damage|p1a: Melmetal|0 fnt
|faint|p1a: Melmetal
|
|-weather|RainDance|[upkeep]
|-fieldend|move: Psychic Terrain
|upkeep
|j| agentkeval01
|
|t:|1659680029
|switch|p1a: Kartana|Kartana|94/100
|-damage|p1a: Kartana|88/100|[from] Stealth Rock
|turn|18
|
|t:|1659680031
|move|p1a: Kartana|Leaf Blade|p2a: Pelipper
|-damage|p2a: Pelipper|0 fnt
|faint|p2a: Pelipper
|-ability|p1a: Kartana|Beast Boost|boost
|-boost|p1a: Kartana|atk|1
|
|-weather|RainDance|[upkeep]
|upkeep
|
|t:|1659680033
|switch|p2a: Barraskewda|Barraskewda, M|63/100
|-damage|p2a: Barraskewda|50/100|[from] Stealth Rock
|turn|19
|
|t:|1659680041
|move|p2a: Barraskewda|Liquidation|p1a: Kartana
|-resisted|p1a: Kartana
|-damage|p1a: Kartana|32/100
|-unboost|p1a: Kartana|def|1
|move|p1a: Kartana|Leaf Blade|p2a: Barraskewda
|-supereffective|p2a: Barraskewda
|-damage|p2a: Barraskewda|0 fnt
|faint|p2a: Barraskewda
|
|win|dmt dreams
|raw|dmt dreams's rating: 1890 &rarr; <strong>1905</strong><br />(+15 for winning)
|raw|LT92PF Pois's rating: 1805 &rarr; <strong>1790</strong><br />(-15 for losing)
|l|☆LT92PF Pois
