|raw|<div class="broadcast-blue"><strong>This battle is required to be public due to a player having a name starting with 'LT74PF'.</div>
|j|☆LT74PF piyush21
|j|☆isheavydead
|t:|1599328049
|player|p1|LT74PF piyush21|red-gen2|1708
|player|p2|isheavydead|101|1767
|teamsize|p1|6
|teamsize|p2|6
|gametype|singles
|gen|8
|tier|[Gen 8] OU
|rated|
|clearpoke
|poke|p1|Kyurem|
|poke|p1|Kommo-o, F|
|poke|p1|Zeraora|
|poke|p1|Aegislash, M|
|poke|p1|Clefable, M|
|poke|p1|Mantine, M|
|poke|p2|Haxorus, F|
|poke|p2|Volcarona, M|
|poke|p2|Ninetales-Alola, M|
|poke|p2|Excadrill, F|
|poke|p2|Urshifu-*, F|
|poke|p2|Azumarill, M|
|rule|Sleep Clause Mod: Limit one foe put to sleep
|rule|Species Clause: Limit one of each Pokémon
|rule|OHKO Clause: OHKO moves are banned
|rule|Evasion Moves Clause: Evasion moves are banned
|rule|Endless Battle Clause: Forcing endless battles is banned
|rule|HP Percentage Mod: HP is shown in percentages
|rule|Dynamax Clause: You cannot dynamax
|teampreview
|
|t:|1599328061
|start
|switch|p1a: Zeraora|Zeraora|100/100
|switch|p2a: Excadrill|Excadrill, F, shiny|100/100
|-ability|p2a: Excadrill|Mold Breaker
|turn|1
|inactive|Battle timer is ON: inactive players will automatically lose when time's up. (requested by LT74PF piyush21)
|j| Livio ElTito
|j| xzcdddfcc
|
|t:|1599328084
|switch|p1a: Kommo-o|Kommo-o, F|100/100
|move|p2a: Excadrill|Earthquake|p1a: Kommo-o
|-damage|p1a: Kommo-o|65/100
|
|-heal|p1a: Kommo-o|72/100|[from] item: Leftovers
|upkeep
|turn|2
|
|t:|1599328088
|move|p2a: Excadrill|Stealth Rock|p1a: Kommo-o
|-sidestart|p1: LT74PF piyush21|move: Stealth Rock
|move|p1a: Kommo-o|Body Press|p2a: Excadrill
|-supereffective|p2a: Excadrill
|-enditem|p2a: Excadrill|Focus Sash
|-damage|p2a: Excadrill|1/100
|
|-heal|p1a: Kommo-o|78/100|[from] item: Leftovers
|upkeep
|turn|3
|
|t:|1599328105
|move|p2a: Excadrill|Earthquake|p1a: Kommo-o
|-damage|p1a: Kommo-o|46/100
|move|p1a: Kommo-o|Body Press|p2a: Excadrill
|-supereffective|p2a: Excadrill
|-damage|p2a: Excadrill|0 fnt
|faint|p2a: Excadrill
|
|-heal|p1a: Kommo-o|52/100|[from] item: Leftovers
|upkeep
|
|t:|1599328108
|switch|p2a: Azumarill|Azumarill, M|100/100
|turn|4
|
|t:|1599328116
|move|p1a: Kommo-o|Stealth Rock|p2a: Azumarill
|-sidestart|p2: isheavydead|move: Stealth Rock
|move|p2a: Azumarill|Play Rough|p1a: Kommo-o
|-supereffective|p1a: Kommo-o
|-damage|p1a: Kommo-o|0 fnt
|faint|p1a: Kommo-o
|
|upkeep
|
|t:|1599328125
|switch|p1a: Zeraora|Zeraora|100/100
|turn|5
|
|t:|1599328129
|switch|p2a: Ninetales|Ninetales-Alola, M, shiny|100/100
|-damage|p2a: Ninetales|76/100|[from] Stealth Rock
|-weather|Hail|[from] ability: Snow Warning|[of] p2a: Ninetales
|move|p1a: Zeraora|Plasma Fists|p2a: Ninetales
|-damage|p2a: Ninetales|14/100
|-fieldactivate|move: Ion Deluge
|
|-weather|Hail|[upkeep]
|-damage|p1a: Zeraora|95/100|[from] Hail
|upkeep
|turn|6
|
|t:|1599328136
|move|p1a: Zeraora|Plasma Fists|p2a: Ninetales
|-damage|p2a: Ninetales|0 fnt
|-fieldactivate|move: Ion Deluge
|faint|p2a: Ninetales
|
|-weather|Hail|[upkeep]
|-damage|p1a: Zeraora|89/100|[from] Hail
|upkeep
|
|t:|1599328157
|switch|p2a: Volcarona|Volcarona, M|100/100
|turn|7
|
|t:|1599328163
|move|p1a: Zeraora|Volt Switch|p2a: Volcarona
|-damage|p2a: Volcarona|75/100
|
|t:|1599328167
|switch|p1a: Mantine|Mantine, M|100/100|[from]move: Volt Switch
|move|p2a: Volcarona|Bug Buzz|p1a: Mantine
|-resisted|p1a: Mantine
|-damage|p1a: Mantine|89/100
|
|-weather|Hail|[upkeep]
|-damage|p2a: Volcarona|69/100|[from] Hail
|-damage|p1a: Mantine|83/100|[from] Hail
|upkeep
|turn|8
|
|t:|1599328180
|switch|p2a: Azumarill|Azumarill, M|100/100
|-damage|p2a: Azumarill|88/100|[from] Stealth Rock
|move|p1a: Mantine|Scald|p2a: Azumarill
|-resisted|p2a: Azumarill
|-damage|p2a: Azumarill|75/100
|-status|p2a: Azumarill|brn
|
|-weather|Hail|[upkeep]
|-damage|p2a: Azumarill|69/100 brn|[from] Hail
|-damage|p1a: Mantine|77/100|[from] Hail
|-damage|p2a: Azumarill|63/100 brn|[from] brn
|upkeep
|turn|9
|
|t:|1599328190
|move|p2a: Azumarill|Knock Off|p1a: Mantine
|-damage|p1a: Mantine|52/100
|-enditem|p1a: Mantine|Heavy-Duty Boots|[from] move: Knock Off|[of] p2a: Azumarill
|move|p1a: Mantine|Defog|p2a: Azumarill
|-unboost|p2a: Azumarill|evasion|1
|-sideend|p2: isheavydead|Stealth Rock|[from] move: Defog|[of] p1a: Mantine
|-sideend|p1: LT74PF piyush21|Stealth Rock|[from] move: Defog|[of] p1a: Mantine
|
|-weather|none
|-damage|p2a: Azumarill|57/100 brn|[from] brn
|upkeep
|turn|10
|j| yhiuyh
|j| yiyue
|
|t:|1599328210
|switch|p2a: Urshifu|Urshifu, F|100/100
|move|p1a: Mantine|Haze|p1a: Mantine
|-clearallboost
|
|upkeep
|turn|11
|
|t:|1599328217
|switch|p1a: Clefable|Clefable, M|100/100
|move|p2a: Urshifu|Wicked Blow|p1a: Clefable
|-resisted|p1a: Clefable
|-crit|p1a: Clefable
|-damage|p1a: Clefable|71/100
|
|-heal|p1a: Clefable|77/100|[from] item: Leftovers
|upkeep
|turn|12
|
|t:|1599328225
|switch|p2a: Azumarill|Azumarill, M|57/100 brn
|move|p1a: Clefable|Moonblast|p2a: Azumarill
|-damage|p2a: Azumarill|17/100 brn
|-enditem|p2a: Azumarill|Sitrus Berry|[eat]
|-heal|p2a: Azumarill|42/100 brn|[from] item: Sitrus Berry
|
|-heal|p1a: Clefable|83/100|[from] item: Leftovers
|-damage|p2a: Azumarill|36/100 brn|[from] brn
|upkeep
|turn|13
|
|t:|1599328236
|switch|p2a: Haxorus|Haxorus, F, shiny|100/100
|-ability|p2a: Haxorus|Mold Breaker
|move|p1a: Clefable|Wish|p1a: Clefable
|
|-heal|p1a: Clefable|90/100|[from] item: Leftovers
|upkeep
|turn|14
|
|t:|1599328240
|switch|p2a: Azumarill|Azumarill, M|36/100 brn
|move|p1a: Clefable|Moonblast|p2a: Azumarill
|-damage|p2a: Azumarill|0 fnt
|faint|p2a: Azumarill
|
|-heal|p1a: Clefable|100/100|[from] move: Wish|[wisher] Clefable
|upkeep
|
|t:|1599328243
|switch|p2a: Volcarona|Volcarona, M|69/100
|turn|15
|
|t:|1599328249
|switch|p2a: Haxorus|Haxorus, F, shiny|100/100
|-ability|p2a: Haxorus|Mold Breaker
|switch|p1a: Mantine|Mantine, M|52/100
|
|upkeep
|turn|16
|l| yiyue
|
|t:|1599328257
|move|p2a: Haxorus|Swords Dance|p2a: Haxorus
|-boost|p2a: Haxorus|atk|2
|move|p1a: Mantine|Haze|p1a: Mantine
|-clearallboost
|
|upkeep
|turn|17
|
|t:|1599328269
|move|p2a: Haxorus|Swords Dance|p2a: Haxorus
|-boost|p2a: Haxorus|atk|2
|move|p1a: Mantine|Haze|p1a: Mantine
|-clearallboost
|
|upkeep
|turn|18
|
|t:|1599328279
|move|p2a: Haxorus|Scale Shot|p1a: Mantine|[miss]
|-miss|p2a: Haxorus|p1a: Mantine
|move|p1a: Mantine|Haze|p1a: Mantine
|-clearallboost
|
|upkeep
|turn|19
|
|t:|1599328286
|move|p2a: Haxorus|Swords Dance|p2a: Haxorus
|-boost|p2a: Haxorus|atk|2
|move|p1a: Mantine|Scald|p2a: Haxorus
|-resisted|p2a: Haxorus
|-damage|p2a: Haxorus|83/100
|
|upkeep
|turn|20
|
|t:|1599328302
|switch|p1a: Clefable|Clefable, M|100/100
|move|p2a: Haxorus|Scale Shot|p1a: Clefable
|-immune|p1a: Clefable
|
|upkeep
|turn|21
|c|☆isheavydead|oireads
|c|☆isheavydead|f
|c|☆isheavydead|safdlsaf[pksad
|c|☆isheavydead|fuck off
|c|☆isheavydead|bro
|c|☆isheavydead|disgusting
|
|t:|1599328318
|move|p2a: Haxorus|Poison Jab|p1a: Clefable
|-supereffective|p1a: Clefable
|-damage|p1a: Clefable|9/100
|-status|p1a: Clefable|psn
|move|p1a: Clefable|Moonblast|p2a: Haxorus
|-supereffective|p2a: Haxorus
|-damage|p2a: Haxorus|0 fnt
|faint|p2a: Haxorus
|
|-heal|p1a: Clefable|15/100 psn|[from] item: Leftovers
|upkeep
|
|t:|1599328328
|switch|p2a: Urshifu|Urshifu, F|100/100
|turn|22
|
|t:|1599328331
|move|p2a: Urshifu|Wicked Blow|p1a: Clefable
|-resisted|p1a: Clefable
|-crit|p1a: Clefable
|-damage|p1a: Clefable|0 fnt
|faint|p1a: Clefable
|
|upkeep
|
|t:|1599328334
|switch|p1a: Zeraora|Zeraora|89/100
|turn|23
|
|t:|1599328340
|switch|p2a: Volcarona|Volcarona, M|69/100
|move|p1a: Zeraora|Volt Switch|p2a: Volcarona
|-damage|p2a: Volcarona|48/100
|
|t:|1599328345
|switch|p1a: Mantine|Mantine, M|52/100|[from]move: Volt Switch
|
|upkeep
|turn|24
|
|t:|1599328349
|switch|p2a: Urshifu|Urshifu, F|100/100
|move|p1a: Mantine|Scald|p2a: Urshifu
|-damage|p2a: Urshifu|64/100
|-status|p2a: Urshifu|brn
|
|-damage|p2a: Urshifu|58/100 brn|[from] brn
|upkeep
|turn|25
|
|t:|1599328356
|move|p2a: Urshifu|Bulk Up|p2a: Urshifu
|-boost|p2a: Urshifu|atk|1
|-boost|p2a: Urshifu|def|1
|move|p1a: Mantine|Roost|p1a: Mantine
|-heal|p1a: Mantine|100/100
|-singleturn|p1a: Mantine|move: Roost
|
|-damage|p2a: Urshifu|52/100 brn|[from] brn
|upkeep
|turn|26
|
|t:|1599328363
|switch|p1a: Aegislash|Aegislash, M|100/100
|move|p2a: Urshifu|Wicked Blow|p1a: Aegislash
|-supereffective|p1a: Aegislash
|-crit|p1a: Aegislash
|-damage|p1a: Aegislash|0 fnt
|faint|p1a: Aegislash
|
|-damage|p2a: Urshifu|46/100 brn|[from] brn
|upkeep
|
|t:|1599328366
|switch|p1a: Zeraora|Zeraora|89/100
|turn|27
|
|t:|1599328371
|move|p1a: Zeraora|Close Combat|p2a: Urshifu
|-supereffective|p2a: Urshifu
|-damage|p2a: Urshifu|0 fnt
|-unboost|p1a: Zeraora|def|1
|-unboost|p1a: Zeraora|spd|1
|faint|p2a: Urshifu
|
|upkeep
|-message|isheavydead forfeited.
|
|win|LT74PF piyush21
|l|☆isheavydead
|l| xzcdddfcc
|raw|LT74PF piyush21's rating: 1708 &rarr; <strong>1729</strong><br />(+21 for winning)
|raw|isheavydead's rating: 1730 &rarr; <strong>1709</strong><br />(-21 for losing)
|l|☆LT74PF piyush21
|l| Livio ElTito
