|raw|<div class="broadcast-blue"><strong>This battle is required to be public due to a player having a name prefixed by 'LT71LX'.</div>
|j|☆LT71LX Guilt
|j|☆Ayante
|t:|1597118248
|player|p1|LT71LX Guilt|beauty-gen2jp|1754
|player|p2|Ayante|koga|1822
|teamsize|p1|6
|teamsize|p2|6
|gametype|singles
|gen|8
|tier|[Gen 8] OU
|rated|
|clearpoke
|poke|p1|Hydreigon, F|
|poke|p1|Rillaboom, M|
|poke|p1|Dragapult, F|
|poke|p1|Clefable, M|
|poke|p1|Volcarona, M|
|poke|p1|Zeraora|
|poke|p2|Urshifu-*, F|
|poke|p2|Diggersby, F|
|poke|p2|Volcarona, M|
|poke|p2|Primarina, M|
|poke|p2|Dragapult, F|
|poke|p2|Corviknight, M|
|rule|Sleep Clause Mod: Limit one foe put to sleep
|rule|Species Clause: Limit one of each Pokémon
|rule|OHKO Clause: OHKO moves are banned
|rule|Evasion Moves Clause: Evasion moves are banned
|rule|Endless Battle Clause: Forcing endless battles is banned
|rule|HP Percentage Mod: HP is shown in percentages
|rule|Dynamax Clause: You cannot dynamax
|teampreview
|inactive|Battle timer is ON: inactive players will automatically lose when time's up. (requested by LT71LX Guilt)
|
|t:|1597118259
|start
|switch|p1a: Zeraora|Zeraora|100/100
|switch|p2a: Dragapult|Dragapult, F|100/100
|turn|1
|
|t:|1597118266
|switch|p2a: Volcarona|Volcarona, M|100/100
|move|p1a: Zeraora|Knock Off|p2a: Volcarona
|-damage|p2a: Volcarona|66/100
|-status|p1a: Zeraora|brn|[from] ability: Flame Body|[of] p2a: Volcarona
|-enditem|p2a: Volcarona|Heavy-Duty Boots|[from] move: Knock Off|[of] p1a: Zeraora
|-damage|p1a: Zeraora|91/100 brn|[from] item: Life Orb
|
|-damage|p1a: Zeraora|85/100 brn|[from] brn
|upkeep
|turn|2
|
|t:|1597118278
|switch|p1a: Dragapult|Dragapult, F|100/100
|move|p2a: Volcarona|Roost|p2a: Volcarona
|-heal|p2a: Volcarona|100/100
|-singleturn|p2a: Volcarona|move: Roost
|
|upkeep
|turn|3
|
|t:|1597118294
|switch|p1a: Clefable|Clefable, M|100/100
|switch|p2a: Primarina|Primarina, M|100/100
|
|upkeep
|turn|4
|
|t:|1597118302
|move|p1a: Clefable|Calm Mind|p1a: Clefable
|-boost|p1a: Clefable|spa|1
|-boost|p1a: Clefable|spd|1
|move|p2a: Primarina|Substitute|p2a: Primarina
|-start|p2a: Primarina|Substitute
|-damage|p2a: Primarina|76/100
|
|-heal|p2a: Primarina|82/100|[from] item: Leftovers
|upkeep
|turn|5
|
|t:|1597118315
|switch|p2a: Volcarona|Volcarona, M|100/100
|move|p1a: Clefable|Calm Mind|p1a: Clefable
|-boost|p1a: Clefable|spa|1
|-boost|p1a: Clefable|spd|1
|
|upkeep
|turn|6
|
|t:|1597118321
|move|p2a: Volcarona|Quiver Dance|p2a: Volcarona
|-boost|p2a: Volcarona|spa|1
|-boost|p2a: Volcarona|spd|1
|-boost|p2a: Volcarona|spe|1
|move|p1a: Clefable|Thunder|p2a: Volcarona
|-damage|p2a: Volcarona|65/100
|
|upkeep
|turn|7
|
|t:|1597118329
|switch|p1a: Dragapult|Dragapult, F|100/100
|move|p2a: Volcarona|Quiver Dance|p2a: Volcarona
|-boost|p2a: Volcarona|spa|1
|-boost|p2a: Volcarona|spd|1
|-boost|p2a: Volcarona|spe|1
|
|upkeep
|turn|8
|
|t:|1597118339
|move|p2a: Volcarona|Roost|p2a: Volcarona
|-heal|p2a: Volcarona|100/100
|-singleturn|p2a: Volcarona|move: Roost
|move|p1a: Dragapult|Dragon Darts|p2a: Volcarona
|-damage|p2a: Volcarona|67/100
|-anim|p1a: Dragapult|Dragon Darts|p2a: Volcarona
|-damage|p2a: Volcarona|36/100
|-damage|p1a: Dragapult|91/100|[from] item: Life Orb
|
|upkeep
|turn|9
|
|t:|1597118349
|move|p2a: Volcarona|Roost|p2a: Volcarona
|-heal|p2a: Volcarona|86/100
|-singleturn|p2a: Volcarona|move: Roost
|move|p1a: Dragapult|Dragon Darts|p2a: Volcarona
|-damage|p2a: Volcarona|52/100
|-anim|p1a: Dragapult|Dragon Darts|p2a: Volcarona
|-damage|p2a: Volcarona|19/100
|-damage|p1a: Dragapult|81/100|[from] item: Life Orb
|
|upkeep
|turn|10
|
|t:|1597118369
|switch|p2a: Primarina|Primarina, M|82/100
|move|p1a: Dragapult|Dragon Dance|p1a: Dragapult
|-boost|p1a: Dragapult|atk|1
|-boost|p1a: Dragapult|spe|1
|
|-heal|p2a: Primarina|88/100|[from] item: Leftovers
|upkeep
|turn|11
|
|t:|1597118392
|move|p1a: Dragapult|Phantom Force||[still]
|-prepare|p1a: Dragapult|Phantom Force
|move|p2a: Primarina|Draining Kiss|p1a: Dragapult|[miss]
|-miss|p2a: Primarina|p1a: Dragapult
|
|-heal|p2a: Primarina|94/100|[from] item: Leftovers
|upkeep
|turn|12
|
|t:|1597118399
|move|p1a: Dragapult|Phantom Force|p2a: Primarina|[from]lockedmove
|-damage|p2a: Primarina|18/100
|-damage|p1a: Dragapult|71/100|[from] item: Life Orb
|move|p2a: Primarina|Draining Kiss|p1a: Dragapult
|-supereffective|p1a: Dragapult
|-damage|p1a: Dragapult|14/100
|-heal|p2a: Primarina|55/100|[from] drain|[of] p1a: Dragapult
|
|-heal|p2a: Primarina|61/100|[from] item: Leftovers
|upkeep
|turn|13
|inactive|Ayante has 120 seconds left.
|
|t:|1597118434
|switch|p1a: Clefable|Clefable, M|100/100
|move|p2a: Primarina|Draining Kiss|p1a: Clefable
|-damage|p1a: Clefable|81/100
|-heal|p2a: Primarina|77/100|[from] drain|[of] p1a: Clefable
|
|-heal|p2a: Primarina|83/100|[from] item: Leftovers
|upkeep
|turn|14
|
|t:|1597118443
|switch|p2a: Diggersby|Diggersby, F|100/100
|move|p1a: Clefable|Thunder|p2a: Diggersby
|-immune|p2a: Diggersby
|
|upkeep
|turn|15
|inactive|Ayante has 120 seconds left.
|
|t:|1597118451
|switch|p1a: Hydreigon|Hydreigon, F|100/100
|move|p2a: Diggersby|Mega Kick|p1a: Hydreigon|[miss]
|-miss|p2a: Diggersby|p1a: Hydreigon
|
|upkeep
|turn|16
|inactive|Ayante has 120 seconds left.
|
|t:|1597118468
|switch|p1a: Clefable|Clefable, M|81/100
|switch|p2a: Corviknight|Corviknight, M|100/100
|-ability|p2a: Corviknight|Pressure
|
|upkeep
|turn|17
|inactive|Ayante has 120 seconds left.
|
|t:|1597118476
|switch|p2a: Diggersby|Diggersby, F|100/100
|move|p1a: Clefable|Thunder|p2a: Diggersby
|-immune|p2a: Diggersby
|
|upkeep
|turn|18
|
|t:|1597118484
|move|p2a: Diggersby|Mega Kick|p1a: Clefable
|-damage|p1a: Clefable|0 fnt
|-damage|p2a: Diggersby|91/100|[from] item: Life Orb
|faint|p1a: Clefable
|
|upkeep
|
|t:|1597118495
|switch|p1a: Hydreigon|Hydreigon, F|100/100
|turn|19
|
|t:|1597118509
|switch|p1a: Rillaboom|Rillaboom, M|100/100
|-fieldstart|move: Grassy Terrain|[from] ability: Grassy Surge|[of] p1a: Rillaboom
|-enditem|p1a: Rillaboom|Grassy Seed
|-boost|p1a: Rillaboom|def|1|[from] item: Grassy Seed
|switch|p2a: Primarina|Primarina, M|83/100
|
|-heal|p2a: Primarina|89/100|[from] item: Leftovers
|-heal|p2a: Primarina|95/100|[from] Grassy Terrain
|upkeep
|turn|20
|
|t:|1597118521
|switch|p2a: Corviknight|Corviknight, M|100/100
|-ability|p2a: Corviknight|Pressure
|move|p1a: Rillaboom|Swords Dance|p1a: Rillaboom
|-boost|p1a: Rillaboom|atk|2
|
|upkeep
|turn|21
|
|t:|1597118534
|move|p1a: Rillaboom|Swords Dance|p1a: Rillaboom
|-boost|p1a: Rillaboom|atk|2
|move|p2a: Corviknight|Brave Bird|p1a: Rillaboom
|-supereffective|p1a: Rillaboom
|-damage|p1a: Rillaboom|49/100
|-damage|p2a: Corviknight|86/100|[from] Recoil
|
|-heal|p1a: Rillaboom|56/100|[from] Grassy Terrain
|upkeep
|turn|22
|
|t:|1597118544
|switch|p2a: Volcarona|Volcarona, M|19/100
|move|p1a: Rillaboom|Acrobatics|p2a: Volcarona
|-supereffective|p2a: Volcarona
|-damage|p2a: Volcarona|0 fnt
|-status|p1a: Rillaboom|brn|[from] ability: Flame Body|[of] p2a: Volcarona
|faint|p2a: Volcarona
|
|-heal|p1a: Rillaboom|62/100 brn|[from] Grassy Terrain
|-damage|p1a: Rillaboom|56/100 brn|[from] brn
|upkeep
|inactive|Ayante has 120 seconds left.
|
|t:|1597118566
|switch|p2a: Dragapult|Dragapult, F|100/100
|turn|23
|inactive|Ayante has 120 seconds left.
|
|t:|1597118578
|move|p1a: Rillaboom|Grassy Glide|p2a: Dragapult
|-resisted|p2a: Dragapult
|-damage|p2a: Dragapult|53/100
|move|p2a: Dragapult|U-turn|p1a: Rillaboom
|-supereffective|p1a: Rillaboom
|-damage|p1a: Rillaboom|17/100 brn
|inactive|Ayante has 120 seconds left.
|
|t:|1597118590
|switch|p2a: Corviknight|Corviknight, M|86/100|[from]move: U-turn
|-ability|p2a: Corviknight|Pressure
|
|-heal|p1a: Rillaboom|23/100 brn|[from] Grassy Terrain
|-fieldend|move: Grassy Terrain
|-damage|p1a: Rillaboom|17/100 brn|[from] brn
|upkeep
|turn|24
|inactive|Ayante has 120 seconds left.
|
|t:|1597118600
|switch|p1a: Hydreigon|Hydreigon, F|100/100
|move|p2a: Corviknight|Brave Bird|p1a: Hydreigon
|-damage|p1a: Hydreigon|56/100
|-damage|p2a: Corviknight|74/100|[from] Recoil
|
|upkeep
|turn|25
|inactive|Ayante has 120 seconds left.
|
|t:|1597118626
|move|p1a: Hydreigon|Flamethrower|p2a: Corviknight
|-supereffective|p2a: Corviknight
|-damage|p2a: Corviknight|20/100
|-damage|p1a: Hydreigon|46/100|[from] item: Life Orb
|move|p2a: Corviknight|Body Press|p1a: Hydreigon
|-supereffective|p1a: Hydreigon
|-damage|p1a: Hydreigon|3/100
|
|upkeep
|turn|26
|
|t:|1597118638
|move|p1a: Hydreigon|Draco Meteor|p2a: Corviknight
|-resisted|p2a: Corviknight
|-damage|p2a: Corviknight|0 fnt
|-unboost|p1a: Hydreigon|spa|2
|-damage|p1a: Hydreigon|0 fnt|[from] item: Life Orb
|faint|p2a: Corviknight
|faint|p1a: Hydreigon
|
|upkeep
|inactive|Ayante has 90 seconds left.
|
|t:|1597118664
|switch|p1a: Zeraora|Zeraora|85/100 brn
|switch|p2a: Diggersby|Diggersby, F|91/100
|turn|27
|inactive|Ayante has 90 seconds left.
|
|t:|1597118676
|move|p1a: Zeraora|Close Combat|p2a: Diggersby
|-supereffective|p2a: Diggersby
|-damage|p2a: Diggersby|21/100
|-unboost|p1a: Zeraora|def|1
|-unboost|p1a: Zeraora|spd|1
|-damage|p1a: Zeraora|75/100 brn|[from] item: Life Orb
|move|p2a: Diggersby|Earthquake|p1a: Zeraora
|-supereffective|p1a: Zeraora
|-damage|p1a: Zeraora|0 fnt
|-damage|p2a: Diggersby|11/100|[from] item: Life Orb
|faint|p1a: Zeraora
|
|upkeep
|
|t:|1597118681
|switch|p1a: Dragapult|Dragapult, F|14/100
|turn|28
|inactive|Ayante has 90 seconds left.
|
|t:|1597118697
|move|p1a: Dragapult|Dragon Darts|p2a: Diggersby
|-damage|p2a: Diggersby|0 fnt
|-damage|p1a: Dragapult|5/100|[from] item: Life Orb
|faint|p2a: Diggersby
|
|upkeep
|inactive|Ayante has 90 seconds left.
|
|t:|1597118704
|switch|p2a: Dragapult|Dragapult, F|53/100
|turn|29
|
|t:|1597118710
|move|p1a: Dragapult|Sucker Punch|p2a: Dragapult
|-supereffective|p2a: Dragapult
|-damage|p2a: Dragapult|0 fnt
|-damage|p1a: Dragapult|0 fnt|[from] item: Life Orb
|faint|p2a: Dragapult
|faint|p1a: Dragapult
|
|upkeep
|
|t:|1597118717
|switch|p2a: Urshifu|Urshifu, F|100/100
|switch|p1a: Rillaboom|Rillaboom, M|17/100 brn
|-fieldstart|move: Grassy Terrain|[from] ability: Grassy Surge|[of] p1a: Rillaboom
|turn|30
|
|t:|1597118724
|move|p2a: Urshifu|Sucker Punch|p1a: Rillaboom
|-crit|p1a: Rillaboom
|-damage|p1a: Rillaboom|0 fnt
|-damage|p2a: Urshifu|91/100|[from] item: Life Orb
|faint|p1a: Rillaboom
|
|-heal|p2a: Urshifu|97/100|[from] Grassy Terrain
|upkeep
|
|t:|1597118726
|switch|p1a: Volcarona|Volcarona, M|100/100
|turn|31
|
|t:|1597118734
|move|p1a: Volcarona|Flamethrower|p2a: Urshifu
|-damage|p2a: Urshifu|30/100
|move|p2a: Urshifu|Wicked Blow|p1a: Volcarona
|-crit|p1a: Volcarona
|-damage|p1a: Volcarona|0 fnt
|-damage|p2a: Urshifu|20/100|[from] item: Life Orb
|faint|p1a: Volcarona
|
|win|Ayante
|l|☆LT71LX Guilt
|raw|LT71LX Guilt's rating: 1754 &rarr; <strong>1737</strong><br />(-17 for losing)
|raw|Ayante's rating: 1822 &rarr; <strong>1838</strong><br />(+16 for winning)
