|j|☆Commando 55
|j|☆passanger51632
|t:|1603450757
|player|p1|Commando 55|iris-gen5bw2|1845
|player|p2|passanger51632|265|1775
|teamsize|p1|6
|teamsize|p2|6
|gametype|singles
|gen|8
|tier|[Gen 8] OU
|rated|
|clearpoke
|poke|p1|Regieleki|
|poke|p1|Pelipper, M|
|poke|p1|Blissey, F|
|poke|p1|Kingdra, M|
|poke|p1|Urshifu-*, F|
|poke|p1|Ferrothorn, M|
|poke|p2|Zapdos-Galar|
|poke|p2|Victini|
|poke|p2|Hydreigon, M|
|poke|p2|Pheromosa|
|poke|p2|Landorus-Therian, M|
|poke|p2|Zygarde|
|rule|Sleep Clause Mod: Limit one foe put to sleep
|rule|Species Clause: Limit one of each Pokémon
|rule|OHKO Clause: OHKO moves are banned
|rule|Evasion Moves Clause: Evasion moves are banned
|rule|Endless Battle Clause: Forcing endless battles is banned
|rule|HP Percentage Mod: HP is shown in percentages
|rule|Dynamax Clause: You cannot dynamax
|teampreview
|j| Amens
|j| stall cringe af
|
|t:|1603450768
|start
|switch|p1a: Pelipper|Pelipper, M|100/100
|switch|p2a: Landorus|Landorus-Therian, M|100/100
|-ability|p2a: Landorus|Intimidate|boost
|-unboost|p1a: Pelipper|atk|1
|-weather|RainDance|[from] ability: Drizzle|[of] p1a: Pelipper
|turn|1
|inactive|Battle timer is ON: inactive players will automatically lose when time's up. (requested by Commando 55)
|
|t:|1603450773
|move|p2a: Landorus|Stealth Rock|p1a: Pelipper
|-sidestart|p1: Commando 55|move: Stealth Rock
|move|p1a: Pelipper|Scald|p2a: Landorus
|-supereffective|p2a: Landorus
|-damage|p2a: Landorus|6/100
|
|-weather|RainDance|[upkeep]
|upkeep
|turn|2
|
|t:|1603450777
|switch|p1a: Ferrothorn|Ferrothorn, M|100/100
|-damage|p1a: Ferrothorn|94/100|[from] Stealth Rock
|move|p2a: Landorus|Explosion|p1a: Ferrothorn
|-resisted|p1a: Ferrothorn
|-damage|p1a: Ferrothorn|67/100
|faint|p2a: Landorus
|
|-weather|RainDance|[upkeep]
|upkeep
|j| omarakrab
|j| Serikka 「在下」
|
|t:|1603450783
|switch|p2a: Pheromosa|Pheromosa|100/100
|turn|3
|l| omarakrab
|j| highgxedoritos
|
|t:|1603450796
|switch|p1a: Pelipper|Pelipper, M|100/100
|-damage|p1a: Pelipper|76/100|[from] Stealth Rock
|move|p2a: Pheromosa|Focus Blast|p1a: Pelipper|[miss]
|-miss|p2a: Pheromosa|p1a: Pelipper
|
|-weather|RainDance|[upkeep]
|upkeep
|turn|4
|
|t:|1603450802
|move|p2a: Pheromosa|Ice Beam|p1a: Pelipper
|-crit|p1a: Pelipper
|-damage|p1a: Pelipper|0 fnt
|-damage|p2a: Pheromosa|91/100|[from] item: Life Orb
|faint|p1a: Pelipper
|-ability|p2a: Pheromosa|Beast Boost|boost
|-boost|p2a: Pheromosa|spa|1
|
|-weather|RainDance|[upkeep]
|upkeep
|j| Cervixknight
|
|t:|1603450813
|switch|p1a: Kingdra|Kingdra, M|100/100
|-damage|p1a: Kingdra|88/100|[from] Stealth Rock
|turn|5
|j| GWShark101
|
|t:|1603450823
|move|p1a: Kingdra|Draco Meteor|p2a: Pheromosa
|-damage|p2a: Pheromosa|0 fnt
|-unboost|p1a: Kingdra|spa|2
|faint|p2a: Pheromosa
|
|-weather|RainDance|[upkeep]
|upkeep
|
|t:|1603450830
|switch|p2a: Victini|Victini|100/100
|turn|6
|
|t:|1603450837
|switch|p1a: Ferrothorn|Ferrothorn, M|67/100
|-damage|p1a: Ferrothorn|60/100|[from] Stealth Rock
|move|p2a: Victini|U-turn|p1a: Ferrothorn
|-crit|p1a: Ferrothorn
|-damage|p1a: Ferrothorn|43/100
|-damage|p2a: Victini|88/100|[from] ability: Iron Barbs|[of] p1a: Ferrothorn
|-damage|p2a: Victini|72/100|[from] item: Rocky Helmet|[of] p1a: Ferrothorn
|
|t:|1603450840
|switch|p2a: Zapdos|Zapdos-Galar|100/100|[from]move: U-turn
|
|-weather|RainDance|[upkeep]
|upkeep
|turn|7
|
|t:|1603450847
|move|p2a: Zapdos|Close Combat|p1a: Ferrothorn
|-supereffective|p1a: Ferrothorn
|-damage|p1a: Ferrothorn|0 fnt
|-unboost|p2a: Zapdos|def|1
|-unboost|p2a: Zapdos|spd|1
|-damage|p2a: Zapdos|88/100|[from] ability: Iron Barbs|[of] p1a: Ferrothorn
|-damage|p2a: Zapdos|72/100|[from] item: Rocky Helmet|[of] p1a: Ferrothorn
|faint|p1a: Ferrothorn
|
|-weather|RainDance|[upkeep]
|upkeep
|
|t:|1603450855
|switch|p1a: Kingdra|Kingdra, M|88/100
|-damage|p1a: Kingdra|76/100|[from] Stealth Rock
|turn|8
|
|t:|1603450864
|switch|p2a: Victini|Victini|72/100
|move|p1a: Kingdra|Draco Meteor|p2a: Victini
|-damage|p2a: Victini|0 fnt
|-unboost|p1a: Kingdra|spa|2
|faint|p2a: Victini
|
|-weather|none
|upkeep
|
|t:|1603450867
|switch|p2a: Zapdos|Zapdos-Galar|72/100
|turn|9
|j| Priyankaa
|
|t:|1603450872
|move|p2a: Zapdos|Close Combat|p1a: Kingdra
|-damage|p1a: Kingdra|0 fnt
|-unboost|p2a: Zapdos|def|1
|-unboost|p2a: Zapdos|spd|1
|faint|p1a: Kingdra
|
|upkeep
|j| xieleo5
|
|t:|1603450877
|switch|p1a: Urshifu|Urshifu-Rapid-Strike, F|100/100
|-damage|p1a: Urshifu|94/100|[from] Stealth Rock
|turn|10
|j| testinsunny
|
|t:|1603450887
|switch|p2a: Hydreigon|Hydreigon, M|100/100
|move|p1a: Urshifu|Close Combat|p2a: Hydreigon
|-supereffective|p2a: Hydreigon
|-damage|p2a: Hydreigon|0 fnt
|-unboost|p1a: Urshifu|def|1
|-unboost|p1a: Urshifu|spd|1
|faint|p2a: Hydreigon
|
|upkeep
|j| caiyingzi
|
|t:|1603450891
|switch|p2a: Zapdos|Zapdos-Galar|72/100
|turn|11
|
|t:|1603450900
|switch|p1a: Blissey|Blissey, F|100/100
|move|p2a: Zapdos|Brave Bird|p1a: Blissey
|-damage|p1a: Blissey|52/100
|-damage|p2a: Zapdos|36/100|[from] Recoil
|
|upkeep
|turn|12
|
|t:|1603450911
|switch|p2a: Zygarde|Zygarde|100/100
|-ability|p2a: Zygarde|Aura Break
|move|p1a: Blissey|Soft-Boiled|p1a: Blissey
|-heal|p1a: Blissey|100/100
|
|upkeep
|turn|13
|
|t:|1603450915
|move|p2a: Zygarde|Thousand Arrows|p1a: Blissey
|-damage|p1a: Blissey|50/100
|move|p1a: Blissey|Teleport|p1a: Blissey
|
|t:|1603450918
|switch|p1a: Urshifu|Urshifu-Rapid-Strike, F|94/100|[from]move: Teleport
|-damage|p1a: Urshifu|88/100|[from] Stealth Rock
|
|upkeep
|turn|14
|
|t:|1603450921
|move|p1a: Urshifu|Surging Strikes|p2a: Zygarde
|-crit|p2a: Zygarde
|-damage|p2a: Zygarde|78/100
|-crit|p2a: Zygarde
|-damage|p2a: Zygarde|53/100
|-crit|p2a: Zygarde
|-damage|p2a: Zygarde|28/100
|-hitcount|p2a: Zygarde|3
|move|p2a: Zygarde|Thousand Arrows|p1a: Urshifu
|-damage|p1a: Urshifu|26/100
|
|upkeep
|turn|15
|
|t:|1603450927
|switch|p2a: Zapdos|Zapdos-Galar|36/100
|move|p1a: Urshifu|Surging Strikes|p2a: Zapdos
|-crit|p2a: Zapdos
|-damage|p2a: Zapdos|0 fnt
|-hitcount|p2a: Zapdos|1
|faint|p2a: Zapdos
|
|upkeep
|
|t:|1603450929
|switch|p2a: Zygarde|Zygarde|28/100
|-ability|p2a: Zygarde|Aura Break
|turn|16
|
|t:|1603450937
|switch|p1a: Regieleki|Regieleki|100/100
|-damage|p1a: Regieleki|88/100|[from] Stealth Rock
|move|p2a: Zygarde|Extreme Speed|p1a: Regieleki
|-damage|p1a: Regieleki|29/100
|
|upkeep
|turn|17
|
|t:|1603450939
|move|p2a: Zygarde|Extreme Speed|p1a: Regieleki
|-damage|p1a: Regieleki|0 fnt
|faint|p1a: Regieleki
|
|upkeep
|
|t:|1603450946
|switch|p1a: Urshifu|Urshifu-Rapid-Strike, F|26/100
|-damage|p1a: Urshifu|20/100|[from] Stealth Rock
|turn|18
|
|t:|1603450948
|move|p2a: Zygarde|Extreme Speed|p1a: Urshifu
|-damage|p1a: Urshifu|0 fnt
|faint|p1a: Urshifu
|
|upkeep
|j| PoKamie
|
|t:|1603450951
|switch|p1a: Blissey|Blissey, F|50/100
|turn|19
|
|t:|1603450953
|move|p2a: Zygarde|Extreme Speed|p1a: Blissey
|-damage|p1a: Blissey|19/100
|move|p1a: Blissey|Soft-Boiled|p1a: Blissey
|-heal|p1a: Blissey|69/100
|
|upkeep
|turn|20
|j| veryskillbasedgame
|-message|passanger51632 forfeited.
|
|win|Commando 55
|l|☆passanger51632
|l| PoKamie
|raw|Commando 55's rating: 1845 &rarr; <strong>1861</strong><br />(+16 for winning)
|raw|passanger51632's rating: 1775 &rarr; <strong>1759</strong><br />(-16 for losing)
|l|☆Commando 55
|l| veryskillbasedgame
|l| testinsunny
|l| Cervixknight
|l| Priyankaa
|l| caiyingzi
|l| Amens
