|j|☆someidiot19
|j|☆minimax_ai
|t:|1665422589
|gametype|singles
|player|p1|someidiot19|teacher-gen2|1592
|player|p2|minimax_ai|lusamine-nihilego|1532
|teamsize|p1|6
|teamsize|p2|6
|gen|8
|tier|[Gen 8] OU
|rated|
|rule|Sleep Clause Mod: Limit one foe put to sleep
|rule|Species Clause: Limit one of each Pokémon
|rule|OHKO Clause: OHKO moves are banned
|rule|Evasion Items Clause: Evasion items are banned
|rule|Evasion Moves Clause: Evasion moves are banned
|rule|Endless Battle Clause: Forcing endless battles is banned
|rule|HP Percentage Mod: HP is shown in percentages
|rule|Dynamax Clause: You cannot dynamax
|clearpoke
|poke|p1|Dragapult, F|
|poke|p1|Mamoswine, M|
|poke|p1|Amoonguss, M|
|poke|p1|Magnezone|
|poke|p1|Melmetal|
|poke|p1|Tapu Lele|
|poke|p2|Rotom-Wash|
|poke|p2|Weavile, M|
|poke|p2|Landorus-Therian, M|
|poke|p2|Heatran, M|
|poke|p2|Tangrowth, M|
|poke|p2|Melmetal|
|teampreview
|inactive|Battle timer is ON: inactive players will automatically lose when time's up. (requested by someidiot19)
|c|☆minimax_ai|hf
|inactive|minimax_ai also wants the timer to be on.
|c|☆someidiot19|u2
|inactive|someidiot19 has 120 seconds left.
|
|t:|1665422624
|start
|switch|p1a: Magnezone|Magnezone|100/100
|switch|p2a: Melmetal|Melmetal|100/100
|-item|p1a: Magnezone|Air Balloon
|turn|1
|
|t:|1665422628
|move|p1a: Magnezone|Iron Defense|p1a: Magnezone
|-boost|p1a: Magnezone|def|2
|move|p2a: Melmetal|Ice Punch|p1a: Magnezone
|-resisted|p1a: Magnezone
|-crit|p1a: Magnezone
|-damage|p1a: Magnezone|79/100
|-enditem|p1a: Magnezone|Air Balloon
|
|upkeep
|turn|2
|
|t:|1665422632
|move|p1a: Magnezone|Body Press|p2a: Melmetal
|-supereffective|p2a: Melmetal
|-damage|p2a: Melmetal|47/100
|move|p2a: Melmetal|Earthquake|p1a: Magnezone
|-supereffective|p1a: Magnezone
|-damage|p1a: Magnezone|11/100
|
|upkeep
|turn|3
|
|t:|1665422635
|move|p1a: Magnezone|Body Press|p2a: Melmetal
|-supereffective|p2a: Melmetal
|-damage|p2a: Melmetal|0 fnt
|faint|p2a: Melmetal
|
|upkeep
|
|t:|1665422635
|switch|p2a: Heatran|Heatran, M|100/100
|-item|p2a: Heatran|Air Balloon
|turn|4
|
|t:|1665422639
|move|p2a: Heatran|Eruption|p1a: Magnezone
|-supereffective|p1a: Magnezone
|-damage|p1a: Magnezone|0 fnt
|faint|p1a: Magnezone
|
|upkeep
|
|t:|1665422659
|switch|p1a: Dragapult|Dragapult, F|100/100
|turn|5
|
|t:|1665422664
|move|p1a: Dragapult|U-turn|p2a: Heatran
|-resisted|p2a: Heatran
|-damage|p2a: Heatran|96/100
|-enditem|p2a: Heatran|Air Balloon
|
|t:|1665422674
|switch|p1a: Amoonguss|Amoonguss, M|100/100|[from]move: U-turn
|move|p2a: Heatran|Magma Storm|p1a: Amoonguss
|-supereffective|p1a: Amoonguss
|-damage|p1a: Amoonguss|8/100
|-activate|p1a: Amoonguss|move: Magma Storm|[of] p2a: Heatran
|
|-heal|p1a: Amoonguss|15/100|[from] item: Black Sludge
|-damage|p1a: Amoonguss|2/100|[from] move: Magma Storm|[partiallytrapped]
|upkeep
|turn|6
|
|t:|1665422676
|move|p2a: Heatran|Magma Storm|p1a: Amoonguss|[miss]
|-miss|p2a: Heatran|p1a: Amoonguss
|move|p1a: Amoonguss|Spore|p2a: Heatran
|-status|p2a: Heatran|slp|[from] move: Spore
|
|-heal|p1a: Amoonguss|8/100|[from] item: Black Sludge
|-damage|p1a: Amoonguss|0 fnt|[from] move: Magma Storm|[partiallytrapped]
|faint|p1a: Amoonguss
|upkeep
|
|t:|1665422679
|switch|p1a: Mamoswine|Mamoswine, M|100/100
|turn|7
|
|t:|1665422687
|switch|p2a: rotomwash|Rotom-Wash|100/100
|move|p1a: Mamoswine|Stealth Rock|p2a: rotomwash
|-sidestart|p2: minimax_ai|move: Stealth Rock
|
|upkeep
|turn|8
|
|t:|1665422693
|switch|p1a: Dragapult|Dragapult, F|100/100
|move|p2a: rotomwash|Nasty Plot|p2a: rotomwash
|-boost|p2a: rotomwash|spa|2
|
|upkeep
|turn|9
|
|t:|1665422696
|move|p1a: Dragapult|Shadow Ball|p2a: rotomwash
|-damage|p2a: rotomwash|61/100
|move|p2a: rotomwash|Pain Split|p1a: Dragapult
|-sethp|p1a: Dragapult|79/100|[from] move: Pain Split|[silent]
|-sethp|p2a: rotomwash|83/100|[from] move: Pain Split
|
|-heal|p2a: rotomwash|89/100|[from] item: Leftovers
|upkeep
|turn|10
|
|t:|1665422704
|move|p1a: Dragapult|Shadow Ball|p2a: rotomwash
|-damage|p2a: rotomwash|51/100
|move|p2a: rotomwash|Pain Split|p1a: Dragapult
|-sethp|p1a: Dragapult|64/100|[from] move: Pain Split|[silent]
|-sethp|p2a: rotomwash|67/100|[from] move: Pain Split
|
|-heal|p2a: rotomwash|73/100|[from] item: Leftovers
|upkeep
|turn|11
|
|t:|1665422713
|move|p1a: Dragapult|U-turn|p2a: rotomwash
|-damage|p2a: rotomwash|55/100
|
|t:|1665422718
|switch|p1a: Tapu Lele|Tapu Lele|100/100|[from]move: U-turn
|-fieldstart|move: Psychic Terrain|[from] ability: Psychic Surge|[of] p1a: Tapu Lele
|move|p2a: rotomwash|Pain Split|p1a: Tapu Lele
|-sethp|p1a: Tapu Lele|80/100|[from] move: Pain Split|[silent]
|-sethp|p2a: rotomwash|74/100|[from] move: Pain Split
|
|-heal|p2a: rotomwash|80/100|[from] item: Leftovers
|upkeep
|turn|12
|
|t:|1665422722
|switch|p2a: Heatran|Heatran, M|96/100 slp
|-damage|p2a: Heatran|84/100 slp|[from] Stealth Rock
|move|p1a: Tapu Lele|Psyshock|p2a: Heatran
|-resisted|p2a: Heatran
|-damage|p2a: Heatran|55/100 slp
|
|upkeep
|turn|13
|
|t:|1665422727
|move|p1a: Tapu Lele|Psyshock|p2a: Heatran
|-resisted|p2a: Heatran
|-damage|p2a: Heatran|23/100 slp
|cant|p2a: Heatran|slp
|
|upkeep
|turn|14
|
|t:|1665422730
|switch|p2a: Tangrowth|Tangrowth, M|100/100
|-damage|p2a: Tangrowth|88/100|[from] Stealth Rock
|move|p1a: Tapu Lele|Psyshock|p2a: Tangrowth
|-damage|p2a: Tangrowth|59/100
|
|upkeep
|turn|15
|
|t:|1665422732
|move|p1a: Tapu Lele|Moonblast|p2a: Tangrowth
|-damage|p2a: Tangrowth|0 fnt
|faint|p2a: Tangrowth
|
|-fieldend|move: Psychic Terrain
|upkeep
|
|t:|1665422732
|switch|p2a: landorustherian|Landorus-Therian, M|100/100
|-damage|p2a: landorustherian|88/100|[from] Stealth Rock
|-ability|p2a: landorustherian|Intimidate|boost
|-unboost|p1a: Tapu Lele|atk|1
|turn|16
|
|t:|1665422747
|switch|p1a: Mamoswine|Mamoswine, M|100/100
|move|p2a: landorustherian|Earthquake|p1a: Mamoswine
|-damage|p1a: Mamoswine|51/100
|
|-heal|p2a: landorustherian|94/100|[from] item: Leftovers
|upkeep
|turn|17
|
|t:|1665422753
|switch|p1a: Tapu Lele|Tapu Lele|80/100
|-fieldstart|move: Psychic Terrain|[from] ability: Psychic Surge|[of] p1a: Tapu Lele
|switch|p2a: rotomwash|Rotom-Wash|80/100
|-damage|p2a: rotomwash|68/100|[from] Stealth Rock
|
|-heal|p2a: rotomwash|74/100|[from] item: Leftovers
|upkeep
|turn|18
|
|t:|1665422756
|move|p1a: Tapu Lele|Psyshock|p2a: rotomwash
|-crit|p2a: rotomwash
|-damage|p2a: rotomwash|0 fnt
|faint|p2a: rotomwash
|
|upkeep
|
|t:|1665422756
|switch|p2a: landorustherian|Landorus-Therian, M|94/100
|-damage|p2a: landorustherian|82/100|[from] Stealth Rock
|-ability|p2a: landorustherian|Intimidate|boost
|-unboost|p1a: Tapu Lele|atk|1
|turn|19
|
|t:|1665422769
|move|p1a: Tapu Lele|Psyshock|p2a: landorustherian
|-damage|p2a: landorustherian|26/100
|move|p2a: landorustherian|Earthquake|p1a: Tapu Lele
|-damage|p1a: Tapu Lele|11/100
|
|-heal|p2a: landorustherian|32/100|[from] item: Leftovers
|upkeep
|turn|20
|
|t:|1665422772
|switch|p2a: Heatran|Heatran, M|23/100 slp
|-damage|p2a: Heatran|11/100 slp|[from] Stealth Rock
|move|p1a: Tapu Lele|Moonblast|p2a: Heatran
|-resisted|p2a: Heatran
|-damage|p2a: Heatran|0 fnt
|faint|p2a: Heatran
|
|upkeep
|
|t:|1665422773
|switch|p2a: Weavile|Weavile, M|100/100
|-damage|p2a: Weavile|76/100|[from] Stealth Rock
|-ability|p2a: Weavile|Pressure
|turn|21
|j| Ashfak
|
|t:|1665422776
|move|p2a: Weavile|Knock Off|p1a: Tapu Lele
|-crit|p1a: Tapu Lele
|-damage|p1a: Tapu Lele|0 fnt
|-enditem|p1a: Tapu Lele|Assault Vest|[from] move: Knock Off|[of] p2a: Weavile
|faint|p1a: Tapu Lele
|
|-fieldend|move: Psychic Terrain
|upkeep
|
|t:|1665422778
|switch|p1a: Melmetal|Melmetal|100/100
|turn|22
|
|t:|1665422780
|move|p2a: Weavile|Knock Off|p1a: Melmetal
|-crit|p1a: Melmetal
|-damage|p1a: Melmetal|40/100
|-enditem|p1a: Melmetal|Leftovers|[from] move: Knock Off|[of] p2a: Weavile
|move|p1a: Melmetal|Double Iron Bash|p2a: Weavile
|-supereffective|p2a: Weavile
|-damage|p2a: Weavile|0 fnt
|faint|p2a: Weavile
|-hitcount|p2: Weavile|1
|
|upkeep
|
|t:|1665422781
|switch|p2a: landorustherian|Landorus-Therian, M|32/100
|-damage|p2a: landorustherian|19/100|[from] Stealth Rock
|-ability|p2a: landorustherian|Intimidate|boost
|-unboost|p1a: Melmetal|atk|1
|turn|23
|
|t:|1665422784
|move|p2a: landorustherian|Earthquake|p1a: Melmetal
|-supereffective|p1a: Melmetal
|-damage|p1a: Melmetal|0 fnt
|faint|p1a: Melmetal
|
|-heal|p2a: landorustherian|25/100|[from] item: Leftovers
|upkeep
|
|t:|1665422785
|switch|p1a: Dragapult|Dragapult, F|64/100
|turn|24
|
|t:|1665422787
|move|p1a: Dragapult|Shadow Ball|p2a: landorustherian
|-damage|p2a: landorustherian|0 fnt
|faint|p2a: landorustherian
|
|win|someidiot19
|raw|someidiot19's rating: 1592 &rarr; <strong>1609</strong><br />(+17 for winning)
|raw|minimax_ai's rating: 1532 &rarr; <strong>1515</strong><br />(-17 for losing)
|c|☆minimax_ai|gg
