|j|☆Stunfisk2140
|j|☆imachangedmannow
|t:|1646378810
|gametype|singles
|player|p1|Stunfisk2140|skierf|1512
|player|p2|imachangedmannow|skyla|1418
|teamsize|p1|6
|teamsize|p2|6
|gen|8
|tier|[Gen 8] OU
|rated|
|rule|Sleep Clause Mod: Limit one foe put to sleep
|rule|Species Clause: Limit one of each Pokémon
|rule|OHKO Clause: OHKO moves are banned
|rule|Evasion Moves Clause: Evasion moves are banned
|rule|Endless Battle Clause: Forcing endless battles is banned
|rule|HP Percentage Mod: HP is shown in percentages
|rule|Dynamax Clause: You cannot dynamax
|clearpoke
|poke|p1|Lycanroc, F|
|poke|p1|Nihilego|
|poke|p1|Rillaboom, M|
|poke|p1|Bisharp, M|
|poke|p1|Zeraora|
|poke|p1|Hawlucha, F|
|poke|p2|Tornadus-Therian, M|
|poke|p2|Landorus-Therian, M|
|poke|p2|Toxapex, F|
|poke|p2|Zeraora|
|poke|p2|Corviknight, F|
|poke|p2|Weavile, M|
|teampreview
|inactive|Battle timer is ON: inactive players will automatically lose when time's up. (requested by Stunfisk2140)
|
|t:|1646378824
|start
|switch|p1a: Doggo|Lycanroc, F|100/100
|switch|p2a: Landorus|Landorus-Therian, M|100/100
|-ability|p2a: Landorus|Intimidate|boost
|-unboost|p1a: Doggo|atk|1
|turn|1
|
|t:|1646378830
|move|p1a: Doggo|Taunt|p2a: Landorus
|-start|p2a: Landorus|move: Taunt
|move|p2a: Landorus|Knock Off|p1a: Doggo
|-damage|p1a: Doggo|53/100
|-enditem|p1a: Doggo|Focus Sash|[from] move: Knock Off|[of] p2a: Landorus
|
|upkeep
|turn|2
|
|t:|1646378837
|move|p1a: Doggo|Stealth Rock|p2a: Landorus
|-sidestart|p2: imachangedmannow|move: Stealth Rock
|move|p2a: Landorus|Earthquake|p1a: Doggo
|-supereffective|p1a: Doggo
|-damage|p1a: Doggo|0 fnt
|faint|p1a: Doggo
|
|upkeep
|
|t:|1646378845
|switch|p1a: Monke|Rillaboom, M|100/100
|-fieldstart|move: Grassy Terrain|[from] ability: Grassy Surge|[of] p1a: Monke
|turn|3
|
|t:|1646378848
|move|p1a: Monke|Swords Dance|p1a: Monke
|-boost|p1a: Monke|atk|2
|move|p2a: Landorus|U-turn|p1a: Monke
|-supereffective|p1a: Monke
|-damage|p1a: Monke|50/100
|
|t:|1646378852
|switch|p2a: Weavile|Weavile, M|100/100|[from]move: U-turn
|-damage|p2a: Weavile|76/100|[from] Stealth Rock
|-ability|p2a: Weavile|Pressure
|
|-heal|p2a: Weavile|82/100|[from] Grassy Terrain
|-heal|p1a: Monke|56/100|[from] Grassy Terrain
|upkeep
|turn|4
|j| unluckynogood
|
|t:|1646378861
|switch|p1a: Thicc Thighs Melm|Bisharp, M|100/100
|move|p2a: Weavile|Ice Shard|p1a: Thicc Thighs Melm
|-resisted|p1a: Thicc Thighs Melm
|-damage|p1a: Thicc Thighs Melm|81/100
|
|-heal|p2a: Weavile|88/100|[from] Grassy Terrain
|-heal|p1a: Thicc Thighs Melm|86/100|[from] Grassy Terrain
|upkeep
|turn|5
|
|t:|1646378870
|switch|p2a: Corviknight|Corviknight, F, shiny|100/100
|-damage|p2a: Corviknight|88/100|[from] Stealth Rock
|-ability|p2a: Corviknight|Pressure
|move|p1a: Thicc Thighs Melm|Swords Dance|p1a: Thicc Thighs Melm
|-boost|p1a: Thicc Thighs Melm|atk|2
|
|-heal|p1a: Thicc Thighs Melm|92/100|[from] Grassy Terrain
|-heal|p2a: Corviknight|94/100|[from] item: Leftovers
|upkeep
|turn|6
|
|t:|1646378881
|move|p1a: Thicc Thighs Melm|Knock Off|p2a: Corviknight
|-damage|p2a: Corviknight|0 fnt
|-enditem|p2a: Corviknight|Leftovers|[from] move: Knock Off|[of] p1a: Thicc Thighs Melm
|faint|p2a: Corviknight
|-damage|p1a: Thicc Thighs Melm|82/100|[from] item: Life Orb
|
|-heal|p1a: Thicc Thighs Melm|88/100|[from] Grassy Terrain
|upkeep
|
|t:|1646378884
|switch|p2a: Toxapex|Toxapex, F, shiny|100/100
|-damage|p2a: Toxapex|88/100|[from] Stealth Rock
|turn|7
|
|t:|1646378891
|move|p1a: Thicc Thighs Melm|Knock Off|p2a: Toxapex
|-damage|p2a: Toxapex|0 fnt
|-enditem|p2a: Toxapex|Eject Button|[from] move: Knock Off|[of] p1a: Thicc Thighs Melm
|faint|p2a: Toxapex
|-damage|p1a: Thicc Thighs Melm|78/100|[from] item: Life Orb
|
|-heal|p1a: Thicc Thighs Melm|84/100|[from] Grassy Terrain
|-fieldend|move: Grassy Terrain
|upkeep
|c|☆Stunfisk2140|there was a dude
|c|☆Stunfisk2140|who said
|
|t:|1646378897
|switch|p2a: Zeraora|Zeraora, shiny|100/100
|-damage|p2a: Zeraora|88/100|[from] Stealth Rock
|turn|8
|c|☆Stunfisk2140|bisharp was trash
|c|☆Stunfisk2140|lemme show this to pasta
|
|t:|1646378904
|move|p1a: Thicc Thighs Melm|Sucker Punch|p2a: Zeraora
|-damage|p2a: Zeraora|0 fnt
|faint|p2a: Zeraora
|-damage|p1a: Thicc Thighs Melm|74/100|[from] item: Life Orb
|
|upkeep
|
|t:|1646378906
|switch|p2a: Tornadus|Tornadus-Therian, M, shiny|100/100
|-damage|p2a: Tornadus|76/100|[from] Stealth Rock
|turn|9
|c|☆imachangedmannow|GOOD FOR U MATE
|
|t:|1646378914
|move|p1a: Thicc Thighs Melm|Sucker Punch|p2a: Tornadus
|-damage|p2a: Tornadus|0 fnt
|faint|p2a: Tornadus
|-damage|p1a: Thicc Thighs Melm|64/100|[from] item: Life Orb
|
|upkeep
|-message|imachangedmannow forfeited.
|
|win|Stunfisk2140
|raw|Stunfisk2140's rating: 1512 &rarr; <strong>1527</strong><br />(+15 for winning)
|raw|imachangedmannow's rating: 1418 &rarr; <strong>1403</strong><br />(-15 for losing)
|l|☆imachangedmannow
