|j|‽minimax_ai
|j|☆Spectre Ace
|t:|1667589650
|gametype|singles
|player|p1|minimax_ai|169|1500
|player|p2|Spectre Ace|juggler|1554
|teamsize|p1|6
|teamsize|p2|6
|gen|8
|tier|[Gen 8] OU
|rated|
|rule|Sleep Clause Mod: Limit one foe put to sleep
|rule|Species Clause: Limit one of each Pokémon
|rule|OHKO Clause: OHKO moves are banned
|rule|Evasion Items Clause: Evasion items are banned
|rule|Evasion Moves Clause: Evasion moves are banned
|rule|Endless Battle Clause: Forcing endless battles is banned
|rule|HP Percentage Mod: HP is shown in percentages
|rule|Dynamax Clause: You cannot dynamax
|clearpoke
|poke|p1|Rotom-Wash|
|poke|p1|Weavile, F|
|poke|p1|Landorus-Therian, M|
|poke|p1|Heatran, M|
|poke|p1|Tangrowth, M|
|poke|p1|Melmetal|
|poke|p2|Garchomp, M|
|poke|p2|Mandibuzz, F|
|poke|p2|Ferrothorn, M|
|poke|p2|Slowking-Galar, F|
|poke|p2|Raichu-Alola, F|
|poke|p2|Tapu Koko|
|teampreview
|inactive|Battle timer is ON: inactive players will automatically lose when time's up. (requested by minimax_ai)
|
|t:|1667589654
|start
|switch|p1a: Landorus|Landorus-Therian, M|100/100
|switch|p2a: Booker|Tapu Koko|100/100
|-fieldstart|move: Electric Terrain|[from] ability: Electric Surge|[of] p2a: Booker
|-ability|p1a: Landorus|Intimidate|boost
|-unboost|p2a: Booker|atk|1
|turn|1
|
|t:|1667589656
|switch|p2a: Sundowner|Ferrothorn, M, shiny|100/100
|move|p1a: Landorus|Earthquake|p2a: Sundowner
|-damage|p2a: Sundowner|74/100
|
|-heal|p2a: Sundowner|80/100|[from] item: Leftovers
|upkeep
|turn|2
|
|t:|1667589658
|move|p1a: Landorus|U-turn|p2a: Sundowner
|-damage|p2a: Sundowner|66/100
|-damage|p1a: Landorus|88/100|[from] ability: Iron Barbs|[of] p2a: Sundowner
|
|t:|1667589659
|switch|p1a: Heatran|Heatran, M|100/100|[from]move: U-turn
|-item|p1a: Heatran|Air Balloon
|move|p2a: Sundowner|Knock Off|p1a: Heatran
|-damage|p1a: Heatran|79/100
|-enditem|p1a: Heatran|Air Balloon
|
|-heal|p2a: Sundowner|73/100|[from] item: Leftovers
|upkeep
|turn|3
|
|t:|1667589662
|switch|p2a: Samus|Slowking-Galar, F|100/100
|move|p1a: Heatran|Magma Storm|p2a: Samus
|-damage|p2a: Samus|79/100
|-activate|p2a: Samus|move: Magma Storm|[of] p1a: Heatran
|
|-damage|p2a: Samus|67/100|[from] move: Magma Storm|[partiallytrapped]
|upkeep
|turn|4
|
|t:|1667589664
|move|p1a: Heatran|Magma Storm|p2a: Samus|[miss]
|-miss|p1a: Heatran|p2a: Samus
|move|p2a: Samus|Earthquake|p1a: Heatran
|-supereffective|p1a: Heatran
|-damage|p1a: Heatran|10/100
|
|-damage|p2a: Samus|54/100|[from] move: Magma Storm|[partiallytrapped]
|upkeep
|turn|5
|
|t:|1667589666
|move|p1a: Heatran|Stealth Rock|p2a: Samus
|-sidestart|p2: Spectre Ace|move: Stealth Rock
|move|p2a: Samus|Future Sight|p1a: Heatran
|-start|p2a: Samus|move: Future Sight
|
|-damage|p2a: Samus|42/100|[from] move: Magma Storm|[partiallytrapped]
|upkeep
|turn|6
|
|t:|1667589667
|move|p1a: Heatran|Magma Storm|p2a: Samus
|-damage|p2a: Samus|18/100
|move|p2a: Samus|Earthquake|p1a: Heatran
|-supereffective|p1a: Heatran
|-damage|p1a: Heatran|0 fnt
|faint|p1a: Heatran
|
|-end|p2a: Samus|Magma Storm|[partiallytrapped]|[silent]
|upkeep
|
|t:|1667589667
|switch|p1a: Weavile|Weavile, F|100/100
|-ability|p1a: Weavile|Pressure
|turn|7
|
|t:|1667589671
|move|p1a: Weavile|Triple Axel|p2a: Samus
|-damage|p2a: Samus|2/100
|-damage|p2a: Samus|0 fnt
|faint|p2a: Samus
|-hitcount|p2: Samus|2
|
|-end|p1a: Weavile|move: Future Sight
|-immune|p1a: Weavile
|upkeep
|
|t:|1667589673
|switch|p2a: Sundowner|Ferrothorn, M, shiny|73/100
|-damage|p2a: Sundowner|66/100|[from] Stealth Rock
|turn|8
|
|t:|1667589674
|move|p1a: Weavile|Triple Axel|p2a: Sundowner|[miss]
|-miss|p1a: Weavile|p2a: Sundowner
|move|p2a: Sundowner|Body Press|p1a: Weavile
|-supereffective|p1a: Weavile
|-damage|p1a: Weavile|0 fnt
|faint|p1a: Weavile
|
|-heal|p2a: Sundowner|73/100|[from] item: Leftovers
|-fieldend|move: Electric Terrain
|upkeep
|
|t:|1667589674
|switch|p1a: Tangrowth|Tangrowth, M|100/100
|turn|9
|
|t:|1667589678
|switch|p2a: Booker|Tapu Koko|100/100
|-damage|p2a: Booker|88/100|[from] Stealth Rock
|-fieldstart|move: Electric Terrain|[from] ability: Electric Surge|[of] p2a: Booker
|move|p1a: Tangrowth|Focus Blast|p2a: Booker|[miss]
|-miss|p1a: Tangrowth|p2a: Booker
|
|upkeep
|turn|10
|
|t:|1667589681
|move|p2a: Booker|Dazzling Gleam|p1a: Tangrowth
|-damage|p1a: Tangrowth|50/100
|move|p1a: Tangrowth|Giga Drain|p2a: Booker
|-damage|p2a: Booker|46/100
|-heal|p1a: Tangrowth|65/100|[from] drain|[of] p2a: Booker
|
|upkeep
|turn|11
|
|t:|1667589684
|switch|p1a: Melmetal|Melmetal|100/100
|move|p2a: Booker|Dazzling Gleam|p1a: Melmetal
|-resisted|p1a: Melmetal
|-damage|p1a: Melmetal|92/100
|
|upkeep
|turn|12
|
|t:|1667589686
|move|p2a: Booker|U-turn|p1a: Melmetal
|-resisted|p1a: Melmetal
|-damage|p1a: Melmetal|87/100
|
|t:|1667589688
|switch|p2a: Sundowner|Ferrothorn, M, shiny|73/100|[from]move: U-turn
|-damage|p2a: Sundowner|66/100|[from] Stealth Rock
|move|p1a: Melmetal|Ice Punch|p2a: Sundowner
|-damage|p2a: Sundowner|45/100
|-damage|p1a: Melmetal|75/100|[from] ability: Iron Barbs|[of] p2a: Sundowner
|
|-heal|p2a: Sundowner|51/100|[from] item: Leftovers
|upkeep
|turn|13
|
|t:|1667589689
|switch|p1a: Tangrowth|Tangrowth, M|98/100
|move|p2a: Sundowner|Leech Seed|p1a: Tangrowth
|-immune|p1a: Tangrowth
|
|-heal|p2a: Sundowner|58/100|[from] item: Leftovers
|upkeep
|turn|14
|
|t:|1667589694
|switch|p2a: Crane|Garchomp, M|100/100
|-damage|p2a: Crane|94/100|[from] Stealth Rock
|move|p1a: Tangrowth|Focus Blast|p2a: Crane
|-damage|p2a: Crane|64/100
|
|upkeep
|turn|15
|
|t:|1667589695
|move|p2a: Crane|Stealth Rock|p1a: Tangrowth
|-sidestart|p1: minimax_ai|move: Stealth Rock
|move|p1a: Tangrowth|Giga Drain|p2a: Crane
|-damage|p2a: Crane|33/100
|-heal|p1a: Tangrowth|100/100|[from] drain|[of] p2a: Crane
|
|upkeep
|turn|16
|
|t:|1667589697
|move|p2a: Crane|Stone Edge|p1a: Tangrowth
|-damage|p1a: Tangrowth|82/100
|move|p1a: Tangrowth|Focus Blast|p2a: Crane
|-damage|p2a: Crane|1/100
|
|-fieldend|move: Electric Terrain
|upkeep
|turn|17
|
|t:|1667589705
|switch|p2a: Sundowner|Ferrothorn, M, shiny|58/100
|-damage|p2a: Sundowner|51/100|[from] Stealth Rock
|move|p1a: Tangrowth|Focus Blast|p2a: Sundowner|[miss]
|-miss|p1a: Tangrowth|p2a: Sundowner
|
|-heal|p2a: Sundowner|58/100|[from] item: Leftovers
|upkeep
|turn|18
|
|t:|1667589707
|move|p1a: Tangrowth|Focus Blast|p2a: Sundowner
|-supereffective|p2a: Sundowner
|-damage|p2a: Sundowner|2/100
|move|p2a: Sundowner|Spikes|p1a: Tangrowth
|-sidestart|p1: minimax_ai|Spikes
|
|-heal|p2a: Sundowner|9/100|[from] item: Leftovers
|upkeep
|turn|19
|
|t:|1667589709
|move|p1a: Tangrowth|Focus Blast|p2a: Sundowner
|-supereffective|p2a: Sundowner
|-damage|p2a: Sundowner|0 fnt
|faint|p2a: Sundowner
|
|upkeep
|
|t:|1667589711
|switch|p2a: Booker|Tapu Koko|46/100
|-damage|p2a: Booker|34/100|[from] Stealth Rock
|-fieldstart|move: Electric Terrain|[from] ability: Electric Surge|[of] p2a: Booker
|turn|20
|
|t:|1667589711
|move|p2a: Booker|Dazzling Gleam|p1a: Tangrowth
|-damage|p1a: Tangrowth|37/100
|move|p1a: Tangrowth|Giga Drain|p2a: Booker
|-damage|p2a: Booker|0 fnt
|-heal|p1a: Tangrowth|49/100|[from] drain|[of] p2a: Booker
|faint|p2a: Booker
|
|upkeep
|
|t:|1667589713
|switch|p2a: Valentine|Raichu-Alola, F, shiny|100/100
|-damage|p2a: Valentine|88/100|[from] Stealth Rock
|turn|21
|
|t:|1667589715
|move|p2a: Valentine|Nasty Plot|p2a: Valentine
|-boost|p2a: Valentine|spa|2
|move|p1a: Tangrowth|Giga Drain|p2a: Valentine
|-damage|p2a: Valentine|45/100
|-heal|p1a: Tangrowth|62/100|[from] drain|[of] p2a: Valentine
|
|upkeep
|turn|22
|
|t:|1667589717
|move|p2a: Valentine|Rising Voltage|p1a: Tangrowth
|-hint|Rising Voltage's BP doubled on grounded target.
|-resisted|p1a: Tangrowth
|-damage|p1a: Tangrowth|0 fnt
|faint|p1a: Tangrowth
|-damage|p2a: Valentine|35/100|[from] item: Life Orb
|
|upkeep
|
|t:|1667589717
|switch|p1a: Landorus|Landorus-Therian, M|88/100
|-damage|p1a: Landorus|76/100|[from] Stealth Rock
|-ability|p1a: Landorus|Intimidate|boost
|-unboost|p2a: Valentine|atk|1
|turn|23
|
|t:|1667589719
|move|p2a: Valentine|Surf|p1a: Landorus
|-supereffective|p1a: Landorus
|-damage|p1a: Landorus|0 fnt
|faint|p1a: Landorus
|-damage|p2a: Valentine|25/100|[from] item: Life Orb
|
|upkeep
|
|t:|1667589719
|switch|p1a: Melmetal|Melmetal|75/100
|-damage|p1a: Melmetal|69/100|[from] Stealth Rock
|-damage|p1a: Melmetal|56/100|[from] Spikes
|turn|24
|
|t:|1667589721
|move|p2a: Valentine|Rising Voltage|p1a: Melmetal
|-hint|Rising Voltage's BP doubled on grounded target.
|-damage|p1a: Melmetal|0 fnt
|faint|p1a: Melmetal
|-damage|p2a: Valentine|15/100|[from] item: Life Orb
|
|upkeep
|
|t:|1667589721
|switch|p1a: Rotom|Rotom-Wash|100/100
|-damage|p1a: Rotom|88/100|[from] Stealth Rock
|turn|25
|
|t:|1667589723
|move|p2a: Valentine|Rising Voltage|p1a: Rotom
|-damage|p1a: Rotom|0 fnt
|faint|p1a: Rotom
|-damage|p2a: Valentine|5/100|[from] item: Life Orb
|
|win|Spectre Ace
|raw|minimax_ai's rating: 1500 &rarr; <strong>1483</strong><br />(-17 for losing)
|raw|Spectre Ace's rating: 1554 &rarr; <strong>1571</strong><br />(+17 for winning)
|l|‽minimax_ai
||Ladder isn't responding, score probably updated but might not have (Request timeout).
