|raw|<div class="broadcast-blue"><strong>This battle is required to be public due to a player having a name starting with 'LT74PF'.</div>
|j|☆LT74PF IMP
|j|☆isheavydead
|t:|1599325651
|player|p1|LT74PF IMP|biker-gen3|1852
|player|p2|isheavydead|101|1827
|teamsize|p1|6
|teamsize|p2|6
|gametype|singles
|gen|8
|tier|[Gen 8] OU
|rated|
|clearpoke
|poke|p1|Blissey, F|
|poke|p1|Aegislash, M|
|poke|p1|Skarmory, M|
|poke|p1|Zarude|
|poke|p1|Toxapex, M|
|poke|p1|Zeraora|
|poke|p2|Haxorus, F|
|poke|p2|Volcarona, F|
|poke|p2|Ninetales-Alola, F|
|poke|p2|Excadrill, F|
|poke|p2|Urshifu-*, M|
|poke|p2|Azumarill, M|
|rule|Sleep Clause Mod: Limit one foe put to sleep
|rule|Species Clause: Limit one of each Pokémon
|rule|OHKO Clause: OHKO moves are banned
|rule|Evasion Moves Clause: Evasion moves are banned
|rule|Endless Battle Clause: Forcing endless battles is banned
|rule|HP Percentage Mod: HP is shown in percentages
|rule|Dynamax Clause: You cannot dynamax
|teampreview
|inactive|Battle timer is ON: inactive players will automatically lose when time's up. (requested by LT74PF IMP)
|j| lt74pf loren
|
|t:|1599325659
|start
|switch|p1a: Zarude|Zarude|100/100
|switch|p2a: Excadrill|Excadrill, F, shiny|100/100
|-ability|p2a: Excadrill|Mold Breaker
|turn|1
|j|+Sacri'
|l|+Sacri'
|inactive|isheavydead has 120 seconds left.
|j| Bloodclat
|j| Cookieco
|
|t:|1599325703
|move|p1a: Zarude|Power Whip|p2a: Excadrill
|-damage|p2a: Excadrill|20/100
|move|p2a: Excadrill|Stealth Rock|p1a: Zarude
|-sidestart|p1: LT74PF IMP|move: Stealth Rock
|
|upkeep
|turn|2
|
|t:|1599325708
|move|p1a: Zarude|Crunch|p2a: Excadrill
|-damage|p2a: Excadrill|0 fnt
|faint|p2a: Excadrill
|
|upkeep
|
|t:|1599325709
|switch|p2a: Ninetales|Ninetales-Alola, F, shiny|100/100
|-weather|Hail|[from] ability: Snow Warning|[of] p2a: Ninetales
|turn|3
|
|t:|1599325714
|move|p2a: Ninetales|Aurora Veil|p2a: Ninetales
|-sidestart|p2: isheavydead|move: Aurora Veil
|move|p1a: Zarude|Power Whip|p2a: Ninetales
|-damage|p2a: Ninetales|63/100
|
|-weather|Hail|[upkeep]
|-damage|p1a: Zarude|95/100|[from] Hail
|upkeep
|turn|4
|j| BBJamin
|inactive|isheavydead has 120 seconds left.
|
|t:|1599325741
|switch|p1a: Blissey|Blissey, F|100/100
|move|p2a: Ninetales|Moonblast|p1a: Blissey
|-damage|p1a: Blissey|90/100
|
|-weather|Hail|[upkeep]
|-damage|p1a: Blissey|84/100|[from] Hail
|upkeep
|turn|5
|l| BBJamin
|
|t:|1599325760
|switch|p2a: Haxorus|Haxorus, F, shiny|100/100
|-ability|p2a: Haxorus|Mold Breaker
|move|p1a: Blissey|Toxic|p2a: Haxorus
|-status|p2a: Haxorus|tox
|-enditem|p2a: Haxorus|Lum Berry|[eat]
|-curestatus|p2a: Haxorus|tox|[msg]
|
|-weather|Hail|[upkeep]
|-damage|p2a: Haxorus|94/100|[from] Hail
|-damage|p1a: Blissey|78/100|[from] Hail
|upkeep
|turn|6
|inactive|isheavydead has 120 seconds left.
|
|t:|1599325782
|switch|p1a: Skarmory|Skarmory, M|100/100
|-damage|p1a: Skarmory|88/100|[from] Stealth Rock
|move|p2a: Haxorus|Scale Shot|p1a: Skarmory
|-resisted|p1a: Skarmory
|-damage|p1a: Skarmory|84/100
|-resisted|p1a: Skarmory
|-damage|p1a: Skarmory|80/100
|-resisted|p1a: Skarmory
|-damage|p1a: Skarmory|76/100
|-resisted|p1a: Skarmory
|-damage|p1a: Skarmory|71/100
|-resisted|p1a: Skarmory
|-damage|p1a: Skarmory|67/100
|-hitcount|p1a: Skarmory|5
|-unboost|p2a: Haxorus|def|1
|-boost|p2a: Haxorus|spe|1
|
|-weather|Hail|[upkeep]
|-damage|p2a: Haxorus|88/100|[from] Hail
|-damage|p1a: Skarmory|61/100|[from] Hail
|upkeep
|turn|7
|
|t:|1599325787
|move|p2a: Haxorus|Swords Dance|p2a: Haxorus
|-boost|p2a: Haxorus|atk|2
|move|p1a: Skarmory|Roost|p1a: Skarmory
|-heal|p1a: Skarmory|100/100
|-singleturn|p1a: Skarmory|move: Roost
|
|-weather|none
|upkeep
|turn|8
|
|t:|1599325794
|move|p2a: Haxorus|Close Combat|p1a: Skarmory
|-damage|p1a: Skarmory|48/100
|-unboost|p2a: Haxorus|def|1
|-unboost|p2a: Haxorus|spd|1
|move|p1a: Skarmory|Whirlwind|p2a: Haxorus
|drag|p2a: Azumarill|Azumarill, M|100/100
|
|upkeep
|turn|9
|
|t:|1599325798
|move|p2a: Azumarill|Belly Drum|p2a: Azumarill
|-damage|p2a: Azumarill|50/100
|-setboost|p2a: Azumarill|atk|6|[from] move: Belly Drum
|-enditem|p2a: Azumarill|Sitrus Berry|[eat]
|-heal|p2a: Azumarill|75/100|[from] item: Sitrus Berry
|move|p1a: Skarmory|Whirlwind|p2a: Azumarill
|drag|p2a: Haxorus|Haxorus, F, shiny|88/100
|-ability|p2a: Haxorus|Mold Breaker
|
|upkeep
|turn|10
|
|t:|1599325803
|move|p2a: Haxorus|Close Combat|p1a: Skarmory
|-damage|p1a: Skarmory|21/100
|-unboost|p2a: Haxorus|def|1
|-unboost|p2a: Haxorus|spd|1
|move|p1a: Skarmory|Roost|p1a: Skarmory
|-heal|p1a: Skarmory|71/100
|-singleturn|p1a: Skarmory|move: Roost
|
|-sideend|p2: isheavydead|move: Aurora Veil
|upkeep
|turn|11
|
|t:|1599325808
|move|p2a: Haxorus|Swords Dance|p2a: Haxorus
|-boost|p2a: Haxorus|atk|2
|move|p1a: Skarmory|Body Press|p2a: Haxorus
|-damage|p2a: Haxorus|29/100
|
|upkeep
|turn|12
|
|t:|1599325816
|switch|p1a: Aegislash|Aegislash, M|100/100
|-damage|p1a: Aegislash|94/100|[from] Stealth Rock
|move|p2a: Haxorus|Close Combat|p1a: Aegislash
|-immune|p1a: Aegislash
|
|upkeep
|turn|13
|
|t:|1599325819
|-formechange|p1a: Aegislash|Aegislash-Blade||[from] ability: Stance Change
|move|p1a: Aegislash|Shadow Sneak|p2a: Haxorus
|-damage|p2a: Haxorus|0 fnt
|faint|p2a: Haxorus
|
|upkeep
|
|t:|1599325825
|switch|p2a: Urshifu|Urshifu, M|100/100
|turn|14
|
|t:|1599325827
|move|p2a: Urshifu|Bulk Up|p2a: Urshifu
|-boost|p2a: Urshifu|atk|1
|-boost|p2a: Urshifu|def|1
|move|p1a: Aegislash|Close Combat|p2a: Urshifu
|-supereffective|p2a: Urshifu
|-damage|p2a: Urshifu|54/100
|-unboost|p1a: Aegislash|def|1
|-unboost|p1a: Aegislash|spd|1
|
|upkeep
|turn|15
|j| LT74PF INTERNAL
|
|t:|1599325844
|move|p1a: Aegislash|Shadow Sneak|p2a: Urshifu
|-resisted|p2a: Urshifu
|-damage|p2a: Urshifu|47/100
|move|p2a: Urshifu|Wicked Blow|p1a: Aegislash
|-supereffective|p1a: Aegislash
|-crit|p1a: Aegislash
|-damage|p1a: Aegislash|0 fnt
|faint|p1a: Aegislash
|
|upkeep
|
|t:|1599325849
|switch|p1a: Toxapex|Toxapex, M|100/100
|-damage|p1a: Toxapex|88/100|[from] Stealth Rock
|turn|16
|
|t:|1599325863
|move|p2a: Urshifu|Wicked Blow|p1a: Toxapex
|-crit|p1a: Toxapex
|-damage|p1a: Toxapex|24/100
|-damage|p2a: Urshifu|30/100|[from] item: Rocky Helmet|[of] p1a: Toxapex
|move|p1a: Toxapex|Scald|p2a: Urshifu
|-damage|p2a: Urshifu|6/100
|
|upkeep
|turn|17
|
|t:|1599325882
|switch|p1a: Skarmory|Skarmory, M|71/100
|-damage|p1a: Skarmory|59/100|[from] Stealth Rock
|move|p2a: Urshifu|Drain Punch|p1a: Skarmory
|-damage|p1a: Skarmory|25/100
|-heal|p2a: Urshifu|23/100|[from] drain|[of] p1a: Skarmory
|
|upkeep
|turn|18
|l| Cookieco
|inactive|LT74PF IMP has 120 seconds left.
|
|t:|1599325920
|move|p2a: Urshifu|Drain Punch|p1a: Skarmory
|-damage|p1a: Skarmory|0 fnt
|-heal|p2a: Urshifu|35/100|[from] drain|[of] p1a: Skarmory
|faint|p1a: Skarmory
|
|upkeep
|
|t:|1599325924
|switch|p1a: Zarude|Zarude|95/100
|-damage|p1a: Zarude|82/100|[from] Stealth Rock
|turn|19
|
|t:|1599325928
|move|p1a: Zarude|Power Whip|p2a: Urshifu
|-damage|p2a: Urshifu|0 fnt
|faint|p2a: Urshifu
|
|upkeep
|
|t:|1599325935
|switch|p2a: Ninetales|Ninetales-Alola, F, shiny|63/100
|-weather|Hail|[from] ability: Snow Warning|[of] p2a: Ninetales
|turn|20
|
|t:|1599325941
|switch|p1a: Blissey|Blissey, F|78/100
|move|p2a: Ninetales|Moonblast|p1a: Blissey
|-damage|p1a: Blissey|68/100
|
|-weather|Hail|[upkeep]
|-damage|p1a: Blissey|62/100|[from] Hail
|upkeep
|turn|21
|
|t:|1599325952
|switch|p2a: Azumarill|Azumarill, M|75/100
|move|p1a: Blissey|Toxic|p2a: Azumarill
|-status|p2a: Azumarill|tox
|
|-weather|Hail|[upkeep]
|-damage|p2a: Azumarill|69/100 tox|[from] Hail
|-damage|p1a: Blissey|56/100|[from] Hail
|-damage|p2a: Azumarill|63/100 tox|[from] psn
|upkeep
|turn|22
|
|t:|1599325957
|switch|p1a: Zarude|Zarude|82/100
|-damage|p1a: Zarude|70/100|[from] Stealth Rock
|move|p2a: Azumarill|Belly Drum|p2a: Azumarill
|-damage|p2a: Azumarill|13/100 tox
|-setboost|p2a: Azumarill|atk|6|[from] move: Belly Drum
|
|-weather|Hail|[upkeep]
|-damage|p1a: Zarude|64/100|[from] Hail
|-damage|p2a: Azumarill|7/100 tox|[from] Hail
|-damage|p2a: Azumarill|0 fnt|[from] psn
|faint|p2a: Azumarill
|upkeep
|c|☆isheavydead|belly drum
|c|☆isheavydead|into a forfeit
|-message|isheavydead forfeited.
|
|win|LT74PF IMP
|l|☆isheavydead
|l| Bloodclat
|raw|LT74PF IMP's rating: 1852 &rarr; <strong>1872</strong><br />(+20 for winning)
|raw|isheavydead's rating: 1847 &rarr; <strong>1827</strong><br />(-20 for losing)
|l|☆LT74PF IMP
|l| lt74pf loren
|j| the 18th hour
