|raw|<div class="broadcast-blue"><strong>This battle is required to be public due to a player having a name starting with 'LT74PF'.</div>
|j|☆relic stone
|j|☆LT74PF 999iq280
|t:|1599035915
|player|p1|relic stone|lusamine-nihilego|1807
|player|p2|LT74PF 999iq280|dawn-gen4pt|1680
|teamsize|p1|6
|teamsize|p2|6
|gametype|singles
|gen|8
|tier|[Gen 8] OU
|rated|
|clearpoke
|poke|p1|Urshifu-*, M|
|poke|p1|Togekiss, M|
|poke|p1|Rillaboom, M|
|poke|p1|Rotom-Heat|
|poke|p1|Aegislash, M|
|poke|p1|Krookodile, M|
|poke|p2|Rillaboom, M|
|poke|p2|Magnezone|
|poke|p2|Hatterene, F|
|poke|p2|Urshifu-*, M|
|poke|p2|Hawlucha, F|
|poke|p2|Clefable, F|
|rule|Sleep Clause Mod: Limit one foe put to sleep
|rule|Species Clause: Limit one of each Pokémon
|rule|OHKO Clause: OHKO moves are banned
|rule|Evasion Moves Clause: Evasion moves are banned
|rule|Endless Battle Clause: Forcing endless battles is banned
|rule|HP Percentage Mod: HP is shown in percentages
|rule|Dynamax Clause: You cannot dynamax
|teampreview
|c|☆relic stone|hf
|c|☆LT74PF 999iq280|u2
|
|t:|1599035924
|start
|switch|p1a: Silhouette|Urshifu-Rapid-Strike, M|100/100
|switch|p2a: Urshifu|Urshifu-Rapid-Strike, M|100/100
|turn|1
|
|t:|1599035928
|move|p1a: Silhouette|U-turn|p2a: Urshifu
|-resisted|p2a: Urshifu
|-damage|p2a: Urshifu|87/100
|
|t:|1599035931
|switch|p1a: Raider|Krookodile, M|100/100|[from]move: U-turn
|-ability|p1a: Raider|Intimidate|boost
|-unboost|p2a: Urshifu|atk|1
|move|p2a: Urshifu|Close Combat|p1a: Raider
|-supereffective|p1a: Raider
|-damage|p1a: Raider|15/100
|-unboost|p2a: Urshifu|def|1
|-unboost|p2a: Urshifu|spd|1
|-damage|p2a: Urshifu|71/100|[from] item: Rocky Helmet|[of] p1a: Raider
|
|upkeep
|turn|2
|
|t:|1599035939
|switch|p2a: Clefable|Clefable, F|100/100
|switch|p1a: Cloud n1n3|Togekiss, M|100/100
|
|upkeep
|turn|3
|
|t:|1599035943
|switch|p1a: Achilles|Aegislash, M|100/100
|move|p2a: Clefable|Stealth Rock|p1a: Achilles
|-sidestart|p1: relic stone|move: Stealth Rock
|
|upkeep
|turn|4
|
|t:|1599035951
|switch|p2a: Magnezone|Magnezone|100/100
|-formechange|p1a: Achilles|Aegislash-Blade||[from] ability: Stance Change
|move|p1a: Achilles|Flash Cannon|p2a: Magnezone
|-resisted|p2a: Magnezone
|-damage|p2a: Magnezone|77/100
|
|upkeep
|turn|5
|
|t:|1599035956
|switch|p1a: Phantom|Rotom-Heat, shiny|100/100
|move|p2a: Magnezone|Volt Switch|p1a: Phantom
|-resisted|p1a: Phantom
|-damage|p1a: Phantom|80/100
|
|t:|1599035959
|switch|p2a: Urshifu|Urshifu-Rapid-Strike, M|71/100|[from]move: Volt Switch
|
|upkeep
|turn|6
|
|t:|1599035964
|switch|p1a: Raider|Krookodile, M|15/100
|-damage|p1a: Raider|9/100|[from] Stealth Rock
|-ability|p1a: Raider|Intimidate|boost
|-unboost|p2a: Urshifu|atk|1
|move|p2a: Urshifu|Surging Strikes|p1a: Raider
|-supereffective|p1a: Raider
|-crit|p1a: Raider
|-damage|p1a: Raider|0 fnt
|-damage|p2a: Urshifu|54/100|[from] item: Rocky Helmet|[of] p1a: Raider
|-hitcount|p1a: Raider|1
|faint|p1a: Raider
|
|upkeep
|
|t:|1599035969
|switch|p1a: Tama Tonga|Rillaboom, M|100/100
|-damage|p1a: Tama Tonga|88/100|[from] Stealth Rock
|-fieldstart|move: Grassy Terrain|[from] ability: Grassy Surge|[of] p1a: Tama Tonga
|turn|7
|
|t:|1599035973
|move|p1a: Tama Tonga|Grassy Glide|p2a: Urshifu
|-supereffective|p2a: Urshifu
|-damage|p2a: Urshifu|0 fnt
|faint|p2a: Urshifu
|
|-heal|p1a: Tama Tonga|94/100|[from] Grassy Terrain
|upkeep
|
|t:|1599035976
|switch|p2a: Rillaboom|Rillaboom, M|100/100
|turn|8
|
|t:|1599035984
|switch|p1a: Achilles|Aegislash, M|100/100
|-damage|p1a: Achilles|94/100|[from] Stealth Rock
|move|p2a: Rillaboom|Knock Off|p1a: Achilles
|-supereffective|p1a: Achilles
|-damage|p1a: Achilles|0 fnt
|-enditem|p1a: Achilles|Choice Specs|[from] move: Knock Off|[of] p2a: Rillaboom
|faint|p1a: Achilles
|
|upkeep
|
|t:|1599035987
|switch|p1a: Silhouette|Urshifu-Rapid-Strike, M|100/100
|-damage|p1a: Silhouette|94/100|[from] Stealth Rock
|turn|9
|
|t:|1599035991
|switch|p2a: Magnezone|Magnezone|77/100
|move|p1a: Silhouette|Close Combat|p2a: Magnezone
|-supereffective|p2a: Magnezone
|-damage|p2a: Magnezone|0 fnt
|-unboost|p1a: Silhouette|def|1
|-unboost|p1a: Silhouette|spd|1
|faint|p2a: Magnezone
|
|-heal|p1a: Silhouette|100/100|[from] Grassy Terrain
|upkeep
|
|t:|1599035994
|switch|p2a: Rillaboom|Rillaboom, M|100/100
|turn|10
|
|t:|1599035997
|move|p1a: Silhouette|Close Combat|p2a: Rillaboom
|-damage|p2a: Rillaboom|46/100
|-unboost|p1a: Silhouette|def|1
|-unboost|p1a: Silhouette|spd|1
|move|p2a: Rillaboom|U-turn|p1a: Silhouette
|-resisted|p1a: Silhouette
|-damage|p1a: Silhouette|58/100
|
|t:|1599036000
|switch|p2a: Hatterene|Hatterene, F|100/100|[from]move: U-turn
|
|-heal|p1a: Silhouette|65/100|[from] Grassy Terrain
|upkeep
|turn|11
|
|t:|1599036012
|switch|p1a: Cloud n1n3|Togekiss, M|100/100
|-damage|p1a: Cloud n1n3|76/100|[from] Stealth Rock
|move|p2a: Hatterene|Calm Mind|p2a: Hatterene
|-boost|p2a: Hatterene|spa|1
|-boost|p2a: Hatterene|spd|1
|
|-fieldend|move: Grassy Terrain
|upkeep
|turn|12
|
|t:|1599036017
|move|p1a: Cloud n1n3|Air Slash|p2a: Hatterene
|-damage|p2a: Hatterene|71/100
|cant|p2a: Hatterene|flinch
|
|-heal|p2a: Hatterene|77/100|[from] item: Leftovers
|upkeep
|turn|13
|
|t:|1599036021
|move|p1a: Cloud n1n3|Air Slash|p2a: Hatterene
|-damage|p2a: Hatterene|48/100
|cant|p2a: Hatterene|flinch
|
|-heal|p2a: Hatterene|54/100|[from] item: Leftovers
|upkeep
|turn|14
|
|t:|1599036024
|move|p1a: Cloud n1n3|Air Slash|p2a: Hatterene
|-damage|p2a: Hatterene|26/100
|cant|p2a: Hatterene|flinch
|
|-heal|p2a: Hatterene|32/100|[from] item: Leftovers
|upkeep
|turn|15
|
|t:|1599036027
|move|p1a: Cloud n1n3|Air Slash|p2a: Hatterene
|-damage|p2a: Hatterene|7/100
|move|p2a: Hatterene|Draining Kiss|p1a: Cloud n1n3
|-damage|p1a: Cloud n1n3|46/100
|-heal|p2a: Hatterene|31/100|[from] drain|[of] p1a: Cloud n1n3
|
|-heal|p2a: Hatterene|37/100|[from] item: Leftovers
|upkeep
|turn|16
|
|t:|1599036034
|move|p1a: Cloud n1n3|Air Slash|p2a: Hatterene
|-damage|p2a: Hatterene|11/100
|cant|p2a: Hatterene|flinch
|
|-heal|p2a: Hatterene|17/100|[from] item: Leftovers
|upkeep
|turn|17
|
|t:|1599036037
|move|p1a: Cloud n1n3|Air Slash|p2a: Hatterene
|-damage|p2a: Hatterene|0 fnt
|faint|p2a: Hatterene
|
|upkeep
|
|t:|1599036038
|switch|p2a: Clefable|Clefable, F|100/100
|turn|18
|
|t:|1599036042
|switch|p2a: Rillaboom|Rillaboom, M|46/100
|-fieldstart|move: Grassy Terrain|[from] ability: Grassy Surge|[of] p2a: Rillaboom
|move|p1a: Cloud n1n3|Air Slash|p2a: Rillaboom
|-supereffective|p2a: Rillaboom
|-damage|p2a: Rillaboom|0 fnt
|faint|p2a: Rillaboom
|
|upkeep
|
|t:|1599036048
|switch|p2a: Hawlucha|Hawlucha, F|100/100
|-enditem|p2a: Hawlucha|Grassy Seed
|-boost|p2a: Hawlucha|def|1|[from] item: Grassy Seed
|turn|19
|
|t:|1599036050
|move|p2a: Hawlucha|Substitute|p2a: Hawlucha
|-start|p2a: Hawlucha|Substitute
|-damage|p2a: Hawlucha|75/100
|move|p1a: Cloud n1n3|Air Slash|p2a: Hawlucha
|-supereffective|p2a: Hawlucha
|-end|p2a: Hawlucha|Substitute
|
|upkeep
|turn|20
|
|t:|1599036054
|move|p2a: Hawlucha|Acrobatics|p1a: Cloud n1n3
|-damage|p1a: Cloud n1n3|0 fnt
|faint|p1a: Cloud n1n3
|
|upkeep
|
|t:|1599036059
|switch|p1a: Phantom|Rotom-Heat, shiny|80/100
|turn|21
|
|t:|1599036066
|move|p2a: Hawlucha|Substitute|p2a: Hawlucha
|-start|p2a: Hawlucha|Substitute
|-damage|p2a: Hawlucha|50/100
|move|p1a: Phantom|Volt Switch|p2a: Hawlucha
|-supereffective|p2a: Hawlucha
|-end|p2a: Hawlucha|Substitute
|
|t:|1599036069
|switch|p1a: Silhouette|Urshifu-Rapid-Strike, M|65/100|[from]move: Volt Switch
|-damage|p1a: Silhouette|58/100|[from] Stealth Rock
|
|-heal|p1a: Silhouette|65/100|[from] Grassy Terrain
|upkeep
|turn|22
|
|t:|1599036072
|move|p1a: Silhouette|Aqua Jet|p2a: Hawlucha
|-damage|p2a: Hawlucha|34/100
|move|p2a: Hawlucha|Acrobatics|p1a: Silhouette
|-supereffective|p1a: Silhouette
|-damage|p1a: Silhouette|0 fnt
|faint|p1a: Silhouette
|
|-fieldend|move: Grassy Terrain
|upkeep
|
|t:|1599036076
|switch|p1a: Phantom|Rotom-Heat, shiny|80/100
|turn|23
|j| Livio ElTito
|
|t:|1599036081
|move|p2a: Hawlucha|Close Combat|p1a: Phantom
|-damage|p1a: Phantom|24/100
|-unboost|p2a: Hawlucha|def|1
|-unboost|p2a: Hawlucha|spd|1
|move|p1a: Phantom|Volt Switch|p2a: Hawlucha
|-supereffective|p2a: Hawlucha
|-damage|p2a: Hawlucha|0 fnt
|faint|p2a: Hawlucha
|
|t:|1599036084
|switch|p1a: Tama Tonga|Rillaboom, M|94/100|[from]move: Volt Switch
|-damage|p1a: Tama Tonga|82/100|[from] Stealth Rock
|-fieldstart|move: Grassy Terrain|[from] ability: Grassy Surge|[of] p1a: Tama Tonga
|
|-heal|p1a: Tama Tonga|88/100|[from] Grassy Terrain
|upkeep
|
|t:|1599036086
|switch|p2a: Clefable|Clefable, F|100/100
|turn|24
|
|t:|1599036089
|move|p1a: Tama Tonga|Wood Hammer|p2a: Clefable
|-damage|p2a: Clefable|0 fnt
|-damage|p1a: Tama Tonga|50/100|[from] Recoil
|faint|p2a: Clefable
|
|win|relic stone
|raw|relic stone's rating: 1807 &rarr; <strong>1820</strong><br />(+13 for winning)
|raw|LT74PF 999iq280's rating: 1680 &rarr; <strong>1667</strong><br />(-13 for losing)
|l|☆LT74PF 999iq280
|c|☆relic stone|gg
