|html|<div class="broadcast-blue"><strong>[Gen 8] OU is currently suspecting Zamazenta-Crowned! For information on how to participate check out the <a href="https://www.smogon.com/forums/threads/np-ss-ou-suspect-process-round-10-royals.3681787/">suspect thread</a>.</strong></div>
|j|☆Normal Thu
|j|☆Draco09876
|t:|1618551054
|gametype|singles
|player|p1|Normal Thu|101|1688
|player|p2|Draco09876|169|1711
|teamsize|p1|6
|teamsize|p2|6
|gen|8
|tier|[Gen 8] OU
|rated|
|clearpoke
|poke|p1|Landorus-Therian, M|
|poke|p1|Clefable, F|
|poke|p1|Tangrowth, M|
|poke|p1|Tornadus-Therian, M|
|poke|p1|Heatran, M|
|poke|p1|Ferrothorn, M|
|poke|p2|Pelipper, F|
|poke|p2|Dragapult, M|
|poke|p2|Ferrothorn, F|
|poke|p2|Barraskewda, F|
|poke|p2|Slowking-Galar, M|
|poke|p2|Zapdos|
|rule|Sleep Clause Mod: Limit one foe put to sleep
|rule|Species Clause: Limit one of each Pokémon
|rule|OHKO Clause: OHKO moves are banned
|rule|Evasion Moves Clause: Evasion moves are banned
|rule|Endless Battle Clause: Forcing endless battles is banned
|rule|HP Percentage Mod: HP is shown in percentages
|rule|Dynamax Clause: You cannot dynamax
|teampreview
|inactive|Battle timer is ON: inactive players will automatically lose when time's up. (requested by Draco09876)
|
|t:|1618551065
|start
|switch|p1a: Tornadus|Tornadus-Therian, M|100/100
|switch|p2a: Zapdos|Zapdos|100/100
|turn|1
|
|t:|1618551071
|switch|p1a: Landorus|Landorus-Therian, M|100/100
|-ability|p1a: Landorus|Intimidate|boost
|-unboost|p2a: Zapdos|atk|1
|move|p2a: Zapdos|Hurricane|p1a: Landorus|[miss]
|-miss|p2a: Zapdos|p1a: Landorus
|
|upkeep
|turn|2
|
|t:|1618551078
|move|p1a: Landorus|Knock Off|p2a: Zapdos
|-damage|p2a: Zapdos|52/100
|-status|p1a: Landorus|par|[from] ability: Static|[of] p2a: Zapdos
|-enditem|p2a: Zapdos|Heavy-Duty Boots|[from] move: Knock Off|[of] p1a: Landorus
|move|p2a: Zapdos|Hurricane|p1a: Landorus
|-damage|p1a: Landorus|28/100 par
|
|upkeep
|turn|3
|
|t:|1618551086
|switch|p1a: Heatran|Heatran, M|100/100
|move|p2a: Zapdos|Volt Switch|p1a: Heatran
|-damage|p1a: Heatran|80/100
|
|t:|1618551089
|switch|p2a: Barraskewda|Barraskewda, F|100/100|[from]move: Volt Switch
|
|-heal|p1a: Heatran|86/100|[from] item: Leftovers
|upkeep
|turn|4
|
|t:|1618551096
|switch|p2a: Zapdos|Zapdos|52/100
|switch|p1a: Tangrowth|Tangrowth, M|100/100
|
|upkeep
|turn|5
|
|t:|1618551104
|switch|p1a: Heatran|Heatran, M|86/100
|move|p2a: Zapdos|Volt Switch|p1a: Heatran
|-damage|p1a: Heatran|64/100
|
|t:|1618551107
|switch|p2a: Barraskewda|Barraskewda, F|100/100|[from]move: Volt Switch
|
|-heal|p1a: Heatran|70/100|[from] item: Leftovers
|upkeep
|turn|6
|
|t:|1618551114
|switch|p1a: Tangrowth|Tangrowth, M|100/100
|move|p2a: Barraskewda|Flip Turn|p1a: Tangrowth
|-resisted|p1a: Tangrowth
|-damage|p1a: Tangrowth|88/100
|-damage|p2a: Barraskewda|84/100|[from] item: Rocky Helmet|[of] p1a: Tangrowth
|
|t:|1618551117
|switch|p2a: Zapdos|Zapdos|52/100|[from]move: Flip Turn
|
|upkeep
|turn|7
|
|t:|1618551123
|switch|p1a: Heatran|Heatran, M|70/100
|move|p2a: Zapdos|Hurricane|p1a: Heatran
|-resisted|p1a: Heatran
|-damage|p1a: Heatran|55/100
|-start|p1a: Heatran|confusion
|
|-heal|p1a: Heatran|61/100|[from] item: Leftovers
|upkeep
|turn|8
|
|t:|1618551132
|move|p2a: Zapdos|Volt Switch|p1a: Heatran
|-damage|p1a: Heatran|37/100
|
|t:|1618551136
|switch|p2a: Slowking|Slowking-Galar, M|100/100|[from]move: Volt Switch
|-activate|p1a: Heatran|confusion
|move|p1a: Heatran|Magma Storm|p2a: Slowking|[miss]
|-miss|p1a: Heatran|p2a: Slowking
|
|-heal|p1a: Heatran|43/100|[from] item: Leftovers
|upkeep
|turn|9
|
|t:|1618551145
|switch|p1a: Tornadus|Tornadus-Therian, M|100/100
|move|p2a: Slowking|Surf|p1a: Tornadus
|-damage|p1a: Tornadus|62/100
|
|upkeep
|turn|10
|
|t:|1618551152
|switch|p2a: Zapdos|Zapdos|52/100
|move|p1a: Tornadus|Knock Off|p2a: Zapdos
|-damage|p2a: Zapdos|29/100
|
|upkeep
|turn|11
|
|t:|1618551157
|move|p1a: Tornadus|Hurricane|p2a: Zapdos|[miss]
|-miss|p1a: Tornadus|p2a: Zapdos
|move|p2a: Zapdos|Roost|p2a: Zapdos
|-heal|p2a: Zapdos|79/100
|-singleturn|p2a: Zapdos|move: Roost
|
|upkeep
|turn|12
|
|t:|1618551164
|switch|p1a: Landorus|Landorus-Therian, M|28/100 par
|-ability|p1a: Landorus|Intimidate|boost
|-unboost|p2a: Zapdos|atk|1
|move|p2a: Zapdos|Roost|p2a: Zapdos
|-heal|p2a: Zapdos|100/100
|-singleturn|p2a: Zapdos|move: Roost
|
|upkeep
|turn|13
|
|t:|1618551172
|move|p2a: Zapdos|Heat Wave|p1a: Landorus
|-damage|p1a: Landorus|0 fnt
|faint|p1a: Landorus
|
|upkeep
|
|t:|1618551176
|switch|p1a: Heatran|Heatran, M|43/100
|turn|14
|
|t:|1618551178
|move|p2a: Zapdos|Volt Switch|p1a: Heatran
|-damage|p1a: Heatran|21/100
|
|t:|1618551182
|switch|p2a: Slowking|Slowking-Galar, M|100/100|[from]move: Volt Switch
|move|p1a: Heatran|Magma Storm|p2a: Slowking|[miss]
|-miss|p1a: Heatran|p2a: Slowking
|
|-heal|p1a: Heatran|27/100|[from] item: Leftovers
|upkeep
|turn|15
|j| tk719
|-message|Normal Thu forfeited.
|
|win|Draco09876
|raw|Normal Thu's rating: 1688 &rarr; <strong>1669</strong><br />(-19 for losing)
|raw|Draco09876's rating: 1711 &rarr; <strong>1730</strong><br />(+19 for winning)
|l|☆Normal Thu
|l|☆Draco09876
