|j|☆Contorted Lies
|j|☆get flanked
|t:|1608577025
|player|p1|Contorted Lies|101|1752
|player|p2|get flanked|roughneck-gen4|1765
|teamsize|p1|6
|teamsize|p2|6
|gametype|singles
|gen|8
|tier|[Gen 8] OU
|rated|
|clearpoke
|poke|p1|Nidoking, M|
|poke|p1|Kartana|
|poke|p1|Slowking-Galar, F|
|poke|p1|Landorus-Therian, M|
|poke|p1|Clefable, F|
|poke|p1|Hydreigon, F|
|poke|p2|Spectrier|
|poke|p2|Rillaboom, M|
|poke|p2|Kartana|
|poke|p2|Heatran, M|
|poke|p2|Clefable, F|
|poke|p2|Landorus-Therian, M|
|rule|Sleep Clause Mod: Limit one foe put to sleep
|rule|Species Clause: Limit one of each Pokémon
|rule|OHKO Clause: OHKO moves are banned
|rule|Evasion Moves Clause: Evasion moves are banned
|rule|Endless Battle Clause: Forcing endless battles is banned
|rule|HP Percentage Mod: HP is shown in percentages
|rule|Dynamax Clause: You cannot dynamax
|teampreview
|inactive|Battle timer is ON: inactive players will automatically lose when time's up. (requested by get flanked)
|
|t:|1608577051
|start
|switch|p1a: Clefable|Clefable, F|100/100
|switch|p2a: Landorus|Landorus-Therian, M|100/100
|-ability|p2a: Landorus|Intimidate|boost
|-unboost|p1a: Clefable|atk|1
|turn|1
|
|t:|1608577063
|switch|p2a: Clefable|Clefable, F|100/100
|move|p1a: Clefable|Stealth Rock|p2a: Clefable
|-sidestart|p2: get flanked|move: Stealth Rock
|
|upkeep
|turn|2
|
|t:|1608577067
|switch|p1a: Nidoking|Nidoking, M|100/100
|move|p2a: Clefable|Stealth Rock|p1a: Nidoking
|-sidestart|p1: Contorted Lies|move: Stealth Rock
|
|upkeep
|turn|3
|j| irgendwasmitmeeem
|
|t:|1608577073
|switch|p2a: Landorus|Landorus-Therian, M|100/100
|-damage|p2a: Landorus|88/100|[from] Stealth Rock
|-ability|p2a: Landorus|Intimidate|boost
|-unboost|p1a: Nidoking|atk|1
|move|p1a: Nidoking|Sludge Wave|p2a: Landorus
|-resisted|p2a: Landorus
|-damage|p2a: Landorus|41/100
|
|upkeep
|turn|4
|
|t:|1608577081
|switch|p1a: Clefable|Clefable, F|100/100
|move|p2a: Landorus|U-turn|p1a: Clefable
|-resisted|p1a: Clefable
|-damage|p1a: Clefable|91/100
|
|t:|1608577108
|switch|p2a: Heatran|Heatran, M|100/100|[from]move: U-turn
|-damage|p2a: Heatran|88/100|[from] Stealth Rock
|
|-heal|p2a: Heatran|94/100|[from] item: Leftovers
|-heal|p1a: Clefable|97/100|[from] item: Leftovers
|upkeep
|turn|5
|
|t:|1608577117
|switch|p1a: Hydreigon|Hydreigon, F|100/100
|-damage|p1a: Hydreigon|88/100|[from] Stealth Rock
|move|p2a: Heatran|Toxic|p1a: Hydreigon
|-status|p1a: Hydreigon|tox
|
|-heal|p2a: Heatran|100/100|[from] item: Leftovers
|-damage|p1a: Hydreigon|82/100 tox|[from] psn
|upkeep
|turn|6
|
|t:|1608577122
|switch|p1a: Nidoking|Nidoking, M|100/100
|-damage|p1a: Nidoking|95/100|[from] Stealth Rock
|move|p2a: Heatran|Protect||[still]
|-fail|p2a: Heatran
|
|upkeep
|turn|7
|
|t:|1608577127
|move|p2a: Heatran|Protect|p2a: Heatran
|-singleturn|p2a: Heatran|Protect
|move|p1a: Nidoking|Sludge Wave|p2a: Heatran
|-activate|p2a: Heatran|move: Protect
|
|upkeep
|turn|8
|
|t:|1608577147
|switch|p2a: Landorus|Landorus-Therian, M|41/100
|-damage|p2a: Landorus|28/100|[from] Stealth Rock
|-ability|p2a: Landorus|Intimidate|boost
|-unboost|p1a: Nidoking|atk|1
|move|p1a: Nidoking|Earth Power|p2a: Landorus
|-immune|p2a: Landorus
|
|upkeep
|turn|9
|
|t:|1608577161
|switch|p1a: Clefable|Clefable, F|97/100
|move|p2a: Landorus|Earthquake|p1a: Clefable
|-damage|p1a: Clefable|53/100
|
|-heal|p1a: Clefable|59/100|[from] item: Leftovers
|upkeep
|turn|10
|
|t:|1608577178
|switch|p2a: Heatran|Heatran, M|100/100
|-damage|p2a: Heatran|88/100|[from] Stealth Rock
|move|p1a: Clefable|Soft-Boiled|p1a: Clefable
|-heal|p1a: Clefable|100/100
|
|-heal|p2a: Heatran|94/100|[from] item: Leftovers
|upkeep
|turn|11
|
|t:|1608577182
|move|p2a: Heatran|Magma Storm|p1a: Clefable
|-damage|p1a: Clefable|63/100
|-activate|p1a: Clefable|move: Magma Storm|[of] p2a: Heatran
|move|p1a: Clefable|Thunder Wave|p2a: Heatran
|-status|p2a: Heatran|par
|
|-heal|p1a: Clefable|69/100|[from] item: Leftovers
|-heal|p2a: Heatran|100/100 par|[from] item: Leftovers
|upkeep
|turn|12
|
|t:|1608577195
|switch|p2a: Spectrier|Spectrier|100/100
|-damage|p2a: Spectrier|88/100|[from] Stealth Rock
|move|p1a: Clefable|Soft-Boiled|p1a: Clefable
|-heal|p1a: Clefable|100/100
|
|-heal|p2a: Spectrier|94/100|[from] item: Leftovers
|-end|p1a: Clefable|Magma Storm|[partiallytrapped]|[silent]
|upkeep
|turn|13
|
|t:|1608577200
|move|p2a: Spectrier|Substitute|p2a: Spectrier
|-start|p2a: Spectrier|Substitute
|-damage|p2a: Spectrier|69/100
|move|p1a: Clefable|Moonblast|p2a: Spectrier
|-crit|p2a: Spectrier
|-end|p2a: Spectrier|Substitute
|
|-heal|p2a: Spectrier|75/100|[from] item: Leftovers
|upkeep
|turn|14
|
|t:|1608577204
|move|p2a: Spectrier|Calm Mind|p2a: Spectrier
|-boost|p2a: Spectrier|spa|1
|-boost|p2a: Spectrier|spd|1
|move|p1a: Clefable|Moonblast|p2a: Spectrier
|-damage|p2a: Spectrier|53/100
|-unboost|p2a: Spectrier|spa|1
|
|-heal|p2a: Spectrier|59/100|[from] item: Leftovers
|upkeep
|turn|15
|
|t:|1608577212
|switch|p1a: Hydreigon|Hydreigon, F|82/100 tox
|-damage|p1a: Hydreigon|70/100 tox|[from] Stealth Rock
|move|p2a: Spectrier|Substitute|p2a: Spectrier
|-start|p2a: Spectrier|Substitute
|-damage|p2a: Spectrier|34/100
|
|-heal|p2a: Spectrier|40/100|[from] item: Leftovers
|-damage|p1a: Hydreigon|64/100 tox|[from] psn
|upkeep
|turn|16
|
|t:|1608577215
|move|p2a: Spectrier|Calm Mind|p2a: Spectrier
|-boost|p2a: Spectrier|spa|1
|-boost|p2a: Spectrier|spd|1
|move|p1a: Hydreigon|Dark Pulse|p2a: Spectrier
|-supereffective|p2a: Spectrier
|-end|p2a: Spectrier|Substitute
|-damage|p1a: Hydreigon|54/100 tox|[from] item: Life Orb
|
|-heal|p2a: Spectrier|46/100|[from] item: Leftovers
|-damage|p1a: Hydreigon|41/100 tox|[from] psn
|upkeep
|turn|17
|
|t:|1608577221
|move|p2a: Spectrier|Hex|p1a: Hydreigon
|-resisted|p1a: Hydreigon
|-damage|p1a: Hydreigon|0 fnt
|faint|p1a: Hydreigon
|-ability|p2a: Spectrier|Grim Neigh|boost
|-boost|p2a: Spectrier|spa|1
|
|-heal|p2a: Spectrier|52/100|[from] item: Leftovers
|upkeep
|
|t:|1608577225
|switch|p1a: Landorus|Landorus-Therian, M|100/100
|-damage|p1a: Landorus|88/100|[from] Stealth Rock
|-ability|p1a: Landorus|Intimidate|boost
|-unboost|p2a: Spectrier|atk|1
|turn|18
|
|t:|1608577241
|switch|p2a: Clefable|Clefable, F|100/100
|move|p1a: Landorus|Earthquake|p2a: Clefable
|-damage|p2a: Clefable|60/100
|
|-heal|p2a: Clefable|66/100|[from] item: Leftovers
|upkeep
|turn|19
|
|t:|1608577249
|switch|p1a: Nidoking|Nidoking, M|95/100
|-damage|p1a: Nidoking|89/100|[from] Stealth Rock
|move|p2a: Clefable|Knock Off|p1a: Nidoking
|-damage|p1a: Nidoking|68/100
|-enditem|p1a: Nidoking|Life Orb|[from] move: Knock Off|[of] p2a: Clefable
|
|-heal|p2a: Clefable|72/100|[from] item: Leftovers
|upkeep
|turn|20
|
|t:|1608577266
|switch|p2a: Kartana|Kartana|100/100
|-damage|p2a: Kartana|94/100|[from] Stealth Rock
|move|p1a: Nidoking|Flamethrower|p2a: Kartana
|-supereffective|p2a: Kartana
|-damage|p2a: Kartana|0 fnt
|faint|p2a: Kartana
|
|upkeep
|
|t:|1608577271
|switch|p2a: Spectrier|Spectrier|52/100
|-damage|p2a: Spectrier|40/100|[from] Stealth Rock
|turn|21
|j| blacksquidward
|
|t:|1608577286
|move|p2a: Spectrier|Calm Mind|p2a: Spectrier
|-boost|p2a: Spectrier|spa|1
|-boost|p2a: Spectrier|spd|1
|move|p1a: Nidoking|Earth Power|p2a: Spectrier
|-damage|p2a: Spectrier|1/100
|
|-heal|p2a: Spectrier|7/100|[from] item: Leftovers
|upkeep
|turn|22
|inactive|Contorted Lies has 120 seconds left.
|
|t:|1608577317
|switch|p1a: Clefable|Clefable, F|100/100
|move|p2a: Spectrier|Hex|p1a: Clefable
|-damage|p1a: Clefable|57/100
|
|-heal|p2a: Spectrier|13/100|[from] item: Leftovers
|-heal|p1a: Clefable|63/100|[from] item: Leftovers
|upkeep
|turn|23
|j| Windows 98 SE
|
|t:|1608577323
|move|p2a: Spectrier|Hex|p1a: Clefable
|-damage|p1a: Clefable|17/100
|move|p1a: Clefable|Moonblast|p2a: Spectrier
|-damage|p2a: Spectrier|0 fnt
|faint|p2a: Spectrier
|
|-heal|p1a: Clefable|23/100|[from] item: Leftovers
|upkeep
|
|t:|1608577336
|switch|p2a: Rillaboom|Rillaboom, M|100/100
|-damage|p2a: Rillaboom|88/100|[from] Stealth Rock
|-fieldstart|move: Grassy Terrain|[from] ability: Grassy Surge|[of] p2a: Rillaboom
|turn|24
|
|t:|1608577354
|move|p2a: Rillaboom|Knock Off|p1a: Clefable
|-resisted|p1a: Clefable
|-damage|p1a: Clefable|7/100
|-enditem|p1a: Clefable|Leftovers|[from] move: Knock Off|[of] p2a: Rillaboom
|-damage|p2a: Rillaboom|78/100|[from] item: Life Orb
|move|p1a: Clefable|Moonblast|p2a: Rillaboom
|-crit|p2a: Rillaboom
|-damage|p2a: Rillaboom|17/100
|-unboost|p2a: Rillaboom|spa|1
|
|-heal|p2a: Rillaboom|23/100|[from] Grassy Terrain
|-heal|p1a: Clefable|13/100|[from] Grassy Terrain
|upkeep
|turn|25
|
|t:|1608577356
|move|p2a: Rillaboom|Grassy Glide|p1a: Clefable
|-crit|p1a: Clefable
|-damage|p1a: Clefable|0 fnt
|-damage|p2a: Rillaboom|13/100|[from] item: Life Orb
|faint|p1a: Clefable
|
|-heal|p2a: Rillaboom|19/100|[from] Grassy Terrain
|upkeep
|
|t:|1608577362
|switch|p1a: Kartana|Kartana|100/100
|-damage|p1a: Kartana|94/100|[from] Stealth Rock
|turn|26
|
|t:|1608577371
|switch|p2a: Clefable|Clefable, F|72/100
|move|p1a: Kartana|Knock Off|p2a: Clefable
|-resisted|p2a: Clefable
|-crit|p2a: Clefable
|-damage|p2a: Clefable|33/100
|-enditem|p2a: Clefable|Leftovers|[from] move: Knock Off|[of] p1a: Kartana
|
|-heal|p1a: Kartana|100/100|[from] Grassy Terrain
|-heal|p2a: Clefable|39/100|[from] Grassy Terrain
|upkeep
|turn|27
|
|t:|1608577382
|switch|p1a: Nidoking|Nidoking, M|68/100
|-damage|p1a: Nidoking|62/100|[from] Stealth Rock
|switch|p2a: Rillaboom|Rillaboom, M|19/100
|-damage|p2a: Rillaboom|7/100|[from] Stealth Rock
|
|-heal|p2a: Rillaboom|13/100|[from] Grassy Terrain
|-heal|p1a: Nidoking|68/100|[from] Grassy Terrain
|upkeep
|turn|28
|
|t:|1608577389
|switch|p1a: Slowking|Slowking-Galar, F|100/100
|-damage|p1a: Slowking|88/100|[from] Stealth Rock
|move|p2a: Rillaboom|Grassy Glide|p1a: Slowking
|-resisted|p1a: Slowking
|-damage|p1a: Slowking|52/100
|-damage|p2a: Rillaboom|3/100|[from] item: Life Orb
|
|-heal|p2a: Rillaboom|9/100|[from] Grassy Terrain
|-heal|p1a: Slowking|58/100|[from] Grassy Terrain
|-fieldend|move: Grassy Terrain
|upkeep
|turn|29
|l| blacksquidward
|
|t:|1608577402
|move|p2a: Rillaboom|Knock Off|p1a: Slowking
|-supereffective|p1a: Slowking
|-damage|p1a: Slowking|0 fnt
|-enditem|p1a: Slowking|Assault Vest|[from] move: Knock Off|[of] p2a: Rillaboom
|-damage|p2a: Rillaboom|0 fnt|[from] item: Life Orb
|faint|p1a: Slowking
|faint|p2a: Rillaboom
|
|upkeep
|
|t:|1608577419
|switch|p2a: Heatran|Heatran, M|100/100 par
|switch|p1a: Kartana|Kartana|100/100
|-damage|p1a: Kartana|94/100|[from] Stealth Rock
|-damage|p2a: Heatran|88/100 par|[from] Stealth Rock
|turn|30
|
|t:|1608577421
|move|p2a: Heatran|Protect|p2a: Heatran
|-singleturn|p2a: Heatran|Protect
|move|p1a: Kartana|Sacred Sword|p2a: Heatran
|-activate|p2a: Heatran|move: Protect
|
|-heal|p2a: Heatran|94/100 par|[from] item: Leftovers
|upkeep
|turn|31
|
|t:|1608577429
|move|p1a: Kartana|Sacred Sword|p2a: Heatran
|-supereffective|p2a: Heatran
|-damage|p2a: Heatran|0 fnt
|faint|p2a: Heatran
|-ability|p1a: Kartana|Beast Boost|boost
|-boost|p1a: Kartana|atk|1
|
|upkeep
|-message|get flanked forfeited.
|
|win|Contorted Lies
|l|☆get flanked
|l|☆Contorted Lies
