|j|☆lonesail
|j|☆playeraccount
|t:|1661599478
|gametype|singles
|player|p1|lonesail|pokemonbreederf|1339
|player|p2|playeraccount|1|1317
|teamsize|p1|6
|teamsize|p2|6
|gen|8
|tier|[Gen 8] OU
|rated|
|rule|Sleep Clause Mod: Limit one foe put to sleep
|rule|Species Clause: Limit one of each Pokémon
|rule|OHKO Clause: OHKO moves are banned
|rule|Evasion Items Clause: Evasion items are banned
|rule|Evasion Moves Clause: Evasion moves are banned
|rule|Endless Battle Clause: Forcing endless battles is banned
|rule|HP Percentage Mod: HP is shown in percentages
|rule|Dynamax Clause: You cannot dynamax
|clearpoke
|poke|p1|Zapdos|
|poke|p1|Weavile, F|
|poke|p1|Kartana|
|poke|p1|Landorus-Therian, M|
|poke|p1|Volcanion|
|poke|p1|Melmetal|
|poke|p2|Latias, F|
|poke|p2|Slowbro, F|
|poke|p2|Nidoqueen, F|
|poke|p2|Blissey, F|
|poke|p2|Weavile, F|
|poke|p2|Articuno|
|teampreview
|inactive|Battle timer is ON: inactive players will automatically lose when time's up. (requested by playeraccount)
|
|t:|1661599486
|start
|switch|p1a: Weavile|Weavile, F|100/100
|switch|p2a: Slowbro|Slowbro, F, shiny|100/100
|-ability|p1a: Weavile|Pressure
|turn|1
|
|t:|1661599491
|move|p1a: Weavile|Beat Up|p2a: Slowbro
|-supereffective|p2a: Slowbro
|-damage|p2a: Slowbro|87/100
|-supereffective|p2a: Slowbro
|-damage|p2a: Slowbro|74/100
|-supereffective|p2a: Slowbro
|-damage|p2a: Slowbro|51/100
|-supereffective|p2a: Slowbro
|-damage|p2a: Slowbro|35/100
|-supereffective|p2a: Slowbro
|-damage|p2a: Slowbro|21/100
|-supereffective|p2a: Slowbro
|-damage|p2a: Slowbro|2/100
|-hitcount|p2a: Slowbro|6
|move|p2a: Slowbro|Counter|p1a: Weavile
|-damage|p1a: Weavile|49/100
|
|upkeep
|turn|2
|
|t:|1661599508
|switch|p2a: Articuno|Articuno|100/100
|-ability|p2a: Articuno|Pressure
|move|p1a: Weavile|Beat Up|p2a: Articuno
|-damage|p2a: Articuno|89/100
|-damage|p2a: Articuno|79/100
|-damage|p2a: Articuno|64/100
|-damage|p2a: Articuno|51/100
|-damage|p2a: Articuno|40/100
|-damage|p2a: Articuno|25/100
|-hitcount|p2a: Articuno|6
|
|upkeep
|turn|3
|
|t:|1661599519
|move|p1a: Weavile|Beat Up|p2a: Articuno
|-damage|p2a: Articuno|15/100
|-damage|p2a: Articuno|5/100
|-damage|p2a: Articuno|0 fnt
|faint|p2a: Articuno
|-hitcount|p2: Articuno|3
|
|upkeep
|
|t:|1661599534
|switch|p2a: Nidoqueen|Nidoqueen, F, shiny|100/100
|turn|4
|
|t:|1661599538
|move|p1a: Weavile|Beat Up|p2a: Nidoqueen
|-damage|p2a: Nidoqueen|86/100
|-damage|p2a: Nidoqueen|73/100
|-damage|p2a: Nidoqueen|54/100
|-crit|p2a: Nidoqueen
|-damage|p2a: Nidoqueen|27/100
|-damage|p2a: Nidoqueen|13/100
|-damage|p2a: Nidoqueen|0 fnt
|faint|p2a: Nidoqueen
|-hitcount|p2: Nidoqueen|6
|
|upkeep
|
|t:|1661599548
|switch|p2a: Weavile|Weavile, F, shiny|100/100
|-ability|p2a: Weavile|Pressure
|turn|5
|
|t:|1661599555
|switch|p1a: Melmetal|Melmetal|100/100
|move|p2a: Weavile|Brick Break|p1a: Melmetal
|-supereffective|p1a: Melmetal
|-damage|p1a: Melmetal|56/100
|
|upkeep
|turn|6
|
|t:|1661599567
|switch|p2a: Latias|Latias, F, shiny|100/100
|move|p1a: Melmetal|Double Iron Bash|p2a: Latias
|-damage|p2a: Latias|48/100
|-damage|p2a: Latias|0 fnt
|faint|p2a: Latias
|-hitcount|p2: Latias|2
|
|upkeep
|
|t:|1661599570
|switch|p2a: Slowbro|Slowbro, F, shiny|35/100
|turn|7
|-message|playeraccount forfeited.
|
|win|lonesail
|raw|lonesail's rating: 1339 &rarr; <strong>1358</strong><br />(+19 for winning)
|raw|playeraccount's rating: 1317 &rarr; <strong>1298</strong><br />(-19 for losing)
|l|☆playeraccount
