|j|☆Chonk Tom
|j|☆JooshP
|t:|1653230721
|gametype|singles
|player|p1|Chonk Tom|101|1672
|player|p2|JooshP|red|1630
|teamsize|p1|6
|teamsize|p2|6
|gen|8
|tier|[Gen 8] OU
|rated|
|rule|Sleep Clause Mod: Limit one foe put to sleep
|rule|Species Clause: Limit one of each Pokémon
|rule|OHKO Clause: OHKO moves are banned
|rule|Evasion Moves Clause: Evasion moves are banned
|rule|Endless Battle Clause: Forcing endless battles is banned
|rule|HP Percentage Mod: HP is shown in percentages
|rule|Dynamax Clause: You cannot dynamax
|clearpoke
|poke|p1|Slowking-Galar, F|
|poke|p1|Weavile, F|
|poke|p1|Magnezone|
|poke|p1|Garchomp, F|
|poke|p1|Corviknight, M|
|poke|p1|Urshifu-*, M|
|poke|p2|Crawdaunt, M|
|poke|p2|Ferrothorn, M|
|poke|p2|Tapu Fini|
|poke|p2|Landorus-Therian, M|
|poke|p2|Zapdos-Galar|
|poke|p2|Dragapult, M|
|teampreview
|
|t:|1653230744
|start
|switch|p1a: Urshifu|Urshifu-Rapid-Strike, M|100/100
|switch|p2a: Tapu Fini|Tapu Fini|100/100
|-fieldstart|move: Misty Terrain|[from] ability: Misty Surge|[of] p2a: Tapu Fini
|turn|1
|
|t:|1653230751
|switch|p1a: Slowking|Slowking-Galar, F, shiny|100/100
|move|p2a: Tapu Fini|Moonblast|p1a: Slowking
|-resisted|p1a: Slowking
|-damage|p1a: Slowking|93/100
|-unboost|p1a: Slowking|spa|1
|
|upkeep
|turn|2
|
|t:|1653230759
|switch|p2a: Crawdaunt|Crawdaunt, M|100/100
|switch|p1a: Magnezone|Magnezone|100/100
|
|upkeep
|turn|3
|
|t:|1653230772
|switch|p2a: Landorus|Landorus-Therian, M|100/100
|-ability|p2a: Landorus|Intimidate|boost
|-unboost|p1a: Magnezone|atk|1
|move|p1a: Magnezone|Volt Switch|p2a: Landorus
|-immune|p2a: Landorus
|
|upkeep
|turn|4
|
|t:|1653230775
|switch|p1a: Corviknight|Corviknight, M, shiny|100/100
|-ability|p1a: Corviknight|Pressure
|move|p2a: Landorus|Knock Off|p1a: Corviknight
|-damage|p1a: Corviknight|83/100
|-damage|p2a: Landorus|84/100|[from] item: Rocky Helmet|[of] p1a: Corviknight
|-enditem|p1a: Corviknight|Rocky Helmet|[from] move: Knock Off|[of] p2a: Landorus
|
|-heal|p2a: Landorus|90/100|[from] item: Leftovers
|upkeep
|turn|5
|
|t:|1653230780
|move|p2a: Landorus|Stealth Rock|p1a: Corviknight
|-sidestart|p1: Chonk Tom|move: Stealth Rock
|move|p1a: Corviknight|Brave Bird|p2a: Landorus
|-damage|p2a: Landorus|63/100
|-damage|p1a: Corviknight|74/100|[from] Recoil
|
|-heal|p2a: Landorus|69/100|[from] item: Leftovers
|-fieldend|Misty Terrain
|upkeep
|turn|6
|
|t:|1653230785
|move|p2a: Landorus|U-turn|p1a: Corviknight
|-resisted|p1a: Corviknight
|-damage|p1a: Corviknight|71/100
|
|t:|1653230789
|switch|p2a: Zapdos|Zapdos-Galar|100/100|[from]move: U-turn
|move|p1a: Corviknight|Brave Bird|p2a: Zapdos
|-supereffective|p2a: Zapdos
|-damage|p2a: Zapdos|30/100
|-enditem|p2a: Zapdos|Weakness Policy
|-boost|p2a: Zapdos|atk|2|[from] item: Weakness Policy
|-boost|p2a: Zapdos|spa|2|[from] item: Weakness Policy
|-damage|p1a: Corviknight|49/100|[from] Recoil
|
|upkeep
|turn|7
|
|t:|1653230807
|switch|p1a: Slowking|Slowking-Galar, F, shiny|100/100
|-damage|p1a: Slowking|88/100|[from] Stealth Rock
|move|p2a: Zapdos|Thunderous Kick|p1a: Slowking
|-resisted|p1a: Slowking
|-damage|p1a: Slowking|65/100
|-unboost|p1a: Slowking|def|1
|
|upkeep
|turn|8
|
|t:|1653230815
|switch|p1a: Garchomp|Garchomp, F, shiny|100/100
|-damage|p1a: Garchomp|94/100|[from] Stealth Rock
|move|p2a: Zapdos|Drill Peck|p1a: Garchomp
|-damage|p1a: Garchomp|41/100
|-damage|p2a: Zapdos|18/100|[from] ability: Rough Skin|[of] p1a: Garchomp
|
|-heal|p1a: Garchomp|48/100|[from] item: Leftovers
|upkeep
|turn|9
|
|t:|1653230823
|move|p1a: Garchomp|Protect|p1a: Garchomp
|-singleturn|p1a: Garchomp|Protect
|move|p2a: Zapdos|Drill Peck|p1a: Garchomp
|-activate|p1a: Garchomp|move: Protect
|
|-heal|p1a: Garchomp|54/100|[from] item: Leftovers
|upkeep
|turn|10
|
|t:|1653230828
|move|p1a: Garchomp|Stealth Rock|p2a: Zapdos
|-sidestart|p2: JooshP|move: Stealth Rock
|move|p2a: Zapdos|Thunderous Kick|p1a: Garchomp
|-damage|p1a: Garchomp|0 fnt
|-damage|p2a: Zapdos|5/100|[from] ability: Rough Skin|[of] p1a: Garchomp
|faint|p1a: Garchomp
|
|upkeep
|
|t:|1653230834
|switch|p1a: Weavile|Weavile, F|100/100
|-ability|p1a: Weavile|Pressure
|turn|11
|
|t:|1653230838
|move|p1a: Weavile|Ice Shard|p2a: Zapdos
|-supereffective|p2a: Zapdos
|-damage|p2a: Zapdos|0 fnt
|faint|p2a: Zapdos
|
|upkeep
|
|t:|1653230840
|switch|p2a: Tapu Fini|Tapu Fini|100/100
|-damage|p2a: Tapu Fini|88/100|[from] Stealth Rock
|-fieldstart|move: Misty Terrain|[from] ability: Misty Surge|[of] p2a: Tapu Fini
|turn|12
|
|t:|1653230846
|switch|p1a: Magnezone|Magnezone|100/100
|-damage|p1a: Magnezone|94/100|[from] Stealth Rock
|switch|p2a: Crawdaunt|Crawdaunt, M|100/100
|-damage|p2a: Crawdaunt|88/100|[from] Stealth Rock
|
|upkeep
|turn|13
|j| 1ndmdnsksbjs
|
|t:|1653230851
|switch|p2a: Landorus|Landorus-Therian, M|69/100
|-damage|p2a: Landorus|56/100|[from] Stealth Rock
|-ability|p2a: Landorus|Intimidate|boost
|-unboost|p1a: Magnezone|atk|1
|move|p1a: Magnezone|Volt Switch|p2a: Landorus
|-immune|p2a: Landorus
|
|-heal|p2a: Landorus|62/100|[from] item: Leftovers
|upkeep
|turn|14
|
|t:|1653230859
|move|p2a: Landorus|U-turn|p1a: Magnezone
|-resisted|p1a: Magnezone
|-damage|p1a: Magnezone|83/100
|
|t:|1653230863
|switch|p2a: Dragapult|Dragapult, M|100/100|[from]move: U-turn
|-damage|p2a: Dragapult|88/100|[from] Stealth Rock
|move|p1a: Magnezone|Volt Switch|p2a: Dragapult
|-resisted|p2a: Dragapult
|-damage|p2a: Dragapult|46/100
|
|t:|1653230870
|switch|p1a: Weavile|Weavile, F|100/100|[from]move: Volt Switch
|-ability|p1a: Weavile|Pressure
|
|upkeep
|turn|15
|inactive|Battle timer is ON: inactive players will automatically lose when time's up. (requested by JooshP)
|
|t:|1653230876
|switch|p2a: Tapu Fini|Tapu Fini|88/100
|-damage|p2a: Tapu Fini|75/100|[from] Stealth Rock
|move|p1a: Weavile|Knock Off|p2a: Tapu Fini
|-resisted|p2a: Tapu Fini
|-damage|p2a: Tapu Fini|55/100
|-enditem|p2a: Tapu Fini|Leftovers|[from] move: Knock Off|[of] p1a: Weavile
|
|upkeep
|turn|16
|
|t:|1653230885
|switch|p1a: Slowking|Slowking-Galar, F, shiny|98/100
|-damage|p1a: Slowking|86/100|[from] Stealth Rock
|move|p2a: Tapu Fini|Moonblast|p1a: Slowking
|-resisted|p1a: Slowking
|-damage|p1a: Slowking|77/100
|-unboost|p1a: Slowking|spa|1
|
|-fieldend|Misty Terrain
|upkeep
|turn|17
|
|t:|1653230890
|switch|p2a: Ferrothorn|Ferrothorn, M|100/100
|-damage|p2a: Ferrothorn|94/100|[from] Stealth Rock
|switch|p1a: Magnezone|Magnezone|83/100
|-damage|p1a: Magnezone|77/100|[from] Stealth Rock
|
|-heal|p2a: Ferrothorn|100/100|[from] item: Leftovers
|upkeep
|turn|18
|
|t:|1653230901
|move|p1a: Magnezone|Volt Switch|p2a: Ferrothorn
|-resisted|p2a: Ferrothorn
|-damage|p2a: Ferrothorn|76/100
|
|t:|1653230905
|switch|p1a: Urshifu|Urshifu-Rapid-Strike, M|100/100|[from]move: Volt Switch
|-damage|p1a: Urshifu|94/100|[from] Stealth Rock
|move|p2a: Ferrothorn|Leech Seed|p1a: Urshifu
|-start|p1a: Urshifu|move: Leech Seed
|
|-heal|p2a: Ferrothorn|82/100|[from] item: Leftovers
|-damage|p1a: Urshifu|82/100|[from] Leech Seed|[of] p2a: Ferrothorn
|-heal|p2a: Ferrothorn|94/100|[silent]
|upkeep
|turn|19
|
|t:|1653230911
|move|p1a: Urshifu|Close Combat|p2a: Ferrothorn
|-supereffective|p2a: Ferrothorn
|-damage|p2a: Ferrothorn|0 fnt
|-unboost|p1a: Urshifu|def|1
|-unboost|p1a: Urshifu|spd|1
|-damage|p1a: Urshifu|70/100|[from] ability: Iron Barbs|[of] p2a: Ferrothorn
|faint|p2a: Ferrothorn
|
|upkeep
|
|t:|1653230915
|switch|p2a: Dragapult|Dragapult, M|46/100
|-damage|p2a: Dragapult|33/100|[from] Stealth Rock
|turn|20
|
|t:|1653230922
|switch|p1a: Weavile|Weavile, F|100/100
|-ability|p1a: Weavile|Pressure
|move|p2a: Dragapult|Shadow Ball|p1a: Weavile
|-resisted|p1a: Weavile
|-damage|p1a: Weavile|65/100
|-unboost|p1a: Weavile|spd|1
|
|upkeep
|turn|21
|
|t:|1653230927
|switch|p2a: Landorus|Landorus-Therian, M|62/100
|-damage|p2a: Landorus|50/100|[from] Stealth Rock
|-ability|p2a: Landorus|Intimidate|boost
|-unboost|p1a: Weavile|atk|1
|move|p1a: Weavile|Ice Shard|p2a: Landorus
|-supereffective|p2a: Landorus
|-damage|p2a: Landorus|8/100
|
|-heal|p2a: Landorus|14/100|[from] item: Leftovers
|upkeep
|turn|22
|
|t:|1653230933
|switch|p2a: Tapu Fini|Tapu Fini|55/100
|-damage|p2a: Tapu Fini|43/100|[from] Stealth Rock
|-fieldstart|move: Misty Terrain|[from] ability: Misty Surge|[of] p2a: Tapu Fini
|move|p1a: Weavile|Knock Off|p2a: Tapu Fini
|-resisted|p2a: Tapu Fini
|-damage|p2a: Tapu Fini|33/100
|
|upkeep
|turn|23
|
|t:|1653230941
|switch|p1a: Magnezone|Magnezone|77/100
|-damage|p1a: Magnezone|71/100|[from] Stealth Rock
|switch|p2a: Crawdaunt|Crawdaunt, M|88/100
|-damage|p2a: Crawdaunt|76/100|[from] Stealth Rock
|
|upkeep
|turn|24
|
|t:|1653230947
|move|p1a: Magnezone|Volt Switch|p2a: Crawdaunt
|-supereffective|p2a: Crawdaunt
|-damage|p2a: Crawdaunt|0 fnt
|faint|p2a: Crawdaunt
|c|☆Chonk Tom|gg
|-message|JooshP forfeited.
|
|win|Chonk Tom
|raw|Chonk Tom's rating: 1672 &rarr; <strong>1690</strong><br />(+18 for winning)
|raw|JooshP's rating: 1630 &rarr; <strong>1612</strong><br />(-18 for losing)
|l|☆JooshP
