|j|☆testotesto321
|j|☆LolzMachine
|player|p1|testotesto321|bellelba|1704
|player|p2|LolzMachine|294|1740
|teamsize|p1|6
|teamsize|p2|6
|gametype|singles
|gen|8
|tier|[Gen 8] OU
|rated|
|clearpoke
|poke|p1|Alakazam, F|
|poke|p1|Magearna|
|poke|p1|Urshifu-Rapid-Strike, F|
|poke|p1|Hippowdon, M|
|poke|p1|Mandibuzz, F|
|poke|p1|Toxapex, F|
|poke|p2|Lycanroc-Dusk, F|
|poke|p2|Scizor, F|
|poke|p2|Volcarona, M|
|poke|p2|Urshifu, F|
|poke|p2|Crawdaunt, F|
|poke|p2|Krookodile, F|
|rule|Sleep Clause Mod: Limit one foe put to sleep
|rule|Species Clause: Limit one of each Pokémon
|rule|OHKO Clause: OHKO moves are banned
|rule|Evasion Moves Clause: Evasion moves are banned
|rule|Endless Battle Clause: Forcing endless battles is banned
|rule|HP Percentage Mod: HP is shown in percentages
|rule|Dynamax Clause: You cannot dynamax
|teampreview
|j| 0wt0rez
|
|start
|switch|p1a: Urshifu|Urshifu-Rapid-Strike, F|100/100
|switch|p2a: Krookodile|Krookodile, F|100/100
|-ability|p2a: Krookodile|Intimidate|boost
|-unboost|p1a: Urshifu|atk|1
|turn|1
|
|move|p1a: Urshifu|Surging Strikes|p2a: Krookodile
|-supereffective|p2a: Krookodile
|-crit|p2a: Krookodile
|-damage|p2a: Krookodile|48/100
|-supereffective|p2a: Krookodile
|-crit|p2a: Krookodile
|-damage|p2a: Krookodile|0 fnt
|-hitcount|p2a: Krookodile|2
|faint|p2a: Krookodile
|
|upkeep
|
|switch|p2a: Scizor|Scizor, F|100/100
|turn|2
|inactive|Battle timer is ON: inactive players will automatically lose when time's up. (requested by testotesto321)
|
|move|p1a: Urshifu|Surging Strikes|p2a: Scizor
|-crit|p2a: Scizor
|-damage|p2a: Scizor|76/100
|-crit|p2a: Scizor
|-damage|p2a: Scizor|50/100
|-crit|p2a: Scizor
|-damage|p2a: Scizor|25/100
|-hitcount|p2a: Scizor|3
|move|p2a: Scizor|Dual Wingbeat|p1a: Urshifu
|-supereffective|p1a: Urshifu
|-damage|p1a: Urshifu|37/100
|-supereffective|p1a: Urshifu
|-damage|p1a: Urshifu|0 fnt
|-hitcount|p1a: Urshifu|2
|-damage|p2a: Scizor|15/100|[from] item: Life Orb
|faint|p1a: Urshifu
|
|upkeep
|
|switch|p1a: Hippowdon|Hippowdon, M|100/100
|-weather|Sandstorm|[from] ability: Sand Stream|[of] p1a: Hippowdon
|turn|3
|
|move|p2a: Scizor|Swords Dance|p2a: Scizor
|-boost|p2a: Scizor|atk|2
|move|p1a: Hippowdon|Earthquake|p2a: Scizor
|-damage|p2a: Scizor|0 fnt
|faint|p2a: Scizor
|
|-weather|Sandstorm|[upkeep]
|upkeep
|
|switch|p2a: Crawdaunt|Crawdaunt, F|100/100
|turn|4
|
|move|p2a: Crawdaunt|Swords Dance|p2a: Crawdaunt
|-boost|p2a: Crawdaunt|atk|2
|move|p1a: Hippowdon|Earthquake|p2a: Crawdaunt
|-crit|p2a: Crawdaunt
|-damage|p2a: Crawdaunt|23/100
|
|-weather|Sandstorm|[upkeep]
|-damage|p2a: Crawdaunt|17/100|[from] Sandstorm
|upkeep
|turn|5
|
|move|p2a: Crawdaunt|Knock Off|p1a: Hippowdon
|-damage|p1a: Hippowdon|1/100
|-damage|p2a: Crawdaunt|0 fnt|[from] item: Rocky Helmet|[of] p1a: Hippowdon
|faint|p2a: Crawdaunt
|move|p1a: Hippowdon|Earthquake|p2: Crawdaunt|[notarget]
|-fail|p1a: Hippowdon
|
|-weather|Sandstorm|[upkeep]
|upkeep
|
|switch|p2a: Lycanroc|Lycanroc-Dusk, F|100/100
|turn|6
|
|move|p2a: Lycanroc|Accelerock|p1a: Hippowdon
|-resisted|p1a: Hippowdon
|-damage|p1a: Hippowdon|0 fnt
|-damage|p2a: Lycanroc|84/100|[from] item: Rocky Helmet|[of] p1a: Hippowdon
|-damage|p2a: Lycanroc|74/100|[from] item: Life Orb
|faint|p1a: Hippowdon
|
|-weather|Sandstorm|[upkeep]
|upkeep
|
|switch|p1a: Toxapex|Toxapex, F, shiny|100/100
|turn|7
|
|move|p2a: Lycanroc|Swords Dance|p2a: Lycanroc
|-boost|p2a: Lycanroc|atk|2
|move|p1a: Toxapex|Scald|p2a: Lycanroc
|-supereffective|p2a: Lycanroc
|-damage|p2a: Lycanroc|37/100
|
|-weather|none
|upkeep
|turn|8
|
|move|p2a: Lycanroc|Stone Edge|p1a: Toxapex
|-crit|p1a: Toxapex
|-damage|p1a: Toxapex|0 fnt
|-damage|p2a: Lycanroc|27/100|[from] item: Life Orb
|faint|p1a: Toxapex
|
|upkeep
|
|switch|p1a: Magearna|Magearna|100/100
|turn|9
|
|switch|p1a: Mandibuzz|Mandibuzz, F|100/100
|move|p2a: Lycanroc|Close Combat|p1a: Mandibuzz
|-damage|p1a: Mandibuzz|0 fnt
|-unboost|p2a: Lycanroc|def|1
|-unboost|p2a: Lycanroc|spd|1
|-damage|p2a: Lycanroc|17/100|[from] item: Life Orb
|faint|p1a: Mandibuzz
|
|upkeep
|
|switch|p1a: Alakazam|Alakazam, F|100/100
|turn|10
|
|switch|p1a: Magearna|Magearna|100/100
|move|p2a: Lycanroc|Accelerock|p1a: Magearna
|-resisted|p1a: Magearna
|-damage|p1a: Magearna|70/100
|-damage|p2a: Lycanroc|7/100|[from] item: Life Orb
|
|upkeep
|turn|11
|
|switch|p1a: Alakazam|Alakazam, F|100/100
|move|p2a: Lycanroc|Close Combat|p1a: Alakazam
|-resisted|p1a: Alakazam
|-damage|p1a: Alakazam|0 fnt
|-unboost|p2a: Lycanroc|def|1
|-unboost|p2a: Lycanroc|spd|1
|-damage|p2a: Lycanroc|0 fnt|[from] item: Life Orb
|faint|p1a: Alakazam
|faint|p2a: Lycanroc
|
|upkeep
|
|switch|p1a: Magearna|Magearna|70/100
|switch|p2a: Volcarona|Volcarona, M|100/100
|turn|12
|
|move|p2a: Volcarona|Fire Blast|p1a: Magearna|[miss]
|-miss|p2a: Volcarona|p1a: Magearna
|move|p1a: Magearna|Fleur Cannon|p2a: Volcarona
|-resisted|p2a: Volcarona
|-damage|p2a: Volcarona|51/100
|-unboost|p1a: Magearna|spa|2
|-damage|p1a: Magearna|60/100|[from] item: Life Orb
|
|upkeep
|turn|13
|
|move|p2a: Volcarona|Fire Blast|p1a: Magearna|[miss]
|-miss|p2a: Volcarona|p1a: Magearna
|move|p1a: Magearna|Flash Cannon|p2a: Volcarona
|-resisted|p2a: Volcarona
|-damage|p2a: Volcarona|35/100
|-damage|p1a: Magearna|50/100|[from] item: Life Orb
|
|upkeep
|turn|14
|
|move|p2a: Volcarona|Fire Blast|p1a: Magearna
|-supereffective|p1a: Magearna
|-damage|p1a: Magearna|0 fnt
|faint|p1a: Magearna
|
|win|LolzMachine
|l|☆testotesto321
|raw|testotesto321's rating: 1704 &rarr; <strong>1685</strong><br />(-19 for losing)
|raw|LolzMachine's rating: 1719 &rarr; <strong>1738</strong><br />(+19 for winning)
