|raw|<div class="broadcast-blue"><strong>This battle is required to be public due to a player having a name starting with 'lt91bb'.</div>
|j|☆LT91BB Mimi
|j|☆Juyen RP PLF
|t:|1659180074
|gametype|singles
|player|p1|LT91BB Mimi|#mimikyustardust|1853
|player|p2|Juyen RP PLF|hilbert|1807
|teamsize|p1|6
|teamsize|p2|6
|gen|8
|tier|[Gen 8] OU
|rated|
|rule|Sleep Clause Mod: Limit one foe put to sleep
|rule|Species Clause: Limit one of each Pokémon
|rule|OHKO Clause: OHKO moves are banned
|rule|Evasion Moves Clause: Evasion moves are banned
|rule|Endless Battle Clause: Forcing endless battles is banned
|rule|HP Percentage Mod: HP is shown in percentages
|rule|Dynamax Clause: You cannot dynamax
|clearpoke
|poke|p1|Mew|
|poke|p1|Weavile, M|
|poke|p1|Celesteela|
|poke|p1|Garchomp, F|
|poke|p1|Blacephalon|
|poke|p1|Crawdaunt, M|
|poke|p2|Rillaboom, F|
|poke|p2|Tapu Lele|
|poke|p2|Magnezone|
|poke|p2|Clefable, M|
|poke|p2|Landorus-Therian, M|
|poke|p2|Araquanid, M|
|teampreview
|j| LT91BB ln34
|j| 00x00x00
|j|+Amasaki ☆
|j| adf2❤
|
|t:|1659180099
|start
|switch|p1a: Mew|Mew, shiny|100/100
|switch|p2a: Araquanid|Araquanid, M|100/100
|turn|1
|
|t:|1659180104
|move|p1a: Mew|Taunt|p2a: Araquanid
|-start|p2a: Araquanid|move: Taunt
|move|p2a: Araquanid|Liquidation|p1a: Mew
|-damage|p1a: Mew|49/100
|
|upkeep
|turn|2
|
|t:|1659180107
|move|p1a: Mew|Stealth Rock|p2a: Araquanid
|-sidestart|p2: Juyen RP PLF|move: Stealth Rock
|move|p2a: Araquanid|Liquidation|p1a: Mew
|-damage|p1a: Mew|0 fnt
|faint|p1a: Mew
|
|upkeep
|j| LT91BB Ahsan
|j| abcdeqr
|
|t:|1659180124
|switch|p1a: Celesteela|Celesteela, shiny|100/100
|turn|3
|j| LT91BB oakdeon
|
|t:|1659180152
|move|p1a: Celesteela|Air Slash|p2a: Araquanid
|-supereffective|p2a: Araquanid
|-crit|p2a: Araquanid
|-damage|p2a: Araquanid|7/100
|move|p2a: Araquanid|Liquidation|p1a: Celesteela
|-damage|p1a: Celesteela|37/100
|
|-end|p2a: Araquanid|move: Taunt
|upkeep
|turn|4
|
|t:|1659180163
|move|p1a: Celesteela|Flamethrower|p2a: Araquanid
|-damage|p2a: Araquanid|0 fnt
|faint|p2a: Araquanid
|-ability|p1a: Celesteela|Beast Boost|boost
|-boost|p1a: Celesteela|spa|1
|
|upkeep
|
|t:|1659180168
|switch|p2a: Rillaboom|Rillaboom, F|100/100
|-damage|p2a: Rillaboom|88/100|[from] Stealth Rock
|-fieldstart|move: Grassy Terrain|[from] ability: Grassy Surge|[of] p2a: Rillaboom
|turn|5
|j| ProXXDev
|
|t:|1659180191
|switch|p1a: Crawdaunt|Crawdaunt, M, shiny|100/100
|move|p2a: Rillaboom|Knock Off|p1a: Crawdaunt
|-resisted|p1a: Crawdaunt
|-damage|p1a: Crawdaunt|63/100
|-enditem|p1a: Crawdaunt|Life Orb|[from] move: Knock Off|[of] p2a: Rillaboom
|
|-heal|p2a: Rillaboom|94/100|[from] Grassy Terrain
|-heal|p1a: Crawdaunt|69/100|[from] Grassy Terrain
|upkeep
|turn|6
|j| d18l
|j| LT91BB justamente
|
|t:|1659180200
|switch|p2a: Clefable|Clefable, M|100/100
|move|p1a: Crawdaunt|Knock Off|p2a: Clefable
|-resisted|p2a: Clefable
|-crit|p2a: Clefable
|-damage|p2a: Clefable|63/100
|-enditem|p2a: Clefable|Leftovers|[from] move: Knock Off|[of] p1a: Crawdaunt
|
|-heal|p1a: Crawdaunt|75/100|[from] Grassy Terrain
|-heal|p2a: Clefable|69/100|[from] Grassy Terrain
|upkeep
|turn|7
|c| LT91BB oakdeon|ho la plf
|j| zReptar
|
|t:|1659180209
|move|p1a: Crawdaunt|Crabhammer|p2a: Clefable
|-damage|p2a: Clefable|14/100
|move|p2a: Clefable|Moonblast|p1a: Crawdaunt
|-supereffective|p1a: Crawdaunt
|-damage|p1a: Crawdaunt|0 fnt
|faint|p1a: Crawdaunt
|
|-heal|p2a: Clefable|20/100|[from] Grassy Terrain
|upkeep
|
|t:|1659180219
|switch|p1a: Blacephalon|Blacephalon, shiny|100/100
|turn|8
|l|+Amasaki ☆
|
|t:|1659180226
|move|p1a: Blacephalon|Flamethrower|p2a: Clefable
|-damage|p2a: Clefable|0 fnt
|faint|p2a: Clefable
|-ability|p1a: Blacephalon|Beast Boost|boost
|-boost|p1a: Blacephalon|spa|1
|
|upkeep
|
|t:|1659180231
|switch|p2a: Landorus|Landorus-Therian, M|100/100
|-damage|p2a: Landorus|88/100|[from] Stealth Rock
|-ability|p2a: Landorus|Intimidate|boost
|-unboost|p1a: Blacephalon|atk|1
|turn|9
|j| ozdimensional
|
|t:|1659180237
|switch|p1a: Garchomp|Garchomp, F, shiny|100/100
|move|p2a: Landorus|Earthquake|p1a: Garchomp
|-damage|p1a: Garchomp|75/100
|
|-heal|p1a: Garchomp|81/100|[from] Grassy Terrain
|-heal|p2a: Landorus|94/100|[from] item: Leftovers
|-fieldend|move: Grassy Terrain
|upkeep
|turn|10
|
|t:|1659180245
|move|p1a: Garchomp|Scale Shot|p2a: Landorus
|-damage|p2a: Landorus|82/100
|-damage|p2a: Landorus|70/100
|-hitcount|p2a: Landorus|2
|-unboost|p1a: Garchomp|def|1
|-boost|p1a: Garchomp|spe|1
|move|p2a: Landorus|Stealth Rock|p1a: Garchomp
|-sidestart|p1: LT91BB Mimi|move: Stealth Rock
|
|-heal|p2a: Landorus|76/100|[from] item: Leftovers
|upkeep
|turn|11
|
|t:|1659180253
|move|p1a: Garchomp|Swords Dance|p1a: Garchomp
|-boost|p1a: Garchomp|atk|2
|move|p2a: Landorus|U-turn|p1a: Garchomp
|-damage|p1a: Garchomp|45/100
|-damage|p2a: Landorus|64/100|[from] ability: Rough Skin|[of] p1a: Garchomp
|
|t:|1659180255
|switch|p2a: Rillaboom|Rillaboom, F|94/100|[from]move: U-turn
|-damage|p2a: Rillaboom|82/100|[from] Stealth Rock
|-fieldstart|move: Grassy Terrain|[from] ability: Grassy Surge|[of] p2a: Rillaboom
|
|-heal|p1a: Garchomp|51/100|[from] Grassy Terrain
|-heal|p2a: Rillaboom|88/100|[from] Grassy Terrain
|upkeep
|turn|12
|
|t:|1659180258
|switch|p1a: Celesteela|Celesteela, shiny|37/100
|-damage|p1a: Celesteela|25/100|[from] Stealth Rock
|move|p2a: Rillaboom|Grassy Glide|p1a: Celesteela
|-resisted|p1a: Celesteela
|-damage|p1a: Celesteela|6/100
|
|-heal|p2a: Rillaboom|94/100|[from] Grassy Terrain
|upkeep
|turn|13
|j| LT91BB AxCypher
|
|t:|1659180260
|move|p2a: Rillaboom|Grassy Glide|p1a: Celesteela
|-resisted|p1a: Celesteela
|-damage|p1a: Celesteela|0 fnt
|faint|p1a: Celesteela
|
|-heal|p2a: Rillaboom|100/100|[from] Grassy Terrain
|upkeep
|
|t:|1659180263
|switch|p1a: Blacephalon|Blacephalon, shiny|100/100
|-damage|p1a: Blacephalon|76/100|[from] Stealth Rock
|turn|14
|
|t:|1659180269
|move|p2a: Rillaboom|Grassy Glide|p1a: Blacephalon
|-resisted|p1a: Blacephalon
|-damage|p1a: Blacephalon|0 fnt
|faint|p1a: Blacephalon
|
|upkeep
|-message|LT91BB Mimi forfeited.
|
|win|Juyen RP PLF
|raw|LT91BB Mimi's rating: 1853 &rarr; <strong>1830</strong><br />(-23 for losing)
|raw|Juyen RP PLF's rating: 1807 &rarr; <strong>1830</strong><br />(+23 for winning)
|l|☆LT91BB Mimi
|l| ProXXDev
|l|☆Juyen RP PLF
|l| 00x00x00
|j| M影若孤鸿月似钩.0023
|l| LT91BB AxCypher
|l| M影若孤鸿月似钩.0023
|j| CallMePrimal
|l| LT91BB Ahsan
|l| zReptar
|l| CallMePrimal
|l| LT91BB justamente
