|j|☆BillionthLadderAlt
|j|☆Kevinskie
|t:|1668093568
|gametype|singles
|player|p1|BillionthLadderAlt|guitarist-gen4|1691
|player|p2|Kevinskie|265|1756
|teamsize|p1|6
|teamsize|p2|6
|gen|8
|tier|[Gen 8] OU
|rated|
|rule|Sleep Clause Mod: Limit one foe put to sleep
|rule|Species Clause: Limit one of each Pokémon
|rule|OHKO Clause: OHKO moves are banned
|rule|Evasion Items Clause: Evasion items are banned
|rule|Evasion Moves Clause: Evasion moves are banned
|rule|Endless Battle Clause: Forcing endless battles is banned
|rule|HP Percentage Mod: HP is shown in percentages
|rule|Dynamax Clause: You cannot dynamax
|clearpoke
|poke|p1|Ninetales-Alola, M|
|poke|p1|Arctozolt|
|poke|p1|Blissey, F|
|poke|p1|Zapdos|
|poke|p1|Garchomp, F|
|poke|p1|Ferrothorn, M|
|poke|p2|Slowbro, F|
|poke|p2|Weavile, M|
|poke|p2|Melmetal|
|poke|p2|Kartana|
|poke|p2|Blacephalon|
|poke|p2|Landorus-Therian, M|
|teampreview
|inactive|Battle timer is ON: inactive players will automatically lose when time's up. (requested by BillionthLadderAlt)
|
|t:|1668093580
|start
|switch|p1a: Ninetales|Ninetales-Alola, M|100/100
|switch|p2a: Kartana|Kartana|100/100
|-weather|Hail|[from] ability: Snow Warning|[of] p1a: Ninetales
|turn|1
|
|t:|1668093589
|move|p2a: Kartana|Knock Off|p1a: Ninetales
|-resisted|p1a: Ninetales
|-damage|p1a: Ninetales|68/100
|-enditem|p1a: Ninetales|Icy Rock|[from] move: Knock Off|[of] p2a: Kartana
|-damage|p2a: Kartana|91/100|[from] item: Life Orb
|move|p1a: Ninetales|Blizzard|p2a: Kartana
|-damage|p2a: Kartana|0 fnt
|faint|p2a: Kartana
|
|-weather|Hail|[upkeep]
|upkeep
|
|t:|1668093597
|switch|p2a: Weavile|Weavile, M|100/100
|-ability|p2a: Weavile|Pressure
|turn|2
|
|t:|1668093600
|move|p2a: Weavile|Beat Up|p1a: Ninetales
|-resisted|p1a: Ninetales
|-damage|p1a: Ninetales|58/100
|-resisted|p1a: Ninetales
|-damage|p1a: Ninetales|46/100
|-resisted|p1a: Ninetales
|-damage|p1a: Ninetales|39/100
|-resisted|p1a: Ninetales
|-damage|p1a: Ninetales|28/100
|-resisted|p1a: Ninetales
|-damage|p1a: Ninetales|17/100
|-hitcount|p1a: Ninetales|5
|move|p1a: Ninetales|Moonblast|p2a: Weavile
|-supereffective|p2a: Weavile
|-damage|p2a: Weavile|9/100
|-unboost|p2a: Weavile|spa|1
|
|-weather|Hail|[upkeep]
|upkeep
|turn|3
|
|t:|1668093605
|switch|p1a: Ferrothorn|Ferrothorn, M|100/100
|move|p2a: Weavile|Beat Up|p1a: Ferrothorn
|-damage|p1a: Ferrothorn|92/100
|-damage|p1a: Ferrothorn|82/100
|-damage|p1a: Ferrothorn|75/100
|-damage|p1a: Ferrothorn|66/100
|-damage|p1a: Ferrothorn|58/100
|-hitcount|p1a: Ferrothorn|5
|
|-weather|Hail|[upkeep]
|-damage|p1a: Ferrothorn|52/100|[from] Hail
|-heal|p1a: Ferrothorn|58/100|[from] item: Leftovers
|upkeep
|turn|4
|
|t:|1668093608
|move|p2a: Weavile|Beat Up|p1a: Ferrothorn
|-damage|p1a: Ferrothorn|49/100
|-damage|p1a: Ferrothorn|40/100
|-damage|p1a: Ferrothorn|34/100
|-damage|p1a: Ferrothorn|26/100
|-damage|p1a: Ferrothorn|16/100
|-hitcount|p1a: Ferrothorn|5
|move|p1a: Ferrothorn|Knock Off|p2a: Weavile
|-resisted|p2a: Weavile
|-damage|p2a: Weavile|0 fnt
|-enditem|p2a: Weavile|Choice Band|[from] move: Knock Off|[of] p1a: Ferrothorn
|faint|p2a: Weavile
|
|-weather|Hail|[upkeep]
|-damage|p1a: Ferrothorn|10/100|[from] Hail
|-heal|p1a: Ferrothorn|16/100|[from] item: Leftovers
|upkeep
|
|t:|1668093623
|switch|p2a: Landorus|Landorus-Therian, M|100/100
|-ability|p2a: Landorus|Intimidate|boost
|-unboost|p1a: Ferrothorn|atk|1
|turn|5
|
|t:|1668093628
|move|p2a: Landorus|Stealth Rock|p1a: Ferrothorn
|-sidestart|p1: BillionthLadderAlt|move: Stealth Rock
|move|p1a: Ferrothorn|Leech Seed|p2a: Landorus
|-start|p2a: Landorus|move: Leech Seed
|
|-weather|Hail|[upkeep]
|-damage|p2a: Landorus|94/100|[from] Hail
|-damage|p1a: Ferrothorn|10/100|[from] Hail
|-heal|p2a: Landorus|100/100|[from] item: Leftovers
|-heal|p1a: Ferrothorn|16/100|[from] item: Leftovers
|-damage|p2a: Landorus|88/100|[from] Leech Seed|[of] p1a: Ferrothorn
|-heal|p1a: Ferrothorn|30/100|[silent]
|upkeep
|turn|6
|
|t:|1668093640
|move|p2a: Landorus|Earthquake|p1a: Ferrothorn
|-damage|p1a: Ferrothorn|1/100
|move|p1a: Ferrothorn|Spikes|p2a: Landorus
|-sidestart|p2: Kevinskie|Spikes
|
|-weather|Hail|[upkeep]
|-damage|p2a: Landorus|82/100|[from] Hail
|-damage|p1a: Ferrothorn|0 fnt|[from] Hail
|faint|p1a: Ferrothorn
|-heal|p2a: Landorus|88/100|[from] item: Leftovers
|upkeep
|
|t:|1668093649
|switch|p1a: Garchomp|Garchomp, F|100/100
|-damage|p1a: Garchomp|94/100|[from] Stealth Rock
|turn|7
|
|t:|1668093655
|switch|p2a: Slowbro|Slowbro, F|100/100
|move|p1a: Garchomp|Stealth Rock|p2a: Slowbro
|-sidestart|p2: Kevinskie|move: Stealth Rock
|
|-weather|Hail|[upkeep]
|-damage|p1a: Garchomp|88/100|[from] Hail
|-damage|p2a: Slowbro|94/100|[from] Hail
|upkeep
|turn|8
|
|t:|1668093661
|move|p1a: Garchomp|Toxic|p2a: Slowbro
|-status|p2a: Slowbro|tox
|move|p2a: Slowbro|Scald|p1a: Garchomp
|-damage|p1a: Garchomp|63/100
|-status|p1a: Garchomp|brn
|
|-weather|none
|-damage|p2a: Slowbro|88/100 tox|[from] psn
|-damage|p1a: Garchomp|57/100 brn|[from] brn
|upkeep
|turn|9
|
|t:|1668093665
|move|p1a: Garchomp|Rest|p1a: Garchomp
|-status|p1a: Garchomp|slp|[from] move: Rest
|-heal|p1a: Garchomp|100/100 slp|[silent]
|move|p2a: Slowbro|Teleport|p2a: Slowbro
|
|t:|1668093671
|switch|p2a: Landorus|Landorus-Therian, M|88/100|[from]move: Teleport
|-damage|p2a: Landorus|76/100|[from] Stealth Rock
|-ability|p2a: Landorus|Intimidate|boost
|-unboost|p1a: Garchomp|atk|1
|
|-heal|p2a: Landorus|82/100|[from] item: Leftovers
|upkeep
|turn|10
|
|t:|1668093674
|cant|p1a: Garchomp|slp
|move|p2a: Landorus|Earthquake|p1a: Garchomp
|-damage|p1a: Garchomp|70/100 slp
|
|-heal|p2a: Landorus|88/100|[from] item: Leftovers
|upkeep
|turn|11
|
|t:|1668093682
|cant|p1a: Garchomp|slp
|move|p2a: Landorus|Earthquake|p1a: Garchomp
|-damage|p1a: Garchomp|42/100 slp
|
|-heal|p2a: Landorus|94/100|[from] item: Leftovers
|upkeep
|turn|12
|
|t:|1668093685
|-curestatus|p1a: Garchomp|slp|[msg]
|move|p1a: Garchomp|Toxic|p2a: Landorus
|-status|p2a: Landorus|tox
|move|p2a: Landorus|Earthquake|p1a: Garchomp
|-damage|p1a: Garchomp|10/100
|
|-heal|p2a: Landorus|99/100 tox|[from] item: Leftovers
|-damage|p2a: Landorus|94/100 tox|[from] psn
|upkeep
|turn|13
|
|t:|1668093689
|move|p1a: Garchomp|Rest|p1a: Garchomp
|-status|p1a: Garchomp|slp|[from] move: Rest
|-heal|p1a: Garchomp|100/100 slp|[silent]
|move|p2a: Landorus|Defog|p1a: Garchomp
|-unboost|p1a: Garchomp|evasion|1
|-sideend|p1: BillionthLadderAlt|Stealth Rock|[from] move: Defog|[of] p2a: Landorus
|-sideend|p2: Kevinskie|Spikes|[from] move: Defog|[of] p2a: Landorus
|-sideend|p2: Kevinskie|Stealth Rock|[from] move: Defog|[of] p2a: Landorus
|
|-heal|p2a: Landorus|99/100 tox|[from] item: Leftovers
|-damage|p2a: Landorus|88/100 tox|[from] psn
|upkeep
|turn|14
|
|t:|1668093691
|switch|p2a: Blacephalon|Blacephalon|100/100
|cant|p1a: Garchomp|slp
|
|upkeep
|turn|15
|
|t:|1668093696
|switch|p1a: Blissey|Blissey, F|100/100
|move|p2a: Blacephalon|Trick|p1a: Blissey
|-activate|p2a: Blacephalon|move: Trick|[of] p1a: Blissey
|-item|p1a: Blissey|Choice Specs|[from] move: Trick
|-item|p2a: Blacephalon|Heavy-Duty Boots|[from] move: Trick
|
|upkeep
|turn|16
|
|t:|1668093707
|switch|p2a: Landorus|Landorus-Therian, M|88/100 tox
|-ability|p2a: Landorus|Intimidate|boost
|-unboost|p1a: Blissey|atk|1
|move|p1a: Blissey|Toxic|p2a: Landorus
|-fail|p2a: Landorus|tox
|
|-heal|p2a: Landorus|94/100 tox|[from] item: Leftovers
|-damage|p2a: Landorus|88/100 tox|[from] psn
|upkeep
|turn|17
|
|t:|1668093711
|switch|p1a: Garchomp|Garchomp, F|100/100 slp
|move|p2a: Landorus|U-turn|p1a: Garchomp
|-damage|p1a: Garchomp|87/100 slp
|-damage|p2a: Landorus|76/100 tox|[from] ability: Rough Skin|[of] p1a: Garchomp
|-damage|p2a: Landorus|59/100 tox|[from] item: Rocky Helmet|[of] p1a: Garchomp
|
|t:|1668093717
|switch|p2a: Blacephalon|Blacephalon|100/100|[from]move: U-turn
|
|upkeep
|turn|18
|
|t:|1668093724
|move|p2a: Blacephalon|Overheat|p1a: Garchomp
|-resisted|p1a: Garchomp
|-damage|p1a: Garchomp|52/100 slp
|-unboost|p2a: Blacephalon|spa|2
|cant|p1a: Garchomp|slp
|
|upkeep
|turn|19
|
|t:|1668093735
|switch|p2a: Landorus|Landorus-Therian, M|59/100 tox
|-ability|p2a: Landorus|Intimidate|boost
|-unboost|p1a: Garchomp|atk|1
|-curestatus|p1a: Garchomp|slp|[msg]
|move|p1a: Garchomp|Stealth Rock|p2a: Landorus
|-sidestart|p2: Kevinskie|move: Stealth Rock
|
|-heal|p2a: Landorus|65/100 tox|[from] item: Leftovers
|-damage|p2a: Landorus|59/100 tox|[from] psn
|upkeep
|turn|20
|
|t:|1668093742
|switch|p1a: Ninetales|Ninetales-Alola, M|17/100
|-weather|Hail|[from] ability: Snow Warning|[of] p1a: Ninetales
|move|p2a: Landorus|Earthquake|p1a: Ninetales
|-crit|p1a: Ninetales
|-damage|p1a: Ninetales|0 fnt
|faint|p1a: Ninetales
|
|-weather|Hail|[upkeep]
|-damage|p2a: Landorus|53/100 tox|[from] Hail
|-heal|p2a: Landorus|59/100 tox|[from] item: Leftovers
|-damage|p2a: Landorus|47/100 tox|[from] psn
|upkeep
|
|t:|1668093748
|switch|p1a: Arctozolt|Arctozolt|100/100
|turn|21
|
|t:|1668093772
|move|p1a: Arctozolt|Bolt Beak|p2a: Landorus
|-immune|p2a: Landorus
|move|p2a: Landorus|Earthquake|p1a: Arctozolt
|-supereffective|p1a: Arctozolt
|-damage|p1a: Arctozolt|0 fnt
|faint|p1a: Arctozolt
|
|-weather|Hail|[upkeep]
|-damage|p2a: Landorus|41/100 tox|[from] Hail
|-heal|p2a: Landorus|47/100 tox|[from] item: Leftovers
|-damage|p2a: Landorus|29/100 tox|[from] psn
|upkeep
|c|☆BillionthLadderAlt|nah fuck off ur hacking
|-message|BillionthLadderAlt forfeited.
|
|win|Kevinskie
|raw|BillionthLadderAlt's rating: 1691 &rarr; <strong>1675</strong><br />(-16 for losing)
|raw|Kevinskie's rating: 1756 &rarr; <strong>1772</strong><br />(+16 for winning)
|l|☆BillionthLadderAlt
||Ladder isn't responding, score probably updated but might not have (Request timeout).
