|html|<div class="broadcast-blue"><strong>[Gen 8] OU is currently suspecting Kyurem! For information on how to participate check out the <a href="https://www.smogon.com/forums/threads/np-ss-ou-suspect-process-round-11-break-the-ice.3694129/">suspect thread</a>.</strong></div>
|j|☆Iknowup
|j|☆Kikoobuster
|t:|1639257766
|gametype|singles
|player|p1|Iknowup|zinnia|1602
|player|p2|Kikoobuster|266|1589
|teamsize|p1|6
|teamsize|p2|6
|gen|8
|tier|[Gen 8] OU
|rated|
|rule|Sleep Clause Mod: Limit one foe put to sleep
|rule|Species Clause: Limit one of each Pokémon
|rule|OHKO Clause: OHKO moves are banned
|rule|Evasion Moves Clause: Evasion moves are banned
|rule|Endless Battle Clause: Forcing endless battles is banned
|rule|HP Percentage Mod: HP is shown in percentages
|rule|Dynamax Clause: You cannot dynamax
|clearpoke
|poke|p1|Regieleki|
|poke|p1|Bisharp, M|
|poke|p1|Volcarona, M|
|poke|p1|Dragonite, F|
|poke|p1|Garchomp, F|
|poke|p1|Jirachi|
|poke|p2|Excadrill, M|
|poke|p2|Lycanroc-Dusk, F|
|poke|p2|Hawlucha, F|
|poke|p2|Azumarill, F|
|poke|p2|Zeraora|
|poke|p2|Rillaboom, M|
|teampreview
|inactive|Battle timer is ON: inactive players will automatically lose when time's up. (requested by Kikoobuster)
|
|t:|1639257798
|start
|switch|p1a: Dragonite|Dragonite, F|100/100
|switch|p2a: Lycanroc|Lycanroc-Dusk, F|100/100
|turn|1
|j| UnzipsCrogre
|
|t:|1639257810
|move|p2a: Lycanroc|Stealth Rock|p1a: Dragonite
|-sidestart|p1: Iknowup|move: Stealth Rock
|move|p1a: Dragonite|Earthquake|p2a: Lycanroc
|-supereffective|p2a: Lycanroc
|-enditem|p2a: Lycanroc|Focus Sash
|-damage|p2a: Lycanroc|1/100
|
|upkeep
|turn|2
|
|t:|1639257830
|switch|p1a: Garchomp|Garchomp, F|100/100
|-damage|p1a: Garchomp|94/100|[from] Stealth Rock
|move|p2a: Lycanroc|Endeavor|p1a: Garchomp
|-damage|p1a: Garchomp|1/100
|-damage|p2a: Lycanroc|0 fnt|[from] ability: Rough Skin|[of] p1a: Garchomp
|faint|p2a: Lycanroc
|
|upkeep
|
|t:|1639257848
|switch|p2a: Rillaboom|Rillaboom, M|100/100
|-fieldstart|move: Grassy Terrain|[from] ability: Grassy Surge|[of] p2a: Rillaboom
|turn|3
|
|t:|1639257868
|switch|p1a: Jirachi|Jirachi|100/100
|-damage|p1a: Jirachi|94/100|[from] Stealth Rock
|move|p2a: Rillaboom|U-turn|p1a: Jirachi
|-damage|p1a: Jirachi|54/100
|
|t:|1639257880
|switch|p2a: Azumarill|Azumarill, F|100/100|[from]move: U-turn
|
|-heal|p1a: Jirachi|60/100|[from] Grassy Terrain
|upkeep
|turn|4
|
|t:|1639257889
|move|p1a: Jirachi|Iron Head|p2a: Azumarill
|-damage|p2a: Azumarill|61/100
|cant|p2a: Azumarill|flinch
|
|-heal|p1a: Jirachi|66/100|[from] Grassy Terrain
|-heal|p2a: Azumarill|67/100|[from] Grassy Terrain
|upkeep
|turn|5
|
|t:|1639257902
|move|p1a: Jirachi|Iron Head|p2a: Azumarill
|-damage|p2a: Azumarill|21/100
|-enditem|p2a: Azumarill|Sitrus Berry|[eat]
|-heal|p2a: Azumarill|46/100|[from] item: Sitrus Berry
|cant|p2a: Azumarill|flinch
|
|-heal|p1a: Jirachi|73/100|[from] Grassy Terrain
|-heal|p2a: Azumarill|52/100|[from] Grassy Terrain
|upkeep
|turn|6
|
|t:|1639257913
|move|p1a: Jirachi|Stealth Rock|p2a: Azumarill
|-sidestart|p2: Kikoobuster|move: Stealth Rock
|move|p2a: Azumarill|Knock Off|p1a: Jirachi
|-supereffective|p1a: Jirachi
|-damage|p1a: Jirachi|0 fnt
|-enditem|p1a: Jirachi|Ring Target|[from] move: Knock Off|[of] p2a: Azumarill
|faint|p1a: Jirachi
|
|-heal|p2a: Azumarill|58/100|[from] Grassy Terrain
|upkeep
|
|t:|1639257924
|switch|p1a: Bisharp|Bisharp, M|100/100
|-damage|p1a: Bisharp|95/100|[from] Stealth Rock
|turn|7
|
|t:|1639257933
|move|p1a: Bisharp|Iron Head|p2a: Azumarill
|-damage|p2a: Azumarill|0 fnt
|faint|p2a: Azumarill
|-damage|p1a: Bisharp|85/100|[from] item: Life Orb
|
|-heal|p1a: Bisharp|91/100|[from] Grassy Terrain
|-fieldend|move: Grassy Terrain
|upkeep
|
|t:|1639257938
|switch|p2a: Excadrill|Excadrill, M, shiny|100/100
|-damage|p2a: Excadrill|97/100|[from] Stealth Rock
|-ability|p2a: Excadrill|Mold Breaker
|turn|8
|inactive|Iknowup has 120 seconds left.
|
|t:|1639257973
|switch|p1a: Garchomp|Garchomp, F|1/100
|-damage|p1a: Garchomp|0 fnt|[from] Stealth Rock
|faint|p1a: Garchomp
|move|p2a: Excadrill|Rapid Spin|p1: Garchomp|[notarget]
|-fail|p2a: Excadrill
|
|upkeep
|inactive|Iknowup has 120 seconds left.
|
|t:|1639257987
|switch|p1a: Volcarona|Volcarona, M|100/100
|turn|9
|inactive|Iknowup has 120 seconds left.
|
|t:|1639258003
|move|p1a: Volcarona|Flamethrower|p2a: Excadrill
|-supereffective|p2a: Excadrill
|-damage|p2a: Excadrill|0 fnt
|faint|p2a: Excadrill
|
|upkeep
|
|t:|1639258006
|switch|p2a: Zeraora|Zeraora|100/100
|-damage|p2a: Zeraora|88/100|[from] Stealth Rock
|turn|10
|inactive|Iknowup has 120 seconds left.
|
|t:|1639258023
|move|p2a: Zeraora|Plasma Fists|p1a: Volcarona
|-damage|p1a: Volcarona|32/100
|move|p1a: Volcarona|Flamethrower|p2a: Zeraora
|-damage|p2a: Zeraora|30/100
|
|-heal|p2a: Zeraora|36/100|[from] item: Leftovers
|upkeep
|turn|11
|l|☆Iknowup
|inactive|Iknowup disconnected and has a minute to reconnect!
|player|p1|
|j|☆Iknowup
|inactive|Iknowup reconnected and has 90 seconds left.
|player|p1|Iknowup|zinnia
|
|t:|1639258068
|switch|p1a: Regieleki|Regieleki|100/100
|-damage|p1a: Regieleki|88/100|[from] Stealth Rock
|move|p2a: Zeraora|Plasma Fists|p1a: Regieleki
|-resisted|p1a: Regieleki
|-damage|p1a: Regieleki|44/100
|
|-heal|p2a: Zeraora|42/100|[from] item: Leftovers
|upkeep
|turn|12
|
|t:|1639258078
|move|p1a: Regieleki|Ancient Power|p2a: Zeraora
|-damage|p2a: Zeraora|9/100
|move|p2a: Zeraora|Plasma Fists|p1a: Regieleki
|-resisted|p1a: Regieleki
|-damage|p1a: Regieleki|2/100
|
|-heal|p2a: Zeraora|15/100|[from] item: Leftovers
|upkeep
|turn|13
|
|t:|1639258085
|move|p1a: Regieleki|Ancient Power|p2a: Zeraora
|-damage|p2a: Zeraora|0 fnt
|faint|p2a: Zeraora
|
|upkeep
|
|t:|1639258088
|switch|p2a: Rillaboom|Rillaboom, M|100/100
|-damage|p2a: Rillaboom|88/100|[from] Stealth Rock
|-fieldstart|move: Grassy Terrain|[from] ability: Grassy Surge|[of] p2a: Rillaboom
|turn|14
|inactive|Kikoobuster has 120 seconds left.
|
|t:|1639258123
|move|p1a: Regieleki|Ancient Power|p2a: Rillaboom
|-damage|p2a: Rillaboom|55/100
|move|p2a: Rillaboom|U-turn|p1a: Regieleki
|-damage|p1a: Regieleki|0 fnt
|faint|p1a: Regieleki
|
|t:|1639258126
|switch|p2a: Hawlucha|Hawlucha, F, shiny|100/100|[from]move: U-turn
|-damage|p2a: Hawlucha|88/100|[from] Stealth Rock
|-enditem|p2a: Hawlucha|Grassy Seed
|-boost|p2a: Hawlucha|def|1|[from] item: Grassy Seed
|
|upkeep
|
|t:|1639258142
|switch|p1a: Bisharp|Bisharp, M|91/100
|-damage|p1a: Bisharp|85/100|[from] Stealth Rock
|turn|15
|
|t:|1639258150
|move|p2a: Hawlucha|Close Combat|p1a: Bisharp
|-supereffective|p1a: Bisharp
|-damage|p1a: Bisharp|0 fnt
|-unboost|p2a: Hawlucha|def|1
|-unboost|p2a: Hawlucha|spd|1
|faint|p1a: Bisharp
|
|upkeep
|
|t:|1639258154
|switch|p1a: Dragonite|Dragonite, F|100/100
|turn|16
|
|t:|1639258163
|move|p2a: Hawlucha|Acrobatics|p1a: Dragonite
|-damage|p1a: Dragonite|76/100
|move|p1a: Dragonite|Ice Punch|p2a: Hawlucha
|-supereffective|p2a: Hawlucha
|-damage|p2a: Hawlucha|5/100
|
|upkeep
|turn|17
|
|t:|1639258176
|move|p2a: Hawlucha|Acrobatics|p1a: Dragonite
|-damage|p1a: Dragonite|25/100
|move|p1a: Dragonite|Ice Punch|p2a: Hawlucha
|-supereffective|p2a: Hawlucha
|-damage|p2a: Hawlucha|0 fnt
|faint|p2a: Hawlucha
|
|upkeep
|
|t:|1639258180
|switch|p2a: Rillaboom|Rillaboom, M|55/100
|-damage|p2a: Rillaboom|42/100|[from] Stealth Rock
|turn|18
|
|t:|1639258182
|move|p2a: Rillaboom|Grassy Glide|p1a: Dragonite
|-resisted|p1a: Dragonite
|-damage|p1a: Dragonite|2/100
|move|p1a: Dragonite|Ice Punch|p2a: Rillaboom
|-supereffective|p2a: Rillaboom
|-damage|p2a: Rillaboom|0 fnt
|faint|p2a: Rillaboom
|
|win|Iknowup
|raw|Iknowup's rating: 1602 &rarr; <strong>1621</strong><br />(+19 for winning)
|raw|Kikoobuster's rating: 1589 &rarr; <strong>1570</strong><br />(-19 for losing)
|l| UnzipsCrogre
|c|☆Kikoobuster|Gg
|l|☆Kikoobuster
||Ladder isn't responding, score probably updated but might not have (Request timeout).
