|raw|<div class="broadcast-blue"><strong>This battle is required to be public due to a player having a name starting with 'lt93oq'.</div>
|j|‽hypervortexreturns
|j|☆LT93OQCR
|t:|1660716489
|gametype|singles
|player|p1|hypervortexreturns|170|1831
|player|p2|LT93OQCR|1|1867
|teamsize|p1|6
|teamsize|p2|6
|gen|8
|tier|[Gen 8] OU
|rated|
|rule|Sleep Clause Mod: Limit one foe put to sleep
|rule|Species Clause: Limit one of each Pokémon
|rule|OHKO Clause: OHKO moves are banned
|rule|Evasion Items Clause: Evasion items are banned
|rule|Evasion Moves Clause: Evasion moves are banned
|rule|Endless Battle Clause: Forcing endless battles is banned
|rule|HP Percentage Mod: HP is shown in percentages
|rule|Dynamax Clause: You cannot dynamax
|clearpoke
|poke|p1|Hydreigon, F|
|poke|p1|Zapdos|
|poke|p1|Tangrowth, M|
|poke|p1|Corviknight, M|
|poke|p1|Excadrill, M|
|poke|p1|Azumarill, F|
|poke|p2|Gastrodon, F|
|poke|p2|Mew|
|poke|p2|Corviknight, M|
|poke|p2|Toxapex, F|
|poke|p2|Clefable, M|
|poke|p2|Dragonite, F|
|teampreview
|inactive|Battle timer is ON: inactive players will automatically lose when time's up. (requested by LT93OQCR)
|
|t:|1660716502
|start
|switch|p1a: Tangrowth|Tangrowth, M|100/100
|switch|p2a: Toxapex|Toxapex, F|100/100
|turn|1
|
|t:|1660716510
|move|p1a: Tangrowth|Sleep Powder|p2a: Toxapex
|-status|p2a: Toxapex|slp|[from] move: Sleep Powder
|cant|p2a: Toxapex|slp
|
|upkeep
|turn|2
|j| angrrry
|
|t:|1660716516
|switch|p1a: Azumarill|Azumarill, F|100/100
|cant|p2a: Toxapex|slp
|
|upkeep
|turn|3
|j| rtetrtrtr
|l| rtetrtrtr
|
|t:|1660716522
|move|p1a: Azumarill|Belly Drum|p1a: Azumarill
|-damage|p1a: Azumarill|50/100
|-setboost|p1a: Azumarill|atk|6|[from] move: Belly Drum
|-enditem|p1a: Azumarill|Sitrus Berry|[eat]
|-heal|p1a: Azumarill|75/100|[from] item: Sitrus Berry
|cant|p2a: Toxapex|slp
|
|upkeep
|turn|4
|j| LT93OQ Bee
|j| arnavgupta
|
|t:|1660716531
|switch|p2a: Clefable|Clefable, M|100/100
|move|p1a: Azumarill|Knock Off|p2a: Clefable
|-resisted|p2a: Clefable
|-damage|p2a: Clefable|84/100
|-enditem|p2a: Clefable|Heavy-Duty Boots|[from] move: Knock Off|[of] p1a: Azumarill
|
|upkeep
|turn|5
|
|t:|1660716540
|move|p1a: Azumarill|Play Rough|p2a: Clefable
|-damage|p2a: Clefable|37/100
|move|p2a: Clefable|Soft-Boiled|p2a: Clefable
|-heal|p2a: Clefable|87/100
|
|upkeep
|turn|6
|
|t:|1660716547
|move|p1a: Azumarill|Play Rough|p2a: Clefable
|-damage|p2a: Clefable|43/100
|move|p2a: Clefable|Soft-Boiled|p2a: Clefable
|-heal|p2a: Clefable|93/100
|
|upkeep
|turn|7
|
|t:|1660716554
|move|p1a: Azumarill|Play Rough|p2a: Clefable|[miss]
|-miss|p1a: Azumarill|p2a: Clefable
|move|p2a: Clefable|Soft-Boiled|p2a: Clefable
|-heal|p2a: Clefable|100/100
|
|upkeep
|turn|8
|
|t:|1660716562
|move|p1a: Azumarill|Play Rough|p2a: Clefable
|-damage|p2a: Clefable|55/100
|move|p2a: Clefable|Moonblast|p1a: Azumarill
|-damage|p1a: Azumarill|39/100
|
|upkeep
|turn|9
|
|t:|1660716569
|move|p1a: Azumarill|Play Rough|p2a: Clefable
|-damage|p2a: Clefable|13/100
|move|p2a: Clefable|Soft-Boiled|p2a: Clefable
|-heal|p2a: Clefable|63/100
|
|upkeep
|turn|10
|
|t:|1660716576
|move|p1a: Azumarill|Play Rough|p2a: Clefable
|-damage|p2a: Clefable|16/100
|-unboost|p2a: Clefable|atk|1
|move|p2a: Clefable|Soft-Boiled|p2a: Clefable
|-heal|p2a: Clefable|66/100
|
|upkeep
|turn|11
|
|t:|1660716585
|move|p1a: Azumarill|Play Rough|p2a: Clefable
|-damage|p2a: Clefable|25/100
|-unboost|p2a: Clefable|atk|1
|move|p2a: Clefable|Soft-Boiled|p2a: Clefable
|-heal|p2a: Clefable|75/100
|
|upkeep
|turn|12
|
|t:|1660716593
|move|p1a: Azumarill|Play Rough|p2a: Clefable
|-damage|p2a: Clefable|35/100
|move|p2a: Clefable|Soft-Boiled|p2a: Clefable
|-heal|p2a: Clefable|85/100
|
|upkeep
|turn|13
|
|t:|1660716600
|move|p1a: Azumarill|Play Rough|p2a: Clefable
|-damage|p2a: Clefable|40/100
|move|p2a: Clefable|Soft-Boiled|p2a: Clefable
|-heal|p2a: Clefable|90/100
|
|upkeep
|turn|14
|
|t:|1660716607
|move|p1a: Azumarill|Play Rough|p2a: Clefable
|-damage|p2a: Clefable|48/100
|move|p2a: Clefable|Soft-Boiled|p2a: Clefable
|-heal|p2a: Clefable|98/100
|
|upkeep
|turn|15
|
|t:|1660716616
|move|p1a: Azumarill|Play Rough|p2a: Clefable
|-damage|p2a: Clefable|56/100
|move|p2a: Clefable|Moonblast|p1a: Azumarill
|-damage|p1a: Azumarill|0 fnt
|faint|p1a: Azumarill
|
|upkeep
|inactive|hypervortexreturns has 120 seconds left.
|
|t:|1660716654
|switch|p1a: Excadrill|Excadrill, M|100/100
|turn|16
|inactive|hypervortexreturns has 120 seconds left.
|
|t:|1660716662
|switch|p2a: Corviknight|Corviknight, M|100/100
|-ability|p2a: Corviknight|Pressure
|move|p1a: Excadrill|Stealth Rock|p2a: Corviknight
|-sidestart|p2: LT93OQCR|move: Stealth Rock
|
|upkeep
|turn|17
|inactive|hypervortexreturns has 120 seconds left.
|
|t:|1660716676
|switch|p1a: Corviknight|Corviknight, M|100/100
|-ability|p1a: Corviknight|Pressure
|move|p2a: Corviknight|Defog|p1a: Corviknight
|-unboost|p1a: Corviknight|evasion|1
|-sideend|p2: LT93OQCR|Stealth Rock|[from] move: Defog|[of] p2a: Corviknight
|
|upkeep
|turn|18
|j| rydeen ride
|l| rydeen ride
|inactive|hypervortexreturns has 120 seconds left.
|
|t:|1660716687
|switch|p1a: Zapdos|Zapdos|100/100
|switch|p2a: Toxapex|Toxapex, F|100/100 slp
|
|upkeep
|turn|19
|inactive|hypervortexreturns has 120 seconds left.
|
|t:|1660716704
|move|p1a: Zapdos|Discharge|p2a: Toxapex
|-supereffective|p2a: Toxapex
|-damage|p2a: Toxapex|51/100 slp
|-curestatus|p2a: Toxapex|slp|[msg]
|move|p2a: Toxapex|Toxic|p1a: Zapdos
|-status|p1a: Zapdos|tox
|
|-damage|p1a: Zapdos|94/100 tox|[from] psn
|upkeep
|turn|20
|inactive|hypervortexreturns has 120 seconds left.
|
|t:|1660716719
|switch|p2a: Gastrodon|Gastrodon, F|100/100
|move|p1a: Zapdos|Toxic|p2a: Gastrodon
|-status|p2a: Gastrodon|tox
|
|-damage|p1a: Zapdos|82/100 tox|[from] psn
|-damage|p2a: Gastrodon|94/100 tox|[from] psn
|upkeep
|turn|21
|
|t:|1660716733
|switch|p1a: Hydreigon|Hydreigon, F|100/100
|switch|p2a: Toxapex|Toxapex, F|84/100
|
|upkeep
|turn|22
|
|t:|1660716742
|switch|p1a: Tangrowth|Tangrowth, M|100/100
|move|p2a: Toxapex|Toxic Spikes|p1a: Tangrowth
|-sidestart|p1: hypervortexreturns|move: Toxic Spikes
|
|upkeep
|turn|23
|inactive|hypervortexreturns has 120 seconds left.
|
|t:|1660716748
|move|p1a: Tangrowth|Sleep Powder|p2a: Toxapex
|-status|p2a: Toxapex|slp|[from] move: Sleep Powder
|cant|p2a: Toxapex|slp
|
|upkeep
|turn|24
|inactive|hypervortexreturns has 120 seconds left.
|
|t:|1660716764
|switch|p1a: Excadrill|Excadrill, M|100/100
|cant|p2a: Toxapex|slp
|
|upkeep
|turn|25
|inactive|hypervortexreturns has 120 seconds left.
|
|t:|1660716772
|move|p1a: Excadrill|Stealth Rock|p2a: Toxapex
|-sidestart|p2: LT93OQCR|move: Stealth Rock
|cant|p2a: Toxapex|slp
|
|upkeep
|turn|26
|inactive|hypervortexreturns has 120 seconds left.
|
|t:|1660716799
|switch|p1a: Zapdos|Zapdos|82/100 tox
|switch|p2a: Corviknight|Corviknight, M|100/100
|-damage|p2a: Corviknight|88/100|[from] Stealth Rock
|-ability|p2a: Corviknight|Pressure
|
|-heal|p2a: Corviknight|94/100|[from] item: Leftovers
|-damage|p1a: Zapdos|75/100 tox|[from] psn
|upkeep
|turn|27
|
|t:|1660716811
|switch|p2a: Gastrodon|Gastrodon, F|94/100 tox
|-damage|p2a: Gastrodon|88/100 tox|[from] Stealth Rock
|move|p1a: Zapdos|Discharge|p2a: Gastrodon
|-immune|p2a: Gastrodon
|
|-heal|p2a: Gastrodon|94/100 tox|[from] item: Leftovers
|-damage|p1a: Zapdos|63/100 tox|[from] psn
|-damage|p2a: Gastrodon|88/100 tox|[from] psn
|upkeep
|turn|28
|
|t:|1660716823
|switch|p1a: Hydreigon|Hydreigon, F|100/100
|move|p2a: Gastrodon|Scald|p1a: Hydreigon
|-resisted|p1a: Hydreigon
|-damage|p1a: Hydreigon|88/100
|
|-heal|p1a: Hydreigon|94/100|[from] item: Leftovers
|-heal|p2a: Gastrodon|94/100 tox|[from] item: Leftovers
|-damage|p2a: Gastrodon|82/100 tox|[from] psn
|upkeep
|turn|29
|j| cypherstests
|
|t:|1660716843
|switch|p2a: Dragonite|Dragonite, F|100/100
|move|p1a: Hydreigon|Dark Pulse|p2a: Dragonite
|-damage|p2a: Dragonite|84/100
|
|-heal|p1a: Hydreigon|99/100|[from] item: Leftovers
|upkeep
|turn|30
|inactive|hypervortexreturns has 90 seconds left.
|
|t:|1660716865
|switch|p1a: Corviknight|Corviknight, M|100/100
|-ability|p1a: Corviknight|Pressure
|move|p2a: Dragonite|Toxic|p1a: Corviknight
|-immune|p1a: Corviknight
|
|upkeep
|turn|31
|inactive|hypervortexreturns has 90 seconds left.
|
|t:|1660716881
|switch|p2a: Toxapex|Toxapex, F|100/100 slp
|-damage|p2a: Toxapex|88/100 slp|[from] Stealth Rock
|move|p1a: Corviknight|Bulk Up|p1a: Corviknight
|-boost|p1a: Corviknight|atk|1
|-boost|p1a: Corviknight|def|1
|
|upkeep
|turn|32
|inactive|hypervortexreturns has 90 seconds left.
|
|t:|1660716891
|move|p1a: Corviknight|Bulk Up|p1a: Corviknight
|-boost|p1a: Corviknight|atk|1
|-boost|p1a: Corviknight|def|1
|-curestatus|p2a: Toxapex|slp|[msg]
|move|p2a: Toxapex|Knock Off|p1a: Corviknight
|-damage|p1a: Corviknight|94/100
|-enditem|p1a: Corviknight|Leftovers|[from] move: Knock Off|[of] p2a: Toxapex
|
|upkeep
|turn|33
|inactive|hypervortexreturns has 90 seconds left.
|
|t:|1660716903
|switch|p2a: Mew|Mew, shiny|100/100
|-damage|p2a: Mew|88/100|[from] Stealth Rock
|move|p1a: Corviknight|Brave Bird|p2a: Mew
|-damage|p2a: Mew|30/100
|-damage|p1a: Corviknight|75/100|[from] Recoil
|
|-heal|p2a: Mew|36/100|[from] item: Leftovers
|upkeep
|turn|34
|inactive|hypervortexreturns has 90 seconds left.
|
|t:|1660716914
|move|p2a: Mew|Roost|p2a: Mew
|-heal|p2a: Mew|86/100
|-singleturn|p2a: Mew|move: Roost
|move|p1a: Corviknight|Brave Bird|p2a: Mew
|-damage|p2a: Mew|25/100
|-damage|p1a: Corviknight|54/100|[from] Recoil
|
|-heal|p2a: Mew|31/100|[from] item: Leftovers
|upkeep
|turn|35
|j| 4funaccount
|inactive|hypervortexreturns has 90 seconds left.
|
|t:|1660716925
|move|p2a: Mew|Roost|p2a: Mew
|-heal|p2a: Mew|81/100
|-singleturn|p2a: Mew|move: Roost
|move|p1a: Corviknight|Taunt|p2a: Mew
|-start|p2a: Mew|move: Taunt
|
|-heal|p2a: Mew|87/100|[from] item: Leftovers
|upkeep
|turn|36
|inactive|hypervortexreturns has 90 seconds left.
|
|t:|1660716938
|switch|p2a: Corviknight|Corviknight, M|94/100
|-damage|p2a: Corviknight|82/100|[from] Stealth Rock
|-ability|p2a: Corviknight|Pressure
|move|p1a: Corviknight|Roost|p1a: Corviknight
|-heal|p1a: Corviknight|100/100
|-singleturn|p1a: Corviknight|move: Roost
|
|-heal|p2a: Corviknight|88/100|[from] item: Leftovers
|upkeep
|turn|37
|inactive|hypervortexreturns has 90 seconds left.
|l| LT93OQ Bee
|
|t:|1660716959
|move|p1a: Corviknight|Bulk Up|p1a: Corviknight
|-boost|p1a: Corviknight|atk|1
|-boost|p1a: Corviknight|def|1
|move|p2a: Corviknight|Defog|p1a: Corviknight
|-unboost|p1a: Corviknight|evasion|1
|-sideend|p1: hypervortexreturns|Toxic Spikes|[from] move: Defog|[of] p2a: Corviknight
|-sideend|p2: LT93OQCR|Stealth Rock|[from] move: Defog|[of] p2a: Corviknight
|
|-heal|p2a: Corviknight|94/100|[from] item: Leftovers
|upkeep
|turn|38
|
|t:|1660716972
|move|p1a: Corviknight|Taunt|p2a: Corviknight
|-start|p2a: Corviknight|move: Taunt
|cant|p2a: Corviknight|move: Taunt|Iron Defense
|
|-heal|p2a: Corviknight|100/100|[from] item: Leftovers
|upkeep
|turn|39
|
|t:|1660716981
|switch|p2a: Toxapex|Toxapex, F|100/100
|move|p1a: Corviknight|Brave Bird|p2a: Toxapex
|-damage|p2a: Toxapex|47/100
|-damage|p1a: Corviknight|87/100|[from] Recoil
|
|upkeep
|turn|40
|inactive|hypervortexreturns has 90 seconds left.
|
|t:|1660716989
|switch|p2a: Corviknight|Corviknight, M|100/100
|-ability|p2a: Corviknight|Pressure
|move|p1a: Corviknight|Brave Bird|p2a: Corviknight
|-resisted|p2a: Corviknight
|-damage|p2a: Corviknight|73/100
|-damage|p1a: Corviknight|78/100|[from] Recoil
|
|-heal|p2a: Corviknight|80/100|[from] item: Leftovers
|upkeep
|turn|41
|inactive|hypervortexreturns has 90 seconds left.
|
|t:|1660717002
|switch|p2a: Toxapex|Toxapex, F|80/100
|move|p1a: Corviknight|Taunt|p2a: Toxapex
|-start|p2a: Toxapex|move: Taunt
|
|upkeep
|turn|42
|
|t:|1660717013
|switch|p2a: Corviknight|Corviknight, M|80/100
|-ability|p2a: Corviknight|Pressure
|move|p1a: Corviknight|Bulk Up|p1a: Corviknight
|-boost|p1a: Corviknight|atk|1
|-boost|p1a: Corviknight|def|1
|
|-heal|p2a: Corviknight|86/100|[from] item: Leftovers
|upkeep
|turn|43
|
|t:|1660717027
|switch|p2a: Mew|Mew, shiny|87/100
|move|p1a: Corviknight|Taunt|p2a: Mew
|-start|p2a: Mew|move: Taunt
|
|-heal|p2a: Mew|93/100|[from] item: Leftovers
|upkeep
|turn|44
|
|t:|1660717036
|switch|p2a: Corviknight|Corviknight, M|86/100
|-ability|p2a: Corviknight|Pressure
|move|p1a: Corviknight|Bulk Up|p1a: Corviknight
|-boost|p1a: Corviknight|atk|1
|-boost|p1a: Corviknight|def|1
|
|-heal|p2a: Corviknight|92/100|[from] item: Leftovers
|upkeep
|turn|45
|j| Kcic
|l| Kcic
|
|t:|1660717047
|switch|p2a: Toxapex|Toxapex, F|100/100
|move|p1a: Corviknight|Taunt|p2a: Toxapex
|-start|p2a: Toxapex|move: Taunt
|
|upkeep
|turn|46
|
|t:|1660717054
|switch|p2a: Clefable|Clefable, M|56/100
|move|p1a: Corviknight|Bulk Up|p1a: Corviknight
|-boost|p1a: Corviknight|atk|1
|-boost|p1a: Corviknight|def|1
|
|upkeep
|turn|47
|
|t:|1660717065
|move|p1a: Corviknight|Brave Bird|p2a: Clefable
|-damage|p2a: Clefable|25/100
|-damage|p1a: Corviknight|68/100|[from] Recoil
|move|p2a: Clefable|Moonblast|p1a: Corviknight
|-resisted|p1a: Corviknight
|-damage|p1a: Corviknight|57/100
|
|upkeep
|turn|48
|
|t:|1660717074
|switch|p2a: Corviknight|Corviknight, M|92/100
|-ability|p2a: Corviknight|Pressure
|move|p1a: Corviknight|Taunt|p2a: Corviknight
|-start|p2a: Corviknight|move: Taunt
|
|-heal|p2a: Corviknight|98/100|[from] item: Leftovers
|upkeep
|turn|49
|
|t:|1660717085
|switch|p2a: Mew|Mew, shiny|93/100
|move|p1a: Corviknight|Roost|p1a: Corviknight
|-heal|p1a: Corviknight|100/100
|-singleturn|p1a: Corviknight|move: Roost
|
|-heal|p2a: Mew|99/100|[from] item: Leftovers
|upkeep
|turn|50
|
|t:|1660717096
|move|p2a: Mew|Transform|p1a: Corviknight
|-transform|p2a: Mew|p1a: Corviknight
|-ability|p2a: Mew|Pressure
|move|p1a: Corviknight|Brave Bird|p2a: Mew
|-resisted|p2a: Mew
|-damage|p2a: Mew|85/100
|-damage|p1a: Corviknight|96/100|[from] Recoil
|
|-heal|p2a: Mew|91/100|[from] item: Leftovers
|upkeep
|turn|51
|
|t:|1660717108
|move|p2a: Mew|Taunt|p1a: Corviknight
|-start|p1a: Corviknight|move: Taunt
|cant|p1a: Corviknight|move: Taunt|Taunt
|
|-heal|p2a: Mew|97/100|[from] item: Leftovers
|upkeep
|turn|52
|
|t:|1660717122
|switch|p1a: Zapdos|Zapdos|63/100 tox
|move|p2a: Mew|Bulk Up|p2a: Mew
|-boost|p2a: Mew|atk|0
|-boost|p2a: Mew|def|0
|
|-heal|p2a: Mew|100/100|[from] item: Leftovers
|-damage|p1a: Zapdos|57/100 tox|[from] psn
|upkeep
|turn|53
|
|t:|1660717134
|switch|p2a: Gastrodon|Gastrodon, F|82/100 tox
|move|p1a: Zapdos|Discharge|p2a: Gastrodon
|-immune|p2a: Gastrodon
|
|-heal|p2a: Gastrodon|88/100 tox|[from] item: Leftovers
|-damage|p1a: Zapdos|44/100 tox|[from] psn
|-damage|p2a: Gastrodon|82/100 tox|[from] psn
|upkeep
|turn|54
|
|t:|1660717156
|switch|p1a: Tangrowth|Tangrowth, M|100/100
|move|p2a: Gastrodon|Scald|p1a: Tangrowth
|-resisted|p1a: Tangrowth
|-damage|p1a: Tangrowth|81/100
|
|-heal|p2a: Gastrodon|88/100 tox|[from] item: Leftovers
|-damage|p2a: Gastrodon|76/100 tox|[from] psn
|upkeep
|turn|55
|
|t:|1660717172
|switch|p2a: Toxapex|Toxapex, F|100/100
|move|p1a: Tangrowth|Knock Off|p2a: Toxapex
|-damage|p2a: Toxapex|87/100
|-enditem|p2a: Toxapex|Shed Shell|[from] move: Knock Off|[of] p1a: Tangrowth
|
|upkeep
|turn|56
|
|t:|1660717179
|move|p1a: Tangrowth|Sleep Powder|p2a: Toxapex
|-status|p2a: Toxapex|slp|[from] move: Sleep Powder
|cant|p2a: Toxapex|slp
|
|upkeep
|turn|57
|
|t:|1660717189
|switch|p1a: Zapdos|Zapdos|44/100 tox
|cant|p2a: Toxapex|slp
|
|-damage|p1a: Zapdos|38/100 tox|[from] psn
|upkeep
|turn|58
|
|t:|1660717198
|switch|p2a: Dragonite|Dragonite, F|84/100
|move|p1a: Zapdos|Roost|p1a: Zapdos
|-heal|p1a: Zapdos|88/100 tox
|-singleturn|p1a: Zapdos|move: Roost
|
|-damage|p1a: Zapdos|75/100 tox|[from] psn
|upkeep
|turn|59
|
|t:|1660717209
|move|p1a: Zapdos|Toxic|p2a: Dragonite
|-status|p2a: Dragonite|tox
|move|p2a: Dragonite|Heal Bell|p2a: Dragonite
|-activate|p2a: Dragonite|move: Heal Bell
|-curestatus|p2a: Dragonite|tox|[msg]
|-curestatus|p2: Gastrodon|tox|[msg]
|-curestatus|p2: Toxapex|slp|[msg]
|
|-damage|p1a: Zapdos|57/100 tox|[from] psn
|upkeep
|turn|60
|l| 4funaccount
|
|t:|1660717225
|switch|p1a: Corviknight|Corviknight, M|96/100
|-ability|p1a: Corviknight|Pressure
|switch|p2a: Toxapex|Toxapex, F|100/100
|
|upkeep
|turn|61
|
|t:|1660717243
|switch|p1a: Tangrowth|Tangrowth, M|100/100
|switch|p2a: Corviknight|Corviknight, M|98/100
|-ability|p2a: Corviknight|Pressure
|
|-heal|p2a: Corviknight|100/100|[from] item: Leftovers
|upkeep
|turn|62
|
|t:|1660717255
|switch|p2a: Toxapex|Toxapex, F|100/100
|move|p1a: Tangrowth|Sleep Powder|p2a: Toxapex|[miss]
|-miss|p1a: Tangrowth|p2a: Toxapex
|
|upkeep
|turn|63
|
|t:|1660717261
|move|p1a: Tangrowth|Sleep Powder|p2a: Toxapex
|-status|p2a: Toxapex|slp|[from] move: Sleep Powder
|cant|p2a: Toxapex|slp
|
|upkeep
|turn|64
|inactive|hypervortexreturns has 120 seconds left.
|
|t:|1660717270
|switch|p1a: Zapdos|Zapdos|57/100 tox
|cant|p2a: Toxapex|slp
|
|-damage|p1a: Zapdos|50/100 tox|[from] psn
|upkeep
|turn|65
|
|t:|1660717279
|move|p1a: Zapdos|Roost|p1a: Zapdos
|-heal|p1a: Zapdos|100/100 tox
|-singleturn|p1a: Zapdos|move: Roost
|cant|p2a: Toxapex|slp
|
|-damage|p1a: Zapdos|88/100 tox|[from] psn
|upkeep
|turn|66
|
|t:|1660717289
|switch|p1a: Excadrill|Excadrill, M|100/100
|switch|p2a: Gastrodon|Gastrodon, F|76/100
|
|-heal|p2a: Gastrodon|82/100|[from] item: Leftovers
|upkeep
|turn|67
|
|t:|1660717299
|switch|p1a: Hydreigon|Hydreigon, F|99/100
|switch|p2a: Corviknight|Corviknight, M|100/100
|-ability|p2a: Corviknight|Pressure
|
|-heal|p1a: Hydreigon|100/100|[from] item: Leftovers
|upkeep
|turn|68
|
|t:|1660717314
|switch|p2a: Toxapex|Toxapex, F|100/100 slp
|move|p1a: Hydreigon|Nasty Plot|p1a: Hydreigon
|-boost|p1a: Hydreigon|spa|2
|
|upkeep
|turn|69
|
|t:|1660717320
|move|p1a: Hydreigon|Dark Pulse|p2a: Toxapex
|-damage|p2a: Toxapex|50/100 slp
|-curestatus|p2a: Toxapex|slp|[msg]
|move|p2a: Toxapex|Toxic|p1a: Hydreigon
|-status|p1a: Hydreigon|tox
|
|-damage|p1a: Hydreigon|94/100 tox|[from] psn
|upkeep
|turn|70
|
|t:|1660717339
|switch|p2a: Dragonite|Dragonite, F|84/100
|move|p1a: Hydreigon|Dark Pulse|p2a: Dragonite
|-damage|p2a: Dragonite|26/100
|
|-heal|p1a: Hydreigon|100/100 tox|[from] item: Leftovers
|-damage|p1a: Hydreigon|88/100 tox|[from] psn
|upkeep
|turn|71
|
|t:|1660717349
|switch|p2a: Clefable|Clefable, M|25/100
|move|p1a: Hydreigon|Dark Pulse|p2a: Clefable
|-resisted|p2a: Clefable
|-damage|p2a: Clefable|11/100
|
|-heal|p1a: Hydreigon|94/100 tox|[from] item: Leftovers
|-damage|p1a: Hydreigon|75/100 tox|[from] psn
|upkeep
|turn|72
|
|t:|1660717359
|move|p1a: Hydreigon|Dark Pulse|p2a: Clefable
|-resisted|p2a: Clefable
|-damage|p2a: Clefable|0 fnt
|faint|p2a: Clefable
|
|-heal|p1a: Hydreigon|82/100 tox|[from] item: Leftovers
|-damage|p1a: Hydreigon|57/100 tox|[from] psn
|upkeep
|
|t:|1660717361
|switch|p2a: Gastrodon|Gastrodon, F|82/100
|turn|73
|
|t:|1660717374
|move|p1a: Hydreigon|Dark Pulse|p2a: Gastrodon
|-damage|p2a: Gastrodon|36/100
|move|p2a: Gastrodon|Clear Smog|p1a: Hydreigon
|-damage|p1a: Hydreigon|46/100 tox
|-clearboost|p1a: Hydreigon
|
|-heal|p1a: Hydreigon|53/100 tox|[from] item: Leftovers
|-heal|p2a: Gastrodon|42/100|[from] item: Leftovers
|-damage|p1a: Hydreigon|21/100 tox|[from] psn
|upkeep
|turn|74
|
|t:|1660717389
|switch|p1a: Tangrowth|Tangrowth, M|100/100
|move|p2a: Gastrodon|Recover|p2a: Gastrodon
|-heal|p2a: Gastrodon|92/100
|
|-heal|p2a: Gastrodon|98/100|[from] item: Leftovers
|upkeep
|turn|75
|
|t:|1660717399
|switch|p2a: Toxapex|Toxapex, F|83/100
|move|p1a: Tangrowth|Sleep Powder|p2a: Toxapex
|-status|p2a: Toxapex|slp|[from] move: Sleep Powder
|
|upkeep
|turn|76
|
|t:|1660717410
|switch|p1a: Zapdos|Zapdos|88/100 tox
|cant|p2a: Toxapex|slp
|
|-damage|p1a: Zapdos|82/100 tox|[from] psn
|upkeep
|turn|77
|
|t:|1660717418
|move|p1a: Zapdos|Discharge|p2a: Toxapex
|-supereffective|p2a: Toxapex
|-damage|p2a: Toxapex|27/100 slp
|cant|p2a: Toxapex|slp
|
|-damage|p1a: Zapdos|69/100 tox|[from] psn
|upkeep
|turn|78
|
|t:|1660717429
|switch|p2a: Gastrodon|Gastrodon, F|98/100
|move|p1a: Zapdos|Discharge|p2a: Gastrodon
|-immune|p2a: Gastrodon
|
|-heal|p2a: Gastrodon|100/100|[from] item: Leftovers
|-damage|p1a: Zapdos|50/100 tox|[from] psn
|upkeep
|turn|79
|j| Villainkoji1
|
|t:|1660717448
|switch|p1a: Excadrill|Excadrill, M|100/100
|switch|p2a: Toxapex|Toxapex, F|61/100 slp
|
|upkeep
|turn|80
|j| Plasmeek
|
|t:|1660717457
|switch|p2a: Corviknight|Corviknight, M|100/100
|-ability|p2a: Corviknight|Pressure
|move|p1a: Excadrill|Stealth Rock|p2a: Corviknight
|-sidestart|p2: LT93OQCR|move: Stealth Rock
|
|upkeep
|turn|81
|
|t:|1660717469
|switch|p1a: Zapdos|Zapdos|50/100 tox
|move|p2a: Corviknight|Defog|p1a: Zapdos
|-unboost|p1a: Zapdos|evasion|1
|-sideend|p2: LT93OQCR|Stealth Rock|[from] move: Defog|[of] p2a: Corviknight
|
|-damage|p1a: Zapdos|44/100 tox|[from] psn
|upkeep
|turn|82
|
|t:|1660717478
|switch|p2a: Gastrodon|Gastrodon, F|100/100
|move|p1a: Zapdos|Roost|p1a: Zapdos
|-heal|p1a: Zapdos|94/100 tox
|-singleturn|p1a: Zapdos|move: Roost
|
|-damage|p1a: Zapdos|82/100 tox|[from] psn
|upkeep
|turn|83
|
|t:|1660717489
|switch|p2a: Toxapex|Toxapex, F|94/100 slp
|move|p1a: Zapdos|Toxic||[still]
|-fail|p1a: Zapdos
|
|-damage|p1a: Zapdos|63/100 tox|[from] psn
|upkeep
|turn|84
|
|t:|1660717509
|switch|p1a: Hydreigon|Hydreigon, F|21/100 tox
|-curestatus|p2a: Toxapex|slp|[msg]
|move|p2a: Toxapex|Toxic|p1a: Hydreigon
|-fail|p1a: Hydreigon|tox
|
|-heal|p1a: Hydreigon|28/100 tox|[from] item: Leftovers
|-damage|p1a: Hydreigon|21/100 tox|[from] psn
|upkeep
|turn|85
|
|t:|1660717520
|move|p1a: Hydreigon|Roost|p1a: Hydreigon
|-heal|p1a: Hydreigon|71/100 tox
|-singleturn|p1a: Hydreigon|move: Roost
|move|p2a: Toxapex|Toxic Spikes|p1a: Hydreigon
|-sidestart|p1: hypervortexreturns|move: Toxic Spikes
|
|-heal|p1a: Hydreigon|78/100 tox|[from] item: Leftovers
|-damage|p1a: Hydreigon|65/100 tox|[from] psn
|upkeep
|turn|86
|
|t:|1660717532
|switch|p2a: Corviknight|Corviknight, M|100/100
|-ability|p2a: Corviknight|Pressure
|move|p1a: Hydreigon|Nasty Plot|p1a: Hydreigon
|-boost|p1a: Hydreigon|spa|2
|
|-heal|p1a: Hydreigon|71/100 tox|[from] item: Leftovers
|-damage|p1a: Hydreigon|53/100 tox|[from] psn
|upkeep
|turn|87
|
|t:|1660717543
|switch|p2a: Gastrodon|Gastrodon, F|100/100
|move|p1a: Hydreigon|Dark Pulse|p2a: Gastrodon
|-damage|p2a: Gastrodon|60/100
|
|-heal|p1a: Hydreigon|59/100 tox|[from] item: Leftovers
|-heal|p2a: Gastrodon|66/100|[from] item: Leftovers
|-damage|p1a: Hydreigon|34/100 tox|[from] psn
|upkeep
|turn|88
|inactive|hypervortexreturns has 120 seconds left.
|
|t:|1660717565
|switch|p1a: Excadrill|Excadrill, M|100/100
|move|p2a: Gastrodon|Recover|p2a: Gastrodon
|-heal|p2a: Gastrodon|100/100
|
|upkeep
|turn|89
|j| LT93OQ Bee
|
|t:|1660717573
|move|p1a: Excadrill|Stealth Rock|p2a: Gastrodon
|-sidestart|p2: LT93OQCR|move: Stealth Rock
|move|p2a: Gastrodon|Earthquake|p1a: Excadrill
|-supereffective|p1a: Excadrill
|-damage|p1a: Excadrill|12/100
|
|-heal|p1a: Excadrill|19/100|[from] item: Leftovers
|upkeep
|turn|90
|
|t:|1660717586
|switch|p1a: Tangrowth|Tangrowth, M|100/100
|-status|p1a: Tangrowth|psn
|move|p2a: Gastrodon|Scald|p1a: Tangrowth
|-resisted|p1a: Tangrowth
|-damage|p1a: Tangrowth|83/100 psn
|
|-damage|p1a: Tangrowth|71/100 psn|[from] psn
|upkeep
|turn|91
|
|t:|1660717600
|switch|p2a: Toxapex|Toxapex, F|100/100
|-damage|p2a: Toxapex|88/100|[from] Stealth Rock
|move|p1a: Tangrowth|Sleep Powder|p2a: Toxapex
|-status|p2a: Toxapex|slp|[from] move: Sleep Powder
|
|-damage|p1a: Tangrowth|58/100 psn|[from] psn
|upkeep
|turn|92
|
|t:|1660717611
|switch|p1a: Hydreigon|Hydreigon, F|34/100 tox
|cant|p2a: Toxapex|slp
|
|-heal|p1a: Hydreigon|40/100 tox|[from] item: Leftovers
|-damage|p1a: Hydreigon|34/100 tox|[from] psn
|upkeep
|turn|93
|
|t:|1660717620
|move|p1a: Hydreigon|Roost|p1a: Hydreigon
|-heal|p1a: Hydreigon|84/100 tox
|-singleturn|p1a: Hydreigon|move: Roost
|-curestatus|p2a: Toxapex|slp|[msg]
|move|p2a: Toxapex|Knock Off|p1a: Hydreigon
|-resisted|p1a: Hydreigon
|-damage|p1a: Hydreigon|78/100 tox
|-enditem|p1a: Hydreigon|Leftovers|[from] move: Knock Off|[of] p2a: Toxapex
|
|-damage|p1a: Hydreigon|65/100 tox|[from] psn
|upkeep
|turn|94
|
|t:|1660717632
|switch|p2a: Gastrodon|Gastrodon, F|100/100
|-damage|p2a: Gastrodon|94/100|[from] Stealth Rock
|move|p1a: Hydreigon|Nasty Plot|p1a: Hydreigon
|-boost|p1a: Hydreigon|spa|2
|
|-heal|p2a: Gastrodon|100/100|[from] item: Leftovers
|-damage|p1a: Hydreigon|46/100 tox|[from] psn
|upkeep
|turn|95
|l| LT93OQ Bee
|
|t:|1660717643
|switch|p1a: Tangrowth|Tangrowth, M|91/100 psn
|move|p2a: Gastrodon|Clear Smog|p1a: Tangrowth
|-supereffective|p1a: Tangrowth
|-damage|p1a: Tangrowth|60/100 psn
|-clearboost|p1a: Tangrowth
|
|-damage|p1a: Tangrowth|47/100 psn|[from] psn
|upkeep
|turn|96
|
|t:|1660717654
|switch|p2a: Toxapex|Toxapex, F|100/100
|-damage|p2a: Toxapex|88/100|[from] Stealth Rock
|move|p1a: Tangrowth|Sleep Powder|p2a: Toxapex
|-status|p2a: Toxapex|slp|[from] move: Sleep Powder
|
|-damage|p1a: Tangrowth|35/100 psn|[from] psn
|upkeep
|turn|97
|
|t:|1660717668
|switch|p1a: Hydreigon|Hydreigon, F|46/100 tox
|cant|p2a: Toxapex|slp
|
|-damage|p1a: Hydreigon|40/100 tox|[from] psn
|upkeep
|turn|98
|
|t:|1660717676
|switch|p2a: Gastrodon|Gastrodon, F|100/100
|-damage|p2a: Gastrodon|94/100|[from] Stealth Rock
|move|p1a: Hydreigon|Roost|p1a: Hydreigon
|-heal|p1a: Hydreigon|90/100 tox
|-singleturn|p1a: Hydreigon|move: Roost
|
|-heal|p2a: Gastrodon|100/100|[from] item: Leftovers
|-damage|p1a: Hydreigon|78/100 tox|[from] psn
|upkeep
|turn|99
|inactive|hypervortexreturns has 120 seconds left.
|
|t:|1660717694
|switch|p1a: Corviknight|Corviknight, M|96/100
|-ability|p1a: Corviknight|Pressure
|move|p2a: Gastrodon|Clear Smog|p1a: Corviknight
|-immune|p1a: Corviknight
|
|upkeep
|turn|100
|inactive|hypervortexreturns has 120 seconds left.
|
|t:|1660717706
|switch|p1a: Tangrowth|Tangrowth, M|68/100 psn
|move|p2a: Gastrodon|Scald|p1a: Tangrowth
|-resisted|p1a: Tangrowth
|-damage|p1a: Tangrowth|49/100 psn
|
|-damage|p1a: Tangrowth|37/100 psn|[from] psn
|upkeep
|turn|101
|
|t:|1660717719
|switch|p1a: Hydreigon|Hydreigon, F|78/100 tox
|switch|p2a: Toxapex|Toxapex, F|100/100 slp
|-damage|p2a: Toxapex|88/100 slp|[from] Stealth Rock
|
|-damage|p1a: Hydreigon|71/100 tox|[from] psn
|upkeep
|turn|102
|
|t:|1660717729
|switch|p2a: Gastrodon|Gastrodon, F|100/100
|-damage|p2a: Gastrodon|94/100|[from] Stealth Rock
|move|p1a: Hydreigon|Nasty Plot|p1a: Hydreigon
|-boost|p1a: Hydreigon|spa|2
|
|-heal|p2a: Gastrodon|100/100|[from] item: Leftovers
|-damage|p1a: Hydreigon|59/100 tox|[from] psn
|upkeep
|turn|103
|
|t:|1660717739
|move|p1a: Hydreigon|Dark Pulse|p2a: Gastrodon
|-damage|p2a: Gastrodon|56/100
|move|p2a: Gastrodon|Clear Smog|p1a: Hydreigon
|-damage|p1a: Hydreigon|48/100 tox
|-clearboost|p1a: Hydreigon
|
|-heal|p2a: Gastrodon|62/100|[from] item: Leftovers
|-damage|p1a: Hydreigon|30/100 tox|[from] psn
|upkeep
|turn|104
|
|t:|1660717752
|move|p1a: Hydreigon|Roost|p1a: Hydreigon
|-heal|p1a: Hydreigon|80/100 tox
|-singleturn|p1a: Hydreigon|move: Roost
|move|p2a: Gastrodon|Recover|p2a: Gastrodon
|-heal|p2a: Gastrodon|100/100
|
|-damage|p1a: Hydreigon|55/100 tox|[from] psn
|upkeep
|turn|105
|j| dsfghg
|
|t:|1660717764
|switch|p1a: Tangrowth|Tangrowth, M|70/100 psn
|move|p2a: Gastrodon|Scald|p1a: Tangrowth
|-resisted|p1a: Tangrowth
|-damage|p1a: Tangrowth|51/100 psn
|
|-damage|p1a: Tangrowth|39/100 psn|[from] psn
|upkeep
|turn|106
|
|t:|1660717774
|switch|p2a: Toxapex|Toxapex, F|100/100 slp
|-damage|p2a: Toxapex|88/100 slp|[from] Stealth Rock
|move|p1a: Tangrowth|Knock Off|p2a: Toxapex
|-damage|p2a: Toxapex|78/100 slp
|
|-damage|p1a: Tangrowth|26/100 psn|[from] psn
|upkeep
|turn|107
|inactive|hypervortexreturns has 90 seconds left.
|
|t:|1660717789
|switch|p1a: Corviknight|Corviknight, M|96/100
|-ability|p1a: Corviknight|Pressure
|cant|p2a: Toxapex|slp
|
|upkeep
|turn|108
|
|t:|1660717797
|switch|p2a: Mew|Mew, shiny|100/100
|-damage|p2a: Mew|88/100|[from] Stealth Rock
|move|p1a: Corviknight|Bulk Up|p1a: Corviknight
|-boost|p1a: Corviknight|atk|1
|-boost|p1a: Corviknight|def|1
|
|-heal|p2a: Mew|94/100|[from] item: Leftovers
|upkeep
|turn|109
|
|t:|1660717808
|move|p2a: Mew|Transform|p1a: Corviknight
|-transform|p2a: Mew|p1a: Corviknight
|-ability|p2a: Mew|Pressure
|move|p1a: Corviknight|Taunt|p2a: Mew
|-start|p2a: Mew|move: Taunt
|
|-heal|p2a: Mew|100/100|[from] item: Leftovers
|upkeep
|turn|110
|
|t:|1660717822
|move|p2a: Mew|Brave Bird|p1a: Corviknight
|-resisted|p1a: Corviknight
|-damage|p1a: Corviknight|80/100
|-damage|p2a: Mew|95/100|[from] Recoil
|move|p1a: Corviknight|Bulk Up|p1a: Corviknight
|-boost|p1a: Corviknight|atk|1
|-boost|p1a: Corviknight|def|1
|
|-heal|p2a: Mew|100/100|[from] item: Leftovers
|upkeep
|turn|111
|j| psaddict123
|
|t:|1660717834
|move|p1a: Corviknight|Bulk Up|p1a: Corviknight
|-boost|p1a: Corviknight|atk|1
|-boost|p1a: Corviknight|def|1
|move|p2a: Mew|Brave Bird|p1a: Corviknight
|-resisted|p1a: Corviknight
|-damage|p1a: Corviknight|70/100
|-damage|p2a: Mew|97/100|[from] Recoil
|
|-heal|p2a: Mew|100/100|[from] item: Leftovers
|upkeep
|turn|112
|j| Kraymar
|inactive|hypervortexreturns has 60 seconds left.
|
|t:|1660717851
|move|p2a: Mew|Brave Bird|p1a: Corviknight
|-resisted|p1a: Corviknight
|-damage|p1a: Corviknight|61/100
|-damage|p2a: Mew|98/100|[from] Recoil
|move|p1a: Corviknight|Brave Bird|p2a: Mew
|-resisted|p2a: Mew
|-damage|p2a: Mew|74/100
|-damage|p1a: Corviknight|53/100|[from] Recoil
|
|-heal|p2a: Mew|80/100|[from] item: Leftovers
|-end|p2a: Mew|move: Taunt
|upkeep
|turn|113
|inactive|hypervortexreturns has 60 seconds left.
|
|t:|1660717864
|move|p2a: Mew|Taunt|p1a: Corviknight
|-start|p1a: Corviknight|move: Taunt
|cant|p1a: Corviknight|move: Taunt|Taunt
|
|-heal|p2a: Mew|87/100|[from] item: Leftovers
|upkeep
|turn|114
|j| franqui7
|
|t:|1660717878
|switch|p1a: Zapdos|Zapdos|63/100 tox
|switch|p2a: Corviknight|Corviknight, M|100/100
|-damage|p2a: Corviknight|88/100|[from] Stealth Rock
|-ability|p2a: Corviknight|Pressure
|
|-heal|p2a: Corviknight|94/100|[from] item: Leftovers
|-damage|p1a: Zapdos|57/100 tox|[from] psn
|upkeep
|turn|115
|l| psaddict123
|l| arnavgupta
|
|t:|1660717898
|switch|p2a: Gastrodon|Gastrodon, F|100/100
|-damage|p2a: Gastrodon|94/100|[from] Stealth Rock
|move|p1a: Zapdos|Discharge|p2a: Gastrodon
|-immune|p2a: Gastrodon
|
|-heal|p2a: Gastrodon|100/100|[from] item: Leftovers
|-damage|p1a: Zapdos|44/100 tox|[from] psn
|upkeep
|turn|116
|j| LT93OQ Bee
|inactive|hypervortexreturns has 30 seconds left.
|l| dsfghg
|
|t:|1660717914
|move|p1a: Zapdos|Toxic|p2a: Gastrodon
|-status|p2a: Gastrodon|tox
|move|p2a: Gastrodon|Scald|p1a: Zapdos
|-damage|p1a: Zapdos|21/100 tox
|
|-damage|p1a: Zapdos|2/100 tox|[from] psn
|-damage|p2a: Gastrodon|94/100 tox|[from] psn
|upkeep
|turn|117
|inactive|hypervortexreturns has 30 seconds left this turn.
|inactive|hypervortexreturns has 20 seconds left.
|
|t:|1660717927
|move|p1a: Zapdos|Hurricane|p2a: Gastrodon
|-damage|p2a: Gastrodon|62/100 tox
|move|p2a: Gastrodon|Scald|p1a: Zapdos
|-damage|p1a: Zapdos|0 fnt
|faint|p1a: Zapdos
|
|-heal|p2a: Gastrodon|69/100 tox|[from] item: Leftovers
|-damage|p2a: Gastrodon|56/100 tox|[from] psn
|upkeep
|inactive|hypervortexreturns has 25 seconds left this turn.
|inactive|hypervortexreturns has 20 seconds left.
|inactive|hypervortexreturns has 15 seconds left.
|
|t:|1660717939
|switch|p1a: Hydreigon|Hydreigon, F|55/100 tox
|turn|118
|inactive|hypervortexreturns has 20 seconds left this turn.
|inactive|hypervortexreturns has 15 seconds left.
|j| XuanR
|inactive|hypervortexreturns has 10 seconds left.
|
|t:|1660717949
|move|p1a: Hydreigon|Roost|p1a: Hydreigon
|-heal|p1a: Hydreigon|100/100 tox
|-singleturn|p1a: Hydreigon|move: Roost
|move|p2a: Gastrodon|Recover|p2a: Gastrodon
|-heal|p2a: Gastrodon|100/100 tox
|
|-damage|p1a: Hydreigon|94/100 tox|[from] psn
|-damage|p2a: Gastrodon|82/100 tox|[from] psn
|upkeep
|turn|119
|inactive|hypervortexreturns has 15 seconds left this turn.
|inactive|hypervortexreturns has 10 seconds left.
|inactive|hypervortexreturns has 5 seconds left.
|
|t:|1660717963
|switch|p1a: Tangrowth|Tangrowth, M|59/100 psn
|switch|p2a: Toxapex|Toxapex, F|100/100 slp
|-damage|p2a: Toxapex|88/100 slp|[from] Stealth Rock
|
|-damage|p1a: Tangrowth|47/100 psn|[from] psn
|upkeep
|turn|120
|inactive|hypervortexreturns has 10 seconds left this turn.
|inactive|hypervortexreturns has 5 seconds left.
|j| magina 666
|
|t:|1660717973
|switch|p1a: Hydreigon|Hydreigon, F|94/100 tox
|switch|p2a: Dragonite|Dragonite, F|26/100
|
|-damage|p1a: Hydreigon|88/100 tox|[from] psn
|upkeep
|turn|121
|inactive|hypervortexreturns has 10 seconds left this turn.
|inactive|hypervortexreturns has 5 seconds left.
|
|t:|1660717982
|move|p1a: Hydreigon|Dark Pulse|p2a: Dragonite
|-damage|p2a: Dragonite|0 fnt
|faint|p2a: Dragonite
|
|-damage|p1a: Hydreigon|75/100 tox|[from] psn
|upkeep
|inactive|hypervortexreturns has 10 seconds left this turn.
|
|t:|1660717997
|switch|p2a: Gastrodon|Gastrodon, F|82/100 tox
|-damage|p2a: Gastrodon|76/100 tox|[from] Stealth Rock
|turn|122
|inactive|hypervortexreturns has 15 seconds left this turn.
|inactive|hypervortexreturns has 10 seconds left.
|
|t:|1660718003
|switch|p1a: Excadrill|Excadrill, M|19/100
|move|p2a: Gastrodon|Recover|p2a: Gastrodon
|-heal|p2a: Gastrodon|100/100 tox
|
|-heal|p1a: Excadrill|25/100|[from] item: Leftovers
|-damage|p2a: Gastrodon|94/100 tox|[from] psn
|upkeep
|turn|123
|inactive|hypervortexreturns has 15 seconds left this turn.
|inactive|hypervortexreturns has 10 seconds left.
|
|t:|1660718012
|switch|p2a: Corviknight|Corviknight, M|94/100
|-damage|p2a: Corviknight|82/100|[from] Stealth Rock
|-ability|p2a: Corviknight|Pressure
|move|p1a: Excadrill|Earthquake|p2a: Corviknight
|-immune|p2a: Corviknight
|
|-heal|p1a: Excadrill|31/100|[from] item: Leftovers
|-heal|p2a: Corviknight|88/100|[from] item: Leftovers
|upkeep
|turn|124
|inactive|hypervortexreturns has 15 seconds left this turn.
|inactive|hypervortexreturns has 10 seconds left.
|inactive|hypervortexreturns has 5 seconds left.
|
|t:|1660718024
|switch|p1a: Corviknight|Corviknight, M|53/100
|-ability|p1a: Corviknight|Pressure
|move|p2a: Corviknight|Defog|p1a: Corviknight
|-unboost|p1a: Corviknight|evasion|1
|-sideend|p1: hypervortexreturns|Toxic Spikes|[from] move: Defog|[of] p2a: Corviknight
|-sideend|p2: LT93OQCR|Stealth Rock|[from] move: Defog|[of] p2a: Corviknight
|
|-heal|p2a: Corviknight|94/100|[from] item: Leftovers
|upkeep
|turn|125
|inactive|hypervortexreturns has 10 seconds left this turn.
|inactive|hypervortexreturns has 5 seconds left.
|-message|hypervortexreturns lost due to inactivity.
|
|win|LT93OQCR
|raw|hypervortexreturns's rating: 1831 &rarr; <strong>1813</strong><br />(-18 for losing)
|raw|LT93OQCR's rating: 1867 &rarr; <strong>1885</strong><br />(+18 for winning)
|l| Kraymar
|l| Plasmeek
|l|☆LT93OQCR
|l|‽hypervortexreturns
|l| LT93OQ Bee
|l| franqui7
