|j|☆testotesto321
|j|☆Newdad
|player|p1|testotesto321|bellelba|1663
|player|p2|Newdad|palmer|1623
|teamsize|p1|6
|teamsize|p2|6
|gametype|singles
|gen|8
|tier|[Gen 8] OU
|rated|
|clearpoke
|poke|p1|Weavile, F|
|poke|p1|Zeraora|
|poke|p1|Kommo-o, M|
|poke|p1|Clefable, F|
|poke|p1|Corviknight, F|
|poke|p1|Toxapex, F|
|poke|p2|Excadrill, M|
|poke|p2|Dragapult, M|
|poke|p2|Primarina, F|
|poke|p2|Bisharp, F|
|poke|p2|Hydreigon, M|
|poke|p2|Conkeldurr, M|
|rule|Sleep Clause Mod: Limit one foe put to sleep
|rule|Species Clause: Limit one of each Pokémon
|rule|OHKO Clause: OHKO moves are banned
|rule|Evasion Moves Clause: Evasion moves are banned
|rule|Endless Battle Clause: Forcing endless battles is banned
|rule|HP Percentage Mod: HP is shown in percentages
|rule|Dynamax Clause: You cannot dynamax
|teampreview
|inactive|Battle timer is ON: inactive players will automatically lose when time's up. (requested by Newdad)
|
|start
|switch|p1a: Corviknight|Corviknight, F, shiny|100/100
|switch|p2a: Hydreigon|Hydreigon, M, shiny|100/100
|-ability|p1a: Corviknight|Pressure
|turn|1
|
|move|p2a: Hydreigon|Flamethrower|p1a: Corviknight
|-supereffective|p1a: Corviknight
|-damage|p1a: Corviknight|44/100
|-damage|p2a: Hydreigon|91/100|[from] item: Life Orb
|move|p1a: Corviknight|U-turn|p2a: Hydreigon
|-supereffective|p2a: Hydreigon
|-damage|p2a: Hydreigon|60/100
|
|switch|p1a: Weavile|Weavile, F, shiny|100/100|[from]move: U-turn
|-ability|p1a: Weavile|Pressure
|
|upkeep
|turn|2
|
|switch|p2a: Primarina|Primarina, F, shiny|100/100
|move|p1a: Weavile|Icicle Crash|p2a: Primarina
|-resisted|p2a: Primarina
|-damage|p2a: Primarina|51/100
|
|-heal|p2a: Primarina|57/100|[from] item: Leftovers
|upkeep
|turn|3
|
|switch|p2a: Excadrill|Excadrill, M|100/100
|-ability|p2a: Excadrill|Mold Breaker
|move|p1a: Weavile|Icicle Crash|p2a: Excadrill
|-damage|p2a: Excadrill|4/100
|
|upkeep
|turn|4
|
|move|p1a: Weavile|Icicle Crash|p2a: Excadrill
|-damage|p2a: Excadrill|0 fnt
|faint|p2a: Excadrill
|
|upkeep
|
|switch|p2a: Conkeldurr|Conkeldurr, M, shiny|100/100
|turn|5
|
|switch|p1a: Toxapex|Toxapex, F, shiny|100/100
|move|p2a: Conkeldurr|Knock Off|p1a: Toxapex
|-damage|p1a: Toxapex|79/100
|-enditem|p1a: Toxapex|Black Sludge|[from] move: Knock Off|[of] p2a: Conkeldurr
|
|-status|p2a: Conkeldurr|brn|[from] item: Flame Orb
|upkeep
|turn|6
|
|switch|p2a: Hydreigon|Hydreigon, M, shiny|60/100
|move|p1a: Toxapex|Toxic|p2a: Hydreigon
|-status|p2a: Hydreigon|tox
|
|-damage|p2a: Hydreigon|54/100 tox|[from] psn
|upkeep
|turn|7
|
|switch|p1a: Corviknight|Corviknight, F, shiny|44/100
|-ability|p1a: Corviknight|Pressure
|move|p2a: Hydreigon|Nasty Plot|p2a: Hydreigon
|-boost|p2a: Hydreigon|spa|2
|
|-heal|p1a: Corviknight|50/100|[from] item: Leftovers
|-damage|p2a: Hydreigon|41/100 tox|[from] psn
|upkeep
|turn|8
|
|switch|p1a: Toxapex|Toxapex, F, shiny|100/100
|move|p2a: Hydreigon|Flamethrower|p1a: Toxapex
|-resisted|p1a: Toxapex
|-damage|p1a: Toxapex|66/100
|-damage|p2a: Hydreigon|32/100 tox|[from] item: Life Orb
|
|-damage|p2a: Hydreigon|13/100 tox|[from] psn
|upkeep
|turn|9
|
|move|p2a: Hydreigon|Flamethrower|p1a: Toxapex
|-resisted|p1a: Toxapex
|-crit|p1a: Toxapex
|-damage|p1a: Toxapex|13/100
|-damage|p2a: Hydreigon|3/100 tox|[from] item: Life Orb
|move|p1a: Toxapex|Recover|p1a: Toxapex
|-heal|p1a: Toxapex|63/100
|
|-damage|p2a: Hydreigon|0 fnt|[from] psn
|faint|p2a: Hydreigon
|upkeep
|
|switch|p2a: Bisharp|Bisharp, F|100/100
|turn|10
|j| Poseidon3k
|
|switch|p2a: Primarina|Primarina, F, shiny|57/100
|switch|p1a: Kommo-o|Kommo-o, M|100/100
|
|-heal|p2a: Primarina|63/100|[from] item: Leftovers
|upkeep
|turn|11
|
|switch|p1a: Clefable|Clefable, F, shiny|100/100
|move|p2a: Primarina|Calm Mind|p2a: Primarina
|-boost|p2a: Primarina|spa|1
|-boost|p2a: Primarina|spd|1
|
|-heal|p2a: Primarina|69/100|[from] item: Leftovers
|upkeep
|turn|12
|
|move|p1a: Clefable|Thunderbolt|p2a: Primarina
|-supereffective|p2a: Primarina
|-damage|p2a: Primarina|22/100
|move|p2a: Primarina|Calm Mind|p2a: Primarina
|-boost|p2a: Primarina|spa|1
|-boost|p2a: Primarina|spd|1
|
|-heal|p2a: Primarina|28/100|[from] item: Leftovers
|upkeep
|turn|13
|
|move|p1a: Clefable|Thunderbolt|p2a: Primarina
|-supereffective|p2a: Primarina
|-damage|p2a: Primarina|0 fnt
|faint|p2a: Primarina
|
|upkeep
|
|switch|p2a: Bisharp|Bisharp, F|100/100
|turn|14
|
|switch|p1a: Kommo-o|Kommo-o, M|100/100
|move|p2a: Bisharp|Iron Head|p1a: Kommo-o
|-damage|p1a: Kommo-o|71/100
|
|-heal|p1a: Kommo-o|78/100|[from] item: Leftovers
|upkeep
|turn|15
|
|switch|p2a: Conkeldurr|Conkeldurr, M, shiny|100/100 brn
|move|p1a: Kommo-o|Body Press|p2a: Conkeldurr
|-damage|p2a: Conkeldurr|52/100 brn
|
|-heal|p1a: Kommo-o|84/100|[from] item: Leftovers
|-damage|p2a: Conkeldurr|46/100 brn|[from] brn
|upkeep
|turn|16
|
|move|p1a: Kommo-o|Body Press|p2a: Conkeldurr
|-damage|p2a: Conkeldurr|2/100 brn
|move|p2a: Conkeldurr|Facade|p1a: Kommo-o
|-damage|p1a: Kommo-o|36/100
|
|-heal|p1a: Kommo-o|42/100|[from] item: Leftovers
|-damage|p2a: Conkeldurr|0 fnt|[from] brn
|faint|p2a: Conkeldurr
|upkeep
|
|switch|p2a: Dragapult|Dragapult, M, shiny|100/100
|turn|17
|
|switch|p1a: Clefable|Clefable, F, shiny|100/100
|move|p2a: Dragapult|U-turn|p1a: Clefable
|-resisted|p1a: Clefable
|-damage|p1a: Clefable|91/100
|
|switch|p2a: Bisharp|Bisharp, F|100/100|[from]move: U-turn
|
|upkeep
|turn|18
|
|switch|p1a: Kommo-o|Kommo-o, M|42/100
|move|p2a: Bisharp|Iron Head|p1a: Kommo-o
|-damage|p1a: Kommo-o|16/100
|
|-heal|p1a: Kommo-o|22/100|[from] item: Leftovers
|upkeep
|turn|19
|
|move|p2a: Bisharp|Iron Head|p1a: Kommo-o
|-damage|p1a: Kommo-o|0 fnt
|faint|p1a: Kommo-o
|
|upkeep
|
|switch|p1a: Weavile|Weavile, F, shiny|100/100
|-ability|p1a: Weavile|Pressure
|turn|20
|
|switch|p2a: Dragapult|Dragapult, M, shiny|100/100
|move|p1a: Weavile|Brick Break|p2a: Dragapult
|-immune|p2a: Dragapult
|
|upkeep
|turn|21
|
|move|p2a: Dragapult|U-turn|p1a: Weavile
|-supereffective|p1a: Weavile
|-crit|p1a: Weavile
|-damage|p1a: Weavile|14/100
|
|switch|p2a: Bisharp|Bisharp, F|100/100|[from]move: U-turn
|move|p1a: Weavile|Brick Break|p2a: Bisharp
|-supereffective|p2a: Bisharp
|-damage|p2a: Bisharp|0 fnt
|faint|p2a: Bisharp
|
|upkeep
|
|switch|p2a: Dragapult|Dragapult, M, shiny|100/100
|turn|22
|-message|Newdad forfeited.
|
|win|testotesto321
|l|☆Newdad
|l| Poseidon3k
||Ladder (probably) updated, but score could not be retrieved (Response not received).
