|j|☆minimax_ai
|j|☆user1_ou
|t:|1663515837
|gametype|singles
|player|p1|minimax_ai|lusamine-nihilego|1575
|player|p2|user1_ou|eusine|1656
|teamsize|p1|6
|teamsize|p2|6
|gen|8
|tier|[Gen 8] OU
|rated|
|rule|Sleep Clause Mod: Limit one foe put to sleep
|rule|Species Clause: Limit one of each Pokémon
|rule|OHKO Clause: OHKO moves are banned
|rule|Evasion Items Clause: Evasion items are banned
|rule|Evasion Moves Clause: Evasion moves are banned
|rule|Endless Battle Clause: Forcing endless battles is banned
|rule|HP Percentage Mod: HP is shown in percentages
|rule|Dynamax Clause: You cannot dynamax
|clearpoke
|poke|p1|Rotom-Wash|
|poke|p1|Weavile, F|
|poke|p1|Landorus-Therian, M|
|poke|p1|Heatran, M|
|poke|p1|Tangrowth, M|
|poke|p1|Melmetal|
|poke|p2|Clefable, F|
|poke|p2|Heatran, M|
|poke|p2|Rillaboom, M|
|poke|p2|Tornadus-Therian, M|
|poke|p2|Melmetal|
|poke|p2|Gastrodon-East, M|
|teampreview
|c|☆minimax_ai|hf
|inactive|Battle timer is ON: inactive players will automatically lose when time's up. (requested by minimax_ai)
|inactive|user1_ou has 120 seconds left.
|
|t:|1663515879
|start
|switch|p1a: landorustherian|Landorus-Therian, M|100/100
|switch|p2a: Heatran|Heatran, M|100/100
|-ability|p1a: landorustherian|Intimidate|boost
|-unboost|p2a: Heatran|atk|1
|turn|1
|
|t:|1663515882
|switch|p2a: Tornadus|Tornadus-Therian, M|100/100
|move|p1a: landorustherian|Earthquake|p2a: Tornadus
|-immune|p2a: Tornadus
|
|upkeep
|turn|2
|
|t:|1663515886
|move|p2a: Tornadus|Knock Off|p1a: landorustherian
|-damage|p1a: landorustherian|82/100
|-enditem|p1a: landorustherian|Leftovers|[from] move: Knock Off|[of] p2a: Tornadus
|move|p1a: landorustherian|Toxic|p2a: Tornadus
|-status|p2a: Tornadus|tox
|
|-damage|p2a: Tornadus|94/100 tox|[from] psn
|upkeep
|turn|3
|
|t:|1663515907
|switch|p1a: Melmetal|Melmetal|100/100
|move|p2a: Tornadus|Hurricane|p1a: Melmetal
|-resisted|p1a: Melmetal
|-damage|p1a: Melmetal|90/100
|
|-damage|p2a: Tornadus|82/100 tox|[from] psn
|upkeep
|turn|4
|
|t:|1663515909
|move|p2a: Tornadus|U-turn|p1a: Melmetal
|-resisted|p1a: Melmetal
|-damage|p1a: Melmetal|86/100
|
|t:|1663515912
|switch|p2a: Gastrodon|Gastrodon-East, M|100/100|[from]move: U-turn
|move|p1a: Melmetal|Double Iron Bash|p2a: Gastrodon
|-resisted|p2a: Gastrodon
|-damage|p2a: Gastrodon|78/100
|-resisted|p2a: Gastrodon
|-damage|p2a: Gastrodon|57/100
|-hitcount|p2a: Gastrodon|2
|
|upkeep
|turn|5
|
|t:|1663515915
|move|p2a: Gastrodon|Recover|p2a: Gastrodon
|-heal|p2a: Gastrodon|100/100
|move|p1a: Melmetal|Double Iron Bash|p2a: Gastrodon
|-resisted|p2a: Gastrodon
|-damage|p2a: Gastrodon|79/100
|-resisted|p2a: Gastrodon
|-damage|p2a: Gastrodon|58/100
|-hitcount|p2a: Gastrodon|2
|
|upkeep
|turn|6
|
|t:|1663515917
|move|p2a: Gastrodon|Recover|p2a: Gastrodon
|-heal|p2a: Gastrodon|100/100
|move|p1a: Melmetal|Double Iron Bash|p2a: Gastrodon
|-resisted|p2a: Gastrodon
|-damage|p2a: Gastrodon|79/100
|-resisted|p2a: Gastrodon
|-damage|p2a: Gastrodon|55/100
|-hitcount|p2a: Gastrodon|2
|
|upkeep
|turn|7
|
|t:|1663515919
|move|p2a: Gastrodon|Recover|p2a: Gastrodon
|-heal|p2a: Gastrodon|100/100
|move|p1a: Melmetal|Double Iron Bash|p2a: Gastrodon
|-resisted|p2a: Gastrodon
|-damage|p2a: Gastrodon|78/100
|-resisted|p2a: Gastrodon
|-damage|p2a: Gastrodon|57/100
|-hitcount|p2a: Gastrodon|2
|
|upkeep
|turn|8
|
|t:|1663515921
|move|p2a: Gastrodon|Recover|p2a: Gastrodon
|-heal|p2a: Gastrodon|100/100
|move|p1a: Melmetal|Double Iron Bash|p2a: Gastrodon
|-resisted|p2a: Gastrodon
|-damage|p2a: Gastrodon|80/100
|-resisted|p2a: Gastrodon
|-damage|p2a: Gastrodon|60/100
|-hitcount|p2a: Gastrodon|2
|
|upkeep
|turn|9
|
|t:|1663515923
|move|p2a: Gastrodon|Recover|p2a: Gastrodon
|-heal|p2a: Gastrodon|100/100
|move|p1a: Melmetal|Double Iron Bash|p2a: Gastrodon
|-resisted|p2a: Gastrodon
|-damage|p2a: Gastrodon|77/100
|-resisted|p2a: Gastrodon
|-crit|p2a: Gastrodon
|-damage|p2a: Gastrodon|45/100
|-hitcount|p2a: Gastrodon|2
|
|upkeep
|turn|10
|
|t:|1663515925
|move|p2a: Gastrodon|Recover|p2a: Gastrodon
|-heal|p2a: Gastrodon|95/100
|move|p1a: Melmetal|Double Iron Bash|p2a: Gastrodon
|-resisted|p2a: Gastrodon
|-damage|p2a: Gastrodon|72/100
|-resisted|p2a: Gastrodon
|-damage|p2a: Gastrodon|49/100
|-hitcount|p2a: Gastrodon|2
|
|upkeep
|turn|11
|
|t:|1663515927
|move|p2a: Gastrodon|Recover|p2a: Gastrodon
|-heal|p2a: Gastrodon|99/100
|move|p1a: Melmetal|Double Iron Bash|p2a: Gastrodon
|-resisted|p2a: Gastrodon
|-damage|p2a: Gastrodon|75/100
|-resisted|p2a: Gastrodon
|-damage|p2a: Gastrodon|54/100
|-hitcount|p2a: Gastrodon|2
|
|upkeep
|turn|12
|
|t:|1663515929
|move|p2a: Gastrodon|Recover|p2a: Gastrodon
|-heal|p2a: Gastrodon|100/100
|move|p1a: Melmetal|Ice Punch|p2a: Gastrodon
|-damage|p2a: Gastrodon|61/100
|
|upkeep
|turn|13
|
|t:|1663515932
|move|p2a: Gastrodon|Earth Power|p1a: Melmetal
|-supereffective|p1a: Melmetal
|-damage|p1a: Melmetal|54/100
|move|p1a: Melmetal|Ice Punch|p2a: Gastrodon
|-damage|p2a: Gastrodon|27/100
|
|upkeep
|turn|14
|
|t:|1663515934
|move|p2a: Gastrodon|Recover|p2a: Gastrodon
|-heal|p2a: Gastrodon|77/100
|move|p1a: Melmetal|Earthquake|p2a: Gastrodon
|-damage|p2a: Gastrodon|36/100
|
|upkeep
|turn|15
|
|t:|1663515940
|switch|p2a: Clefable|Clefable, F|100/100
|move|p1a: Melmetal|Earthquake|p2a: Clefable
|-damage|p2a: Clefable|70/100
|
|upkeep
|turn|16
|
|t:|1663515943
|move|p2a: Clefable|Stealth Rock|p1a: Melmetal
|-sidestart|p1: minimax_ai|move: Stealth Rock
|move|p1a: Melmetal|Ice Punch|p2a: Clefable
|-damage|p2a: Clefable|41/100
|-status|p2a: Clefable|frz
|
|upkeep
|turn|17
|j| Qbug
|
|t:|1663515946
|cant|p2a: Clefable|frz
|move|p1a: Melmetal|Ice Punch|p2a: Clefable
|-damage|p2a: Clefable|17/100 frz
|
|upkeep
|turn|18
|
|t:|1663515957
|switch|p2a: Tornadus|Tornadus-Therian, M|100/100 tox
|move|p1a: Melmetal|Ice Punch|p2a: Tornadus
|-supereffective|p2a: Tornadus
|-damage|p2a: Tornadus|32/100 tox
|
|-damage|p2a: Tornadus|26/100 tox|[from] psn
|upkeep
|turn|19
|
|t:|1663515959
|move|p2a: Tornadus|U-turn|p1a: Melmetal
|-resisted|p1a: Melmetal
|-damage|p1a: Melmetal|50/100
|
|t:|1663515961
|switch|p2a: Heatran|Heatran, M|100/100|[from]move: U-turn
|move|p1a: Melmetal|Ice Punch|p2a: Heatran
|-resisted|p2a: Heatran
|-damage|p2a: Heatran|94/100
|
|-heal|p2a: Heatran|99/100|[from] item: Leftovers
|upkeep
|turn|20
|
|t:|1663515964
|switch|p1a: Heatran|Heatran, M|100/100
|-damage|p1a: Heatran|88/100|[from] Stealth Rock
|-item|p1a: Heatran|Air Balloon
|move|p2a: Heatran|Magma Storm|p1a: Heatran
|-start|p1a: Heatran|ability: Flash Fire
|
|-heal|p2a: Heatran|100/100|[from] item: Leftovers
|upkeep
|turn|21
|
|t:|1663515970
|switch|p2a: Clefable|Clefable, F|17/100 frz
|move|p1a: Heatran|Stealth Rock|p2a: Clefable
|-sidestart|p2: user1_ou|move: Stealth Rock
|
|upkeep
|turn|22
|
|t:|1663515973
|move|p1a: Heatran|Eruption|p2a: Clefable
|-damage|p2a: Clefable|0 fnt
|faint|p2a: Clefable
|
|upkeep
|
|t:|1663515975
|switch|p2a: Tornadus|Tornadus-Therian, M|59/100 tox
|turn|23
|
|t:|1663515977
|move|p2a: Tornadus|Knock Off|p1a: Heatran
|-damage|p1a: Heatran|67/100
|-enditem|p1a: Heatran|Air Balloon
|move|p1a: Heatran|Magma Storm|p2a: Tornadus|[miss]
|-miss|p1a: Heatran|p2a: Tornadus
|
|-damage|p2a: Tornadus|53/100 tox|[from] psn
|upkeep
|turn|24
|
|t:|1663515980
|move|p2a: Tornadus|Defog|p1a: Heatran
|-unboost|p1a: Heatran|evasion|1
|-sideend|p1: minimax_ai|Stealth Rock|[from] move: Defog|[of] p2a: Tornadus
|-sideend|p2: user1_ou|Stealth Rock|[from] move: Defog|[of] p2a: Tornadus
|move|p1a: Heatran|Earth Power|p2a: Tornadus
|-immune|p2a: Tornadus
|
|-damage|p2a: Tornadus|41/100 tox|[from] psn
|upkeep
|turn|25
|
|t:|1663515985
|move|p2a: Tornadus|Hurricane|p1a: Heatran
|-resisted|p1a: Heatran
|-damage|p1a: Heatran|46/100
|move|p1a: Heatran|Earth Power|p2a: Tornadus
|-immune|p2a: Tornadus
|
|-damage|p2a: Tornadus|22/100 tox|[from] psn
|upkeep
|turn|26
|
|t:|1663515988
|move|p2a: Tornadus|Hurricane|p1a: Heatran|[miss]
|-miss|p2a: Tornadus|p1a: Heatran
|move|p1a: Heatran|Earth Power|p2a: Tornadus
|-immune|p2a: Tornadus
|
|-damage|p2a: Tornadus|0 fnt|[from] psn
|faint|p2a: Tornadus
|upkeep
|
|t:|1663515994
|switch|p2a: Gastrodon|Gastrodon-East, M|36/100
|turn|27
|
|t:|1663515995
|-end|p1a: Heatran|ability: Flash Fire|[silent]
|switch|p1a: Tangrowth|Tangrowth, M|100/100
|move|p2a: Gastrodon|Recover|p2a: Gastrodon
|-heal|p2a: Gastrodon|86/100
|
|upkeep
|turn|28
|
|t:|1663515998
|switch|p2a: Heatran|Heatran, M|100/100
|move|p1a: Tangrowth|Sleep Powder|p2a: Heatran|[miss]
|-miss|p1a: Tangrowth|p2a: Heatran
|
|upkeep
|turn|29
|
|t:|1663516003
|switch|p1a: rotomwash|Rotom-Wash|100/100
|move|p2a: Heatran|Magma Storm|p1a: rotomwash
|-resisted|p1a: rotomwash
|-damage|p1a: rotomwash|78/100
|-activate|p1a: rotomwash|move: Magma Storm|[of] p2a: Heatran
|
|-heal|p1a: rotomwash|84/100|[from] item: Leftovers
|-damage|p1a: rotomwash|72/100|[from] move: Magma Storm|[partiallytrapped]
|upkeep
|turn|30
|
|t:|1663516005
|switch|p2a: Gastrodon|Gastrodon-East, M|86/100
|move|p1a: rotomwash|Pain Split|p2a: Gastrodon
|-sethp|p2a: Gastrodon|69/100|[from] move: Pain Split|[silent]
|-sethp|p1a: rotomwash|96/100|[from] move: Pain Split
|
|-heal|p1a: rotomwash|100/100|[from] item: Leftovers
|-end|p1a: rotomwash|Magma Storm|[partiallytrapped]|[silent]
|upkeep
|turn|31
|
|t:|1663516006
|move|p1a: rotomwash|Nasty Plot|p1a: rotomwash
|-boost|p1a: rotomwash|spa|2
|move|p2a: Gastrodon|Toxic|p1a: rotomwash
|-status|p1a: rotomwash|tox
|
|-damage|p1a: rotomwash|94/100 tox|[from] psn
|upkeep
|turn|32
|
|t:|1663516009
|move|p1a: rotomwash|Thunderbolt|p2a: Gastrodon
|-immune|p2a: Gastrodon
|move|p2a: Gastrodon|Recover|p2a: Gastrodon
|-heal|p2a: Gastrodon|100/100
|
|-heal|p1a: rotomwash|100/100 tox|[from] item: Leftovers
|-damage|p1a: rotomwash|88/100 tox|[from] psn
|upkeep
|turn|33
|
|t:|1663516012
|move|p1a: rotomwash|Thunderbolt|p2a: Gastrodon
|-immune|p2a: Gastrodon
|move|p2a: Gastrodon|Scald|p1a: rotomwash
|-resisted|p1a: rotomwash
|-damage|p1a: rotomwash|73/100 tox
|
|-heal|p1a: rotomwash|79/100 tox|[from] item: Leftovers
|-damage|p1a: rotomwash|61/100 tox|[from] psn
|upkeep
|turn|34
|
|t:|1663516013
|move|p1a: rotomwash|Thunderbolt|p2a: Gastrodon
|-immune|p2a: Gastrodon
|move|p2a: Gastrodon|Scald|p1a: rotomwash
|-resisted|p1a: rotomwash
|-damage|p1a: rotomwash|46/100 tox
|
|-heal|p1a: rotomwash|52/100 tox|[from] item: Leftovers
|-damage|p1a: rotomwash|27/100 tox|[from] psn
|upkeep
|turn|35
|
|t:|1663516015
|move|p1a: rotomwash|Pain Split|p2a: Gastrodon
|-sethp|p2a: Gastrodon|60/100|[from] move: Pain Split|[silent]
|-sethp|p1a: rotomwash|84/100 tox|[from] move: Pain Split
|move|p2a: Gastrodon|Scald|p1a: rotomwash
|-resisted|p1a: rotomwash
|-damage|p1a: rotomwash|71/100 tox
|
|-heal|p1a: rotomwash|77/100 tox|[from] item: Leftovers
|-damage|p1a: rotomwash|46/100 tox|[from] psn
|upkeep
|turn|36
|
|t:|1663516018
|move|p1a: rotomwash|Pain Split|p2a: Gastrodon
|-sethp|p2a: Gastrodon|46/100|[from] move: Pain Split|[silent]
|-sethp|p1a: rotomwash|65/100 tox|[from] move: Pain Split
|move|p2a: Gastrodon|Scald|p1a: rotomwash
|-resisted|p1a: rotomwash
|-damage|p1a: rotomwash|50/100 tox
|
|-heal|p1a: rotomwash|56/100 tox|[from] item: Leftovers
|-damage|p1a: rotomwash|19/100 tox|[from] psn
|upkeep
|turn|37
|
|t:|1663516021
|move|p1a: rotomwash|Pain Split|p2a: Gastrodon
|-sethp|p2a: Gastrodon|30/100|[from] move: Pain Split|[silent]
|-sethp|p1a: rotomwash|42/100 tox|[from] move: Pain Split
|move|p2a: Gastrodon|Recover|p2a: Gastrodon
|-heal|p2a: Gastrodon|80/100
|
|-heal|p1a: rotomwash|48/100 tox|[from] item: Leftovers
|-damage|p1a: rotomwash|4/100 tox|[from] psn
|upkeep
|turn|38
|
|t:|1663516026
|move|p1a: rotomwash|Pain Split|p2a: Gastrodon
|-sethp|p2a: Gastrodon|41/100|[from] move: Pain Split|[silent]
|-sethp|p1a: rotomwash|58/100 tox|[from] move: Pain Split
|move|p2a: Gastrodon|Recover|p2a: Gastrodon
|-heal|p2a: Gastrodon|92/100
|
|-heal|p1a: rotomwash|64/100 tox|[from] item: Leftovers
|-damage|p1a: rotomwash|14/100 tox|[from] psn
|upkeep
|turn|39
|
|t:|1663516030
|move|p1a: rotomwash|Pain Split|p2a: Gastrodon
|-sethp|p2a: Gastrodon|51/100|[from] move: Pain Split|[silent]
|-sethp|p1a: rotomwash|71/100 tox|[from] move: Pain Split
|move|p2a: Gastrodon|Scald|p1a: rotomwash
|-resisted|p1a: rotomwash
|-damage|p1a: rotomwash|58/100 tox
|
|-heal|p1a: rotomwash|64/100 tox|[from] item: Leftovers
|-damage|p1a: rotomwash|8/100 tox|[from] psn
|upkeep
|turn|40
|
|t:|1663516032
|move|p1a: rotomwash|Pain Split|p2a: Gastrodon
|-sethp|p2a: Gastrodon|28/100|[from] move: Pain Split|[silent]
|-sethp|p1a: rotomwash|39/100 tox|[from] move: Pain Split
|move|p2a: Gastrodon|Recover|p2a: Gastrodon
|-heal|p2a: Gastrodon|78/100
|
|-heal|p1a: rotomwash|46/100 tox|[from] item: Leftovers
|-damage|p1a: rotomwash|0 fnt|[from] psn
|faint|p1a: rotomwash
|upkeep
|
|t:|1663516032
|switch|p1a: Weavile|Weavile, F|100/100
|-ability|p1a: Weavile|Pressure
|turn|41
|
|t:|1663516036
|switch|p2a: Melmetal|Melmetal|100/100
|move|p1a: Weavile|Knock Off|p2a: Melmetal
|-damage|p2a: Melmetal|54/100
|-enditem|p2a: Melmetal|Leftovers|[from] move: Knock Off|[of] p1a: Weavile
|
|upkeep
|turn|42
|
|t:|1663516038
|switch|p1a: Tangrowth|Tangrowth, M|100/100
|move|p2a: Melmetal|Toxic|p1a: Tangrowth
|-status|p1a: Tangrowth|tox
|
|-damage|p1a: Tangrowth|94/100 tox|[from] psn
|upkeep
|turn|43
|
|t:|1663516040
|move|p2a: Melmetal|Protect|p2a: Melmetal
|-singleturn|p2a: Melmetal|Protect
|move|p1a: Tangrowth|Focus Blast|p2a: Melmetal
|-activate|p2a: Melmetal|move: Protect
|
|-damage|p1a: Tangrowth|82/100 tox|[from] psn
|upkeep
|turn|44
|
|t:|1663516044
|switch|p1a: landorustherian|Landorus-Therian, M|82/100
|-ability|p1a: landorustherian|Intimidate|boost
|-unboost|p2a: Melmetal|atk|1
|switch|p2a: Heatran|Heatran, M|100/100
|
|upkeep
|turn|45
|
|t:|1663516047
|switch|p2a: Rillaboom|Rillaboom, M|100/100
|-fieldstart|move: Grassy Terrain|[from] ability: Grassy Surge|[of] p2a: Rillaboom
|move|p1a: landorustherian|Earthquake|p2a: Rillaboom
|-resisted|p2a: Rillaboom
|-damage|p2a: Rillaboom|89/100
|
|-heal|p2a: Rillaboom|95/100|[from] Grassy Terrain
|-heal|p2a: Rillaboom|100/100|[from] item: Leftovers
|upkeep
|turn|46
|
|t:|1663516049
|switch|p1a: Tangrowth|Tangrowth, M|100/100 tox
|move|p2a: Rillaboom|Swords Dance|p2a: Rillaboom
|-boost|p2a: Rillaboom|atk|2
|
|-damage|p1a: Tangrowth|94/100 tox|[from] psn
|upkeep
|turn|47
|
|t:|1663516057
|move|p2a: Rillaboom|Swords Dance|p2a: Rillaboom
|-boost|p2a: Rillaboom|atk|2
|move|p1a: Tangrowth|Giga Drain|p2a: Rillaboom
|-resisted|p2a: Rillaboom
|-damage|p2a: Rillaboom|78/100
|-heal|p1a: Tangrowth|100/100 tox|[from] drain|[of] p2a: Rillaboom
|
|-heal|p2a: Rillaboom|85/100|[from] Grassy Terrain
|-heal|p2a: Rillaboom|91/100|[from] item: Leftovers
|-damage|p1a: Tangrowth|88/100 tox|[from] psn
|upkeep
|turn|48
|
|t:|1663516059
|move|p2a: Rillaboom|Knock Off|p1a: Tangrowth
|-damage|p1a: Tangrowth|27/100 tox
|-damage|p2a: Rillaboom|74/100|[from] item: Rocky Helmet|[of] p1a: Tangrowth
|-enditem|p1a: Tangrowth|Rocky Helmet|[from] move: Knock Off|[of] p2a: Rillaboom
|move|p1a: Tangrowth|Knock Off|p2a: Rillaboom
|-damage|p2a: Rillaboom|55/100
|-enditem|p2a: Rillaboom|Leftovers|[from] move: Knock Off|[of] p1a: Tangrowth
|
|-heal|p2a: Rillaboom|61/100|[from] Grassy Terrain
|-heal|p1a: Tangrowth|33/100 tox|[from] Grassy Terrain
|-damage|p1a: Tangrowth|15/100 tox|[from] psn
|upkeep
|turn|49
|
|t:|1663516061
|move|p2a: Rillaboom|Drain Punch|p1a: Tangrowth
|-crit|p1a: Tangrowth
|-damage|p1a: Tangrowth|0 fnt
|-heal|p2a: Rillaboom|68/100|[from] drain|[of] p1a: Tangrowth
|faint|p1a: Tangrowth
|
|-heal|p2a: Rillaboom|75/100|[from] Grassy Terrain
|-fieldend|move: Grassy Terrain
|upkeep
|
|t:|1663516061
|switch|p1a: Weavile|Weavile, F|100/100
|-ability|p1a: Weavile|Pressure
|turn|50
|
|t:|1663516066
|switch|p2a: Melmetal|Melmetal|54/100
|move|p1a: Weavile|Triple Axel|p2a: Melmetal
|-resisted|p2a: Melmetal
|-damage|p2a: Melmetal|50/100
|-hitcount|p2a: Melmetal|1
|
|upkeep
|turn|51
|
|t:|1663516070
|switch|p1a: landorustherian|Landorus-Therian, M|82/100
|-ability|p1a: landorustherian|Intimidate|boost
|-unboost|p2a: Melmetal|atk|1
|move|p2a: Melmetal|Earthquake|p1a: landorustherian
|-immune|p1a: landorustherian
|
|upkeep
|turn|52
|
|t:|1663516074
|switch|p2a: Rillaboom|Rillaboom, M|75/100
|-fieldstart|move: Grassy Terrain|[from] ability: Grassy Surge|[of] p2a: Rillaboom
|move|p1a: landorustherian|Earthquake|p2a: Rillaboom
|-resisted|p2a: Rillaboom
|-damage|p2a: Rillaboom|64/100
|
|-heal|p2a: Rillaboom|70/100|[from] Grassy Terrain
|upkeep
|turn|53
|
|t:|1663516077
|move|p2a: Rillaboom|Grassy Glide|p1a: landorustherian
|-damage|p1a: landorustherian|29/100
|move|p1a: landorustherian|U-turn|p2a: Rillaboom
|-supereffective|p2a: Rillaboom
|-damage|p2a: Rillaboom|26/100
|
|t:|1663516077
|switch|p1a: Weavile|Weavile, F|100/100|[from]move: U-turn
|-ability|p1a: Weavile|Pressure
|
|-heal|p2a: Rillaboom|32/100|[from] Grassy Terrain
|upkeep
|turn|54
|
|t:|1663516081
|switch|p2a: Melmetal|Melmetal|50/100
|move|p1a: Weavile|Knock Off|p2a: Melmetal
|-damage|p2a: Melmetal|20/100
|
|-heal|p2a: Melmetal|26/100|[from] Grassy Terrain
|upkeep
|turn|55
|
|t:|1663516084
|move|p2a: Melmetal|Protect|p2a: Melmetal
|-singleturn|p2a: Melmetal|Protect
|move|p1a: Weavile|Knock Off|p2a: Melmetal
|-activate|p2a: Melmetal|move: Protect
|
|-heal|p2a: Melmetal|32/100|[from] Grassy Terrain
|upkeep
|turn|56
|
|t:|1663516088
|switch|p1a: Melmetal|Melmetal|50/100
|move|p2a: Melmetal|Double Iron Bash|p1a: Melmetal
|-resisted|p1a: Melmetal
|-damage|p1a: Melmetal|37/100
|-resisted|p1a: Melmetal
|-crit|p1a: Melmetal
|-damage|p1a: Melmetal|17/100
|-hitcount|p1a: Melmetal|2
|
|-heal|p2a: Melmetal|39/100|[from] Grassy Terrain
|-heal|p1a: Melmetal|23/100|[from] Grassy Terrain
|-fieldend|move: Grassy Terrain
|upkeep
|turn|57
|
|t:|1663516091
|move|p2a: Melmetal|Protect|p2a: Melmetal
|-singleturn|p2a: Melmetal|Protect
|move|p1a: Melmetal|Ice Punch|p2a: Melmetal
|-activate|p2a: Melmetal|move: Protect
|
|upkeep
|turn|58
|
|t:|1663516093
|move|p2a: Melmetal|Earthquake|p1a: Melmetal
|-supereffective|p1a: Melmetal
|-damage|p1a: Melmetal|0 fnt
|faint|p1a: Melmetal
|
|upkeep
|
|t:|1663516093
|switch|p1a: landorustherian|Landorus-Therian, M|29/100
|-ability|p1a: landorustherian|Intimidate|boost
|-unboost|p2a: Melmetal|atk|1
|turn|59
|
|t:|1663516100
|move|p1a: landorustherian|U-turn|p2a: Melmetal
|-resisted|p2a: Melmetal
|-damage|p2a: Melmetal|32/100
|
|t:|1663516100
|switch|p1a: Heatran|Heatran, M|46/100|[from]move: U-turn
|move|p2a: Melmetal|Double Iron Bash|p1a: Heatran
|-resisted|p1a: Heatran
|-damage|p1a: Heatran|39/100
|-resisted|p1a: Heatran
|-damage|p1a: Heatran|32/100
|-hitcount|p1a: Heatran|2
|
|upkeep
|turn|60
|
|t:|1663516103
|move|p1a: Heatran|Magma Storm|p2a: Melmetal
|-supereffective|p2a: Melmetal
|-damage|p2a: Melmetal|0 fnt
|faint|p2a: Melmetal
|
|upkeep
|
|t:|1663516106
|switch|p2a: Gastrodon|Gastrodon-East, M|78/100
|turn|61
|
|t:|1663516109
|switch|p1a: Weavile|Weavile, F|100/100
|-ability|p1a: Weavile|Pressure
|move|p2a: Gastrodon|Scald|p1a: Weavile
|-damage|p1a: Weavile|65/100
|-status|p1a: Weavile|brn
|
|-damage|p1a: Weavile|59/100 brn|[from] brn
|upkeep
|turn|62
|
|t:|1663516115
|move|p1a: Weavile|Knock Off|p2a: Gastrodon
|-damage|p2a: Gastrodon|37/100
|-enditem|p2a: Gastrodon|Heavy-Duty Boots|[from] move: Knock Off|[of] p1a: Weavile
|move|p2a: Gastrodon|Recover|p2a: Gastrodon
|-heal|p2a: Gastrodon|87/100
|
|-damage|p1a: Weavile|53/100 brn|[from] brn
|upkeep
|turn|63
|
|t:|1663516120
|move|p1a: Weavile|Knock Off|p2a: Gastrodon
|-damage|p2a: Gastrodon|63/100
|move|p2a: Gastrodon|Scald|p1a: Weavile
|-damage|p1a: Weavile|18/100 brn
|
|-damage|p1a: Weavile|12/100 brn|[from] brn
|upkeep
|turn|64
|
|t:|1663516125
|move|p1a: Weavile|Knock Off|p2a: Gastrodon
|-damage|p2a: Gastrodon|38/100
|move|p2a: Gastrodon|Scald|p1a: Weavile
|-damage|p1a: Weavile|0 fnt
|faint|p1a: Weavile
|
|upkeep
|
|t:|1663516126
|switch|p1a: landorustherian|Landorus-Therian, M|29/100
|-ability|p1a: landorustherian|Intimidate|boost
|-unboost|p2a: Gastrodon|atk|1
|turn|65
|
|t:|1663516134
|move|p1a: landorustherian|Toxic|p2a: Gastrodon
|-status|p2a: Gastrodon|tox
|move|p2a: Gastrodon|Scald|p1a: landorustherian
|-supereffective|p1a: landorustherian
|-damage|p1a: landorustherian|0 fnt
|faint|p1a: landorustherian
|
|-damage|p2a: Gastrodon|32/100 tox|[from] psn
|upkeep
|
|t:|1663516134
|switch|p1a: Heatran|Heatran, M|32/100
|turn|66
|
|t:|1663516137
|move|p1a: Heatran|Earth Power|p2a: Gastrodon
|-damage|p2a: Gastrodon|10/100 tox
|move|p2a: Gastrodon|Scald|p1a: Heatran
|-supereffective|p1a: Heatran
|-damage|p1a: Heatran|0 fnt
|faint|p1a: Heatran
|
|win|user1_ou
|raw|minimax_ai's rating: 1575 &rarr; <strong>1559</strong><br />(-16 for losing)
|raw|user1_ou's rating: 1639 &rarr; <strong>1655</strong><br />(+16 for winning)
|c|☆minimax_ai|gg
