|j|☆TriplyTrebly
|j|☆BigL91
|player|p1|TriplyTrebly|caitlin|1449
|player|p2|BigL91|135|1490
|teamsize|p1|6
|teamsize|p2|6
|gametype|singles
|gen|8
|tier|[Gen 8] OU
|rated|
|clearpoke
|poke|p1|Obstagoon, M|
|poke|p1|Kommo-o, M|
|poke|p1|Toxtricity, M|
|poke|p1|Corviknight, M|
|poke|p1|Dracovish|
|poke|p1|Mimikyu, M|
|poke|p2|Seismitoad, F|
|poke|p2|Clefable, F|
|poke|p2|Corviknight, F|
|poke|p2|Conkeldurr, F|
|poke|p2|Kyurem|
|poke|p2|Zeraora|
|rule|Sleep Clause Mod: Limit one foe put to sleep
|rule|Species Clause: Limit one of each Pokémon
|rule|OHKO Clause: OHKO moves are banned
|rule|Evasion Moves Clause: Evasion moves are banned
|rule|Endless Battle Clause: Forcing endless battles is banned
|rule|HP Percentage Mod: HP is shown in percentages
|rule|Dynamax Clause: You cannot dynamax
|teampreview
|
|start
|switch|p1a: Dracovish|Dracovish, shiny|100/100
|switch|p2a: Kyurem|Kyurem|100/100
|-ability|p2a: Kyurem|Pressure
|turn|1
|
|switch|p1a: Corviknight|Corviknight, M, shiny|100/100
|-ability|p1a: Corviknight|Pressure
|move|p2a: Kyurem|Freeze-Dry|p1a: Corviknight
|-damage|p1a: Corviknight|63/100
|
|-heal|p1a: Corviknight|69/100|[from] item: Leftovers
|upkeep
|turn|2
|inactive|Battle timer is ON: inactive players will automatically lose when time's up. (requested by TriplyTrebly)
|
|switch|p2a: Clefable|Clefable, F|100/100
|move|p1a: Corviknight|U-turn|p2a: Clefable
|-resisted|p2a: Clefable
|-damage|p2a: Clefable|93/100
|
|switch|p1a: Toxtricity|Toxtricity, M|100/100|[from]move: U-turn
|
|-heal|p2a: Clefable|99/100|[from] item: Leftovers
|upkeep
|turn|3
|
|move|p2a: Clefable|Protect|p2a: Clefable
|-singleturn|p2a: Clefable|Protect
|move|p1a: Toxtricity|Boomburst|p2a: Clefable
|-activate|p2a: Clefable|move: Protect
|
|-heal|p2a: Clefable|100/100|[from] item: Leftovers
|upkeep
|turn|4
|
|switch|p2a: Corviknight|Corviknight, F|100/100
|-ability|p2a: Corviknight|Pressure
|move|p1a: Toxtricity|Boomburst|p2a: Corviknight
|-resisted|p2a: Corviknight
|-damage|p2a: Corviknight|69/100
|
|-heal|p2a: Corviknight|75/100|[from] item: Leftovers
|upkeep
|turn|5
|
|move|p1a: Toxtricity|Boomburst|p2a: Corviknight
|-resisted|p2a: Corviknight
|-damage|p2a: Corviknight|44/100
|move|p2a: Corviknight|Roost|p2a: Corviknight
|-heal|p2a: Corviknight|94/100
|-singleturn|p2a: Corviknight|move: Roost
|
|-heal|p2a: Corviknight|100/100|[from] item: Leftovers
|upkeep
|turn|6
|
|move|p1a: Toxtricity|Boomburst|p2a: Corviknight
|-resisted|p2a: Corviknight
|-damage|p2a: Corviknight|66/100
|move|p2a: Corviknight|Iron Head|p1a: Toxtricity
|-resisted|p1a: Toxtricity
|-damage|p1a: Toxtricity|82/100
|
|-heal|p2a: Corviknight|72/100|[from] item: Leftovers
|upkeep
|turn|7
|
|move|p1a: Toxtricity|Boomburst|p2a: Corviknight
|-resisted|p2a: Corviknight
|-damage|p2a: Corviknight|39/100
|move|p2a: Corviknight|Roost|p2a: Corviknight
|-heal|p2a: Corviknight|89/100
|-singleturn|p2a: Corviknight|move: Roost
|
|-heal|p2a: Corviknight|95/100|[from] item: Leftovers
|upkeep
|turn|8
|
|switch|p1a: Corviknight|Corviknight, M, shiny|69/100
|-ability|p1a: Corviknight|Pressure
|move|p2a: Corviknight|Iron Head|p1a: Corviknight
|-resisted|p1a: Corviknight
|-damage|p1a: Corviknight|59/100
|
|-heal|p2a: Corviknight|100/100|[from] item: Leftovers
|-heal|p1a: Corviknight|65/100|[from] item: Leftovers
|upkeep
|turn|9
|
|switch|p2a: Clefable|Clefable, F|100/100
|move|p1a: Corviknight|U-turn|p2a: Clefable
|-resisted|p2a: Clefable
|-damage|p2a: Clefable|92/100
|
|switch|p1a: Toxtricity|Toxtricity, M|82/100|[from]move: U-turn
|
|-heal|p2a: Clefable|98/100|[from] item: Leftovers
|upkeep
|turn|10
|
|switch|p1a: Corviknight|Corviknight, M, shiny|65/100
|-ability|p1a: Corviknight|Pressure
|move|p2a: Clefable|Protect||[still]
|-fail|p2a: Clefable
|
|-heal|p1a: Corviknight|71/100|[from] item: Leftovers
|-heal|p2a: Clefable|100/100|[from] item: Leftovers
|upkeep
|turn|11
|
|move|p1a: Corviknight|U-turn|p2a: Clefable
|-resisted|p2a: Clefable
|-crit|p2a: Clefable
|-damage|p2a: Clefable|88/100
|
|switch|p1a: Mimikyu|Mimikyu, M, shiny|100/100|[from]move: U-turn
|move|p2a: Clefable|Teleport|p2a: Clefable
|
|switch|p2a: Seismitoad|Seismitoad, F|100/100|[from]move: Teleport
|
|upkeep
|turn|12
|
|switch|p1a: Corviknight|Corviknight, M, shiny|71/100
|-ability|p1a: Corviknight|Pressure
|move|p2a: Seismitoad|Scald|p1a: Corviknight
|-damage|p1a: Corviknight|54/100
|-status|p1a: Corviknight|brn
|
|-heal|p1a: Corviknight|60/100 brn|[from] item: Leftovers
|-damage|p1a: Corviknight|54/100 brn|[from] brn
|upkeep
|turn|13
|
|move|p2a: Seismitoad|Stealth Rock|p1a: Corviknight
|-sidestart|p1: TriplyTrebly|move: Stealth Rock
|move|p1a: Corviknight|Roost|p1a: Corviknight
|-heal|p1a: Corviknight|100/100 brn
|-singleturn|p1a: Corviknight|move: Roost
|
|-damage|p1a: Corviknight|94/100 brn|[from] brn
|upkeep
|turn|14
|
|move|p2a: Seismitoad|Scald|p1a: Corviknight
|-damage|p1a: Corviknight|78/100 brn
|move|p1a: Corviknight|Defog|p2a: Seismitoad
|-unboost|p2a: Seismitoad|evasion|1
|-sideend|p1: TriplyTrebly|Stealth Rock|[from] move: Defog|[of] p1a: Corviknight
|
|-heal|p1a: Corviknight|84/100 brn|[from] item: Leftovers
|-damage|p1a: Corviknight|78/100 brn|[from] brn
|upkeep
|turn|15
|
|switch|p1a: Toxtricity|Toxtricity, M|82/100
|move|p2a: Seismitoad|Stealth Rock|p1a: Toxtricity
|-sidestart|p1: TriplyTrebly|move: Stealth Rock
|
|upkeep
|turn|16
|
|move|p1a: Toxtricity|Boomburst|p2a: Seismitoad
|-damage|p2a: Seismitoad|0 fnt
|faint|p2a: Seismitoad
|
|upkeep
|
|switch|p2a: Zeraora|Zeraora|100/100
|turn|17
|
|switch|p1a: Kommo-o|Kommo-o, M|100/100
|-damage|p1a: Kommo-o|94/100|[from] Stealth Rock
|move|p2a: Zeraora|Plasma Fists|p1a: Kommo-o
|-resisted|p1a: Kommo-o
|-damage|p1a: Kommo-o|81/100
|-fieldactivate|move: Ion Deluge
|
|-heal|p1a: Kommo-o|87/100|[from] item: Leftovers
|upkeep
|turn|18
|
|move|p2a: Zeraora|Play Rough|p1a: Kommo-o
|-supereffective|p1a: Kommo-o
|-damage|p1a: Kommo-o|25/100
|move|p1a: Kommo-o|Stealth Rock|p2a: Zeraora
|-sidestart|p2: BigL91|move: Stealth Rock
|
|-heal|p1a: Kommo-o|31/100|[from] item: Leftovers
|upkeep
|turn|19
|
|move|p2a: Zeraora|Bulk Up|p2a: Zeraora
|-boost|p2a: Zeraora|atk|1
|-boost|p2a: Zeraora|def|1
|move|p1a: Kommo-o|Body Press|p2a: Zeraora
|-damage|p2a: Zeraora|58/100
|
|-heal|p2a: Zeraora|64/100|[from] item: Leftovers
|-heal|p1a: Kommo-o|37/100|[from] item: Leftovers
|upkeep
|turn|20
|
|move|p2a: Zeraora|Play Rough|p1a: Kommo-o
|-supereffective|p1a: Kommo-o
|-damage|p1a: Kommo-o|0 fnt
|faint|p1a: Kommo-o
|
|-heal|p2a: Zeraora|70/100|[from] item: Leftovers
|upkeep
|
|switch|p1a: Toxtricity|Toxtricity, M|82/100
|-damage|p1a: Toxtricity|70/100|[from] Stealth Rock
|turn|21
|
|move|p2a: Zeraora|Plasma Fists|p1a: Toxtricity
|-resisted|p1a: Toxtricity
|-damage|p1a: Toxtricity|22/100
|-fieldactivate|move: Ion Deluge
|move|p1a: Toxtricity|Sludge Wave|p2a: Zeraora
|-crit|p2a: Zeraora
|-damage|p2a: Zeraora|0 fnt
|faint|p2a: Zeraora
|
|upkeep
|
|switch|p2a: Conkeldurr|Conkeldurr, F|100/100
|-damage|p2a: Conkeldurr|95/100|[from] Stealth Rock
|turn|22
|
|move|p2a: Conkeldurr|Mach Punch|p1a: Toxtricity
|-resisted|p1a: Toxtricity
|-damage|p1a: Toxtricity|6/100
|move|p1a: Toxtricity|Sludge Wave|p2a: Conkeldurr
|-damage|p2a: Conkeldurr|0 fnt
|faint|p2a: Conkeldurr
|
|upkeep
|
|switch|p2a: Corviknight|Corviknight, F|100/100
|-damage|p2a: Corviknight|88/100|[from] Stealth Rock
|-ability|p2a: Corviknight|Pressure
|turn|23
|
|switch|p1a: Corviknight|Corviknight, M, shiny|78/100 brn
|-damage|p1a: Corviknight|66/100 brn|[from] Stealth Rock
|-ability|p1a: Corviknight|Pressure
|move|p2a: Corviknight|Defog|p1a: Corviknight
|-unboost|p1a: Corviknight|evasion|1
|-sideend|p1: TriplyTrebly|Stealth Rock|[from] move: Defog|[of] p2a: Corviknight
|-sideend|p2: BigL91|Stealth Rock|[from] move: Defog|[of] p2a: Corviknight
|
|-heal|p2a: Corviknight|94/100|[from] item: Leftovers
|-heal|p1a: Corviknight|72/100 brn|[from] item: Leftovers
|-damage|p1a: Corviknight|66/100 brn|[from] brn
|upkeep
|turn|24
|
|move|p2a: Corviknight|Taunt|p1a: Corviknight
|-start|p1a: Corviknight|move: Taunt
|cant|p1a: Corviknight|move: Taunt|Roost
|
|-heal|p2a: Corviknight|100/100|[from] item: Leftovers
|-heal|p1a: Corviknight|72/100 brn|[from] item: Leftovers
|-damage|p1a: Corviknight|66/100 brn|[from] brn
|upkeep
|turn|25
|
|switch|p2a: Clefable|Clefable, F|88/100
|move|p1a: Corviknight|U-turn|p2a: Clefable
|-resisted|p2a: Clefable
|-damage|p2a: Clefable|84/100
|
|switch|p1a: Dracovish|Dracovish, shiny|100/100|[from]move: U-turn
|
|-heal|p2a: Clefable|90/100|[from] item: Leftovers
|upkeep
|turn|26
|
|move|p2a: Clefable|Protect|p2a: Clefable
|-singleturn|p2a: Clefable|Protect
|move|p1a: Dracovish|Fishious Rend|p2a: Clefable
|-activate|p2a: Clefable|move: Protect
|
|-heal|p2a: Clefable|96/100|[from] item: Leftovers
|upkeep
|turn|27
|
|switch|p2a: Corviknight|Corviknight, F|100/100
|-ability|p2a: Corviknight|Pressure
|move|p1a: Dracovish|Fishious Rend|p2a: Corviknight
|-damage|p2a: Corviknight|21/100
|
|-heal|p2a: Corviknight|28/100|[from] item: Leftovers
|upkeep
|turn|28
|
|move|p1a: Dracovish|Fishious Rend|p2a: Corviknight
|-damage|p2a: Corviknight|0 fnt
|faint|p2a: Corviknight
|
|upkeep
|
|switch|p2a: Kyurem|Kyurem|100/100
|-ability|p2a: Kyurem|Pressure
|turn|29
|
|switch|p1a: Obstagoon|Obstagoon, M, shiny|100/100
|move|p2a: Kyurem|Freeze-Dry|p1a: Obstagoon
|-damage|p1a: Obstagoon|36/100
|
|-status|p1a: Obstagoon|brn|[from] item: Flame Orb
|upkeep
|turn|30
|
|move|p2a: Kyurem|Freeze-Dry|p1a: Obstagoon
|-damage|p1a: Obstagoon|0 fnt
|faint|p1a: Obstagoon
|
|upkeep
|
|switch|p1a: Mimikyu|Mimikyu, M, shiny|100/100
|turn|31
|
|move|p1a: Mimikyu|Play Rough|p2a: Kyurem
|-supereffective|p2a: Kyurem
|-damage|p2a: Kyurem|15/100
|-unboost|p2a: Kyurem|atk|1
|-damage|p1a: Mimikyu|91/100|[from] item: Life Orb
|move|p2a: Kyurem|Freeze-Dry|p1a: Mimikyu
|-activate|p1a: Mimikyu|ability: Disguise
|-damage|p1a: Mimikyu|91/100
|detailschange|p1a: Mimikyu|Mimikyu-Busted, M, shiny
|-damage|p1a: Mimikyu|78/100|[from] pokemon: Mimikyu-Busted
|
|upkeep
|turn|32
|
|switch|p2a: Clefable|Clefable, F|96/100
|move|p1a: Mimikyu|Shadow Claw|p2a: Clefable
|-damage|p2a: Clefable|57/100
|-damage|p1a: Mimikyu|68/100|[from] item: Life Orb
|
|-heal|p2a: Clefable|63/100|[from] item: Leftovers
|upkeep
|turn|33
|
|switch|p1a: Corviknight|Corviknight, M, shiny|66/100 brn
|-ability|p1a: Corviknight|Pressure
|move|p2a: Clefable|Moonblast|p1a: Corviknight
|-resisted|p1a: Corviknight
|-damage|p1a: Corviknight|54/100 brn
|
|-heal|p1a: Corviknight|61/100 brn|[from] item: Leftovers
|-heal|p2a: Clefable|69/100|[from] item: Leftovers
|-damage|p1a: Corviknight|54/100 brn|[from] brn
|upkeep
|turn|34
|
|move|p1a: Corviknight|U-turn|p2a: Clefable
|-resisted|p2a: Clefable
|-damage|p2a: Clefable|65/100
|
|switch|p1a: Toxtricity|Toxtricity, M|6/100|[from]move: U-turn
|move|p2a: Clefable|Wish|p2a: Clefable
|
|-heal|p2a: Clefable|71/100|[from] item: Leftovers
|upkeep
|turn|35
|
|move|p2a: Clefable|Protect|p2a: Clefable
|-singleturn|p2a: Clefable|Protect
|move|p1a: Toxtricity|Sludge Wave|p2a: Clefable
|-activate|p2a: Clefable|move: Protect
|
|-heal|p2a: Clefable|100/100|[from] move: Wish|[wisher] Clefable
|upkeep
|turn|36
|
|move|p1a: Toxtricity|Sludge Wave|p2a: Clefable
|-supereffective|p2a: Clefable
|-damage|p2a: Clefable|3/100
|move|p2a: Clefable|Moonblast|p1a: Toxtricity
|-resisted|p1a: Toxtricity
|-damage|p1a: Toxtricity|0 fnt
|faint|p1a: Toxtricity
|
|-heal|p2a: Clefable|9/100|[from] item: Leftovers
|upkeep
|
|switch|p1a: Dracovish|Dracovish, shiny|100/100
|turn|37
|
|move|p1a: Dracovish|Fishious Rend|p2a: Clefable
|-damage|p2a: Clefable|0 fnt
|faint|p2a: Clefable
|
|upkeep
|
|switch|p2a: Kyurem|Kyurem|15/100
|-ability|p2a: Kyurem|Pressure
|turn|38
|
|move|p1a: Dracovish|Fishious Rend|p2a: Kyurem
|-resisted|p2a: Kyurem
|-damage|p2a: Kyurem|0 fnt
|faint|p2a: Kyurem
|
|win|TriplyTrebly
|raw|TriplyTrebly's rating: 1450 &rarr; <strong>1471</strong><br />(+21 for winning)
|raw|BigL91's rating: 1473 &rarr; <strong>1452</strong><br />(-21 for losing)
|l|☆BigL91
