|raw|<div class="broadcast-blue"><strong>This battle is required to be public due to a player having a name prefixed by 'LT71LX'.</div>
|j|☆sir guap
|j|☆lt71lx bfl
|t:|1597296711
|player|p1|sir guap|cyclistf-gen4|2085
|player|p2|lt71lx bfl|169|2141
|teamsize|p1|6
|teamsize|p2|6
|gametype|singles
|gen|8
|tier|[Gen 8] OU
|rated|
|clearpoke
|poke|p1|Jirachi|
|poke|p1|Ditto|
|poke|p1|Blissey, F|
|poke|p1|Toxapex, F|
|poke|p1|Corviknight, F|
|poke|p1|Clefable, M|
|poke|p2|Scizor, F|
|poke|p2|Rillaboom, F|
|poke|p2|Crawdaunt, F|
|poke|p2|Togekiss, F|
|poke|p2|Zeraora|
|poke|p2|Necrozma|
|rule|Sleep Clause Mod: Limit one foe put to sleep
|rule|Species Clause: Limit one of each Pokémon
|rule|OHKO Clause: OHKO moves are banned
|rule|Evasion Moves Clause: Evasion moves are banned
|rule|Endless Battle Clause: Forcing endless battles is banned
|rule|HP Percentage Mod: HP is shown in percentages
|rule|Dynamax Clause: You cannot dynamax
|teampreview
|j| Sahki
|j| outz u
|j| Tace
|j| ez
|inactive|Battle timer is ON: inactive players will automatically lose when time's up. (requested by lt71lx bfl)
|j| OUTU Neymar
|
|t:|1597296730
|start
|switch|p1a: Clefable|Clefable, M|100/100
|switch|p2a: Rillaboom|Rillaboom, F|100/100
|-fieldstart|move: Grassy Terrain|[from] ability: Grassy Surge|[of] p2a: Rillaboom
|turn|1
|j| purchasedalargek
|j| melancholy hills
|
|t:|1597296745
|move|p2a: Rillaboom|Wood Hammer|p1a: Clefable
|-damage|p1a: Clefable|1/100
|-damage|p2a: Rillaboom|63/100|[from] Recoil
|move|p1a: Clefable|Stealth Rock|p2a: Rillaboom
|-sidestart|p2: lt71lx bfl|move: Stealth Rock
|
|-heal|p2a: Rillaboom|69/100|[from] Grassy Terrain
|-heal|p1a: Clefable|7/100|[from] item: Leftovers
|-heal|p1a: Clefable|13/100|[from] Grassy Terrain
|upkeep
|turn|2
|j| Vertex
|
|t:|1597296753
|switch|p2a: Necrozma|Necrozma|100/100
|-damage|p2a: Necrozma|88/100|[from] Stealth Rock
|switch|p1a: Corviknight|Corviknight, F|100/100
|-ability|p1a: Corviknight|Pressure
|
|-heal|p2a: Necrozma|94/100|[from] Grassy Terrain
|upkeep
|turn|3
|
|t:|1597296757
|move|p2a: Necrozma|Stealth Rock|p1a: Corviknight
|-sidestart|p1: sir guap|move: Stealth Rock
|move|p1a: Corviknight|U-turn|p2a: Necrozma
|-supereffective|p2a: Necrozma
|-damage|p2a: Necrozma|74/100
|j| Bunny Girl Mai
|
|t:|1597296760
|switch|p1a: Jirachi|Jirachi|100/100|[from]move: U-turn
|-damage|p1a: Jirachi|94/100|[from] Stealth Rock
|
|-heal|p1a: Jirachi|100/100|[from] item: Leftovers
|-heal|p2a: Necrozma|80/100|[from] Grassy Terrain
|upkeep
|turn|4
|j| syncopied
|
|t:|1597296765
|move|p1a: Jirachi|Iron Head|p2a: Necrozma
|-damage|p2a: Necrozma|51/100
|cant|p2a: Necrozma|flinch
|
|-heal|p2a: Necrozma|58/100|[from] Grassy Terrain
|upkeep
|turn|5
|j| sjneider
|
|t:|1597296768
|switch|p2a: Zeraora|Zeraora|100/100
|-damage|p2a: Zeraora|88/100|[from] Stealth Rock
|move|p1a: Jirachi|Iron Head|p2a: Zeraora
|-resisted|p2a: Zeraora
|-damage|p2a: Zeraora|65/100
|
|-heal|p2a: Zeraora|71/100|[from] Grassy Terrain
|-fieldend|move: Grassy Terrain
|upkeep
|turn|6
|
|t:|1597296777
|switch|p1a: Clefable|Clefable, M|13/100
|move|p2a: Zeraora|Plasma Fists|p1a: Clefable
|-damage|p1a: Clefable|0 fnt
|-fieldactivate|move: Ion Deluge
|-damage|p2a: Zeraora|61/100|[from] item: Life Orb
|faint|p1a: Clefable
|
|upkeep
|j| touhoukhoa
|j| zaaya ◜‿◝
|j| Insult
|j| TuanNguyen
|j| LT71LX Kappucci
|j| CriticalxxDamage
|j| OUTU Hide And Seek
|
|t:|1597296790
|switch|p1a: Ditto|Ditto, shiny|100/100
|-damage|p1a: Ditto|88/100|[from] Stealth Rock
|-transform|p1a: Ditto|p2a: Zeraora|[from] ability: Imposter
|turn|7
|j| imzosi
|j| The last Fenicio
|
|t:|1597296805
|switch|p1a: Corviknight|Corviknight, F|100/100
|-damage|p1a: Corviknight|88/100|[from] Stealth Rock
|-ability|p1a: Corviknight|Pressure
|switch|p2a: Rillaboom|Rillaboom, F|69/100
|-damage|p2a: Rillaboom|57/100|[from] Stealth Rock
|-fieldstart|move: Grassy Terrain|[from] ability: Grassy Surge|[of] p2a: Rillaboom
|
|-heal|p2a: Rillaboom|63/100|[from] Grassy Terrain
|upkeep
|turn|8
|j| BoomBoomBoo
|
|t:|1597296813
|switch|p2a: Zeraora|Zeraora|61/100
|-damage|p2a: Zeraora|48/100|[from] Stealth Rock
|move|p1a: Corviknight|U-turn|p2a: Zeraora
|-damage|p2a: Zeraora|29/100
|l| touhoukhoa
|
|t:|1597296816
|switch|p1a: Ditto|Ditto, shiny|88/100|[from]move: U-turn
|-damage|p1a: Ditto|76/100|[from] Stealth Rock
|-transform|p1a: Ditto|p2a: Zeraora|[from] ability: Imposter
|
|-heal|p1a: Ditto|82/100|[from] Grassy Terrain
|-heal|p2a: Zeraora|35/100|[from] Grassy Terrain
|upkeep
|turn|9
|
|t:|1597296820
|switch|p2a: Rillaboom|Rillaboom, F|63/100
|-damage|p2a: Rillaboom|50/100|[from] Stealth Rock
|move|p1a: Ditto|Close Combat|p2a: Rillaboom
|-damage|p2a: Rillaboom|8/100
|-unboost|p1a: Ditto|def|1
|-unboost|p1a: Ditto|spd|1
|
|-heal|p1a: Ditto|88/100|[from] Grassy Terrain
|-heal|p2a: Rillaboom|15/100|[from] Grassy Terrain
|upkeep
|turn|10
|
|t:|1597296830
|switch|p1a: Corviknight|Corviknight, F|88/100
|-damage|p1a: Corviknight|76/100|[from] Stealth Rock
|-ability|p1a: Corviknight|Pressure
|switch|p2a: Zeraora|Zeraora|35/100
|-damage|p2a: Zeraora|23/100|[from] Stealth Rock
|
|-heal|p2a: Zeraora|29/100|[from] Grassy Terrain
|upkeep
|turn|11
|
|t:|1597296848
|move|p2a: Zeraora|Plasma Fists|p1a: Corviknight
|-supereffective|p1a: Corviknight
|-damage|p1a: Corviknight|0 fnt
|-fieldactivate|move: Ion Deluge
|-damage|p2a: Zeraora|19/100|[from] item: Life Orb
|faint|p1a: Corviknight
|
|-heal|p2a: Zeraora|25/100|[from] Grassy Terrain
|-fieldend|move: Grassy Terrain
|upkeep
|
|t:|1597296849
|switch|p1a: Ditto|Ditto, shiny|88/100
|-damage|p1a: Ditto|75/100|[from] Stealth Rock
|-transform|p1a: Ditto|p2a: Zeraora|[from] ability: Imposter
|turn|12
|j| Lightchanseyy
|
|t:|1597296865
|switch|p2a: Rillaboom|Rillaboom, F|15/100
|-damage|p2a: Rillaboom|2/100|[from] Stealth Rock
|-fieldstart|move: Grassy Terrain|[from] ability: Grassy Surge|[of] p2a: Rillaboom
|move|p1a: Ditto|Knock Off|p2a: Rillaboom
|-damage|p2a: Rillaboom|0 fnt
|-enditem|p2a: Rillaboom|Choice Band|[from] move: Knock Off|[of] p1a: Ditto
|faint|p2a: Rillaboom
|
|-heal|p1a: Ditto|81/100|[from] Grassy Terrain
|upkeep
|
|t:|1597296869
|switch|p2a: Crawdaunt|Crawdaunt, F|100/100
|-damage|p2a: Crawdaunt|88/100|[from] Stealth Rock
|turn|13
|inactive|sir guap has 120 seconds left.
|j| bss and bsd
|j| GOATDON
|j| Lt71lx gray
|
|t:|1597296926
|move|p1a: Ditto|Knock Off|p2a: Crawdaunt
|-resisted|p2a: Crawdaunt
|-damage|p2a: Crawdaunt|65/100
|-enditem|p2a: Crawdaunt|Life Orb|[from] move: Knock Off|[of] p1a: Ditto
|move|p2a: Crawdaunt|Swords Dance|p2a: Crawdaunt
|-boost|p2a: Crawdaunt|atk|2
|
|-heal|p1a: Ditto|87/100|[from] Grassy Terrain
|-heal|p2a: Crawdaunt|71/100|[from] Grassy Terrain
|upkeep
|turn|14
|
|t:|1597296936
|switch|p1a: Blissey|Blissey, F|100/100
|move|p2a: Crawdaunt|Swords Dance|p2a: Crawdaunt
|-boost|p2a: Crawdaunt|atk|2
|
|-heal|p2a: Crawdaunt|77/100|[from] Grassy Terrain
|upkeep
|turn|15
|j| IPF
|j| James110489
|j| AldrichYan
|j| 70to90gxe
|
|t:|1597296956
|move|p2a: Crawdaunt|Knock Off|p1a: Blissey
|-damage|p1a: Blissey|0 fnt
|-enditem|p1a: Blissey|Heavy-Duty Boots|[from] move: Knock Off|[of] p2a: Crawdaunt
|faint|p1a: Blissey
|
|-heal|p2a: Crawdaunt|83/100|[from] Grassy Terrain
|upkeep
|inactive|sir guap has 90 seconds left.
|j| King Kdot
|
|t:|1597296985
|switch|p1a: Ditto|Ditto, shiny|87/100
|-damage|p1a: Ditto|75/100|[from] Stealth Rock
|-transform|p1a: Ditto|p2a: Crawdaunt|[from] ability: Imposter
|turn|16
|l| 70to90gxe
|
|t:|1597296993
|move|p2a: Crawdaunt|Aqua Jet|p1a: Ditto
|-resisted|p1a: Ditto
|-damage|p1a: Ditto|15/100
|move|p1a: Ditto|Crabhammer|p2a: Crawdaunt
|-resisted|p2a: Crawdaunt
|-crit|p2a: Crawdaunt
|-damage|p2a: Crawdaunt|0 fnt
|faint|p2a: Crawdaunt
|
|-heal|p1a: Ditto|21/100|[from] Grassy Terrain
|-fieldend|move: Grassy Terrain
|upkeep
|
|t:|1597297017
|switch|p2a: Zeraora|Zeraora|25/100
|-damage|p2a: Zeraora|12/100|[from] Stealth Rock
|turn|17
|j| Jytcampbell
|inactive|sir guap has 90 seconds left.
|l|purchasedalargek
|
|t:|1597297045
|switch|p1a: Toxapex|Toxapex, F|100/100
|-damage|p1a: Toxapex|88/100|[from] Stealth Rock
|move|p2a: Zeraora|Plasma Fists|p1a: Toxapex
|-supereffective|p1a: Toxapex
|-damage|p1a: Toxapex|5/100
|-fieldactivate|move: Ion Deluge
|-damage|p2a: Zeraora|3/100|[from] item: Life Orb
|
|-heal|p1a: Toxapex|11/100|[from] item: Black Sludge
|upkeep
|turn|18
|j| lt71lx bacon
|
|t:|1597297058
|move|p2a: Zeraora|Knock Off|p1a: Toxapex
|-damage|p1a: Toxapex|0 fnt
|-enditem|p1a: Toxapex|Black Sludge|[from] move: Knock Off|[of] p2a: Zeraora
|-damage|p2a: Zeraora|0 fnt|[from] item: Life Orb
|faint|p1a: Toxapex
|faint|p2a: Zeraora
|
|upkeep
|j| Crack in time
|
|t:|1597297064
|switch|p2a: Togekiss|Togekiss, F|100/100
|switch|p1a: Jirachi|Jirachi|100/100
|-damage|p2a: Togekiss|76/100|[from] Stealth Rock
|-damage|p1a: Jirachi|94/100|[from] Stealth Rock
|turn|19
|
|t:|1597297075
|switch|p1a: Ditto|Ditto, shiny|21/100
|-damage|p1a: Ditto|9/100|[from] Stealth Rock
|-transform|p1a: Ditto|p2a: Togekiss|[from] ability: Imposter
|move|p2a: Togekiss|Trick|p1a: Ditto
|-activate|p2a: Togekiss|move: Trick|[of] p1a: Ditto
|-item|p1a: Ditto|Choice Scarf|[from] move: Trick
|-item|p2a: Togekiss|Choice Scarf|[from] move: Trick
|
|upkeep
|turn|20
|j| gare23limit
|
|t:|1597297088
|switch|p2a: Necrozma|Necrozma|58/100
|-damage|p2a: Necrozma|45/100|[from] Stealth Rock
|move|p1a: Ditto|Air Slash|p2a: Necrozma
|-damage|p2a: Necrozma|5/100
|
|upkeep
|turn|21
|j| Juseth sepulveda
|
|t:|1597297097
|move|p1a: Ditto|Air Slash|p2a: Necrozma
|-damage|p2a: Necrozma|0 fnt
|faint|p2a: Necrozma
|
|upkeep
|
|t:|1597297099
|switch|p2a: Scizor|Scizor, F|100/100
|-damage|p2a: Scizor|88/100|[from] Stealth Rock
|turn|22
|
|t:|1597297102
|move|p2a: Scizor|Bullet Punch|p1a: Ditto
|-supereffective|p1a: Ditto
|-damage|p1a: Ditto|0 fnt
|-damage|p2a: Scizor|78/100|[from] item: Life Orb
|faint|p1a: Ditto
|
|upkeep
|
|t:|1597297104
|switch|p1a: Jirachi|Jirachi|94/100
|-damage|p1a: Jirachi|88/100|[from] Stealth Rock
|turn|23
|
|t:|1597297108
|move|p1a: Jirachi|Iron Head|p2a: Scizor
|-resisted|p2a: Scizor
|-damage|p2a: Scizor|59/100
|cant|p2a: Scizor|flinch
|
|-heal|p1a: Jirachi|94/100|[from] item: Leftovers
|upkeep
|turn|24
|
|t:|1597297112
|move|p1a: Jirachi|Iron Head|p2a: Scizor
|-resisted|p2a: Scizor
|-damage|p2a: Scizor|42/100
|cant|p2a: Scizor|flinch
|
|-heal|p1a: Jirachi|100/100|[from] item: Leftovers
|upkeep
|turn|25
|
|t:|1597297117
|move|p1a: Jirachi|Iron Head|p2a: Scizor
|-resisted|p2a: Scizor
|-damage|p2a: Scizor|21/100
|cant|p2a: Scizor|flinch
|
|upkeep
|turn|26
|c|☆lt71lx bfl|god pls
|
|t:|1597297122
|move|p1a: Jirachi|Thunder Punch|p2a: Scizor
|-damage|p2a: Scizor|0 fnt
|faint|p2a: Scizor
|
|upkeep
|c|☆lt71lx bfl|what a joke
|c|☆lt71lx bfl|LOL
|
|t:|1597297129
|switch|p2a: Togekiss|Togekiss, F|76/100
|-damage|p2a: Togekiss|51/100|[from] Stealth Rock
|turn|27
|
|t:|1597297132
|move|p2a: Togekiss|Flamethrower|p1a: Jirachi
|-supereffective|p1a: Jirachi
|-damage|p1a: Jirachi|52/100
|-status|p1a: Jirachi|brn
|move|p1a: Jirachi|Iron Head|p2a: Togekiss
|-supereffective|p2a: Togekiss
|-damage|p2a: Togekiss|15/100
|
|-heal|p1a: Jirachi|59/100 brn|[from] item: Leftovers
|-damage|p1a: Jirachi|52/100 brn|[from] brn
|upkeep
|turn|28
|
|t:|1597297138
|move|p2a: Togekiss|Flamethrower|p1a: Jirachi
|-supereffective|p1a: Jirachi
|-damage|p1a: Jirachi|6/100 brn
|move|p1a: Jirachi|Iron Head|p2a: Togekiss
|-supereffective|p2a: Togekiss
|-damage|p2a: Togekiss|0 fnt
|faint|p2a: Togekiss
|
|win|sir guap
|raw|sir guap's rating: 2086 &rarr; <strong>2109</strong><br />(+23 for winning)
|raw|lt71lx bfl's rating: 2141 &rarr; <strong>2118</strong><br />(-23 for losing)
|c|☆lt71lx bfl|._.
|l| IPF
|l|☆sir guap
|l| syncopied
|l| Insult
|l|☆lt71lx bfl
|l| imzosi
|l| bss and bsd
|l| OUTU Hide And Seek
|l| Crack in time
|l| James110489
|l| Sahki
|l| AldrichYan
|l| ez
|l| melancholy hills
|l| Bunny Girl Mai
|l| Juseth sepulveda
