|j|☆Kotokawa Akira
|j|☆ohioboy
|t:|1667269857
|gametype|singles
|player|p1|Kotokawa Akira|erika|1676
|player|p2|ohioboy|twins-gen4dp|1711
|teamsize|p1|6
|teamsize|p2|6
|gen|8
|tier|[Gen 8] OU
|rated|
|rule|Sleep Clause Mod: Limit one foe put to sleep
|rule|Species Clause: Limit one of each Pokémon
|rule|OHKO Clause: OHKO moves are banned
|rule|Evasion Items Clause: Evasion items are banned
|rule|Evasion Moves Clause: Evasion moves are banned
|rule|Endless Battle Clause: Forcing endless battles is banned
|rule|HP Percentage Mod: HP is shown in percentages
|rule|Dynamax Clause: You cannot dynamax
|clearpoke
|poke|p1|Tapu Lele|
|poke|p1|Blacephalon|
|poke|p1|Tyranitar, M|
|poke|p1|Landorus-Therian, M|
|poke|p1|Corviknight, F|
|poke|p1|Toxapex, M|
|poke|p2|Tapu Fini|
|poke|p2|Melmetal|
|poke|p2|Corviknight, M|
|poke|p2|Dragapult, M|
|poke|p2|Garchomp, M|
|poke|p2|Rillaboom, M|
|teampreview
|inactive|Battle timer is ON: inactive players will automatically lose when time's up. (requested by ohioboy)
|j| Chia Seed Bomb
|inactive|ohioboy has 120 seconds left.
|
|t:|1667269889
|start
|switch|p1a: Landorus|Landorus-Therian, M|100/100
|switch|p2a: Dragapult|Dragapult, M|100/100
|-ability|p1a: Landorus|Intimidate|boost
|-unboost|p2a: Dragapult|atk|1
|turn|1
|
|t:|1667269891
|move|p2a: Dragapult|U-turn|p1a: Landorus
|-resisted|p1a: Landorus
|-damage|p1a: Landorus|95/100
|
|t:|1667269893
|switch|p2a: Yami|Corviknight, M, shiny|100/100|[from]move: U-turn
|move|p1a: Landorus|Knock Off|p2a: Yami
|-damage|p2a: Yami|72/100
|-enditem|p2a: Yami|Weakness Policy|[from] move: Knock Off|[of] p1a: Landorus
|
|-heal|p1a: Landorus|100/100|[from] item: Leftovers
|upkeep
|turn|2
|j| dieanword
|
|t:|1667269900
|move|p1a: Landorus|Stealth Rock|p2a: Yami
|-sidestart|p2: ohioboy|move: Stealth Rock
|move|p2a: Yami|Agility|p2a: Yami
|-boost|p2a: Yami|spe|2
|
|upkeep
|turn|3
|
|t:|1667269905
|move|p2a: Yami|Agility|p2a: Yami
|-boost|p2a: Yami|spe|2
|move|p1a: Landorus|U-turn|p2a: Yami
|-resisted|p2a: Yami
|-damage|p2a: Yami|67/100
|
|t:|1667269911
|switch|p1a: Blacephalon|Blacephalon|100/100|[from]move: U-turn
|
|upkeep
|turn|4
|c|☆ohioboy|!math 344*1.5
|c| ohioboy|/raw <div class="infobox">344*1.5<br />= <strong>516</strong></div>
|
|t:|1667269929
|switch|p2a: Zangetsu|Garchomp, M, shiny|100/100
|-damage|p2a: Zangetsu|94/100|[from] Stealth Rock
|move|p1a: Blacephalon|Overheat|p2a: Zangetsu
|-resisted|p2a: Zangetsu
|-damage|p2a: Zangetsu|42/100
|-unboost|p1a: Blacephalon|spa|2
|
|-heal|p2a: Zangetsu|48/100|[from] item: Leftovers
|upkeep
|turn|5
|
|t:|1667269932
|switch|p1a: Corviknight|Corviknight, F|100/100
|-ability|p1a: Corviknight|Pressure
|move|p2a: Zangetsu|Stealth Rock|p1a: Corviknight
|-sidestart|p1: Kotokawa Akira|move: Stealth Rock
|
|-heal|p2a: Zangetsu|54/100|[from] item: Leftovers
|upkeep
|turn|6
|
|t:|1667269947
|switch|p2a: Fate|Melmetal, shiny|100/100
|-damage|p2a: Fate|94/100|[from] Stealth Rock
|move|p1a: Corviknight|Defog|p2a: Fate
|-unboost|p2a: Fate|evasion|1
|-sideend|p2: ohioboy|Stealth Rock|[from] move: Defog|[of] p1a: Corviknight
|-sideend|p1: Kotokawa Akira|Stealth Rock|[from] move: Defog|[of] p1a: Corviknight
|
|-heal|p2a: Fate|100/100|[from] item: Leftovers
|upkeep
|turn|7
|
|t:|1667269953
|move|p1a: Corviknight|Body Press|p2a: Fate
|-supereffective|p2a: Fate
|-damage|p2a: Fate|74/100
|move|p2a: Fate|Toxic|p1a: Corviknight|[miss]
|-miss|p2a: Fate|p1a: Corviknight
|
|-heal|p2a: Fate|80/100|[from] item: Leftovers
|upkeep
|turn|8
|
|t:|1667269961
|move|p1a: Corviknight|Body Press|p2a: Fate
|-supereffective|p2a: Fate
|-damage|p2a: Fate|54/100
|move|p2a: Fate|Toxic|p1a: Corviknight
|-immune|p1a: Corviknight
|
|-heal|p2a: Fate|60/100|[from] item: Leftovers
|upkeep
|turn|9
|l| Chia Seed Bomb
|
|t:|1667269966
|move|p2a: Fate|Protect|p2a: Fate
|-singleturn|p2a: Fate|Protect
|move|p1a: Corviknight|Body Press|p2a: Fate
|-activate|p2a: Fate|move: Protect
|
|-heal|p2a: Fate|66/100|[from] item: Leftovers
|upkeep
|turn|10
|
|t:|1667269968
|switch|p2a: Dragapult|Dragapult, M|100/100
|move|p1a: Corviknight|U-turn|p2a: Dragapult
|-resisted|p2a: Dragapult
|-crit|p2a: Dragapult
|-damage|p2a: Dragapult|86/100
|j| MachineGunJubblies
|j| Jiusui
|
|t:|1667269982
|switch|p1a: Tyranitar|Tyranitar, M|100/100|[from]move: U-turn
|-weather|Sandstorm|[from] ability: Sand Stream|[of] p1a: Tyranitar
|
|-weather|Sandstorm|[upkeep]
|-damage|p2a: Dragapult|80/100|[from] Sandstorm
|upkeep
|turn|11
|
|t:|1667269986
|move|p2a: Dragapult|U-turn|p1a: Tyranitar
|-supereffective|p1a: Tyranitar
|-damage|p1a: Tyranitar|72/100
|
|t:|1667269991
|switch|p2a: Fate|Melmetal, shiny|66/100|[from]move: U-turn
|move|p1a: Tyranitar|Stone Edge|p2a: Fate|[miss]
|-miss|p1a: Tyranitar|p2a: Fate
|
|-weather|Sandstorm|[upkeep]
|-heal|p2a: Fate|72/100|[from] item: Leftovers
|upkeep
|turn|12
|
|t:|1667270001
|switch|p1a: Corviknight|Corviknight, F|100/100
|-ability|p1a: Corviknight|Pressure
|switch|p2a: Dragapult|Dragapult, M|80/100
|
|-weather|Sandstorm|[upkeep]
|-damage|p2a: Dragapult|74/100|[from] Sandstorm
|upkeep
|turn|13
|
|t:|1667270013
|switch|p1a: Toxapex|Toxapex, M|100/100
|move|p2a: Dragapult|Shadow Ball|p1a: Toxapex
|-damage|p1a: Toxapex|53/100
|-unboost|p1a: Toxapex|spd|1
|-enditem|p1a: Toxapex|Eject Button
|j| Crocsterr
|
|t:|1667270025
|switch|p1a: Tyranitar|Tyranitar, M|72/100
|
|-weather|Sandstorm|[upkeep]
|-damage|p2a: Dragapult|68/100|[from] Sandstorm
|upkeep
|turn|14
|
|t:|1667270031
|switch|p2a: Zangetsu|Garchomp, M, shiny|54/100
|move|p1a: Tyranitar|Crunch|p2a: Zangetsu
|-damage|p2a: Zangetsu|0 fnt
|-damage|p1a: Tyranitar|59/100|[from] ability: Rough Skin|[of] p2a: Zangetsu
|faint|p2a: Zangetsu
|
|-weather|none
|upkeep
|
|t:|1667270036
|switch|p2a: Dragapult|Dragapult, M|68/100
|turn|15
|l| Crocsterr
|
|t:|1667270040
|switch|p1a: Corviknight|Corviknight, F|100/100
|-ability|p1a: Corviknight|Pressure
|move|p2a: Dragapult|U-turn|p1a: Corviknight
|-resisted|p1a: Corviknight
|-damage|p1a: Corviknight|98/100
|-damage|p2a: Dragapult|51/100|[from] item: Rocky Helmet|[of] p1a: Corviknight
|
|t:|1667270044
|switch|p2a: Raven|Tapu Fini, shiny|100/100|[from]move: U-turn
|-fieldstart|move: Misty Terrain|[from] ability: Misty Surge|[of] p2a: Raven
|
|upkeep
|turn|16
|
|t:|1667270049
|move|p2a: Raven|Calm Mind|p2a: Raven
|-boost|p2a: Raven|spa|1
|-boost|p2a: Raven|spd|1
|move|p1a: Corviknight|U-turn|p2a: Raven
|-resisted|p2a: Raven
|-damage|p2a: Raven|96/100
|
|t:|1667270071
|switch|p1a: Toxapex|Toxapex, M|86/100|[from]move: U-turn
|
|-heal|p2a: Raven|100/100|[from] item: Leftovers
|upkeep
|turn|17
|
|t:|1667270073
|move|p2a: Raven|Taunt|p1a: Toxapex
|-start|p1a: Toxapex|move: Taunt
|move|p1a: Toxapex|Poison Jab|p2a: Raven
|-supereffective|p2a: Raven
|-damage|p2a: Raven|73/100
|
|-heal|p2a: Raven|79/100|[from] item: Leftovers
|upkeep
|turn|18
|
|t:|1667270085
|switch|p2a: Fate|Melmetal, shiny|72/100
|move|p1a: Toxapex|Knock Off|p2a: Fate
|-damage|p2a: Fate|64/100
|-enditem|p2a: Fate|Leftovers|[from] move: Knock Off|[of] p1a: Toxapex
|
|upkeep
|turn|19
|
|t:|1667270094
|switch|p1a: Corviknight|Corviknight, F|98/100
|-ability|p1a: Corviknight|Pressure
|switch|p2a: Dragapult|Dragapult, M|51/100
|
|-fieldend|Misty Terrain
|upkeep
|turn|20
|
|t:|1667270102
|switch|p1a: Toxapex|Toxapex, M|100/100
|move|p2a: Dragapult|Shadow Ball|p1a: Toxapex
|-damage|p1a: Toxapex|58/100
|
|upkeep
|turn|21
|
|t:|1667270107
|move|p2a: Dragapult|Shadow Ball|p1a: Toxapex
|-damage|p1a: Toxapex|10/100
|-unboost|p1a: Toxapex|spd|1
|move|p1a: Toxapex|Recover|p1a: Toxapex
|-heal|p1a: Toxapex|60/100
|
|upkeep
|turn|22
|
|t:|1667270113
|switch|p1a: Tyranitar|Tyranitar, M|59/100
|-weather|Sandstorm|[from] ability: Sand Stream|[of] p1a: Tyranitar
|move|p2a: Dragapult|Shadow Ball|p1a: Tyranitar
|-resisted|p1a: Tyranitar
|-damage|p1a: Tyranitar|40/100
|
|-weather|Sandstorm|[upkeep]
|-damage|p2a: Dragapult|45/100|[from] Sandstorm
|upkeep
|turn|23
|
|t:|1667270118
|switch|p2a: Fate|Melmetal, shiny|64/100
|move|p1a: Tyranitar|Heavy Slam|p2a: Fate
|-resisted|p2a: Fate
|-damage|p2a: Fate|59/100
|
|-weather|Sandstorm|[upkeep]
|upkeep
|turn|24
|
|t:|1667270125
|switch|p1a: Landorus|Landorus-Therian, M|100/100
|-ability|p1a: Landorus|Intimidate|boost
|-unboost|p2a: Fate|atk|1
|move|p2a: Fate|Protect||[still]
|-fail|p2a: Fate
|
|-weather|Sandstorm|[upkeep]
|upkeep
|turn|25
|
|t:|1667270133
|switch|p2a: Rillaboom|Rillaboom, M|100/100
|-fieldstart|move: Grassy Terrain|[from] ability: Grassy Surge|[of] p2a: Rillaboom
|move|p1a: Landorus|Stealth Rock|p2a: Rillaboom
|-sidestart|p2: ohioboy|move: Stealth Rock
|
|-weather|Sandstorm|[upkeep]
|-damage|p2a: Rillaboom|94/100|[from] Sandstorm
|-heal|p2a: Rillaboom|100/100|[from] Grassy Terrain
|upkeep
|turn|26
|l| MachineGunJubblies
|
|t:|1667270140
|move|p2a: Rillaboom|Swords Dance|p2a: Rillaboom
|-boost|p2a: Rillaboom|atk|2
|move|p1a: Landorus|U-turn|p2a: Rillaboom
|-supereffective|p2a: Rillaboom
|-damage|p2a: Rillaboom|48/100
|
|t:|1667270145
|switch|p1a: Tapu Lele|Tapu Lele|100/100|[from]move: U-turn
|-fieldstart|move: Psychic Terrain|[from] ability: Psychic Surge|[of] p1a: Tapu Lele
|
|-weather|none
|upkeep
|turn|27
|
|t:|1667270151
|switch|p2a: Dragapult|Dragapult, M|45/100
|-damage|p2a: Dragapult|33/100|[from] Stealth Rock
|move|p1a: Tapu Lele|Psychic|p2a: Dragapult
|-damage|p2a: Dragapult|0 fnt
|faint|p2a: Dragapult
|
|upkeep
|
|t:|1667270153
|switch|p2a: Fate|Melmetal, shiny|59/100
|-damage|p2a: Fate|53/100|[from] Stealth Rock
|turn|28
|
|t:|1667270164
|switch|p1a: Corviknight|Corviknight, F|98/100
|-ability|p1a: Corviknight|Pressure
|switch|p2a: Yami|Corviknight, M, shiny|67/100
|-damage|p2a: Yami|55/100|[from] Stealth Rock
|
|upkeep
|turn|29
|
|t:|1667270170
|move|p2a: Yami|Roost|p2a: Yami
|-heal|p2a: Yami|100/100
|-singleturn|p2a: Yami|move: Roost
|move|p1a: Corviknight|U-turn|p2a: Yami
|-resisted|p2a: Yami
|-damage|p2a: Yami|95/100
|
|t:|1667270172
|switch|p1a: Blacephalon|Blacephalon|100/100|[from]move: U-turn
|
|upkeep
|turn|30
|
|t:|1667270175
|switch|p2a: Raven|Tapu Fini, shiny|79/100
|-damage|p2a: Raven|66/100|[from] Stealth Rock
|-fieldstart|move: Misty Terrain|[from] ability: Misty Surge|[of] p2a: Raven
|move|p1a: Blacephalon|Shadow Ball|p2a: Raven
|-crit|p2a: Raven
|-damage|p2a: Raven|0 fnt
|faint|p2a: Raven
|-ability|p1a: Blacephalon|Beast Boost|boost
|-boost|p1a: Blacephalon|spa|1
|
|upkeep
|-message|ohioboy forfeited.
|
|win|Kotokawa Akira
|raw|Kotokawa Akira's rating: 1676 &rarr; <strong>1698</strong><br />(+22 for winning)
|raw|ohioboy's rating: 1711 &rarr; <strong>1689</strong><br />(-22 for losing)
