|j|☆ASAP KWAK
|j|☆2222mm
|player|p1|ASAP KWAK|102|1612
|player|p2|2222mm|wallace|1593
|teamsize|p1|6
|teamsize|p2|6
|gametype|singles
|gen|8
|tier|[Gen 8] OU
|rated|
|clearpoke
|poke|p1|Kommo-o, F|
|poke|p1|Toxapex, M|
|poke|p1|Clefable, M|
|poke|p1|Cinderace, F|
|poke|p1|Ditto|
|poke|p1|Hippowdon, F|
|poke|p2|Pelipper, M|
|poke|p2|Dracovish|
|poke|p2|Mantine, M|
|poke|p2|Seismitoad, M|
|poke|p2|Ferrothorn, F|
|poke|p2|Jirachi|
|rule|Sleep Clause Mod: Limit one foe put to sleep
|rule|Species Clause: Limit one of each Pokémon
|rule|OHKO Clause: OHKO moves are banned
|rule|Evasion Moves Clause: Evasion moves are banned
|rule|Endless Battle Clause: Forcing endless battles is banned
|rule|HP Percentage Mod: HP is shown in percentages
|rule|Dynamax Clause: You cannot dynamax
|teampreview
|inactive|Battle timer is ON: inactive players will automatically lose when time's up. (requested by ASAP KWAK)
|
|start
|switch|p1a: Toxapex|Toxapex, M|100/100
|switch|p2a: Jirachi|Jirachi, shiny|100/100
|turn|1
|
|switch|p1a: Hippowdon|Hippowdon, F|100/100
|-weather|Sandstorm|[from] ability: Sand Stream|[of] p1a: Hippowdon
|move|p2a: Jirachi|Trick|p1a: Hippowdon
|-activate|p2a: Jirachi|move: Trick|[of] p1a: Hippowdon
|-item|p1a: Hippowdon|Choice Scarf|[from] move: Trick
|-item|p2a: Jirachi|Leftovers|[from] move: Trick
|
|-weather|Sandstorm|[upkeep]
|upkeep
|turn|2
|
|move|p2a: Jirachi|U-turn|p1a: Hippowdon
|-damage|p1a: Hippowdon|90/100
|
|switch|p2a: Pelipper|Pelipper, M|100/100|[from]move: U-turn
|-weather|RainDance|[from] ability: Drizzle|[of] p2a: Pelipper
|move|p1a: Hippowdon|Earthquake|p2a: Pelipper
|-immune|p2a: Pelipper
|
|-weather|RainDance|[upkeep]
|upkeep
|turn|3
|
|switch|p1a: Toxapex|Toxapex, M|100/100
|move|p2a: Pelipper|U-turn|p1a: Toxapex
|-resisted|p1a: Toxapex
|-damage|p1a: Toxapex|98/100
|
|switch|p2a: Ferrothorn|Ferrothorn, F, shiny|100/100|[from]move: U-turn
|
|-weather|RainDance|[upkeep]
|-heal|p1a: Toxapex|100/100|[from] item: Black Sludge
|upkeep
|turn|4
|
|switch|p1a: Kommo-o|Kommo-o, F|100/100
|move|p2a: Ferrothorn|Knock Off|p1a: Kommo-o
|-resisted|p1a: Kommo-o
|-damage|p1a: Kommo-o|90/100
|-enditem|p1a: Kommo-o|Throat Spray|[from] move: Knock Off|[of] p2a: Ferrothorn
|
|-weather|RainDance|[upkeep]
|upkeep
|turn|5
|
|switch|p2a: Mantine|Mantine, M|100/100
|move|p1a: Kommo-o|Clangorous Soul|p1a: Kommo-o
|-boost|p1a: Kommo-o|atk|1
|-boost|p1a: Kommo-o|def|1
|-boost|p1a: Kommo-o|spa|1
|-boost|p1a: Kommo-o|spd|1
|-boost|p1a: Kommo-o|spe|1
|-damage|p1a: Kommo-o|57/100
|
|-weather|RainDance|[upkeep]
|upkeep
|turn|6
|
|move|p2a: Mantine|Hurricane|p1a: Kommo-o
|-supereffective|p1a: Kommo-o
|-damage|p1a: Kommo-o|0 fnt
|faint|p1a: Kommo-o
|
|-weather|RainDance|[upkeep]
|upkeep
|
|switch|p1a: Clefable|Clefable, M|100/100
|turn|7
|
|switch|p2a: Jirachi|Jirachi, shiny|100/100
|move|p1a: Clefable|Thunder Wave|p2a: Jirachi
|-status|p2a: Jirachi|par
|
|-weather|RainDance|[upkeep]
|upkeep
|turn|8
|
|cant|p2a: Jirachi|par
|move|p1a: Clefable|Moonblast|p2a: Jirachi
|-resisted|p2a: Jirachi
|-damage|p2a: Jirachi|86/100 par
|
|-weather|RainDance|[upkeep]
|-heal|p2a: Jirachi|92/100 par|[from] item: Leftovers
|upkeep
|turn|9
|
|switch|p2a: Ferrothorn|Ferrothorn, F, shiny|100/100
|move|p1a: Clefable|Moonblast|p2a: Ferrothorn
|-resisted|p2a: Ferrothorn
|-damage|p2a: Ferrothorn|88/100
|
|-weather|none
|upkeep
|turn|10
|
|switch|p1a: Cinderace|Cinderace, F|100/100
|move|p2a: Ferrothorn|Knock Off|p1a: Cinderace
|-damage|p1a: Cinderace|70/100
|-enditem|p1a: Cinderace|Heavy-Duty Boots|[from] move: Knock Off|[of] p2a: Ferrothorn
|
|upkeep
|turn|11
|
|switch|p2a: Pelipper|Pelipper, M|100/100
|-weather|RainDance|[from] ability: Drizzle|[of] p2a: Pelipper
|move|p1a: Cinderace|High Jump Kick|p2a: Pelipper
|-resisted|p2a: Pelipper
|-damage|p2a: Pelipper|80/100
|
|-weather|RainDance|[upkeep]
|upkeep
|turn|12
|
|move|p1a: Cinderace|U-turn|p2a: Pelipper
|-resisted|p2a: Pelipper
|-damage|p2a: Pelipper|70/100
|
|switch|p1a: Toxapex|Toxapex, M|100/100|[from]move: U-turn
|move|p2a: Pelipper|U-turn|p1a: Toxapex
|-resisted|p1a: Toxapex
|-damage|p1a: Toxapex|98/100
|
|switch|p2a: Seismitoad|Seismitoad, M|100/100|[from]move: U-turn
|
|-weather|RainDance|[upkeep]
|-heal|p1a: Toxapex|100/100|[from] item: Black Sludge
|upkeep
|turn|13
|
|move|p2a: Seismitoad|Earthquake|p1a: Toxapex
|-supereffective|p1a: Toxapex
|-damage|p1a: Toxapex|24/100
|-damage|p2a: Seismitoad|91/100|[from] item: Life Orb
|move|p1a: Toxapex|Toxic|p2a: Seismitoad
|-status|p2a: Seismitoad|tox
|
|-weather|RainDance|[upkeep]
|-heal|p1a: Toxapex|30/100|[from] item: Black Sludge
|-damage|p2a: Seismitoad|85/100 tox|[from] psn
|upkeep
|turn|14
|
|switch|p2a: Mantine|Mantine, M|100/100
|switch|p1a: Hippowdon|Hippowdon, F|90/100
|-weather|Sandstorm|[from] ability: Sand Stream|[of] p1a: Hippowdon
|
|-weather|Sandstorm|[upkeep]
|-damage|p2a: Mantine|94/100|[from] Sandstorm
|upkeep
|turn|15
|
|move|p2a: Mantine|Surf|p1a: Hippowdon
|-supereffective|p1a: Hippowdon
|-damage|p1a: Hippowdon|0 fnt
|faint|p1a: Hippowdon
|
|-weather|Sandstorm|[upkeep]
|-damage|p2a: Mantine|88/100|[from] Sandstorm
|upkeep
|inactive|ASAP KWAK has 120 seconds left.
|
|switch|p1a: Clefable|Clefable, M|100/100
|turn|16
|
|switch|p2a: Ferrothorn|Ferrothorn, F, shiny|88/100
|switch|p1a: Cinderace|Cinderace, F|70/100
|
|-weather|Sandstorm|[upkeep]
|-damage|p1a: Cinderace|64/100|[from] Sandstorm
|upkeep
|turn|17
|
|switch|p2a: Pelipper|Pelipper, M|70/100
|-weather|RainDance|[from] ability: Drizzle|[of] p2a: Pelipper
|move|p1a: Cinderace|Pyro Ball|p2a: Pelipper
|-resisted|p2a: Pelipper
|-damage|p2a: Pelipper|57/100
|
|-weather|RainDance|[upkeep]
|upkeep
|turn|18
|
|move|p1a: Cinderace|U-turn|p2a: Pelipper
|-resisted|p2a: Pelipper
|-damage|p2a: Pelipper|46/100
|
|switch|p1a: Toxapex|Toxapex, M|63/100|[from]move: U-turn
|move|p2a: Pelipper|Roost|p2a: Pelipper
|-heal|p2a: Pelipper|96/100
|-singleturn|p2a: Pelipper|move: Roost
|
|-weather|RainDance|[upkeep]
|-heal|p1a: Toxapex|69/100|[from] item: Black Sludge
|upkeep
|turn|19
|
|switch|p2a: Ferrothorn|Ferrothorn, F, shiny|88/100
|move|p1a: Toxapex|Toxic|p2a: Ferrothorn
|-immune|p2a: Ferrothorn
|
|-weather|RainDance|[upkeep]
|-heal|p1a: Toxapex|75/100|[from] item: Black Sludge
|upkeep
|turn|20
|
|switch|p1a: Cinderace|Cinderace, F|64/100
|move|p2a: Ferrothorn|Body Press|p1a: Cinderace
|-damage|p1a: Cinderace|22/100
|
|-weather|RainDance|[upkeep]
|upkeep
|turn|21
|
|switch|p2a: Pelipper|Pelipper, M|96/100
|move|p1a: Cinderace|Pyro Ball|p2a: Pelipper
|-resisted|p2a: Pelipper
|-damage|p2a: Pelipper|75/100
|
|-weather|RainDance|[upkeep]
|upkeep
|turn|22
|
|move|p1a: Cinderace|Pyro Ball|p2a: Pelipper
|-resisted|p2a: Pelipper
|-damage|p2a: Pelipper|56/100
|move|p2a: Pelipper|U-turn|p1a: Cinderace
|-resisted|p1a: Cinderace
|-damage|p1a: Cinderace|15/100
|
|switch|p2a: Seismitoad|Seismitoad, M|85/100 tox|[from]move: U-turn
|
|-weather|RainDance|[upkeep]
|-damage|p2a: Seismitoad|79/100 tox|[from] psn
|upkeep
|turn|23
|
|move|p2a: Seismitoad|Earthquake|p1a: Cinderace
|-supereffective|p1a: Cinderace
|-damage|p1a: Cinderace|0 fnt
|-damage|p2a: Seismitoad|69/100 tox|[from] item: Life Orb
|faint|p1a: Cinderace
|
|-weather|RainDance|[upkeep]
|-damage|p2a: Seismitoad|57/100 tox|[from] psn
|upkeep
|
|switch|p1a: Clefable|Clefable, M|100/100
|turn|24
|
|move|p2a: Seismitoad|Liquidation|p1a: Clefable
|-damage|p1a: Clefable|36/100
|-damage|p2a: Seismitoad|47/100 tox|[from] item: Life Orb
|move|p1a: Clefable|Moonblast|p2a: Seismitoad
|-damage|p2a: Seismitoad|6/100 tox
|
|-weather|none
|-heal|p1a: Clefable|42/100|[from] item: Leftovers
|-damage|p2a: Seismitoad|0 fnt|[from] psn
|faint|p2a: Seismitoad
|upkeep
|
|switch|p2a: Dracovish|Dracovish, shiny|100/100
|turn|25
|
|move|p1a: Clefable|Protect|p1a: Clefable
|-singleturn|p1a: Clefable|Protect
|move|p2a: Dracovish|Fishious Rend|p1a: Clefable
|-activate|p1a: Clefable|move: Protect
|
|-heal|p1a: Clefable|48/100|[from] item: Leftovers
|upkeep
|turn|26
|l|☆ASAP KWAK
|inactive|ASAP KWAK disconnected and has a minute to reconnect!
|player|p1|
|inactive|ASAP KWAK has 30 seconds to reconnect!
|inactive|ASAP KWAK has 20 seconds to reconnect!
|inactive|ASAP KWAK has 15 seconds to reconnect!
|inactive|ASAP KWAK has 10 seconds to reconnect!
|inactive|ASAP KWAK has 5 seconds to reconnect!
|-message|ASAP KWAK lost due to inactivity.
|
|win|2222mm
|raw|ASAP KWAK's rating: 1612 &rarr; <strong>1591</strong><br />(-21 for losing)
|raw|2222mm's rating: 1593 &rarr; <strong>1614</strong><br />(+21 for winning)
