|j|☆Mathology0
|j|☆Bloody Busybody
|t:|1652105648
|gametype|singles
|player|p1|Mathology0|silver|1543
|player|p2|Bloody Busybody|bugcatcher|1603
|teamsize|p1|6
|teamsize|p2|6
|gen|8
|tier|[Gen 8] OU
|rated|
|rule|Sleep Clause Mod: Limit one foe put to sleep
|rule|Species Clause: Limit one of each Pokémon
|rule|OHKO Clause: OHKO moves are banned
|rule|Evasion Moves Clause: Evasion moves are banned
|rule|Endless Battle Clause: Forcing endless battles is banned
|rule|HP Percentage Mod: HP is shown in percentages
|rule|Dynamax Clause: You cannot dynamax
|clearpoke
|poke|p1|Toxtricity, M|
|poke|p1|Ferrothorn, F|
|poke|p1|Volcanion|
|poke|p1|Landorus-Therian, M|
|poke|p1|Tapu Lele|
|poke|p1|Weavile, M|
|poke|p2|Volcanion|
|poke|p2|Zapdos|
|poke|p2|Blissey, F|
|poke|p2|Tapu Fini|
|poke|p2|Garchomp, M|
|poke|p2|Weavile, M|
|teampreview
|inactive|Battle timer is ON: inactive players will automatically lose when time's up. (requested by Mathology0)
|
|t:|1652105671
|start
|switch|p1a: Tapu Lele|Tapu Lele, shiny|100/100
|switch|p2a: Volcanion|Volcanion|100/100
|-fieldstart|move: Psychic Terrain|[from] ability: Psychic Surge|[of] p1a: Tapu Lele
|turn|1
|
|t:|1652105682
|switch|p1a: Volcanion|Volcanion|100/100
|switch|p2a: Weavile|Weavile, M|100/100
|-ability|p2a: Weavile|Pressure
|
|upkeep
|turn|2
|
|t:|1652105694
|switch|p2a: Blissey|Blissey, F|100/100
|switch|p1a: Ferrothorn|Ferrothorn, F|100/100
|
|upkeep
|turn|3
|
|t:|1652105700
|switch|p2a: Volcanion|Volcanion|100/100
|move|p1a: Ferrothorn|Knock Off|p2a: Volcanion
|-damage|p2a: Volcanion|84/100
|-enditem|p2a: Volcanion|Choice Specs|[from] move: Knock Off|[of] p1a: Ferrothorn
|
|upkeep
|turn|4
|
|t:|1652105712
|switch|p1a: Tapu Lele|Tapu Lele, shiny|100/100
|move|p2a: Volcanion|Fire Blast|p1a: Tapu Lele
|-damage|p1a: Tapu Lele|33/100
|
|upkeep
|turn|5
|j| jeanmilapipe
|
|t:|1652105721
|switch|p2a: Blissey|Blissey, F|100/100
|move|p1a: Tapu Lele|Moonblast|p2a: Blissey
|-damage|p2a: Blissey|81/100
|-unboost|p2a: Blissey|spa|1
|
|-fieldend|move: Psychic Terrain
|upkeep
|turn|6
|
|t:|1652105731
|switch|p1a: Ferrothorn|Ferrothorn, F|100/100
|move|p2a: Blissey|Teleport|p2a: Blissey
|
|t:|1652105735
|switch|p2a: Volcanion|Volcanion|84/100|[from]move: Teleport
|
|upkeep
|turn|7
|
|t:|1652105740
|switch|p1a: Landorus|Landorus-Therian, M|100/100
|-ability|p1a: Landorus|Intimidate|boost
|-unboost|p2a: Volcanion|atk|1
|move|p2a: Volcanion|Earth Power|p1a: Landorus
|-immune|p1a: Landorus
|
|upkeep
|turn|8
|
|t:|1652105748
|move|p1a: Landorus|Earthquake|p2a: Volcanion
|-supereffective|p2a: Volcanion
|-damage|p2a: Volcanion|5/100
|move|p2a: Volcanion|Steam Eruption|p1a: Landorus
|-supereffective|p1a: Landorus
|-damage|p1a: Landorus|0 fnt
|faint|p1a: Landorus
|
|upkeep
|
|t:|1652105757
|switch|p1a: Tapu Lele|Tapu Lele, shiny|33/100
|-fieldstart|move: Psychic Terrain|[from] ability: Psychic Surge|[of] p1a: Tapu Lele
|turn|9
|
|t:|1652105763
|switch|p2a: Weavile|Weavile, M|100/100
|-ability|p2a: Weavile|Pressure
|move|p1a: Tapu Lele|Psyshock|p2a: Weavile
|-immune|p2a: Weavile
|
|upkeep
|turn|10
|
|t:|1652105772
|switch|p1a: Ferrothorn|Ferrothorn, F|100/100
|move|p2a: Weavile|Swords Dance|p2a: Weavile
|-boost|p2a: Weavile|atk|2
|
|upkeep
|turn|11
|
|t:|1652105779
|move|p2a: Weavile|Low Kick|p1a: Ferrothorn
|-supereffective|p1a: Ferrothorn
|-damage|p1a: Ferrothorn|7/100
|-damage|p2a: Weavile|88/100|[from] ability: Iron Barbs|[of] p1a: Ferrothorn
|-damage|p2a: Weavile|72/100|[from] item: Rocky Helmet|[of] p1a: Ferrothorn
|-damage|p2a: Weavile|62/100|[from] item: Life Orb
|move|p1a: Ferrothorn|Power Whip|p2a: Weavile
|-damage|p2a: Weavile|0 fnt
|faint|p2a: Weavile
|
|upkeep
|
|t:|1652105783
|switch|p2a: Garchomp|Garchomp, M|100/100
|turn|12
|
|t:|1652105795
|move|p2a: Garchomp|Earthquake|p1a: Ferrothorn
|-damage|p1a: Ferrothorn|0 fnt
|faint|p1a: Ferrothorn
|
|upkeep
|
|t:|1652105803
|switch|p1a: Weavile|Weavile, M|100/100
|-ability|p1a: Weavile|Pressure
|turn|13
|
|t:|1652105810
|switch|p2a: Tapu Fini|Tapu Fini|100/100
|-fieldstart|move: Misty Terrain|[from] ability: Misty Surge|[of] p2a: Tapu Fini
|move|p1a: Weavile|Icicle Crash|p2a: Tapu Fini
|-resisted|p2a: Tapu Fini
|-damage|p2a: Tapu Fini|83/100
|
|-heal|p2a: Tapu Fini|89/100|[from] item: Leftovers
|upkeep
|turn|14
|
|t:|1652105825
|switch|p1a: Volcanion|Volcanion|100/100
|move|p2a: Tapu Fini|Scald|p1a: Volcanion
|-immune|p1a: Volcanion|[from] ability: Water Absorb
|
|-heal|p2a: Tapu Fini|96/100|[from] item: Leftovers
|upkeep
|turn|15
|
|t:|1652105841
|switch|p2a: Blissey|Blissey, F|81/100
|move|p1a: Volcanion|Sludge Bomb|p2a: Blissey
|-damage|p2a: Blissey|69/100
|
|upkeep
|turn|16
|
|t:|1652105849
|switch|p1a: Toxtricity|Toxtricity, M|100/100
|move|p2a: Blissey|Soft-Boiled|p2a: Blissey
|-heal|p2a: Blissey|100/100
|
|upkeep
|turn|17
|
|t:|1652105858
|switch|p2a: Volcanion|Volcanion|5/100
|move|p1a: Toxtricity|Volt Switch|p2a: Volcanion
|-supereffective|p2a: Volcanion
|-damage|p2a: Volcanion|0 fnt
|faint|p2a: Volcanion
|
|t:|1652105868
|switch|p1a: Tapu Lele|Tapu Lele, shiny|33/100|[from]move: Volt Switch
|-fieldstart|move: Psychic Terrain|[from] ability: Psychic Surge|[of] p1a: Tapu Lele
|
|upkeep
|
|t:|1652105876
|switch|p2a: Tapu Fini|Tapu Fini|96/100
|-fieldstart|move: Misty Terrain|[from] ability: Misty Surge|[of] p2a: Tapu Fini
|turn|18
|
|t:|1652105883
|switch|p1a: Toxtricity|Toxtricity, M|100/100
|move|p2a: Tapu Fini|Draining Kiss|p1a: Toxtricity
|-resisted|p1a: Toxtricity
|-damage|p1a: Toxtricity|82/100
|-heal|p2a: Tapu Fini|100/100|[from] drain|[of] p1a: Toxtricity
|
|upkeep
|turn|19
|
|t:|1652105892
|switch|p2a: Blissey|Blissey, F|100/100
|move|p1a: Toxtricity|Boomburst|p2a: Blissey
|-damage|p2a: Blissey|67/100
|
|upkeep
|turn|20
|
|t:|1652105900
|move|p1a: Toxtricity|Boomburst|p2a: Blissey
|-damage|p2a: Blissey|35/100
|move|p2a: Blissey|Soft-Boiled|p2a: Blissey
|-heal|p2a: Blissey|85/100
|
|upkeep
|turn|21
|
|t:|1652105906
|move|p1a: Toxtricity|Boomburst|p2a: Blissey
|-damage|p2a: Blissey|49/100
|move|p2a: Blissey|Soft-Boiled|p2a: Blissey
|-heal|p2a: Blissey|99/100
|
|upkeep
|turn|22
|
|t:|1652105913
|move|p1a: Toxtricity|Boomburst|p2a: Blissey
|-damage|p2a: Blissey|63/100
|move|p2a: Blissey|Seismic Toss|p1a: Toxtricity
|-damage|p1a: Toxtricity|48/100
|
|-fieldend|Misty Terrain
|upkeep
|turn|23
|
|t:|1652105921
|switch|p1a: Tapu Lele|Tapu Lele, shiny|33/100
|-fieldstart|move: Psychic Terrain|[from] ability: Psychic Surge|[of] p1a: Tapu Lele
|move|p2a: Blissey|Soft-Boiled|p2a: Blissey
|-heal|p2a: Blissey|100/100
|
|upkeep
|turn|24
|
|t:|1652105930
|move|p1a: Tapu Lele|Psyshock|p2a: Blissey
|-damage|p2a: Blissey|46/100
|move|p2a: Blissey|Soft-Boiled|p2a: Blissey
|-heal|p2a: Blissey|96/100
|
|upkeep
|turn|25
|
|t:|1652105936
|switch|p2a: Zapdos|Zapdos|100/100
|move|p1a: Tapu Lele|Psyshock|p2a: Zapdos
|-damage|p2a: Zapdos|59/100
|
|upkeep
|turn|26
|
|t:|1652105943
|switch|p1a: Toxtricity|Toxtricity, M|48/100
|move|p2a: Zapdos|Roost|p2a: Zapdos
|-heal|p2a: Zapdos|100/100
|-singleturn|p2a: Zapdos|move: Roost
|
|upkeep
|turn|27
|
|t:|1652105951
|switch|p2a: Blissey|Blissey, F|96/100
|move|p1a: Toxtricity|Volt Switch|p2a: Blissey
|-damage|p2a: Blissey|76/100
|
|t:|1652105963
|switch|p1a: Weavile|Weavile, M|100/100|[from]move: Volt Switch
|-ability|p1a: Weavile|Pressure
|
|-fieldend|move: Psychic Terrain
|upkeep
|turn|28
|
|t:|1652105970
|switch|p2a: Tapu Fini|Tapu Fini|100/100
|-fieldstart|move: Misty Terrain|[from] ability: Misty Surge|[of] p2a: Tapu Fini
|move|p1a: Weavile|Knock Off|p2a: Tapu Fini
|-resisted|p2a: Tapu Fini
|-damage|p2a: Tapu Fini|80/100
|-enditem|p2a: Tapu Fini|Leftovers|[from] move: Knock Off|[of] p1a: Weavile
|
|upkeep
|turn|29
|
|t:|1652105980
|switch|p1a: Volcanion|Volcanion|100/100
|move|p2a: Tapu Fini|Draining Kiss|p1a: Volcanion
|-resisted|p1a: Volcanion
|-damage|p1a: Volcanion|86/100
|-heal|p2a: Tapu Fini|89/100|[from] drain|[of] p1a: Volcanion
|
|upkeep
|turn|30
|
|t:|1652105989
|switch|p1a: Tapu Lele|Tapu Lele, shiny|33/100
|-fieldstart|move: Psychic Terrain|[from] ability: Psychic Surge|[of] p1a: Tapu Lele
|switch|p2a: Blissey|Blissey, F|76/100
|
|upkeep
|turn|31
|
|t:|1652105996
|move|p1a: Tapu Lele|Psyshock|p2a: Blissey
|-damage|p2a: Blissey|20/100
|move|p2a: Blissey|Soft-Boiled|p2a: Blissey
|-heal|p2a: Blissey|70/100
|
|upkeep
|turn|32
|
|t:|1652106003
|switch|p1a: Toxtricity|Toxtricity, M|48/100
|switch|p2a: Garchomp|Garchomp, M|100/100
|
|upkeep
|turn|33
|
|t:|1652106017
|switch|p1a: Volcanion|Volcanion|86/100
|move|p2a: Garchomp|Earthquake|p1a: Volcanion
|-supereffective|p1a: Volcanion
|-damage|p1a: Volcanion|6/100
|
|upkeep
|turn|34
|
|t:|1652106025
|move|p2a: Garchomp|Earthquake|p1a: Volcanion
|-supereffective|p1a: Volcanion
|-damage|p1a: Volcanion|0 fnt
|faint|p1a: Volcanion
|
|-fieldend|move: Psychic Terrain
|upkeep
|
|t:|1652106031
|switch|p1a: Weavile|Weavile, M|100/100
|-ability|p1a: Weavile|Pressure
|turn|35
|
|t:|1652106037
|switch|p1a: Toxtricity|Toxtricity, M|48/100
|switch|p2a: Tapu Fini|Tapu Fini|89/100
|-fieldstart|move: Misty Terrain|[from] ability: Misty Surge|[of] p2a: Tapu Fini
|
|upkeep
|turn|36
|
|t:|1652106045
|switch|p2a: Blissey|Blissey, F|70/100
|move|p1a: Toxtricity|Boomburst|p2a: Blissey
|-damage|p2a: Blissey|38/100
|
|upkeep
|turn|37
|
|t:|1652106051
|move|p1a: Toxtricity|Boomburst|p2a: Blissey
|-damage|p2a: Blissey|1/100
|move|p2a: Blissey|Soft-Boiled|p2a: Blissey
|-heal|p2a: Blissey|51/100
|
|upkeep
|turn|38
|
|t:|1652106057
|move|p1a: Toxtricity|Boomburst|p2a: Blissey
|-damage|p2a: Blissey|18/100
|move|p2a: Blissey|Soft-Boiled|p2a: Blissey
|-heal|p2a: Blissey|68/100
|
|upkeep
|turn|39
|
|t:|1652106063
|move|p1a: Toxtricity|Boomburst|p2a: Blissey
|-damage|p2a: Blissey|31/100
|move|p2a: Blissey|Soft-Boiled|p2a: Blissey
|-heal|p2a: Blissey|81/100
|
|-fieldend|Misty Terrain
|upkeep
|turn|40
|
|t:|1652106071
|move|p1a: Toxtricity|Boomburst|p2a: Blissey
|-damage|p2a: Blissey|44/100
|move|p2a: Blissey|Soft-Boiled|p2a: Blissey
|-heal|p2a: Blissey|94/100
|
|upkeep
|turn|41
|
|t:|1652106078
|move|p1a: Toxtricity|Boomburst|p2a: Blissey
|-crit|p2a: Blissey
|-damage|p2a: Blissey|37/100
|move|p2a: Blissey|Seismic Toss|p1a: Toxtricity
|-damage|p1a: Toxtricity|13/100
|
|upkeep
|turn|42
|
|t:|1652106085
|move|p1a: Toxtricity|Boomburst|p2a: Blissey
|-crit|p2a: Blissey
|-damage|p2a: Blissey|0 fnt
|faint|p2a: Blissey
|
|upkeep
|j| Hisuian Magikarp
|
|t:|1652106097
|switch|p2a: Garchomp|Garchomp, M|100/100
|turn|43
|
|t:|1652106101
|move|p2a: Garchomp|Earthquake|p1a: Toxtricity
|-supereffective|p1a: Toxtricity
|-damage|p1a: Toxtricity|0 fnt
|faint|p1a: Toxtricity
|
|upkeep
|
|t:|1652106107
|switch|p1a: Weavile|Weavile, M|100/100
|-ability|p1a: Weavile|Pressure
|turn|44
|
|t:|1652106113
|move|p2a: Garchomp|Protect|p2a: Garchomp
|-singleturn|p2a: Garchomp|Protect
|move|p1a: Weavile|Swords Dance|p1a: Weavile
|-boost|p1a: Weavile|atk|2
|
|upkeep
|turn|45
|
|t:|1652106119
|switch|p2a: Tapu Fini|Tapu Fini|89/100
|-fieldstart|move: Misty Terrain|[from] ability: Misty Surge|[of] p2a: Tapu Fini
|move|p1a: Weavile|Icicle Crash|p2a: Tapu Fini
|-resisted|p2a: Tapu Fini
|-damage|p2a: Tapu Fini|52/100
|
|upkeep
|turn|46
|
|t:|1652106128
|move|p1a: Weavile|Icicle Crash|p2a: Tapu Fini
|-resisted|p2a: Tapu Fini
|-damage|p2a: Tapu Fini|12/100
|cant|p2a: Tapu Fini|flinch
|
|upkeep
|turn|47
|
|t:|1652106135
|move|p1a: Weavile|Knock Off|p2a: Tapu Fini
|-resisted|p2a: Tapu Fini
|-damage|p2a: Tapu Fini|0 fnt
|faint|p2a: Tapu Fini
|
|upkeep
|l| Hisuian Magikarp
|
|t:|1652106141
|switch|p2a: Zapdos|Zapdos|100/100
|turn|48
|
|t:|1652106144
|move|p1a: Weavile|Icicle Crash|p2a: Zapdos
|-supereffective|p2a: Zapdos
|-damage|p2a: Zapdos|0 fnt
|faint|p2a: Zapdos
|
|upkeep
|c|☆Bloody Busybody|two crits in a row into a flinch when you exactly needed a flinch
|inactive|Bloody Busybody has 120 seconds left.
|c|☆Bloody Busybody|I guess I can lose a game like this
|-message|Bloody Busybody forfeited.
|
|win|Mathology0
|raw|Mathology0's rating: 1543 &rarr; <strong>1566</strong><br />(+23 for winning)
|raw|Bloody Busybody's rating: 1603 &rarr; <strong>1580</strong><br />(-23 for losing)
|l|☆Bloody Busybody
||Ladder isn't responding, score probably updated but might not have (Request timeout).
