|html|<div class="broadcast-blue"><strong>[Gen 8] OU is currently suspecting Melmetal! For information on how to participate check out the <a href="https://www.smogon.com/forums/threads/np-ss-ou-suspect-process-round-12-monster-mash.3709234/">suspect thread</a>.</strong></div>
|j|☆Steez Ibanez
|j|☆The Hikozaru
|inactive|Battle timer is ON: inactive players will automatically lose when time's up.
|t:|1666625892
|gametype|singles
|player|p1|Steez Ibanez|acetrainer-gen7|
|player|p2|The Hikozaru|170|
|teamsize|p1|6
|teamsize|p2|6
|gen|8
|tier|[Gen 8] OU
|rated|Tournament battle
|rule|Sleep Clause Mod: Limit one foe put to sleep
|rule|Species Clause: Limit one of each Pokémon
|rule|OHKO Clause: OHKO moves are banned
|rule|Evasion Items Clause: Evasion items are banned
|rule|Evasion Moves Clause: Evasion moves are banned
|rule|Endless Battle Clause: Forcing endless battles is banned
|rule|HP Percentage Mod: HP is shown in percentages
|rule|Dynamax Clause: You cannot dynamax
|clearpoke
|poke|p1|Heatran, M|
|poke|p1|Zapdos|
|poke|p1|Garchomp, M|
|poke|p1|Weezing-Galar, M|
|poke|p1|Landorus-Therian, M|
|poke|p1|Ferrothorn, M|
|poke|p2|Dragapult, F|
|poke|p2|Nihilego|
|poke|p2|Landorus-Therian, M|
|poke|p2|Melmetal|
|poke|p2|Magnezone|
|poke|p2|Kartana|
|teampreview
|inactive|The Hikozaru also wants the timer to be on.
|j|@Sww-Suwa
|c|☆The Hikozaru|hf
|j| SoarApollo
|j| icnincieninec
|j| testingteams888
|j| McFanOfFun1
|j| TrulyFrxst
|j| ASNUFSANGU
|l| McFanOfFun1
|j|+Coolcodename
|c|☆Steez Ibanez|Likewise
|j| BigWes95
|
|t:|1666625918
|start
|switch|p1a: Simba|Landorus-Therian, M|100/100
|switch|p2a: Landorus|Landorus-Therian, M|100/100
|-ability|p1a: Simba|Intimidate|boost
|-unboost|p2a: Landorus|atk|1
|-ability|p2a: Landorus|Intimidate|boost
|-unboost|p1a: Simba|atk|1
|turn|1
|j| woopre
|
|t:|1666625923
|move|p1a: Simba|U-turn|p2a: Landorus
|-resisted|p2a: Landorus
|-damage|p2a: Landorus|91/100
|j| PkmnMasterEclipse
|
|t:|1666625925
|switch|p1a: Abomination|Ferrothorn, M|100/100|[from]move: U-turn
|move|p2a: Landorus|Knock Off|p1a: Abomination
|-damage|p1a: Abomination|86/100
|-damage|p2a: Landorus|79/100|[from] ability: Iron Barbs|[of] p1a: Abomination
|-damage|p2a: Landorus|62/100|[from] item: Rocky Helmet|[of] p1a: Abomination
|-enditem|p1a: Abomination|Rocky Helmet|[from] move: Knock Off|[of] p2a: Landorus
|
|upkeep
|turn|2
|
|t:|1666625928
|switch|p2a: Magnezone|Magnezone|100/100
|-item|p2a: Magnezone|Air Balloon
|move|p1a: Abomination|Leech Seed|p2a: Magnezone
|-start|p2a: Magnezone|move: Leech Seed
|
|-damage|p2a: Magnezone|88/100|[from] Leech Seed|[of] p1a: Abomination
|-heal|p1a: Abomination|97/100|[silent]
|upkeep
|turn|3
|
|t:|1666625932
|move|p2a: Magnezone|Iron Defense|p2a: Magnezone
|-boost|p2a: Magnezone|def|2
|move|p1a: Abomination|Spikes|p2a: Magnezone
|-sidestart|p2: The Hikozaru|Spikes
|
|-damage|p2a: Magnezone|76/100|[from] Leech Seed|[of] p1a: Abomination
|-heal|p1a: Abomination|100/100|[silent]
|upkeep
|turn|4
|j| SpookElekiElectric
|l| SpookElekiElectric
|j| outdeath
|
|t:|1666625937
|move|p2a: Magnezone|Iron Defense|p2a: Magnezone
|-boost|p2a: Magnezone|def|2
|move|p1a: Abomination|Spikes|p2a: Magnezone
|-sidestart|p2: The Hikozaru|Spikes
|
|-damage|p2a: Magnezone|64/100|[from] Leech Seed|[of] p1a: Abomination
|upkeep
|turn|5
|c| BigWes95|Weezing g the pimp
|
|t:|1666625941
|move|p2a: Magnezone|Iron Defense|p2a: Magnezone
|-boost|p2a: Magnezone|def|2
|move|p1a: Abomination|Spikes|p2a: Magnezone
|-sidestart|p2: The Hikozaru|Spikes
|
|-damage|p2a: Magnezone|52/100|[from] Leech Seed|[of] p1a: Abomination
|upkeep
|turn|6
|j| All Gods Hate Us
|
|t:|1666625944
|move|p2a: Magnezone|Body Press|p1a: Abomination
|-supereffective|p1a: Abomination
|-damage|p1a: Abomination|0 fnt
|-damage|p2a: Magnezone|39/100|[from] ability: Iron Barbs|[of] p1a: Abomination
|faint|p1a: Abomination
|
|upkeep
|
|t:|1666625947
|switch|p1a: Hephaestus|Heatran, M|100/100
|-item|p1a: Hephaestus|Air Balloon
|turn|7
|j| TR23
|
|t:|1666625954
|move|p1a: Hephaestus|Eruption|p2a: Magnezone
|-supereffective|p2a: Magnezone
|-damage|p2a: Magnezone|0 fnt
|-enditem|p2a: Magnezone|Air Balloon
|faint|p2a: Magnezone
|
|upkeep
|j| Faceblue
|j| nfuihriehgezve
|
|t:|1666625972
|switch|p2a: Nihilego|Nihilego|100/100
|-damage|p2a: Nihilego|76/100|[from] Spikes
|turn|8
|
|t:|1666625977
|switch|p1a: Samehada|Garchomp, M|100/100
|move|p2a: Nihilego|Meteor Beam||[still]
|-prepare|p2a: Nihilego|Meteor Beam
|-boost|p2a: Nihilego|spa|1
|-enditem|p2a: Nihilego|Power Herb
|-anim|p2a: Nihilego|Meteor Beam|p1a: Samehada
|-resisted|p1a: Samehada
|-damage|p1a: Samehada|52/100
|
|-heal|p1a: Samehada|58/100|[from] item: Leftovers
|upkeep
|turn|9
|l| SoarApollo
|c| BigWes95|To the shadow realm
|c| ASNUFSANGU|I think the mag-ferro mu is funny because depending on the scenario the ferro user actually benefits from that matchup
|j| SoarApollo
|
|t:|1666626005
|switch|p2a: Landorus|Landorus-Therian, M|62/100
|-ability|p2a: Landorus|Intimidate|boost
|-unboost|p1a: Samehada|atk|1
|move|p1a: Samehada|Scale Shot|p2a: Landorus
|-damage|p2a: Landorus|51/100
|-damage|p2a: Landorus|39/100
|-hitcount|p2a: Landorus|2
|-unboost|p1a: Samehada|def|1
|-boost|p1a: Samehada|spe|1
|
|-heal|p1a: Samehada|65/100|[from] item: Leftovers
|upkeep
|turn|10
|j| SpookElekiElectric
|l| SpookElekiElectric
|
|t:|1666626013
|move|p1a: Samehada|Scale Shot|p2a: Landorus
|-damage|p2a: Landorus|28/100
|-damage|p2a: Landorus|18/100
|-damage|p2a: Landorus|7/100
|-hitcount|p2a: Landorus|3
|-unboost|p1a: Samehada|def|1
|-boost|p1a: Samehada|spe|1
|move|p2a: Landorus|Defog|p1a: Samehada
|-unboost|p1a: Samehada|evasion|1
|-sideend|p2: The Hikozaru|Spikes|[from] move: Defog|[of] p2a: Landorus
|
|-heal|p1a: Samehada|71/100|[from] item: Leftovers
|upkeep
|turn|11
|j| SpookElekiElectric
|l| SpookElekiElectric
|
|t:|1666626025
|move|p1a: Samehada|Fire Fang|p2a: Landorus|[miss]
|-miss|p1a: Samehada|p2a: Landorus
|move|p2a: Landorus|Earthquake|p1a: Samehada
|-damage|p1a: Samehada|0 fnt
|faint|p1a: Samehada
|
|upkeep
|c| ASNUFSANGU|nice
|c| outdeath|wow.
|
|t:|1666626029
|switch|p1a: Simba|Landorus-Therian, M|100/100
|-ability|p1a: Simba|Intimidate|boost
|-unboost|p2a: Landorus|atk|1
|turn|12
|c|☆The Hikozaru|sry
|c| All Gods Hate Us|nice
|
|t:|1666626034
|move|p1a: Simba|U-turn|p2a: Landorus
|-resisted|p2a: Landorus
|-damage|p2a: Landorus|0 fnt
|faint|p2a: Landorus
|
|t:|1666626037
|switch|p1a: Hephaestus|Heatran, M|100/100|[from]move: U-turn
|-item|p1a: Hephaestus|Air Balloon
|
|upkeep
|l| woopre
|
|t:|1666626041
|switch|p2a: Nihilego|Nihilego|76/100
|turn|13
|c| BigWes95|I mean it wasnt doing much at -1
|
|t:|1666626052
|move|p2a: Nihilego|Power Gem|p1a: Hephaestus
|-crit|p1a: Hephaestus
|-damage|p1a: Hephaestus|39/100
|-enditem|p1a: Hephaestus|Air Balloon
|move|p1a: Hephaestus|Earth Power|p2a: Nihilego
|-supereffective|p2a: Nihilego
|-damage|p2a: Nihilego|0 fnt
|faint|p2a: Nihilego
|
|upkeep
|
|t:|1666626058
|switch|p2a: Dragapult|Dragapult, F|100/100
|turn|14
|
|t:|1666626064
|move|p2a: Dragapult|Shadow Ball|p1a: Hephaestus
|-damage|p1a: Hephaestus|0 fnt
|faint|p1a: Hephaestus
|
|upkeep
|
|t:|1666626066
|switch|p1a: Simba|Landorus-Therian, M|100/100
|-ability|p1a: Simba|Intimidate|boost
|-unboost|p2a: Dragapult|atk|1
|turn|15
|l| ASNUFSANGU
|
|t:|1666626077
|switch|p2a: Kartana|Kartana|100/100
|move|p1a: Simba|Knock Off|p2a: Kartana
|-damage|p2a: Kartana|61/100
|-enditem|p2a: Kartana|Choice Scarf|[from] move: Knock Off|[of] p1a: Simba
|
|upkeep
|turn|16
|c| BigWes95|Zap looking real good here
|
|t:|1666626088
|switch|p1a: Speedwagon|Weezing-Galar, M|100/100
|switch|p2a: Dragapult|Dragapult, F|100/100
|
|upkeep
|turn|17
|
|t:|1666626102
|move|p2a: Dragapult|Shadow Ball|p1a: Speedwagon
|-crit|p1a: Speedwagon
|-damage|p1a: Speedwagon|0 fnt
|faint|p1a: Speedwagon
|
|upkeep
|
|t:|1666626106
|switch|p1a: Simba|Landorus-Therian, M|100/100
|-ability|p1a: Simba|Intimidate|boost
|-unboost|p2a: Dragapult|atk|1
|turn|18
|c|☆Steez Ibanez|Oh boy
|
|t:|1666626117
|switch|p2a: Kartana|Kartana|61/100
|move|p1a: Simba|Earthquake|p2a: Kartana
|-damage|p2a: Kartana|0 fnt
|faint|p2a: Kartana
|
|upkeep
|c| All Gods Hate Us|perfect
|
|t:|1666626121
|switch|p2a: Melmetal|Melmetal|100/100
|turn|19
|
|t:|1666626124
|switch|p1a: Bolt|Zapdos|100/100
|move|p2a: Melmetal|Double Iron Bash|p1a: Bolt
|-resisted|p1a: Bolt
|-damage|p1a: Bolt|79/100
|-status|p2a: Melmetal|par|[from] ability: Static|[of] p1a: Bolt
|-resisted|p1a: Bolt
|-damage|p1a: Bolt|57/100
|-hitcount|p1a: Bolt|2
|
|upkeep
|turn|20
|j| 48diegoliar
|
|t:|1666626129
|move|p1a: Bolt|Roost|p1a: Bolt
|-heal|p1a: Bolt|100/100
|-singleturn|p1a: Bolt|move: Roost
|cant|p2a: Melmetal|par
|
|upkeep
|turn|21
|
|t:|1666626137
|move|p1a: Bolt|Heat Wave|p2a: Melmetal
|-supereffective|p2a: Melmetal
|-damage|p2a: Melmetal|49/100 par
|move|p2a: Melmetal|Double Iron Bash|p1a: Bolt
|-resisted|p1a: Bolt
|-damage|p1a: Bolt|76/100
|-resisted|p1a: Bolt
|-damage|p1a: Bolt|51/100
|-hitcount|p1a: Bolt|2
|
|upkeep
|turn|22
|j| woopre
|
|t:|1666626156
|switch|p2a: Dragapult|Dragapult, F|100/100
|move|p1a: Bolt|Roost|p1a: Bolt
|-heal|p1a: Bolt|100/100
|-singleturn|p1a: Bolt|move: Roost
|
|upkeep
|turn|23
|c| All Gods Hate Us|Mag looks pointless in this team
|c| All Gods Hate Us|thought it was cb melm with ice punch
|
|t:|1666626165
|move|p2a: Dragapult|Shadow Ball|p1a: Bolt
|-damage|p1a: Bolt|40/100
|move|p1a: Bolt|Discharge|p2a: Dragapult
|-resisted|p2a: Dragapult
|-damage|p2a: Dragapult|77/100
|
|upkeep
|turn|24
|c| All Gods Hate Us|boooo
|c| All Gods Hate Us|disappointing match
|
|t:|1666626173
|move|p2a: Dragapult|Shadow Ball|p1a: Bolt
|-damage|p1a: Bolt|0 fnt
|faint|p1a: Bolt
|
|upkeep
|
|t:|1666626175
|switch|p1a: Simba|Landorus-Therian, M|100/100
|-ability|p1a: Simba|Intimidate|boost
|-unboost|p2a: Dragapult|atk|1
|turn|25
|
|t:|1666626181
|switch|p2a: Melmetal|Melmetal|49/100 par
|move|p1a: Simba|Earthquake|p2a: Melmetal
|-supereffective|p2a: Melmetal
|-damage|p2a: Melmetal|0 fnt
|faint|p2a: Melmetal
|
|upkeep
|
|t:|1666626184
|switch|p2a: Dragapult|Dragapult, F|77/100
|turn|26
|
|t:|1666626186
|move|p1a: Simba|Earthquake|p2a: Dragapult
|-damage|p2a: Dragapult|0 fnt
|faint|p2a: Dragapult
|
|win|Steez Ibanez
|n|☆Steez Ibanez|steezibanez
|n|☆The Hikozaru|thehikozaru
|n| Sww-Suwa|swwsuwa
|n| icnincieninec|icnincieninec
|n| testingteams888|testingteams888
|n| TrulyFrxst|trulyfrxst
|n|+Coolcodename|coolcodename
|n| BigWes95|bigwes95
|n| PkmnMasterEclipse|pkmnmastereclipse
|n| outdeath|outdeath
|n| All Gods Hate Us|allgodshateus
|n| TR23|tr23
|n| Faceblue|faceblue
|n| nfuihriehgezve|nfuihriehgezve
|n| SoarApollo|soarapollo
|n| 48diegoliar|48diegoliar
|n| woopre|woopre
