|raw|<div class="broadcast-blue"><strong>This battle is required to be public due to a player having a name starting with 'lt82zw'.</div>
|j|☆LT82ZW Aether
|j|☆Bassyxx
|t:|1626340468
|gametype|singles
|player|p1|LT82ZW Aether|veteran|1544
|player|p2|Bassyxx|rocketgruntf|1546
|teamsize|p1|6
|teamsize|p2|6
|gen|8
|tier|[Gen 8] OU
|rated|
|rule|Sleep Clause Mod: Limit one foe put to sleep
|rule|Species Clause: Limit one of each Pokémon
|rule|OHKO Clause: OHKO moves are banned
|rule|Evasion Moves Clause: Evasion moves are banned
|rule|Endless Battle Clause: Forcing endless battles is banned
|rule|HP Percentage Mod: HP is shown in percentages
|rule|Dynamax Clause: You cannot dynamax
|clearpoke
|poke|p1|Landorus-Therian, M|
|poke|p1|Slowking-Galar, M|
|poke|p1|Weavile, F|
|poke|p1|Heatran, M|
|poke|p1|Tangrowth, M|
|poke|p1|Tapu Fini|
|poke|p2|Tyranitar, F|
|poke|p2|Dracozolt|
|poke|p2|Melmetal|
|poke|p2|Landorus-Therian, M|
|poke|p2|Latios, M|
|poke|p2|Blacephalon|
|teampreview
|
|t:|1626340522
|start
|switch|p1a: Weavile|Weavile, F|100/100
|switch|p2a: Latios|Latios, M|100/100
|-ability|p1a: Weavile|Pressure
|turn|1
|inactive|Battle timer is ON: inactive players will automatically lose when time's up. (requested by Bassyxx)
|
|t:|1626340539
|switch|p2a: Tyranitar|Tyranitar, F|100/100
|-weather|Sandstorm|[from] ability: Sand Stream|[of] p2a: Tyranitar
|switch|p1a: Slowking|Slowking-Galar, M|100/100
|
|-weather|Sandstorm|[upkeep]
|-damage|p1a: Slowking|94/100|[from] Sandstorm
|upkeep
|turn|2
|
|t:|1626340547
|switch|p1a: Tangrowth|Tangrowth, M|100/100
|move|p2a: Tyranitar|Stealth Rock|p1a: Tangrowth
|-sidestart|p1: LT82ZW Aether|move: Stealth Rock
|
|-weather|Sandstorm|[upkeep]
|-damage|p1a: Tangrowth|94/100|[from] Sandstorm
|upkeep
|turn|3
|
|t:|1626340555
|switch|p2a: Landorus|Landorus-Therian, M|100/100
|-ability|p2a: Landorus|Intimidate|boost
|-unboost|p1a: Tangrowth|atk|1
|move|p1a: Tangrowth|Sleep Powder|p2a: Landorus
|-status|p2a: Landorus|slp|[from] move: Sleep Powder
|
|-weather|Sandstorm|[upkeep]
|-damage|p1a: Tangrowth|88/100|[from] Sandstorm
|upkeep
|turn|4
|
|t:|1626340560
|cant|p2a: Landorus|slp
|move|p1a: Tangrowth|Knock Off|p2a: Landorus
|-damage|p2a: Landorus|88/100 slp
|-damage|p1a: Tangrowth|72/100|[from] item: Rocky Helmet|[of] p2a: Landorus
|-enditem|p2a: Landorus|Rocky Helmet|[from] move: Knock Off|[of] p1a: Tangrowth
|
|-weather|Sandstorm|[upkeep]
|-damage|p1a: Tangrowth|65/100|[from] Sandstorm
|upkeep
|turn|5
|
|t:|1626340563
|-curestatus|p2a: Landorus|slp|[msg]
|move|p2a: Landorus|U-turn|p1a: Tangrowth
|-supereffective|p1a: Tangrowth
|-damage|p1a: Tangrowth|39/100
|-damage|p2a: Landorus|72/100|[from] item: Rocky Helmet|[of] p1a: Tangrowth
|
|t:|1626340572
|switch|p2a: Blacephalon|Blacephalon|100/100|[from]move: U-turn
|move|p1a: Tangrowth|Giga Drain|p2a: Blacephalon
|-resisted|p2a: Blacephalon
|-damage|p2a: Blacephalon|81/100
|-heal|p1a: Tangrowth|46/100|[from] drain|[of] p2a: Blacephalon
|
|-weather|Sandstorm|[upkeep]
|-damage|p2a: Blacephalon|75/100|[from] Sandstorm
|-damage|p1a: Tangrowth|40/100|[from] Sandstorm
|upkeep
|turn|6
|
|t:|1626340581
|switch|p2a: Dracozolt|Dracozolt|100/100
|switch|p1a: Heatran|Heatran, M|100/100
|-damage|p1a: Heatran|88/100|[from] Stealth Rock
|
|-weather|Sandstorm|[upkeep]
|-heal|p1a: Heatran|94/100|[from] item: Leftovers
|upkeep
|turn|7
|
|t:|1626340588
|switch|p2a: Latios|Latios, M|100/100
|switch|p1a: Landorus|Landorus-Therian, M|100/100
|-damage|p1a: Landorus|88/100|[from] Stealth Rock
|-ability|p1a: Landorus|Intimidate|boost
|-unboost|p2a: Latios|atk|1
|
|-weather|Sandstorm|[upkeep]
|-damage|p2a: Latios|95/100|[from] Sandstorm
|-heal|p1a: Landorus|94/100|[from] item: Leftovers
|upkeep
|turn|8
|
|t:|1626340593
|move|p2a: Latios|Ice Beam|p1a: Landorus
|-supereffective|p1a: Landorus
|-damage|p1a: Landorus|0 fnt
|faint|p1a: Landorus
|
|-weather|none
|upkeep
|
|t:|1626340618
|switch|p1a: Weavile|Weavile, F|100/100
|-ability|p1a: Weavile|Pressure
|turn|9
|
|t:|1626340628
|switch|p2a: Tyranitar|Tyranitar, F|100/100
|-weather|Sandstorm|[from] ability: Sand Stream|[of] p2a: Tyranitar
|move|p1a: Weavile|Knock Off|p2a: Tyranitar
|-resisted|p2a: Tyranitar
|-damage|p2a: Tyranitar|81/100
|-enditem|p2a: Tyranitar|Smooth Rock|[from] move: Knock Off|[of] p1a: Weavile
|
|-weather|Sandstorm|[upkeep]
|-damage|p1a: Weavile|94/100|[from] Sandstorm
|upkeep
|turn|10
|
|t:|1626340635
|switch|p1a: Tangrowth|Tangrowth, M|73/100
|-damage|p1a: Tangrowth|60/100|[from] Stealth Rock
|move|p2a: Tyranitar|Ice Beam|p1a: Tangrowth
|-supereffective|p1a: Tangrowth
|-damage|p1a: Tangrowth|0 fnt
|faint|p1a: Tangrowth
|
|-weather|Sandstorm|[upkeep]
|upkeep
|c|☆LT82ZW Aether|genre
|
|t:|1626340645
|switch|p1a: Tapu Fini|Tapu Fini|100/100
|-damage|p1a: Tapu Fini|88/100|[from] Stealth Rock
|-fieldstart|move: Misty Terrain|[from] ability: Misty Surge|[of] p1a: Tapu Fini
|turn|11
|
|t:|1626340651
|switch|p2a: Melmetal|Melmetal|100/100
|move|p1a: Tapu Fini|Whirlpool|p2a: Melmetal|[miss]
|-miss|p1a: Tapu Fini|p2a: Melmetal
|
|-weather|Sandstorm|[upkeep]
|-damage|p1a: Tapu Fini|82/100|[from] Sandstorm
|-heal|p1a: Tapu Fini|88/100|[from] item: Leftovers
|upkeep
|turn|12
|
|t:|1626340657
|switch|p1a: Heatran|Heatran, M|94/100
|-damage|p1a: Heatran|82/100|[from] Stealth Rock
|move|p2a: Melmetal|Double Iron Bash|p1a: Heatran
|-resisted|p1a: Heatran
|-damage|p1a: Heatran|69/100
|-resisted|p1a: Heatran
|-damage|p1a: Heatran|53/100
|-hitcount|p1a: Heatran|2
|
|-weather|Sandstorm|[upkeep]
|-heal|p1a: Heatran|60/100|[from] item: Leftovers
|upkeep
|turn|13
|
|t:|1626340671
|switch|p2a: Blacephalon|Blacephalon|75/100
|move|p1a: Heatran|Magma Storm|p2a: Blacephalon
|-resisted|p2a: Blacephalon
|-damage|p2a: Blacephalon|46/100
|-activate|p2a: Blacephalon|move: Magma Storm|[of] p1a: Heatran
|
|-weather|Sandstorm|[upkeep]
|-damage|p2a: Blacephalon|40/100|[from] Sandstorm
|-heal|p1a: Heatran|66/100|[from] item: Leftovers
|-damage|p2a: Blacephalon|27/100|[from] move: Magma Storm|[partiallytrapped]
|upkeep
|turn|14
|
|t:|1626340681
|move|p2a: Blacephalon|Calm Mind|p2a: Blacephalon
|-boost|p2a: Blacephalon|spa|1
|-boost|p2a: Blacephalon|spd|1
|move|p1a: Heatran|Earth Power|p2a: Blacephalon
|-supereffective|p2a: Blacephalon
|-damage|p2a: Blacephalon|0 fnt
|faint|p2a: Blacephalon
|
|-weather|Sandstorm|[upkeep]
|-heal|p1a: Heatran|72/100|[from] item: Leftovers
|upkeep
|
|t:|1626340685
|switch|p2a: Dracozolt|Dracozolt|100/100
|turn|15
|
|t:|1626340708
|switch|p1a: Slowking|Slowking-Galar, M|100/100
|-damage|p1a: Slowking|88/100|[from] Stealth Rock
|move|p2a: Dracozolt|Earthquake|p1a: Slowking
|-supereffective|p1a: Slowking
|-damage|p1a: Slowking|10/100
|-damage|p2a: Dracozolt|91/100|[from] item: Life Orb
|
|-weather|Sandstorm|[upkeep]
|-damage|p1a: Slowking|4/100|[from] Sandstorm
|-fieldend|Misty Terrain
|upkeep
|turn|16
|
|t:|1626340713
|switch|p1a: Tapu Fini|Tapu Fini|88/100
|-damage|p1a: Tapu Fini|75/100|[from] Stealth Rock
|-fieldstart|move: Misty Terrain|[from] ability: Misty Surge|[of] p1a: Tapu Fini
|move|p2a: Dracozolt|Bolt Beak|p1a: Tapu Fini
|-supereffective|p1a: Tapu Fini
|-damage|p1a: Tapu Fini|0 fnt
|faint|p1a: Tapu Fini
|-damage|p2a: Dracozolt|81/100|[from] item: Life Orb
|
|-weather|none
|upkeep
|
|t:|1626340720
|switch|p1a: Weavile|Weavile, F|94/100
|-ability|p1a: Weavile|Pressure
|turn|17
|
|t:|1626340728
|switch|p2a: Tyranitar|Tyranitar, F|81/100
|-weather|Sandstorm|[from] ability: Sand Stream|[of] p2a: Tyranitar
|move|p1a: Weavile|Swords Dance|p1a: Weavile
|-boost|p1a: Weavile|atk|2
|
|-weather|Sandstorm|[upkeep]
|-damage|p1a: Weavile|88/100|[from] Sandstorm
|upkeep
|turn|18
|
|t:|1626340736
|switch|p2a: Landorus|Landorus-Therian, M|72/100
|-ability|p2a: Landorus|Intimidate|boost
|-unboost|p1a: Weavile|atk|1
|move|p1a: Weavile|Triple Axel|p2a: Landorus
|-supereffective|p2a: Landorus
|-damage|p2a: Landorus|19/100
|-supereffective|p2a: Landorus
|-damage|p2a: Landorus|0 fnt
|faint|p2a: Landorus
|-hitcount|p2: Landorus|2
|
|-weather|Sandstorm|[upkeep]
|-damage|p1a: Weavile|82/100|[from] Sandstorm
|upkeep
|
|t:|1626340740
|switch|p2a: Melmetal|Melmetal|100/100
|turn|19
|
|t:|1626340747
|switch|p1a: Heatran|Heatran, M|72/100
|-damage|p1a: Heatran|60/100|[from] Stealth Rock
|move|p2a: Melmetal|Superpower|p1a: Heatran
|-supereffective|p1a: Heatran
|-crit|p1a: Heatran
|-damage|p1a: Heatran|0 fnt
|-unboost|p2a: Melmetal|atk|1
|-unboost|p2a: Melmetal|def|1
|faint|p1a: Heatran
|
|-weather|Sandstorm|[upkeep]
|upkeep
|
|t:|1626340757
|switch|p1a: Weavile|Weavile, F|82/100
|-ability|p1a: Weavile|Pressure
|turn|20
|
|t:|1626340760
|move|p1a: Weavile|Knock Off|p2a: Melmetal
|-damage|p2a: Melmetal|65/100
|-enditem|p2a: Melmetal|Choice Band|[from] move: Knock Off|[of] p1a: Weavile
|move|p2a: Melmetal|Superpower|p1a: Weavile
|-supereffective|p1a: Weavile
|-damage|p1a: Weavile|0 fnt
|-unboost|p2a: Melmetal|atk|1
|-unboost|p2a: Melmetal|def|1
|faint|p1a: Weavile
|
|-weather|Sandstorm|[upkeep]
|-fieldend|Misty Terrain
|upkeep
|-message|LT82ZW Aether forfeited.
|
|win|Bassyxx
|raw|LT82ZW Aether's rating: 1544 &rarr; <strong>1524</strong><br />(-20 for losing)
|raw|Bassyxx's rating: 1546 &rarr; <strong>1566</strong><br />(+20 for winning)
|l|☆LT82ZW Aether
