|j|☆UnknownDeviant
|j|☆playeraccount
|t:|1667136558
|gametype|singles
|player|p1|UnknownDeviant|roark|1387
|player|p2|playeraccount|265|1344
|teamsize|p1|6
|teamsize|p2|6
|gen|8
|tier|[Gen 8] OU
|rated|
|rule|Sleep Clause Mod: Limit one foe put to sleep
|rule|Species Clause: Limit one of each Pokémon
|rule|OHKO Clause: OHKO moves are banned
|rule|Evasion Items Clause: Evasion items are banned
|rule|Evasion Moves Clause: Evasion moves are banned
|rule|Endless Battle Clause: Forcing endless battles is banned
|rule|HP Percentage Mod: HP is shown in percentages
|rule|Dynamax Clause: You cannot dynamax
|clearpoke
|poke|p1|Melmetal|
|poke|p1|Volcarona, M|
|poke|p1|Clefable, F|
|poke|p1|Rotom-Wash|
|poke|p1|Landorus-Therian, M|
|poke|p1|Kartana|
|poke|p2|Druddigon, M|
|poke|p2|Nidoqueen, F|
|poke|p2|Zapdos|
|poke|p2|Weavile, F|
|poke|p2|Tapu Fini|
|poke|p2|Ferrothorn, M|
|teampreview
|inactive|Battle timer is ON: inactive players will automatically lose when time's up. (requested by playeraccount)
|
|t:|1667136572
|start
|switch|p1a: Clefable|Clefable, F|100/100
|switch|p2a: Druddigon|Druddigon, M, shiny|100/100
|turn|1
|
|t:|1667136580
|move|p2a: Druddigon|Protect|p2a: Druddigon
|-singleturn|p2a: Druddigon|Protect
|move|p1a: Clefable|Stealth Rock|p2a: Druddigon
|-sidestart|p2: playeraccount|move: Stealth Rock
|
|upkeep
|turn|2
|
|t:|1667136586
|move|p1a: Clefable|Moonblast|p2a: Druddigon
|-supereffective|p2a: Druddigon
|-crit|p2a: Druddigon
|-damage|p2a: Druddigon|28/100
|-unboost|p2a: Druddigon|spa|1
|move|p2a: Druddigon|Stealth Rock|p1a: Clefable
|-sidestart|p1: UnknownDeviant|move: Stealth Rock
|
|-heal|p2a: Druddigon|34/100|[from] item: Leftovers
|upkeep
|turn|3
|
|t:|1667136593
|switch|p2a: Ferrothorn|Ferrothorn, M, shiny|100/100
|-damage|p2a: Ferrothorn|94/100|[from] Stealth Rock
|move|p1a: Clefable|Knock Off|p2a: Ferrothorn
|-damage|p2a: Ferrothorn|81/100
|-activate|p2a: Ferrothorn|ability: Iron Barbs
|-enditem|p2a: Ferrothorn|Leftovers|[from] move: Knock Off|[of] p1a: Clefable
|
|upkeep
|turn|4
|
|t:|1667136603
|switch|p1a: Volcarona|Volcarona, M|100/100
|move|p2a: Ferrothorn|Leech Seed|p1a: Volcarona|[miss]
|-miss|p2a: Ferrothorn|p1a: Volcarona
|
|upkeep
|turn|5
|
|t:|1667136610
|switch|p2a: Nidoqueen|Nidoqueen, F, shiny|100/100
|-damage|p2a: Nidoqueen|94/100|[from] Stealth Rock
|move|p1a: Volcarona|Quiver Dance|p1a: Volcarona
|-boost|p1a: Volcarona|spa|1
|-boost|p1a: Volcarona|spd|1
|-boost|p1a: Volcarona|spe|1
|
|upkeep
|turn|6
|
|t:|1667136615
|move|p1a: Volcarona|Psychic|p2a: Nidoqueen
|-supereffective|p2a: Nidoqueen
|-damage|p2a: Nidoqueen|0 fnt
|faint|p2a: Nidoqueen
|
|upkeep
|
|t:|1667136618
|switch|p2a: Druddigon|Druddigon, M, shiny|34/100
|-damage|p2a: Druddigon|22/100|[from] Stealth Rock
|turn|7
|
|t:|1667136621
|move|p1a: Volcarona|Psychic|p2a: Druddigon
|-damage|p2a: Druddigon|0 fnt
|faint|p2a: Druddigon
|
|upkeep
|
|t:|1667136626
|switch|p2a: Ferrothorn|Ferrothorn, M, shiny|81/100
|-damage|p2a: Ferrothorn|75/100|[from] Stealth Rock
|turn|8
|
|t:|1667136631
|move|p1a: Volcarona|Flamethrower|p2a: Ferrothorn
|-supereffective|p2a: Ferrothorn
|-damage|p2a: Ferrothorn|0 fnt
|faint|p2a: Ferrothorn
|
|upkeep
|
|t:|1667136636
|switch|p2a: Tapu Fini|Tapu Fini, shiny|100/100
|-damage|p2a: Tapu Fini|88/100|[from] Stealth Rock
|-fieldstart|move: Misty Terrain|[from] ability: Misty Surge|[of] p2a: Tapu Fini
|turn|9
|inactive|UnknownDeviant has 120 seconds left.
|
|t:|1667136670
|switch|p1a: Melmetal|Melmetal|100/100
|-damage|p1a: Melmetal|94/100|[from] Stealth Rock
|move|p2a: Tapu Fini|Trick|p1a: Melmetal
|-activate|p2a: Tapu Fini|move: Trick|[of] p1a: Melmetal
|-item|p1a: Melmetal|Choice Scarf|[from] move: Trick
|-item|p2a: Tapu Fini|Leftovers|[from] move: Trick
|
|-heal|p2a: Tapu Fini|94/100|[from] item: Leftovers
|upkeep
|turn|10
|
|t:|1667136676
|switch|p2a: Zapdos|Zapdos, shiny|100/100
|move|p1a: Melmetal|Double Iron Bash|p2a: Zapdos
|-resisted|p2a: Zapdos
|-damage|p2a: Zapdos|84/100
|-resisted|p2a: Zapdos
|-damage|p2a: Zapdos|68/100
|-hitcount|p2a: Zapdos|2
|
|upkeep
|turn|11
|
|t:|1667136681
|switch|p1a: Landorus|Landorus-Therian, M|100/100
|-damage|p1a: Landorus|88/100|[from] Stealth Rock
|-ability|p1a: Landorus|Intimidate|boost
|-unboost|p2a: Zapdos|atk|1
|move|p2a: Zapdos|Heat Wave|p1a: Landorus
|-damage|p1a: Landorus|54/100
|
|upkeep
|turn|12
|
|t:|1667136684
|move|p1a: Landorus|Stone Edge|p2a: Zapdos
|-supereffective|p2a: Zapdos
|-damage|p2a: Zapdos|18/100
|move|p2a: Zapdos|Heat Wave|p1a: Landorus
|-damage|p1a: Landorus|18/100
|
|upkeep
|turn|13
|
|t:|1667136688
|move|p1a: Landorus|Stone Edge|p2a: Zapdos|[miss]
|-miss|p1a: Landorus|p2a: Zapdos
|move|p2a: Zapdos|Heat Wave|p1a: Landorus
|-damage|p1a: Landorus|0 fnt
|faint|p1a: Landorus
|
|-fieldend|Misty Terrain
|upkeep
|
|t:|1667136694
|switch|p1a: Volcarona|Volcarona, M|100/100
|turn|14
|
|t:|1667136699
|move|p1a: Volcarona|Quiver Dance|p1a: Volcarona
|-boost|p1a: Volcarona|spa|1
|-boost|p1a: Volcarona|spd|1
|-boost|p1a: Volcarona|spe|1
|move|p2a: Zapdos|Heat Wave|p1a: Volcarona
|-damage|p1a: Volcarona|81/100
|
|upkeep
|turn|15
|
|t:|1667136702
|move|p1a: Volcarona|Quiver Dance|p1a: Volcarona
|-boost|p1a: Volcarona|spa|1
|-boost|p1a: Volcarona|spd|1
|-boost|p1a: Volcarona|spe|1
|move|p2a: Zapdos|Heat Wave|p1a: Volcarona
|-damage|p1a: Volcarona|66/100
|
|upkeep
|turn|16
|
|t:|1667136706
|move|p1a: Volcarona|Quiver Dance|p1a: Volcarona
|-boost|p1a: Volcarona|spa|1
|-boost|p1a: Volcarona|spd|1
|-boost|p1a: Volcarona|spe|1
|move|p2a: Zapdos|Heat Wave|p1a: Volcarona
|-damage|p1a: Volcarona|55/100
|
|upkeep
|turn|17
|
|t:|1667136708
|move|p1a: Volcarona|Psychic|p2a: Zapdos
|-damage|p2a: Zapdos|0 fnt
|faint|p2a: Zapdos
|
|upkeep
|
|t:|1667136712
|switch|p2a: Weavile|Weavile, F, shiny|100/100
|-damage|p2a: Weavile|76/100|[from] Stealth Rock
|turn|18
|
|t:|1667136715
|move|p2a: Weavile|Ice Shard|p1a: Volcarona
|-resisted|p1a: Volcarona
|-damage|p1a: Volcarona|31/100
|move|p1a: Volcarona|Bug Buzz|p2a: Weavile
|-supereffective|p2a: Weavile
|-damage|p2a: Weavile|0 fnt
|faint|p2a: Weavile
|
|upkeep
|
|t:|1667136719
|switch|p2a: Tapu Fini|Tapu Fini, shiny|94/100
|-damage|p2a: Tapu Fini|82/100|[from] Stealth Rock
|-fieldstart|move: Misty Terrain|[from] ability: Misty Surge|[of] p2a: Tapu Fini
|turn|19
|
|t:|1667136724
|move|p1a: Volcarona|Psychic|p2a: Tapu Fini
|-damage|p2a: Tapu Fini|0 fnt
|faint|p2a: Tapu Fini
|
|win|UnknownDeviant
|raw|UnknownDeviant's rating: 1387 &rarr; <strong>1405</strong><br />(+18 for winning)
|raw|playeraccount's rating: 1344 &rarr; <strong>1326</strong><br />(-18 for losing)
|l|☆UnknownDeviant
|j|☆UnknownDeviant
|player|p1|UnknownDeviant|roark
