|j|☆Mamaw31180
|j|☆ThatLiamGuy
|t:|1616070742
|player|p1|Mamaw31180|169|1751
|player|p2|ThatLiamGuy|pryce|1533
|teamsize|p1|6
|teamsize|p2|6
|gametype|singles
|gen|8
|tier|[Gen 8] OU
|rated|
|clearpoke
|poke|p1|Dragapult, M|
|poke|p1|Urshifu-*, F|
|poke|p1|Zapdos|
|poke|p1|Melmetal|
|poke|p1|Tyranitar, M|
|poke|p1|Excadrill, M|
|poke|p2|Weavile, F|
|poke|p2|Tapu Lele|
|poke|p2|Skarmory, F|
|poke|p2|Xurkitree|
|poke|p2|Melmetal|
|poke|p2|Umbreon, M|
|rule|Sleep Clause Mod: Limit one foe put to sleep
|rule|Species Clause: Limit one of each Pokémon
|rule|OHKO Clause: OHKO moves are banned
|rule|Evasion Moves Clause: Evasion moves are banned
|rule|Endless Battle Clause: Forcing endless battles is banned
|rule|HP Percentage Mod: HP is shown in percentages
|rule|Dynamax Clause: You cannot dynamax
|teampreview
|j| NotlPrimRose
|inactive|Battle timer is ON: inactive players will automatically lose when time's up. (requested by Mamaw31180)
|
|t:|1616070770
|start
|switch|p1a: Dragapult|Dragapult, M|100/100
|switch|p2a: Weavile|Weavile, F|100/100
|turn|1
|
|t:|1616070779
|switch|p1a: Urshifu|Urshifu-Rapid-Strike, F|100/100
|move|p2a: Weavile|Knock Off|p1a: Urshifu
|-resisted|p1a: Urshifu
|-damage|p1a: Urshifu|76/100
|-enditem|p1a: Urshifu|Choice Band|[from] move: Knock Off|[of] p2a: Weavile
|
|upkeep
|turn|2
|
|t:|1616070792
|switch|p2a: Skarmory|Skarmory, F|100/100
|move|p1a: Urshifu|Close Combat|p2a: Skarmory
|-damage|p2a: Skarmory|62/100
|-unboost|p1a: Urshifu|def|1
|-unboost|p1a: Urshifu|spd|1
|-damage|p1a: Urshifu|59/100|[from] item: Rocky Helmet|[of] p2a: Skarmory
|
|upkeep
|turn|3
|
|t:|1616070803
|switch|p1a: Zapdos|Zapdos|100/100
|move|p2a: Skarmory|Roost|p2a: Skarmory
|-heal|p2a: Skarmory|100/100
|-singleturn|p2a: Skarmory|move: Roost
|
|upkeep
|turn|4
|
|t:|1616070815
|switch|p2a: Umbreon|Umbreon, M|100/100
|move|p1a: Zapdos|Discharge|p2a: Umbreon
|-damage|p2a: Umbreon|84/100
|-status|p2a: Umbreon|par
|-activate|p2a: Umbreon|ability: Synchronize
|-immune|p1a: Zapdos
|
|-heal|p2a: Umbreon|90/100 par|[from] item: Leftovers
|upkeep
|turn|5
|
|t:|1616070830
|switch|p1a: Melmetal|Melmetal|100/100
|cant|p2a: Umbreon|par
|
|-heal|p2a: Umbreon|96/100 par|[from] item: Leftovers
|upkeep
|turn|6
|
|t:|1616070841
|switch|p1a: Tyranitar|Tyranitar, M|100/100
|-weather|Sandstorm|[from] ability: Sand Stream|[of] p1a: Tyranitar
|move|p2a: Umbreon|Protect||[still]
|-fail|p2a: Umbreon
|
|-weather|Sandstorm|[upkeep]
|-damage|p2a: Umbreon|90/100 par|[from] Sandstorm
|-heal|p2a: Umbreon|96/100 par|[from] item: Leftovers
|upkeep
|turn|7
|
|t:|1616070850
|switch|p2a: Melmetal|Melmetal|100/100
|move|p1a: Tyranitar|Stealth Rock|p2a: Melmetal
|-sidestart|p2: ThatLiamGuy|move: Stealth Rock
|
|-weather|Sandstorm|[upkeep]
|upkeep
|turn|8
|
|t:|1616070860
|switch|p1a: Zapdos|Zapdos|100/100
|move|p2a: Melmetal|Double Iron Bash|p1a: Zapdos
|-resisted|p1a: Zapdos
|-damage|p1a: Zapdos|74/100
|-resisted|p1a: Zapdos
|-damage|p1a: Zapdos|46/100
|-hitcount|p1a: Zapdos|2
|
|-weather|Sandstorm|[upkeep]
|-damage|p1a: Zapdos|40/100|[from] Sandstorm
|upkeep
|turn|9
|
|t:|1616070874
|move|p1a: Zapdos|Roost|p1a: Zapdos
|-heal|p1a: Zapdos|90/100
|-singleturn|p1a: Zapdos|move: Roost
|move|p2a: Melmetal|Double Iron Bash|p1a: Zapdos
|-resisted|p1a: Zapdos
|-damage|p1a: Zapdos|62/100
|-resisted|p1a: Zapdos
|-damage|p1a: Zapdos|37/100
|-hitcount|p1a: Zapdos|2
|
|-weather|Sandstorm|[upkeep]
|-damage|p1a: Zapdos|31/100|[from] Sandstorm
|upkeep
|turn|10
|
|t:|1616070884
|switch|p2a: Umbreon|Umbreon, M|96/100 par
|-damage|p2a: Umbreon|83/100 par|[from] Stealth Rock
|move|p1a: Zapdos|Roost|p1a: Zapdos
|-heal|p1a: Zapdos|81/100
|-singleturn|p1a: Zapdos|move: Roost
|
|-weather|none
|-heal|p2a: Umbreon|90/100 par|[from] item: Leftovers
|upkeep
|turn|11
|
|t:|1616070892
|switch|p1a: Urshifu|Urshifu-Rapid-Strike, F|59/100
|move|p2a: Umbreon|Heal Bell|p2a: Umbreon
|-activate|p2a: Umbreon|move: Heal Bell
|-curestatus|p2a: Umbreon|par|[msg]
|
|-heal|p2a: Umbreon|96/100|[from] item: Leftovers
|upkeep
|turn|12
|
|t:|1616070899
|switch|p2a: Skarmory|Skarmory, F|100/100
|-damage|p2a: Skarmory|88/100|[from] Stealth Rock
|move|p1a: Urshifu|Close Combat|p2a: Skarmory
|-damage|p2a: Skarmory|49/100
|-unboost|p1a: Urshifu|def|1
|-unboost|p1a: Urshifu|spd|1
|-damage|p1a: Urshifu|43/100|[from] item: Rocky Helmet|[of] p2a: Skarmory
|
|upkeep
|turn|13
|
|t:|1616070918
|switch|p1a: Dragapult|Dragapult, M|100/100
|move|p2a: Skarmory|Defog|p1a: Dragapult
|-unboost|p1a: Dragapult|evasion|1
|-sideend|p2: ThatLiamGuy|Stealth Rock|[from] move: Defog|[of] p2a: Skarmory
|
|upkeep
|turn|14
|
|t:|1616070927
|switch|p2a: Umbreon|Umbreon, M|96/100
|move|p1a: Dragapult|Draco Meteor|p2a: Umbreon
|-damage|p2a: Umbreon|48/100
|-unboost|p1a: Dragapult|spa|2
|
|-heal|p2a: Umbreon|55/100|[from] item: Leftovers
|upkeep
|turn|15
|
|t:|1616070935
|switch|p1a: Tyranitar|Tyranitar, M|100/100
|-weather|Sandstorm|[from] ability: Sand Stream|[of] p1a: Tyranitar
|move|p2a: Umbreon|Wish|p2a: Umbreon
|
|-weather|Sandstorm|[upkeep]
|-damage|p2a: Umbreon|48/100|[from] Sandstorm
|-heal|p2a: Umbreon|55/100|[from] item: Leftovers
|upkeep
|turn|16
|
|t:|1616070942
|switch|p2a: Skarmory|Skarmory, F|49/100
|move|p1a: Tyranitar|Stealth Rock|p2a: Skarmory
|-sidestart|p2: ThatLiamGuy|move: Stealth Rock
|
|-weather|Sandstorm|[upkeep]
|-heal|p2a: Skarmory|100/100|[from] move: Wish|[wisher] Umbreon
|upkeep
|turn|17
|
|t:|1616070952
|switch|p1a: Zapdos|Zapdos|81/100
|move|p2a: Skarmory|Body Press|p1a: Zapdos
|-resisted|p1a: Zapdos
|-damage|p1a: Zapdos|67/100
|
|-weather|Sandstorm|[upkeep]
|-damage|p1a: Zapdos|61/100|[from] Sandstorm
|upkeep
|turn|18
|
|t:|1616070971
|switch|p2a: Umbreon|Umbreon, M|55/100
|-damage|p2a: Umbreon|42/100|[from] Stealth Rock
|move|p1a: Zapdos|Discharge|p2a: Umbreon
|-damage|p2a: Umbreon|24/100
|
|-weather|Sandstorm|[upkeep]
|-damage|p1a: Zapdos|55/100|[from] Sandstorm
|-damage|p2a: Umbreon|18/100|[from] Sandstorm
|-heal|p2a: Umbreon|24/100|[from] item: Leftovers
|upkeep
|turn|19
|
|t:|1616070981
|move|p2a: Umbreon|Protect|p2a: Umbreon
|-singleturn|p2a: Umbreon|Protect
|move|p1a: Zapdos|Discharge|p2a: Umbreon
|-activate|p2a: Umbreon|move: Protect
|
|-weather|none
|-heal|p2a: Umbreon|30/100|[from] item: Leftovers
|upkeep
|turn|20
|
|t:|1616070989
|move|p1a: Zapdos|Roost|p1a: Zapdos
|-heal|p1a: Zapdos|100/100
|-singleturn|p1a: Zapdos|move: Roost
|move|p2a: Umbreon|Wish|p2a: Umbreon
|
|-heal|p2a: Umbreon|36/100|[from] item: Leftovers
|upkeep
|turn|21
|
|t:|1616070993
|switch|p1a: Melmetal|Melmetal|100/100
|move|p2a: Umbreon|Protect||[still]
|-fail|p2a: Umbreon
|
|-heal|p2a: Umbreon|86/100|[from] move: Wish|[wisher] Umbreon
|-heal|p2a: Umbreon|92/100|[from] item: Leftovers
|upkeep
|turn|22
|
|t:|1616071004
|switch|p2a: Skarmory|Skarmory, F|100/100
|-damage|p2a: Skarmory|88/100|[from] Stealth Rock
|switch|p1a: Zapdos|Zapdos|100/100
|
|upkeep
|turn|23
|
|t:|1616071015
|switch|p2a: Umbreon|Umbreon, M|92/100
|-damage|p2a: Umbreon|79/100|[from] Stealth Rock
|move|p1a: Zapdos|Discharge|p2a: Umbreon
|-damage|p2a: Umbreon|62/100
|-status|p2a: Umbreon|par
|-activate|p2a: Umbreon|ability: Synchronize
|-immune|p1a: Zapdos
|
|-heal|p2a: Umbreon|69/100 par|[from] item: Leftovers
|upkeep
|turn|24
|
|t:|1616071021
|switch|p1a: Excadrill|Excadrill, M|100/100
|move|p2a: Umbreon|Wish|p2a: Umbreon
|
|-heal|p2a: Umbreon|75/100 par|[from] item: Leftovers
|upkeep
|turn|25
|
|t:|1616071032
|switch|p2a: Melmetal|Melmetal|100/100
|-damage|p2a: Melmetal|94/100|[from] Stealth Rock
|move|p1a: Excadrill|Swords Dance|p1a: Excadrill
|-boost|p1a: Excadrill|atk|2
|
|-heal|p2a: Melmetal|100/100|[from] move: Wish|[wisher] Umbreon
|upkeep
|turn|26
|
|t:|1616071060
|move|p1a: Excadrill|Earthquake|p2a: Melmetal
|-supereffective|p2a: Melmetal
|-damage|p2a: Melmetal|0 fnt
|faint|p2a: Melmetal
|
|upkeep
|
|t:|1616071072
|switch|p2a: Skarmory|Skarmory, F|88/100
|-damage|p2a: Skarmory|76/100|[from] Stealth Rock
|turn|27
|j| 23432432r32
|l| 23432432r32
|
|t:|1616071081
|move|p1a: Excadrill|Rock Slide|p2a: Skarmory|[miss]
|-miss|p1a: Excadrill|p2a: Skarmory
|move|p2a: Skarmory|Whirlwind|p1a: Excadrill
|drag|p1a: Dragapult|Dragapult, M|100/100
|
|upkeep
|turn|28
|
|t:|1616071091
|switch|p2a: Umbreon|Umbreon, M|75/100 par
|-damage|p2a: Umbreon|62/100 par|[from] Stealth Rock
|move|p1a: Dragapult|Flamethrower|p2a: Umbreon
|-damage|p2a: Umbreon|42/100 par
|
|-heal|p2a: Umbreon|48/100 par|[from] item: Leftovers
|upkeep
|turn|29
|
|t:|1616071109
|switch|p1a: Urshifu|Urshifu-Rapid-Strike, F|43/100
|move|p2a: Umbreon|Wish|p2a: Umbreon
|
|-heal|p2a: Umbreon|54/100 par|[from] item: Leftovers
|upkeep
|turn|30
|
|t:|1616071116
|switch|p1a: Dragapult|Dragapult, M|100/100
|move|p2a: Umbreon|Protect||[still]
|-fail|p2a: Umbreon
|
|-heal|p2a: Umbreon|100/100 par|[from] move: Wish|[wisher] Umbreon
|upkeep
|turn|31
|
|t:|1616071123
|move|p1a: Dragapult|U-turn|p2a: Umbreon
|-supereffective|p2a: Umbreon
|-damage|p2a: Umbreon|73/100 par
|
|t:|1616071129
|switch|p1a: Urshifu|Urshifu-Rapid-Strike, F|43/100|[from]move: U-turn
|move|p2a: Umbreon|Heal Bell|p2a: Umbreon
|-activate|p2a: Umbreon|move: Heal Bell
|-curestatus|p2a: Umbreon|par|[msg]
|
|-heal|p2a: Umbreon|79/100|[from] item: Leftovers
|upkeep
|turn|32
|
|t:|1616071138
|move|p2a: Umbreon|Protect|p2a: Umbreon
|-singleturn|p2a: Umbreon|Protect
|move|p1a: Urshifu|Close Combat|p2a: Umbreon
|-supereffective|p2a: Umbreon
|-damage|p2a: Umbreon|0 fnt
|-unboost|p1a: Urshifu|def|1
|-unboost|p1a: Urshifu|spd|1
|faint|p2a: Umbreon
|
|upkeep
|
|t:|1616071148
|switch|p2a: Weavile|Weavile, F|100/100
|-damage|p2a: Weavile|76/100|[from] Stealth Rock
|turn|33
|j| 23432432r32
|
|t:|1616071165
|switch|p1a: Tyranitar|Tyranitar, M|100/100
|-weather|Sandstorm|[from] ability: Sand Stream|[of] p1a: Tyranitar
|move|p2a: Weavile|Low Kick|p1a: Tyranitar
|-supereffective|p1a: Tyranitar
|-damage|p1a: Tyranitar|0 fnt
|faint|p1a: Tyranitar
|
|-weather|Sandstorm|[upkeep]
|-damage|p2a: Weavile|70/100|[from] Sandstorm
|upkeep
|l| 23432432r32
|
|t:|1616071169
|switch|p1a: Excadrill|Excadrill, M|100/100
|turn|34
|
|t:|1616071183
|move|p1a: Excadrill|Swords Dance|p1a: Excadrill
|-boost|p1a: Excadrill|atk|2
|move|p2a: Weavile|Low Kick|p1a: Excadrill
|-supereffective|p1a: Excadrill
|-damage|p1a: Excadrill|42/100
|
|-weather|Sandstorm|[upkeep]
|-damage|p2a: Weavile|63/100|[from] Sandstorm
|-heal|p1a: Excadrill|48/100|[from] item: Leftovers
|upkeep
|turn|35
|
|t:|1616071203
|move|p1a: Excadrill|Earthquake|p2a: Weavile
|-crit|p2a: Weavile
|-damage|p2a: Weavile|0 fnt
|faint|p2a: Weavile
|
|-weather|Sandstorm|[upkeep]
|-heal|p1a: Excadrill|54/100|[from] item: Leftovers
|upkeep
|
|t:|1616071210
|switch|p2a: Tapu Lele|Tapu Lele, shiny|100/100
|-damage|p2a: Tapu Lele|88/100|[from] Stealth Rock
|-fieldstart|move: Psychic Terrain|[from] ability: Psychic Surge|[of] p2a: Tapu Lele
|turn|36
|
|t:|1616071215
|switch|p2a: Skarmory|Skarmory, F|76/100
|-damage|p2a: Skarmory|64/100|[from] Stealth Rock
|move|p1a: Excadrill|Iron Head|p2a: Skarmory
|-resisted|p2a: Skarmory
|-damage|p2a: Skarmory|38/100
|-damage|p1a: Excadrill|37/100|[from] item: Rocky Helmet|[of] p2a: Skarmory
|
|-weather|Sandstorm|[upkeep]
|-heal|p1a: Excadrill|43/100|[from] item: Leftovers
|upkeep
|turn|37
|
|t:|1616071226
|move|p1a: Excadrill|Rock Slide|p2a: Skarmory
|-damage|p2a: Skarmory|8/100
|move|p2a: Skarmory|Roost|p2a: Skarmory
|-heal|p2a: Skarmory|58/100
|-singleturn|p2a: Skarmory|move: Roost
|
|-weather|none
|-heal|p1a: Excadrill|50/100|[from] item: Leftovers
|upkeep
|turn|38
|
|t:|1616071236
|move|p1a: Excadrill|Swords Dance|p1a: Excadrill
|-boost|p1a: Excadrill|atk|2
|move|p2a: Skarmory|Roost|p2a: Skarmory
|-heal|p2a: Skarmory|100/100
|-singleturn|p2a: Skarmory|move: Roost
|
|-heal|p1a: Excadrill|56/100|[from] item: Leftovers
|upkeep
|turn|39
|
|t:|1616071244
|move|p1a: Excadrill|Rock Slide|p2a: Skarmory
|-damage|p2a: Skarmory|55/100
|move|p2a: Skarmory|Body Press|p1a: Excadrill
|-supereffective|p1a: Excadrill
|-damage|p1a: Excadrill|0 fnt
|faint|p1a: Excadrill
|
|upkeep
|
|t:|1616071251
|switch|p1a: Dragapult|Dragapult, M|100/100
|turn|40
|
|t:|1616071257
|switch|p2a: Tapu Lele|Tapu Lele, shiny|88/100
|-damage|p2a: Tapu Lele|76/100|[from] Stealth Rock
|move|p1a: Dragapult|Shadow Ball|p2a: Tapu Lele
|-supereffective|p2a: Tapu Lele
|-damage|p2a: Tapu Lele|0 fnt
|faint|p2a: Tapu Lele
|
|upkeep
|
|t:|1616071263
|switch|p2a: Xurkitree|Xurkitree, shiny|100/100
|-damage|p2a: Xurkitree|88/100|[from] Stealth Rock
|turn|41
|
|t:|1616071267
|move|p2a: Xurkitree|Dazzling Gleam|p1a: Dragapult
|-supereffective|p1a: Dragapult
|-damage|p1a: Dragapult|3/100
|move|p1a: Dragapult|Shadow Ball|p2a: Xurkitree
|-damage|p2a: Xurkitree|5/100
|
|upkeep
|turn|42
|
|t:|1616071273
|switch|p1a: Melmetal|Melmetal|100/100
|move|p2a: Xurkitree|Dazzling Gleam|p1a: Melmetal
|-resisted|p1a: Melmetal
|-damage|p1a: Melmetal|87/100
|
|-heal|p1a: Melmetal|93/100|[from] item: Leftovers
|upkeep
|turn|43
|
|t:|1616071285
|move|p2a: Xurkitree|Dazzling Gleam|p1a: Melmetal
|-resisted|p1a: Melmetal
|-damage|p1a: Melmetal|79/100
|move|p1a: Melmetal|Double Iron Bash|p2a: Xurkitree
|-resisted|p2a: Xurkitree
|-damage|p2a: Xurkitree|0 fnt
|-hitcount|p2a: Xurkitree|1
|faint|p2a: Xurkitree
|
|-heal|p1a: Melmetal|85/100|[from] item: Leftovers
|-fieldend|move: Psychic Terrain
|upkeep
|
|t:|1616071288
|switch|p2a: Skarmory|Skarmory, F|55/100
|-damage|p2a: Skarmory|42/100|[from] Stealth Rock
|turn|44
|
|t:|1616071291
|switch|p1a: Zapdos|Zapdos|100/100
|move|p2a: Skarmory|Defog|p1a: Zapdos
|-unboost|p1a: Zapdos|evasion|1
|-sideend|p2: ThatLiamGuy|Stealth Rock|[from] move: Defog|[of] p2a: Skarmory
|
|upkeep
|turn|45
|c|☆ThatLiamGuy|gg
|
|t:|1616071300
|move|p1a: Zapdos|Discharge|p2a: Skarmory
|-supereffective|p2a: Skarmory
|-damage|p2a: Skarmory|0 fnt
|faint|p2a: Skarmory
|
|win|Mamaw31180
|raw|Mamaw31180's rating: 1747 &rarr; <strong>1754</strong><br />(+7 for winning)
|raw|ThatLiamGuy's rating: 1533 &rarr; <strong>1524</strong><br />(-9 for losing)
|l|☆Mamaw31180
|l|☆ThatLiamGuy
