|j|☆allllistairr
|j|☆Shootingwolf
|t:|1596337503
|player|p1|allllistairr|camper|1661
|player|p2|Shootingwolf|erika|1691
|teamsize|p1|6
|teamsize|p2|6
|gametype|singles
|gen|8
|tier|[Gen 8] OU
|rated|
|html|<div class="broadcast-blue"><strong>OU is currently suspecting Magearna! For information on how to participate check out the <a href="https://www.smogon.com/forums/threads/3667669/">suspect thread</a>.</strong></div>
|clearpoke
|poke|p1|Coalossal, M|
|poke|p1|Tangrowth, M|
|poke|p1|Clefable, F|
|poke|p1|Keldeo-Resolute|
|poke|p1|Magearna|
|poke|p1|Excadrill, F|
|poke|p2|Cinderace, F|
|poke|p2|Mandibuzz, F|
|poke|p2|Hippowdon, F|
|poke|p2|Toxapex, M|
|poke|p2|Urshifu-*, M|
|poke|p2|Zeraora|
|rule|Sleep Clause Mod: Limit one foe put to sleep
|rule|Species Clause: Limit one of each Pokémon
|rule|OHKO Clause: OHKO moves are banned
|rule|Evasion Moves Clause: Evasion moves are banned
|rule|Endless Battle Clause: Forcing endless battles is banned
|rule|HP Percentage Mod: HP is shown in percentages
|rule|Dynamax Clause: You cannot dynamax
|teampreview
|j| Padox
|j| vortex of fate
|j| PhantomZoro
|
|t:|1596337540
|start
|switch|p1a: Coalossal|Coalossal, M|100/100
|switch|p2a: Cinderace|Cinderace, F|100/100
|turn|1
|
|t:|1596337545
|move|p2a: Cinderace|U-turn|p1a: Coalossal
|-start|p2a: Cinderace|typechange|Bug|[from] ability: Libero
|-resisted|p1a: Coalossal
|-damage|p1a: Coalossal|89/100
|
|t:|1596337548
|switch|p2a: Hippowdon|Hippowdon, F|100/100|[from]move: U-turn
|-weather|Sandstorm|[from] ability: Sand Stream|[of] p2a: Hippowdon
|move|p1a: Coalossal|Spikes|p2a: Hippowdon
|-sidestart|p2: Shootingwolf|Spikes
|
|-weather|Sandstorm|[upkeep]
|upkeep
|turn|2
|
|t:|1596337556
|switch|p1a: Keldeo|Keldeo-Resolute|100/100
|move|p2a: Hippowdon|Stealth Rock|p1a: Keldeo
|-sidestart|p1: allllistairr|move: Stealth Rock
|
|-weather|Sandstorm|[upkeep]
|-damage|p1a: Keldeo|94/100|[from] Sandstorm
|-heal|p1a: Keldeo|100/100|[from] item: Leftovers
|upkeep
|turn|3
|
|t:|1596337563
|switch|p2a: Toxapex|Toxapex, M|100/100
|-damage|p2a: Toxapex|88/100|[from] Spikes
|move|p1a: Keldeo|Scald|p2a: Toxapex
|-resisted|p2a: Toxapex
|-damage|p2a: Toxapex|75/100
|
|-weather|Sandstorm|[upkeep]
|-damage|p1a: Keldeo|94/100|[from] Sandstorm
|-damage|p2a: Toxapex|69/100|[from] Sandstorm
|-heal|p1a: Keldeo|100/100|[from] item: Leftovers
|upkeep
|turn|4
|
|t:|1596337573
|move|p1a: Keldeo|Substitute|p1a: Keldeo
|-start|p1a: Keldeo|Substitute
|-damage|p1a: Keldeo|76/100
|move|p2a: Toxapex|Toxic||[still]
|-fail|p2a: Toxapex
|
|-weather|Sandstorm|[upkeep]
|-damage|p1a: Keldeo|70/100|[from] Sandstorm
|-damage|p2a: Toxapex|62/100|[from] Sandstorm
|-heal|p1a: Keldeo|76/100|[from] item: Leftovers
|upkeep
|turn|5
|
|t:|1596337582
|switch|p2a: Zeraora|Zeraora|100/100
|-damage|p2a: Zeraora|88/100|[from] Spikes
|move|p1a: Keldeo|Scald|p2a: Zeraora
|-damage|p2a: Zeraora|37/100
|
|-weather|none
|-heal|p1a: Keldeo|82/100|[from] item: Leftovers
|upkeep
|turn|6
|
|t:|1596337586
|move|p2a: Zeraora|Volt Switch|p1a: Keldeo
|-supereffective|p1a: Keldeo
|-end|p1a: Keldeo|Substitute
|
|t:|1596337599
|switch|p2a: Mandibuzz|Mandibuzz, F|100/100|[from]move: Volt Switch
|move|p1a: Keldeo|Substitute|p1a: Keldeo
|-start|p1a: Keldeo|Substitute
|-damage|p1a: Keldeo|57/100
|
|-heal|p1a: Keldeo|63/100|[from] item: Leftovers
|upkeep
|turn|7
|
|t:|1596337602
|move|p1a: Keldeo|Scald|p2a: Mandibuzz
|-damage|p2a: Mandibuzz|65/100
|-status|p2a: Mandibuzz|brn
|move|p2a: Mandibuzz|U-turn|p1a: Keldeo
|-resisted|p1a: Keldeo
|-activate|p1a: Keldeo|move: Substitute|[damage]
|j| MegaCurtEvolved
|
|t:|1596337606
|switch|p2a: Zeraora|Zeraora|37/100|[from]move: U-turn
|-damage|p2a: Zeraora|25/100|[from] Spikes
|
|-heal|p1a: Keldeo|70/100|[from] item: Leftovers
|upkeep
|turn|8
|
|t:|1596337613
|move|p2a: Zeraora|Plasma Fists|p1a: Keldeo
|-supereffective|p1a: Keldeo
|-end|p1a: Keldeo|Substitute
|move|p1a: Keldeo|Scald|p2a: Zeraora
|-damage|p2a: Zeraora|0 fnt
|faint|p2a: Zeraora
|
|-heal|p1a: Keldeo|76/100|[from] item: Leftovers
|upkeep
|
|t:|1596337617
|switch|p2a: Cinderace|Cinderace, F|100/100
|turn|9
|
|t:|1596337622
|switch|p1a: Coalossal|Coalossal, M|89/100
|move|p2a: Cinderace|Zen Headbutt|p1a: Coalossal
|-start|p2a: Cinderace|typechange|Psychic|[from] ability: Libero
|-damage|p1a: Coalossal|65/100
|
|upkeep
|turn|10
|
|t:|1596337630
|move|p2a: Cinderace|U-turn|p1a: Coalossal
|-start|p2a: Cinderace|typechange|Bug|[from] ability: Libero
|-resisted|p1a: Coalossal
|-damage|p1a: Coalossal|54/100
|-status|p2a: Cinderace|brn|[from] ability: Flame Body|[of] p1a: Coalossal
|-message|Shootingwolf forfeited.
|
|win|allllistairr
|l|☆Shootingwolf
|raw|allllistairr's rating: 1661 &rarr; <strong>1683</strong><br />(+22 for winning)
|raw|Shootingwolf's rating: 1691 &rarr; <strong>1669</strong><br />(-22 for losing)
