|j|☆OverTracer
|j|☆2(H2O)
|t:|1658367087
|gametype|singles
|player|p1|OverTracer|iris-gen5bw2|1538
|player|p2|2(H2O)|chase|1514
|teamsize|p1|6
|teamsize|p2|6
|gen|8
|tier|[Gen 8] OU
|rated|
|rule|Sleep Clause Mod: Limit one foe put to sleep
|rule|Species Clause: Limit one of each Pokémon
|rule|OHKO Clause: OHKO moves are banned
|rule|Evasion Moves Clause: Evasion moves are banned
|rule|Endless Battle Clause: Forcing endless battles is banned
|rule|HP Percentage Mod: HP is shown in percentages
|rule|Dynamax Clause: You cannot dynamax
|clearpoke
|poke|p1|Landorus-Therian, M|
|poke|p1|Heatran, F|
|poke|p1|Dragonite, M|
|poke|p1|Clefable, F|
|poke|p1|Ferrothorn, M|
|poke|p1|Tapu Koko|
|poke|p2|Tyrantrum, M|
|poke|p2|Landorus-Therian, M|
|poke|p2|Dragapult, M|
|poke|p2|Toxapex, M|
|poke|p2|Mandibuzz, F|
|poke|p2|Melmetal|
|teampreview
|inactive|Battle timer is ON: inactive players will automatically lose when time's up. (requested by 2(H2O))
|
|t:|1658367108
|start
|switch|p1a: Landorus|Landorus-Therian, M|100/100
|switch|p2a: Melmetal|Melmetal, shiny|100/100
|-ability|p1a: Landorus|Intimidate|boost
|-unboost|p2a: Melmetal|atk|1
|turn|1
|
|t:|1658367117
|switch|p2a: Landorus|Landorus-Therian, M|100/100
|-ability|p2a: Landorus|Intimidate|boost
|-unboost|p1a: Landorus|atk|1
|move|p1a: Landorus|U-turn|p2a: Landorus
|-resisted|p2a: Landorus
|-damage|p2a: Landorus|93/100
|
|t:|1658367131
|switch|p1a: Ferrothorn|Ferrothorn, M|100/100|[from]move: U-turn
|
|-heal|p2a: Landorus|99/100|[from] item: Leftovers
|upkeep
|turn|2
|
|t:|1658367137
|move|p2a: Landorus|Earthquake|p1a: Ferrothorn
|-damage|p1a: Ferrothorn|72/100
|move|p1a: Ferrothorn|Knock Off|p2a: Landorus
|-damage|p2a: Landorus|80/100
|-enditem|p2a: Landorus|Leftovers|[from] move: Knock Off|[of] p1a: Ferrothorn
|
|upkeep
|turn|3
|
|t:|1658367146
|move|p2a: Landorus|Earthquake|p1a: Ferrothorn
|-damage|p1a: Ferrothorn|42/100
|move|p1a: Ferrothorn|Leech Seed|p2a: Landorus
|-start|p2a: Landorus|move: Leech Seed
|
|-damage|p2a: Landorus|67/100|[from] Leech Seed|[of] p1a: Ferrothorn
|-heal|p1a: Ferrothorn|56/100|[silent]
|upkeep
|turn|4
|
|t:|1658367153
|move|p2a: Landorus|Stealth Rock|p1a: Ferrothorn
|-sidestart|p1: OverTracer|move: Stealth Rock
|move|p1a: Ferrothorn|Spikes|p2a: Landorus
|-sidestart|p2: 2(H2O)|Spikes
|
|-damage|p2a: Landorus|55/100|[from] Leech Seed|[of] p1a: Ferrothorn
|-heal|p1a: Ferrothorn|69/100|[silent]
|upkeep
|turn|5
|
|t:|1658367159
|move|p2a: Landorus|U-turn|p1a: Ferrothorn
|-damage|p1a: Ferrothorn|55/100
|-damage|p2a: Landorus|43/100|[from] ability: Iron Barbs|[of] p1a: Ferrothorn
|-damage|p2a: Landorus|26/100|[from] item: Rocky Helmet|[of] p1a: Ferrothorn
|
|t:|1658367162
|switch|p2a: Melmetal|Melmetal, shiny|100/100|[from]move: U-turn
|-damage|p2a: Melmetal|88/100|[from] Spikes
|move|p1a: Ferrothorn|Spikes|p2a: Melmetal
|-sidestart|p2: 2(H2O)|Spikes
|
|upkeep
|turn|6
|
|t:|1658367169
|move|p2a: Melmetal|Superpower|p1a: Ferrothorn
|-supereffective|p1a: Ferrothorn
|-damage|p1a: Ferrothorn|0 fnt
|-unboost|p2a: Melmetal|atk|1
|-unboost|p2a: Melmetal|def|1
|-damage|p2a: Melmetal|76/100|[from] ability: Iron Barbs|[of] p1a: Ferrothorn
|-damage|p2a: Melmetal|59/100|[from] item: Rocky Helmet|[of] p1a: Ferrothorn
|faint|p1a: Ferrothorn
|
|upkeep
|
|t:|1658367179
|switch|p1a: Landorus|Landorus-Therian, M|100/100
|-damage|p1a: Landorus|88/100|[from] Stealth Rock
|-ability|p1a: Landorus|Intimidate|boost
|-unboost|p2a: Melmetal|atk|1
|turn|7
|
|t:|1658367185
|switch|p2a: Landorus|Landorus-Therian, M|26/100
|-ability|p2a: Landorus|Intimidate|boost
|-unboost|p1a: Landorus|atk|1
|move|p1a: Landorus|U-turn|p2a: Landorus
|-resisted|p2a: Landorus
|-damage|p2a: Landorus|19/100
|
|t:|1658367199
|switch|p1a: Tapu Koko|Tapu Koko|100/100|[from]move: U-turn
|-fieldstart|move: Electric Terrain|[from] ability: Electric Surge|[of] p1a: Tapu Koko
|
|upkeep
|turn|8
|
|t:|1658367204
|switch|p2a: Toxapex|Toxapex, M|100/100
|-damage|p2a: Toxapex|84/100|[from] Spikes
|move|p1a: Tapu Koko|Dazzling Gleam|p2a: Toxapex
|-resisted|p2a: Toxapex
|-damage|p2a: Toxapex|70/100
|-enditem|p2a: Toxapex|Eject Button
|
|t:|1658367220
|switch|p2a: Melmetal|Melmetal, shiny|59/100
|-damage|p2a: Melmetal|42/100|[from] Spikes
|
|upkeep
|turn|9
|
|t:|1658367230
|switch|p1a: Dragonite|Dragonite, M|100/100
|move|p2a: Melmetal|Double Iron Bash|p1a: Dragonite
|-damage|p1a: Dragonite|61/100
|-damage|p1a: Dragonite|0 fnt
|faint|p1a: Dragonite
|-hitcount|p1: Dragonite|2
|
|upkeep
|
|t:|1658367238
|switch|p1a: Landorus|Landorus-Therian, M|88/100
|-damage|p1a: Landorus|76/100|[from] Stealth Rock
|-ability|p1a: Landorus|Intimidate|boost
|-unboost|p2a: Melmetal|atk|1
|turn|10
|
|t:|1658367246
|switch|p2a: Landorus|Landorus-Therian, M|19/100
|-ability|p2a: Landorus|Intimidate|boost
|-unboost|p1a: Landorus|atk|1
|move|p1a: Landorus|Knock Off|p2a: Landorus
|-damage|p2a: Landorus|6/100
|
|upkeep
|turn|11
|
|t:|1658367252
|move|p1a: Landorus|Knock Off|p2a: Landorus
|-damage|p2a: Landorus|0 fnt
|faint|p2a: Landorus
|
|-fieldend|move: Electric Terrain
|upkeep
|
|t:|1658367255
|switch|p2a: Mandibuzz|Mandibuzz, F|100/100
|turn|12
|
|t:|1658367260
|move|p1a: Landorus|U-turn|p2a: Mandibuzz
|-crit|p2a: Mandibuzz
|-damage|p2a: Mandibuzz|78/100
|
|t:|1658367263
|switch|p1a: Tapu Koko|Tapu Koko|100/100|[from]move: U-turn
|-fieldstart|move: Electric Terrain|[from] ability: Electric Surge|[of] p1a: Tapu Koko
|move|p2a: Mandibuzz|Defog|p1a: Tapu Koko
|-unboost|p1a: Tapu Koko|evasion|1
|-sideend|p1: OverTracer|Stealth Rock|[from] move: Defog|[of] p2a: Mandibuzz
|-sideend|p2: 2(H2O)|Spikes|[from] move: Defog|[of] p2a: Mandibuzz
|-fieldend|move: Electric Terrain
|
|upkeep
|turn|13
|
|t:|1658367271
|move|p1a: Tapu Koko|Calm Mind|p1a: Tapu Koko
|-boost|p1a: Tapu Koko|spa|1
|-boost|p1a: Tapu Koko|spd|1
|move|p2a: Mandibuzz|U-turn|p1a: Tapu Koko
|-resisted|p1a: Tapu Koko
|-damage|p1a: Tapu Koko|92/100
|
|t:|1658367278
|switch|p2a: Melmetal|Melmetal, shiny|42/100|[from]move: U-turn
|
|upkeep
|turn|14
|
|t:|1658367282
|move|p1a: Tapu Koko|Thunderbolt|p2a: Melmetal
|-damage|p2a: Melmetal|0 fnt
|faint|p2a: Melmetal
|
|upkeep
|
|t:|1658367289
|switch|p2a: Dragapult|Dragapult, M|100/100
|turn|15
|
|t:|1658367292
|move|p2a: Dragapult|U-turn|p1a: Tapu Koko
|-resisted|p1a: Tapu Koko
|-damage|p1a: Tapu Koko|80/100
|
|t:|1658367296
|switch|p2a: Toxapex|Toxapex, M|100/100|[from]move: U-turn
|move|p1a: Tapu Koko|Dazzling Gleam|p2a: Toxapex
|-resisted|p2a: Toxapex
|-damage|p2a: Toxapex|79/100
|
|upkeep
|turn|16
|
|t:|1658367308
|switch|p2a: Dragapult|Dragapult, M|100/100
|move|p1a: Tapu Koko|Thunderbolt|p2a: Dragapult
|-resisted|p2a: Dragapult
|-damage|p2a: Dragapult|63/100
|
|upkeep
|turn|17
|
|t:|1658367315
|move|p2a: Dragapult|U-turn|p1a: Tapu Koko
|-resisted|p1a: Tapu Koko
|-crit|p1a: Tapu Koko
|-damage|p1a: Tapu Koko|63/100
|
|t:|1658367318
|switch|p2a: Toxapex|Toxapex, M|100/100|[from]move: U-turn
|move|p1a: Tapu Koko|Dazzling Gleam|p2a: Toxapex
|-resisted|p2a: Toxapex
|-damage|p2a: Toxapex|80/100
|
|upkeep
|turn|18
|
|t:|1658367326
|move|p1a: Tapu Koko|Roost|p1a: Tapu Koko
|-heal|p1a: Tapu Koko|100/100
|-singleturn|p1a: Tapu Koko|move: Roost
|move|p2a: Toxapex|Haze|p2a: Toxapex
|-clearallboost
|
|upkeep
|turn|19
|
|t:|1658367332
|move|p1a: Tapu Koko|Calm Mind|p1a: Tapu Koko
|-boost|p1a: Tapu Koko|spa|1
|-boost|p1a: Tapu Koko|spd|1
|move|p2a: Toxapex|Toxic|p1a: Tapu Koko
|-status|p1a: Tapu Koko|tox
|
|-damage|p1a: Tapu Koko|94/100 tox|[from] psn
|upkeep
|turn|20
|
|t:|1658367339
|switch|p2a: Dragapult|Dragapult, M|63/100
|move|p1a: Tapu Koko|Thunderbolt|p2a: Dragapult
|-resisted|p2a: Dragapult
|-damage|p2a: Dragapult|28/100
|
|-damage|p1a: Tapu Koko|82/100 tox|[from] psn
|upkeep
|turn|21
|
|t:|1658367346
|move|p2a: Dragapult|U-turn|p1a: Tapu Koko
|-resisted|p1a: Tapu Koko
|-damage|p1a: Tapu Koko|70/100 tox
|
|t:|1658367352
|switch|p2a: Toxapex|Toxapex, M|100/100|[from]move: U-turn
|move|p1a: Tapu Koko|Thunderbolt|p2a: Toxapex
|-supereffective|p2a: Toxapex
|-damage|p2a: Toxapex|5/100
|
|-damage|p1a: Tapu Koko|52/100 tox|[from] psn
|upkeep
|turn|22
|
|t:|1658367363
|move|p1a: Tapu Koko|Thunderbolt|p2a: Toxapex
|-supereffective|p2a: Toxapex
|-damage|p2a: Toxapex|0 fnt
|faint|p2a: Toxapex
|
|-damage|p1a: Tapu Koko|28/100 tox|[from] psn
|upkeep
|
|t:|1658367367
|switch|p2a: Dragapult|Dragapult, M|28/100
|turn|23
|
|t:|1658367371
|switch|p1a: Clefable|Clefable, F, shiny|100/100
|move|p2a: Dragapult|Shadow Ball|p1a: Clefable
|-damage|p1a: Clefable|61/100
|
|upkeep
|turn|24
|
|t:|1658367379
|switch|p2a: Tyrantrum|Tyrantrum, M|100/100
|move|p1a: Clefable|Thunder Wave|p2a: Tyrantrum
|-status|p2a: Tyrantrum|par
|
|upkeep
|turn|25
|
|t:|1658367390
|move|p1a: Clefable|Moonblast|p2a: Tyrantrum
|-supereffective|p2a: Tyrantrum
|-damage|p2a: Tyrantrum|2/100 par
|-unboost|p2a: Tyrantrum|spa|1
|move|p2a: Tyrantrum|Head Smash|p1a: Clefable
|-damage|p1a: Clefable|0 fnt
|faint|p1a: Clefable
|
|upkeep
|
|t:|1658367415
|switch|p1a: Heatran|Heatran, F, shiny|100/100
|-item|p1a: Heatran|Air Balloon
|turn|26
|
|t:|1658367419
|move|p1a: Heatran|Earth Power|p2a: Tyrantrum
|-supereffective|p2a: Tyrantrum
|-damage|p2a: Tyrantrum|0 fnt
|faint|p2a: Tyrantrum
|
|upkeep
|
|t:|1658367422
|switch|p2a: Dragapult|Dragapult, M|28/100
|turn|27
|
|t:|1658367426
|move|p2a: Dragapult|Shadow Ball|p1a: Heatran
|-damage|p1a: Heatran|50/100
|-enditem|p1a: Heatran|Air Balloon
|move|p1a: Heatran|Magma Storm|p2a: Dragapult|[miss]
|-miss|p1a: Heatran|p2a: Dragapult
|
|upkeep
|turn|28
|
|t:|1658367436
|move|p2a: Dragapult|Shadow Ball|p1a: Heatran
|-damage|p1a: Heatran|0 fnt
|faint|p1a: Heatran
|
|upkeep
|
|t:|1658367441
|switch|p1a: Landorus|Landorus-Therian, M|76/100
|-ability|p1a: Landorus|Intimidate|boost
|-fail|p2a: Dragapult|unboost|[from] ability: Clear Body|[of] p2a: Dragapult
|turn|29
|
|t:|1658367445
|switch|p2a: Mandibuzz|Mandibuzz, F|78/100
|move|p1a: Landorus|Knock Off|p2a: Mandibuzz
|-resisted|p2a: Mandibuzz
|-damage|p2a: Mandibuzz|68/100
|-enditem|p2a: Mandibuzz|Heavy-Duty Boots|[from] move: Knock Off|[of] p1a: Landorus
|
|upkeep
|turn|30
|
|t:|1658367457
|move|p1a: Landorus|U-turn|p2a: Mandibuzz
|-damage|p2a: Mandibuzz|53/100
|
|t:|1658367459
|switch|p1a: Tapu Koko|Tapu Koko|28/100 tox|[from]move: U-turn
|-fieldstart|move: Electric Terrain|[from] ability: Electric Surge|[of] p1a: Tapu Koko
|move|p2a: Mandibuzz|U-turn|p1a: Tapu Koko
|-resisted|p1a: Tapu Koko
|-damage|p1a: Tapu Koko|19/100 tox
|
|t:|1658367462
|switch|p2a: Dragapult|Dragapult, M|28/100|[from]move: U-turn
|
|-damage|p1a: Tapu Koko|13/100 tox|[from] psn
|upkeep
|turn|31
|
|t:|1658367470
|move|p2a: Dragapult|Shadow Ball|p1a: Tapu Koko
|-damage|p1a: Tapu Koko|0 fnt
|faint|p1a: Tapu Koko
|
|upkeep
|
|t:|1658367475
|switch|p1a: Landorus|Landorus-Therian, M|76/100
|-ability|p1a: Landorus|Intimidate|boost
|-fail|p2a: Dragapult|unboost|[from] ability: Clear Body|[of] p2a: Dragapult
|turn|32
|
|t:|1658367481
|move|p2a: Dragapult|Shadow Ball|p1a: Landorus
|-damage|p1a: Landorus|22/100
|move|p1a: Landorus|Knock Off|p2a: Dragapult
|-supereffective|p2a: Dragapult
|-damage|p2a: Dragapult|0 fnt
|-enditem|p2a: Dragapult|Choice Specs|[from] move: Knock Off|[of] p1a: Landorus
|faint|p2a: Dragapult
|
|upkeep
|
|t:|1658367486
|switch|p2a: Mandibuzz|Mandibuzz, F|53/100
|turn|33
|
|t:|1658367492
|move|p1a: Landorus|Explosion|p2a: Mandibuzz
|-damage|p2a: Mandibuzz|1/100
|faint|p1a: Landorus
|
|win|2(H2O)
|raw|OverTracer's rating: 1538 &rarr; <strong>1517</strong><br />(-21 for losing)
|raw|2(H2O)'s rating: 1514 &rarr; <strong>1535</strong><br />(+21 for winning)
|l|☆2(H2O)
||Ladder isn't responding, score probably updated but might not have (Request timeout).
