|raw|<div class="broadcast-blue"><strong>This battle is required to be public due to a player having a name starting with 'lt92pf'.</div>
|j|☆lt92pf mind
|j|‽hypervortexreturns
|t:|1660148073
|gametype|singles
|player|p1|lt92pf mind|hilbert|1983
|player|p2|hypervortexreturns|1|1974
|teamsize|p1|6
|teamsize|p2|6
|gen|8
|tier|[Gen 8] OU
|rated|
|rule|Sleep Clause Mod: Limit one foe put to sleep
|rule|Species Clause: Limit one of each Pokémon
|rule|OHKO Clause: OHKO moves are banned
|rule|Evasion Items Clause: Evasion items are banned
|rule|Evasion Moves Clause: Evasion moves are banned
|rule|Endless Battle Clause: Forcing endless battles is banned
|rule|HP Percentage Mod: HP is shown in percentages
|rule|Dynamax Clause: You cannot dynamax
|clearpoke
|poke|p1|Slowbro, M|
|poke|p1|Heatran, F|
|poke|p1|Tornadus-Therian, M|
|poke|p1|Landorus-Therian, M|
|poke|p1|Tapu Lele|
|poke|p1|Urshifu-*, F|
|poke|p2|Hydreigon, M|
|poke|p2|Zapdos|
|poke|p2|Tangrowth, M|
|poke|p2|Corviknight, F|
|poke|p2|Excadrill, F|
|poke|p2|Azumarill, M|
|teampreview
|j| yop on the flux
|inactive|Battle timer is ON: inactive players will automatically lose when time's up. (requested by lt92pf mind)
|j| Cramoraunt
|
|t:|1660148102
|start
|switch|p1a: Tornadus|Tornadus-Therian, M|100/100
|switch|p2a: Azumarill|Azumarill, M|100/100
|turn|1
|j| LT92P Fever
|
|t:|1660148120
|move|p1a: Tornadus|Knock Off|p2a: Azumarill
|-resisted|p2a: Azumarill
|-damage|p2a: Azumarill|88/100
|-enditem|p2a: Azumarill|Sitrus Berry|[from] move: Knock Off|[of] p1a: Tornadus
|move|p2a: Azumarill|Knock Off|p1a: Tornadus
|-damage|p1a: Tornadus|58/100
|-enditem|p1a: Tornadus|Heavy-Duty Boots|[from] move: Knock Off|[of] p2a: Azumarill
|
|upkeep
|turn|2
|j| rheysali
|j| FlyingMaster-Mew
|j| LT92PF carmen
|j| fghnfghny
|j| Mollymiltoast
|j| teambuildr
|inactive|hypervortexreturns has 120 seconds left.
|j|+thankyou
|
|t:|1660148156
|move|p1a: Tornadus|U-turn|p2a: Azumarill
|-resisted|p2a: Azumarill
|-damage|p2a: Azumarill|78/100
|
|t:|1660148157
|switch|p1a: Slowbro|Slowbro, M|100/100|[from]move: U-turn
|move|p2a: Azumarill|Knock Off|p1a: Slowbro
|-supereffective|p1a: Slowbro
|-damage|p1a: Slowbro|56/100
|-damage|p2a: Azumarill|62/100|[from] item: Rocky Helmet|[of] p1a: Slowbro
|-enditem|p1a: Slowbro|Rocky Helmet|[from] move: Knock Off|[of] p2a: Azumarill
|
|upkeep
|turn|3
|j| LT92PF lobster
|j| miss groves
|j| LT92PF rej
|j| LT92PF Hikozaru
|j| Panda Menor
|inactive|hypervortexreturns has 120 seconds left.
|l| LT92PF lobster
|
|t:|1660148188
|move|p2a: Azumarill|Play Rough|p1a: Slowbro
|-damage|p1a: Slowbro|25/100
|move|p1a: Slowbro|Teleport|p1a: Slowbro
|j| LT92PF Isza
|j| liet32120
|
|t:|1660148196
|switch|p1a: Tapu Lele|Tapu Lele|100/100|[from]move: Teleport
|-fieldstart|move: Psychic Terrain|[from] ability: Psychic Surge|[of] p1a: Tapu Lele
|
|upkeep
|turn|4
|j| Fathiryxi
|
|t:|1660148217
|switch|p2a: Corviknight|Corviknight, F|100/100
|-ability|p2a: Corviknight|Pressure
|move|p1a: Tapu Lele|Psyshock|p2a: Corviknight
|-resisted|p2a: Corviknight
|-damage|p2a: Corviknight|65/100
|
|-heal|p2a: Corviknight|72/100|[from] item: Leftovers
|upkeep
|turn|5
|j| Atomise
|j| LT92PF STP
|
|t:|1660148233
|switch|p1a: Heatran|Heatran, F|100/100
|move|p2a: Corviknight|Roost|p2a: Corviknight
|-heal|p2a: Corviknight|100/100
|-singleturn|p2a: Corviknight|move: Roost
|
|upkeep
|turn|6
|j| LT92PF Templario
|inactive|hypervortexreturns has 90 seconds left.
|
|t:|1660148251
|switch|p2a: Hydreigon|Hydreigon, M|100/100
|move|p1a: Heatran|Stealth Rock|p2a: Hydreigon
|-sidestart|p2: hypervortexreturns|move: Stealth Rock
|
|upkeep
|turn|7
|inactive|hypervortexreturns has 90 seconds left.
|j| Enzonana
|
|t:|1660148264
|switch|p1a: Urshifu|Urshifu-Rapid-Strike, F|100/100
|move|p2a: Hydreigon|Nasty Plot|p2a: Hydreigon
|-boost|p2a: Hydreigon|spa|2
|
|-fieldend|move: Psychic Terrain
|upkeep
|turn|8
|l| Enzonana
|inactive|hypervortexreturns has 90 seconds left.
|
|t:|1660148276
|switch|p2a: Tangrowth|Tangrowth, M|100/100
|-damage|p2a: Tangrowth|88/100|[from] Stealth Rock
|move|p1a: Urshifu|U-turn|p2a: Tangrowth
|-supereffective|p2a: Tangrowth
|-damage|p2a: Tangrowth|62/100
|-damage|p1a: Urshifu|84/100|[from] item: Rocky Helmet|[of] p2a: Tangrowth
|
|t:|1660148281
|switch|p1a: Tapu Lele|Tapu Lele|100/100|[from]move: U-turn
|-fieldstart|move: Psychic Terrain|[from] ability: Psychic Surge|[of] p1a: Tapu Lele
|
|upkeep
|turn|9
|l| fghnfghny
|inactive|hypervortexreturns has 90 seconds left.
|
|t:|1660148297
|switch|p2a: Corviknight|Corviknight, F|100/100
|-damage|p2a: Corviknight|88/100|[from] Stealth Rock
|-ability|p2a: Corviknight|Pressure
|move|p1a: Tapu Lele|Psychic|p2a: Corviknight
|-resisted|p2a: Corviknight
|-damage|p2a: Corviknight|53/100
|
|-heal|p2a: Corviknight|59/100|[from] item: Leftovers
|upkeep
|turn|10
|j| floating clouds
|inactive|hypervortexreturns has 90 seconds left.
|
|t:|1660148309
|switch|p1a: Tornadus|Tornadus-Therian, M|91/100
|move|p2a: Corviknight|Roost|p2a: Corviknight
|-heal|p2a: Corviknight|100/100
|-singleturn|p2a: Corviknight|move: Roost
|
|upkeep
|turn|11
|inactive|hypervortexreturns has 90 seconds left.
|
|t:|1660148320
|switch|p2a: Zapdos|Zapdos|100/100
|move|p1a: Tornadus|Knock Off|p2a: Zapdos
|-damage|p2a: Zapdos|81/100
|-enditem|p2a: Zapdos|Heavy-Duty Boots|[from] move: Knock Off|[of] p1a: Tornadus
|
|upkeep
|turn|12
|j| gare23limit
|inactive|hypervortexreturns has 90 seconds left.
|j| LT92PF Chicos
|
|t:|1660148339
|switch|p1a: Heatran|Heatran, F|100/100
|move|p2a: Zapdos|Discharge|p1a: Heatran
|-damage|p1a: Heatran|81/100
|-status|p1a: Heatran|par
|
|-heal|p1a: Heatran|87/100 par|[from] item: Leftovers
|-fieldend|move: Psychic Terrain
|upkeep
|turn|13
|inactive|hypervortexreturns has 90 seconds left.
|l| LT92PF Chicos
|
|t:|1660148354
|switch|p2a: Hydreigon|Hydreigon, M|100/100
|-damage|p2a: Hydreigon|88/100|[from] Stealth Rock
|cant|p1a: Heatran|par
|
|-heal|p2a: Hydreigon|94/100|[from] item: Leftovers
|-heal|p1a: Heatran|94/100 par|[from] item: Leftovers
|upkeep
|turn|14
|
|t:|1660148371
|switch|p1a: Tornadus|Tornadus-Therian, M|100/100
|move|p2a: Hydreigon|Earth Power|p1a: Tornadus
|-immune|p1a: Tornadus
|
|-heal|p2a: Hydreigon|100/100|[from] item: Leftovers
|upkeep
|turn|15
|j| Vessev
|
|t:|1660148390
|switch|p2a: Zapdos|Zapdos|81/100
|-damage|p2a: Zapdos|56/100|[from] Stealth Rock
|move|p1a: Tornadus|Knock Off|p2a: Zapdos
|-crit|p2a: Zapdos
|-damage|p2a: Zapdos|35/100
|-status|p1a: Tornadus|par|[from] ability: Static|[of] p2a: Zapdos
|
|upkeep
|turn|16
|
|t:|1660148400
|switch|p1a: Tapu Lele|Tapu Lele|100/100
|-fieldstart|move: Psychic Terrain|[from] ability: Psychic Surge|[of] p1a: Tapu Lele
|move|p2a: Zapdos|Roost|p2a: Zapdos
|-heal|p2a: Zapdos|85/100
|-singleturn|p2a: Zapdos|move: Roost
|
|upkeep
|turn|17
|j| Jorgekaiser.jigsaw
|
|t:|1660148413
|switch|p2a: Corviknight|Corviknight, F|100/100
|-damage|p2a: Corviknight|88/100|[from] Stealth Rock
|-ability|p2a: Corviknight|Pressure
|move|p1a: Tapu Lele|Thunderbolt|p2a: Corviknight
|-supereffective|p2a: Corviknight
|-damage|p2a: Corviknight|15/100
|
|-heal|p2a: Corviknight|21/100|[from] item: Leftovers
|upkeep
|turn|18
|inactive|hypervortexreturns has 60 seconds left.
|j| Erigos
|
|t:|1660148437
|switch|p1a: Landorus|Landorus-Therian, M|100/100
|-ability|p1a: Landorus|Intimidate|boost
|-unboost|p2a: Corviknight|atk|1
|switch|p2a: Excadrill|Excadrill, F|100/100
|-damage|p2a: Excadrill|97/100|[from] Stealth Rock
|
|-heal|p2a: Excadrill|100/100|[from] item: Leftovers
|upkeep
|turn|19
|j| molllie
|l| LT92PF Hikozaru
|inactive|hypervortexreturns has 60 seconds left.
|
|t:|1660148451
|switch|p2a: Tangrowth|Tangrowth, M|95/100
|-damage|p2a: Tangrowth|83/100|[from] Stealth Rock
|move|p1a: Landorus|Knock Off|p2a: Tangrowth
|-crit|p2a: Tangrowth
|-damage|p2a: Tangrowth|49/100
|-damage|p1a: Landorus|84/100|[from] item: Rocky Helmet|[of] p2a: Tangrowth
|-enditem|p2a: Tangrowth|Rocky Helmet|[from] move: Knock Off|[of] p1a: Landorus
|
|-heal|p1a: Landorus|90/100|[from] item: Leftovers
|upkeep
|turn|20
|inactive|hypervortexreturns has 60 seconds left.
|
|t:|1660148473
|move|p1a: Landorus|Substitute|p1a: Landorus
|-start|p1a: Landorus|Substitute
|-damage|p1a: Landorus|65/100
|move|p2a: Tangrowth|Sleep Powder||[still]
|-fail|p2a: Tangrowth
|
|-heal|p1a: Landorus|71/100|[from] item: Leftovers
|-fieldend|move: Psychic Terrain
|upkeep
|turn|21
|j| LT92PF Chicos
|inactive|lt92pf mind has 120 seconds left.
|
|t:|1660148505
|switch|p2a: Azumarill|Azumarill, M|62/100
|-damage|p2a: Azumarill|49/100|[from] Stealth Rock
|move|p1a: Landorus|Swords Dance|p1a: Landorus
|-boost|p1a: Landorus|atk|2
|
|-heal|p1a: Landorus|77/100|[from] item: Leftovers
|upkeep
|turn|22
|
|t:|1660148515
|move|p2a: Azumarill|Aqua Jet|p1a: Landorus
|-supereffective|p1a: Landorus
|-end|p1a: Landorus|Substitute
|move|p1a: Landorus|Earthquake|p2a: Azumarill
|-damage|p2a: Azumarill|0 fnt
|faint|p2a: Azumarill
|
|-heal|p1a: Landorus|83/100|[from] item: Leftovers
|upkeep
|l| Mollymiltoast
|j| cancerou
|
|t:|1660148535
|switch|p2a: Zapdos|Zapdos|85/100
|-damage|p2a: Zapdos|60/100|[from] Stealth Rock
|turn|23
|j| Skip The Drip
|
|t:|1660148549
|move|p2a: Zapdos|Hurricane|p1a: Landorus|[miss]
|-miss|p2a: Zapdos|p1a: Landorus
|move|p1a: Landorus|Swords Dance|p1a: Landorus
|-boost|p1a: Landorus|atk|2
|
|-heal|p1a: Landorus|89/100|[from] item: Leftovers
|upkeep
|turn|24
|j| GodXShadow
|j| lt92pf ruby
|
|t:|1660148559
|move|p2a: Zapdos|Hurricane|p1a: Landorus|[miss]
|-miss|p2a: Zapdos|p1a: Landorus
|move|p1a: Landorus|Knock Off|p2a: Zapdos
|-damage|p2a: Zapdos|0 fnt
|faint|p2a: Zapdos
|
|-heal|p1a: Landorus|95/100|[from] item: Leftovers
|upkeep
|j| LT91BB Livio
|inactive|hypervortexreturns has 30 seconds left.
|inactive|hypervortexreturns has 20 seconds left.
|j| LT_Alt1
|
|t:|1660148588
|switch|p2a: Excadrill|Excadrill, F|100/100
|-damage|p2a: Excadrill|97/100|[from] Stealth Rock
|turn|25
|inactive|hypervortexreturns has 30 seconds left this turn.
|l| yop on the flux
|
|t:|1660148593
|move|p2a: Excadrill|Iron Head|p1a: Landorus
|-damage|p1a: Landorus|42/100
|move|p1a: Landorus|Knock Off|p2a: Excadrill
|-damage|p2a: Excadrill|0 fnt
|-enditem|p2a: Excadrill|Leftovers|[from] move: Knock Off|[of] p1a: Landorus
|faint|p2a: Excadrill
|
|-heal|p1a: Landorus|48/100|[from] item: Leftovers
|upkeep
|inactive|hypervortexreturns has 30 seconds left.
|
|t:|1660148604
|switch|p2a: Hydreigon|Hydreigon, M|100/100
|-damage|p2a: Hydreigon|88/100|[from] Stealth Rock
|turn|26
|inactive|hypervortexreturns has 30 seconds left.
|
|t:|1660148609
|move|p2a: Hydreigon|Nasty Plot|p2a: Hydreigon
|-boost|p2a: Hydreigon|spa|2
|move|p1a: Landorus|Knock Off|p2a: Hydreigon
|-resisted|p2a: Hydreigon
|-damage|p2a: Hydreigon|26/100
|-enditem|p2a: Hydreigon|Leftovers|[from] move: Knock Off|[of] p1a: Landorus
|
|-heal|p1a: Landorus|54/100|[from] item: Leftovers
|upkeep
|turn|27
|inactive|hypervortexreturns has 30 seconds left.
|
|t:|1660148620
|move|p2a: Hydreigon|Dark Pulse|p1a: Landorus
|-damage|p1a: Landorus|0 fnt
|faint|p1a: Landorus
|
|upkeep
|
|t:|1660148623
|switch|p1a: Urshifu|Urshifu-Rapid-Strike, F|84/100
|turn|28
|l| LT92PF STP
|
|t:|1660148629
|move|p1a: Urshifu|U-turn|p2a: Hydreigon
|-supereffective|p2a: Hydreigon
|-damage|p2a: Hydreigon|0 fnt
|faint|p2a: Hydreigon
|
|t:|1660148631
|switch|p1a: Tapu Lele|Tapu Lele|100/100|[from]move: U-turn
|-fieldstart|move: Psychic Terrain|[from] ability: Psychic Surge|[of] p1a: Tapu Lele
|
|upkeep
|l| FlyingMaster-Mew
|j| Tartopoires
|l|+thankyou
|inactive|hypervortexreturns has 30 seconds left.
|inactive|hypervortexreturns has 20 seconds left.
|inactive|hypervortexreturns has 15 seconds left.
|inactive|hypervortexreturns has 10 seconds left.
|l| LT92PF Isza
|inactive|hypervortexreturns has 5 seconds left.
|-message|hypervortexreturns lost due to inactivity.
|
|win|lt92pf mind
|raw|lt92pf mind's rating: 1983 &rarr; <strong>2002</strong><br />(+19 for winning)
|raw|hypervortexreturns's rating: 1974 &rarr; <strong>1955</strong><br />(-19 for losing)
|l| cancerou
|l| molllie
|l| Panda Menor
|l| floating clouds
|l|☆lt92pf mind
|l| Skip The Drip
|l| LT_Alt1
|l| Vessev
|l| Fathiryxi
|l| rheysali
||Ladder isn't responding, score probably updated but might not have (Request timeout).
