|j|☆ldailey19
|j|☆Mollymiltoast
|t:|1645087478
|gametype|singles
|player|p1|ldailey19|lance|1631
|player|p2|Mollymiltoast|cyclist|1815
|teamsize|p1|6
|teamsize|p2|6
|gen|8
|tier|[Gen 8] OU
|rated|
|rule|Sleep Clause Mod: Limit one foe put to sleep
|rule|Species Clause: Limit one of each Pokémon
|rule|OHKO Clause: OHKO moves are banned
|rule|Evasion Moves Clause: Evasion moves are banned
|rule|Endless Battle Clause: Forcing endless battles is banned
|rule|HP Percentage Mod: HP is shown in percentages
|rule|Dynamax Clause: You cannot dynamax
|clearpoke
|poke|p1|Magnezone|
|poke|p1|Weavile, F|
|poke|p1|Urshifu-*, F|
|poke|p1|Heatran, F|
|poke|p1|Landorus-Therian, M|
|poke|p1|Dragapult, M|
|poke|p2|Torkoal, M|
|poke|p2|Dragapult, M|
|poke|p2|Venusaur, M|
|poke|p2|Heatran, F|
|poke|p2|Landorus-Therian, M|
|poke|p2|Tapu Fini|
|teampreview
|inactive|Battle timer is ON: inactive players will automatically lose when time's up. (requested by ldailey19)
|j| satouya
|j| lucky and godawful
|inactive|Mollymiltoast has 120 seconds left.
|inactive|ldailey19 has 120 seconds left.
|j| Marquesa-10%
|
|t:|1645087521
|start
|switch|p1a: Dragapult|Dragapult, M, shiny|100/100
|switch|p2a: Tapu Fini|Tapu Fini|100/100
|-fieldstart|move: Misty Terrain|[from] ability: Misty Surge|[of] p2a: Tapu Fini
|turn|1
|
|t:|1645087526
|move|p1a: Dragapult|U-turn|p2a: Tapu Fini
|-resisted|p2a: Tapu Fini
|-damage|p2a: Tapu Fini|90/100
|
|t:|1645087530
|switch|p1a: Magnezone|Magnezone, shiny|100/100|[from]move: U-turn
|move|p2a: Tapu Fini|Scald|p1a: Magnezone
|-damage|p1a: Magnezone|79/100
|
|-heal|p2a: Tapu Fini|96/100|[from] item: Leftovers
|upkeep
|turn|2
|
|t:|1645087534
|switch|p2a: Landorus|Landorus-Therian, M|100/100
|-ability|p2a: Landorus|Intimidate|boost
|-unboost|p1a: Magnezone|atk|1
|move|p1a: Magnezone|Flash Cannon|p2a: Landorus
|-damage|p2a: Landorus|32/100
|-unboost|p2a: Landorus|spd|1
|
|-heal|p2a: Landorus|38/100|[from] item: Leftovers
|upkeep
|turn|3
|
|t:|1645087558
|switch|p2a: Tapu Fini|Tapu Fini|96/100
|switch|p1a: Landorus|Landorus-Therian, M|100/100
|-ability|p1a: Landorus|Intimidate|boost
|-unboost|p2a: Tapu Fini|atk|1
|
|-heal|p2a: Tapu Fini|100/100|[from] item: Leftovers
|upkeep
|turn|4
|
|t:|1645087570
|switch|p1a: Magnezone|Magnezone, shiny|79/100
|move|p2a: Tapu Fini|Scald|p1a: Magnezone
|-damage|p1a: Magnezone|57/100
|
|upkeep
|turn|5
|
|t:|1645087585
|switch|p2a: Landorus|Landorus-Therian, M|38/100
|-ability|p2a: Landorus|Intimidate|boost
|-unboost|p1a: Magnezone|atk|1
|move|p1a: Magnezone|Volt Switch|p2a: Landorus
|-immune|p2a: Landorus
|
|-heal|p2a: Landorus|44/100|[from] item: Leftovers
|-fieldend|Misty Terrain
|upkeep
|turn|6
|
|t:|1645087600
|switch|p1a: Landorus|Landorus-Therian, M|100/100
|-ability|p1a: Landorus|Intimidate|boost
|-unboost|p2a: Landorus|atk|1
|move|p2a: Landorus|Earthquake|p1a: Landorus
|-immune|p1a: Landorus
|
|-heal|p2a: Landorus|50/100|[from] item: Leftovers
|upkeep
|turn|7
|
|t:|1645087608
|switch|p2a: Torkoal|Torkoal, M|100/100
|-weather|SunnyDay|[from] ability: Drought|[of] p2a: Torkoal
|move|p1a: Landorus|Knock Off|p2a: Torkoal
|-damage|p2a: Torkoal|84/100
|-enditem|p2a: Torkoal|Heat Rock|[from] move: Knock Off|[of] p1a: Landorus
|
|-weather|SunnyDay|[upkeep]
|upkeep
|turn|8
|
|t:|1645087620
|move|p1a: Landorus|Stealth Rock|p2a: Torkoal
|-sidestart|p2: Mollymiltoast|move: Stealth Rock
|move|p2a: Torkoal|Stealth Rock|p1a: Landorus
|-sidestart|p1: ldailey19|move: Stealth Rock
|
|-weather|SunnyDay|[upkeep]
|upkeep
|turn|9
|
|t:|1645087630
|switch|p2a: Landorus|Landorus-Therian, M|50/100
|-damage|p2a: Landorus|38/100|[from] Stealth Rock
|-ability|p2a: Landorus|Intimidate|boost
|-unboost|p1a: Landorus|atk|1
|move|p1a: Landorus|Defog|p2a: Landorus
|-unboost|p2a: Landorus|evasion|1
|-sideend|p2: Mollymiltoast|Stealth Rock|[from] move: Defog|[of] p1a: Landorus
|-sideend|p1: ldailey19|Stealth Rock|[from] move: Defog|[of] p1a: Landorus
|
|-weather|SunnyDay|[upkeep]
|-heal|p2a: Landorus|44/100|[from] item: Leftovers
|upkeep
|turn|10
|
|t:|1645087646
|switch|p2a: Heatran|Heatran, F|100/100
|move|p1a: Landorus|Knock Off|p2a: Heatran
|-damage|p2a: Heatran|79/100
|-enditem|p2a: Heatran|Choice Scarf|[from] move: Knock Off|[of] p1a: Landorus
|
|-weather|SunnyDay|[upkeep]
|upkeep
|turn|11
|
|t:|1645087657
|move|p2a: Heatran|Eruption|p1a: Landorus
|-damage|p1a: Landorus|0 fnt
|faint|p1a: Landorus
|
|-weather|SunnyDay|[upkeep]
|upkeep
|
|t:|1645087666
|switch|p1a: Heatran|Heatran, F, shiny|100/100
|-item|p1a: Heatran|Air Balloon
|turn|12
|
|t:|1645087680
|switch|p2a: Dragapult|Dragapult, M|100/100
|move|p1a: Heatran|Toxic|p2a: Dragapult
|-status|p2a: Dragapult|tox
|
|-weather|SunnyDay|[upkeep]
|-damage|p2a: Dragapult|95/100 tox|[from] psn
|upkeep
|turn|13
|
|t:|1645087686
|move|p1a: Heatran|Protect|p1a: Heatran
|-singleturn|p1a: Heatran|Protect
|move|p2a: Dragapult|U-turn|p1a: Heatran
|-activate|p1a: Heatran|move: Protect
|
|-weather|SunnyDay|[upkeep]
|-damage|p2a: Dragapult|83/100 tox|[from] psn
|upkeep
|turn|14
|
|t:|1645087700
|switch|p1a: Magnezone|Magnezone, shiny|57/100
|move|p2a: Dragapult|U-turn|p1a: Magnezone
|-resisted|p1a: Magnezone
|-damage|p1a: Magnezone|40/100
|
|t:|1645087707
|switch|p2a: Landorus|Landorus-Therian, M|44/100|[from]move: U-turn
|-ability|p2a: Landorus|Intimidate|boost
|-unboost|p1a: Magnezone|atk|1
|
|-weather|none
|-heal|p2a: Landorus|50/100|[from] item: Leftovers
|upkeep
|turn|15
|
|t:|1645087716
|switch|p1a: Heatran|Heatran, F, shiny|100/100
|-item|p1a: Heatran|Air Balloon
|move|p2a: Landorus|Smack Down|p1a: Heatran
|-damage|p1a: Heatran|85/100
|-enditem|p1a: Heatran|Air Balloon
|
|-heal|p2a: Landorus|56/100|[from] item: Leftovers
|upkeep
|turn|16
|
|t:|1645087727
|move|p2a: Landorus|Earthquake|p1a: Heatran
|-supereffective|p1a: Heatran
|-damage|p1a: Heatran|0 fnt
|faint|p1a: Heatran
|
|-heal|p2a: Landorus|62/100|[from] item: Leftovers
|upkeep
|
|t:|1645087742
|switch|p1a: Weavile|Weavile, F|100/100
|-ability|p1a: Weavile|Pressure
|turn|17
|
|t:|1645087747
|switch|p2a: Torkoal|Torkoal, M|84/100
|-weather|SunnyDay|[from] ability: Drought|[of] p2a: Torkoal
|move|p1a: Weavile|Knock Off|p2a: Torkoal
|-damage|p2a: Torkoal|56/100
|
|-weather|SunnyDay|[upkeep]
|upkeep
|turn|18
|
|t:|1645087756
|switch|p1a: Urshifu|Urshifu-Rapid-Strike, F|100/100
|move|p2a: Torkoal|Stealth Rock|p1a: Urshifu
|-sidestart|p1: ldailey19|move: Stealth Rock
|
|-weather|SunnyDay|[upkeep]
|upkeep
|turn|19
|
|t:|1645087766
|switch|p2a: Dragapult|Dragapult, M|83/100 tox
|move|p1a: Urshifu|Surging Strikes|p2a: Dragapult
|-resisted|p2a: Dragapult
|-crit|p2a: Dragapult
|-damage|p2a: Dragapult|76/100 tox
|-resisted|p2a: Dragapult
|-crit|p2a: Dragapult
|-damage|p2a: Dragapult|69/100 tox
|-resisted|p2a: Dragapult
|-crit|p2a: Dragapult
|-damage|p2a: Dragapult|62/100 tox
|-hitcount|p2a: Dragapult|3
|
|-weather|SunnyDay|[upkeep]
|-damage|p2a: Dragapult|56/100 tox|[from] psn
|upkeep
|turn|20
|
|t:|1645087776
|switch|p1a: Weavile|Weavile, F|100/100
|-damage|p1a: Weavile|76/100|[from] Stealth Rock
|-ability|p1a: Weavile|Pressure
|move|p2a: Dragapult|Dragon Darts|p1a: Weavile
|-damage|p1a: Weavile|2/100
|-anim|p2a: Dragapult|Dragon Darts|p1a: Weavile
|-damage|p1a: Weavile|0 fnt
|faint|p1a: Weavile
|
|-weather|SunnyDay|[upkeep]
|-damage|p2a: Dragapult|44/100 tox|[from] psn
|upkeep
|-message|ldailey19 forfeited.
|
|win|Mollymiltoast
|raw|ldailey19's rating: 1631 &rarr; <strong>1621</strong><br />(-10 for losing)
|raw|Mollymiltoast's rating: 1815 &rarr; <strong>1825</strong><br />(+10 for winning)
|l|☆ldailey19
