|j|☆PokeDa
|j|☆Pipotron
|player|p1|PokeDa|wallace|1693
|player|p2|Pipotron|giovanni|1669
|teamsize|p1|6
|teamsize|p2|6
|gametype|singles
|gen|8
|tier|[Gen 8] OU
|rated|
|clearpoke
|poke|p1|Pelipper, M|
|poke|p1|Dracovish|
|poke|p1|Mantine, M|
|poke|p1|Seismitoad, M|
|poke|p1|Ferrothorn, F|
|poke|p1|Jirachi|
|poke|p2|Incineroar, F|
|poke|p2|Clefable, M|
|poke|p2|Sandaconda, F|
|poke|p2|Seismitoad, M|
|poke|p2|Kyurem|
|poke|p2|Corviknight, F|
|rule|Sleep Clause Mod: Limit one foe put to sleep
|rule|Species Clause: Limit one of each Pokémon
|rule|OHKO Clause: OHKO moves are banned
|rule|Evasion Moves Clause: Evasion moves are banned
|rule|Endless Battle Clause: Forcing endless battles is banned
|rule|HP Percentage Mod: HP is shown in percentages
|rule|Dynamax Clause: You cannot dynamax
|teampreview
|inactive|Battle timer is ON: inactive players will automatically lose when time's up. (requested by PokeDa)
|
|start
|switch|p1a: Ferrothorn|Ferrothorn, F, shiny|100/100
|switch|p2a: Incineroar|Incineroar, F|100/100
|-ability|p2a: Incineroar|Intimidate|boost
|-unboost|p1a: Ferrothorn|atk|1
|turn|1
|
|move|p2a: Incineroar|Knock Off|p1a: Ferrothorn
|-damage|p1a: Ferrothorn|78/100
|-damage|p2a: Incineroar|88/100|[from] ability: Iron Barbs|[of] p1a: Ferrothorn
|-damage|p2a: Incineroar|72/100|[from] item: Rocky Helmet|[of] p1a: Ferrothorn
|-enditem|p1a: Ferrothorn|Rocky Helmet|[from] move: Knock Off|[of] p2a: Incineroar
|move|p1a: Ferrothorn|Stealth Rock|p2a: Incineroar
|-sidestart|p2: Pipotron|move: Stealth Rock
|
|upkeep
|turn|2
|
|switch|p1a: Pelipper|Pelipper, M|100/100
|-weather|RainDance|[from] ability: Drizzle|[of] p1a: Pelipper
|move|p2a: Incineroar|Parting Shot|p1a: Pelipper
|-unboost|p1a: Pelipper|atk|1
|-unboost|p1a: Pelipper|spa|1
|
|switch|p2a: Corviknight|Corviknight, F|100/100|[from]move: Parting Shot
|-damage|p2a: Corviknight|88/100|[from] Stealth Rock
|-ability|p2a: Corviknight|Pressure
|
|-weather|RainDance|[upkeep]
|-heal|p2a: Corviknight|94/100|[from] item: Leftovers
|upkeep
|turn|3
|
|move|p2a: Corviknight|Defog|p1a: Pelipper
|-unboost|p1a: Pelipper|evasion|1
|-sideend|p2: Pipotron|Stealth Rock|[from] move: Defog|[of] p2a: Corviknight
|move|p1a: Pelipper|U-turn|p2a: Corviknight
|-resisted|p2a: Corviknight
|-damage|p2a: Corviknight|93/100
|
|switch|p1a: Seismitoad|Seismitoad, M|100/100|[from]move: U-turn
|
|-weather|RainDance|[upkeep]
|-heal|p2a: Corviknight|99/100|[from] item: Leftovers
|upkeep
|turn|4
|
|move|p1a: Seismitoad|Liquidation|p2a: Corviknight
|-damage|p2a: Corviknight|37/100
|-damage|p1a: Seismitoad|91/100|[from] item: Life Orb
|move|p2a: Corviknight|U-turn|p1a: Seismitoad
|-damage|p1a: Seismitoad|73/100
|
|switch|p2a: Clefable|Clefable, M|100/100|[from]move: U-turn
|
|-weather|RainDance|[upkeep]
|upkeep
|turn|5
|
|switch|p1a: Jirachi|Jirachi, shiny|100/100
|switch|p2a: Seismitoad|Seismitoad, M|100/100
|
|-weather|RainDance|[upkeep]
|upkeep
|turn|6
|
|move|p1a: Jirachi|Trick|p2a: Seismitoad
|-activate|p1a: Jirachi|move: Trick|[of] p2a: Seismitoad
|-item|p2a: Seismitoad|Choice Scarf|[from] move: Trick
|-item|p1a: Jirachi|Metronome|[from] move: Trick
|move|p2a: Seismitoad|Earthquake|p1a: Jirachi
|-supereffective|p1a: Jirachi
|-damage|p1a: Jirachi|10/100
|
|-weather|RainDance|[upkeep]
|upkeep
|turn|7
|
|switch|p1a: Mantine|Mantine, M|100/100
|switch|p2a: Kyurem|Kyurem|100/100
|-ability|p2a: Kyurem|Pressure
|
|-weather|RainDance|[upkeep]
|upkeep
|turn|8
|
|move|p1a: Mantine|Hurricane|p2a: Kyurem
|-damage|p2a: Kyurem|35/100
|move|p2a: Kyurem|Freeze-Dry|p1a: Mantine
|-supereffective|p1a: Mantine
|-damage|p1a: Mantine|0 fnt
|faint|p1a: Mantine
|
|-weather|RainDance|[upkeep]
|upkeep
|
|switch|p1a: Seismitoad|Seismitoad, M|73/100
|turn|9
|
|switch|p2a: Seismitoad|Seismitoad, M|100/100
|move|p1a: Seismitoad|Earthquake|p2a: Seismitoad
|-damage|p2a: Seismitoad|38/100
|-damage|p1a: Seismitoad|63/100|[from] item: Life Orb
|
|-weather|none
|upkeep
|turn|10
|
|switch|p2a: Corviknight|Corviknight, F|37/100
|-ability|p2a: Corviknight|Pressure
|move|p1a: Seismitoad|Earthquake|p2a: Corviknight
|-immune|p2a: Corviknight
|
|-heal|p2a: Corviknight|43/100|[from] item: Leftovers
|upkeep
|turn|11
|
|move|p1a: Seismitoad|Knock Off|p2a: Corviknight
|-damage|p2a: Corviknight|10/100
|-enditem|p2a: Corviknight|Leftovers|[from] move: Knock Off|[of] p1a: Seismitoad
|-damage|p1a: Seismitoad|53/100|[from] item: Life Orb
|move|p2a: Corviknight|Roost|p2a: Corviknight
|-heal|p2a: Corviknight|60/100
|-singleturn|p2a: Corviknight|move: Roost
|
|upkeep
|turn|12
|
|switch|p1a: Pelipper|Pelipper, M|100/100
|-weather|RainDance|[from] ability: Drizzle|[of] p1a: Pelipper
|move|p2a: Corviknight|U-turn|p1a: Pelipper
|-resisted|p1a: Pelipper
|-damage|p1a: Pelipper|95/100
|
|switch|p2a: Kyurem|Kyurem|35/100|[from]move: U-turn
|-ability|p2a: Kyurem|Pressure
|
|-weather|RainDance|[upkeep]
|upkeep
|turn|13
|
|switch|p1a: Ferrothorn|Ferrothorn, F, shiny|78/100
|move|p2a: Kyurem|Freeze-Dry|p1a: Ferrothorn
|-damage|p1a: Ferrothorn|33/100
|
|-weather|RainDance|[upkeep]
|upkeep
|turn|14
|
|move|p2a: Kyurem|Freeze-Dry|p1a: Ferrothorn
|-damage|p1a: Ferrothorn|0 fnt
|faint|p1a: Ferrothorn
|
|-weather|RainDance|[upkeep]
|upkeep
|
|switch|p1a: Seismitoad|Seismitoad, M|53/100
|turn|15
|
|switch|p2a: Seismitoad|Seismitoad, M|38/100
|move|p1a: Seismitoad|Knock Off|p2a: Seismitoad
|-damage|p2a: Seismitoad|3/100
|-enditem|p2a: Seismitoad|Choice Scarf|[from] move: Knock Off|[of] p1a: Seismitoad
|-damage|p1a: Seismitoad|43/100|[from] item: Life Orb
|
|-weather|RainDance|[upkeep]
|upkeep
|turn|16
|
|move|p1a: Seismitoad|Knock Off|p2a: Seismitoad
|-damage|p2a: Seismitoad|0 fnt
|-damage|p1a: Seismitoad|33/100|[from] item: Life Orb
|faint|p2a: Seismitoad
|
|-weather|RainDance|[upkeep]
|upkeep
|
|switch|p2a: Incineroar|Incineroar, F|72/100
|-ability|p2a: Incineroar|Intimidate|boost
|-unboost|p1a: Seismitoad|atk|1
|turn|17
|
|switch|p1a: Dracovish|Dracovish, shiny|100/100
|move|p2a: Incineroar|Fake Out|p1a: Dracovish
|-damage|p1a: Dracovish|89/100
|
|-weather|RainDance|[upkeep]
|upkeep
|turn|18
|
|move|p1a: Dracovish|Fishious Rend|p2a: Incineroar
|-supereffective|p2a: Incineroar
|-damage|p2a: Incineroar|0 fnt
|faint|p2a: Incineroar
|
|-weather|RainDance|[upkeep]
|upkeep
|
|switch|p2a: Kyurem|Kyurem|35/100
|-ability|p2a: Kyurem|Pressure
|turn|19
|
|move|p1a: Dracovish|Fishious Rend|p2a: Kyurem
|-resisted|p2a: Kyurem
|-crit|p2a: Kyurem
|-damage|p2a: Kyurem|0 fnt
|faint|p2a: Kyurem
|
|-weather|none
|upkeep
|
|switch|p2a: Clefable|Clefable, M|100/100
|turn|20
|
|switch|p1a: Pelipper|Pelipper, M|95/100
|-weather|RainDance|[from] ability: Drizzle|[of] p1a: Pelipper
|move|p2a: Clefable|Moonblast|p1a: Pelipper
|-damage|p1a: Pelipper|53/100
|
|-weather|RainDance|[upkeep]
|upkeep
|turn|21
|
|move|p2a: Clefable|Moonblast|p1a: Pelipper
|-damage|p1a: Pelipper|11/100
|-unboost|p1a: Pelipper|spa|1
|move|p1a: Pelipper|Roost|p1a: Pelipper
|-heal|p1a: Pelipper|61/100
|-singleturn|p1a: Pelipper|move: Roost
|
|-weather|RainDance|[upkeep]
|upkeep
|turn|22
|
|move|p2a: Clefable|Moonblast|p1a: Pelipper
|-damage|p1a: Pelipper|20/100
|-unboost|p1a: Pelipper|spa|1
|move|p1a: Pelipper|U-turn|p2a: Clefable
|-resisted|p2a: Clefable
|-damage|p2a: Clefable|95/100
|
|switch|p1a: Dracovish|Dracovish, shiny|89/100|[from]move: U-turn
|
|-weather|RainDance|[upkeep]
|-heal|p2a: Clefable|100/100|[from] item: Leftovers
|upkeep
|turn|23
|
|move|p2a: Clefable|Protect|p2a: Clefable
|-singleturn|p2a: Clefable|Protect
|move|p1a: Dracovish|Fishious Rend|p2a: Clefable
|-activate|p2a: Clefable|move: Protect
|
|-weather|RainDance|[upkeep]
|upkeep
|turn|24
|
|move|p1a: Dracovish|Fishious Rend|p2a: Clefable
|-damage|p2a: Clefable|0 fnt
|faint|p2a: Clefable
|
|-weather|RainDance|[upkeep]
|upkeep
|-message|Pipotron forfeited.
|
|win|PokeDa
|l|☆Pipotron
|raw|PokeDa's rating: 1693 &rarr; <strong>1711</strong><br />(+18 for winning)
|raw|Pipotron's rating: 1645 &rarr; <strong>1628</strong><br />(-17 for losing)
