|j|☆BOX MUNCHER
|j|☆Maitredouard2
|t:|1648134899
|gametype|singles
|player|p1|BOX MUNCHER|scientist|1704
|player|p2|Maitredouard2|lance|1672
|teamsize|p1|6
|teamsize|p2|6
|gen|8
|tier|[Gen 8] OU
|rated|
|rule|Sleep Clause Mod: Limit one foe put to sleep
|rule|Species Clause: Limit one of each Pokémon
|rule|OHKO Clause: OHKO moves are banned
|rule|Evasion Moves Clause: Evasion moves are banned
|rule|Endless Battle Clause: Forcing endless battles is banned
|rule|HP Percentage Mod: HP is shown in percentages
|rule|Dynamax Clause: You cannot dynamax
|clearpoke
|poke|p1|Kartana|
|poke|p1|Keldeo-Resolute|
|poke|p1|Dragonite, M|
|poke|p1|Hippowdon, F|
|poke|p1|Aegislash, M|
|poke|p1|Weezing-Galar, M|
|poke|p2|Mandibuzz, F|
|poke|p2|Landorus-Therian, M|
|poke|p2|Blissey, F|
|poke|p2|Heatran, M|
|poke|p2|Toxapex, F|
|poke|p2|Tapu Lele|
|teampreview
|j| longyechaji
|
|t:|1648134912
|start
|switch|p1a: Keldeo|Keldeo-Resolute|100/100
|switch|p2a: Heatran|Heatran, M|100/100
|-item|p2a: Heatran|Air Balloon
|turn|1
|inactive|Battle timer is ON: inactive players will automatically lose when time's up. (requested by BOX MUNCHER)
|
|t:|1648134931
|switch|p2a: Toxapex|Toxapex, F|100/100
|move|p1a: Keldeo|Substitute|p1a: Keldeo
|-start|p1a: Keldeo|Substitute
|-damage|p1a: Keldeo|76/100
|
|-heal|p1a: Keldeo|82/100|[from] item: Leftovers
|upkeep
|turn|2
|
|t:|1648134955
|move|p1a: Keldeo|Calm Mind|p1a: Keldeo
|-boost|p1a: Keldeo|spa|1
|-boost|p1a: Keldeo|spd|1
|move|p2a: Toxapex|Haze|p2a: Toxapex
|-clearallboost
|
|-heal|p1a: Keldeo|88/100|[from] item: Leftovers
|upkeep
|turn|3
|
|t:|1648134964
|move|p1a: Keldeo|Calm Mind|p1a: Keldeo
|-boost|p1a: Keldeo|spa|1
|-boost|p1a: Keldeo|spd|1
|move|p2a: Toxapex|Haze|p2a: Toxapex
|-clearallboost
|
|-heal|p1a: Keldeo|94/100|[from] item: Leftovers
|upkeep
|turn|4
|j| PedritoJC
|inactive|Maitredouard2 has 120 seconds left.
|j| malibou
|
|t:|1648134995
|move|p1a: Keldeo|Air Slash|p2a: Toxapex
|-damage|p2a: Toxapex|77/100
|cant|p2a: Toxapex|flinch
|
|-heal|p1a: Keldeo|100/100|[from] item: Leftovers
|upkeep
|turn|5
|inactive|Maitredouard2 has 120 seconds left.
|
|t:|1648135002
|move|p1a: Keldeo|Calm Mind|p1a: Keldeo
|-boost|p1a: Keldeo|spa|1
|-boost|p1a: Keldeo|spd|1
|move|p2a: Toxapex|Scald|p1a: Keldeo
|-resisted|p1a: Keldeo
|-activate|p1a: Keldeo|move: Substitute|[damage]
|
|upkeep
|turn|6
|inactive|Maitredouard2 has 120 seconds left.
|
|t:|1648135028
|move|p1a: Keldeo|Air Slash|p2a: Toxapex
|-damage|p2a: Toxapex|39/100
|move|p2a: Toxapex|Haze|p2a: Toxapex
|-clearallboost
|
|upkeep
|turn|7
|j| wyypoke
|
|t:|1648135042
|switch|p2a: Landorus|Landorus-Therian, M|100/100
|-ability|p2a: Landorus|Intimidate|boost
|-immune|p1a: Keldeo
|move|p1a: Keldeo|Calm Mind|p1a: Keldeo
|-boost|p1a: Keldeo|spa|1
|-boost|p1a: Keldeo|spd|1
|
|upkeep
|turn|8
|
|t:|1648135061
|move|p2a: Landorus|U-turn|p1a: Keldeo
|-resisted|p1a: Keldeo
|-activate|p1a: Keldeo|move: Substitute|[damage]
|
|t:|1648135064
|switch|p2a: Toxapex|Toxapex, F|73/100|[from]move: U-turn
|move|p1a: Keldeo|Air Slash|p2a: Toxapex|[miss]
|-miss|p1a: Keldeo|p2a: Toxapex
|
|upkeep
|turn|9
|l| wyypoke
|l| PedritoJC
|inactive|Maitredouard2 has 90 seconds left.
|
|t:|1648135102
|move|p1a: Keldeo|Air Slash|p2a: Toxapex
|-damage|p2a: Toxapex|38/100
|move|p2a: Toxapex|Haze|p2a: Toxapex
|-clearallboost
|
|upkeep
|turn|10
|inactive|Maitredouard2 has 90 seconds left.
|
|t:|1648135112
|switch|p2a: Landorus|Landorus-Therian, M|100/100
|-ability|p2a: Landorus|Intimidate|boost
|-immune|p1a: Keldeo
|move|p1a: Keldeo|Calm Mind|p1a: Keldeo
|-boost|p1a: Keldeo|spa|1
|-boost|p1a: Keldeo|spd|1
|
|upkeep
|turn|11
|
|t:|1648135123
|move|p2a: Landorus|U-turn|p1a: Keldeo
|-resisted|p1a: Keldeo
|-end|p1a: Keldeo|Substitute
|inactive|Maitredouard2 has 90 seconds left.
|j| UU to rank I
|
|t:|1648135143
|switch|p2a: Tapu Lele|Tapu Lele|100/100|[from]move: U-turn
|-fieldstart|move: Psychic Terrain|[from] ability: Psychic Surge|[of] p2a: Tapu Lele
|move|p1a: Keldeo|Air Slash|p2a: Tapu Lele
|-damage|p2a: Tapu Lele|50/100
|
|upkeep
|turn|12
|l| malibou
|
|t:|1648135151
|switch|p1a: Aegislash|Aegislash, M|100/100
|move|p2a: Tapu Lele|Psyshock|p1a: Aegislash
|-resisted|p1a: Aegislash
|-damage|p1a: Aegislash|71/100
|
|-heal|p1a: Aegislash|77/100|[from] item: Leftovers
|upkeep
|turn|13
|inactive|Maitredouard2 has 90 seconds left.
|
|t:|1648135160
|switch|p2a: Mandibuzz|Mandibuzz, F|100/100
|switch|p1a: Keldeo|Keldeo-Resolute|100/100
|
|upkeep
|turn|14
|inactive|Maitredouard2 has 90 seconds left.
|
|t:|1648135182
|move|p1a: Keldeo|Substitute|p1a: Keldeo
|-start|p1a: Keldeo|Substitute
|-damage|p1a: Keldeo|76/100
|move|p2a: Mandibuzz|Foul Play|p1a: Keldeo
|-resisted|p1a: Keldeo
|-activate|p1a: Keldeo|move: Substitute|[damage]
|
|-heal|p1a: Keldeo|82/100|[from] item: Leftovers
|upkeep
|turn|15
|
|t:|1648135192
|move|p1a: Keldeo|Calm Mind|p1a: Keldeo
|-boost|p1a: Keldeo|spa|1
|-boost|p1a: Keldeo|spd|1
|move|p2a: Mandibuzz|Taunt|p1a: Keldeo
|-start|p1a: Keldeo|move: Taunt
|
|-heal|p1a: Keldeo|88/100|[from] item: Leftovers
|-fieldend|move: Psychic Terrain
|upkeep
|turn|16
|inactive|Maitredouard2 has 90 seconds left.
|j| ctlh
|inactive|Maitredouard2 has 60 seconds left.
|inactive|Maitredouard2 has 30 seconds left.
|inactive|Maitredouard2 has 20 seconds left.
|inactive|Maitredouard2 has 15 seconds left.
|inactive|Maitredouard2 has 10 seconds left.
|inactive|Maitredouard2 has 5 seconds left.
|-message|Maitredouard2 lost due to inactivity.
|
|win|BOX MUNCHER
|raw|BOX MUNCHER's rating: 1704 &rarr; <strong>1722</strong><br />(+18 for winning)
|raw|Maitredouard2's rating: 1672 &rarr; <strong>1654</strong><br />(-18 for losing)
||Ladder isn't responding, score probably updated but might not have (Request timeout).
