|j|☆Pok et glace
|j|☆cets on creck
|t:|1662738447
|gametype|singles
|player|p1|Pok et glace|cynthia-masters|1832
|player|p2|cets on creck|bugcatcher-gen4dp|1782
|teamsize|p1|6
|teamsize|p2|6
|gen|8
|tier|[Gen 8] OU
|rated|
|rule|Sleep Clause Mod: Limit one foe put to sleep
|rule|Species Clause: Limit one of each Pokémon
|rule|OHKO Clause: OHKO moves are banned
|rule|Evasion Items Clause: Evasion items are banned
|rule|Evasion Moves Clause: Evasion moves are banned
|rule|Endless Battle Clause: Forcing endless battles is banned
|rule|HP Percentage Mod: HP is shown in percentages
|rule|Dynamax Clause: You cannot dynamax
|clearpoke
|poke|p1|Mew|
|poke|p1|Crawdaunt, M|
|poke|p1|Celesteela|
|poke|p1|Garchomp, F|
|poke|p1|Weavile, F|
|poke|p1|Blacephalon|
|poke|p2|Heatran, M|
|poke|p2|Venusaur, F|
|poke|p2|Weavile, F|
|poke|p2|Torkoal, M|
|poke|p2|Clefable, F|
|poke|p2|Landorus-Therian, M|
|teampreview
|j| guho
|inactive|Battle timer is ON: inactive players will automatically lose when time's up. (requested by cets on creck)
|
|t:|1662738492
|start
|switch|p1a: Sperm thing|Mew|100/100
|switch|p2a: Torkoal|Torkoal, M|100/100
|-weather|SunnyDay|[from] ability: Drought|[of] p2a: Torkoal
|turn|1
|j| PlayinMite
|
|t:|1662738500
|switch|p2a: Heatran|Heatran, M|100/100
|-item|p2a: Heatran|Air Balloon
|move|p1a: Sperm thing|Taunt|p2a: Heatran
|-start|p2a: Heatran|move: Taunt
|
|-weather|SunnyDay|[upkeep]
|upkeep
|turn|2
|
|t:|1662738505
|move|p1a: Sperm thing|Stealth Rock|p2a: Heatran
|-sidestart|p2: cets on creck|move: Stealth Rock
|move|p2a: Heatran|Eruption|p1a: Sperm thing
|-damage|p1a: Sperm thing|0 fnt
|faint|p1a: Sperm thing
|
|-weather|SunnyDay|[upkeep]
|upkeep
|
|t:|1662738514
|switch|p1a: Garchomp|Garchomp, F|100/100
|turn|3
|
|t:|1662738523
|move|p1a: Garchomp|Aqua Tail|p2a: Heatran|[miss]
|-miss|p1a: Garchomp|p2a: Heatran
|move|p2a: Heatran|Eruption|p1a: Garchomp
|-resisted|p1a: Garchomp
|-damage|p1a: Garchomp|29/100
|
|-weather|SunnyDay|[upkeep]
|-end|p2a: Heatran|move: Taunt
|upkeep
|turn|4
|j| sada is dafa
|
|t:|1662738527
|move|p1a: Garchomp|Aqua Tail|p2a: Heatran|[miss]
|-miss|p1a: Garchomp|p2a: Heatran
|move|p2a: Heatran|Solar Beam||[still]
|-prepare|p2a: Heatran|Solar Beam
|-anim|p2a: Heatran|Solar Beam|p1a: Garchomp
|-damage|p1a: Garchomp|0 fnt
|faint|p1a: Garchomp
|
|-weather|SunnyDay|[upkeep]
|upkeep
|j| SigmaMW
|c|☆Pok et glace|this is bad
|c|☆Pok et glace|poopy head
|
|t:|1662738542
|switch|p1a: Jaw|Crawdaunt, M|100/100
|turn|5
|
|t:|1662738549
|switch|p2a: Clefable|Clefable, F|100/100
|move|p1a: Jaw|Aqua Jet|p2a: Clefable
|-damage|p2a: Clefable|83/100
|-damage|p1a: Jaw|91/100|[from] item: Life Orb
|
|-weather|SunnyDay|[upkeep]
|-heal|p2a: Clefable|89/100|[from] item: Leftovers
|upkeep
|turn|6
|c|☆Pok et glace|i cant do anything can I?
|
|t:|1662738557
|move|p1a: Jaw|Crabhammer|p2a: Clefable
|-damage|p2a: Clefable|45/100
|-damage|p1a: Jaw|81/100|[from] item: Life Orb
|move|p2a: Clefable|Moonblast|p1a: Jaw
|-supereffective|p1a: Jaw
|-damage|p1a: Jaw|0 fnt
|faint|p1a: Jaw
|
|-weather|SunnyDay|[upkeep]
|-heal|p2a: Clefable|51/100|[from] item: Leftovers
|upkeep
|
|t:|1662738574
|switch|p1a: Bod|Celesteela|100/100
|turn|7
|
|t:|1662738580
|switch|p2a: Heatran|Heatran, M|100/100
|-damage|p2a: Heatran|88/100|[from] Stealth Rock
|-item|p2a: Heatran|Air Balloon
|move|p1a: Bod|Autotomize|p1a: Bod
|-boost|p1a: Bod|spe|2
|-start|p1a: Bod|Autotomize
|
|-weather|SunnyDay|[upkeep]
|upkeep
|turn|8
|
|t:|1662738584
|move|p1a: Bod|Meteor Beam||[still]
|-prepare|p1a: Bod|Meteor Beam
|-boost|p1a: Bod|spa|1
|-enditem|p1a: Bod|Power Herb
|-anim|p1a: Bod|Meteor Beam|p2a: Heatran
|-damage|p2a: Heatran|26/100
|-enditem|p2a: Heatran|Air Balloon
|move|p2a: Heatran|Eruption|p1a: Bod
|-supereffective|p1a: Bod
|-damage|p1a: Bod|34/100
|
|-weather|none
|upkeep
|turn|9
|
|t:|1662738593
|switch|p2a: Torkoal|Torkoal, M|100/100
|-damage|p2a: Torkoal|76/100|[from] Stealth Rock
|-weather|SunnyDay|[from] ability: Drought|[of] p2a: Torkoal
|move|p1a: Bod|Air Slash|p2a: Torkoal
|-damage|p2a: Torkoal|4/100
|
|-weather|SunnyDay|[upkeep]
|upkeep
|turn|10
|
|t:|1662738600
|move|p1a: Bod|Air Slash|p2a: Torkoal
|-damage|p2a: Torkoal|0 fnt
|faint|p2a: Torkoal
|-ability|p1a: Bod|Beast Boost|boost
|-boost|p1a: Bod|spa|1
|
|-weather|SunnyDay|[upkeep]
|upkeep
|
|t:|1662738602
|switch|p2a: Venusaur|Venusaur, F|100/100
|-damage|p2a: Venusaur|88/100|[from] Stealth Rock
|turn|11
|
|t:|1662738606
|move|p2a: Venusaur|Weather Ball|p1a: Bod
|-supereffective|p1a: Bod
|-damage|p1a: Bod|0 fnt
|faint|p1a: Bod
|-damage|p2a: Venusaur|78/100|[from] item: Life Orb
|
|-weather|SunnyDay|[upkeep]
|upkeep
|
|t:|1662738615
|switch|p1a: Blacephalon|Blacephalon|100/100
|turn|12
|
|t:|1662738646
|move|p2a: Venusaur|Weather Ball|p1a: Blacephalon
|-resisted|p1a: Blacephalon
|-damage|p1a: Blacephalon|49/100
|-damage|p2a: Venusaur|69/100|[from] item: Life Orb
|move|p1a: Blacephalon|Flamethrower|p2a: Venusaur
|-supereffective|p2a: Venusaur
|-damage|p2a: Venusaur|0 fnt
|faint|p2a: Venusaur
|-ability|p1a: Blacephalon|Beast Boost|boost
|-boost|p1a: Blacephalon|spa|1
|
|-weather|SunnyDay|[upkeep]
|upkeep
|j| noskillsgame
|
|t:|1662738655
|switch|p2a: Heatran|Heatran, M|26/100
|-damage|p2a: Heatran|13/100|[from] Stealth Rock
|turn|13
|
|t:|1662738669
|switch|p1a: Hair|Weavile, F|100/100
|move|p2a: Heatran|Eruption|p1a: Hair
|-supereffective|p1a: Hair
|-crit|p1a: Hair
|-damage|p1a: Hair|29/100
|
|-weather|SunnyDay|[upkeep]
|upkeep
|turn|14
|c|☆Pok et glace|nice
|
|t:|1662738678
|switch|p2a: Landorus|Landorus-Therian, M|100/100
|-damage|p2a: Landorus|88/100|[from] Stealth Rock
|-ability|p2a: Landorus|Intimidate|boost
|-unboost|p1a: Hair|atk|1
|move|p1a: Hair|Knock Off|p2a: Landorus
|-damage|p2a: Landorus|53/100
|-enditem|p2a: Landorus|Leftovers|[from] move: Knock Off|[of] p1a: Hair
|-damage|p1a: Hair|19/100|[from] item: Life Orb
|
|-weather|SunnyDay|[upkeep]
|upkeep
|turn|15
|
|t:|1662738682
|move|p1a: Hair|Ice Shard|p2a: Landorus
|-supereffective|p2a: Landorus
|-damage|p2a: Landorus|0 fnt
|faint|p2a: Landorus
|-damage|p1a: Hair|9/100|[from] item: Life Orb
|
|-weather|SunnyDay|[upkeep]
|upkeep
|
|t:|1662738690
|switch|p2a: Weavile|Weavile, F|100/100
|-ability|p2a: Weavile|Pressure
|turn|16
|
|t:|1662738694
|move|p2a: Weavile|Ice Shard|p1a: Hair
|-resisted|p1a: Hair
|-damage|p1a: Hair|0 fnt
|faint|p1a: Hair
|
|-weather|none
|upkeep
|
|t:|1662738696
|switch|p1a: Blacephalon|Blacephalon|49/100
|turn|17
|l| noskillsgame
|
|t:|1662738702
|move|p1a: Blacephalon|Flamethrower|p2a: Weavile
|-supereffective|p2a: Weavile
|-damage|p2a: Weavile|0 fnt
|faint|p2a: Weavile
|-ability|p1a: Blacephalon|Beast Boost|boost
|-boost|p1a: Blacephalon|spa|1
|
|upkeep
|
|t:|1662738705
|switch|p2a: Heatran|Heatran, M|13/100
|-damage|p2a: Heatran|1/100|[from] Stealth Rock
|turn|18
|j| noskillsgame
|
|t:|1662738710
|move|p1a: Blacephalon|Flamethrower|p2a: Heatran
|-start|p2a: Heatran|ability: Flash Fire
|move|p2a: Heatran|Earth Power|p1a: Blacephalon
|-supereffective|p1a: Blacephalon
|-damage|p1a: Blacephalon|0 fnt
|faint|p1a: Blacephalon
|
|win|cets on creck
|raw|Pok et glace's rating: 1832 &rarr; <strong>1808</strong><br />(-24 for losing)
|raw|cets on creck's rating: 1761 &rarr; <strong>1785</strong><br />(+24 for winning)
|l| noskillsgame
|c|☆Pok et glace|fucking bullshit all the way through
|c|☆cets on creck|gg
|l|☆cets on creck
