|j|☆GGeorgie
|j|☆eromangagaki
|t:|1662083781
|gametype|singles
|player|p1|GGeorgie|hiker-gen2|1649
|player|p2|eromangagaki|266|1625
|teamsize|p1|6
|teamsize|p2|6
|gen|8
|tier|[Gen 8] OU
|rated|
|rule|Sleep Clause Mod: Limit one foe put to sleep
|rule|Species Clause: Limit one of each Pokémon
|rule|OHKO Clause: OHKO moves are banned
|rule|Evasion Items Clause: Evasion items are banned
|rule|Evasion Moves Clause: Evasion moves are banned
|rule|Endless Battle Clause: Forcing endless battles is banned
|rule|HP Percentage Mod: HP is shown in percentages
|rule|Dynamax Clause: You cannot dynamax
|clearpoke
|poke|p1|Suicune|
|poke|p1|Tyranitar, M|
|poke|p1|Excadrill, F|
|poke|p1|Zapdos|
|poke|p1|Rillaboom, M|
|poke|p1|Ferrothorn, F|
|poke|p2|Tyranitar, M|
|poke|p2|Lycanroc, F|
|poke|p2|Nihilego|
|poke|p2|Crustle, F|
|poke|p2|Gigalith, M|
|poke|p2|Regirock|
|teampreview
|
|t:|1662083799
|start
|switch|p1a: Suicune|Suicune|100/100
|switch|p2a: Lycanroc|Lycanroc, F|100/100
|-ability|p1a: Suicune|Pressure
|turn|1
|
|t:|1662083830
|switch|p2a: Tyranitar|Tyranitar, M|100/100
|-weather|Sandstorm|[from] ability: Sand Stream|[of] p2a: Tyranitar
|move|p1a: Suicune|Scald|p2a: Tyranitar
|-supereffective|p2a: Tyranitar
|-damage|p2a: Tyranitar|71/100
|
|-weather|Sandstorm|[upkeep]
|-damage|p1a: Suicune|94/100|[from] Sandstorm
|upkeep
|turn|2
|
|t:|1662083836
|move|p1a: Suicune|Scald|p2a: Tyranitar
|-supereffective|p2a: Tyranitar
|-damage|p2a: Tyranitar|38/100
|-status|p2a: Tyranitar|brn
|move|p2a: Tyranitar|Crunch|p1a: Suicune
|-damage|p1a: Suicune|73/100
|-damage|p2a: Tyranitar|22/100 brn|[from] item: Rocky Helmet|[of] p1a: Suicune
|
|-weather|Sandstorm|[upkeep]
|-damage|p1a: Suicune|67/100|[from] Sandstorm
|-damage|p2a: Tyranitar|16/100 brn|[from] brn
|upkeep
|turn|3
|
|t:|1662083847
|move|p1a: Suicune|Scald|p2a: Tyranitar
|-supereffective|p2a: Tyranitar
|-damage|p2a: Tyranitar|0 fnt
|faint|p2a: Tyranitar
|
|-weather|Sandstorm|[upkeep]
|-damage|p1a: Suicune|60/100|[from] Sandstorm
|upkeep
|
|t:|1662083849
|switch|p2a: Regirock|Regirock|100/100
|turn|4
|
|t:|1662083859
|move|p1a: Suicune|Calm Mind|p1a: Suicune
|-boost|p1a: Suicune|spa|1
|-boost|p1a: Suicune|spd|1
|move|p2a: Regirock|Rock Polish|p2a: Regirock
|-boost|p2a: Regirock|spe|2
|
|-weather|Sandstorm|[upkeep]
|-damage|p1a: Suicune|54/100|[from] Sandstorm
|upkeep
|turn|5
|
|t:|1662083866
|move|p2a: Regirock|Iron Defense|p2a: Regirock
|-boost|p2a: Regirock|def|2
|move|p1a: Suicune|Calm Mind|p1a: Suicune
|-boost|p1a: Suicune|spa|1
|-boost|p1a: Suicune|spd|1
|
|-weather|none
|upkeep
|turn|6
|
|t:|1662083875
|move|p2a: Regirock|Body Press|p1a: Suicune
|-damage|p1a: Suicune|15/100
|-damage|p2a: Regirock|84/100|[from] item: Rocky Helmet|[of] p1a: Suicune
|move|p1a: Suicune|Calm Mind|p1a: Suicune
|-boost|p1a: Suicune|spa|1
|-boost|p1a: Suicune|spd|1
|
|upkeep
|turn|7
|
|t:|1662083880
|move|p2a: Regirock|Body Press|p1a: Suicune
|-damage|p1a: Suicune|0 fnt
|-damage|p2a: Regirock|67/100|[from] item: Rocky Helmet|[of] p1a: Suicune
|faint|p1a: Suicune
|
|upkeep
|
|t:|1662083882
|switch|p1a: FLY|Zapdos|100/100
|-ability|p1a: FLY|Pressure
|turn|8
|
|t:|1662083885
|move|p2a: Regirock|Stone Edge|p1a: FLY
|-supereffective|p1a: FLY
|-damage|p1a: FLY|33/100
|move|p1a: FLY|Toxic|p2a: Regirock
|-status|p2a: Regirock|tox
|
|-damage|p2a: Regirock|61/100 tox|[from] psn
|upkeep
|turn|9
|
|t:|1662083888
|move|p2a: Regirock|Body Press|p1a: FLY
|-resisted|p1a: FLY
|-damage|p1a: FLY|7/100
|move|p1a: FLY|Volt Switch|p2a: Regirock
|-damage|p2a: Regirock|27/100 tox
|
|t:|1662083891
|switch|p1a: Gus🥶|Rillaboom, M|100/100|[from]move: Volt Switch
|-fieldstart|move: Grassy Terrain|[from] ability: Grassy Surge|[of] p1a: Gus🥶
|
|-heal|p2a: Regirock|33/100 tox|[from] Grassy Terrain
|-damage|p2a: Regirock|21/100 tox|[from] psn
|upkeep
|turn|10
|
|t:|1662083893
|move|p1a: Gus🥶|Grassy Glide|p2a: Regirock
|-supereffective|p2a: Regirock
|-damage|p2a: Regirock|0 fnt
|faint|p2a: Regirock
|
|upkeep
|
|t:|1662083896
|switch|p2a: Gigalith|Gigalith, M|100/100
|-weather|Sandstorm|[from] ability: Sand Stream|[of] p2a: Gigalith
|turn|11
|
|t:|1662083912
|switch|p1a: FLY|Zapdos|7/100
|-ability|p1a: FLY|Pressure
|move|p2a: Gigalith|Explosion|p1a: FLY
|-crit|p1a: FLY
|-damage|p1a: FLY|0 fnt
|faint|p2a: Gigalith
|faint|p1a: FLY
|
|-weather|Sandstorm|[upkeep]
|upkeep
|
|t:|1662083923
|switch|p1a: GOMIE|Excadrill, F|100/100
|switch|p2a: Crustle|Crustle, F|100/100
|-item|p1a: GOMIE|Air Balloon
|turn|12
|
|t:|1662083936
|switch|p2a: Nihilego|Nihilego|100/100
|move|p1a: GOMIE|Iron Head|p2a: Nihilego
|-supereffective|p2a: Nihilego
|-damage|p2a: Nihilego|0 fnt
|faint|p2a: Nihilego
|
|-weather|Sandstorm|[upkeep]
|upkeep
|
|t:|1662083937
|switch|p2a: Lycanroc|Lycanroc, F|100/100
|turn|13
|
|t:|1662083940
|switch|p1a: Gus🥶|Rillaboom, M|100/100
|move|p2a: Lycanroc|Close Combat|p1a: Gus🥶
|-damage|p1a: Gus🥶|37/100
|-unboost|p2a: Lycanroc|def|1
|-unboost|p2a: Lycanroc|spd|1
|
|-weather|Sandstorm|[upkeep]
|-damage|p1a: Gus🥶|31/100|[from] Sandstorm
|-heal|p1a: Gus🥶|37/100|[from] Grassy Terrain
|-heal|p1a: Gus🥶|43/100|[from] item: Leftovers
|-fieldend|move: Grassy Terrain
|upkeep
|turn|14
|
|t:|1662083944
|switch|p1a: Heisenberg|Ferrothorn, F|100/100
|move|p2a: Lycanroc|Close Combat|p1a: Heisenberg
|-supereffective|p1a: Heisenberg
|-damage|p1a: Heisenberg|13/100
|-unboost|p2a: Lycanroc|def|1
|-unboost|p2a: Lycanroc|spd|1
|-damage|p2a: Lycanroc|88/100|[from] ability: Iron Barbs|[of] p1a: Heisenberg
|-enditem|p1a: Heisenberg|Eject Button
|
|t:|1662083946
|switch|p1a: Gus🥶|Rillaboom, M|43/100
|-fieldstart|move: Grassy Terrain|[from] ability: Grassy Surge|[of] p1a: Gus🥶
|
|-weather|Sandstorm|[upkeep]
|-damage|p1a: Gus🥶|37/100|[from] Sandstorm
|-heal|p2a: Lycanroc|94/100|[from] Grassy Terrain
|-heal|p1a: Gus🥶|43/100|[from] Grassy Terrain
|-heal|p1a: Gus🥶|50/100|[from] item: Leftovers
|upkeep
|turn|15
|
|t:|1662083954
|switch|p2a: Crustle|Crustle, F|100/100
|move|p1a: Gus🥶|Grassy Glide|p2a: Crustle
|-damage|p2a: Crustle|48/100
|-ability|p2a: Crustle|Weak Armor|boost
|-unboost|p2a: Crustle|def|1
|-boost|p2a: Crustle|spe|2
|
|-weather|Sandstorm|[upkeep]
|-damage|p1a: Gus🥶|43/100|[from] Sandstorm
|-heal|p2a: Crustle|54/100|[from] Grassy Terrain
|-heal|p1a: Gus🥶|50/100|[from] Grassy Terrain
|-heal|p1a: Gus🥶|56/100|[from] item: Leftovers
|upkeep
|turn|16
|
|t:|1662083960
|move|p1a: Gus🥶|Grassy Glide|p2a: Crustle
|-damage|p2a: Crustle|0 fnt
|faint|p2a: Crustle
|
|-weather|Sandstorm|[upkeep]
|-damage|p1a: Gus🥶|50/100|[from] Sandstorm
|-heal|p1a: Gus🥶|56/100|[from] Grassy Terrain
|-heal|p1a: Gus🥶|62/100|[from] item: Leftovers
|upkeep
|-message|eromangagaki forfeited.
|
|win|GGeorgie
|raw|GGeorgie's rating: 1672 &rarr; <strong>1689</strong><br />(+17 for winning)
|raw|eromangagaki's rating: 1625 &rarr; <strong>1608</strong><br />(-17 for losing)
|l|☆eromangagaki
