|j|☆Pok et glace
|j|☆Sombra Diurna
|t:|1643810022
|gametype|singles
|player|p1|Pok et glace|cynthia-gen4|1667
|player|p2|Sombra Diurna|blue|1703
|teamsize|p1|6
|teamsize|p2|6
|gen|8
|tier|[Gen 8] OU
|rated|
|rule|Sleep Clause Mod: Limit one foe put to sleep
|rule|Species Clause: Limit one of each Pokémon
|rule|OHKO Clause: OHKO moves are banned
|rule|Evasion Moves Clause: Evasion moves are banned
|rule|Endless Battle Clause: Forcing endless battles is banned
|rule|HP Percentage Mod: HP is shown in percentages
|rule|Dynamax Clause: You cannot dynamax
|clearpoke
|poke|p1|Tapu Fini|
|poke|p1|Magnezone|
|poke|p1|Tapu Lele|
|poke|p1|Kartana|
|poke|p1|Hawlucha, F|
|poke|p1|Landorus-Therian, M|
|poke|p2|Marowak-Alola, M|
|poke|p2|Slowbro, M|
|poke|p2|Hatterene, F|
|poke|p2|Garchomp, M|
|poke|p2|Ferrothorn, M|
|poke|p2|Drampa, M|
|teampreview
|
|t:|1643810038
|start
|switch|p1a: Tapu Fini|Tapu Fini|100/100
|switch|p2a: Sonso|Slowbro, M|100/100
|-fieldstart|move: Misty Terrain|[from] ability: Misty Surge|[of] p1a: Tapu Fini
|turn|1
|
|t:|1643810045
|switch|p2a: Thorns|Ferrothorn, M|100/100
|move|p1a: Tapu Fini|Trick|p2a: Thorns
|-activate|p1a: Tapu Fini|move: Trick|[of] p2a: Thorns
|-item|p2a: Thorns|Choice Scarf|[from] move: Trick
|-item|p1a: Tapu Fini|Shed Shell|[from] move: Trick
|
|upkeep
|turn|2
|
|t:|1643810054
|switch|p1a: Magnezone|Magnezone|100/100
|switch|p2a: Sonso|Slowbro, M|100/100
|
|upkeep
|turn|3
|j| zttyt
|
|t:|1643810063
|switch|p2a: Sharko|Garchomp, M|100/100
|move|p1a: Magnezone|Thunderbolt|p2a: Sharko
|-immune|p2a: Sharko
|
|upkeep
|turn|4
|
|t:|1643810072
|switch|p1a: Tapu Fini|Tapu Fini|100/100
|move|p2a: Sharko|Swords Dance|p2a: Sharko
|-boost|p2a: Sharko|atk|2
|
|upkeep
|turn|5
|
|t:|1643810078
|move|p2a: Sharko|Earthquake|p1a: Tapu Fini
|-damage|p1a: Tapu Fini|0 fnt
|faint|p1a: Tapu Fini
|
|-fieldend|Misty Terrain
|upkeep
|
|t:|1643810083
|switch|p1a: Landorus|Landorus-Therian, M|100/100
|-ability|p1a: Landorus|Intimidate|boost
|-unboost|p2a: Sharko|atk|1
|turn|6
|
|t:|1643810088
|move|p2a: Sharko|Stone Edge|p1a: Landorus
|-damage|p1a: Landorus|50/100
|move|p1a: Landorus|Earthquake|p2a: Sharko
|-damage|p2a: Sharko|54/100
|
|-heal|p2a: Sharko|60/100|[from] item: Leftovers
|-heal|p1a: Landorus|56/100|[from] item: Leftovers
|upkeep
|turn|7
|
|t:|1643810103
|move|p2a: Sharko|Stone Edge|p1a: Landorus
|-damage|p1a: Landorus|3/100
|move|p1a: Landorus|U-turn|p2a: Sharko
|-damage|p2a: Sharko|40/100
|-damage|p1a: Landorus|0 fnt|[from] ability: Rough Skin|[of] p2a: Sharko
|faint|p1a: Landorus
|
|-heal|p2a: Sharko|46/100|[from] item: Leftovers
|upkeep
|
|t:|1643810110
|switch|p1a: Kartana|Kartana|100/100
|turn|8
|
|t:|1643810116
|switch|p2a: Thorns|Ferrothorn, M|100/100
|move|p1a: Kartana|Knock Off|p2a: Thorns
|-damage|p2a: Thorns|70/100
|-damage|p1a: Kartana|88/100|[from] ability: Iron Barbs|[of] p2a: Thorns
|-enditem|p2a: Thorns|Choice Scarf|[from] move: Knock Off|[of] p1a: Kartana
|
|upkeep
|turn|9
|
|t:|1643810126
|switch|p2a: Sonso|Slowbro, M|100/100
|move|p1a: Kartana|Knock Off|p2a: Sonso
|-supereffective|p2a: Sonso
|-enditem|p2a: Sonso|Colbur Berry|[eat]
|-enditem|p2a: Sonso|Colbur Berry|[weaken]
|-damage|p2a: Sonso|76/100
|
|upkeep
|turn|10
|
|t:|1643810134
|move|p1a: Kartana|Knock Off|p2a: Sonso
|-supereffective|p2a: Sonso
|-damage|p2a: Sonso|41/100
|move|p2a: Sonso|Trick Room|p2a: Sonso
|-fieldstart|move: Trick Room|[of] p2a: Sonso
|
|upkeep
|turn|11
|l|☆Pok et glace
|player|p1|
|inactive|Battle timer is ON: inactive players will automatically lose when time's up. (requested by Sombra Diurna)
|j| fgjdfhfdg
|inactive|Pok et glace has 30 seconds to reconnect!
|inactive|Pok et glace has 20 seconds to reconnect!
|inactive|Pok et glace has 15 seconds to reconnect!
|inactive|Pok et glace has 10 seconds to reconnect!
|j| Yb is Better✝️
|inactive|Pok et glace has 5 seconds to reconnect!
|-message|Pok et glace lost due to inactivity.
|
|win|Sombra Diurna
|raw|Pok et glace's rating: 1667 &rarr; <strong>1649</strong><br />(-18 for losing)
|raw|Sombra Diurna's rating: 1703 &rarr; <strong>1721</strong><br />(+18 for winning)
|l| Yb is Better✝️
|l|☆Sombra Diurna
