|j|☆cump3
|j|☆Tamagochi gemelo
|t:|1657316581
|gametype|singles
|player|p1|cump3|102|1450
|player|p2|Tamagochi gemelo|2|1462
|teamsize|p1|6
|teamsize|p2|6
|gen|8
|tier|[Gen 8] OU
|rated|
|rule|Sleep Clause Mod: Limit one foe put to sleep
|rule|Species Clause: Limit one of each Pokémon
|rule|OHKO Clause: OHKO moves are banned
|rule|Evasion Moves Clause: Evasion moves are banned
|rule|Endless Battle Clause: Forcing endless battles is banned
|rule|HP Percentage Mod: HP is shown in percentages
|rule|Dynamax Clause: You cannot dynamax
|clearpoke
|poke|p1|Ferrothorn, F|
|poke|p1|Tornadus-Therian, M|
|poke|p1|Slowking, M|
|poke|p1|Diggersby, M|
|poke|p1|Zeraora|
|poke|p1|Tapu Fini|
|poke|p2|Blacephalon|
|poke|p2|Tapu Lele|
|poke|p2|Kartana|
|poke|p2|Corviknight, M|
|poke|p2|Urshifu-*, M|
|poke|p2|Landorus-Therian, M|
|teampreview
|
|t:|1657316598
|start
|switch|p1a: Tornadus|Tornadus-Therian, M, shiny|100/100
|switch|p2a: Blacephalon|Blacephalon|100/100
|turn|1
|
|t:|1657316602
|switch|p2a: Landorus|Landorus-Therian, M|100/100
|-ability|p2a: Landorus|Intimidate|boost
|-unboost|p1a: Tornadus|atk|1
|move|p1a: Tornadus|Knock Off|p2a: Landorus
|-damage|p2a: Landorus|88/100
|-enditem|p2a: Landorus|Leftovers|[from] move: Knock Off|[of] p1a: Tornadus
|
|upkeep
|turn|2
|
|t:|1657316607
|move|p1a: Tornadus|Taunt|p2a: Landorus
|-start|p2a: Landorus|move: Taunt
|move|p2a: Landorus|U-turn|p1a: Tornadus
|-resisted|p1a: Tornadus
|-damage|p1a: Tornadus|88/100
|
|t:|1657316611
|switch|p2a: Tapu Lele|Tapu Lele|100/100|[from]move: U-turn
|-fieldstart|move: Psychic Terrain|[from] ability: Psychic Surge|[of] p2a: Tapu Lele
|
|upkeep
|turn|3
|
|t:|1657316614
|move|p1a: Tornadus|Knock Off|p2a: Tapu Lele
|-damage|p2a: Tapu Lele|80/100
|-enditem|p2a: Tapu Lele|Choice Specs|[from] move: Knock Off|[of] p1a: Tornadus
|move|p2a: Tapu Lele|Thunderbolt|p1a: Tornadus
|-supereffective|p1a: Tornadus
|-damage|p1a: Tornadus|14/100
|
|upkeep
|turn|4
|
|t:|1657316619
|switch|p1a: Slowking|Slowking, M, shiny|100/100
|move|p2a: Tapu Lele|Psychic|p1a: Slowking
|-resisted|p1a: Slowking
|-damage|p1a: Slowking|80/100
|
|upkeep
|turn|5
|
|t:|1657316621
|move|p2a: Tapu Lele|Thunderbolt|p1a: Slowking
|-supereffective|p1a: Slowking
|-damage|p1a: Slowking|39/100
|move|p1a: Slowking|Teleport|p1a: Slowking
|inactive|Battle timer is ON: inactive players will automatically lose when time's up. (requested by Tamagochi gemelo)
|
|t:|1657316626
|switch|p1a: Diggersby|Diggersby, M, shiny|100/100|[from]move: Teleport
|
|upkeep
|turn|6
|
|t:|1657316630
|switch|p2a: Corviknight|Corviknight, M|100/100
|-ability|p2a: Corviknight|Pressure
|switch|p1a: Slowking|Slowking, M, shiny|72/100
|
|-fieldend|move: Psychic Terrain
|upkeep
|turn|7
|
|t:|1657316632
|move|p2a: Corviknight|U-turn|p1a: Slowking
|-supereffective|p1a: Slowking
|-damage|p1a: Slowking|42/100
|
|t:|1657316641
|switch|p2a: Blacephalon|Blacephalon|100/100|[from]move: U-turn
|move|p1a: Slowking|Flamethrower|p2a: Blacephalon
|-resisted|p2a: Blacephalon
|-damage|p2a: Blacephalon|83/100
|
|upkeep
|turn|8
|
|t:|1657316645
|switch|p1a: Tapu Fini|Tapu Fini|100/100
|-fieldstart|move: Misty Terrain|[from] ability: Misty Surge|[of] p1a: Tapu Fini
|move|p2a: Blacephalon|Overheat|p1a: Tapu Fini
|-resisted|p1a: Tapu Fini
|-damage|p1a: Tapu Fini|57/100
|-unboost|p2a: Blacephalon|spa|2
|
|upkeep
|turn|9
|
|t:|1657316651
|switch|p2a: Corviknight|Corviknight, M|100/100
|-ability|p2a: Corviknight|Pressure
|move|p1a: Tapu Fini|Moonblast|p2a: Corviknight
|-resisted|p2a: Corviknight
|-damage|p2a: Corviknight|86/100
|-unboost|p2a: Corviknight|spa|1
|
|-heal|p2a: Corviknight|92/100|[from] item: Leftovers
|upkeep
|turn|10
|
|t:|1657316655
|switch|p1a: Ferrothorn|Ferrothorn, F|100/100
|switch|p2a: Blacephalon|Blacephalon|83/100
|
|upkeep
|turn|11
|
|t:|1657316660
|switch|p1a: Slowking|Slowking, M, shiny|76/100
|move|p2a: Blacephalon|Shadow Ball|p1a: Slowking
|-supereffective|p1a: Slowking
|-damage|p1a: Slowking|0 fnt
|faint|p1a: Slowking
|-ability|p2a: Blacephalon|Beast Boost|boost
|-boost|p2a: Blacephalon|spa|1
|
|upkeep
|
|t:|1657316663
|switch|p1a: Diggersby|Diggersby, M, shiny|100/100
|turn|12
|
|t:|1657316671
|switch|p2a: Urshifu|Urshifu-Rapid-Strike, M|100/100
|move|p1a: Diggersby|Swords Dance|p1a: Diggersby
|-boost|p1a: Diggersby|atk|2
|
|-fieldend|Misty Terrain
|upkeep
|turn|13
|
|t:|1657316676
|switch|p1a: Ferrothorn|Ferrothorn, F|100/100
|move|p2a: Urshifu|Surging Strikes|p1a: Ferrothorn
|-resisted|p1a: Ferrothorn
|-crit|p1a: Ferrothorn
|-damage|p1a: Ferrothorn|95/100
|-activate|p1a: Ferrothorn|ability: Iron Barbs
|-activate|p2a: Urshifu|item: Protective Pads
|-resisted|p1a: Ferrothorn
|-crit|p1a: Ferrothorn
|-damage|p1a: Ferrothorn|89/100
|-activate|p1a: Ferrothorn|ability: Iron Barbs
|-activate|p2a: Urshifu|item: Protective Pads
|-resisted|p1a: Ferrothorn
|-crit|p1a: Ferrothorn
|-damage|p1a: Ferrothorn|83/100
|-activate|p1a: Ferrothorn|ability: Iron Barbs
|-activate|p2a: Urshifu|item: Protective Pads
|-hitcount|p1a: Ferrothorn|3
|
|upkeep
|turn|14
|
|t:|1657316680
|switch|p1a: Tornadus|Tornadus-Therian, M, shiny|47/100
|move|p2a: Urshifu|Close Combat|p1a: Tornadus
|-resisted|p1a: Tornadus
|-damage|p1a: Tornadus|14/100
|-unboost|p2a: Urshifu|def|1
|-unboost|p2a: Urshifu|spd|1
|
|upkeep
|turn|15
|
|t:|1657316684
|switch|p2a: Corviknight|Corviknight, M|92/100
|-ability|p2a: Corviknight|Pressure
|move|p1a: Tornadus|Knock Off|p2a: Corviknight
|-damage|p2a: Corviknight|79/100
|-enditem|p2a: Corviknight|Leftovers|[from] move: Knock Off|[of] p1a: Tornadus
|
|upkeep
|turn|16
|
|t:|1657316687
|switch|p1a: Ferrothorn|Ferrothorn, F|83/100
|move|p2a: Corviknight|U-turn|p1a: Ferrothorn
|-damage|p1a: Ferrothorn|75/100
|-damage|p2a: Corviknight|66/100|[from] ability: Iron Barbs|[of] p1a: Ferrothorn
|-damage|p2a: Corviknight|50/100|[from] item: Rocky Helmet|[of] p1a: Ferrothorn
|
|t:|1657316691
|switch|p2a: Blacephalon|Blacephalon|83/100|[from]move: U-turn
|
|upkeep
|turn|17
|
|t:|1657316697
|switch|p1a: Tapu Fini|Tapu Fini|57/100
|-fieldstart|move: Misty Terrain|[from] ability: Misty Surge|[of] p1a: Tapu Fini
|move|p2a: Blacephalon|Flamethrower|p1a: Tapu Fini
|-resisted|p1a: Tapu Fini
|-damage|p1a: Tapu Fini|28/100
|
|upkeep
|turn|18
|
|t:|1657316702
|switch|p2a: Urshifu|Urshifu-Rapid-Strike, M|100/100
|move|p1a: Tapu Fini|Scald|p2a: Urshifu
|-resisted|p2a: Urshifu
|-damage|p2a: Urshifu|79/100
|
|upkeep
|turn|19
|
|t:|1657316707
|switch|p1a: Tornadus|Tornadus-Therian, M, shiny|47/100
|move|p2a: Urshifu|Surging Strikes|p1a: Tornadus
|-crit|p1a: Tornadus
|-damage|p1a: Tornadus|25/100
|-crit|p1a: Tornadus
|-damage|p1a: Tornadus|6/100
|-crit|p1a: Tornadus
|-damage|p1a: Tornadus|0 fnt
|faint|p1a: Tornadus
|-hitcount|p1: Tornadus|3
|
|upkeep
|
|t:|1657316710
|switch|p1a: Zeraora|Zeraora|100/100
|turn|20
|
|t:|1657316720
|switch|p1a: Tapu Fini|Tapu Fini|28/100
|switch|p2a: Landorus|Landorus-Therian, M|88/100
|-ability|p2a: Landorus|Intimidate|boost
|-unboost|p1a: Tapu Fini|atk|1
|
|upkeep
|turn|21
|
|t:|1657316725
|switch|p2a: Tapu Lele|Tapu Lele|80/100
|-fieldstart|move: Psychic Terrain|[from] ability: Psychic Surge|[of] p2a: Tapu Lele
|move|p1a: Tapu Fini|Scald|p2a: Tapu Lele
|-damage|p2a: Tapu Lele|52/100
|
|upkeep
|turn|22
|
|t:|1657316732
|switch|p1a: Ferrothorn|Ferrothorn, F|75/100
|move|p2a: Tapu Lele|Psychic|p1a: Ferrothorn
|-resisted|p1a: Ferrothorn
|-damage|p1a: Ferrothorn|48/100
|
|upkeep
|turn|23
|
|t:|1657316742
|move|p2a: Tapu Lele|Psychic|p1a: Ferrothorn
|-resisted|p1a: Ferrothorn
|-crit|p1a: Ferrothorn
|-damage|p1a: Ferrothorn|4/100
|-unboost|p1a: Ferrothorn|spd|1
|move|p1a: Ferrothorn|Leech Seed|p2a: Tapu Lele
|-start|p2a: Tapu Lele|move: Leech Seed
|
|-damage|p2a: Tapu Lele|40/100|[from] Leech Seed|[of] p1a: Ferrothorn
|-heal|p1a: Ferrothorn|14/100|[silent]
|upkeep
|turn|24
|
|t:|1657316746
|switch|p1a: Tapu Fini|Tapu Fini|28/100
|-fieldstart|move: Misty Terrain|[from] ability: Misty Surge|[of] p1a: Tapu Fini
|move|p2a: Tapu Lele|Psychic|p1a: Tapu Fini
|-damage|p1a: Tapu Fini|0 fnt
|faint|p1a: Tapu Fini
|
|upkeep
|
|t:|1657316750
|switch|p1a: Diggersby|Diggersby, M, shiny|100/100
|turn|25
|
|t:|1657316753
|move|p1a: Diggersby|Quick Attack|p2a: Tapu Lele
|-damage|p2a: Tapu Lele|0 fnt
|faint|p2a: Tapu Lele
|
|upkeep
|
|t:|1657316760
|switch|p2a: Blacephalon|Blacephalon|83/100
|turn|26
|
|t:|1657316766
|move|p2a: Blacephalon|Flamethrower|p1a: Diggersby
|-enditem|p1a: Diggersby|Focus Sash
|-damage|p1a: Diggersby|1/100
|move|p1a: Diggersby|Earthquake|p2a: Blacephalon
|-supereffective|p2a: Blacephalon
|-damage|p2a: Blacephalon|0 fnt
|faint|p2a: Blacephalon
|
|upkeep
|
|t:|1657316774
|switch|p2a: Kartana|Kartana|100/100
|turn|27
|
|t:|1657316780
|switch|p1a: Ferrothorn|Ferrothorn, F|14/100
|move|p2a: Kartana|Sacred Sword|p1a: Ferrothorn
|-supereffective|p1a: Ferrothorn
|-damage|p1a: Ferrothorn|0 fnt
|-damage|p2a: Kartana|88/100|[from] ability: Iron Barbs|[of] p1a: Ferrothorn
|-damage|p2a: Kartana|72/100|[from] item: Rocky Helmet|[of] p1a: Ferrothorn
|faint|p1a: Ferrothorn
|-ability|p2a: Kartana|Beast Boost|boost
|-boost|p2a: Kartana|atk|1
|
|upkeep
|
|t:|1657316783
|switch|p1a: Zeraora|Zeraora|100/100
|turn|28
|
|t:|1657316786
|switch|p2a: Landorus|Landorus-Therian, M|88/100
|-ability|p2a: Landorus|Intimidate|boost
|-unboost|p1a: Zeraora|atk|1
|move|p1a: Zeraora|Close Combat|p2a: Landorus
|-resisted|p2a: Landorus
|-crit|p2a: Landorus
|-damage|p2a: Landorus|61/100
|-unboost|p1a: Zeraora|def|1
|-unboost|p1a: Zeraora|spd|1
|
|-fieldend|Misty Terrain
|upkeep
|turn|29
|c|☆cump3|gg
|-message|cump3 forfeited.
|
|win|Tamagochi gemelo
|raw|cump3's rating: 1450 &rarr; <strong>1431</strong><br />(-19 for losing)
|raw|Tamagochi gemelo's rating: 1462 &rarr; <strong>1481</strong><br />(+19 for winning)
|l|☆cump3
