|j|☆SkipTheDripBayless
|j|☆snakebytx12
|t:|1610867431
|player|p1|SkipTheDripBayless|youngathletef|1744
|player|p2|snakebytx12|102|1682
|teamsize|p1|6
|teamsize|p2|6
|gametype|singles
|gen|8
|tier|[Gen 8] OU
|rated|
|clearpoke
|poke|p1|Tapu Lele|
|poke|p1|Slowbro, M|
|poke|p1|Cinderace, M|
|poke|p1|Hydreigon, M|
|poke|p1|Heatran, M|
|poke|p1|Landorus-Therian, M|
|poke|p2|Corsola-Galar, F|
|poke|p2|Mandibuzz, F|
|poke|p2|Toxapex, F|
|poke|p2|Cinderace, M|
|poke|p2|Aegislash, F|
|poke|p2|Hippowdon, M|
|rule|Sleep Clause Mod: Limit one foe put to sleep
|rule|Species Clause: Limit one of each Pokémon
|rule|OHKO Clause: OHKO moves are banned
|rule|Evasion Moves Clause: Evasion moves are banned
|rule|Endless Battle Clause: Forcing endless battles is banned
|rule|HP Percentage Mod: HP is shown in percentages
|rule|Dynamax Clause: You cannot dynamax
|teampreview
|inactive|Battle timer is ON: inactive players will automatically lose when time's up. (requested by SkipTheDripBayless)
|
|t:|1610867443
|start
|switch|p1a: BLOOD ON MY MINK|Tapu Lele|100/100
|switch|p2a: Corsola|Corsola-Galar, F|100/100
|-fieldstart|move: Psychic Terrain|[from] ability: Psychic Surge|[of] p1a: BLOOD ON MY MINK
|turn|1
|
|t:|1610867448
|switch|p1a: TOTE THAT IRON|Heatran, M|100/100
|move|p2a: Corsola|Stealth Rock|p1a: TOTE THAT IRON
|-sidestart|p1: SkipTheDripBayless|move: Stealth Rock
|
|upkeep
|turn|2
|
|t:|1610867457
|switch|p2a: Hippowdon|Hippowdon, M|100/100
|-weather|Sandstorm|[from] ability: Sand Stream|[of] p2a: Hippowdon
|move|p1a: TOTE THAT IRON|Stealth Rock|p2a: Hippowdon
|-sidestart|p2: snakebytx12|move: Stealth Rock
|
|-weather|Sandstorm|[upkeep]
|upkeep
|turn|3
|
|t:|1610867462
|switch|p1a: HOW YA BLEEDIN|Slowbro, M|100/100
|move|p2a: Hippowdon|Whirlwind|p1a: HOW YA BLEEDIN
|drag|p1a: YOU AINT BABY JOE|Landorus-Therian, M|100/100
|-damage|p1a: YOU AINT BABY JOE|88/100|[from] Stealth Rock
|-ability|p1a: YOU AINT BABY JOE|Intimidate|boost
|-unboost|p2a: Hippowdon|atk|1
|
|-weather|Sandstorm|[upkeep]
|upkeep
|turn|4
|
|t:|1610867469
|switch|p1a: HOW YA BLEEDIN|Slowbro, M|100/100
|move|p2a: Hippowdon|Toxic|p1a: HOW YA BLEEDIN
|-status|p1a: HOW YA BLEEDIN|tox
|
|-weather|Sandstorm|[upkeep]
|-damage|p1a: HOW YA BLEEDIN|94/100 tox|[from] Sandstorm
|-damage|p1a: HOW YA BLEEDIN|88/100 tox|[from] psn
|upkeep
|turn|5
|
|t:|1610867474
|switch|p2a: Aegislash|Aegislash, F|100/100
|-damage|p2a: Aegislash|95/100|[from] Stealth Rock
|move|p1a: HOW YA BLEEDIN|Future Sight|p2a: Aegislash
|-start|p1a: HOW YA BLEEDIN|move: Future Sight
|
|-weather|Sandstorm|[upkeep]
|-damage|p1a: HOW YA BLEEDIN|82/100 tox|[from] Sandstorm
|-damage|p1a: HOW YA BLEEDIN|70/100 tox|[from] psn
|-fieldend|move: Psychic Terrain
|upkeep
|turn|6
|
|t:|1610867479
|switch|p1a: TOTE THAT IRON|Heatran, M|100/100
|-damage|p1a: TOTE THAT IRON|88/100|[from] Stealth Rock
|-formechange|p2a: Aegislash|Aegislash-Blade||[from] ability: Stance Change
|move|p2a: Aegislash|Flash Cannon|p1a: TOTE THAT IRON
|-resisted|p1a: TOTE THAT IRON
|-damage|p1a: TOTE THAT IRON|77/100
|
|-weather|none
|-heal|p1a: TOTE THAT IRON|83/100|[from] item: Leftovers
|upkeep
|turn|7
|
|t:|1610867485
|switch|p2a: Hippowdon|Hippowdon, M|100/100
|-damage|p2a: Hippowdon|94/100|[from] Stealth Rock
|-weather|Sandstorm|[from] ability: Sand Stream|[of] p2a: Hippowdon
|move|p1a: TOTE THAT IRON|Lava Plume|p2a: Hippowdon
|-damage|p2a: Hippowdon|71/100
|-status|p2a: Hippowdon|brn
|
|-weather|Sandstorm|[upkeep]
|-end|p2a: Hippowdon|move: Future Sight
|-damage|p2a: Hippowdon|43/100 brn
|-heal|p1a: TOTE THAT IRON|89/100|[from] item: Leftovers
|-heal|p2a: Hippowdon|50/100 brn|[from] item: Leftovers
|-damage|p2a: Hippowdon|43/100 brn|[from] brn
|upkeep
|turn|8
|
|t:|1610867502
|switch|p1a: HOW YA BLEEDIN|Slowbro, M|100/100 tox
|move|p2a: Hippowdon|Slack Off|p2a: Hippowdon
|-heal|p2a: Hippowdon|93/100 brn
|
|-weather|Sandstorm|[upkeep]
|-damage|p1a: HOW YA BLEEDIN|94/100 tox|[from] Sandstorm
|-heal|p2a: Hippowdon|99/100 brn|[from] item: Leftovers
|-damage|p2a: Hippowdon|93/100 brn|[from] brn
|-damage|p1a: HOW YA BLEEDIN|88/100 tox|[from] psn
|upkeep
|turn|9
|
|t:|1610867509
|switch|p2a: Corsola|Corsola-Galar, F|100/100
|-damage|p2a: Corsola|88/100|[from] Stealth Rock
|move|p1a: HOW YA BLEEDIN|Future Sight|p2a: Corsola
|-start|p1a: HOW YA BLEEDIN|move: Future Sight
|
|-weather|Sandstorm|[upkeep]
|-damage|p2a: Corsola|82/100|[from] Sandstorm
|-damage|p1a: HOW YA BLEEDIN|82/100 tox|[from] Sandstorm
|-damage|p1a: HOW YA BLEEDIN|70/100 tox|[from] psn
|upkeep
|turn|10
|
|t:|1610867519
|switch|p1a: TOTE THAT IRON|Heatran, M|89/100
|-damage|p1a: TOTE THAT IRON|77/100|[from] Stealth Rock
|move|p2a: Corsola|Night Shade|p1a: TOTE THAT IRON
|-damage|p1a: TOTE THAT IRON|51/100
|
|-weather|Sandstorm|[upkeep]
|-damage|p2a: Corsola|76/100|[from] Sandstorm
|-heal|p1a: TOTE THAT IRON|57/100|[from] item: Leftovers
|upkeep
|turn|11
|
|t:|1610867530
|switch|p1a: BLOOD ON MY MINK|Tapu Lele|100/100
|-damage|p1a: BLOOD ON MY MINK|88/100|[from] Stealth Rock
|-fieldstart|move: Psychic Terrain|[from] ability: Psychic Surge|[of] p1a: BLOOD ON MY MINK
|move|p2a: Corsola|Night Shade|p1a: BLOOD ON MY MINK
|-damage|p1a: BLOOD ON MY MINK|52/100
|
|-weather|none
|-end|p2a: Corsola|move: Future Sight
|-damage|p2a: Corsola|38/100
|upkeep
|turn|12
|
|t:|1610867537
|switch|p2a: Aegislash|Aegislash, F|95/100
|-damage|p2a: Aegislash|89/100|[from] Stealth Rock
|move|p1a: BLOOD ON MY MINK|Psychic|p2a: Aegislash
|-resisted|p2a: Aegislash
|-damage|p2a: Aegislash|49/100
|
|upkeep
|turn|13
|
|t:|1610867554
|switch|p1a: CLEAR THE SCENE|Hydreigon, M|100/100
|-damage|p1a: CLEAR THE SCENE|88/100|[from] Stealth Rock
|-formechange|p2a: Aegislash|Aegislash-Blade||[from] ability: Stance Change
|move|p2a: Aegislash|Shadow Ball|p1a: CLEAR THE SCENE
|-resisted|p1a: CLEAR THE SCENE
|-damage|p1a: CLEAR THE SCENE|51/100
|-unboost|p1a: CLEAR THE SCENE|spd|1
|
|-heal|p1a: CLEAR THE SCENE|57/100|[from] item: Leftovers
|upkeep
|turn|14
|
|t:|1610867565
|switch|p2a: Mandibuzz|Mandibuzz, F|100/100
|move|p1a: CLEAR THE SCENE|Dark Pulse|p2a: Mandibuzz
|-resisted|p2a: Mandibuzz
|-damage|p2a: Mandibuzz|86/100
|
|-heal|p1a: CLEAR THE SCENE|63/100|[from] item: Leftovers
|upkeep
|turn|15
|
|t:|1610867571
|move|p1a: CLEAR THE SCENE|Roost|p1a: CLEAR THE SCENE
|-heal|p1a: CLEAR THE SCENE|100/100
|-singleturn|p1a: CLEAR THE SCENE|move: Roost
|move|p2a: Mandibuzz|Brave Bird|p1a: CLEAR THE SCENE
|-damage|p1a: CLEAR THE SCENE|74/100
|-damage|p2a: Mandibuzz|78/100|[from] Recoil
|
|-heal|p1a: CLEAR THE SCENE|80/100|[from] item: Leftovers
|-fieldend|move: Psychic Terrain
|upkeep
|turn|16
|
|t:|1610867575
|switch|p1a: HOW YA BLEEDIN|Slowbro, M|100/100 tox
|move|p2a: Mandibuzz|Brave Bird|p1a: HOW YA BLEEDIN
|-damage|p1a: HOW YA BLEEDIN|84/100 tox
|-damage|p2a: Mandibuzz|72/100|[from] Recoil
|
|-damage|p1a: HOW YA BLEEDIN|78/100 tox|[from] psn
|upkeep
|turn|17
|
|t:|1610867585
|switch|p2a: Aegislash|Aegislash, F|49/100
|-damage|p2a: Aegislash|43/100|[from] Stealth Rock
|move|p1a: HOW YA BLEEDIN|Teleport|p1a: HOW YA BLEEDIN
|
|t:|1610867589
|switch|p1a: FUCK YO V.I.P|Cinderace, M|100/100|[from]move: Teleport
|
|upkeep
|turn|18
|
|t:|1610867594
|switch|p2a: Toxapex|Toxapex, F|100/100
|-damage|p2a: Toxapex|88/100|[from] Stealth Rock
|move|p1a: FUCK YO V.I.P|U-turn|p2a: Toxapex
|-start|p1a: FUCK YO V.I.P|typechange|Bug|[from] ability: Libero
|-resisted|p2a: Toxapex
|-damage|p2a: Toxapex|74/100
|
|t:|1610867600
|switch|p1a: HOW YA BLEEDIN|Slowbro, M|100/100 tox|[from]move: U-turn
|
|-heal|p2a: Toxapex|80/100|[from] item: Black Sludge
|-damage|p1a: HOW YA BLEEDIN|94/100 tox|[from] psn
|upkeep
|turn|19
|
|t:|1610867605
|switch|p2a: Aegislash|Aegislash, F|43/100
|-damage|p2a: Aegislash|37/100|[from] Stealth Rock
|move|p1a: HOW YA BLEEDIN|Future Sight|p2a: Aegislash
|-start|p1a: HOW YA BLEEDIN|move: Future Sight
|
|-damage|p1a: HOW YA BLEEDIN|82/100 tox|[from] psn
|upkeep
|turn|20
|
|t:|1610867616
|switch|p1a: BLOOD ON MY MINK|Tapu Lele|52/100
|-damage|p1a: BLOOD ON MY MINK|40/100|[from] Stealth Rock
|-fieldstart|move: Psychic Terrain|[from] ability: Psychic Surge|[of] p1a: BLOOD ON MY MINK
|-formechange|p2a: Aegislash|Aegislash-Blade||[from] ability: Stance Change
|move|p2a: Aegislash|Shadow Ball|p1a: BLOOD ON MY MINK
|-supereffective|p1a: BLOOD ON MY MINK
|-damage|p1a: BLOOD ON MY MINK|0 fnt
|faint|p1a: BLOOD ON MY MINK
|
|upkeep
|
|t:|1610867618
|switch|p1a: FUCK YO V.I.P|Cinderace, M|100/100
|turn|21
|
|t:|1610867622
|move|p1a: FUCK YO V.I.P|Pyro Ball|p2a: Aegislash
|-supereffective|p2a: Aegislash
|-damage|p2a: Aegislash|0 fnt
|faint|p2a: Aegislash
|
|-hint|Future Sight did not hit because the target is fainted.
|upkeep
|
|t:|1610867632
|switch|p2a: Hippowdon|Hippowdon, M|93/100 brn
|-damage|p2a: Hippowdon|87/100 brn|[from] Stealth Rock
|-weather|Sandstorm|[from] ability: Sand Stream|[of] p2a: Hippowdon
|turn|22
|
|t:|1610867639
|move|p1a: FUCK YO V.I.P|U-turn|p2a: Hippowdon
|-start|p1a: FUCK YO V.I.P|typechange|Bug|[from] ability: Libero
|-damage|p2a: Hippowdon|65/100 brn
|
|t:|1610867640
|switch|p1a: HOW YA BLEEDIN|Slowbro, M|100/100 tox|[from]move: U-turn
|move|p2a: Hippowdon|Slack Off|p2a: Hippowdon
|-heal|p2a: Hippowdon|100/100 brn
|
|-weather|Sandstorm|[upkeep]
|-damage|p1a: HOW YA BLEEDIN|94/100 tox|[from] Sandstorm
|-damage|p2a: Hippowdon|94/100 brn|[from] brn
|-damage|p1a: HOW YA BLEEDIN|88/100 tox|[from] psn
|upkeep
|turn|23
|
|t:|1610867645
|move|p2a: Hippowdon|Earthquake|p1a: HOW YA BLEEDIN
|-damage|p1a: HOW YA BLEEDIN|77/100 tox
|move|p1a: HOW YA BLEEDIN|Future Sight|p2a: Hippowdon
|-start|p1a: HOW YA BLEEDIN|move: Future Sight
|
|-weather|Sandstorm|[upkeep]
|-damage|p1a: HOW YA BLEEDIN|71/100 tox|[from] Sandstorm
|-heal|p2a: Hippowdon|100/100 brn|[from] item: Leftovers
|-damage|p2a: Hippowdon|94/100 brn|[from] brn
|-damage|p1a: HOW YA BLEEDIN|58/100 tox|[from] psn
|upkeep
|turn|24
|j| cute pink team
|
|t:|1610867653
|move|p2a: Hippowdon|Slack Off|p2a: Hippowdon
|-heal|p2a: Hippowdon|100/100 brn
|move|p1a: HOW YA BLEEDIN|Teleport|p1a: HOW YA BLEEDIN
|
|t:|1610867657
|switch|p1a: FUCK YO V.I.P|Cinderace, M|100/100|[from]move: Teleport
|
|-weather|Sandstorm|[upkeep]
|-damage|p1a: FUCK YO V.I.P|95/100|[from] Sandstorm
|-damage|p2a: Hippowdon|94/100 brn|[from] brn
|-fieldend|move: Psychic Terrain
|upkeep
|turn|25
|
|t:|1610867661
|move|p1a: FUCK YO V.I.P|High Jump Kick|p2a: Hippowdon
|-start|p1a: FUCK YO V.I.P|typechange|Fighting|[from] ability: Libero
|-damage|p2a: Hippowdon|50/100 brn
|move|p2a: Hippowdon|Slack Off|p2a: Hippowdon
|-heal|p2a: Hippowdon|99/100 brn
|
|-weather|Sandstorm|[upkeep]
|-damage|p1a: FUCK YO V.I.P|89/100|[from] Sandstorm
|-end|p2a: Hippowdon|move: Future Sight
|-damage|p2a: Hippowdon|68/100 brn
|-heal|p2a: Hippowdon|74/100 brn|[from] item: Leftovers
|-damage|p2a: Hippowdon|68/100 brn|[from] brn
|upkeep
|turn|26
|
|t:|1610867668
|move|p1a: FUCK YO V.I.P|U-turn|p2a: Hippowdon
|-start|p1a: FUCK YO V.I.P|typechange|Bug|[from] ability: Libero
|-damage|p2a: Hippowdon|44/100 brn
|
|t:|1610867670
|switch|p1a: HOW YA BLEEDIN|Slowbro, M|92/100 tox|[from]move: U-turn
|move|p2a: Hippowdon|Slack Off|p2a: Hippowdon
|-heal|p2a: Hippowdon|94/100 brn
|
|-weather|none
|-heal|p2a: Hippowdon|100/100 brn|[from] item: Leftovers
|-damage|p2a: Hippowdon|94/100 brn|[from] brn
|-damage|p1a: HOW YA BLEEDIN|86/100 tox|[from] psn
|upkeep
|turn|27
|
|t:|1610867675
|switch|p2a: Corsola|Corsola-Galar, F|38/100
|-damage|p2a: Corsola|25/100|[from] Stealth Rock
|move|p1a: HOW YA BLEEDIN|Scald|p2a: Corsola
|-damage|p2a: Corsola|7/100
|
|-damage|p1a: HOW YA BLEEDIN|73/100 tox|[from] psn
|upkeep
|turn|28
|
|t:|1610867682
|move|p2a: Corsola|Strength Sap|p1a: HOW YA BLEEDIN
|-unboost|p1a: HOW YA BLEEDIN|atk|1
|-heal|p2a: Corsola|55/100
|move|p1a: HOW YA BLEEDIN|Teleport|p1a: HOW YA BLEEDIN
|
|t:|1610867690
|switch|p1a: CLEAR THE SCENE|Hydreigon, M|80/100|[from]move: Teleport
|-damage|p1a: CLEAR THE SCENE|68/100|[from] Stealth Rock
|
|-heal|p1a: CLEAR THE SCENE|74/100|[from] item: Leftovers
|upkeep
|turn|29
|
|t:|1610867694
|switch|p2a: Toxapex|Toxapex, F|100/100
|-damage|p2a: Toxapex|88/100|[from] Stealth Rock
|move|p1a: CLEAR THE SCENE|Dark Pulse|p2a: Toxapex
|-damage|p2a: Toxapex|64/100
|
|-heal|p1a: CLEAR THE SCENE|80/100|[from] item: Leftovers
|-heal|p2a: Toxapex|70/100|[from] item: Black Sludge
|upkeep
|turn|30
|j| thatboigreedy
|
|t:|1610867712
|switch|p1a: HOW YA BLEEDIN|Slowbro, M|100/100 tox
|move|p2a: Toxapex|Toxic|p1a: HOW YA BLEEDIN
|-fail|p1a: HOW YA BLEEDIN|tox
|
|-heal|p2a: Toxapex|76/100|[from] item: Black Sludge
|-damage|p1a: HOW YA BLEEDIN|94/100 tox|[from] psn
|upkeep
|turn|31
|j| Vessev
|n| Nasa Misty|cutepinkteam
|
|t:|1610867721
|switch|p2a: Mandibuzz|Mandibuzz, F|72/100
|move|p1a: HOW YA BLEEDIN|Teleport|p1a: HOW YA BLEEDIN
|
|t:|1610867726
|switch|p1a: TOTE THAT IRON|Heatran, M|57/100|[from]move: Teleport
|-damage|p1a: TOTE THAT IRON|45/100|[from] Stealth Rock
|
|-heal|p1a: TOTE THAT IRON|51/100|[from] item: Leftovers
|upkeep
|turn|32
|j| AwolfnamedSun
|
|t:|1610867734
|switch|p2a: Hippowdon|Hippowdon, M|94/100 brn
|-damage|p2a: Hippowdon|88/100 brn|[from] Stealth Rock
|-weather|Sandstorm|[from] ability: Sand Stream|[of] p2a: Hippowdon
|move|p1a: TOTE THAT IRON|Lava Plume|p2a: Hippowdon
|-damage|p2a: Hippowdon|65/100 brn
|
|-weather|Sandstorm|[upkeep]
|-heal|p1a: TOTE THAT IRON|57/100|[from] item: Leftovers
|-heal|p2a: Hippowdon|71/100 brn|[from] item: Leftovers
|-damage|p2a: Hippowdon|65/100 brn|[from] brn
|upkeep
|turn|33
|j| zyd666
|
|t:|1610867746
|switch|p1a: HOW YA BLEEDIN|Slowbro, M|100/100 tox
|move|p2a: Hippowdon|Earthquake|p1a: HOW YA BLEEDIN
|-damage|p1a: HOW YA BLEEDIN|90/100 tox
|
|-weather|Sandstorm|[upkeep]
|-damage|p1a: HOW YA BLEEDIN|83/100 tox|[from] Sandstorm
|-heal|p2a: Hippowdon|71/100 brn|[from] item: Leftovers
|-damage|p2a: Hippowdon|65/100 brn|[from] brn
|-damage|p1a: HOW YA BLEEDIN|77/100 tox|[from] psn
|upkeep
|turn|34
|
|t:|1610867764
|switch|p2a: Corsola|Corsola-Galar, F|55/100
|-damage|p2a: Corsola|42/100|[from] Stealth Rock
|move|p1a: HOW YA BLEEDIN|Scald|p2a: Corsola
|-damage|p2a: Corsola|22/100
|
|-weather|Sandstorm|[upkeep]
|-damage|p2a: Corsola|16/100|[from] Sandstorm
|-damage|p1a: HOW YA BLEEDIN|71/100 tox|[from] Sandstorm
|-damage|p1a: HOW YA BLEEDIN|59/100 tox|[from] psn
|upkeep
|turn|35
|
|t:|1610867777
|move|p2a: Corsola|Night Shade|p1a: HOW YA BLEEDIN
|-damage|p1a: HOW YA BLEEDIN|34/100 tox
|move|p1a: HOW YA BLEEDIN|Scald|p2a: Corsola
|-damage|p2a: Corsola|0 fnt
|faint|p2a: Corsola
|
|-weather|Sandstorm|[upkeep]
|-damage|p1a: HOW YA BLEEDIN|28/100 tox|[from] Sandstorm
|-damage|p1a: HOW YA BLEEDIN|9/100 tox|[from] psn
|upkeep
|
|t:|1610867785
|switch|p2a: Cinderace|Cinderace, M|100/100
|turn|36
|
|t:|1610867792
|switch|p1a: TOTE THAT IRON|Heatran, M|57/100
|-damage|p1a: TOTE THAT IRON|45/100|[from] Stealth Rock
|move|p2a: Cinderace|Pyro Ball|p1a: TOTE THAT IRON
|-start|p1a: TOTE THAT IRON|ability: Flash Fire
|
|-weather|none
|-heal|p1a: TOTE THAT IRON|51/100|[from] item: Leftovers
|upkeep
|turn|37
|
|t:|1610867801
|-end|p1a: TOTE THAT IRON|ability: Flash Fire|[silent]
|switch|p1a: YOU AINT BABY JOE|Landorus-Therian, M|88/100
|-damage|p1a: YOU AINT BABY JOE|76/100|[from] Stealth Rock
|-ability|p1a: YOU AINT BABY JOE|Intimidate|boost
|-unboost|p2a: Cinderace|atk|1
|move|p2a: Cinderace|High Jump Kick|p1a: YOU AINT BABY JOE
|-start|p2a: Cinderace|typechange|Fighting|[from] ability: Libero
|-resisted|p1a: YOU AINT BABY JOE
|-damage|p1a: YOU AINT BABY JOE|54/100
|
|upkeep
|turn|38
|
|t:|1610867806
|switch|p2a: Mandibuzz|Mandibuzz, F|72/100
|move|p1a: YOU AINT BABY JOE|U-turn|p2a: Mandibuzz
|-damage|p2a: Mandibuzz|56/100
|
|t:|1610867813
|switch|p1a: TOTE THAT IRON|Heatran, M|51/100|[from]move: U-turn
|-damage|p1a: TOTE THAT IRON|39/100|[from] Stealth Rock
|
|-heal|p1a: TOTE THAT IRON|45/100|[from] item: Leftovers
|upkeep
|turn|39
|
|t:|1610867820
|switch|p2a: Hippowdon|Hippowdon, M|65/100 brn
|-damage|p2a: Hippowdon|58/100 brn|[from] Stealth Rock
|-weather|Sandstorm|[from] ability: Sand Stream|[of] p2a: Hippowdon
|move|p1a: TOTE THAT IRON|Lava Plume|p2a: Hippowdon
|-damage|p2a: Hippowdon|34/100 brn
|
|-weather|Sandstorm|[upkeep]
|-heal|p1a: TOTE THAT IRON|51/100|[from] item: Leftovers
|-heal|p2a: Hippowdon|40/100 brn|[from] item: Leftovers
|-damage|p2a: Hippowdon|34/100 brn|[from] brn
|upkeep
|turn|40
|
|t:|1610867827
|move|p1a: TOTE THAT IRON|Taunt|p2a: Hippowdon
|-start|p2a: Hippowdon|move: Taunt
|cant|p2a: Hippowdon|move: Taunt|Slack Off
|
|-weather|Sandstorm|[upkeep]
|-heal|p1a: TOTE THAT IRON|57/100|[from] item: Leftovers
|-heal|p2a: Hippowdon|40/100 brn|[from] item: Leftovers
|-damage|p2a: Hippowdon|34/100 brn|[from] brn
|upkeep
|turn|41
|
|t:|1610867832
|switch|p1a: CLEAR THE SCENE|Hydreigon, M|80/100
|-damage|p1a: CLEAR THE SCENE|68/100|[from] Stealth Rock
|move|p2a: Hippowdon|Earthquake|p1a: CLEAR THE SCENE
|-immune|p1a: CLEAR THE SCENE|[from] ability: Levitate
|
|-weather|Sandstorm|[upkeep]
|-damage|p1a: CLEAR THE SCENE|62/100|[from] Sandstorm
|-heal|p1a: CLEAR THE SCENE|68/100|[from] item: Leftovers
|-heal|p2a: Hippowdon|40/100 brn|[from] item: Leftovers
|-damage|p2a: Hippowdon|34/100 brn|[from] brn
|upkeep
|turn|42
|
|t:|1610867837
|switch|p2a: Toxapex|Toxapex, F|100/100
|-damage|p2a: Toxapex|88/100|[from] Stealth Rock
|move|p1a: CLEAR THE SCENE|Dark Pulse|p2a: Toxapex
|-damage|p2a: Toxapex|64/100
|
|-weather|Sandstorm|[upkeep]
|-damage|p1a: CLEAR THE SCENE|62/100|[from] Sandstorm
|-damage|p2a: Toxapex|58/100|[from] Sandstorm
|-heal|p1a: CLEAR THE SCENE|68/100|[from] item: Leftovers
|-heal|p2a: Toxapex|64/100|[from] item: Black Sludge
|upkeep
|turn|43
|
|t:|1610867849
|switch|p2a: Cinderace|Cinderace, M|100/100
|move|p1a: CLEAR THE SCENE|Earth Power|p2a: Cinderace
|-supereffective|p2a: Cinderace
|-damage|p2a: Cinderace|25/100
|
|-weather|none
|-heal|p1a: CLEAR THE SCENE|74/100|[from] item: Leftovers
|upkeep
|turn|44
|
|t:|1610867865
|switch|p1a: TOTE THAT IRON|Heatran, M|57/100
|-damage|p1a: TOTE THAT IRON|45/100|[from] Stealth Rock
|move|p2a: Cinderace|High Jump Kick|p1a: TOTE THAT IRON
|-start|p2a: Cinderace|typechange|Fighting|[from] ability: Libero
|-supereffective|p1a: TOTE THAT IRON
|-damage|p1a: TOTE THAT IRON|0 fnt
|faint|p1a: TOTE THAT IRON
|
|upkeep
|
|t:|1610867869
|switch|p1a: YOU AINT BABY JOE|Landorus-Therian, M|54/100
|-damage|p1a: YOU AINT BABY JOE|42/100|[from] Stealth Rock
|-ability|p1a: YOU AINT BABY JOE|Intimidate|boost
|-unboost|p2a: Cinderace|atk|1
|turn|45
|
|t:|1610867874
|switch|p2a: Mandibuzz|Mandibuzz, F|56/100
|move|p1a: YOU AINT BABY JOE|U-turn|p2a: Mandibuzz
|-damage|p2a: Mandibuzz|41/100
|
|t:|1610867878
|switch|p1a: FUCK YO V.I.P|Cinderace, M|89/100|[from]move: U-turn
|
|upkeep
|turn|46
|
|t:|1610867882
|move|p1a: FUCK YO V.I.P|High Jump Kick|p2a: Mandibuzz
|-start|p1a: FUCK YO V.I.P|typechange|Fighting|[from] ability: Libero
|-damage|p2a: Mandibuzz|6/100
|move|p2a: Mandibuzz|Roost|p2a: Mandibuzz
|-heal|p2a: Mandibuzz|57/100
|-singleturn|p2a: Mandibuzz|move: Roost
|
|upkeep
|turn|47
|
|t:|1610867889
|move|p1a: FUCK YO V.I.P|Pyro Ball|p2a: Mandibuzz
|-start|p1a: FUCK YO V.I.P|typechange|Fire|[from] ability: Libero
|-damage|p2a: Mandibuzz|27/100
|move|p2a: Mandibuzz|Roost|p2a: Mandibuzz
|-heal|p2a: Mandibuzz|77/100
|-singleturn|p2a: Mandibuzz|move: Roost
|
|upkeep
|turn|48
|
|t:|1610867892
|move|p1a: FUCK YO V.I.P|Pyro Ball|p2a: Mandibuzz
|-damage|p2a: Mandibuzz|46/100
|move|p2a: Mandibuzz|Foul Play|p1a: FUCK YO V.I.P
|-damage|p1a: FUCK YO V.I.P|24/100
|
|upkeep
|turn|49
|
|t:|1610867905
|move|p1a: FUCK YO V.I.P|Pyro Ball|p2a: Mandibuzz
|-damage|p2a: Mandibuzz|15/100
|move|p2a: Mandibuzz|Roost|p2a: Mandibuzz
|-heal|p2a: Mandibuzz|66/100
|-singleturn|p2a: Mandibuzz|move: Roost
|
|upkeep
|turn|50
|
|t:|1610867917
|move|p1a: FUCK YO V.I.P|U-turn|p2a: Mandibuzz
|-start|p1a: FUCK YO V.I.P|typechange|Bug|[from] ability: Libero
|-damage|p2a: Mandibuzz|47/100
|
|t:|1610867926
|switch|p1a: HOW YA BLEEDIN|Slowbro, M|43/100 tox|[from]move: U-turn
|move|p2a: Mandibuzz|Brave Bird|p1a: HOW YA BLEEDIN
|-damage|p1a: HOW YA BLEEDIN|24/100 tox
|-damage|p2a: Mandibuzz|41/100|[from] Recoil
|
|-damage|p1a: HOW YA BLEEDIN|18/100 tox|[from] psn
|upkeep
|turn|51
|
|t:|1610867940
|switch|p1a: CLEAR THE SCENE|Hydreigon, M|74/100
|-damage|p1a: CLEAR THE SCENE|62/100|[from] Stealth Rock
|move|p2a: Mandibuzz|Brave Bird|p1a: CLEAR THE SCENE
|-damage|p1a: CLEAR THE SCENE|33/100
|-damage|p2a: Mandibuzz|32/100|[from] Recoil
|
|-heal|p1a: CLEAR THE SCENE|39/100|[from] item: Leftovers
|upkeep
|turn|52
|
|t:|1610867946
|move|p1a: CLEAR THE SCENE|Roost|p1a: CLEAR THE SCENE
|-heal|p1a: CLEAR THE SCENE|89/100
|-singleturn|p1a: CLEAR THE SCENE|move: Roost
|move|p2a: Mandibuzz|Roost|p2a: Mandibuzz
|-heal|p2a: Mandibuzz|83/100
|-singleturn|p2a: Mandibuzz|move: Roost
|
|-heal|p1a: CLEAR THE SCENE|95/100|[from] item: Leftovers
|upkeep
|turn|53
|
|t:|1610867956
|move|p1a: CLEAR THE SCENE|Earth Power|p2a: Mandibuzz
|-immune|p2a: Mandibuzz
|move|p2a: Mandibuzz|Brave Bird|p1a: CLEAR THE SCENE
|-damage|p1a: CLEAR THE SCENE|65/100
|-damage|p2a: Mandibuzz|73/100|[from] Recoil
|
|-heal|p1a: CLEAR THE SCENE|71/100|[from] item: Leftovers
|upkeep
|turn|54
|
|t:|1610867961
|move|p1a: CLEAR THE SCENE|Earth Power|p2a: Mandibuzz
|-immune|p2a: Mandibuzz
|move|p2a: Mandibuzz|Roost|p2a: Mandibuzz
|-heal|p2a: Mandibuzz|100/100
|-singleturn|p2a: Mandibuzz|move: Roost
|
|-heal|p1a: CLEAR THE SCENE|77/100|[from] item: Leftovers
|upkeep
|turn|55
|
|t:|1610867982
|move|p1a: CLEAR THE SCENE|Earth Power|p2a: Mandibuzz
|-immune|p2a: Mandibuzz
|move|p2a: Mandibuzz|Brave Bird|p1a: CLEAR THE SCENE
|-damage|p1a: CLEAR THE SCENE|49/100
|-damage|p2a: Mandibuzz|92/100|[from] Recoil
|
|-heal|p1a: CLEAR THE SCENE|55/100|[from] item: Leftovers
|upkeep
|turn|56
|l|☆snakebytx12
|inactive|snakebytx12 disconnected and has a minute to reconnect!
|player|p2|
|j|☆snakebytx12
|inactive|snakebytx12 reconnected and has 135 seconds left.
|player|p2|snakebytx12|102
|
|t:|1610868004
|move|p1a: CLEAR THE SCENE|Earth Power|p2a: Mandibuzz
|-immune|p2a: Mandibuzz
|move|p2a: Mandibuzz|Roost|p2a: Mandibuzz
|-heal|p2a: Mandibuzz|100/100
|-singleturn|p2a: Mandibuzz|move: Roost
|
|-heal|p1a: CLEAR THE SCENE|62/100|[from] item: Leftovers
|upkeep
|turn|57
|
|t:|1610868018
|move|p1a: CLEAR THE SCENE|Roost|p1a: CLEAR THE SCENE
|-heal|p1a: CLEAR THE SCENE|100/100
|-singleturn|p1a: CLEAR THE SCENE|move: Roost
|move|p2a: Mandibuzz|Brave Bird|p1a: CLEAR THE SCENE
|-damage|p1a: CLEAR THE SCENE|74/100
|-damage|p2a: Mandibuzz|92/100|[from] Recoil
|
|-heal|p1a: CLEAR THE SCENE|80/100|[from] item: Leftovers
|upkeep
|turn|58
|
|t:|1610868030
|move|p1a: CLEAR THE SCENE|Defog|p2a: Mandibuzz
|-unboost|p2a: Mandibuzz|evasion|1
|-sideend|p2: snakebytx12|Stealth Rock|[from] move: Defog|[of] p1a: CLEAR THE SCENE
|-sideend|p1: SkipTheDripBayless|Stealth Rock|[from] move: Defog|[of] p1a: CLEAR THE SCENE
|move|p2a: Mandibuzz|Brave Bird|p1a: CLEAR THE SCENE
|-damage|p1a: CLEAR THE SCENE|52/100
|-damage|p2a: Mandibuzz|84/100|[from] Recoil
|
|-heal|p1a: CLEAR THE SCENE|58/100|[from] item: Leftovers
|upkeep
|turn|59
|
|t:|1610868036
|move|p1a: CLEAR THE SCENE|Dark Pulse|p2a: Mandibuzz
|-resisted|p2a: Mandibuzz
|-damage|p2a: Mandibuzz|68/100
|move|p2a: Mandibuzz|Brave Bird|p1a: CLEAR THE SCENE
|-damage|p1a: CLEAR THE SCENE|29/100
|-damage|p2a: Mandibuzz|59/100|[from] Recoil
|
|-heal|p1a: CLEAR THE SCENE|35/100|[from] item: Leftovers
|upkeep
|turn|60
|
|t:|1610868058
|move|p1a: CLEAR THE SCENE|Dark Pulse|p2a: Mandibuzz
|-resisted|p2a: Mandibuzz
|-damage|p2a: Mandibuzz|44/100
|move|p2a: Mandibuzz|Brave Bird|p1a: CLEAR THE SCENE
|-damage|p1a: CLEAR THE SCENE|6/100
|-damage|p2a: Mandibuzz|35/100|[from] Recoil
|
|-heal|p1a: CLEAR THE SCENE|12/100|[from] item: Leftovers
|upkeep
|turn|61
|
|t:|1610868069
|switch|p2a: Hippowdon|Hippowdon, M|34/100 brn
|-weather|Sandstorm|[from] ability: Sand Stream|[of] p2a: Hippowdon
|move|p1a: CLEAR THE SCENE|Roost|p1a: CLEAR THE SCENE
|-heal|p1a: CLEAR THE SCENE|62/100
|-singleturn|p1a: CLEAR THE SCENE|move: Roost
|
|-weather|Sandstorm|[upkeep]
|-damage|p1a: CLEAR THE SCENE|56/100|[from] Sandstorm
|-heal|p1a: CLEAR THE SCENE|62/100|[from] item: Leftovers
|-heal|p2a: Hippowdon|40/100 brn|[from] item: Leftovers
|-damage|p2a: Hippowdon|34/100 brn|[from] brn
|upkeep
|turn|62
|
|t:|1610868074
|move|p1a: CLEAR THE SCENE|Dark Pulse|p2a: Hippowdon
|-damage|p2a: Hippowdon|6/100 brn
|cant|p2a: Hippowdon|flinch
|
|-weather|Sandstorm|[upkeep]
|-damage|p1a: CLEAR THE SCENE|56/100|[from] Sandstorm
|-heal|p1a: CLEAR THE SCENE|62/100|[from] item: Leftovers
|-heal|p2a: Hippowdon|13/100 brn|[from] item: Leftovers
|-damage|p2a: Hippowdon|6/100 brn|[from] brn
|upkeep
|turn|63
|
|t:|1610868078
|move|p1a: CLEAR THE SCENE|Dark Pulse|p2a: Hippowdon
|-damage|p2a: Hippowdon|0 fnt
|faint|p2a: Hippowdon
|
|-weather|Sandstorm|[upkeep]
|-damage|p1a: CLEAR THE SCENE|56/100|[from] Sandstorm
|-heal|p1a: CLEAR THE SCENE|62/100|[from] item: Leftovers
|upkeep
|l| Nasa Misty
|
|t:|1610868082
|switch|p2a: Cinderace|Cinderace, M|25/100
|turn|64
|
|t:|1610868107
|switch|p1a: FUCK YO V.I.P|Cinderace, M|24/100
|move|p2a: Cinderace|High Jump Kick|p1a: FUCK YO V.I.P
|-start|p2a: Cinderace|typechange|Fighting|[from] ability: Libero
|-crit|p1a: FUCK YO V.I.P
|-damage|p1a: FUCK YO V.I.P|0 fnt
|faint|p1a: FUCK YO V.I.P
|
|-weather|Sandstorm|[upkeep]
|-damage|p2a: Cinderace|19/100|[from] Sandstorm
|upkeep
|
|t:|1610868110
|switch|p1a: YOU AINT BABY JOE|Landorus-Therian, M|42/100
|-ability|p1a: YOU AINT BABY JOE|Intimidate|boost
|-unboost|p2a: Cinderace|atk|1
|turn|65
|
|t:|1610868121
|switch|p2a: Mandibuzz|Mandibuzz, F|35/100
|move|p1a: YOU AINT BABY JOE|U-turn|p2a: Mandibuzz
|-damage|p2a: Mandibuzz|20/100
|
|t:|1610868126
|switch|p1a: HOW YA BLEEDIN|Slowbro, M|51/100 tox|[from]move: U-turn
|
|-weather|none
|-damage|p1a: HOW YA BLEEDIN|45/100 tox|[from] psn
|upkeep
|turn|66
|
|t:|1610868132
|move|p2a: Mandibuzz|Roost|p2a: Mandibuzz
|-heal|p2a: Mandibuzz|70/100
|-singleturn|p2a: Mandibuzz|move: Roost
|move|p1a: HOW YA BLEEDIN|Slack Off|p1a: HOW YA BLEEDIN
|-heal|p1a: HOW YA BLEEDIN|95/100 tox
|
|-damage|p1a: HOW YA BLEEDIN|83/100 tox|[from] psn
|upkeep
|turn|67
|
|t:|1610868150
|switch|p2a: Toxapex|Toxapex, F|97/100
|move|p1a: HOW YA BLEEDIN|Teleport|p1a: HOW YA BLEEDIN
|
|t:|1610868162
|switch|p1a: YOU AINT BABY JOE|Landorus-Therian, M|42/100|[from]move: Teleport
|-ability|p1a: YOU AINT BABY JOE|Intimidate|boost
|-unboost|p2a: Toxapex|atk|1
|
|-heal|p2a: Toxapex|100/100|[from] item: Black Sludge
|upkeep
|turn|68
|
|t:|1610868167
|move|p1a: YOU AINT BABY JOE|U-turn|p2a: Toxapex
|-resisted|p2a: Toxapex
|-damage|p2a: Toxapex|91/100
|
|t:|1610868169
|switch|p1a: HOW YA BLEEDIN|Slowbro, M|100/100 tox|[from]move: U-turn
|move|p2a: Toxapex|Scald|p1a: HOW YA BLEEDIN
|-resisted|p1a: HOW YA BLEEDIN
|-damage|p1a: HOW YA BLEEDIN|91/100 tox
|
|-heal|p2a: Toxapex|97/100|[from] item: Black Sludge
|-damage|p1a: HOW YA BLEEDIN|85/100 tox|[from] psn
|upkeep
|turn|69
|
|t:|1610868173
|move|p2a: Toxapex|Scald|p1a: HOW YA BLEEDIN
|-resisted|p1a: HOW YA BLEEDIN
|-damage|p1a: HOW YA BLEEDIN|77/100 tox
|move|p1a: HOW YA BLEEDIN|Future Sight|p2a: Toxapex
|-start|p1a: HOW YA BLEEDIN|move: Future Sight
|
|-heal|p2a: Toxapex|100/100|[from] item: Black Sludge
|-damage|p1a: HOW YA BLEEDIN|65/100 tox|[from] psn
|upkeep
|turn|70
|c| AwolfnamedSun|so this what the battles like in the 1600's?
|
|t:|1610868180
|move|p2a: Toxapex|Toxic|p1a: HOW YA BLEEDIN
|-fail|p1a: HOW YA BLEEDIN|tox
|move|p1a: HOW YA BLEEDIN|Teleport|p1a: HOW YA BLEEDIN
|
|t:|1610868188
|switch|p1a: YOU AINT BABY JOE|Landorus-Therian, M|42/100|[from]move: Teleport
|-ability|p1a: YOU AINT BABY JOE|Intimidate|boost
|-unboost|p2a: Toxapex|atk|1
|
|upkeep
|turn|71
|
|t:|1610868199
|switch|p2a: Mandibuzz|Mandibuzz, F|70/100
|move|p1a: YOU AINT BABY JOE|Stone Edge|p2a: Mandibuzz|[miss]
|-miss|p1a: YOU AINT BABY JOE|p2a: Mandibuzz
|
|-end|p2a: Mandibuzz|move: Future Sight
|-immune|p2a: Mandibuzz
|upkeep
|turn|72
|
|t:|1610868215
|switch|p1a: HOW YA BLEEDIN|Slowbro, M|98/100 tox
|move|p2a: Mandibuzz|Brave Bird|p1a: HOW YA BLEEDIN
|-damage|p1a: HOW YA BLEEDIN|81/100 tox
|-damage|p2a: Mandibuzz|65/100|[from] Recoil
|
|-damage|p1a: HOW YA BLEEDIN|75/100 tox|[from] psn
|upkeep
|turn|73
|l| AwolfnamedSun
|
|t:|1610868228
|move|p2a: Mandibuzz|Brave Bird|p1a: HOW YA BLEEDIN
|-damage|p1a: HOW YA BLEEDIN|58/100 tox
|-damage|p2a: Mandibuzz|60/100|[from] Recoil
|move|p1a: HOW YA BLEEDIN|Scald|p2a: Mandibuzz
|-damage|p2a: Mandibuzz|37/100
|-status|p2a: Mandibuzz|brn
|
|-damage|p2a: Mandibuzz|31/100 brn|[from] brn
|-damage|p1a: HOW YA BLEEDIN|46/100 tox|[from] psn
|upkeep
|turn|74
|
|t:|1610868246
|move|p2a: Mandibuzz|Roost|p2a: Mandibuzz
|-heal|p2a: Mandibuzz|81/100 brn
|-singleturn|p2a: Mandibuzz|move: Roost
|move|p1a: HOW YA BLEEDIN|Teleport|p1a: HOW YA BLEEDIN
|
|t:|1610868252
|switch|p1a: CLEAR THE SCENE|Hydreigon, M|62/100|[from]move: Teleport
|
|-heal|p1a: CLEAR THE SCENE|68/100|[from] item: Leftovers
|-damage|p2a: Mandibuzz|75/100 brn|[from] brn
|upkeep
|turn|75
|
|t:|1610868264
|switch|p2a: Toxapex|Toxapex, F|100/100
|move|p1a: CLEAR THE SCENE|Earth Power|p2a: Toxapex
|-supereffective|p2a: Toxapex
|-damage|p2a: Toxapex|66/100
|-unboost|p2a: Toxapex|spd|1
|
|-heal|p1a: CLEAR THE SCENE|74/100|[from] item: Leftovers
|-heal|p2a: Toxapex|73/100|[from] item: Black Sludge
|upkeep
|turn|76
|
|t:|1610868273
|switch|p1a: HOW YA BLEEDIN|Slowbro, M|79/100 tox
|move|p2a: Toxapex|Toxic|p1a: HOW YA BLEEDIN
|-fail|p1a: HOW YA BLEEDIN|tox
|
|-heal|p2a: Toxapex|79/100|[from] item: Black Sludge
|-damage|p1a: HOW YA BLEEDIN|73/100 tox|[from] psn
|upkeep
|turn|77
|-message|snakebytx12 forfeited.
|
|win|SkipTheDripBayless
|l|☆snakebytx12
|raw|SkipTheDripBayless's rating: 1744 &rarr; <strong>1760</strong><br />(+16 for winning)
|raw|snakebytx12's rating: 1682 &rarr; <strong>1666</strong><br />(-16 for losing)
|l| zyd666
|l|☆SkipTheDripBayless
|l| Vessev
|j| Vessev
