|j|☆galarian dragapult
|j|☆egduj
|t:|1637189664
|gametype|singles
|player|p1|galarian dragapult|169|1721
|player|p2|egduj|266|1788
|teamsize|p1|6
|teamsize|p2|6
|gen|8
|tier|[Gen 8] OU
|rated|
|rule|Sleep Clause Mod: Limit one foe put to sleep
|rule|Species Clause: Limit one of each Pokémon
|rule|OHKO Clause: OHKO moves are banned
|rule|Evasion Moves Clause: Evasion moves are banned
|rule|Endless Battle Clause: Forcing endless battles is banned
|rule|HP Percentage Mod: HP is shown in percentages
|rule|Dynamax Clause: You cannot dynamax
|clearpoke
|poke|p1|Corviknight, F|
|poke|p1|Dragapult, M|
|poke|p1|Blissey, F|
|poke|p1|Victini|
|poke|p1|Tapu Fini|
|poke|p1|Nidoking, M|
|poke|p2|Tapu Fini|
|poke|p2|Melmetal|
|poke|p2|Nihilego|
|poke|p2|Landorus-Therian, M|
|poke|p2|Magnezone|
|poke|p2|Dragonite, M|
|teampreview
|inactive|Battle timer is ON: inactive players will automatically lose when time's up. (requested by galarian dragapult)
|j| Asb04
|j| Emporio Ivankov
|inactive|egduj has 120 seconds left.
|
|t:|1637189727
|start
|switch|p1a: Tapu Fini|Tapu Fini|100/100
|switch|p2a: Enten|Landorus-Therian, M, shiny|100/100
|-fieldstart|move: Misty Terrain|[from] ability: Misty Surge|[of] p1a: Tapu Fini
|-ability|p2a: Enten|Intimidate|boost
|-unboost|p1a: Tapu Fini|atk|1
|turn|1
|j| Truebeliver
|inactive|egduj has 120 seconds left.
|
|t:|1637189774
|switch|p2a: Raven|Tapu Fini, shiny|100/100
|move|p1a: Tapu Fini|Ice Beam|p2a: Raven
|-resisted|p2a: Raven
|-damage|p2a: Raven|90/100
|
|upkeep
|turn|2
|
|t:|1637189785
|switch|p2a: Fate|Melmetal, shiny|100/100
|move|p1a: Tapu Fini|Ice Beam|p2a: Fate
|-resisted|p2a: Fate
|-damage|p2a: Fate|94/100
|
|upkeep
|turn|3
|
|t:|1637189795
|switch|p1a: Corviknight|Corviknight, F|100/100
|-ability|p1a: Corviknight|Pressure
|move|p2a: Fate|Thunder Punch|p1a: Corviknight
|-supereffective|p1a: Corviknight
|-damage|p1a: Corviknight|55/100
|-status|p1a: Corviknight|par
|-damage|p2a: Fate|77/100|[from] item: Rocky Helmet|[of] p1a: Corviknight
|
|upkeep
|turn|4
|inactive|egduj has 120 seconds left.
|
|t:|1637189805
|switch|p2a: Grimlock|Magnezone, shiny|100/100
|-item|p2a: Grimlock|Air Balloon
|move|p1a: Corviknight|U-turn|p2a: Grimlock
|-resisted|p2a: Grimlock
|-damage|p2a: Grimlock|95/100
|-enditem|p2a: Grimlock|Air Balloon
|
|t:|1637189808
|switch|p1a: Nidoking|Nidoking, M|100/100|[from]move: U-turn
|
|upkeep
|turn|5
|inactive|egduj has 120 seconds left.
|
|t:|1637189824
|switch|p2a: Raven|Tapu Fini, shiny|90/100
|move|p1a: Nidoking|Ice Beam|p2a: Raven
|-resisted|p2a: Raven
|-damage|p2a: Raven|72/100
|
|-fieldend|Misty Terrain
|upkeep
|turn|6
|j| Luminami
|
|t:|1637189828
|switch|p1a: Blissey|Blissey, F|100/100
|move|p2a: Raven|Surf|p1a: Blissey
|-damage|p1a: Blissey|87/100
|
|upkeep
|turn|7
|
|t:|1637189839
|switch|p2a: Pinkacross|Nihilego, shiny|100/100
|move|p1a: Blissey|Teleport|p1a: Blissey
|j| Be Swsxfgyy
|j| nttres hbvr
|inactive|galarian dragapult has 120 seconds left.
|
|t:|1637189874
|switch|p1a: Nidoking|Nidoking, M|100/100|[from]move: Teleport
|
|upkeep
|turn|8
|l| Luminami
|
|t:|1637189883
|switch|p2a: Enten|Landorus-Therian, M, shiny|100/100
|-ability|p2a: Enten|Intimidate|boost
|-unboost|p1a: Nidoking|atk|1
|move|p1a: Nidoking|Earth Power|p2a: Enten
|-immune|p2a: Enten
|
|upkeep
|turn|9
|
|t:|1637189885
|move|p1a: Nidoking|Ice Beam|p2a: Enten
|-supereffective|p2a: Enten
|-damage|p2a: Enten|0 fnt
|faint|p2a: Enten
|
|upkeep
|
|t:|1637189889
|switch|p2a: Fate|Melmetal, shiny|77/100
|turn|10
|
|t:|1637189892
|switch|p1a: Corviknight|Corviknight, F|55/100 par
|-ability|p1a: Corviknight|Pressure
|move|p2a: Fate|Double Iron Bash|p1a: Corviknight
|-resisted|p1a: Corviknight
|-damage|p1a: Corviknight|43/100 par
|-damage|p2a: Fate|60/100|[from] item: Rocky Helmet|[of] p1a: Corviknight
|-resisted|p1a: Corviknight
|-damage|p1a: Corviknight|30/100 par
|-damage|p2a: Fate|44/100|[from] item: Rocky Helmet|[of] p1a: Corviknight
|-hitcount|p1a: Corviknight|2
|
|upkeep
|turn|11
|-message|egduj forfeited.
|
|win|galarian dragapult
|raw|galarian dragapult's rating: 1721 &rarr; <strong>1745</strong><br />(+24 for winning)
|raw|egduj's rating: 1788 &rarr; <strong>1764</strong><br />(-24 for losing)
|c|☆egduj|fkin auto lose
|c|☆egduj|to that mon
|c|☆egduj|jesus
|c|☆egduj|gg
|l|☆galarian dragapult
|l|☆egduj
|j|☆egduj
|player|p2|egduj|266
|l| Truebeliver
