|j|☆Alec'sPropGun
|j|☆yung_iznamakin
|t:|1650079758
|gametype|singles
|player|p1|Alec'sPropGun|170|1691
|player|p2|yung_iznamakin|brendan-gen3|1659
|teamsize|p1|6
|teamsize|p2|6
|gen|8
|tier|[Gen 8] OU
|rated|
|rule|Sleep Clause Mod: Limit one foe put to sleep
|rule|Species Clause: Limit one of each Pokémon
|rule|OHKO Clause: OHKO moves are banned
|rule|Evasion Moves Clause: Evasion moves are banned
|rule|Endless Battle Clause: Forcing endless battles is banned
|rule|HP Percentage Mod: HP is shown in percentages
|rule|Dynamax Clause: You cannot dynamax
|clearpoke
|poke|p1|Volcanion|
|poke|p1|Landorus-Therian, M|
|poke|p1|Urshifu-*, M|
|poke|p1|Ferrothorn, M|
|poke|p1|Dragapult, M|
|poke|p1|Tapu Koko|
|poke|p2|Skarmory, F|
|poke|p2|Zapdos-Galar|
|poke|p2|Zeraora|
|poke|p2|Blissey, F|
|poke|p2|Volcarona, M|
|poke|p2|Slowbro, M|
|teampreview
|
|t:|1650079769
|start
|switch|p1a: Volcanion|Volcanion|100/100
|switch|p2a: Zapdos|Zapdos-Galar|100/100
|turn|1
|
|t:|1650079777
|switch|p1a: Landorus|Landorus-Therian, M|100/100
|-ability|p1a: Landorus|Intimidate|boost
|-unboost|p2a: Zapdos|atk|1
|-ability|p2a: Zapdos|Defiant
|-boost|p2a: Zapdos|atk|2
|move|p2a: Zapdos|U-turn|p1a: Landorus
|-resisted|p1a: Landorus
|-damage|p1a: Landorus|73/100
|inactive|Battle timer is ON: inactive players will automatically lose when time's up. (requested by yung_iznamakin)
|
|t:|1650079787
|switch|p2a: Skarmory|Skarmory, F|100/100|[from]move: U-turn
|
|-heal|p1a: Landorus|79/100|[from] item: Leftovers
|upkeep
|turn|2
|c|☆Alec'sPropGun|noob mistake lol
|c|☆yung_iznamakin|why
|c|☆Alec'sPropGun|Procing the defiant
|c|☆yung_iznamakin|wouldnt kill anyway
|j| 2 noisy
|c|☆yung_iznamakin|the close combat
|l| 2 noisy
|inactive|yung_iznamakin has 120 seconds left.
|c|☆yung_iznamakin|you couldve stayed and kill me
|c|☆Alec'sPropGun|Thats what I was thinking, and I forgot about  the defiant lol
|c|☆yung_iznamakin|i didnt want to take any chances
|
|t:|1650079837
|move|p1a: Landorus|U-turn|p2a: Skarmory
|-resisted|p2a: Skarmory
|-damage|p2a: Skarmory|98/100
|-damage|p1a: Landorus|63/100|[from] item: Rocky Helmet|[of] p2a: Skarmory
|c|☆Alec'sPropGun|I knew I could kill. but I didnt know if you could lol
|
|t:|1650079847
|switch|p1a: Volcanion|Volcanion|100/100|[from]move: U-turn
|move|p2a: Skarmory|Stealth Rock|p1a: Volcanion
|-sidestart|p1: Alec'sPropGun|move: Stealth Rock
|
|upkeep
|turn|3
|
|t:|1650079852
|switch|p2a: Blissey|Blissey, F|100/100
|move|p1a: Volcanion|Steam Eruption|p2a: Blissey
|-damage|p2a: Blissey|65/100
|
|upkeep
|turn|4
|j| graceland2
|
|t:|1650079879
|move|p1a: Volcanion|Steam Eruption|p2a: Blissey
|-damage|p2a: Blissey|28/100
|move|p2a: Blissey|Teleport|p2a: Blissey
|
|t:|1650079883
|switch|p2a: Zeraora|Zeraora|100/100|[from]move: Teleport
|
|upkeep
|turn|5
|
|t:|1650079889
|switch|p2a: Skarmory|Skarmory, F|98/100
|switch|p1a: Landorus|Landorus-Therian, M|63/100
|-damage|p1a: Landorus|50/100|[from] Stealth Rock
|-ability|p1a: Landorus|Intimidate|boost
|-unboost|p2a: Skarmory|atk|1
|
|-heal|p1a: Landorus|56/100|[from] item: Leftovers
|upkeep
|turn|6
|
|t:|1650079899
|move|p1a: Landorus|Defog|p2a: Skarmory
|-unboost|p2a: Skarmory|evasion|1
|-sideend|p1: Alec'sPropGun|Stealth Rock|[from] move: Defog|[of] p1a: Landorus
|move|p2a: Skarmory|Spikes|p1a: Landorus
|-sidestart|p1: Alec'sPropGun|Spikes
|
|-heal|p1a: Landorus|62/100|[from] item: Leftovers
|upkeep
|turn|7
|
|t:|1650079905
|move|p1a: Landorus|Defog|p2a: Skarmory
|-unboost|p2a: Skarmory|evasion|1
|-sideend|p1: Alec'sPropGun|Spikes|[from] move: Defog|[of] p1a: Landorus
|move|p2a: Skarmory|Stealth Rock|p1a: Landorus
|-sidestart|p1: Alec'sPropGun|move: Stealth Rock
|
|-heal|p1a: Landorus|68/100|[from] item: Leftovers
|upkeep
|turn|8
|l| graceland2
|
|t:|1650079911
|move|p1a: Landorus|Defog|p2a: Skarmory
|-unboost|p2a: Skarmory|evasion|1
|-sideend|p1: Alec'sPropGun|Stealth Rock|[from] move: Defog|[of] p1a: Landorus
|move|p2a: Skarmory|Spikes|p1a: Landorus
|-sidestart|p1: Alec'sPropGun|Spikes
|
|-heal|p1a: Landorus|74/100|[from] item: Leftovers
|upkeep
|turn|9
|
|t:|1650079917
|switch|p1a: Tapu Koko|Tapu Koko|100/100
|-fieldstart|move: Electric Terrain|[from] ability: Electric Surge|[of] p1a: Tapu Koko
|move|p2a: Skarmory|Stealth Rock|p1a: Tapu Koko
|-sidestart|p1: Alec'sPropGun|move: Stealth Rock
|
|upkeep
|turn|10
|
|t:|1650079923
|switch|p2a: Zeraora|Zeraora|100/100
|move|p1a: Tapu Koko|U-turn|p2a: Zeraora
|-damage|p2a: Zeraora|77/100
|
|t:|1650079931
|switch|p1a: Landorus|Landorus-Therian, M|74/100|[from]move: U-turn
|-damage|p1a: Landorus|62/100|[from] Stealth Rock
|-ability|p1a: Landorus|Intimidate|boost
|-unboost|p2a: Zeraora|atk|1
|
|-heal|p1a: Landorus|68/100|[from] item: Leftovers
|upkeep
|turn|11
|
|t:|1650079938
|switch|p2a: Zapdos|Zapdos-Galar|100/100
|move|p1a: Landorus|Defog|p2a: Zapdos
|-unboost|p2a: Zapdos|evasion|1
|-ability|p2a: Zapdos|Defiant
|-boost|p2a: Zapdos|atk|2
|-sideend|p1: Alec'sPropGun|Spikes|[from] move: Defog|[of] p1a: Landorus
|-sideend|p1: Alec'sPropGun|Stealth Rock|[from] move: Defog|[of] p1a: Landorus
|-fieldend|move: Electric Terrain
|
|-heal|p1a: Landorus|74/100|[from] item: Leftovers
|upkeep
|turn|12
|
|t:|1650079949
|switch|p1a: Ferrothorn|Ferrothorn, M|100/100
|move|p2a: Zapdos|Brave Bird|p1a: Ferrothorn
|-damage|p1a: Ferrothorn|0 fnt
|-damage|p2a: Zapdos|88/100|[from] ability: Iron Barbs|[of] p1a: Ferrothorn
|-damage|p2a: Zapdos|72/100|[from] item: Rocky Helmet|[of] p1a: Ferrothorn
|faint|p1a: Ferrothorn
|-damage|p2a: Zapdos|35/100|[from] Recoil
|
|upkeep
|
|t:|1650079959
|switch|p1a: Urshifu|Urshifu-Rapid-Strike, M|100/100
|turn|13
|
|t:|1650079965
|switch|p2a: Slowbro|Slowbro, M|100/100
|move|p1a: Urshifu|Aqua Jet|p2a: Slowbro
|-resisted|p2a: Slowbro
|-damage|p2a: Slowbro|92/100
|-damage|p1a: Urshifu|84/100|[from] item: Rocky Helmet|[of] p2a: Slowbro
|
|upkeep
|turn|14
|
|t:|1650079972
|switch|p1a: Volcanion|Volcanion|100/100
|move|p2a: Slowbro|Teleport|p2a: Slowbro
|
|t:|1650079975
|switch|p2a: Zeraora|Zeraora|77/100|[from]move: Teleport
|
|upkeep
|turn|15
|
|t:|1650079978
|switch|p1a: Landorus|Landorus-Therian, M|74/100
|-ability|p1a: Landorus|Intimidate|boost
|-unboost|p2a: Zeraora|atk|1
|move|p2a: Zeraora|Knock Off|p1a: Landorus
|-damage|p1a: Landorus|53/100
|-enditem|p1a: Landorus|Leftovers|[from] move: Knock Off|[of] p2a: Zeraora
|
|upkeep
|turn|16
|
|t:|1650079986
|switch|p2a: Skarmory|Skarmory, F|98/100
|move|p1a: Landorus|Earthquake|p2a: Skarmory
|-immune|p2a: Skarmory
|
|upkeep
|turn|17
|
|t:|1650079990
|switch|p1a: Volcanion|Volcanion|100/100
|move|p2a: Skarmory|Stealth Rock|p1a: Volcanion
|-sidestart|p1: Alec'sPropGun|move: Stealth Rock
|
|upkeep
|turn|18
|
|t:|1650079996
|switch|p2a: Slowbro|Slowbro, M|100/100
|move|p1a: Volcanion|Steam Eruption|p2a: Slowbro
|-resisted|p2a: Slowbro
|-damage|p2a: Slowbro|50/100
|
|upkeep
|turn|19
|
|t:|1650080024
|switch|p2a: Volcarona|Volcarona, M|100/100
|move|p1a: Volcanion|Steam Eruption|p2a: Volcarona|[miss]
|-miss|p1a: Volcanion|p2a: Volcarona
|
|upkeep
|turn|20
|
|t:|1650080031
|move|p2a: Volcarona|Quiver Dance|p2a: Volcarona
|-boost|p2a: Volcarona|spa|1
|-boost|p2a: Volcarona|spd|1
|-boost|p2a: Volcarona|spe|1
|move|p1a: Volcanion|Steam Eruption|p2a: Volcarona
|-supereffective|p2a: Volcarona
|-damage|p2a: Volcarona|0 fnt
|faint|p2a: Volcarona
|
|upkeep
|
|t:|1650080038
|switch|p2a: Zapdos|Zapdos-Galar|35/100
|turn|21
|
|t:|1650080046
|switch|p1a: Tapu Koko|Tapu Koko|100/100
|-fieldstart|move: Electric Terrain|[from] ability: Electric Surge|[of] p1a: Tapu Koko
|move|p2a: Zapdos|Close Combat|p1a: Tapu Koko
|-resisted|p1a: Tapu Koko
|-damage|p1a: Tapu Koko|38/100
|-unboost|p2a: Zapdos|def|1
|-unboost|p2a: Zapdos|spd|1
|
|upkeep
|turn|22
|
|t:|1650080055
|switch|p2a: Zeraora|Zeraora|77/100
|move|p1a: Tapu Koko|Dazzling Gleam|p2a: Zeraora
|-damage|p2a: Zeraora|30/100
|
|upkeep
|turn|23
|
|t:|1650080061
|switch|p2a: Blissey|Blissey, F|28/100
|move|p1a: Tapu Koko|Dazzling Gleam|p2a: Blissey
|-damage|p2a: Blissey|16/100
|
|upkeep
|turn|24
|
|t:|1650080066
|move|p1a: Tapu Koko|U-turn|p2a: Blissey
|-damage|p2a: Blissey|1/100
|
|t:|1650080075
|switch|p1a: Volcanion|Volcanion|100/100|[from]move: U-turn
|-damage|p1a: Volcanion|76/100|[from] Stealth Rock
|move|p2a: Blissey|Soft-Boiled|p2a: Blissey
|-heal|p2a: Blissey|51/100
|
|upkeep
|turn|25
|
|t:|1650080084
|move|p1a: Volcanion|Steam Eruption|p2a: Blissey
|-damage|p2a: Blissey|15/100
|move|p2a: Blissey|Soft-Boiled|p2a: Blissey
|-heal|p2a: Blissey|65/100
|
|-fieldend|move: Electric Terrain
|upkeep
|turn|26
|
|t:|1650080101
|switch|p1a: Tapu Koko|Tapu Koko|38/100
|-fieldstart|move: Electric Terrain|[from] ability: Electric Surge|[of] p1a: Tapu Koko
|move|p2a: Blissey|Soft-Boiled|p2a: Blissey
|-heal|p2a: Blissey|100/100
|
|upkeep
|turn|27
|
|t:|1650080108
|move|p1a: Tapu Koko|Roost|p1a: Tapu Koko
|-heal|p1a: Tapu Koko|88/100
|-singleturn|p1a: Tapu Koko|move: Roost
|move|p2a: Blissey|Teleport|p2a: Blissey
|
|t:|1650080113
|switch|p2a: Zeraora|Zeraora|30/100|[from]move: Teleport
|
|upkeep
|turn|28
|
|t:|1650080120
|switch|p1a: Landorus|Landorus-Therian, M|53/100
|-damage|p1a: Landorus|41/100|[from] Stealth Rock
|-ability|p1a: Landorus|Intimidate|boost
|-unboost|p2a: Zeraora|atk|1
|move|p2a: Zeraora|Knock Off|p1a: Landorus
|-damage|p1a: Landorus|28/100
|
|upkeep
|turn|29
|
|t:|1650080128
|switch|p2a: Skarmory|Skarmory, F|98/100
|move|p1a: Landorus|U-turn|p2a: Skarmory
|-resisted|p2a: Skarmory
|-damage|p2a: Skarmory|94/100
|-damage|p1a: Landorus|12/100|[from] item: Rocky Helmet|[of] p2a: Skarmory
|
|t:|1650080138
|switch|p1a: Tapu Koko|Tapu Koko|88/100|[from]move: U-turn
|
|upkeep
|turn|30
|
|t:|1650080142
|switch|p2a: Blissey|Blissey, F|100/100
|move|p1a: Tapu Koko|Dazzling Gleam|p2a: Blissey
|-damage|p2a: Blissey|87/100
|
|-fieldend|move: Electric Terrain
|upkeep
|turn|31
|
|t:|1650080149
|move|p1a: Tapu Koko|U-turn|p2a: Blissey
|-damage|p2a: Blissey|73/100
|
|t:|1650080152
|switch|p1a: Urshifu|Urshifu-Rapid-Strike, M|84/100|[from]move: U-turn
|-damage|p1a: Urshifu|78/100|[from] Stealth Rock
|move|p2a: Blissey|Teleport|p2a: Blissey
|
|t:|1650080156
|switch|p2a: Zeraora|Zeraora|30/100|[from]move: Teleport
|
|upkeep
|turn|32
|
|t:|1650080164
|switch|p2a: Slowbro|Slowbro, M|83/100
|move|p1a: Urshifu|Aqua Jet|p2a: Slowbro
|-resisted|p2a: Slowbro
|-damage|p2a: Slowbro|74/100
|-damage|p1a: Urshifu|61/100|[from] item: Rocky Helmet|[of] p2a: Slowbro
|
|upkeep
|turn|33
|
|t:|1650080183
|switch|p1a: Tapu Koko|Tapu Koko|88/100
|-fieldstart|move: Electric Terrain|[from] ability: Electric Surge|[of] p1a: Tapu Koko
|move|p2a: Slowbro|Teleport|p2a: Slowbro
|
|t:|1650080188
|switch|p2a: Blissey|Blissey, F|73/100|[from]move: Teleport
|
|upkeep
|turn|34
|
|t:|1650080196
|move|p1a: Tapu Koko|Thunderbolt|p2a: Blissey
|-damage|p2a: Blissey|55/100
|move|p2a: Blissey|Soft-Boiled|p2a: Blissey
|-heal|p2a: Blissey|100/100
|
|upkeep
|turn|35
|
|t:|1650080205
|move|p1a: Tapu Koko|U-turn|p2a: Blissey
|-damage|p2a: Blissey|86/100
|j| Punyakoko
|
|t:|1650080210
|switch|p1a: Dragapult|Dragapult, M|100/100|[from]move: U-turn
|-damage|p1a: Dragapult|88/100|[from] Stealth Rock
|move|p2a: Blissey|Teleport|p2a: Blissey
|
|t:|1650080216
|switch|p2a: Zeraora|Zeraora|30/100|[from]move: Teleport
|
|upkeep
|turn|36
|
|t:|1650080225
|switch|p1a: Tapu Koko|Tapu Koko|88/100
|move|p2a: Zeraora|Knock Off|p1a: Tapu Koko
|-resisted|p1a: Tapu Koko
|-damage|p1a: Tapu Koko|65/100
|-enditem|p1a: Tapu Koko|Heavy-Duty Boots|[from] move: Knock Off|[of] p2a: Zeraora
|
|upkeep
|turn|37
|
|t:|1650080232
|switch|p2a: Blissey|Blissey, F|86/100
|move|p1a: Tapu Koko|U-turn|p2a: Blissey
|-damage|p2a: Blissey|73/100
|
|t:|1650080240
|switch|p1a: Urshifu|Urshifu-Rapid-Strike, M|61/100|[from]move: U-turn
|-damage|p1a: Urshifu|55/100|[from] Stealth Rock
|
|-fieldend|move: Electric Terrain
|upkeep
|turn|38
|
|t:|1650080246
|switch|p2a: Slowbro|Slowbro, M|100/100
|move|p1a: Urshifu|U-turn|p2a: Slowbro
|-supereffective|p2a: Slowbro
|-damage|p2a: Slowbro|61/100
|-damage|p1a: Urshifu|39/100|[from] item: Rocky Helmet|[of] p2a: Slowbro
|
|t:|1650080250
|switch|p1a: Dragapult|Dragapult, M|88/100|[from]move: U-turn
|-damage|p1a: Dragapult|76/100|[from] Stealth Rock
|
|upkeep
|turn|39
|
|t:|1650080255
|switch|p2a: Blissey|Blissey, F|73/100
|move|p1a: Dragapult|Dragon Dance|p1a: Dragapult
|-boost|p1a: Dragapult|atk|1
|-boost|p1a: Dragapult|spe|1
|
|upkeep
|turn|40
|
|t:|1650080261
|move|p1a: Dragapult|Dragon Darts|p2a: Blissey
|-damage|p2a: Blissey|39/100
|-anim|p1a: Dragapult|Dragon Darts|p2a: Blissey
|-damage|p2a: Blissey|5/100
|move|p2a: Blissey|Thunder Wave|p1a: Dragapult
|-status|p1a: Dragapult|par
|-enditem|p1a: Dragapult|Lum Berry|[eat]
|-curestatus|p1a: Dragapult|par|[msg]
|
|upkeep
|turn|41
|-message|yung_iznamakin forfeited.
|
|win|Alec'sPropGun
|raw|Alec&apos;sPropGun's rating: 1691 &rarr; <strong>1709</strong><br />(+18 for winning)
|raw|yung_iznamakin's rating: 1659 &rarr; <strong>1641</strong><br />(-18 for losing)
|l|☆yung_iznamakin
|c|☆Alec'sPropGun|gg
