|html|<div class="broadcast-blue"><strong>[Gen 8] OU is currently suspecting Melmetal! For information on how to participate check out the <a href="https://www.smogon.com/forums/threads/np-ss-ou-suspect-process-round-12-monster-mash.3709234/">suspect thread</a>.</strong></div>
|j|☆BigWes95
|j|☆IIIodyne
|inactive|Battle timer is ON: inactive players will automatically lose when time's up.
|t:|1665782135
|gametype|singles
|player|p1|BigWes95|lusamine-nihilego|
|player|p2|IIIodyne|169|
|teamsize|p1|6
|teamsize|p2|6
|gen|8
|tier|[Gen 8] OU
|rated|Tournament battle
|rule|Sleep Clause Mod: Limit one foe put to sleep
|rule|Species Clause: Limit one of each Pokémon
|rule|OHKO Clause: OHKO moves are banned
|rule|Evasion Items Clause: Evasion items are banned
|rule|Evasion Moves Clause: Evasion moves are banned
|rule|Endless Battle Clause: Forcing endless battles is banned
|rule|HP Percentage Mod: HP is shown in percentages
|rule|Dynamax Clause: You cannot dynamax
|clearpoke
|poke|p1|Tapu Lele|
|poke|p1|Dragapult, F|
|poke|p1|Zapdos|
|poke|p1|Kartana|
|poke|p1|Melmetal|
|poke|p1|Landorus-Therian, M|
|poke|p2|Snorlax, M|
|poke|p2|Suicune|
|poke|p2|Melmetal|
|poke|p2|Victini|
|poke|p2|Landorus-Therian, M|
|poke|p2|Zapdos|
|teampreview
|inactive|BigWes95 also wants the timer to be on.
|c|☆IIIodyne|hf
|j| GengarAdept
|j|@Sww-Suwa
|j| Rokket2510
|j| cypherstest
|j| SkipTheDripBayless
|inactive|IIIodyne has 120 seconds left.
|j| Oh So Cynical
|c|☆BigWes95|Gl
|j| OUTD laugokenisis
|
|t:|1665782177
|start
|switch|p1a: Lando Calrissian|Landorus-Therian, M|100/100
|switch|p2a: Melmetal|Melmetal|100/100
|-ability|p1a: Lando Calrissian|Intimidate|boost
|-unboost|p2a: Melmetal|atk|1
|turn|1
|j| the tacoman
|j| testingteams888
|
|t:|1665782186
|move|p1a: Lando Calrissian|Earthquake|p2a: Melmetal
|-supereffective|p2a: Melmetal
|-damage|p2a: Melmetal|46/100
|move|p2a: Melmetal|Ice Punch|p1a: Lando Calrissian
|-supereffective|p1a: Lando Calrissian
|-damage|p1a: Lando Calrissian|7/100
|
|-heal|p1a: Lando Calrissian|13/100|[from] item: Leftovers
|upkeep
|turn|2
|
|t:|1665782192
|switch|p2a: Landorus|Landorus-Therian, M|100/100
|-ability|p2a: Landorus|Intimidate|boost
|-unboost|p1a: Lando Calrissian|atk|1
|move|p1a: Lando Calrissian|Knock Off|p2a: Landorus
|-damage|p2a: Landorus|75/100
|-enditem|p2a: Landorus|Choice Scarf|[from] move: Knock Off|[of] p1a: Lando Calrissian
|
|-heal|p1a: Lando Calrissian|19/100|[from] item: Leftovers
|upkeep
|turn|3
|
|t:|1665782196
|move|p2a: Landorus|Knock Off|p1a: Lando Calrissian
|-damage|p1a: Lando Calrissian|0 fnt
|-enditem|p1a: Lando Calrissian|Leftovers|[from] move: Knock Off|[of] p2a: Landorus
|faint|p1a: Lando Calrissian
|
|upkeep
|
|t:|1665782207
|switch|p1a: Johnny Bananas|Dragapult, F, shiny|100/100
|turn|4
|
|t:|1665782215
|move|p1a: Johnny Bananas|Draco Meteor|p2a: Landorus
|-damage|p2a: Landorus|0 fnt
|-unboost|p1a: Johnny Bananas|spa|2
|faint|p2a: Landorus
|
|upkeep
|
|t:|1665782239
|switch|p2a: Zapdos|Zapdos|100/100
|turn|5
|
|t:|1665782242
|switch|p1a: Tony Hawk|Zapdos, shiny|100/100
|move|p2a: Zapdos|Hurricane|p1a: Tony Hawk
|-resisted|p1a: Tony Hawk
|-damage|p1a: Tony Hawk|73/100
|
|upkeep
|turn|6
|
|t:|1665782248
|move|p2a: Zapdos|Volt Switch|p1a: Tony Hawk
|-damage|p1a: Tony Hawk|37/100
|
|t:|1665782255
|switch|p2a: Snorlax|Snorlax, M|100/100|[from]move: Volt Switch
|move|p1a: Tony Hawk|Volt Switch|p2a: Snorlax
|-damage|p2a: Snorlax|82/100
|
|t:|1665782260
|switch|p1a: Mia Khalifa|Tapu Lele, shiny|100/100|[from]move: Volt Switch
|-fieldstart|move: Psychic Terrain|[from] ability: Psychic Surge|[of] p1a: Mia Khalifa
|
|-heal|p2a: Snorlax|88/100|[from] item: Leftovers
|upkeep
|turn|7
|
|t:|1665782264
|switch|p2a: Victini|Victini|100/100
|move|p1a: Mia Khalifa|Psyshock|p2a: Victini
|-resisted|p2a: Victini
|-damage|p2a: Victini|53/100
|
|upkeep
|turn|8
|
|t:|1665782268
|switch|p1a: Tony Hawk|Zapdos, shiny|37/100
|move|p2a: Victini|V-create|p1a: Tony Hawk
|-damage|p1a: Tony Hawk|0 fnt
|-unboost|p2a: Victini|spe|1
|-unboost|p2a: Victini|def|1
|-unboost|p2a: Victini|spd|1
|faint|p1a: Tony Hawk
|
|upkeep
|
|t:|1665782274
|switch|p1a: Mia Khalifa|Tapu Lele, shiny|100/100
|turn|9
|l| SkipTheDripBayless
|inactive|IIIodyne has 120 seconds left.
|
|t:|1665782308
|switch|p2a: Melmetal|Melmetal|46/100
|move|p1a: Mia Khalifa|Psyshock|p2a: Melmetal
|-resisted|p2a: Melmetal
|-crit|p2a: Melmetal
|-damage|p2a: Melmetal|4/100
|
|upkeep
|turn|10
|
|t:|1665782313
|move|p1a: Mia Khalifa|Psyshock|p2a: Melmetal
|-resisted|p2a: Melmetal
|-damage|p2a: Melmetal|0 fnt
|faint|p2a: Melmetal
|
|-fieldend|move: Psychic Terrain
|upkeep
|
|t:|1665782315
|switch|p2a: Victini|Victini|53/100
|turn|11
|c| Oh So Cynical|ban lele
|c| Oh So Cynical|the real threat
|
|t:|1665782318
|switch|p1a: Johnny Bananas|Dragapult, F, shiny|100/100
|move|p2a: Victini|V-create|p1a: Johnny Bananas
|-resisted|p1a: Johnny Bananas
|-damage|p1a: Johnny Bananas|14/100
|-unboost|p2a: Victini|spe|1
|-unboost|p2a: Victini|def|1
|-unboost|p2a: Victini|spd|1
|
|upkeep
|turn|12
|
|t:|1665782323
|switch|p2a: Snorlax|Snorlax, M|88/100
|move|p1a: Johnny Bananas|Draco Meteor|p2a: Snorlax
|-damage|p2a: Snorlax|45/100
|-unboost|p1a: Johnny Bananas|spa|2
|
|-heal|p2a: Snorlax|51/100|[from] item: Leftovers
|upkeep
|turn|13
|
|t:|1665782329
|move|p1a: Johnny Bananas|Draco Meteor|p2a: Snorlax
|-damage|p2a: Snorlax|32/100
|-unboost|p1a: Johnny Bananas|spa|2
|move|p2a: Snorlax|Heat Crash|p1a: Johnny Bananas
|-resisted|p1a: Johnny Bananas
|-damage|p1a: Johnny Bananas|0 fnt
|faint|p1a: Johnny Bananas
|
|-heal|p2a: Snorlax|38/100|[from] item: Leftovers
|upkeep
|
|t:|1665782332
|switch|p1a: Mia Khalifa|Tapu Lele, shiny|100/100
|-fieldstart|move: Psychic Terrain|[from] ability: Psychic Surge|[of] p1a: Mia Khalifa
|turn|14
|
|t:|1665782345
|move|p1a: Mia Khalifa|Psyshock|p2a: Snorlax
|-damage|p2a: Snorlax|0 fnt
|faint|p2a: Snorlax
|
|upkeep
|l| OUTD laugokenisis
|
|t:|1665782347
|switch|p2a: Victini|Victini|53/100
|turn|15
|
|t:|1665782353
|switch|p1a: John Cena|Melmetal|100/100
|move|p2a: Victini|V-create|p1a: John Cena
|-supereffective|p1a: John Cena
|-damage|p1a: John Cena|0 fnt
|-unboost|p2a: Victini|spe|1
|-unboost|p2a: Victini|def|1
|-unboost|p2a: Victini|spd|1
|faint|p1a: John Cena
|
|upkeep
|
|t:|1665782354
|switch|p1a: Mia Khalifa|Tapu Lele, shiny|100/100
|turn|16
|
|t:|1665782358
|switch|p2a: Suicune|Suicune|100/100
|-ability|p2a: Suicune|Pressure
|move|p1a: Mia Khalifa|Psyshock|p2a: Suicune
|-damage|p2a: Suicune|52/100
|
|-heal|p2a: Suicune|58/100|[from] item: Leftovers
|upkeep
|turn|17
|
|t:|1665782362
|move|p1a: Mia Khalifa|Psyshock|p2a: Suicune
|-damage|p2a: Suicune|9/100
|move|p2a: Suicune|Scald|p1a: Mia Khalifa
|-damage|p1a: Mia Khalifa|74/100
|-status|p1a: Mia Khalifa|brn
|
|-heal|p2a: Suicune|15/100|[from] item: Leftovers
|-damage|p1a: Mia Khalifa|68/100 brn|[from] brn
|upkeep
|turn|18
|
|t:|1665782364
|move|p1a: Mia Khalifa|Psyshock|p2a: Suicune
|-damage|p2a: Suicune|0 fnt
|faint|p2a: Suicune
|
|-damage|p1a: Mia Khalifa|62/100 brn|[from] brn
|-fieldend|move: Psychic Terrain
|upkeep
|
|t:|1665782371
|switch|p2a: Victini|Victini|53/100
|turn|19
|
|t:|1665782373
|switch|p1a: Bret Kart|Kartana|100/100
|move|p2a: Victini|U-turn|p1a: Bret Kart
|-damage|p1a: Bret Kart|70/100
|
|t:|1665782375
|switch|p2a: Zapdos|Zapdos|100/100|[from]move: U-turn
|
|upkeep
|turn|20
|
|t:|1665782385
|move|p1a: Bret Kart|Knock Off|p2a: Zapdos
|-damage|p2a: Zapdos|57/100
|-enditem|p2a: Zapdos|Heavy-Duty Boots|[from] move: Knock Off|[of] p1a: Bret Kart
|move|p2a: Zapdos|Heat Wave|p1a: Bret Kart|[miss]
|-miss|p2a: Zapdos|p1a: Bret Kart
|
|upkeep
|turn|21
|
|t:|1665782390
|switch|p1a: Mia Khalifa|Tapu Lele, shiny|62/100 brn
|-fieldstart|move: Psychic Terrain|[from] ability: Psychic Surge|[of] p1a: Mia Khalifa
|move|p2a: Zapdos|Heat Wave|p1a: Mia Khalifa
|-damage|p1a: Mia Khalifa|24/100 brn
|
|-damage|p1a: Mia Khalifa|18/100 brn|[from] brn
|upkeep
|turn|22
|
|t:|1665782405
|switch|p2a: Victini|Victini|53/100
|move|p1a: Mia Khalifa|Thunderbolt|p2a: Victini
|-damage|p2a: Victini|2/100
|
|-damage|p1a: Mia Khalifa|12/100 brn|[from] brn
|upkeep
|turn|23
|
|t:|1665782414
|move|p2a: Victini|U-turn|p1a: Mia Khalifa
|-damage|p1a: Mia Khalifa|0 fnt
|faint|p1a: Mia Khalifa
|
|t:|1665782416
|switch|p2a: Zapdos|Zapdos|57/100|[from]move: U-turn
|
|upkeep
|j| IllegalGorilla
|
|t:|1665782418
|switch|p1a: Bret Kart|Kartana|70/100
|turn|24
|
|t:|1665782420
|move|p1a: Bret Kart|Knock Off|p2a: Zapdos
|-damage|p2a: Zapdos|29/100
|move|p2a: Zapdos|Heat Wave|p1a: Bret Kart
|-supereffective|p1a: Bret Kart
|-damage|p1a: Bret Kart|0 fnt
|faint|p1a: Bret Kart
|
|win|IIIodyne
|n|☆BigWes95|bigwes95
|n|☆IIIodyne|iiiodyne
|n| GengarAdept|gengaradept
|n| Sww-Suwa|swwsuwa
|n| Rokket2510|rokket2510
|n| cypherstest|cypherstest
|n| Oh So Cynical|ohsocynical
|n| the tacoman|thetacoman
|n| testingteams888|testingteams888
|n| IllegalGorilla|illegalgorilla
|c|☆IIIodyne|gg
|c|☆BigWes95|Gg
|j| Gentile_Man
|c|☆BigWes95|Thought that tbolt would ko tbh
|c|☆IIIodyne|maybe
|l| the tacoman
|l| cypherstest
|l| Sww-Suwa
|l| Gentile_Man
|c|☆BigWes95|Was it sp def invested?
|l| Oh So Cynical
|c|☆IIIodyne|no
|c|☆IIIodyne|but base 100 is pbulky
|c|☆IIIodyne|!showset 4
|c| IIIodyne|/raw <div class="infobox">Victini @ Choice Band  <br />Ability: Victory Star  <br />EVs: 252 Atk &#x2f; 4 SpD &#x2f; 252 Spe  <br />Jolly Nature  <br />- V-create  <br />- Bolt Strike  <br />- U-turn  <br />- Trick  <br /><br /></div>
|c|☆BigWes95|Yeah it was a mid roll
|c|☆BigWes95|Max 55.7%
|c|☆BigWes95|Gg anyway
|j| qxfn143
|l| qxfn143
|l|☆BigWes95
|l| IllegalGorilla
|l| Rokket2510
|c|☆IIIodyne|gg
|l| testingteams888
|l| GengarAdept
