|raw|<div class="broadcast-blue"><strong>This battle is required to be public due to a player having a name starting with 'lt93oq'.</div>
|j|☆tolstoy
|j|☆LT93OQ Fa
|t:|1660602859
|gametype|singles
|player|p1|tolstoy|#lax|1813
|player|p2|LT93OQ Fa|skyla-masters2|1860
|teamsize|p1|6
|teamsize|p2|6
|gen|8
|tier|[Gen 8] OU
|rated|
|rule|Sleep Clause Mod: Limit one foe put to sleep
|rule|Species Clause: Limit one of each Pokémon
|rule|OHKO Clause: OHKO moves are banned
|rule|Evasion Items Clause: Evasion items are banned
|rule|Evasion Moves Clause: Evasion moves are banned
|rule|Endless Battle Clause: Forcing endless battles is banned
|rule|HP Percentage Mod: HP is shown in percentages
|rule|Dynamax Clause: You cannot dynamax
|clearpoke
|poke|p1|Diggersby, F|
|poke|p1|Magnezone|
|poke|p1|Slowbro, M|
|poke|p1|Tornadus-Therian, M|
|poke|p1|Heatran, M|
|poke|p1|Tapu Fini|
|poke|p2|Dragapult, M|
|poke|p2|Bisharp, M|
|poke|p2|Aegislash, M|
|poke|p2|Rillaboom, M|
|poke|p2|Blaziken, M|
|poke|p2|Kartana|
|teampreview
|j| LT93OQ Black Lotus
|j| LT93OQ Ash
|inactive|Battle timer is ON: inactive players will automatically lose when time's up. (requested by tolstoy)
|
|t:|1660602886
|start
|switch|p1a: Heatran|Heatran, M|100/100
|switch|p2a: Bishop|Bisharp, M, shiny|100/100
|turn|1
|
|t:|1660602890
|move|p2a: Bishop|Stealth Rock|p1a: Heatran
|-sidestart|p1: tolstoy|move: Stealth Rock
|move|p1a: Heatran|Magma Storm|p2a: Bishop
|-supereffective|p2a: Bishop
|-enditem|p2a: Bishop|Focus Sash
|-damage|p2a: Bishop|1/100
|-activate|p2a: Bishop|move: Magma Storm|[of] p1a: Heatran
|
|-damage|p2a: Bishop|0 fnt|[from] move: Magma Storm|[partiallytrapped]
|faint|p2a: Bishop
|upkeep
|j| infinitroll
|
|t:|1660602897
|switch|p2a: Destroyer|Blaziken, M, shiny|100/100
|turn|2
|
|t:|1660602912
|switch|p1a: Slowbro|Slowbro, M|100/100
|-damage|p1a: Slowbro|88/100|[from] Stealth Rock
|move|p2a: Destroyer|Close Combat|p1a: Slowbro
|-resisted|p1a: Slowbro
|-damage|p1a: Slowbro|65/100
|-unboost|p2a: Destroyer|def|1
|-unboost|p2a: Destroyer|spd|1
|-damage|p2a: Destroyer|91/100|[from] item: Life Orb
|
|-ability|p2a: Destroyer|Speed Boost|boost
|-boost|p2a: Destroyer|spe|1
|upkeep
|turn|3
|j| Jajshehee
|
|t:|1660602919
|switch|p2a: Kong|Rillaboom, M, shiny|100/100
|-fieldstart|move: Grassy Terrain|[from] ability: Grassy Surge|[of] p2a: Kong
|move|p1a: Slowbro|Scald|p2a: Kong
|-resisted|p2a: Kong
|-damage|p2a: Kong|82/100
|
|-heal|p2a: Kong|88/100|[from] Grassy Terrain
|-heal|p1a: Slowbro|71/100|[from] Grassy Terrain
|upkeep
|turn|4
|
|t:|1660602928
|switch|p1a: Tornadus|Tornadus-Therian, M|100/100
|move|p2a: Kong|Swords Dance|p2a: Kong
|-boost|p2a: Kong|atk|2
|
|-heal|p2a: Kong|94/100|[from] Grassy Terrain
|upkeep
|turn|5
|
|t:|1660602931
|switch|p2a: Achilles|Aegislash, M, shiny|100/100
|move|p1a: Tornadus|Hurricane|p2a: Achilles
|-resisted|p2a: Achilles
|-damage|p2a: Achilles|86/100
|
|-heal|p2a: Achilles|92/100|[from] Grassy Terrain
|upkeep
|turn|6
|
|t:|1660602938
|switch|p1a: Diggersby|Diggersby, F|100/100
|-damage|p1a: Diggersby|94/100|[from] Stealth Rock
|move|p2a: Achilles|Swords Dance|p2a: Achilles
|-boost|p2a: Achilles|atk|2
|
|-heal|p1a: Diggersby|100/100|[from] Grassy Terrain
|-heal|p2a: Achilles|98/100|[from] Grassy Terrain
|upkeep
|turn|7
|l| Jajshehee
|j| iitzhatzツ
|
|t:|1660602944
|move|p1a: Diggersby|Knock Off|p2a: Achilles
|-supereffective|p2a: Achilles
|-damage|p2a: Achilles|0 fnt
|-enditem|p2a: Achilles|Weakness Policy|[from] move: Knock Off|[of] p1a: Diggersby
|faint|p2a: Achilles
|
|-fieldend|move: Grassy Terrain
|upkeep
|
|t:|1660602948
|switch|p2a: Destroyer|Blaziken, M, shiny|91/100
|turn|8
|j| lt92pf mj
|j| Mara Sattei
|j| Reigen shishou
|l| LT93OQ Ash
|
|t:|1660602967
|switch|p1a: Slowbro|Slowbro, M|100/100
|-damage|p1a: Slowbro|88/100|[from] Stealth Rock
|move|p2a: Destroyer|Swords Dance|p2a: Destroyer
|-boost|p2a: Destroyer|atk|2
|
|-ability|p2a: Destroyer|Speed Boost|boost
|-boost|p2a: Destroyer|spe|1
|upkeep
|turn|9
|
|t:|1660602972
|move|p2a: Destroyer|Flare Blitz|p1a: Slowbro
|-resisted|p1a: Slowbro
|-damage|p1a: Slowbro|40/100
|-damage|p2a: Destroyer|70/100|[from] Recoil
|-damage|p2a: Destroyer|60/100|[from] item: Life Orb
|move|p1a: Slowbro|Scald|p2a: Destroyer
|-supereffective|p2a: Destroyer
|-damage|p2a: Destroyer|0 fnt
|faint|p2a: Destroyer
|
|upkeep
|
|t:|1660602975
|switch|p2a: Kong|Rillaboom, M, shiny|94/100
|-fieldstart|move: Grassy Terrain|[from] ability: Grassy Surge|[of] p2a: Kong
|turn|10
|
|t:|1660602978
|switch|p1a: Tornadus|Tornadus-Therian, M|100/100
|move|p2a: Kong|Wood Hammer|p1a: Tornadus
|-resisted|p1a: Tornadus
|-crit|p1a: Tornadus
|-damage|p1a: Tornadus|15/100
|-damage|p2a: Kong|64/100|[from] Recoil
|-damage|p2a: Kong|54/100|[from] item: Life Orb
|
|-heal|p2a: Kong|61/100|[from] Grassy Terrain
|upkeep
|turn|11
|
|t:|1660602989
|switch|p1a: Heatran|Heatran, M|100/100
|-damage|p1a: Heatran|88/100|[from] Stealth Rock
|move|p2a: Kong|Grassy Glide|p1a: Heatran
|-resisted|p1a: Heatran
|-damage|p1a: Heatran|74/100
|-damage|p2a: Kong|51/100|[from] item: Life Orb
|
|-heal|p2a: Kong|57/100|[from] Grassy Terrain
|-heal|p1a: Heatran|80/100|[from] Grassy Terrain
|-heal|p1a: Heatran|86/100|[from] item: Leftovers
|upkeep
|turn|12
|
|t:|1660602994
|switch|p1a: Slowbro|Slowbro, M|73/100
|-damage|p1a: Slowbro|60/100|[from] Stealth Rock
|move|p2a: Kong|Superpower|p1a: Slowbro
|-resisted|p1a: Slowbro
|-damage|p1a: Slowbro|44/100
|-unboost|p2a: Kong|atk|1
|-unboost|p2a: Kong|def|1
|-damage|p2a: Kong|47/100|[from] item: Life Orb
|
|-heal|p2a: Kong|53/100|[from] Grassy Terrain
|-heal|p1a: Slowbro|50/100|[from] Grassy Terrain
|upkeep
|turn|13
|
|t:|1660602998
|switch|p2a: Leviathan|Dragapult, M, shiny|100/100
|move|p1a: Slowbro|Teleport|p1a: Slowbro
|
|t:|1660603002
|switch|p1a: Diggersby|Diggersby, F|100/100|[from]move: Teleport
|-damage|p1a: Diggersby|94/100|[from] Stealth Rock
|
|-heal|p1a: Diggersby|100/100|[from] Grassy Terrain
|upkeep
|turn|14
|
|t:|1660603006
|switch|p2a: Deathstroke|Kartana, shiny|100/100
|move|p1a: Diggersby|Knock Off|p2a: Deathstroke
|-crit|p2a: Deathstroke
|-damage|p2a: Deathstroke|0 fnt
|-enditem|p2a: Deathstroke|Choice Scarf|[from] move: Knock Off|[of] p1a: Diggersby
|faint|p2a: Deathstroke
|
|-fieldend|move: Grassy Terrain
|upkeep
|
|t:|1660603011
|switch|p2a: Kong|Rillaboom, M, shiny|53/100
|-fieldstart|move: Grassy Terrain|[from] ability: Grassy Surge|[of] p2a: Kong
|turn|15
|
|t:|1660603017
|move|p2a: Kong|Wood Hammer|p1a: Diggersby
|-supereffective|p1a: Diggersby
|-damage|p1a: Diggersby|0 fnt
|faint|p1a: Diggersby
|-damage|p2a: Kong|23/100|[from] Recoil
|-damage|p2a: Kong|13/100|[from] item: Life Orb
|
|-heal|p2a: Kong|19/100|[from] Grassy Terrain
|upkeep
|
|t:|1660603021
|switch|p1a: Tornadus|Tornadus-Therian, M|49/100
|turn|16
|
|t:|1660603024
|switch|p2a: Leviathan|Dragapult, M, shiny|100/100
|move|p1a: Tornadus|U-turn|p2a: Leviathan
|-resisted|p2a: Leviathan
|-damage|p2a: Leviathan|91/100
|
|t:|1660603032
|switch|p1a: Tapu Fini|Tapu Fini|100/100|[from]move: U-turn
|-damage|p1a: Tapu Fini|88/100|[from] Stealth Rock
|-fieldstart|move: Misty Terrain|[from] ability: Misty Surge|[of] p1a: Tapu Fini
|
|-heal|p1a: Tapu Fini|94/100|[from] item: Leftovers
|upkeep
|turn|17
|
|t:|1660603039
|move|p2a: Leviathan|Dragon Dance|p2a: Leviathan
|-boost|p2a: Leviathan|atk|1
|-boost|p2a: Leviathan|spe|1
|move|p1a: Tapu Fini|Calm Mind|p1a: Tapu Fini
|-boost|p1a: Tapu Fini|spa|1
|-boost|p1a: Tapu Fini|spd|1
|
|-heal|p1a: Tapu Fini|99/100|[from] item: Leftovers
|upkeep
|turn|18
|l| infinitroll
|
|t:|1660603047
|move|p2a: Leviathan|Phantom Force||[still]
|-prepare|p2a: Leviathan|Phantom Force
|move|p1a: Tapu Fini|Calm Mind|p1a: Tapu Fini
|-boost|p1a: Tapu Fini|spa|1
|-boost|p1a: Tapu Fini|spd|1
|
|-heal|p1a: Tapu Fini|100/100|[from] item: Leftovers
|upkeep
|turn|19
|
|t:|1660603053
|move|p2a: Leviathan|Phantom Force|p1a: Tapu Fini|[from]lockedmove
|-damage|p1a: Tapu Fini|38/100
|-damage|p2a: Leviathan|82/100|[from] item: Life Orb
|move|p1a: Tapu Fini|Draining Kiss|p2a: Leviathan
|-supereffective|p2a: Leviathan
|-damage|p2a: Leviathan|0 fnt
|-heal|p1a: Tapu Fini|94/100|[from] drain|[of] p2a: Leviathan
|faint|p2a: Leviathan
|
|-heal|p1a: Tapu Fini|99/100|[from] item: Leftovers
|upkeep
|j| Kwaga
|-message|LT93OQ Fa forfeited.
|
|win|tolstoy
|raw|tolstoy's rating: 1813 &rarr; <strong>1836</strong><br />(+23 for winning)
|raw|LT93OQ Fa's rating: 1860 &rarr; <strong>1837</strong><br />(-23 for losing)
|l|☆LT93OQ Fa
|l|☆tolstoy
|l| iitzhatzツ
|l| Mara Sattei
||Ladder isn't responding, score probably updated but might not have (Request timeout).
|l| lt92pf mj
