|j|☆greengamer12
|j|☆AnaLovelace
|t:|1662605476
|gametype|singles
|player|p1|greengamer12|266|1314
|player|p2|AnaLovelace|pokemonrangerf|1363
|teamsize|p1|6
|teamsize|p2|6
|gen|8
|tier|[Gen 8] OU
|rated|
|rule|Sleep Clause Mod: Limit one foe put to sleep
|rule|Species Clause: Limit one of each Pokémon
|rule|OHKO Clause: OHKO moves are banned
|rule|Evasion Items Clause: Evasion items are banned
|rule|Evasion Moves Clause: Evasion moves are banned
|rule|Endless Battle Clause: Forcing endless battles is banned
|rule|HP Percentage Mod: HP is shown in percentages
|rule|Dynamax Clause: You cannot dynamax
|clearpoke
|poke|p1|Ninetales-Alola, F|
|poke|p1|Hawlucha, F|
|poke|p1|Tapu Fini|
|poke|p1|Blaziken, F|
|poke|p1|Garchomp, F|
|poke|p1|Moltres-Galar|
|poke|p2|Blissey, F|
|poke|p2|Heatran, M|
|poke|p2|Toxapex, F|
|poke|p2|Zapdos|
|poke|p2|Ferrothorn, F|
|poke|p2|Quagsire, F|
|teampreview
|inactive|Battle timer is ON: inactive players will automatically lose when time's up. (requested by AnaLovelace)
|inactive|greengamer12 has 120 seconds left.
|
|t:|1662605548
|start
|switch|p1a: Garchomp|Garchomp, F|100/100
|switch|p2a: plante|Ferrothorn, F|100/100
|turn|1
|
|t:|1662605553
|move|p1a: Garchomp|Fire Fang|p2a: plante
|-supereffective|p2a: plante
|-damage|p2a: plante|45/100
|-damage|p1a: Garchomp|88/100|[from] ability: Iron Barbs|[of] p2a: plante
|-damage|p1a: Garchomp|72/100|[from] item: Rocky Helmet|[of] p2a: plante
|move|p2a: plante|Leech Seed|p1a: Garchomp
|-start|p1a: Garchomp|move: Leech Seed
|
|-heal|p1a: Garchomp|78/100|[from] item: Leftovers
|-damage|p1a: Garchomp|65/100|[from] Leech Seed|[of] p2a: plante
|-heal|p2a: plante|57/100|[silent]
|upkeep
|turn|2
|
|t:|1662605566
|switch|p1a: Moltres|Moltres-Galar|100/100
|move|p2a: plante|Protect||[still]
|-fail|p2a: plante
|
|upkeep
|turn|3
|inactive|greengamer12 has 120 seconds left.
|
|t:|1662605605
|move|p1a: Moltres|Nasty Plot|p1a: Moltres
|-boost|p1a: Moltres|spa|2
|move|p2a: plante|Leech Seed|p1a: Moltres
|-start|p1a: Moltres|move: Leech Seed
|
|-damage|p1a: Moltres|88/100|[from] Leech Seed|[of] p2a: plante
|-heal|p2a: plante|70/100|[silent]
|upkeep
|turn|4
|
|t:|1662605612
|move|p1a: Moltres|Fiery Wrath|p2a: plante
|-damage|p2a: plante|0 fnt
|faint|p2a: plante
|
|upkeep
|
|t:|1662605618
|switch|p2a: league of legends|Toxapex, F|100/100
|turn|5
|
|t:|1662605622
|move|p1a: Moltres|Fiery Wrath|p2a: league of legends
|-damage|p2a: league of legends|24/100
|move|p2a: league of legends|Toxic Spikes|p1a: Moltres
|-sidestart|p1: greengamer12|move: Toxic Spikes
|
|-heal|p2a: league of legends|30/100|[from] item: Black Sludge
|-damage|p1a: Moltres|76/100|[from] Leech Seed|[of] p2a: league of legends
|-heal|p2a: league of legends|44/100|[silent]
|upkeep
|turn|6
|
|t:|1662605626
|switch|p2a: egg|Blissey, F|100/100
|move|p1a: Moltres|Fiery Wrath|p2a: egg
|-damage|p2a: egg|71/100
|
|-heal|p2a: egg|77/100|[from] item: Leftovers
|-damage|p1a: Moltres|64/100|[from] Leech Seed|[of] p2a: egg
|-heal|p2a: egg|83/100|[silent]
|upkeep
|turn|7
|
|t:|1662605636
|switch|p1a: Tapu Fini|Tapu Fini|100/100
|-status|p1a: Tapu Fini|psn
|-fieldstart|move: Misty Terrain|[from] ability: Misty Surge|[of] p1a: Tapu Fini
|move|p2a: egg|Toxic||[still]
|-fail|p2a: egg
|
|-heal|p2a: egg|90/100|[from] item: Leftovers
|-damage|p1a: Tapu Fini|88/100 psn|[from] psn
|upkeep
|turn|8
|
|t:|1662605648
|move|p1a: Tapu Fini|Calm Mind|p1a: Tapu Fini
|-boost|p1a: Tapu Fini|spa|1
|-boost|p1a: Tapu Fini|spd|1
|move|p2a: egg|Teleport|p2a: egg
|
|t:|1662605651
|switch|p2a: league of legends|Toxapex, F|77/100|[from]move: Teleport
|
|-heal|p1a: Tapu Fini|94/100 psn|[from] item: Leftovers
|-heal|p2a: league of legends|84/100|[from] item: Black Sludge
|-damage|p1a: Tapu Fini|82/100 psn|[from] psn
|upkeep
|turn|9
|
|t:|1662605660
|move|p1a: Tapu Fini|Taunt|p2a: league of legends
|-start|p2a: league of legends|move: Taunt
|cant|p2a: league of legends|move: Taunt|Haze
|
|-heal|p1a: Tapu Fini|88/100 psn|[from] item: Leftovers
|-heal|p2a: league of legends|90/100|[from] item: Black Sludge
|-damage|p1a: Tapu Fini|75/100 psn|[from] psn
|upkeep
|turn|10
|
|t:|1662605666
|switch|p1a: Hawlucha|Hawlucha, F|100/100
|-enditem|p1a: Hawlucha|Misty Seed
|-boost|p1a: Hawlucha|spd|1|[from] item: Misty Seed
|move|p2a: league of legends|Knock Off|p1a: Hawlucha
|-resisted|p1a: Hawlucha
|-damage|p1a: Hawlucha|95/100
|
|-heal|p2a: league of legends|96/100|[from] item: Black Sludge
|upkeep
|turn|11
|
|t:|1662605676
|move|p1a: Hawlucha|Swords Dance|p1a: Hawlucha
|-boost|p1a: Hawlucha|atk|2
|move|p2a: league of legends|Scald|p1a: Hawlucha
|-damage|p1a: Hawlucha|79/100
|-status|p1a: Hawlucha|brn
|
|-heal|p2a: league of legends|100/100|[from] item: Black Sludge
|-damage|p1a: Hawlucha|73/100 brn|[from] brn
|-end|p2a: league of legends|move: Taunt
|-fieldend|Misty Terrain
|upkeep
|turn|12
|
|t:|1662605682
|switch|p2a: bjerde|Zapdos, shiny|100/100
|move|p1a: Hawlucha|Acrobatics|p2a: bjerde
|-resisted|p2a: bjerde
|-damage|p2a: bjerde|81/100
|
|-damage|p1a: Hawlucha|67/100 brn|[from] brn
|upkeep
|turn|13
|
|t:|1662605686
|move|p1a: Hawlucha|Acrobatics|p2a: bjerde
|-resisted|p2a: bjerde
|-damage|p2a: bjerde|62/100
|move|p2a: bjerde|Discharge|p1a: Hawlucha
|-supereffective|p1a: Hawlucha
|-damage|p1a: Hawlucha|0 fnt
|faint|p1a: Hawlucha
|
|upkeep
|c|☆greengamer12|damn
|c|☆greengamer12|the burn hurts
|inactive|greengamer12 has 120 seconds left.
|
|t:|1662605723
|switch|p1a: Ninetales|Ninetales-Alola, F|100/100
|-status|p1a: Ninetales|psn
|-weather|Hail|[from] ability: Snow Warning|[of] p1a: Ninetales
|turn|14
|
|t:|1662605730
|switch|p2a: bozo|Heatran, M|100/100
|-item|p2a: bozo|Air Balloon
|move|p1a: Ninetales|Hypnosis|p2a: bozo|[miss]
|-miss|p1a: Ninetales|p2a: bozo
|
|-weather|Hail|[upkeep]
|-damage|p2a: bozo|94/100|[from] Hail
|-damage|p1a: Ninetales|88/100 psn|[from] psn
|upkeep
|turn|15
|
|t:|1662605735
|move|p1a: Ninetales|Hypnosis|p2a: bozo
|-status|p2a: bozo|slp|[from] move: Hypnosis
|cant|p2a: bozo|slp
|
|-weather|Hail|[upkeep]
|-damage|p2a: bozo|88/100 slp|[from] Hail
|-damage|p1a: Ninetales|76/100 psn|[from] psn
|upkeep
|turn|16
|
|t:|1662605739
|switch|p1a: Tapu Fini|Tapu Fini|75/100 psn
|-fieldstart|move: Misty Terrain|[from] ability: Misty Surge|[of] p1a: Tapu Fini
|-curestatus|p2a: bozo|slp|[msg]
|move|p2a: bozo|Magma Storm|p1a: Tapu Fini
|-resisted|p1a: Tapu Fini
|-damage|p1a: Tapu Fini|60/100 psn
|-activate|p1a: Tapu Fini|move: Magma Storm|[of] p2a: bozo
|
|-weather|Hail|[upkeep]
|-damage|p1a: Tapu Fini|53/100 psn|[from] Hail
|-damage|p2a: bozo|82/100|[from] Hail
|-heal|p1a: Tapu Fini|60/100 psn|[from] item: Leftovers
|-damage|p1a: Tapu Fini|47/100 psn|[from] psn
|-damage|p1a: Tapu Fini|35/100 psn|[from] move: Magma Storm|[partiallytrapped]
|upkeep
|turn|17
|
|t:|1662605748
|move|p1a: Tapu Fini|Scald|p2a: bozo
|-supereffective|p2a: bozo
|-damage|p2a: bozo|49/100
|-enditem|p2a: bozo|Air Balloon
|move|p2a: bozo|Taunt|p1a: Tapu Fini
|-start|p1a: Tapu Fini|move: Taunt
|
|-weather|Hail|[upkeep]
|-damage|p1a: Tapu Fini|28/100 psn|[from] Hail
|-damage|p2a: bozo|43/100|[from] Hail
|-heal|p1a: Tapu Fini|35/100 psn|[from] item: Leftovers
|-damage|p1a: Tapu Fini|22/100 psn|[from] psn
|-damage|p1a: Tapu Fini|10/100 psn|[from] move: Magma Storm|[partiallytrapped]
|upkeep
|turn|18
|
|t:|1662605753
|switch|p2a: egg|Blissey, F|90/100
|move|p1a: Tapu Fini|Scald|p2a: egg
|-damage|p2a: egg|80/100
|
|-weather|none
|-heal|p1a: Tapu Fini|16/100 psn|[from] item: Leftovers
|-heal|p2a: egg|86/100|[from] item: Leftovers
|-damage|p1a: Tapu Fini|3/100 psn|[from] psn
|-end|p1a: Tapu Fini|Magma Storm|[partiallytrapped]|[silent]
|upkeep
|turn|19
|
|t:|1662605760
|move|p1a: Tapu Fini|Draining Kiss|p2a: egg
|-damage|p2a: egg|80/100
|-heal|p1a: Tapu Fini|12/100 psn|[from] drain|[of] p2a: egg
|move|p2a: egg|Teleport|p2a: egg
|
|t:|1662605765
|switch|p2a: frogge|Quagsire, F|100/100|[from]move: Teleport
|
|-heal|p1a: Tapu Fini|18/100 psn|[from] item: Leftovers
|-damage|p1a: Tapu Fini|5/100 psn|[from] psn
|upkeep
|turn|20
|
|t:|1662605773
|switch|p1a: Moltres|Moltres-Galar|64/100
|move|p2a: frogge|Scald|p1a: Moltres
|-crit|p1a: Moltres
|-damage|p1a: Moltres|44/100
|-ability|p1a: Moltres|Berserk|boost
|-boost|p1a: Moltres|spa|1
|
|-fieldend|Misty Terrain
|upkeep
|turn|21
|
|t:|1662605783
|switch|p2a: egg|Blissey, F|80/100
|move|p1a: Moltres|Nasty Plot|p1a: Moltres
|-boost|p1a: Moltres|spa|2
|
|-heal|p2a: egg|86/100|[from] item: Leftovers
|upkeep
|turn|22
|
|t:|1662605787
|move|p1a: Moltres|Air Slash|p2a: egg
|-damage|p2a: egg|52/100
|move|p2a: egg|Toxic|p1a: Moltres|[miss]
|-miss|p2a: egg|p1a: Moltres
|
|-heal|p2a: egg|58/100|[from] item: Leftovers
|upkeep
|turn|23
|
|t:|1662605793
|move|p1a: Moltres|Air Slash|p2a: egg
|-damage|p2a: egg|27/100
|move|p2a: egg|Soft-Boiled|p2a: egg
|-heal|p2a: egg|77/100
|
|-heal|p2a: egg|83/100|[from] item: Leftovers
|upkeep
|turn|24
|
|t:|1662605797
|move|p1a: Moltres|Air Slash|p2a: egg
|-damage|p2a: egg|52/100
|move|p2a: egg|Toxic|p1a: Moltres|[miss]
|-miss|p2a: egg|p1a: Moltres
|
|-heal|p2a: egg|59/100|[from] item: Leftovers
|upkeep
|turn|25
|
|t:|1662605803
|move|p1a: Moltres|Air Slash|p2a: egg|[miss]
|-miss|p1a: Moltres|p2a: egg
|move|p2a: egg|Soft-Boiled|p2a: egg
|-heal|p2a: egg|100/100
|
|upkeep
|turn|26
|
|t:|1662605806
|move|p1a: Moltres|Air Slash|p2a: egg
|-damage|p2a: egg|69/100
|move|p2a: egg|Toxic|p1a: Moltres
|-status|p1a: Moltres|tox
|
|-heal|p2a: egg|75/100|[from] item: Leftovers
|-damage|p1a: Moltres|38/100 tox|[from] psn
|upkeep
|turn|27
|
|t:|1662605810
|move|p1a: Moltres|Nasty Plot|p1a: Moltres
|-boost|p1a: Moltres|spa|2
|move|p2a: egg|Seismic Toss|p1a: Moltres
|-damage|p1a: Moltres|10/100 tox
|
|-heal|p2a: egg|82/100|[from] item: Leftovers
|-damage|p1a: Moltres|0 fnt|[from] psn
|faint|p1a: Moltres
|upkeep
|-message|greengamer12 forfeited.
|
|win|AnaLovelace
|raw|greengamer12's rating: 1314 &rarr; <strong>1297</strong><br />(-17 for losing)
|raw|AnaLovelace's rating: 1363 &rarr; <strong>1380</strong><br />(+17 for winning)
|l|☆greengamer12
