|j|☆HaveniteRaven
|j|☆gotsnsd
|t:|1664876707
|gametype|singles
|player|p1|HaveniteRaven|doctor|1661
|player|p2|gotsnsd|beauty-gen2jp|1697
|teamsize|p1|6
|teamsize|p2|6
|gen|8
|tier|[Gen 8] OU
|rated|
|rule|Sleep Clause Mod: Limit one foe put to sleep
|rule|Species Clause: Limit one of each Pokémon
|rule|OHKO Clause: OHKO moves are banned
|rule|Evasion Items Clause: Evasion items are banned
|rule|Evasion Moves Clause: Evasion moves are banned
|rule|Endless Battle Clause: Forcing endless battles is banned
|rule|HP Percentage Mod: HP is shown in percentages
|rule|Dynamax Clause: You cannot dynamax
|clearpoke
|poke|p1|Blaziken, M|
|poke|p1|Zapdos|
|poke|p1|Kommo-o, M|
|poke|p1|Tapu Fini|
|poke|p1|Grimmsnarl, M|
|poke|p1|Necrozma|
|poke|p2|Melmetal|
|poke|p2|Blacephalon|
|poke|p2|Tapu Fini|
|poke|p2|Tornadus-Therian, M|
|poke|p2|Landorus-Therian, M|
|poke|p2|Kommo-o, M|
|teampreview
|
|t:|1664876712
|start
|switch|p1a: Grimmsnarl|Grimmsnarl, M, shiny|100/100
|switch|p2a: Tornadus|Tornadus-Therian, M|100/100
|turn|1
|
|t:|1664876719
|switch|p2a: Tapu Fini|Tapu Fini|100/100
|-fieldstart|move: Misty Terrain|[from] ability: Misty Surge|[of] p2a: Tapu Fini
|switch|p1a: Zapdos|Zapdos|100/100
|
|upkeep
|turn|2
|j| zhuzi
|
|t:|1664876738
|move|p1a: Zapdos|Discharge|p2a: Tapu Fini
|-supereffective|p2a: Tapu Fini
|-damage|p2a: Tapu Fini|58/100
|move|p2a: Tapu Fini|Substitute|p2a: Tapu Fini
|-start|p2a: Tapu Fini|Substitute
|-damage|p2a: Tapu Fini|33/100
|
|-heal|p2a: Tapu Fini|40/100|[from] item: Leftovers
|upkeep
|turn|3
|
|t:|1664876746
|move|p1a: Zapdos|Discharge|p2a: Tapu Fini
|-supereffective|p2a: Tapu Fini
|-end|p2a: Tapu Fini|Substitute
|move|p2a: Tapu Fini|Calm Mind|p2a: Tapu Fini
|-boost|p2a: Tapu Fini|spa|1
|-boost|p2a: Tapu Fini|spd|1
|
|-heal|p2a: Tapu Fini|46/100|[from] item: Leftovers
|upkeep
|turn|4
|c|☆HaveniteRaven|lol
|c|☆HaveniteRaven|sub on zap
|
|t:|1664876755
|move|p1a: Zapdos|Discharge|p2a: Tapu Fini
|-supereffective|p2a: Tapu Fini
|-damage|p2a: Tapu Fini|18/100
|move|p2a: Tapu Fini|Draining Kiss|p1a: Zapdos
|-damage|p1a: Zapdos|75/100
|-heal|p2a: Tapu Fini|39/100|[from] drain|[of] p1a: Zapdos
|-damage|p2a: Tapu Fini|22/100|[from] item: Rocky Helmet|[of] p1a: Zapdos
|
|-heal|p2a: Tapu Fini|28/100|[from] item: Leftovers
|upkeep
|turn|5
|
|t:|1664876765
|switch|p2a: Landorus|Landorus-Therian, M|100/100
|-ability|p2a: Landorus|Intimidate|boost
|-unboost|p1a: Zapdos|atk|1
|move|p1a: Zapdos|Discharge|p2a: Landorus
|-immune|p2a: Landorus
|
|-fieldend|Misty Terrain
|upkeep
|turn|6
|
|t:|1664876781
|switch|p2a: Tapu Fini|Tapu Fini|28/100
|-fieldstart|move: Misty Terrain|[from] ability: Misty Surge|[of] p2a: Tapu Fini
|switch|p1a: Tapu Fini|Tapu Fini, shiny|100/100
|
|-heal|p2a: Tapu Fini|35/100|[from] item: Leftovers
|upkeep
|turn|7
|
|t:|1664876790
|switch|p2a: Tornadus|Tornadus-Therian, M|100/100
|move|p1a: Tapu Fini|Calm Mind|p1a: Tapu Fini
|-boost|p1a: Tapu Fini|spa|1
|-boost|p1a: Tapu Fini|spd|1
|
|upkeep
|turn|8
|
|t:|1664876795
|move|p2a: Tornadus|Taunt|p1a: Tapu Fini
|-start|p1a: Tapu Fini|move: Taunt
|cant|p1a: Tapu Fini|move: Taunt|Calm Mind
|
|upkeep
|turn|9
|
|t:|1664876802
|move|p2a: Tornadus|Knock Off|p1a: Tapu Fini
|-resisted|p1a: Tapu Fini
|-damage|p1a: Tapu Fini|93/100
|-enditem|p1a: Tapu Fini|Leftovers|[from] move: Knock Off|[of] p2a: Tornadus
|move|p1a: Tapu Fini|Ice Beam|p2a: Tornadus
|-supereffective|p2a: Tornadus
|-damage|p2a: Tornadus|39/100
|
|upkeep
|turn|10
|
|t:|1664876810
|switch|p2a: Melmetal|Melmetal|100/100
|move|p1a: Tapu Fini|Scald|p2a: Melmetal
|-damage|p2a: Melmetal|52/100
|
|-end|p1a: Tapu Fini|move: Taunt
|-fieldend|Misty Terrain
|upkeep
|turn|11
|
|t:|1664876818
|switch|p1a: Zapdos|Zapdos|75/100
|move|p2a: Melmetal|Thunder Punch|p1a: Zapdos
|-damage|p1a: Zapdos|51/100
|
|upkeep
|turn|12
|
|t:|1664876825
|switch|p2a: Landorus|Landorus-Therian, M|100/100
|-ability|p2a: Landorus|Intimidate|boost
|-unboost|p1a: Zapdos|atk|1
|move|p1a: Zapdos|Roost|p1a: Zapdos
|-heal|p1a: Zapdos|100/100
|-singleturn|p1a: Zapdos|move: Roost
|
|upkeep
|turn|13
|
|t:|1664876833
|move|p2a: Landorus|Swords Dance|p2a: Landorus
|-boost|p2a: Landorus|atk|2
|move|p1a: Zapdos|Hurricane|p2a: Landorus
|-damage|p2a: Landorus|48/100
|-start|p2a: Landorus|confusion
|
|-heal|p2a: Landorus|54/100|[from] item: Leftovers
|upkeep
|turn|14
|
|t:|1664876841
|-activate|p2a: Landorus|confusion
|move|p2a: Landorus|Stone Edge|p1a: Zapdos
|-supereffective|p1a: Zapdos
|-damage|p1a: Zapdos|10/100
|move|p1a: Zapdos|Hurricane|p2a: Landorus
|-damage|p2a: Landorus|5/100
|
|-heal|p2a: Landorus|11/100|[from] item: Leftovers
|upkeep
|turn|15
|
|t:|1664876849
|switch|p2a: Blacephalon|Blacephalon|100/100
|move|p1a: Zapdos|Heat Wave|p2a: Blacephalon
|-resisted|p2a: Blacephalon
|-damage|p2a: Blacephalon|79/100
|
|upkeep
|turn|16
|
|t:|1664876857
|switch|p1a: Grimmsnarl|Grimmsnarl, M, shiny|100/100
|move|p2a: Blacephalon|Flamethrower|p1a: Grimmsnarl
|-damage|p1a: Grimmsnarl|12/100
|
|upkeep
|turn|17
|
|t:|1664876891
|switch|p2a: Tapu Fini|Tapu Fini|35/100
|-fieldstart|move: Misty Terrain|[from] ability: Misty Surge|[of] p2a: Tapu Fini
|move|p1a: Grimmsnarl|Sucker Punch||[still]
|-fail|p1a: Grimmsnarl
|
|-heal|p2a: Tapu Fini|41/100|[from] item: Leftovers
|upkeep
|turn|18
|
|t:|1664876898
|move|p1a: Grimmsnarl|Light Screen|p1a: Grimmsnarl
|-sidestart|p1: HaveniteRaven|move: Light Screen
|move|p2a: Tapu Fini|Draining Kiss|p1a: Grimmsnarl
|-supereffective|p1a: Grimmsnarl
|-damage|p1a: Grimmsnarl|0 fnt
|-heal|p2a: Tapu Fini|49/100|[from] drain|[of] p1a: Grimmsnarl
|faint|p1a: Grimmsnarl
|
|-heal|p2a: Tapu Fini|55/100|[from] item: Leftovers
|upkeep
|
|t:|1664876911
|switch|p1a: Zapdos|Zapdos|10/100
|turn|19
|
|t:|1664876927
|switch|p2a: Landorus|Landorus-Therian, M|11/100
|-ability|p2a: Landorus|Intimidate|boost
|-unboost|p1a: Zapdos|atk|1
|move|p1a: Zapdos|Roost|p1a: Zapdos
|-heal|p1a: Zapdos|60/100
|-singleturn|p1a: Zapdos|move: Roost
|
|-heal|p2a: Landorus|17/100|[from] item: Leftovers
|upkeep
|turn|20
|
|t:|1664876937
|move|p2a: Landorus|Stone Edge|p1a: Zapdos|[miss]
|-miss|p2a: Landorus|p1a: Zapdos
|move|p1a: Zapdos|Roost|p1a: Zapdos
|-heal|p1a: Zapdos|100/100
|-singleturn|p1a: Zapdos|move: Roost
|
|-heal|p2a: Landorus|23/100|[from] item: Leftovers
|upkeep
|turn|21
|
|t:|1664876961
|move|p2a: Landorus|Stone Edge|p1a: Zapdos
|-supereffective|p1a: Zapdos
|-damage|p1a: Zapdos|55/100
|move|p1a: Zapdos|Hurricane|p2a: Landorus|[miss]
|-miss|p1a: Zapdos|p2a: Landorus
|
|-heal|p2a: Landorus|29/100|[from] item: Leftovers
|-fieldend|Misty Terrain
|upkeep
|turn|22
|
|t:|1664876974
|switch|p2a: Blacephalon|Blacephalon|79/100
|move|p1a: Zapdos|Roost|p1a: Zapdos
|-heal|p1a: Zapdos|100/100
|-singleturn|p1a: Zapdos|move: Roost
|
|upkeep
|turn|23
|
|t:|1664876984
|move|p2a: Blacephalon|Overheat|p1a: Zapdos
|-damage|p1a: Zapdos|49/100
|-unboost|p2a: Blacephalon|spa|2
|move|p1a: Zapdos|Discharge|p2a: Blacephalon
|-damage|p2a: Blacephalon|22/100
|
|upkeep
|turn|24
|
|t:|1664876992
|switch|p2a: Landorus|Landorus-Therian, M|29/100
|-ability|p2a: Landorus|Intimidate|boost
|-unboost|p1a: Zapdos|atk|1
|move|p1a: Zapdos|Roost|p1a: Zapdos
|-heal|p1a: Zapdos|99/100
|-singleturn|p1a: Zapdos|move: Roost
|
|-heal|p2a: Landorus|35/100|[from] item: Leftovers
|upkeep
|turn|25
|
|t:|1664877003
|move|p2a: Landorus|Stone Edge|p1a: Zapdos
|-supereffective|p1a: Zapdos
|-damage|p1a: Zapdos|48/100
|move|p1a: Zapdos|Hurricane|p2a: Landorus
|-damage|p2a: Landorus|0 fnt
|faint|p2a: Landorus
|
|-sideend|p1: HaveniteRaven|move: Light Screen
|upkeep
|
|t:|1664877007
|switch|p2a: Blacephalon|Blacephalon|22/100
|turn|26
|
|t:|1664877017
|move|p2a: Blacephalon|Flamethrower|p1a: Zapdos
|-damage|p1a: Zapdos|0 fnt
|faint|p1a: Zapdos
|-ability|p2a: Blacephalon|Beast Boost|boost
|-boost|p2a: Blacephalon|spa|1
|
|upkeep
|
|t:|1664877026
|switch|p1a: Tapu Fini|Tapu Fini, shiny|93/100
|-fieldstart|move: Misty Terrain|[from] ability: Misty Surge|[of] p1a: Tapu Fini
|turn|27
|
|t:|1664877030
|switch|p2a: Melmetal|Melmetal|52/100
|move|p1a: Tapu Fini|Calm Mind|p1a: Tapu Fini
|-boost|p1a: Tapu Fini|spa|1
|-boost|p1a: Tapu Fini|spd|1
|
|upkeep
|turn|28
|
|t:|1664877038
|move|p1a: Tapu Fini|Scald|p2a: Melmetal
|-damage|p2a: Melmetal|10/100
|move|p2a: Melmetal|Thunder Punch|p1a: Tapu Fini
|-supereffective|p1a: Tapu Fini
|-damage|p1a: Tapu Fini|33/100
|
|upkeep
|turn|29
|
|t:|1664877045
|move|p1a: Tapu Fini|Draining Kiss|p2a: Melmetal
|-resisted|p2a: Melmetal
|-damage|p2a: Melmetal|0 fnt
|-heal|p1a: Tapu Fini|44/100|[from] drain|[of] p2a: Melmetal
|faint|p2a: Melmetal
|
|upkeep
|
|t:|1664877056
|switch|p2a: Blacephalon|Blacephalon|22/100
|turn|30
|
|t:|1664877060
|move|p2a: Blacephalon|Shadow Ball|p1a: Tapu Fini
|-damage|p1a: Tapu Fini|0 fnt
|faint|p1a: Tapu Fini
|-ability|p2a: Blacephalon|Beast Boost|boost
|-boost|p2a: Blacephalon|spa|1
|
|upkeep
|
|t:|1664877067
|switch|p1a: Kommo-o|Kommo-o, M, shiny|100/100
|turn|31
|
|t:|1664877073
|switch|p2a: Tornadus|Tornadus-Therian, M|72/100
|move|p1a: Kommo-o|Dragon Dance|p1a: Kommo-o
|-boost|p1a: Kommo-o|atk|1
|-boost|p1a: Kommo-o|spe|1
|
|-fieldend|Misty Terrain
|upkeep
|turn|32
|
|t:|1664877080
|move|p1a: Kommo-o|Dragon Dance|p1a: Kommo-o
|-boost|p1a: Kommo-o|atk|1
|-boost|p1a: Kommo-o|spe|1
|move|p2a: Tornadus|Hurricane|p1a: Kommo-o
|-supereffective|p1a: Kommo-o
|-damage|p1a: Kommo-o|5/100
|-enditem|p1a: Kommo-o|Weakness Policy
|-boost|p1a: Kommo-o|atk|2|[from] item: Weakness Policy
|-boost|p1a: Kommo-o|spa|2|[from] item: Weakness Policy
|
|upkeep
|turn|33
|
|t:|1664877090
|switch|p2a: Kommo-o|Kommo-o, M|100/100
|move|p1a: Kommo-o|Poison Jab|p2a: Kommo-o
|-damage|p2a: Kommo-o|51/100
|-status|p2a: Kommo-o|psn
|-damage|p1a: Kommo-o|0 fnt|[from] item: Rocky Helmet|[of] p2a: Kommo-o
|faint|p1a: Kommo-o
|
|-damage|p2a: Kommo-o|38/100 psn|[from] psn
|upkeep
|inactive|Battle timer is ON: inactive players will automatically lose when time's up. (requested by gotsnsd)
|
|t:|1664877105
|switch|p1a: Blaziken|Blaziken, M, shiny|100/100
|turn|34
|
|t:|1664877110
|move|p1a: Blaziken|Swords Dance|p1a: Blaziken
|-boost|p1a: Blaziken|atk|2
|move|p2a: Kommo-o|Earthquake|p1a: Blaziken
|-supereffective|p1a: Blaziken
|-damage|p1a: Blaziken|23/100
|
|-damage|p2a: Kommo-o|26/100 psn|[from] psn
|-ability|p1a: Blaziken|Speed Boost|boost
|-boost|p1a: Blaziken|spe|1
|upkeep
|turn|35
|
|t:|1664877119
|move|p1a: Blaziken|Knock Off|p2a: Kommo-o
|-resisted|p2a: Kommo-o
|-damage|p2a: Kommo-o|0 fnt
|-damage|p1a: Blaziken|7/100|[from] item: Rocky Helmet|[of] p2a: Kommo-o
|-enditem|p2a: Kommo-o|Rocky Helmet|[from] move: Knock Off|[of] p1a: Blaziken
|faint|p2a: Kommo-o
|-damage|p1a: Blaziken|0 fnt|[from] item: Life Orb
|faint|p1a: Blaziken
|
|upkeep
|
|t:|1664877132
|switch|p1a: Necrozma|Necrozma, shiny|100/100
|switch|p2a: Tornadus|Tornadus-Therian, M|100/100
|turn|36
|
|t:|1664877137
|move|p2a: Tornadus|Taunt|p1a: Necrozma
|-start|p1a: Necrozma|move: Taunt
|cant|p1a: Necrozma|move: Taunt|Dragon Dance
|
|upkeep
|turn|37
|
|t:|1664877141
|move|p2a: Tornadus|Hurricane|p1a: Necrozma
|-damage|p1a: Necrozma|55/100
|move|p1a: Necrozma|Knock Off|p2a: Tornadus
|-damage|p2a: Tornadus|65/100
|-enditem|p2a: Tornadus|Heavy-Duty Boots|[from] move: Knock Off|[of] p1a: Necrozma
|
|upkeep
|turn|38
|
|t:|1664877148
|move|p2a: Tornadus|Hurricane|p1a: Necrozma|[miss]
|-miss|p2a: Tornadus|p1a: Necrozma
|move|p1a: Necrozma|Photon Geyser|p2a: Tornadus
|-damage|p2a: Tornadus|9/100
|
|-end|p1a: Necrozma|move: Taunt
|upkeep
|turn|39
|
|t:|1664877157
|move|p2a: Tornadus|Taunt|p1a: Necrozma
|-start|p1a: Necrozma|move: Taunt
|move|p1a: Necrozma|Knock Off|p2a: Tornadus
|-damage|p2a: Tornadus|0 fnt
|faint|p2a: Tornadus
|
|upkeep
|
|t:|1664877160
|switch|p2a: Blacephalon|Blacephalon|22/100
|turn|40
|
|t:|1664877182
|move|p2a: Blacephalon|Flamethrower|p1a: Necrozma
|-damage|p1a: Necrozma|0 fnt
|faint|p1a: Necrozma
|
|win|gotsnsd
|raw|HaveniteRaven's rating: 1661 &rarr; <strong>1643</strong><br />(-18 for losing)
|raw|gotsnsd's rating: 1697 &rarr; <strong>1715</strong><br />(+18 for winning)
|l|☆HaveniteRaven
||Ladder isn't responding, score probably updated but might not have (Request timeout).
|l| zhuzi
