|j|☆A
|j|☆prajtav
|player|p1|A|clemont|1634
|player|p2|prajtav|skier|1701
|teamsize|p1|6
|teamsize|p2|6
|gametype|singles
|gen|8
|tier|[Gen 8] OU
|rated|
|clearpoke
|poke|p1|Aegislash, M|
|poke|p1|Toxapex, M|
|poke|p1|Jirachi|
|poke|p1|Rillaboom, M|
|poke|p1|Togekiss, M|
|poke|p1|Arcanine, F|
|poke|p2|Cinderace, F|
|poke|p2|Clefable, M|
|poke|p2|Toxapex, F|
|poke|p2|Corviknight, M|
|poke|p2|Kommo-o, F|
|poke|p2|Hatterene, F|
|rule|Sleep Clause Mod: Limit one foe put to sleep
|rule|Species Clause: Limit one of each Pokémon
|rule|OHKO Clause: OHKO moves are banned
|rule|Evasion Moves Clause: Evasion moves are banned
|rule|Endless Battle Clause: Forcing endless battles is banned
|rule|HP Percentage Mod: HP is shown in percentages
|rule|Dynamax Clause: You cannot dynamax
|teampreview
|inactive|Battle timer is ON: inactive players will automatically lose when time's up. (requested by prajtav)
|
|start
|switch|p1a: cool laddy|Jirachi, shiny|100/100
|switch|p2a: Toxapex|Toxapex, F|100/100
|turn|1
|
|move|p1a: cool laddy|Trick|p2a: Toxapex
|-activate|p1a: cool laddy|move: Trick|[of] p2a: Toxapex
|-item|p2a: Toxapex|Choice Scarf|[from] move: Trick
|-item|p1a: cool laddy|Black Sludge|[from] move: Trick
|move|p2a: Toxapex|Knock Off|p1a: cool laddy
|-supereffective|p1a: cool laddy
|-damage|p1a: cool laddy|74/100
|-enditem|p1a: cool laddy|Black Sludge|[from] move: Knock Off|[of] p2a: Toxapex
|
|upkeep
|turn|2
|
|move|p1a: cool laddy|Stealth Rock|p2a: Toxapex
|-sidestart|p2: prajtav|move: Stealth Rock
|move|p2a: Toxapex|Knock Off|p1a: cool laddy
|-supereffective|p1a: cool laddy
|-damage|p1a: cool laddy|55/100
|
|upkeep
|turn|3
|
|move|p1a: cool laddy|U-turn|p2a: Toxapex
|-resisted|p2a: Toxapex
|-damage|p2a: Toxapex|95/100
|
|switch|p1a: lamer than me|Toxapex, M|100/100|[from]move: U-turn
|move|p2a: Toxapex|Knock Off|p1a: lamer than me
|-damage|p1a: lamer than me|91/100
|-enditem|p1a: lamer than me|Black Sludge|[from] move: Knock Off|[of] p2a: Toxapex
|
|upkeep
|turn|4
|
|switch|p2a: Clefable|Clefable, M|100/100
|move|p1a: lamer than me|Scald|p2a: Clefable
|-damage|p2a: Clefable|88/100
|
|-heal|p2a: Clefable|94/100|[from] item: Leftovers
|upkeep
|turn|5
|
|switch|p1a: mr gamer man|Rillaboom, M, shiny|100/100
|-fieldstart|move: Grassy Terrain|[from] ability: Grassy Surge|[of] p1a: mr gamer man
|move|p2a: Clefable|Teleport|p2a: Clefable
|
|switch|p2a: Corviknight|Corviknight, M|100/100|[from]move: Teleport
|-damage|p2a: Corviknight|88/100|[from] Stealth Rock
|-ability|p2a: Corviknight|Pressure
|
|-heal|p2a: Corviknight|94/100|[from] item: Leftovers
|upkeep
|turn|6
|
|move|p1a: mr gamer man|Swords Dance|p1a: mr gamer man
|-boost|p1a: mr gamer man|atk|2
|move|p2a: Corviknight|Defog|p1a: mr gamer man
|-unboost|p1a: mr gamer man|evasion|1
|-sideend|p2: prajtav|Stealth Rock|[from] move: Defog|[of] p2a: Corviknight
|-fieldend|move: Grassy Terrain
|
|-heal|p2a: Corviknight|100/100|[from] item: Leftovers
|upkeep
|turn|7
|
|move|p1a: mr gamer man|Knock Off|p2a: Corviknight
|-damage|p2a: Corviknight|58/100
|-enditem|p2a: Corviknight|Leftovers|[from] move: Knock Off|[of] p1a: mr gamer man
|move|p2a: Corviknight|Brave Bird|p1a: mr gamer man
|-supereffective|p1a: mr gamer man
|-damage|p1a: mr gamer man|32/100
|-damage|p2a: Corviknight|37/100|[from] Recoil
|
|-heal|p1a: mr gamer man|38/100|[from] item: Leftovers
|upkeep
|turn|8
|
|switch|p2a: Kommo-o|Kommo-o, F|100/100
|move|p1a: mr gamer man|Drain Punch|p2a: Kommo-o
|-damage|p2a: Kommo-o|69/100
|-heal|p1a: mr gamer man|54/100|[from] drain|[of] p2a: Kommo-o
|
|-heal|p1a: mr gamer man|60/100|[from] item: Leftovers
|-heal|p2a: Kommo-o|75/100|[from] item: Leftovers
|upkeep
|turn|9
|
|move|p1a: mr gamer man|Drain Punch|p2a: Kommo-o
|-damage|p2a: Kommo-o|40/100
|-heal|p1a: mr gamer man|77/100|[from] drain|[of] p2a: Kommo-o
|move|p2a: Kommo-o|Iron Defense|p2a: Kommo-o
|-boost|p2a: Kommo-o|def|2
|
|-heal|p1a: mr gamer man|83/100|[from] item: Leftovers
|-heal|p2a: Kommo-o|46/100|[from] item: Leftovers
|upkeep
|turn|10
|
|switch|p1a: lamer than me|Toxapex, M|100/100
|move|p2a: Kommo-o|Body Press|p1a: lamer than me
|-resisted|p1a: lamer than me
|-damage|p1a: lamer than me|74/100
|
|-heal|p2a: Kommo-o|52/100|[from] item: Leftovers
|upkeep
|turn|11
|
|move|p2a: Kommo-o|Stealth Rock|p1a: lamer than me
|-sidestart|p1: A|move: Stealth Rock
|move|p1a: lamer than me|Scald|p2a: Kommo-o
|-resisted|p2a: Kommo-o
|-damage|p2a: Kommo-o|45/100
|-status|p2a: Kommo-o|brn
|
|-heal|p2a: Kommo-o|51/100 brn|[from] item: Leftovers
|-damage|p2a: Kommo-o|45/100 brn|[from] brn
|upkeep
|turn|12
|
|switch|p2a: Corviknight|Corviknight, M|37/100
|-ability|p2a: Corviknight|Pressure
|switch|p1a: cool laddy|Jirachi, shiny|55/100
|-damage|p1a: cool laddy|49/100|[from] Stealth Rock
|
|upkeep
|turn|13
|
|switch|p2a: Hatterene|Hatterene, F|100/100
|move|p1a: cool laddy|Stealth Rock|p2a: Hatterene
|move|p2a: Hatterene|Stealth Rock||[from]Magic Bounce|[still]
|-fail|p2a: Hatterene
|
|upkeep
|turn|14
|
|move|p1a: cool laddy|Stealth Rock|p2a: Hatterene
|move|p2a: Hatterene|Stealth Rock||[from]Magic Bounce|[still]
|-fail|p2a: Hatterene
|move|p2a: Hatterene|Mystical Fire|p1a: cool laddy
|-supereffective|p1a: cool laddy
|-damage|p1a: cool laddy|6/100
|-unboost|p1a: cool laddy|spa|1
|
|upkeep
|turn|15
|
|switch|p2a: Cinderace|Cinderace, F|100/100
|move|p1a: cool laddy|Stealth Rock|p2a: Cinderace
|-sidestart|p2: prajtav|move: Stealth Rock
|
|upkeep
|turn|16
|
|switch|p1a: lamer than me|Toxapex, M|100/100
|-damage|p1a: lamer than me|88/100|[from] Stealth Rock
|move|p2a: Cinderace|Bulk Up|p2a: Cinderace
|-start|p2a: Cinderace|typechange|Fighting|[from] ability: Libero
|-boost|p2a: Cinderace|atk|1
|-boost|p2a: Cinderace|def|1
|
|upkeep
|turn|17
|
|move|p1a: lamer than me|Baneful Bunker|p1a: lamer than me
|-singleturn|p1a: lamer than me|move: Protect
|move|p2a: Cinderace|Zen Headbutt|p1a: lamer than me
|-start|p2a: Cinderace|typechange|Psychic|[from] ability: Libero
|-activate|p1a: lamer than me|move: Protect
|-status|p2a: Cinderace|psn
|
|-damage|p2a: Cinderace|88/100 psn|[from] psn
|upkeep
|turn|18
|
|switch|p1a: gamer girl|Arcanine, F, shiny|100/100
|-ability|p1a: gamer girl|Intimidate|boost
|-unboost|p2a: Cinderace|atk|1
|move|p2a: Cinderace|Zen Headbutt|p1a: gamer girl
|-damage|p1a: gamer girl|69/100
|
|-damage|p2a: Cinderace|75/100 psn|[from] psn
|upkeep
|turn|19
|
|switch|p2a: Toxapex|Toxapex, F|100/100
|-damage|p2a: Toxapex|88/100|[from] Stealth Rock
|switch|p1a: lamer than me|Toxapex, M|100/100
|-damage|p1a: lamer than me|88/100|[from] Stealth Rock
|
|upkeep
|turn|20
|
|switch|p2a: Clefable|Clefable, M|94/100
|move|p1a: lamer than me|Recover|p1a: lamer than me
|-heal|p1a: lamer than me|100/100
|
|-heal|p2a: Clefable|100/100|[from] item: Leftovers
|upkeep
|turn|21
|
|switch|p1a: mr gamer man|Rillaboom, M, shiny|83/100
|-damage|p1a: mr gamer man|70/100|[from] Stealth Rock
|-fieldstart|move: Grassy Terrain|[from] ability: Grassy Surge|[of] p1a: mr gamer man
|move|p2a: Clefable|Wish|p2a: Clefable
|
|-heal|p1a: mr gamer man|77/100|[from] item: Leftovers
|-heal|p1a: mr gamer man|83/100|[from] Grassy Terrain
|upkeep
|turn|22
|
|switch|p2a: Corviknight|Corviknight, M|37/100
|-damage|p2a: Corviknight|25/100|[from] Stealth Rock
|-ability|p2a: Corviknight|Pressure
|move|p1a: mr gamer man|Swords Dance|p1a: mr gamer man
|-boost|p1a: mr gamer man|atk|2
|
|-heal|p2a: Corviknight|74/100|[from] move: Wish|[wisher] Clefable
|-heal|p1a: mr gamer man|89/100|[from] item: Leftovers
|-heal|p1a: mr gamer man|95/100|[from] Grassy Terrain
|upkeep
|turn|23
|
|switch|p2a: Kommo-o|Kommo-o, F|45/100 brn
|-damage|p2a: Kommo-o|39/100 brn|[from] Stealth Rock
|move|p1a: mr gamer man|Swords Dance|p1a: mr gamer man
|-boost|p1a: mr gamer man|atk|2
|
|-heal|p1a: mr gamer man|100/100|[from] item: Leftovers
|-heal|p2a: Kommo-o|45/100 brn|[from] item: Leftovers
|-heal|p2a: Kommo-o|51/100 brn|[from] Grassy Terrain
|-damage|p2a: Kommo-o|45/100 brn|[from] brn
|upkeep
|turn|24
|
|move|p1a: mr gamer man|Drum Beating|p2a: Kommo-o
|-resisted|p2a: Kommo-o
|-damage|p2a: Kommo-o|0 fnt
|faint|p2a: Kommo-o
|
|upkeep
|
|switch|p2a: Cinderace|Cinderace, F|75/100 psn
|turn|25
|
|switch|p1a: gamer girl|Arcanine, F, shiny|69/100
|-ability|p1a: gamer girl|Intimidate|boost
|-unboost|p2a: Cinderace|atk|1
|move|p2a: Cinderace|Pyro Ball|p1a: gamer girl
|-resisted|p1a: gamer girl
|-damage|p1a: gamer girl|54/100
|
|-heal|p2a: Cinderace|82/100 psn|[from] Grassy Terrain
|-heal|p1a: gamer girl|60/100|[from] Grassy Terrain
|-fieldend|move: Grassy Terrain
|-damage|p2a: Cinderace|69/100 psn|[from] psn
|upkeep
|turn|26
|
|switch|p2a: Toxapex|Toxapex, F|100/100
|-damage|p2a: Toxapex|88/100|[from] Stealth Rock
|move|p1a: gamer girl|Morning Sun|p1a: gamer girl
|-heal|p1a: gamer girl|100/100
|
|upkeep
|turn|27
|
|switch|p1a: lamer than me|Toxapex, M|100/100
|-damage|p1a: lamer than me|88/100|[from] Stealth Rock
|switch|p2a: Hatterene|Hatterene, F|100/100
|-damage|p2a: Hatterene|88/100|[from] Stealth Rock
|
|-heal|p2a: Hatterene|94/100|[from] item: Leftovers
|upkeep
|turn|28
|
|switch|p1a: cool laddy|Jirachi, shiny|6/100
|-damage|p1a: cool laddy|0 fnt|[from] Stealth Rock
|faint|p1a: cool laddy
|move|p2a: Hatterene|Calm Mind|p2a: Hatterene
|-boost|p2a: Hatterene|spa|1
|-boost|p2a: Hatterene|spd|1
|
|-heal|p2a: Hatterene|99/100|[from] item: Leftovers
|upkeep
|
|switch|p1a: HIM|Aegislash, M, shiny|100/100
|-damage|p1a: HIM|94/100|[from] Stealth Rock
|turn|29
|
|switch|p2a: Toxapex|Toxapex, F|100/100
|-damage|p2a: Toxapex|88/100|[from] Stealth Rock
|-formechange|p1a: HIM|Aegislash-Blade||[from] ability: Stance Change
|move|p1a: HIM|Iron Head|p2a: Toxapex
|-resisted|p2a: Toxapex
|-damage|p2a: Toxapex|74/100
|
|upkeep
|turn|30
|
|switch|p1a: mr gamer man|Rillaboom, M, shiny|100/100
|-damage|p1a: mr gamer man|88/100|[from] Stealth Rock
|-fieldstart|move: Grassy Terrain|[from] ability: Grassy Surge|[of] p1a: mr gamer man
|move|p2a: Toxapex|Knock Off|p1a: mr gamer man
|-damage|p1a: mr gamer man|73/100
|-enditem|p1a: mr gamer man|Leftovers|[from] move: Knock Off|[of] p2a: Toxapex
|
|-heal|p1a: mr gamer man|79/100|[from] Grassy Terrain
|-heal|p2a: Toxapex|80/100|[from] Grassy Terrain
|upkeep
|turn|31
|
|switch|p2a: Cinderace|Cinderace, F|69/100 psn
|move|p1a: mr gamer man|Swords Dance|p1a: mr gamer man
|-boost|p1a: mr gamer man|atk|2
|
|-heal|p2a: Cinderace|75/100 psn|[from] Grassy Terrain
|-heal|p1a: mr gamer man|85/100|[from] Grassy Terrain
|-damage|p2a: Cinderace|63/100 psn|[from] psn
|upkeep
|turn|32
|
|switch|p1a: gamer girl|Arcanine, F, shiny|100/100
|-ability|p1a: gamer girl|Intimidate|boost
|-unboost|p2a: Cinderace|atk|1
|move|p2a: Cinderace|Pyro Ball|p1a: gamer girl
|-resisted|p1a: gamer girl
|-damage|p1a: gamer girl|84/100
|
|-heal|p2a: Cinderace|69/100 psn|[from] Grassy Terrain
|-heal|p1a: gamer girl|90/100|[from] Grassy Terrain
|-damage|p2a: Cinderace|57/100 psn|[from] psn
|upkeep
|turn|33
|
|switch|p2a: Toxapex|Toxapex, F|100/100
|-damage|p2a: Toxapex|88/100|[from] Stealth Rock
|move|p1a: gamer girl|Teleport|p1a: gamer girl
|
|switch|p1a: mr gamer man|Rillaboom, M, shiny|85/100|[from]move: Teleport
|-damage|p1a: mr gamer man|73/100|[from] Stealth Rock
|
|-heal|p1a: mr gamer man|79/100|[from] Grassy Terrain
|-heal|p2a: Toxapex|94/100|[from] Grassy Terrain
|upkeep
|turn|34
|
|move|p1a: mr gamer man|Swords Dance|p1a: mr gamer man
|-boost|p1a: mr gamer man|atk|2
|move|p2a: Toxapex|Poison Jab|p1a: mr gamer man
|-supereffective|p1a: mr gamer man
|-damage|p1a: mr gamer man|40/100
|
|-heal|p1a: mr gamer man|46/100|[from] Grassy Terrain
|-heal|p2a: Toxapex|100/100|[from] Grassy Terrain
|-fieldend|move: Grassy Terrain
|upkeep
|turn|35
|
|move|p1a: mr gamer man|Drum Beating|p2a: Toxapex
|-damage|p2a: Toxapex|46/100
|-unboost|p2a: Toxapex|spe|1
|move|p2a: Toxapex|Poison Jab|p1a: mr gamer man
|-supereffective|p1a: mr gamer man
|-damage|p1a: mr gamer man|10/100
|
|upkeep
|turn|36
|
|switch|p2a: Corviknight|Corviknight, M|74/100
|-damage|p2a: Corviknight|61/100|[from] Stealth Rock
|-ability|p2a: Corviknight|Pressure
|move|p1a: mr gamer man|Drum Beating|p2a: Corviknight
|-resisted|p2a: Corviknight
|-damage|p2a: Corviknight|48/100
|-unboost|p2a: Corviknight|spe|1
|
|upkeep
|turn|37
|
|move|p1a: mr gamer man|Drain Punch|p2a: Corviknight
|-damage|p2a: Corviknight|16/100
|-heal|p1a: mr gamer man|27/100|[from] drain|[of] p2a: Corviknight
|move|p2a: Corviknight|Roost|p2a: Corviknight
|-heal|p2a: Corviknight|66/100
|-singleturn|p2a: Corviknight|move: Roost
|
|upkeep
|turn|38
|
|switch|p1a: HIM|Aegislash, M, shiny|94/100
|-damage|p1a: HIM|88/100|[from] Stealth Rock
|move|p2a: Corviknight|Roost|p2a: Corviknight
|-heal|p2a: Corviknight|100/100
|-singleturn|p2a: Corviknight|move: Roost
|
|upkeep
|turn|39
|
|-formechange|p1a: HIM|Aegislash-Blade||[from] ability: Stance Change
|move|p1a: HIM|Shadow Claw|p2a: Corviknight
|-damage|p2a: Corviknight|72/100
|move|p2a: Corviknight|Defog|p1a: HIM
|-unboost|p1a: HIM|evasion|1
|-sideend|p1: A|Stealth Rock|[from] move: Defog|[of] p2a: Corviknight
|-sideend|p2: prajtav|Stealth Rock|[from] move: Defog|[of] p2a: Corviknight
|
|upkeep
|turn|40
|
|switch|p2a: Toxapex|Toxapex, F|79/100
|move|p1a: HIM|Shadow Claw|p2a: Toxapex
|-damage|p2a: Toxapex|54/100
|
|upkeep
|turn|41
|
|switch|p1a: lamer than me|Toxapex, M|100/100
|move|p2a: Toxapex|Poison Jab|p1a: lamer than me
|-resisted|p1a: lamer than me
|-damage|p1a: lamer than me|94/100
|
|upkeep
|turn|42
|
|switch|p2a: Hatterene|Hatterene, F|99/100
|switch|p1a: mr gamer man|Rillaboom, M, shiny|27/100
|-fieldstart|move: Grassy Terrain|[from] ability: Grassy Surge|[of] p1a: mr gamer man
|
|-heal|p1a: mr gamer man|33/100|[from] Grassy Terrain
|-heal|p2a: Hatterene|100/100|[from] item: Leftovers
|upkeep
|turn|43
|
|switch|p1a: HIM|Aegislash, M, shiny|88/100
|move|p2a: Hatterene|Mystical Fire|p1a: HIM
|-supereffective|p1a: HIM
|-damage|p1a: HIM|59/100
|-unboost|p1a: HIM|spa|1
|
|-heal|p1a: HIM|65/100|[from] Grassy Terrain
|upkeep
|turn|44
|
|switch|p2a: Toxapex|Toxapex, F|88/100
|-formechange|p1a: HIM|Aegislash-Blade||[from] ability: Stance Change
|move|p1a: HIM|Iron Head|p2a: Toxapex
|-resisted|p2a: Toxapex
|-damage|p2a: Toxapex|73/100
|
|-heal|p1a: HIM|72/100|[from] Grassy Terrain
|-heal|p2a: Toxapex|79/100|[from] Grassy Terrain
|upkeep
|turn|45
|
|switch|p1a: lamer than me|Toxapex, M|100/100
|switch|p2a: Clefable|Clefable, M|100/100
|
|upkeep
|turn|46
|
|switch|p1a: mr gamer man|Rillaboom, M, shiny|33/100
|move|p2a: Clefable|Wish|p2a: Clefable
|
|-heal|p1a: mr gamer man|40/100|[from] Grassy Terrain
|-fieldend|move: Grassy Terrain
|upkeep
|turn|47
|
|switch|p2a: Cinderace|Cinderace, F|57/100 psn
|move|p1a: mr gamer man|Knock Off|p2a: Cinderace
|-damage|p2a: Cinderace|9/100 psn
|-enditem|p2a: Cinderace|Heavy-Duty Boots|[from] move: Knock Off|[of] p1a: mr gamer man
|
|-heal|p2a: Cinderace|68/100 psn|[from] move: Wish|[wisher] Clefable
|-damage|p2a: Cinderace|55/100 psn|[from] psn
|upkeep
|turn|48
|
|switch|p1a: lamer than me|Toxapex, M|100/100
|move|p2a: Cinderace|Zen Headbutt|p1a: lamer than me
|-start|p2a: Cinderace|typechange|Psychic|[from] ability: Libero
|-supereffective|p1a: lamer than me
|-damage|p1a: lamer than me|51/100
|
|-damage|p2a: Cinderace|43/100 psn|[from] psn
|upkeep
|turn|49
|
|switch|p2a: Hatterene|Hatterene, F|100/100
|switch|p1a: gamer girl|Arcanine, F, shiny|90/100
|-ability|p1a: gamer girl|Intimidate|boost
|-unboost|p2a: Hatterene|atk|1
|
|upkeep
|turn|50
|
|move|p1a: gamer girl|Flamethrower|p2a: Hatterene
|-damage|p2a: Hatterene|67/100
|move|p2a: Hatterene|Calm Mind|p2a: Hatterene
|-boost|p2a: Hatterene|spa|1
|-boost|p2a: Hatterene|spd|1
|
|-heal|p2a: Hatterene|73/100|[from] item: Leftovers
|upkeep
|turn|51
|
|move|p2a: Hatterene|Mystical Fire|p1a: gamer girl
|-resisted|p1a: gamer girl
|-damage|p1a: gamer girl|72/100
|-unboost|p1a: gamer girl|spa|1
|move|p1a: gamer girl|Teleport|p1a: gamer girl
|
|switch|p1a: HIM|Aegislash, M, shiny|72/100|[from]move: Teleport
|
|-heal|p2a: Hatterene|78/100|[from] item: Leftovers
|upkeep
|turn|52
|
|switch|p2a: Toxapex|Toxapex, F|100/100
|-formechange|p1a: HIM|Aegislash-Blade||[from] ability: Stance Change
|move|p1a: HIM|Iron Head|p2a: Toxapex
|-resisted|p2a: Toxapex
|-damage|p2a: Toxapex|84/100
|
|upkeep
|turn|53
|
|switch|p1a: lamer than me|Toxapex, M|84/100
|move|p2a: Toxapex|Knock Off|p1a: lamer than me
|-damage|p1a: lamer than me|78/100
|
|upkeep
|turn|54
|
|switch|p2a: Hatterene|Hatterene, F|78/100
|switch|p1a: mr gamer man|Rillaboom, M, shiny|40/100
|-fieldstart|move: Grassy Terrain|[from] ability: Grassy Surge|[of] p1a: mr gamer man
|
|-heal|p1a: mr gamer man|46/100|[from] Grassy Terrain
|-heal|p2a: Hatterene|84/100|[from] item: Leftovers
|-heal|p2a: Hatterene|90/100|[from] Grassy Terrain
|upkeep
|turn|55
|
|move|p1a: mr gamer man|Drum Beating|p2a: Hatterene
|-damage|p2a: Hatterene|40/100
|-unboost|p2a: Hatterene|spe|1
|move|p2a: Hatterene|Mystical Fire|p1a: mr gamer man
|-supereffective|p1a: mr gamer man
|-damage|p1a: mr gamer man|0 fnt
|faint|p1a: mr gamer man
|
|-heal|p2a: Hatterene|46/100|[from] item: Leftovers
|-heal|p2a: Hatterene|52/100|[from] Grassy Terrain
|upkeep
|
|switch|p1a: i'm cute|Togekiss, M|100/100
|turn|56
|
|switch|p2a: Toxapex|Toxapex, F|100/100
|move|p1a: i'm cute|Trick|p2a: Toxapex
|-activate|p1a: i'm cute|move: Trick|[of] p2a: Toxapex
|-item|p2a: Toxapex|Choice Scarf|[from] move: Trick
|-item|p1a: i'm cute|Choice Scarf|[from] move: Trick
|
|upkeep
|turn|57
|
|move|p1a: i'm cute|Air Slash|p2a: Toxapex
|-crit|p2a: Toxapex
|-damage|p2a: Toxapex|57/100
|cant|p2a: Toxapex|flinch
|
|-heal|p2a: Toxapex|63/100|[from] Grassy Terrain
|upkeep
|turn|58
|
|move|p1a: i'm cute|Air Slash|p2a: Toxapex
|-damage|p2a: Toxapex|35/100
|cant|p2a: Toxapex|flinch
|
|-heal|p2a: Toxapex|41/100|[from] Grassy Terrain
|-fieldend|move: Grassy Terrain
|upkeep
|turn|59
|
|move|p1a: i'm cute|Air Slash|p2a: Toxapex
|-damage|p2a: Toxapex|10/100
|cant|p2a: Toxapex|flinch
|
|upkeep
|turn|60
|
|switch|p2a: Corviknight|Corviknight, M|72/100
|-ability|p2a: Corviknight|Pressure
|move|p1a: i'm cute|Air Slash|p2a: Corviknight
|-resisted|p2a: Corviknight
|-damage|p2a: Corviknight|53/100
|
|upkeep
|turn|61
|
|move|p1a: i'm cute|Air Slash|p2a: Corviknight
|-resisted|p2a: Corviknight
|-damage|p2a: Corviknight|33/100
|move|p2a: Corviknight|Roost|p2a: Corviknight
|-heal|p2a: Corviknight|83/100
|-singleturn|p2a: Corviknight|move: Roost
|
|upkeep
|turn|62
|
|switch|p1a: lamer than me|Toxapex, M|100/100
|switch|p2a: Clefable|Clefable, M|100/100
|
|upkeep
|turn|63
|
|switch|p1a: i'm cute|Togekiss, M|100/100
|move|p2a: Clefable|Wish|p2a: Clefable
|
|upkeep
|turn|64
|
|switch|p2a: Toxapex|Toxapex, F|44/100
|move|p1a: i'm cute|Trick|p2a: Toxapex
|-activate|p1a: i'm cute|move: Trick|[of] p2a: Toxapex
|-item|p2a: Toxapex|Choice Scarf|[from] move: Trick
|-item|p1a: i'm cute|Choice Scarf|[from] move: Trick
|
|-heal|p2a: Toxapex|100/100|[from] move: Wish|[wisher] Clefable
|upkeep
|turn|65
|
|switch|p1a: lamer than me|Toxapex, M|100/100
|move|p2a: Toxapex|Poison Jab|p1a: lamer than me
|-resisted|p1a: lamer than me
|-damage|p1a: lamer than me|95/100
|
|upkeep
|turn|66
|
|switch|p2a: Clefable|Clefable, M|100/100
|switch|p1a: i'm cute|Togekiss, M|100/100
|
|upkeep
|turn|67
|
|switch|p1a: gamer girl|Arcanine, F, shiny|72/100
|-ability|p1a: gamer girl|Intimidate|boost
|-unboost|p2a: Clefable|atk|1
|switch|p2a: Toxapex|Toxapex, F|100/100
|
|upkeep
|turn|68
|
|move|p1a: gamer girl|Will-O-Wisp|p2a: Toxapex
|-status|p2a: Toxapex|brn
|move|p2a: Toxapex|Poison Jab|p1a: gamer girl
|-damage|p1a: gamer girl|65/100
|
|-damage|p2a: Toxapex|94/100 brn|[from] brn
|upkeep
|turn|69
|
|switch|p1a: HIM|Aegislash, M, shiny|72/100
|switch|p2a: Hatterene|Hatterene, F|52/100
|
|-heal|p2a: Hatterene|58/100|[from] item: Leftovers
|upkeep
|turn|70
|
|switch|p2a: Toxapex|Toxapex, F|100/100 brn
|-formechange|p1a: HIM|Aegislash-Blade||[from] ability: Stance Change
|move|p1a: HIM|Shadow Claw|p2a: Toxapex
|-damage|p2a: Toxapex|72/100 brn
|
|-damage|p2a: Toxapex|65/100 brn|[from] brn
|upkeep
|turn|71
|
|switch|p1a: gamer girl|Arcanine, F, shiny|65/100
|-ability|p1a: gamer girl|Intimidate|boost
|-unboost|p2a: Toxapex|atk|1
|move|p2a: Toxapex|Knock Off|p1a: gamer girl
|-damage|p1a: gamer girl|61/100
|-enditem|p1a: gamer girl|Heavy-Duty Boots|[from] move: Knock Off|[of] p2a: Toxapex
|
|-damage|p2a: Toxapex|59/100 brn|[from] brn
|upkeep
|turn|72
|
|switch|p2a: Cinderace|Cinderace, F|43/100 psn
|move|p1a: gamer girl|Morning Sun|p1a: gamer girl
|-heal|p1a: gamer girl|100/100
|
|-damage|p2a: Cinderace|30/100 psn|[from] psn
|upkeep
|turn|73
|
|switch|p2a: Toxapex|Toxapex, F|92/100 brn
|move|p1a: gamer girl|Flamethrower|p2a: Toxapex
|-resisted|p2a: Toxapex
|-damage|p2a: Toxapex|79/100 brn
|
|-damage|p2a: Toxapex|73/100 brn|[from] brn
|upkeep
|turn|74
|
|move|p2a: Toxapex|Poison Jab|p1a: gamer girl
|-damage|p1a: gamer girl|93/100
|-status|p1a: gamer girl|psn
|move|p1a: gamer girl|Teleport|p1a: gamer girl
|
|switch|p1a: HIM|Aegislash, M, shiny|72/100|[from]move: Teleport
|
|-damage|p2a: Toxapex|67/100 brn|[from] brn
|upkeep
|turn|75
|
|switch|p2a: Corviknight|Corviknight, M|83/100
|-ability|p2a: Corviknight|Pressure
|-formechange|p1a: HIM|Aegislash-Blade||[from] ability: Stance Change
|move|p1a: HIM|Close Combat|p2a: Corviknight
|-damage|p2a: Corviknight|53/100
|-unboost|p1a: HIM|def|1
|-unboost|p1a: HIM|spd|1
|
|upkeep
|turn|76
|
|switch|p2a: Toxapex|Toxapex, F|99/100 brn
|move|p1a: HIM|Shadow Claw|p2a: Toxapex
|-damage|p2a: Toxapex|75/100 brn
|
|-damage|p2a: Toxapex|69/100 brn|[from] brn
|upkeep
|turn|77
|
|switch|p1a: gamer girl|Arcanine, F, shiny|93/100 psn
|-ability|p1a: gamer girl|Intimidate|boost
|-unboost|p2a: Toxapex|atk|1
|move|p2a: Toxapex|Knock Off|p1a: gamer girl
|-damage|p1a: gamer girl|90/100 psn
|
|-damage|p1a: gamer girl|78/100 psn|[from] psn
|-damage|p2a: Toxapex|63/100 brn|[from] brn
|upkeep
|turn|78
|
|switch|p2a: Hatterene|Hatterene, F|58/100
|move|p1a: gamer girl|Teleport|p1a: gamer girl
|
|switch|p1a: HIM|Aegislash, M, shiny|72/100|[from]move: Teleport
|
|-heal|p2a: Hatterene|64/100|[from] item: Leftovers
|upkeep
|turn|79
|
|switch|p2a: Toxapex|Toxapex, F|96/100 brn
|-formechange|p1a: HIM|Aegislash-Blade||[from] ability: Stance Change
|move|p1a: HIM|Shadow Claw|p2a: Toxapex
|-damage|p2a: Toxapex|69/100 brn
|
|-damage|p2a: Toxapex|63/100 brn|[from] brn
|upkeep
|turn|80
|
|move|p1a: HIM|Shadow Claw|p2a: Toxapex
|-damage|p2a: Toxapex|37/100 brn
|move|p2a: Toxapex|Knock Off|p1a: HIM
|-supereffective|p1a: HIM
|-damage|p1a: HIM|42/100
|-enditem|p1a: HIM|Assault Vest|[from] move: Knock Off|[of] p2a: Toxapex
|
|-damage|p2a: Toxapex|31/100 brn|[from] brn
|upkeep
|turn|81
|
|move|p1a: HIM|Shadow Claw|p2a: Toxapex
|-damage|p2a: Toxapex|5/100 brn
|move|p2a: Toxapex|Knock Off|p1a: HIM
|-supereffective|p1a: HIM
|-damage|p1a: HIM|22/100
|
|-damage|p2a: Toxapex|0 fnt|[from] brn
|faint|p2a: Toxapex
|upkeep
|
|switch|p2a: Cinderace|Cinderace, F|30/100 psn
|turn|82
|
|switch|p2a: Hatterene|Hatterene, F|64/100
|move|p1a: HIM|Shadow Sneak|p2a: Hatterene
|-supereffective|p2a: Hatterene
|-damage|p2a: Hatterene|24/100
|
|-heal|p2a: Hatterene|30/100|[from] item: Leftovers
|upkeep
|turn|83
|
|switch|p2a: Corviknight|Corviknight, M|53/100
|-ability|p2a: Corviknight|Pressure
|move|p1a: HIM|Shadow Claw|p2a: Corviknight
|-damage|p2a: Corviknight|27/100
|
|upkeep
|turn|84
|
|switch|p1a: i'm cute|Togekiss, M|100/100
|move|p2a: Corviknight|Brave Bird|p1a: i'm cute
|-damage|p1a: i'm cute|62/100
|-damage|p2a: Corviknight|17/100|[from] Recoil
|
|upkeep
|turn|85
|
|switch|p2a: Cinderace|Cinderace, F|30/100 psn
|move|p1a: i'm cute|Air Slash|p2a: Cinderace
|-damage|p2a: Cinderace|0 fnt
|faint|p2a: Cinderace
|
|upkeep
|
|switch|p2a: Clefable|Clefable, M|100/100
|turn|86
|
|switch|p1a: HIM|Aegislash, M, shiny|22/100
|move|p2a: Clefable|Wish|p2a: Clefable
|
|upkeep
|turn|87
|
|-formechange|p1a: HIM|Aegislash-Blade||[from] ability: Stance Change
|move|p1a: HIM|Iron Head|p2a: Clefable
|-supereffective|p2a: Clefable
|-damage|p2a: Clefable|0 fnt
|faint|p2a: Clefable
|
|upkeep
|-message|prajtav forfeited.
|
|win|A
|l|☆prajtav
|raw|A's rating: 1633 &rarr; <strong>1657</strong><br />(+24 for winning)
|raw|prajtav's rating: 1701 &rarr; <strong>1678</strong><br />(-23 for losing)
|j| 2spoopy4u
|l| 2spoopy4u
|j|+Perish Song
