|j|☆yalpar
|j|☆SuperTheoryBros
|t:|1649000031
|gametype|singles
|player|p1|yalpar|2|1604
|player|p2|SuperTheoryBros|1|1631
|teamsize|p1|6
|teamsize|p2|6
|gen|8
|tier|[Gen 8] OU
|rated|
|rule|Sleep Clause Mod: Limit one foe put to sleep
|rule|Species Clause: Limit one of each Pokémon
|rule|OHKO Clause: OHKO moves are banned
|rule|Evasion Moves Clause: Evasion moves are banned
|rule|Endless Battle Clause: Forcing endless battles is banned
|rule|HP Percentage Mod: HP is shown in percentages
|rule|Dynamax Clause: You cannot dynamax
|clearpoke
|poke|p1|Zapdos-Galar|
|poke|p1|Tyranitar, M|
|poke|p1|Garchomp, F|
|poke|p1|Blacephalon|
|poke|p1|Tapu Koko|
|poke|p1|Slowbro, F|
|poke|p2|Ninetales-Alola, F|
|poke|p2|Arctozolt|
|poke|p2|Landorus-Therian, M|
|poke|p2|Magnezone|
|poke|p2|Toxapex, F|
|poke|p2|Mandibuzz, F|
|teampreview
|j| 50 at max
|
|t:|1649000063
|start
|switch|p1a: Tapu Koko|Tapu Koko|100/100
|switch|p2a: Toxapex|Toxapex, F|100/100
|-fieldstart|move: Electric Terrain|[from] ability: Electric Surge|[of] p1a: Tapu Koko
|turn|1
|
|t:|1649000087
|move|p1a: Tapu Koko|Dazzling Gleam|p2a: Toxapex
|-resisted|p2a: Toxapex
|-damage|p2a: Toxapex|83/100
|-enditem|p2a: Toxapex|Eject Button
|inactive|Battle timer is ON: inactive players will automatically lose when time's up. (requested by yalpar)
|
|t:|1649000102
|switch|p2a: Magnezone|Magnezone|100/100
|
|upkeep
|turn|2
|
|t:|1649000130
|switch|p1a: Garchomp|Garchomp, F|100/100
|move|p2a: Magnezone|Flash Cannon|p1a: Garchomp
|-damage|p1a: Garchomp|56/100
|
|upkeep
|turn|3
|inactive|SuperTheoryBros has 120 seconds left.
|l| 50 at max
|
|t:|1649000155
|switch|p2a: Landorus|Landorus-Therian, M|100/100
|-ability|p2a: Landorus|Intimidate|boost
|-unboost|p1a: Garchomp|atk|1
|move|p1a: Garchomp|Swords Dance|p1a: Garchomp
|-boost|p1a: Garchomp|atk|2
|
|upkeep
|turn|4
|inactive|SuperTheoryBros has 120 seconds left.
|
|t:|1649000163
|move|p1a: Garchomp|Scale Shot|p2a: Landorus
|-damage|p2a: Landorus|82/100
|-damage|p2a: Landorus|65/100
|-damage|p2a: Landorus|47/100
|-damage|p2a: Landorus|28/100
|-hitcount|p2a: Landorus|4
|-unboost|p1a: Garchomp|def|1
|-boost|p1a: Garchomp|spe|1
|move|p2a: Landorus|Earthquake|p1a: Garchomp
|-damage|p1a: Garchomp|0 fnt
|faint|p1a: Garchomp
|
|-heal|p2a: Landorus|34/100|[from] item: Leftovers
|upkeep
|inactive|yalpar has 120 seconds left.
|
|t:|1649000191
|switch|p1a: Zapdos|Zapdos-Galar|100/100
|turn|5
|inactive|SuperTheoryBros has 120 seconds left.
|
|t:|1649000208
|switch|p2a: Toxapex|Toxapex, F|100/100
|move|p1a: Zapdos|Brave Bird|p2a: Toxapex
|-damage|p2a: Toxapex|32/100
|-damage|p1a: Zapdos|79/100|[from] Recoil
|
|-fieldend|move: Electric Terrain
|upkeep
|turn|6
|inactive|SuperTheoryBros has 120 seconds left.
|
|t:|1649000227
|move|p1a: Zapdos|Brave Bird|p2a: Toxapex
|-damage|p2a: Toxapex|0 fnt
|faint|p2a: Toxapex
|-damage|p1a: Zapdos|69/100|[from] Recoil
|
|upkeep
|
|t:|1649000230
|switch|p2a: Magnezone|Magnezone|100/100
|turn|7
|inactive|SuperTheoryBros has 120 seconds left.
|
|t:|1649000261
|switch|p1a: Slowbro|Slowbro, F|100/100
|move|p2a: Magnezone|Discharge|p1a: Slowbro
|-supereffective|p1a: Slowbro
|-damage|p1a: Slowbro|24/100
|-status|p1a: Slowbro|par
|
|upkeep
|turn|8
|
|t:|1649000274
|move|p2a: Magnezone|Discharge|p1a: Slowbro
|-supereffective|p1a: Slowbro
|-damage|p1a: Slowbro|0 fnt
|faint|p1a: Slowbro
|
|upkeep
|
|t:|1649000284
|switch|p1a: Blacephalon|Blacephalon|100/100
|turn|9
|
|t:|1649000291
|switch|p2a: Mandibuzz|Mandibuzz, F|100/100
|move|p1a: Blacephalon|Flamethrower|p2a: Mandibuzz
|-damage|p2a: Mandibuzz|63/100
|
|upkeep
|turn|10
|
|t:|1649000317
|switch|p1a: Tyranitar|Tyranitar, M|100/100
|-weather|Sandstorm|[from] ability: Sand Stream|[of] p1a: Tyranitar
|move|p2a: Mandibuzz|Roost|p2a: Mandibuzz
|-heal|p2a: Mandibuzz|100/100
|-singleturn|p2a: Mandibuzz|move: Roost
|
|-weather|Sandstorm|[upkeep]
|upkeep
|turn|11
|
|t:|1649000338
|switch|p2a: Ninetales|Ninetales-Alola, F|100/100
|-weather|Hail|[from] ability: Snow Warning|[of] p2a: Ninetales
|move|p1a: Tyranitar|Stealth Rock|p2a: Ninetales
|-sidestart|p2: SuperTheoryBros|move: Stealth Rock
|
|-weather|Hail|[upkeep]
|-damage|p1a: Tyranitar|94/100|[from] Hail
|-heal|p1a: Tyranitar|100/100|[from] item: Leftovers
|upkeep
|turn|12
|
|t:|1649000352
|move|p2a: Ninetales|Aurora Veil|p2a: Ninetales
|-sidestart|p2: SuperTheoryBros|move: Aurora Veil
|move|p1a: Tyranitar|Rock Slide|p2a: Ninetales
|-supereffective|p2a: Ninetales
|-damage|p2a: Ninetales|56/100
|
|-weather|Hail|[upkeep]
|-damage|p1a: Tyranitar|94/100|[from] Hail
|-heal|p1a: Tyranitar|100/100|[from] item: Leftovers
|upkeep
|turn|13
|inactive|SuperTheoryBros has 90 seconds left.
|
|t:|1649000378
|switch|p2a: Arctozolt|Arctozolt|100/100
|move|p1a: Tyranitar|Ice Beam|p2a: Arctozolt
|-resisted|p2a: Arctozolt
|-damage|p2a: Arctozolt|91/100
|
|-weather|Hail|[upkeep]
|-damage|p1a: Tyranitar|94/100|[from] Hail
|-heal|p1a: Tyranitar|100/100|[from] item: Leftovers
|upkeep
|turn|14
|inactive|SuperTheoryBros has 90 seconds left.
|inactive|yalpar has 120 seconds left.
|
|t:|1649000395
|move|p2a: Arctozolt|Bolt Beak|p1a: Tyranitar
|-damage|p1a: Tyranitar|43/100
|move|p1a: Tyranitar|Rock Slide|p2a: Arctozolt
|-supereffective|p2a: Arctozolt
|-damage|p2a: Arctozolt|49/100
|
|-weather|Hail|[upkeep]
|-damage|p1a: Tyranitar|37/100|[from] Hail
|-heal|p1a: Tyranitar|43/100|[from] item: Leftovers
|upkeep
|turn|15
|inactive|yalpar has 120 seconds left.
|
|t:|1649000428
|move|p2a: Arctozolt|Bolt Beak|p1a: Tyranitar
|-damage|p1a: Tyranitar|0 fnt
|faint|p1a: Tyranitar
|
|-weather|Hail|[upkeep]
|upkeep
|
|t:|1649000436
|switch|p1a: Blacephalon|Blacephalon|100/100
|turn|16
|inactive|SuperTheoryBros has 90 seconds left.
|
|t:|1649000453
|switch|p1a: Tapu Koko|Tapu Koko|100/100
|-fieldstart|move: Electric Terrain|[from] ability: Electric Surge|[of] p1a: Tapu Koko
|switch|p2a: Mandibuzz|Mandibuzz, F|100/100
|
|-weather|Hail|[upkeep]
|-damage|p1a: Tapu Koko|94/100|[from] Hail
|-sideend|p2: SuperTheoryBros|move: Aurora Veil
|upkeep
|turn|17
|inactive|SuperTheoryBros has 90 seconds left.
|
|t:|1649000474
|switch|p2a: Magnezone|Magnezone|100/100
|-damage|p2a: Magnezone|94/100|[from] Stealth Rock
|move|p1a: Tapu Koko|Volt Switch|p2a: Magnezone
|-resisted|p2a: Magnezone
|-damage|p2a: Magnezone|57/100
|inactive|yalpar has 90 seconds left.
|j| tian___yu666
|
|t:|1649000507
|switch|p1a: Zapdos|Zapdos-Galar|69/100|[from]move: Volt Switch
|
|-weather|Hail|[upkeep]
|-damage|p1a: Zapdos|63/100|[from] Hail
|-damage|p2a: Magnezone|51/100|[from] Hail
|-heal|p2a: Magnezone|57/100|[from] item: Leftovers
|upkeep
|turn|18
|l| tian___yu666
|inactive|SuperTheoryBros has 60 seconds left.
|
|t:|1649000554
|move|p1a: Zapdos|Close Combat|p2a: Magnezone
|-supereffective|p2a: Magnezone
|-damage|p2a: Magnezone|0 fnt
|-unboost|p1a: Zapdos|def|1
|-unboost|p1a: Zapdos|spd|1
|faint|p2a: Magnezone
|
|-weather|none
|upkeep
|
|t:|1649000560
|switch|p2a: Ninetales|Ninetales-Alola, F|56/100
|-damage|p2a: Ninetales|31/100|[from] Stealth Rock
|-weather|Hail|[from] ability: Snow Warning|[of] p2a: Ninetales
|turn|19
|
|t:|1649000583
|switch|p1a: Blacephalon|Blacephalon|100/100
|move|p2a: Ninetales|Aurora Veil|p2a: Ninetales
|-sidestart|p2: SuperTheoryBros|move: Aurora Veil
|
|-weather|Hail|[upkeep]
|-damage|p1a: Blacephalon|94/100|[from] Hail
|upkeep
|turn|20
|inactive|SuperTheoryBros has 30 seconds left.
|
|t:|1649000602
|switch|p2a: Arctozolt|Arctozolt|49/100
|move|p1a: Blacephalon|Flamethrower|p2a: Arctozolt
|-supereffective|p2a: Arctozolt
|-damage|p2a: Arctozolt|0 fnt
|faint|p2a: Arctozolt
|-ability|p1a: Blacephalon|Beast Boost|boost
|-boost|p1a: Blacephalon|spa|1
|
|-weather|Hail|[upkeep]
|-damage|p1a: Blacephalon|88/100|[from] Hail
|-fieldend|move: Electric Terrain
|upkeep
|inactive|SuperTheoryBros has 30 seconds left.
|
|t:|1649000615
|switch|p2a: Mandibuzz|Mandibuzz, F|100/100
|turn|21
|inactive|SuperTheoryBros has 30 seconds left.
|
|t:|1649000629
|switch|p1a: Zapdos|Zapdos-Galar|63/100
|move|p2a: Mandibuzz|Defog|p1a: Zapdos
|-unboost|p1a: Zapdos|evasion|1
|-ability|p1a: Zapdos|Defiant
|-boost|p1a: Zapdos|atk|2
|-sideend|p2: SuperTheoryBros|Stealth Rock|[from] move: Defog|[of] p2a: Mandibuzz
|
|-weather|Hail|[upkeep]
|-damage|p1a: Zapdos|57/100|[from] Hail
|upkeep
|turn|22
|inactive|SuperTheoryBros has 30 seconds left.
|
|t:|1649000649
|move|p1a: Zapdos|Close Combat|p2a: Mandibuzz
|-damage|p2a: Mandibuzz|37/100
|-unboost|p1a: Zapdos|def|1
|-unboost|p1a: Zapdos|spd|1
|move|p2a: Mandibuzz|Foul Play|p1a: Zapdos
|-resisted|p1a: Zapdos
|-damage|p1a: Zapdos|0 fnt
|faint|p1a: Zapdos
|
|-weather|Hail|[upkeep]
|upkeep
|inactive|yalpar has 60 seconds left.
|
|t:|1649000661
|switch|p1a: Tapu Koko|Tapu Koko|94/100
|-fieldstart|move: Electric Terrain|[from] ability: Electric Surge|[of] p1a: Tapu Koko
|turn|23
|inactive|SuperTheoryBros has 30 seconds left.
|
|t:|1649000677
|switch|p2a: Ninetales|Ninetales-Alola, F|31/100
|move|p1a: Tapu Koko|Dazzling Gleam|p2a: Ninetales
|-damage|p2a: Ninetales|6/100
|
|-weather|Hail|[upkeep]
|-damage|p1a: Tapu Koko|88/100|[from] Hail
|-sideend|p2: SuperTheoryBros|move: Aurora Veil
|upkeep
|turn|24
|inactive|SuperTheoryBros has 30 seconds left.
|-message|SuperTheoryBros forfeited.
|
|win|yalpar
|inactive|SuperTheoryBros has 30 seconds left this turn.
|raw|yalpar's rating: 1604 &rarr; <strong>1626</strong><br />(+22 for winning)
|raw|SuperTheoryBros's rating: 1631 &rarr; <strong>1609</strong><br />(-22 for losing)
|l|☆SuperTheoryBros
