|j|☆A
|j|☆xybnb
|player|p1|A|clemont|1720
|player|p2|xybnb|swimmer-gen4dp|1739
|teamsize|p1|6
|teamsize|p2|6
|gametype|singles
|gen|8
|tier|[Gen 8] OU
|rated|
|clearpoke
|poke|p1|Chansey, F|
|poke|p1|Arcanine, F|
|poke|p1|Toxapex, F|
|poke|p1|Magearna|
|poke|p1|Kommo-o, M|
|poke|p1|Corviknight, M|
|poke|p2|Magearna|
|poke|p2|Hippowdon, M|
|poke|p2|Cinderace, M|
|poke|p2|Amoonguss, M|
|poke|p2|Urshifu-*, M|
|poke|p2|Gengar, M|
|rule|Sleep Clause Mod: Limit one foe put to sleep
|rule|Species Clause: Limit one of each Pokémon
|rule|OHKO Clause: OHKO moves are banned
|rule|Evasion Moves Clause: Evasion moves are banned
|rule|Endless Battle Clause: Forcing endless battles is banned
|rule|HP Percentage Mod: HP is shown in percentages
|rule|Dynamax Clause: You cannot dynamax
|teampreview
|j| liluzispinkytoe
|
|start
|switch|p1a: cool laddy|Kommo-o, M|100/100
|switch|p2a: Magearna|Magearna|100/100
|turn|1
|inactive|Battle timer is ON: inactive players will automatically lose when time's up. (requested by A)
|
|move|p1a: cool laddy|Stealth Rock|p2a: Magearna
|-sidestart|p2: xybnb|move: Stealth Rock
|move|p2a: Magearna|Fleur Cannon|p1a: cool laddy|[miss]
|-miss|p2a: Magearna|p1a: cool laddy
|
|upkeep
|turn|2
|
|switch|p1a: BEST GIRL|Chansey, F, shiny|100/100
|move|p2a: Magearna|Fleur Cannon|p1a: BEST GIRL
|-damage|p1a: BEST GIRL|66/100
|-unboost|p2a: Magearna|spa|2
|
|upkeep
|turn|3
|j| Killzya2fast
|
|switch|p2a: Cinderace|Cinderace, M|100/100
|move|p1a: BEST GIRL|Soft-Boiled|p1a: BEST GIRL
|-heal|p1a: BEST GIRL|100/100
|
|upkeep
|turn|4
|
|move|p2a: Cinderace|Court Change|p2a: Cinderace
|-start|p2a: Cinderace|typechange|Normal|[from] ability: Libero
|-sideend|p2: xybnb|Stealth Rock|[silent]
|-sidestart|p1: A|Stealth Rock|[silent]
|-activate|p2a: Cinderace|move: Court Change
|move|p1a: BEST GIRL|Thunder Wave|p2a: Cinderace
|-status|p2a: Cinderace|par
|
|upkeep
|turn|5
|
|switch|p2a: Magearna|Magearna|100/100
|switch|p1a: cool laddy|Kommo-o, M|100/100
|-damage|p1a: cool laddy|95/100|[from] Stealth Rock
|
|upkeep
|turn|6
|
|switch|p1a: BEST GIRL|Chansey, F, shiny|100/100
|-damage|p1a: BEST GIRL|88/100|[from] Stealth Rock
|move|p2a: Magearna|Volt Switch|p1a: BEST GIRL
|-crit|p1a: BEST GIRL
|-damage|p1a: BEST GIRL|69/100
|j| Dead Corviknights
|
|switch|p2a: Urshifu|Urshifu, M|100/100|[from]move: Volt Switch
|
|upkeep
|turn|7
|
|switch|p1a: cool laddy|Kommo-o, M|95/100
|-damage|p1a: cool laddy|89/100|[from] Stealth Rock
|move|p2a: Urshifu|Close Combat|p1a: cool laddy
|-damage|p1a: cool laddy|27/100
|-unboost|p2a: Urshifu|def|1
|-unboost|p2a: Urshifu|spd|1
|-damage|p2a: Urshifu|84/100|[from] item: Rocky Helmet|[of] p1a: cool laddy
|
|upkeep
|turn|8
|
|switch|p1a: lamer than me|Toxapex, F|100/100
|-damage|p1a: lamer than me|88/100|[from] Stealth Rock
|move|p2a: Urshifu|Close Combat|p1a: lamer than me
|-resisted|p1a: lamer than me
|-damage|p1a: lamer than me|57/100
|-unboost|p2a: Urshifu|def|1
|-unboost|p2a: Urshifu|spd|1
|
|-heal|p1a: lamer than me|63/100|[from] item: Black Sludge
|upkeep
|turn|9
|
|switch|p2a: Hippowdon|Hippowdon, M|100/100
|-weather|Sandstorm|[from] ability: Sand Stream|[of] p2a: Hippowdon
|move|p1a: lamer than me|Knock Off|p2a: Hippowdon
|-damage|p2a: Hippowdon|92/100
|-damage|p1a: lamer than me|47/100|[from] item: Rocky Helmet|[of] p2a: Hippowdon
|-enditem|p2a: Hippowdon|Rocky Helmet|[from] move: Knock Off|[of] p1a: lamer than me
|
|-weather|Sandstorm|[upkeep]
|-damage|p1a: lamer than me|41/100|[from] Sandstorm
|-heal|p1a: lamer than me|47/100|[from] item: Black Sludge
|upkeep
|turn|10
|
|switch|p2a: Urshifu|Urshifu, M|84/100
|switch|p1a: king|Corviknight, M, shiny|100/100
|-damage|p1a: king|88/100|[from] Stealth Rock
|-ability|p1a: king|Pressure
|
|-weather|Sandstorm|[upkeep]
|-damage|p2a: Urshifu|78/100|[from] Sandstorm
|upkeep
|turn|11
|
|move|p2a: Urshifu|Wicked Blow|p1a: king
|-crit|p1a: king
|-damage|p1a: king|24/100
|move|p1a: king|Body Press|p2a: Urshifu
|-supereffective|p2a: Urshifu
|-crit|p2a: Urshifu
|-damage|p2a: Urshifu|20/100
|
|-weather|Sandstorm|[upkeep]
|-damage|p2a: Urshifu|14/100|[from] Sandstorm
|upkeep
|turn|12
|
|switch|p2a: Gengaaaaar|Gengar, M|100/100
|switch|p1a: cool laddy|Kommo-o, M|27/100
|-damage|p1a: cool laddy|21/100|[from] Stealth Rock
|
|-weather|Sandstorm|[upkeep]
|-damage|p2a: Gengaaaaar|94/100|[from] Sandstorm
|-damage|p1a: cool laddy|15/100|[from] Sandstorm
|upkeep
|turn|13
|
|move|p2a: Gengaaaaar|Sludge Wave|p1a: cool laddy
|-damage|p1a: cool laddy|0 fnt
|faint|p1a: cool laddy
|
|-weather|none
|upkeep
|
|switch|p1a: reverse alembic|Magearna|100/100
|-damage|p1a: reverse alembic|94/100|[from] Stealth Rock
|turn|14
|
|switch|p2a: dick|Amoonguss, M|100/100
|switch|p1a: king|Corviknight, M, shiny|24/100
|-damage|p1a: king|12/100|[from] Stealth Rock
|-ability|p1a: king|Pressure
|
|upkeep
|turn|15
|
|move|p1a: king|Roost|p1a: king
|-heal|p1a: king|62/100
|-singleturn|p1a: king|move: Roost
|move|p2a: dick|Spore|p1a: king
|-status|p1a: king|slp|[from] move: Spore
|
|upkeep
|turn|16
|
|switch|p1a: gamer girl|Arcanine, F, shiny|100/100
|-ability|p1a: gamer girl|Intimidate|boost
|-unboost|p2a: dick|atk|1
|switch|p2a: Gengaaaaar|Gengar, M|94/100
|
|upkeep
|turn|17
|
|switch|p2a: Hippowdon|Hippowdon, M|92/100
|-weather|Sandstorm|[from] ability: Sand Stream|[of] p2a: Hippowdon
|move|p1a: gamer girl|Flamethrower|p2a: Hippowdon
|-damage|p2a: Hippowdon|58/100
|-status|p2a: Hippowdon|brn
|
|-weather|Sandstorm|[upkeep]
|-damage|p1a: gamer girl|94/100|[from] Sandstorm
|-damage|p2a: Hippowdon|52/100 brn|[from] brn
|upkeep
|turn|18
|
|switch|p1a: lamer than me|Toxapex, F|80/100
|-damage|p1a: lamer than me|68/100|[from] Stealth Rock
|move|p2a: Hippowdon|Earthquake|p1a: lamer than me
|-supereffective|p1a: lamer than me
|-damage|p1a: lamer than me|43/100
|
|-weather|Sandstorm|[upkeep]
|-damage|p1a: lamer than me|36/100|[from] Sandstorm
|-heal|p1a: lamer than me|43/100|[from] item: Black Sludge
|-damage|p2a: Hippowdon|46/100 brn|[from] brn
|upkeep
|turn|19
|
|switch|p2a: Magearna|Magearna|100/100
|move|p1a: lamer than me|Recover|p1a: lamer than me
|-heal|p1a: lamer than me|93/100
|
|-weather|Sandstorm|[upkeep]
|-damage|p1a: lamer than me|86/100|[from] Sandstorm
|-heal|p1a: lamer than me|93/100|[from] item: Black Sludge
|upkeep
|turn|20
|
|move|p2a: Magearna|Volt Switch|p1a: lamer than me
|-supereffective|p1a: lamer than me
|-damage|p1a: lamer than me|31/100
|
|switch|p2a: Hippowdon|Hippowdon, M|46/100 brn|[from]move: Volt Switch
|move|p1a: lamer than me|Recover|p1a: lamer than me
|-heal|p1a: lamer than me|81/100
|
|-weather|Sandstorm|[upkeep]
|-damage|p1a: lamer than me|75/100|[from] Sandstorm
|-heal|p1a: lamer than me|81/100|[from] item: Black Sludge
|-damage|p2a: Hippowdon|40/100 brn|[from] brn
|upkeep
|turn|21
|
|move|p1a: lamer than me|Scald|p2a: Hippowdon
|-supereffective|p2a: Hippowdon
|-damage|p2a: Hippowdon|8/100 brn
|move|p2a: Hippowdon|Whirlwind|p1a: lamer than me
|drag|p1a: king|Corviknight, M, shiny|62/100 slp
|-damage|p1a: king|50/100 slp|[from] Stealth Rock
|-ability|p1a: king|Pressure
|
|-weather|none
|-damage|p2a: Hippowdon|2/100 brn|[from] brn
|upkeep
|turn|22
|
|cant|p1a: king|slp
|move|p2a: Hippowdon|Whirlwind|p1a: king
|drag|p1a: gamer girl|Arcanine, F, shiny|94/100
|-ability|p1a: gamer girl|Intimidate|boost
|-unboost|p2a: Hippowdon|atk|1
|
|-damage|p2a: Hippowdon|0 fnt|[from] brn
|faint|p2a: Hippowdon
|upkeep
|
|switch|p2a: Gengaaaaar|Gengar, M|94/100
|turn|23
|
|move|p2a: Gengaaaaar|Trick|p1a: gamer girl
|-activate|p2a: Gengaaaaar|move: Trick|[of] p1a: gamer girl
|-item|p1a: gamer girl|Choice Scarf|[from] move: Trick
|-item|p2a: Gengaaaaar|Heavy-Duty Boots|[from] move: Trick
|move|p1a: gamer girl|Flamethrower|p2a: Gengaaaaar
|-damage|p2a: Gengaaaaar|41/100
|-start|p1a: gamer girl|Disable|Flamethrower|[from] ability: Cursed Body|[of] p2a: Gengaaaaar
|
|upkeep
|turn|24
|
|switch|p1a: lamer than me|Toxapex, F|100/100
|-damage|p1a: lamer than me|88/100|[from] Stealth Rock
|move|p2a: Gengaaaaar|Sludge Wave|p1a: lamer than me
|-resisted|p1a: lamer than me
|-damage|p1a: lamer than me|67/100
|
|-heal|p1a: lamer than me|74/100|[from] item: Black Sludge
|upkeep
|turn|25
|
|switch|p2a: Cinderace|Cinderace, M|100/100 par
|move|p1a: lamer than me|Knock Off|p2a: Cinderace
|-damage|p2a: Cinderace|78/100 par
|-enditem|p2a: Cinderace|Heavy-Duty Boots|[from] move: Knock Off|[of] p1a: lamer than me
|
|-heal|p1a: lamer than me|80/100|[from] item: Black Sludge
|upkeep
|turn|26
|
|move|p2a: Cinderace|Zen Headbutt|p1a: lamer than me
|-start|p2a: Cinderace|typechange|Psychic|[from] ability: Libero
|-supereffective|p1a: lamer than me
|-damage|p1a: lamer than me|36/100
|move|p1a: lamer than me|Recover|p1a: lamer than me
|-heal|p1a: lamer than me|86/100
|
|-heal|p1a: lamer than me|92/100|[from] item: Black Sludge
|upkeep
|turn|27
|
|switch|p2a: dick|Amoonguss, M|100/100
|move|p1a: lamer than me|Scald|p2a: dick
|-resisted|p2a: dick
|-damage|p2a: dick|96/100
|
|-heal|p1a: lamer than me|98/100|[from] item: Black Sludge
|-heal|p2a: dick|100/100|[from] item: Black Sludge
|upkeep
|turn|28
|
|move|p1a: lamer than me|Knock Off|p2a: dick
|-damage|p2a: dick|85/100
|-enditem|p2a: dick|Black Sludge|[from] move: Knock Off|[of] p1a: lamer than me
|move|p2a: dick|Sludge Bomb|p1a: lamer than me
|-resisted|p1a: lamer than me
|-damage|p1a: lamer than me|87/100
|
|-heal|p1a: lamer than me|93/100|[from] item: Black Sludge
|upkeep
|turn|29
|
|move|p1a: lamer than me|Scald|p2a: dick
|-resisted|p2a: dick
|-damage|p2a: dick|79/100
|-status|p2a: dick|brn
|move|p2a: dick|Giga Drain|p1a: lamer than me
|-damage|p1a: lamer than me|74/100
|-heal|p2a: dick|86/100 brn|[from] drain|[of] p1a: lamer than me
|
|-heal|p1a: lamer than me|80/100|[from] item: Black Sludge
|-damage|p2a: dick|80/100 brn|[from] brn
|upkeep
|turn|30
|
|switch|p2a: Magearna|Magearna|100/100
|move|p1a: lamer than me|Knock Off|p2a: Magearna
|-resisted|p2a: Magearna
|-damage|p2a: Magearna|94/100
|-enditem|p2a: Magearna|Choice Specs|[from] move: Knock Off|[of] p1a: lamer than me
|
|-heal|p1a: lamer than me|87/100|[from] item: Black Sludge
|upkeep
|turn|31
|
|move|p2a: Magearna|Volt Switch|p1a: lamer than me
|-supereffective|p1a: lamer than me
|-damage|p1a: lamer than me|44/100
|
|switch|p2a: Gengaaaaar|Gengar, M|41/100|[from]move: Volt Switch
|move|p1a: lamer than me|Recover|p1a: lamer than me
|-heal|p1a: lamer than me|94/100
|
|-heal|p1a: lamer than me|99/100|[from] item: Black Sludge
|upkeep
|turn|32
|
|move|p2a: Gengaaaaar|Trick|p1a: lamer than me
|-activate|p2a: Gengaaaaar|move: Trick|[of] p1a: lamer than me
|-item|p1a: lamer than me|Heavy-Duty Boots|[from] move: Trick
|-item|p2a: Gengaaaaar|Black Sludge|[from] move: Trick
|move|p1a: lamer than me|Knock Off|p2a: Gengaaaaar
|-supereffective|p2a: Gengaaaaar
|-damage|p2a: Gengaaaaar|0 fnt
|-start|p1a: lamer than me|Disable|Knock Off|[from] ability: Cursed Body|[of] p2a: Gengaaaaar
|-enditem|p2a: Gengaaaaar|Black Sludge|[from] move: Knock Off|[of] p1a: lamer than me
|faint|p2a: Gengaaaaar
|
|upkeep
|
|switch|p2a: Urshifu|Urshifu, M|14/100
|turn|33
|
|move|p2a: Urshifu|Wicked Blow|p1a: lamer than me
|-crit|p1a: lamer than me
|-damage|p1a: lamer than me|32/100
|move|p1a: lamer than me|Scald|p2a: Urshifu
|-damage|p2a: Urshifu|0 fnt
|faint|p2a: Urshifu
|
|upkeep
|
|switch|p2a: Cinderace|Cinderace, M|78/100 par
|turn|34
|
|switch|p1a: gamer girl|Arcanine, F, shiny|94/100
|-damage|p1a: gamer girl|70/100|[from] Stealth Rock
|-ability|p1a: gamer girl|Intimidate|boost
|-unboost|p2a: Cinderace|atk|1
|move|p2a: Cinderace|Pyro Ball|p1a: gamer girl
|-resisted|p1a: gamer girl
|-damage|p1a: gamer girl|56/100
|
|upkeep
|turn|35
|
|move|p2a: Cinderace|Sucker Punch|p1a: gamer girl
|-start|p2a: Cinderace|typechange|Dark|[from] ability: Libero
|-damage|p1a: gamer girl|38/100
|move|p1a: gamer girl|Flamethrower|p2a: Cinderace
|-damage|p2a: Cinderace|34/100 par
|
|upkeep
|turn|36
|
|switch|p2a: dick|Amoonguss, M|100/100 brn
|move|p1a: gamer girl|Flamethrower|p2a: dick
|-supereffective|p2a: dick
|-damage|p2a: dick|62/100 brn
|
|-damage|p2a: dick|55/100 brn|[from] brn
|upkeep
|turn|37
|
|switch|p1a: BEST GIRL|Chansey, F, shiny|69/100
|-damage|p1a: BEST GIRL|57/100|[from] Stealth Rock
|move|p2a: dick|Sludge Bomb|p1a: BEST GIRL
|-damage|p1a: BEST GIRL|48/100
|
|-damage|p2a: dick|49/100 brn|[from] brn
|upkeep
|turn|38
|-message|xybnb forfeited.
|
|win|A
|l|☆xybnb
|raw|A's rating: 1706 &rarr; <strong>1728</strong><br />(+22 for winning)
|raw|xybnb's rating: 1739 &rarr; <strong>1718</strong><br />(-21 for losing)
|j| DelettoBlue
|j| HowToClimbLadder
|j| brouha
