|j|☆CoconutCrabs
|j|☆slowbrothough
|t:|1664302407
|gametype|singles
|player|p1|CoconutCrabs|1|1842
|player|p2|slowbrothough|veteran|1869
|teamsize|p1|6
|teamsize|p2|6
|gen|8
|tier|[Gen 8] OU
|rated|
|rule|Sleep Clause Mod: Limit one foe put to sleep
|rule|Species Clause: Limit one of each Pokémon
|rule|OHKO Clause: OHKO moves are banned
|rule|Evasion Items Clause: Evasion items are banned
|rule|Evasion Moves Clause: Evasion moves are banned
|rule|Endless Battle Clause: Forcing endless battles is banned
|rule|HP Percentage Mod: HP is shown in percentages
|rule|Dynamax Clause: You cannot dynamax
|clearpoke
|poke|p1|Heatran, M|
|poke|p1|Excadrill, M|
|poke|p1|Tornadus-Therian, M|
|poke|p1|Toxapex, F|
|poke|p1|Tangrowth, M|
|poke|p1|Tyranitar, M|
|poke|p2|Aegislash, F|
|poke|p2|Tyranitar, M|
|poke|p2|Slowbro, F|
|poke|p2|Diggersby, M|
|poke|p2|Corviknight, M|
|poke|p2|Vanilluxe, M|
|teampreview
|inactive|Battle timer is ON: inactive players will automatically lose when time's up. (requested by CoconutCrabs)
|inactive|slowbrothough also wants the timer to be on.
|j| tunteja
|
|t:|1664302429
|start
|switch|p1a: Tornadus|Tornadus-Therian, M|100/100
|switch|p2a: Vanilluxe|Vanilluxe, M|100/100
|-weather|Hail|[from] ability: Snow Warning|[of] p2a: Vanilluxe
|turn|1
|
|t:|1664302432
|move|p2a: Vanilluxe|Blizzard|p1a: Tornadus
|-supereffective|p1a: Tornadus
|-damage|p1a: Tornadus|0 fnt
|faint|p1a: Tornadus
|
|-weather|Hail|[upkeep]
|upkeep
|
|t:|1664302435
|switch|p1a: Heatran|Heatran, M|100/100
|turn|2
|j| YB is BETTER
|
|t:|1664302455
|switch|p2a: Tyranitar|Tyranitar, M|100/100
|-weather|Sandstorm|[from] ability: Sand Stream|[of] p2a: Tyranitar
|move|p1a: Heatran|Flash Cannon|p2a: Tyranitar
|-supereffective|p2a: Tyranitar
|-damage|p2a: Tyranitar|67/100
|-unboost|p2a: Tyranitar|spd|1
|
|-weather|Sandstorm|[upkeep]
|-heal|p2a: Tyranitar|74/100|[from] item: Leftovers
|upkeep
|turn|3
|
|t:|1664302466
|move|p1a: Heatran|Flash Cannon|p2a: Tyranitar
|-supereffective|p2a: Tyranitar
|-damage|p2a: Tyranitar|25/100
|move|p2a: Tyranitar|Stealth Rock|p1a: Heatran
|-sidestart|p1: CoconutCrabs|move: Stealth Rock
|
|-weather|Sandstorm|[upkeep]
|-heal|p2a: Tyranitar|32/100|[from] item: Leftovers
|upkeep
|turn|4
|
|t:|1664302475
|switch|p1a: Tangrowth|Tangrowth, M|100/100
|-damage|p1a: Tangrowth|88/100|[from] Stealth Rock
|switch|p2a: Slowbro|Slowbro, F|100/100
|
|-weather|Sandstorm|[upkeep]
|-damage|p1a: Tangrowth|82/100|[from] Sandstorm
|-damage|p2a: Slowbro|94/100|[from] Sandstorm
|upkeep
|turn|5
|l| YB is BETTER
|j| HereForFrens
|
|t:|1664302499
|move|p1a: Tangrowth|Knock Off|p2a: Slowbro
|-supereffective|p2a: Slowbro
|-damage|p2a: Slowbro|71/100
|-damage|p1a: Tangrowth|65/100|[from] item: Rocky Helmet|[of] p2a: Slowbro
|-enditem|p2a: Slowbro|Rocky Helmet|[from] move: Knock Off|[of] p1a: Tangrowth
|move|p2a: Slowbro|Teleport|p2a: Slowbro
|
|t:|1664302502
|switch|p2a: Vanilluxe|Vanilluxe, M|100/100|[from]move: Teleport
|-weather|Hail|[from] ability: Snow Warning|[of] p2a: Vanilluxe
|
|-weather|Hail|[upkeep]
|-damage|p1a: Tangrowth|59/100|[from] Hail
|upkeep
|turn|6
|
|t:|1664302507
|switch|p2a: Diggersby|Diggersby, M|100/100
|switch|p1a: Tyranitar|Tyranitar, M|100/100
|-damage|p1a: Tyranitar|88/100|[from] Stealth Rock
|-weather|Sandstorm|[from] ability: Sand Stream|[of] p1a: Tyranitar
|
|-weather|Sandstorm|[upkeep]
|-heal|p1a: Tyranitar|94/100|[from] item: Leftovers
|upkeep
|turn|7
|
|t:|1664302511
|switch|p1a: Tangrowth|Tangrowth, M|92/100
|-damage|p1a: Tangrowth|80/100|[from] Stealth Rock
|move|p2a: Diggersby|Spikes|p1a: Tangrowth
|-sidestart|p1: CoconutCrabs|Spikes
|
|-weather|Sandstorm|[upkeep]
|-damage|p1a: Tangrowth|74/100|[from] Sandstorm
|upkeep
|turn|8
|
|t:|1664302516
|switch|p2a: Vanilluxe|Vanilluxe, M|100/100
|-weather|Hail|[from] ability: Snow Warning|[of] p2a: Vanilluxe
|switch|p1a: Excadrill|Excadrill, M|100/100
|-damage|p1a: Excadrill|97/100|[from] Stealth Rock
|-damage|p1a: Excadrill|85/100|[from] Spikes
|
|-weather|Hail|[upkeep]
|-damage|p1a: Excadrill|79/100|[from] Hail
|-heal|p1a: Excadrill|85/100|[from] item: Leftovers
|upkeep
|turn|9
|
|t:|1664302524
|move|p2a: Vanilluxe|Blizzard|p1a: Excadrill
|-damage|p1a: Excadrill|16/100
|move|p1a: Excadrill|Rapid Spin|p2a: Vanilluxe
|-damage|p2a: Vanilluxe|72/100
|-boost|p1a: Excadrill|spe|1
|-sideend|p1: CoconutCrabs|Spikes|[from] move: Rapid Spin|[of] p1a: Excadrill
|-sideend|p1: CoconutCrabs|Stealth Rock|[from] move: Rapid Spin|[of] p1a: Excadrill
|
|-weather|Hail|[upkeep]
|-damage|p1a: Excadrill|10/100|[from] Hail
|-heal|p1a: Excadrill|16/100|[from] item: Leftovers
|upkeep
|turn|10
|
|t:|1664302531
|switch|p2a: Corviknight|Corviknight, M|100/100
|-ability|p2a: Corviknight|Pressure
|switch|p1a: Heatran|Heatran, M|100/100
|
|-weather|Hail|[upkeep]
|-damage|p1a: Heatran|94/100|[from] Hail
|-damage|p2a: Corviknight|94/100|[from] Hail
|upkeep
|turn|11
|l| HereForFrens
|
|t:|1664302557
|switch|p2a: Tyranitar|Tyranitar, M|32/100
|-weather|Sandstorm|[from] ability: Sand Stream|[of] p2a: Tyranitar
|move|p1a: Heatran|Eruption|p2a: Tyranitar
|-resisted|p2a: Tyranitar
|-damage|p2a: Tyranitar|16/100
|
|-weather|Sandstorm|[upkeep]
|-heal|p2a: Tyranitar|22/100|[from] item: Leftovers
|upkeep
|turn|12
|j| HereForFrens
|l|☆CoconutCrabs
|inactive|CoconutCrabs disconnected and has a minute to reconnect!
|player|p1|
|inactive|CoconutCrabs has 30 seconds to reconnect!
|inactive|slowbrothough has 120 seconds left.
|inactive|CoconutCrabs has 20 seconds to reconnect!
|inactive|CoconutCrabs has 15 seconds to reconnect!
|inactive|CoconutCrabs has 10 seconds to reconnect!
|inactive|CoconutCrabs has 5 seconds to reconnect!
|-message|CoconutCrabs lost due to inactivity.
|
|win|slowbrothough
|raw|CoconutCrabs's rating: 1842 &rarr; <strong>1824</strong><br />(-18 for losing)
|raw|slowbrothough's rating: 1869 &rarr; <strong>1887</strong><br />(+18 for winning)
|l| HereForFrens
|l| tunteja
||Ladder isn't responding, score probably updated but might not have (Request timeout).
