|j|☆minimax_ai
|j|☆Darkman64
|t:|1663037431
|gametype|singles
|player|p1|minimax_ai|lusamine-nihilego|1585
|player|p2|Darkman64|juan|1583
|teamsize|p1|6
|teamsize|p2|6
|gen|8
|tier|[Gen 8] OU
|rated|
|rule|Sleep Clause Mod: Limit one foe put to sleep
|rule|Species Clause: Limit one of each Pokémon
|rule|OHKO Clause: OHKO moves are banned
|rule|Evasion Items Clause: Evasion items are banned
|rule|Evasion Moves Clause: Evasion moves are banned
|rule|Endless Battle Clause: Forcing endless battles is banned
|rule|HP Percentage Mod: HP is shown in percentages
|rule|Dynamax Clause: You cannot dynamax
|clearpoke
|poke|p1|Rotom-Wash|
|poke|p1|Weavile, F|
|poke|p1|Landorus-Therian, M|
|poke|p1|Heatran, M|
|poke|p1|Tangrowth, M|
|poke|p1|Melmetal|
|poke|p2|Weavile, F|
|poke|p2|Slowbro, F|
|poke|p2|Landorus-Therian, M|
|poke|p2|Urshifu-*, M|
|poke|p2|Ferrothorn, F|
|poke|p2|Clefable, M|
|teampreview
|c|☆minimax_ai|hf
|inactive|Battle timer is ON: inactive players will automatically lose when time's up. (requested by minimax_ai)
|
|t:|1663037457
|start
|switch|p1a: landorustherian|Landorus-Therian, M|100/100
|switch|p2a: Weavile|Weavile, F|100/100
|-ability|p2a: Weavile|Pressure
|-ability|p1a: landorustherian|Intimidate|boost
|-unboost|p2a: Weavile|atk|1
|turn|1
|j| TJ Too Smooth
|
|t:|1663037460
|switch|p1a: Tangrowth|Tangrowth, M|100/100
|move|p2a: Weavile|Knock Off|p1a: Tangrowth
|-damage|p1a: Tangrowth|74/100
|-damage|p2a: Weavile|84/100|[from] item: Rocky Helmet|[of] p1a: Tangrowth
|-enditem|p1a: Tangrowth|Rocky Helmet|[from] move: Knock Off|[of] p2a: Weavile
|
|upkeep
|turn|2
|
|t:|1663037463
|switch|p2a: Ferrothorn|Ferrothorn, F|100/100
|move|p1a: Tangrowth|Focus Blast|p2a: Ferrothorn
|-supereffective|p2a: Ferrothorn
|-damage|p2a: Ferrothorn|54/100
|
|-heal|p2a: Ferrothorn|60/100|[from] item: Leftovers
|upkeep
|turn|3
|
|t:|1663037466
|switch|p1a: Heatran|Heatran, M|100/100
|-item|p1a: Heatran|Air Balloon
|move|p2a: Ferrothorn|Spikes|p1a: Heatran
|-sidestart|p1: minimax_ai|Spikes
|
|-heal|p2a: Ferrothorn|66/100|[from] item: Leftovers
|upkeep
|turn|4
|
|t:|1663037469
|switch|p2a: Slowbro|Slowbro, F|100/100
|move|p1a: Heatran|Eruption|p2a: Slowbro
|-resisted|p2a: Slowbro
|-damage|p2a: Slowbro|63/100
|
|upkeep
|turn|5
|
|t:|1663037472
|move|p1a: Heatran|Stealth Rock|p2a: Slowbro
|-sidestart|p2: Darkman64|move: Stealth Rock
|move|p2a: Slowbro|Scald|p1a: Heatran
|-supereffective|p1a: Heatran
|-damage|p1a: Heatran|50/100
|-enditem|p1a: Heatran|Air Balloon
|
|upkeep
|turn|6
|inactive|Darkman64 has 120 seconds left.
|j| Jom & Terry
|
|t:|1663037511
|switch|p1a: Tangrowth|Tangrowth, M|100/100
|-damage|p1a: Tangrowth|88/100|[from] Spikes
|move|p2a: Slowbro|Scald|p1a: Tangrowth
|-resisted|p1a: Tangrowth
|-damage|p1a: Tangrowth|69/100
|-status|p1a: Tangrowth|brn
|
|-damage|p1a: Tangrowth|63/100 brn|[from] brn
|upkeep
|turn|7
|inactive|Darkman64 has 120 seconds left.
|
|t:|1663037517
|switch|p2a: Ferrothorn|Ferrothorn, F|66/100
|-damage|p2a: Ferrothorn|60/100|[from] Stealth Rock
|move|p1a: Tangrowth|Focus Blast|p2a: Ferrothorn|[miss]
|-miss|p1a: Tangrowth|p2a: Ferrothorn
|
|-heal|p2a: Ferrothorn|66/100|[from] item: Leftovers
|-damage|p1a: Tangrowth|56/100 brn|[from] brn
|upkeep
|turn|8
|
|t:|1663037520
|switch|p2a: Landorus|Landorus-Therian, M|100/100
|-damage|p2a: Landorus|88/100|[from] Stealth Rock
|-ability|p2a: Landorus|Intimidate|boost
|-unboost|p1a: Tangrowth|atk|1
|move|p1a: Tangrowth|Focus Blast|p2a: Landorus
|-resisted|p2a: Landorus
|-damage|p2a: Landorus|78/100
|-unboost|p2a: Landorus|spd|1
|
|-heal|p2a: Landorus|84/100|[from] item: Leftovers
|-damage|p1a: Tangrowth|50/100 brn|[from] brn
|upkeep
|turn|9
|
|t:|1663037522
|switch|p1a: landorustherian|Landorus-Therian, M|100/100
|-ability|p1a: landorustherian|Intimidate|boost
|-unboost|p2a: Landorus|atk|1
|move|p2a: Landorus|U-turn|p1a: landorustherian
|-resisted|p1a: landorustherian
|-damage|p1a: landorustherian|93/100
|
|t:|1663037525
|switch|p2a: Urshifu|Urshifu-Rapid-Strike, M|100/100|[from]move: U-turn
|-damage|p2a: Urshifu|94/100|[from] Stealth Rock
|
|-heal|p1a: landorustherian|99/100|[from] item: Leftovers
|upkeep
|turn|10
|
|t:|1663037527
|switch|p1a: Tangrowth|Tangrowth, M|83/100 brn
|-damage|p1a: Tangrowth|71/100 brn|[from] Spikes
|move|p2a: Urshifu|Surging Strikes|p1a: Tangrowth
|-resisted|p1a: Tangrowth
|-crit|p1a: Tangrowth
|-damage|p1a: Tangrowth|63/100 brn
|-resisted|p1a: Tangrowth
|-crit|p1a: Tangrowth
|-damage|p1a: Tangrowth|55/100 brn
|-resisted|p1a: Tangrowth
|-crit|p1a: Tangrowth
|-damage|p1a: Tangrowth|48/100 brn
|-hitcount|p1a: Tangrowth|3
|
|-damage|p1a: Tangrowth|42/100 brn|[from] brn
|upkeep
|turn|11
|
|t:|1663037531
|switch|p2a: Slowbro|Slowbro, F|96/100
|move|p1a: Tangrowth|Focus Blast|p2a: Slowbro
|-resisted|p2a: Slowbro
|-damage|p2a: Slowbro|82/100
|
|-damage|p1a: Tangrowth|36/100 brn|[from] brn
|upkeep
|turn|12
|
|t:|1663037533
|switch|p2a: Ferrothorn|Ferrothorn, F|66/100
|-damage|p2a: Ferrothorn|60/100|[from] Stealth Rock
|move|p1a: Tangrowth|Focus Blast|p2a: Ferrothorn|[miss]
|-miss|p1a: Tangrowth|p2a: Ferrothorn
|
|-heal|p2a: Ferrothorn|66/100|[from] item: Leftovers
|-damage|p1a: Tangrowth|29/100 brn|[from] brn
|upkeep
|turn|13
|j| chainsawhand
|l| TJ Too Smooth
|inactive|Darkman64 has 120 seconds left.
|l| chainsawhand
|j| TJ Too Smooth
|
|t:|1663037576
|move|p1a: Tangrowth|Focus Blast|p2a: Ferrothorn
|-supereffective|p2a: Ferrothorn
|-damage|p2a: Ferrothorn|13/100
|move|p2a: Ferrothorn|Knock Off|p1a: Tangrowth
|-damage|p1a: Tangrowth|22/100 brn
|
|-heal|p2a: Ferrothorn|19/100|[from] item: Leftovers
|-damage|p1a: Tangrowth|15/100 brn|[from] brn
|upkeep
|turn|14
|
|t:|1663037579
|switch|p2a: Slowbro|Slowbro, F|100/100
|move|p1a: Tangrowth|Focus Blast|p2a: Slowbro
|-resisted|p2a: Slowbro
|-damage|p2a: Slowbro|86/100
|
|-damage|p1a: Tangrowth|9/100 brn|[from] brn
|upkeep
|turn|15
|
|t:|1663037581
|switch|p2a: Clefable|Clefable, M|100/100
|-damage|p2a: Clefable|88/100|[from] Stealth Rock
|move|p1a: Tangrowth|Giga Drain|p2a: Clefable
|-damage|p2a: Clefable|60/100
|-heal|p1a: Tangrowth|23/100 brn|[from] drain|[of] p2a: Clefable
|
|-heal|p2a: Clefable|66/100|[from] item: Leftovers
|-damage|p1a: Tangrowth|17/100 brn|[from] brn
|upkeep
|turn|16
|j| bluect
|
|t:|1663037585
|switch|p1a: landorustherian|Landorus-Therian, M|99/100
|-ability|p1a: landorustherian|Intimidate|boost
|-unboost|p2a: Clefable|atk|1
|move|p2a: Clefable|Wish|p2a: Clefable
|
|-heal|p1a: landorustherian|100/100|[from] item: Leftovers
|-heal|p2a: Clefable|72/100|[from] item: Leftovers
|upkeep
|turn|17
|
|t:|1663037590
|move|p1a: landorustherian|Earthquake|p2a: Clefable
|-damage|p2a: Clefable|36/100
|move|p2a: Clefable|Teleport|p2a: Clefable
|
|t:|1663037593
|switch|p2a: Ferrothorn|Ferrothorn, F|19/100|[from]move: Teleport
|-damage|p2a: Ferrothorn|13/100|[from] Stealth Rock
|
|-heal|p2a: Ferrothorn|69/100|[from] move: Wish|[wisher] Clefable
|-heal|p2a: Ferrothorn|75/100|[from] item: Leftovers
|upkeep
|turn|18
|
|t:|1663037594
|move|p1a: landorustherian|Earthquake|p2a: Ferrothorn
|-damage|p2a: Ferrothorn|50/100
|move|p2a: Ferrothorn|Leech Seed|p1a: landorustherian|[miss]
|-miss|p2a: Ferrothorn|p1a: landorustherian
|
|-heal|p2a: Ferrothorn|56/100|[from] item: Leftovers
|upkeep
|turn|19
|
|t:|1663037596
|move|p1a: landorustherian|Earthquake|p2a: Ferrothorn
|-crit|p2a: Ferrothorn
|-damage|p2a: Ferrothorn|15/100
|move|p2a: Ferrothorn|Leech Seed|p1a: landorustherian
|-start|p1a: landorustherian|move: Leech Seed
|
|-heal|p2a: Ferrothorn|21/100|[from] item: Leftovers
|-damage|p1a: landorustherian|88/100|[from] Leech Seed|[of] p2a: Ferrothorn
|-heal|p2a: Ferrothorn|35/100|[silent]
|upkeep
|turn|20
|
|t:|1663037599
|switch|p2a: Landorus|Landorus-Therian, M|84/100
|-damage|p2a: Landorus|71/100|[from] Stealth Rock
|-ability|p2a: Landorus|Intimidate|boost
|-unboost|p1a: landorustherian|atk|1
|move|p1a: landorustherian|U-turn|p2a: Landorus
|-resisted|p2a: Landorus
|-damage|p2a: Landorus|64/100
|
|t:|1663037599
|switch|p1a: Weavile|Weavile, F|100/100|[from]move: U-turn
|-damage|p1a: Weavile|88/100|[from] Spikes
|-ability|p1a: Weavile|Pressure
|
|-heal|p2a: Landorus|70/100|[from] item: Leftovers
|upkeep
|turn|21
|
|t:|1663037606
|switch|p2a: Ferrothorn|Ferrothorn, F|35/100
|-damage|p2a: Ferrothorn|28/100|[from] Stealth Rock
|move|p1a: Weavile|Triple Axel|p2a: Ferrothorn|[miss]
|-miss|p1a: Weavile|p2a: Ferrothorn
|
|-heal|p2a: Ferrothorn|35/100|[from] item: Leftovers
|upkeep
|turn|22
|
|t:|1663037610
|switch|p2a: Slowbro|Slowbro, F|100/100
|move|p1a: Weavile|Triple Axel|p2a: Slowbro
|-resisted|p2a: Slowbro
|-damage|p2a: Slowbro|96/100
|-hitcount|p2a: Slowbro|1
|
|upkeep
|turn|23
|
|t:|1663037614
|switch|p1a: Tangrowth|Tangrowth, M|50/100 brn
|-damage|p1a: Tangrowth|38/100 brn|[from] Spikes
|move|p2a: Slowbro|Teleport|p2a: Slowbro
|
|t:|1663037618
|switch|p2a: Urshifu|Urshifu-Rapid-Strike, M|94/100|[from]move: Teleport
|-damage|p2a: Urshifu|88/100|[from] Stealth Rock
|
|-damage|p1a: Tangrowth|31/100 brn|[from] brn
|upkeep
|turn|24
|
|t:|1663037622
|switch|p1a: rotomwash|Rotom-Wash|100/100
|move|p2a: Urshifu|Surging Strikes|p1a: rotomwash
|-resisted|p1a: rotomwash
|-crit|p1a: rotomwash
|-damage|p1a: rotomwash|84/100
|-resisted|p1a: rotomwash
|-crit|p1a: rotomwash
|-damage|p1a: rotomwash|68/100
|-resisted|p1a: rotomwash
|-crit|p1a: rotomwash
|-damage|p1a: rotomwash|52/100
|-hitcount|p1a: rotomwash|3
|
|-heal|p1a: rotomwash|59/100|[from] item: Leftovers
|upkeep
|turn|25
|
|t:|1663037627
|switch|p2a: Landorus|Landorus-Therian, M|70/100
|-damage|p2a: Landorus|58/100|[from] Stealth Rock
|-ability|p2a: Landorus|Intimidate|boost
|-unboost|p1a: rotomwash|atk|1
|move|p1a: rotomwash|Thunderbolt|p2a: Landorus
|-immune|p2a: Landorus
|
|-heal|p1a: rotomwash|65/100|[from] item: Leftovers
|-heal|p2a: Landorus|64/100|[from] item: Leftovers
|upkeep
|turn|26
|
|t:|1663037630
|switch|p2a: Slowbro|Slowbro, F|100/100
|move|p1a: rotomwash|Hydro Pump|p2a: Slowbro
|-resisted|p2a: Slowbro
|-damage|p2a: Slowbro|80/100
|
|-heal|p1a: rotomwash|71/100|[from] item: Leftovers
|upkeep
|turn|27
|
|t:|1663037635
|move|p1a: rotomwash|Thunderbolt|p2a: Slowbro
|-supereffective|p2a: Slowbro
|-damage|p2a: Slowbro|15/100
|move|p2a: Slowbro|Teleport|p2a: Slowbro
|
|t:|1663037638
|switch|p2a: Urshifu|Urshifu-Rapid-Strike, M|88/100|[from]move: Teleport
|-damage|p2a: Urshifu|82/100|[from] Stealth Rock
|
|-heal|p1a: rotomwash|77/100|[from] item: Leftovers
|upkeep
|turn|28
|
|t:|1663037641
|switch|p1a: Tangrowth|Tangrowth, M|65/100 brn
|-damage|p1a: Tangrowth|52/100 brn|[from] Spikes
|move|p2a: Urshifu|Surging Strikes|p1a: Tangrowth
|-resisted|p1a: Tangrowth
|-crit|p1a: Tangrowth
|-damage|p1a: Tangrowth|44/100 brn
|-resisted|p1a: Tangrowth
|-crit|p1a: Tangrowth
|-damage|p1a: Tangrowth|36/100 brn
|-resisted|p1a: Tangrowth
|-crit|p1a: Tangrowth
|-damage|p1a: Tangrowth|28/100 brn
|-hitcount|p1a: Tangrowth|3
|
|-damage|p1a: Tangrowth|22/100 brn|[from] brn
|upkeep
|turn|29
|
|t:|1663037643
|switch|p1a: rotomwash|Rotom-Wash|77/100
|move|p2a: Urshifu|Surging Strikes|p1a: rotomwash
|-resisted|p1a: rotomwash
|-crit|p1a: rotomwash
|-damage|p1a: rotomwash|61/100
|-resisted|p1a: rotomwash
|-crit|p1a: rotomwash
|-damage|p1a: rotomwash|46/100
|-resisted|p1a: rotomwash
|-crit|p1a: rotomwash
|-damage|p1a: rotomwash|29/100
|-hitcount|p1a: rotomwash|3
|
|-heal|p1a: rotomwash|36/100|[from] item: Leftovers
|upkeep
|turn|30
|
|t:|1663037646
|switch|p1a: Tangrowth|Tangrowth, M|55/100 brn
|-damage|p1a: Tangrowth|43/100 brn|[from] Spikes
|move|p2a: Urshifu|Surging Strikes|p1a: Tangrowth
|-resisted|p1a: Tangrowth
|-crit|p1a: Tangrowth
|-damage|p1a: Tangrowth|36/100 brn
|-resisted|p1a: Tangrowth
|-crit|p1a: Tangrowth
|-damage|p1a: Tangrowth|27/100 brn
|-resisted|p1a: Tangrowth
|-crit|p1a: Tangrowth
|-damage|p1a: Tangrowth|20/100 brn
|-hitcount|p1a: Tangrowth|3
|
|-damage|p1a: Tangrowth|14/100 brn|[from] brn
|upkeep
|turn|31
|
|t:|1663037649
|switch|p1a: Melmetal|Melmetal|100/100
|-damage|p1a: Melmetal|88/100|[from] Spikes
|move|p2a: Urshifu|Surging Strikes|p1a: Melmetal
|-crit|p1a: Melmetal
|-damage|p1a: Melmetal|71/100
|-crit|p1a: Melmetal
|-damage|p1a: Melmetal|53/100
|-crit|p1a: Melmetal
|-damage|p1a: Melmetal|37/100
|-hitcount|p1a: Melmetal|3
|
|upkeep
|turn|32
|
|t:|1663037653
|switch|p2a: Weavile|Weavile, F|84/100
|-damage|p2a: Weavile|59/100|[from] Stealth Rock
|-ability|p2a: Weavile|Pressure
|switch|p1a: rotomwash|Rotom-Wash|36/100
|
|-heal|p1a: rotomwash|42/100|[from] item: Leftovers
|upkeep
|turn|33
|
|t:|1663037654
|move|p2a: Weavile|Knock Off|p1a: rotomwash
|-damage|p1a: rotomwash|0 fnt
|-enditem|p1a: rotomwash|Leftovers|[from] move: Knock Off|[of] p2a: Weavile
|faint|p1a: rotomwash
|
|upkeep
|
|t:|1663037654
|switch|p1a: Weavile|Weavile, F|88/100
|-damage|p1a: Weavile|76/100|[from] Spikes
|-ability|p1a: Weavile|Pressure
|turn|34
|
|t:|1663037657
|move|p1a: Weavile|Low Kick|p2a: Weavile
|-supereffective|p2a: Weavile
|-damage|p2a: Weavile|0 fnt
|faint|p2a: Weavile
|
|upkeep
|
|t:|1663037664
|switch|p2a: Clefable|Clefable, M|36/100
|-damage|p2a: Clefable|24/100|[from] Stealth Rock
|turn|35
|
|t:|1663037667
|switch|p1a: landorustherian|Landorus-Therian, M|88/100
|-ability|p1a: landorustherian|Intimidate|boost
|-unboost|p2a: Clefable|atk|1
|move|p2a: Clefable|Wish|p2a: Clefable
|
|-heal|p1a: landorustherian|94/100|[from] item: Leftovers
|-heal|p2a: Clefable|30/100|[from] item: Leftovers
|upkeep
|turn|36
|
|t:|1663037670
|move|p2a: Clefable|Protect|p2a: Clefable
|-singleturn|p2a: Clefable|Protect
|move|p1a: landorustherian|Toxic|p2a: Clefable
|-activate|p2a: Clefable|move: Protect
|
|-heal|p2a: Clefable|80/100|[from] move: Wish|[wisher] Clefable
|-heal|p1a: landorustherian|99/100|[from] item: Leftovers
|-heal|p2a: Clefable|86/100|[from] item: Leftovers
|upkeep
|turn|37
|
|t:|1663037672
|switch|p2a: Landorus|Landorus-Therian, M|64/100
|-damage|p2a: Landorus|52/100|[from] Stealth Rock
|-ability|p2a: Landorus|Intimidate|boost
|-unboost|p1a: landorustherian|atk|1
|move|p1a: landorustherian|Earthquake|p2a: Landorus
|-immune|p2a: Landorus
|
|-heal|p1a: landorustherian|100/100|[from] item: Leftovers
|-heal|p2a: Landorus|58/100|[from] item: Leftovers
|upkeep
|turn|38
|
|t:|1663037675
|move|p1a: landorustherian|Toxic|p2a: Landorus
|-status|p2a: Landorus|tox
|move|p2a: Landorus|U-turn|p1a: landorustherian
|-resisted|p1a: landorustherian
|-damage|p1a: landorustherian|89/100
|
|t:|1663037677
|switch|p2a: Urshifu|Urshifu-Rapid-Strike, M|82/100|[from]move: U-turn
|-damage|p2a: Urshifu|76/100|[from] Stealth Rock
|
|-heal|p1a: landorustherian|95/100|[from] item: Leftovers
|upkeep
|turn|39
|
|t:|1663037680
|switch|p1a: Melmetal|Melmetal|37/100
|-damage|p1a: Melmetal|25/100|[from] Spikes
|move|p2a: Urshifu|U-turn|p1a: Melmetal
|-resisted|p1a: Melmetal
|-damage|p1a: Melmetal|15/100
|
|t:|1663037685
|switch|p2a: Slowbro|Slowbro, F|48/100|[from]move: U-turn
|
|upkeep
|turn|40
|
|t:|1663037686
|move|p1a: Melmetal|Double Iron Bash|p2a: Slowbro
|-resisted|p2a: Slowbro
|-damage|p2a: Slowbro|36/100
|-resisted|p2a: Slowbro
|-damage|p2a: Slowbro|25/100
|-hitcount|p2a: Slowbro|2
|cant|p2a: Slowbro|flinch
|
|upkeep
|turn|41
|
|t:|1663037690
|move|p1a: Melmetal|Double Iron Bash|p2a: Slowbro
|-resisted|p2a: Slowbro
|-damage|p2a: Slowbro|13/100
|-resisted|p2a: Slowbro
|-crit|p2a: Slowbro
|-damage|p2a: Slowbro|0 fnt
|faint|p2a: Slowbro
|-hitcount|p2: Slowbro|2
|
|upkeep
|c|☆Darkman64|.-.
|
|t:|1663037701
|switch|p2a: Urshifu|Urshifu-Rapid-Strike, M|76/100
|-damage|p2a: Urshifu|70/100|[from] Stealth Rock
|turn|42
|
|t:|1663037705
|switch|p1a: Tangrowth|Tangrowth, M|47/100 brn
|-damage|p1a: Tangrowth|34/100 brn|[from] Spikes
|move|p2a: Urshifu|Close Combat|p1a: Tangrowth
|-damage|p1a: Tangrowth|0 fnt
|-unboost|p2a: Urshifu|def|1
|-unboost|p2a: Urshifu|spd|1
|faint|p1a: Tangrowth
|
|upkeep
|
|t:|1663037705
|switch|p1a: Weavile|Weavile, F|76/100
|-damage|p1a: Weavile|63/100|[from] Spikes
|-ability|p1a: Weavile|Pressure
|turn|43
|
|t:|1663037709
|switch|p2a: Ferrothorn|Ferrothorn, F|35/100
|-damage|p2a: Ferrothorn|28/100|[from] Stealth Rock
|move|p1a: Weavile|Low Kick|p2a: Ferrothorn
|-supereffective|p2a: Ferrothorn
|-damage|p2a: Ferrothorn|0 fnt
|-damage|p1a: Weavile|51/100|[from] ability: Iron Barbs|[of] p2a: Ferrothorn
|faint|p2a: Ferrothorn
|
|upkeep
|j| wdz999
|
|t:|1663037713
|switch|p2a: Clefable|Clefable, M|86/100
|-damage|p2a: Clefable|74/100|[from] Stealth Rock
|turn|44
|
|t:|1663037715
|switch|p1a: Heatran|Heatran, M|50/100
|-damage|p1a: Heatran|37/100|[from] Spikes
|move|p2a: Clefable|Teleport|p2a: Clefable
|
|t:|1663037719
|switch|p2a: Urshifu|Urshifu-Rapid-Strike, M|70/100|[from]move: Teleport
|-damage|p2a: Urshifu|64/100|[from] Stealth Rock
|
|upkeep
|turn|45
|
|t:|1663037726
|switch|p1a: Melmetal|Melmetal|15/100
|-damage|p1a: Melmetal|3/100|[from] Spikes
|move|p2a: Urshifu|Surging Strikes|p1a: Melmetal
|-crit|p1a: Melmetal
|-damage|p1a: Melmetal|0 fnt
|faint|p1a: Melmetal
|-hitcount|p1: Melmetal|1
|
|upkeep
|
|t:|1663037726
|switch|p1a: landorustherian|Landorus-Therian, M|95/100
|-ability|p1a: landorustherian|Intimidate|boost
|-unboost|p2a: Urshifu|atk|1
|turn|46
|l| wdz999
|
|t:|1663037729
|switch|p1a: Heatran|Heatran, M|37/100
|-damage|p1a: Heatran|25/100|[from] Spikes
|move|p2a: Urshifu|Surging Strikes|p1a: Heatran
|-supereffective|p1a: Heatran
|-crit|p1a: Heatran
|-damage|p1a: Heatran|0 fnt
|faint|p1a: Heatran
|-hitcount|p1: Heatran|1
|
|upkeep
|
|t:|1663037729
|switch|p1a: landorustherian|Landorus-Therian, M|95/100
|-ability|p1a: landorustherian|Intimidate|boost
|-unboost|p2a: Urshifu|atk|1
|turn|47
|j| Me1oNz
|
|t:|1663037738
|switch|p2a: Landorus|Landorus-Therian, M|58/100 tox
|-damage|p2a: Landorus|45/100 tox|[from] Stealth Rock
|-ability|p2a: Landorus|Intimidate|boost
|-unboost|p1a: landorustherian|atk|1
|switch|p1a: Weavile|Weavile, F|51/100
|-damage|p1a: Weavile|38/100|[from] Spikes
|-ability|p1a: Weavile|Pressure
|
|-heal|p2a: Landorus|51/100 tox|[from] item: Leftovers
|-damage|p2a: Landorus|45/100 tox|[from] psn
|upkeep
|turn|48
|
|t:|1663037745
|switch|p2a: Urshifu|Urshifu-Rapid-Strike, M|64/100
|-damage|p2a: Urshifu|58/100|[from] Stealth Rock
|move|p1a: Weavile|Triple Axel|p2a: Urshifu
|-resisted|p2a: Urshifu
|-damage|p2a: Urshifu|50/100
|-resisted|p2a: Urshifu
|-damage|p2a: Urshifu|34/100
|-resisted|p2a: Urshifu
|-damage|p2a: Urshifu|11/100
|-hitcount|p2a: Urshifu|3
|
|upkeep
|turn|49
|
|t:|1663037748
|move|p1a: Weavile|Triple Axel|p2a: Urshifu
|-resisted|p2a: Urshifu
|-damage|p2a: Urshifu|3/100
|-resisted|p2a: Urshifu
|-damage|p2a: Urshifu|0 fnt
|faint|p2a: Urshifu
|-hitcount|p2: Urshifu|2
|
|upkeep
|
|t:|1663037751
|switch|p2a: Clefable|Clefable, M|74/100
|-damage|p2a: Clefable|61/100|[from] Stealth Rock
|turn|50
|
|t:|1663037753
|move|p2a: Clefable|Protect|p2a: Clefable
|-singleturn|p2a: Clefable|Protect
|move|p1a: Weavile|Triple Axel|p2a: Clefable
|-activate|p2a: Clefable|move: Protect
|
|-heal|p2a: Clefable|67/100|[from] item: Leftovers
|upkeep
|turn|51
|
|t:|1663037755
|move|p1a: Weavile|Triple Axel|p2a: Clefable|[miss]
|-miss|p1a: Weavile|p2a: Clefable
|move|p2a: Clefable|Moonblast|p1a: Weavile
|-supereffective|p1a: Weavile
|-damage|p1a: Weavile|0 fnt
|faint|p1a: Weavile
|
|-heal|p2a: Clefable|73/100|[from] item: Leftovers
|upkeep
|
|t:|1663037755
|switch|p1a: landorustherian|Landorus-Therian, M|95/100
|-ability|p1a: landorustherian|Intimidate|boost
|-unboost|p2a: Clefable|atk|1
|turn|52
|c|☆Darkman64|soos orruy
|
|t:|1663037762
|move|p2a: Clefable|Protect|p2a: Clefable
|-singleturn|p2a: Clefable|Protect
|move|p1a: landorustherian|Earthquake|p2a: Clefable
|-activate|p2a: Clefable|move: Protect
|
|-heal|p1a: landorustherian|100/100|[from] item: Leftovers
|-heal|p2a: Clefable|79/100|[from] item: Leftovers
|upkeep
|turn|53
|
|t:|1663037766
|move|p1a: landorustherian|Earthquake|p2a: Clefable
|-damage|p2a: Clefable|43/100
|move|p2a: Clefable|Moonblast|p1a: landorustherian
|-damage|p1a: landorustherian|76/100
|
|-heal|p1a: landorustherian|82/100|[from] item: Leftovers
|-heal|p2a: Clefable|49/100|[from] item: Leftovers
|upkeep
|turn|54
|
|t:|1663037768
|move|p2a: Clefable|Protect|p2a: Clefable
|-singleturn|p2a: Clefable|Protect
|move|p1a: landorustherian|Earthquake|p2a: Clefable
|-activate|p2a: Clefable|move: Protect
|
|-heal|p1a: landorustherian|88/100|[from] item: Leftovers
|-heal|p2a: Clefable|56/100|[from] item: Leftovers
|upkeep
|turn|55
|
|t:|1663037770
|move|p1a: landorustherian|Earthquake|p2a: Clefable
|-damage|p2a: Clefable|19/100
|move|p2a: Clefable|Wish|p2a: Clefable
|
|-heal|p1a: landorustherian|94/100|[from] item: Leftovers
|-heal|p2a: Clefable|25/100|[from] item: Leftovers
|upkeep
|turn|56
|
|t:|1663037772
|move|p2a: Clefable|Protect|p2a: Clefable
|-singleturn|p2a: Clefable|Protect
|move|p1a: landorustherian|U-turn|p2a: Clefable
|-activate|p2a: Clefable|move: Protect
|
|-heal|p2a: Clefable|75/100|[from] move: Wish|[wisher] Clefable
|-heal|p1a: landorustherian|99/100|[from] item: Leftovers
|-heal|p2a: Clefable|81/100|[from] item: Leftovers
|upkeep
|turn|57
|
|t:|1663037773
|move|p1a: landorustherian|Earthquake|p2a: Clefable
|-damage|p2a: Clefable|45/100
|move|p2a: Clefable|Wish|p2a: Clefable
|
|-heal|p1a: landorustherian|100/100|[from] item: Leftovers
|-heal|p2a: Clefable|51/100|[from] item: Leftovers
|upkeep
|turn|58
|
|t:|1663037775
|switch|p2a: Landorus|Landorus-Therian, M|45/100 tox
|-damage|p2a: Landorus|33/100 tox|[from] Stealth Rock
|-ability|p2a: Landorus|Intimidate|boost
|-unboost|p1a: landorustherian|atk|1
|move|p1a: landorustherian|U-turn|p2a: Landorus
|-resisted|p2a: Landorus
|-damage|p2a: Landorus|26/100 tox
|
|-heal|p2a: Landorus|78/100 tox|[from] move: Wish|[wisher] Clefable
|-heal|p2a: Landorus|84/100 tox|[from] item: Leftovers
|-damage|p2a: Landorus|78/100 tox|[from] psn
|upkeep
|turn|59
|
|t:|1663037777
|move|p1a: landorustherian|U-turn|p2a: Landorus
|-resisted|p2a: Landorus
|-damage|p2a: Landorus|71/100 tox
|move|p2a: Landorus|Toxic|p1a: landorustherian
|-status|p1a: landorustherian|tox
|
|-heal|p2a: Landorus|77/100 tox|[from] item: Leftovers
|-damage|p1a: landorustherian|94/100 tox|[from] psn
|-damage|p2a: Landorus|65/100 tox|[from] psn
|upkeep
|turn|60
|
|t:|1663037781
|move|p1a: landorustherian|Earthquake|p2a: Landorus
|-immune|p2a: Landorus
|move|p2a: Landorus|Defog|p1a: landorustherian
|-unboost|p1a: landorustherian|evasion|1
|-sideend|p1: minimax_ai|Spikes|[from] move: Defog|[of] p2a: Landorus
|-sideend|p2: Darkman64|Stealth Rock|[from] move: Defog|[of] p2a: Landorus
|
|-heal|p1a: landorustherian|100/100 tox|[from] item: Leftovers
|-heal|p2a: Landorus|71/100 tox|[from] item: Leftovers
|-damage|p1a: landorustherian|88/100 tox|[from] psn
|-damage|p2a: Landorus|53/100 tox|[from] psn
|upkeep
|turn|61
|
|t:|1663037782
|move|p1a: landorustherian|Earthquake|p2a: Landorus
|-immune|p2a: Landorus
|move|p2a: Landorus|U-turn|p1a: landorustherian
|-resisted|p1a: landorustherian
|-damage|p1a: landorustherian|77/100 tox
|
|t:|1663037785
|switch|p2a: Clefable|Clefable, M|51/100|[from]move: U-turn
|
|-heal|p1a: landorustherian|83/100 tox|[from] item: Leftovers
|-heal|p2a: Clefable|57/100|[from] item: Leftovers
|-damage|p1a: landorustherian|65/100 tox|[from] psn
|upkeep
|turn|62
|
|t:|1663037786
|move|p2a: Clefable|Protect|p2a: Clefable
|-singleturn|p2a: Clefable|Protect
|move|p1a: landorustherian|Earthquake|p2a: Clefable
|-activate|p2a: Clefable|move: Protect
|
|-heal|p1a: landorustherian|71/100 tox|[from] item: Leftovers
|-heal|p2a: Clefable|63/100|[from] item: Leftovers
|-damage|p1a: landorustherian|47/100 tox|[from] psn
|upkeep
|turn|63
|
|t:|1663037788
|move|p1a: landorustherian|Earthquake|p2a: Clefable
|-damage|p2a: Clefable|26/100
|move|p2a: Clefable|Wish|p2a: Clefable
|
|-heal|p1a: landorustherian|53/100 tox|[from] item: Leftovers
|-heal|p2a: Clefable|32/100|[from] item: Leftovers
|-damage|p1a: landorustherian|23/100 tox|[from] psn
|upkeep
|turn|64
|
|t:|1663037791
|move|p2a: Clefable|Protect|p2a: Clefable
|-singleturn|p2a: Clefable|Protect
|move|p1a: landorustherian|Earthquake|p2a: Clefable
|-activate|p2a: Clefable|move: Protect
|
|-heal|p2a: Clefable|82/100|[from] move: Wish|[wisher] Clefable
|-heal|p1a: landorustherian|29/100 tox|[from] item: Leftovers
|-heal|p2a: Clefable|89/100|[from] item: Leftovers
|-damage|p1a: landorustherian|0 fnt|[from] psn
|faint|p1a: landorustherian
|
|win|Darkman64
|upkeep
|raw|minimax_ai's rating: 1585 &rarr; <strong>1566</strong><br />(-19 for losing)
|raw|Darkman64's rating: 1599 &rarr; <strong>1618</strong><br />(+19 for winning)
|c|☆minimax_ai|gg
