|j|☆Greengamer12
|j|☆cxmguzzler69
|t:|1654909455
|gametype|singles
|player|p1|Greengamer12|102|1401
|player|p2|cxmguzzler69|101|1350
|teamsize|p1|6
|teamsize|p2|6
|gen|8
|tier|[Gen 8] OU
|rated|
|rule|Sleep Clause Mod: Limit one foe put to sleep
|rule|Species Clause: Limit one of each Pokémon
|rule|OHKO Clause: OHKO moves are banned
|rule|Evasion Moves Clause: Evasion moves are banned
|rule|Endless Battle Clause: Forcing endless battles is banned
|rule|HP Percentage Mod: HP is shown in percentages
|rule|Dynamax Clause: You cannot dynamax
|clearpoke
|poke|p1|Blacephalon|
|poke|p1|Dragapult, M|
|poke|p1|Heatran, F|
|poke|p1|Landorus-Therian, M|
|poke|p1|Tornadus-Therian, M|
|poke|p1|Toxapex, F|
|poke|p2|Nihilego|
|poke|p2|Tapu Lele|
|poke|p2|Magnezone|
|poke|p2|Weavile, F|
|poke|p2|Slowbro, M|
|poke|p2|Landorus-Therian, M|
|teampreview
|
|t:|1654909485
|start
|switch|p1a: Tornadus|Tornadus-Therian, M|100/100
|switch|p2a: Tapu Lele|Tapu Lele|100/100
|-fieldstart|move: Psychic Terrain|[from] ability: Psychic Surge|[of] p2a: Tapu Lele
|turn|1
|inactive|Battle timer is ON: inactive players will automatically lose when time's up. (requested by Greengamer12)
|
|t:|1654909513
|switch|p2a: Magnezone|Magnezone|100/100
|move|p1a: Tornadus|Knock Off|p2a: Magnezone
|-damage|p2a: Magnezone|82/100
|-damage|p1a: Tornadus|84/100|[from] item: Rocky Helmet|[of] p2a: Magnezone
|-enditem|p2a: Magnezone|Rocky Helmet|[from] move: Knock Off|[of] p1a: Tornadus
|
|upkeep
|turn|2
|
|t:|1654909525
|move|p1a: Tornadus|U-turn|p2a: Magnezone
|-resisted|p2a: Magnezone
|-damage|p2a: Magnezone|76/100
|
|t:|1654909528
|switch|p1a: Landorus|Landorus-Therian, M|100/100|[from]move: U-turn
|-ability|p1a: Landorus|Intimidate|boost
|-unboost|p2a: Magnezone|atk|1
|move|p2a: Magnezone|Toxic|p1a: Landorus
|-status|p1a: Landorus|tox
|
|-damage|p1a: Landorus|94/100 tox|[from] psn
|upkeep
|turn|3
|
|t:|1654909540
|switch|p2a: Landorus|Landorus-Therian, M|100/100
|-ability|p2a: Landorus|Intimidate|boost
|-unboost|p1a: Landorus|atk|1
|move|p1a: Landorus|Toxic|p2a: Landorus
|-status|p2a: Landorus|tox
|
|-heal|p1a: Landorus|100/100 tox|[from] item: Leftovers
|-damage|p2a: Landorus|94/100 tox|[from] psn
|-damage|p1a: Landorus|88/100 tox|[from] psn
|upkeep
|turn|4
|
|t:|1654909547
|switch|p1a: Tornadus|Tornadus-Therian, M|100/100
|move|p2a: Landorus|Imprison|p2a: Landorus
|-start|p2a: Landorus|move: Imprison
|
|-heal|p2a: Landorus|100/100 tox|[from] item: Leftovers
|-damage|p2a: Landorus|88/100 tox|[from] psn
|upkeep
|turn|5
|
|t:|1654909562
|move|p1a: Tornadus|Knock Off|p2a: Landorus
|-damage|p2a: Landorus|72/100 tox
|-enditem|p2a: Landorus|Leftovers|[from] move: Knock Off|[of] p1a: Tornadus
|move|p2a: Landorus|Stealth Rock|p1a: Tornadus
|-sidestart|p1: Greengamer12|move: Stealth Rock
|
|-damage|p2a: Landorus|54/100 tox|[from] psn
|-fieldend|move: Psychic Terrain
|upkeep
|turn|6
|
|t:|1654909569
|move|p1a: Tornadus|Hurricane|p2a: Landorus|[miss]
|-miss|p1a: Tornadus|p2a: Landorus
|move|p2a: Landorus|U-turn|p1a: Tornadus
|-resisted|p1a: Tornadus
|-damage|p1a: Tornadus|87/100
|
|t:|1654909576
|switch|p2a: Magnezone|Magnezone|76/100|[from]move: U-turn
|
|upkeep
|turn|7
|
|t:|1654909588
|move|p1a: Tornadus|Heat Wave|p2a: Magnezone
|-supereffective|p2a: Magnezone
|-damage|p2a: Magnezone|10/100
|move|p2a: Magnezone|Discharge|p1a: Tornadus
|-supereffective|p1a: Tornadus
|-damage|p1a: Tornadus|42/100
|
|upkeep
|turn|8
|
|t:|1654909604
|move|p1a: Tornadus|U-turn|p2a: Magnezone
|-resisted|p2a: Magnezone
|-damage|p2a: Magnezone|3/100
|
|t:|1654909606
|switch|p1a: Landorus|Landorus-Therian, M|88/100 tox|[from]move: U-turn
|-damage|p1a: Landorus|76/100 tox|[from] Stealth Rock
|-ability|p1a: Landorus|Intimidate|boost
|-unboost|p2a: Magnezone|atk|1
|move|p2a: Magnezone|Discharge|p1a: Landorus
|-immune|p1a: Landorus
|
|-heal|p1a: Landorus|82/100 tox|[from] item: Leftovers
|-damage|p1a: Landorus|76/100 tox|[from] psn
|upkeep
|turn|9
|
|t:|1654909625
|switch|p2a: Landorus|Landorus-Therian, M|54/100 tox
|-ability|p2a: Landorus|Intimidate|boost
|-unboost|p1a: Landorus|atk|1
|move|p1a: Landorus|Defog|p2a: Landorus
|-unboost|p2a: Landorus|evasion|1
|-sideend|p1: Greengamer12|Stealth Rock|[from] move: Defog|[of] p1a: Landorus
|
|-heal|p1a: Landorus|82/100 tox|[from] item: Leftovers
|-damage|p2a: Landorus|47/100 tox|[from] psn
|-damage|p1a: Landorus|70/100 tox|[from] psn
|upkeep
|turn|10
|
|t:|1654909630
|switch|p1a: Tornadus|Tornadus-Therian, M|76/100
|move|p2a: Landorus|Stealth Rock|p1a: Tornadus
|-sidestart|p1: Greengamer12|move: Stealth Rock
|
|-damage|p2a: Landorus|35/100 tox|[from] psn
|upkeep
|turn|11
|
|t:|1654909645
|move|p1a: Tornadus|Hurricane|p2a: Landorus
|-damage|p2a: Landorus|0 fnt
|faint|p2a: Landorus
|
|upkeep
|
|t:|1654909654
|switch|p2a: Tapu Lele|Tapu Lele|100/100
|-fieldstart|move: Psychic Terrain|[from] ability: Psychic Surge|[of] p2a: Tapu Lele
|turn|12
|
|t:|1654909659
|move|p2a: Tapu Lele|Psyshock|p1a: Tornadus
|-crit|p1a: Tornadus
|-damage|p1a: Tornadus|0 fnt
|faint|p1a: Tornadus
|
|upkeep
|
|t:|1654909674
|switch|p1a: Heatran|Heatran, F|100/100
|-damage|p1a: Heatran|88/100|[from] Stealth Rock
|turn|13
|
|t:|1654909694
|switch|p2a: Magnezone|Magnezone|3/100
|switch|p1a: Dragapult|Dragapult, M|100/100
|-damage|p1a: Dragapult|88/100|[from] Stealth Rock
|
|upkeep
|turn|14
|
|t:|1654909703
|move|p1a: Dragapult|U-turn|p2a: Magnezone
|-resisted|p2a: Magnezone
|-crit|p2a: Magnezone
|-damage|p2a: Magnezone|0 fnt
|faint|p2a: Magnezone
|inactive|Greengamer12 has 120 seconds left.
|
|t:|1654909736
|switch|p1a: Heatran|Heatran, F|88/100|[from]move: U-turn
|-damage|p1a: Heatran|76/100|[from] Stealth Rock
|
|-heal|p1a: Heatran|82/100|[from] item: Leftovers
|upkeep
|
|t:|1654909739
|switch|p2a: Weavile|Weavile, F|100/100
|turn|15
|inactive|Greengamer12 has 120 seconds left.
|
|t:|1654909745
|switch|p1a: Toxapex|Toxapex, F|100/100
|-damage|p1a: Toxapex|88/100|[from] Stealth Rock
|move|p2a: Weavile|Low Kick|p1a: Toxapex
|-resisted|p1a: Toxapex
|-damage|p1a: Toxapex|84/100
|-enditem|p1a: Toxapex|Eject Button
|inactive|Greengamer12 has 120 seconds left.
|
|t:|1654909751
|switch|p1a: Dragapult|Dragapult, M|88/100
|-damage|p1a: Dragapult|76/100|[from] Stealth Rock
|
|upkeep
|turn|16
|
|t:|1654909762
|move|p1a: Dragapult|U-turn|p2a: Weavile
|-supereffective|p2a: Weavile
|-damage|p2a: Weavile|0 fnt
|faint|p2a: Weavile
|inactive|Greengamer12 has 120 seconds left.
|
|t:|1654909796
|switch|p1a: Toxapex|Toxapex, F|100/100|[from]move: U-turn
|-damage|p1a: Toxapex|88/100|[from] Stealth Rock
|
|-fieldend|move: Psychic Terrain
|upkeep
|
|t:|1654909808
|switch|p2a: Nihilego|Nihilego|100/100
|turn|17
|
|t:|1654909812
|move|p2a: Nihilego|Power Gem|p1a: Toxapex
|-damage|p1a: Toxapex|39/100
|move|p1a: Toxapex|Scald|p2a: Nihilego
|-supereffective|p2a: Nihilego
|-damage|p2a: Nihilego|75/100
|
|upkeep
|turn|18
|inactive|Greengamer12 has 120 seconds left.
|
|t:|1654909823
|move|p2a: Nihilego|Power Gem|p1a: Toxapex
|-damage|p1a: Toxapex|0 fnt
|faint|p1a: Toxapex
|-ability|p2a: Nihilego|Beast Boost|boost
|-boost|p2a: Nihilego|spa|1
|
|upkeep
|
|t:|1654909834
|switch|p1a: Blacephalon|Blacephalon|100/100
|-damage|p1a: Blacephalon|76/100|[from] Stealth Rock
|turn|19
|
|t:|1654909835
|move|p1a: Blacephalon|Shadow Ball|p2a: Nihilego
|-damage|p2a: Nihilego|18/100
|move|p2a: Nihilego|Power Gem|p1a: Blacephalon
|-supereffective|p1a: Blacephalon
|-damage|p1a: Blacephalon|0 fnt
|faint|p1a: Blacephalon
|-ability|p2a: Nihilego|Beast Boost|boost
|-boost|p2a: Nihilego|spa|1
|
|upkeep
|inactive|Greengamer12 has 120 seconds left.
|
|t:|1654909846
|switch|p1a: Dragapult|Dragapult, M|76/100
|-damage|p1a: Dragapult|64/100|[from] Stealth Rock
|turn|20
|inactive|Greengamer12 has 120 seconds left.
|
|t:|1654909860
|switch|p2a: Slowbro|Slowbro, M|100/100
|move|p1a: Dragapult|Phantom Force||[still]
|-prepare|p1a: Dragapult|Phantom Force
|
|upkeep
|turn|21
|
|t:|1654909866
|move|p1a: Dragapult|Phantom Force|p2a: Slowbro|[from]lockedmove
|-supereffective|p2a: Slowbro
|-damage|p2a: Slowbro|0 fnt
|faint|p2a: Slowbro
|
|upkeep
|
|t:|1654909878
|switch|p2a: Tapu Lele|Tapu Lele|100/100
|-fieldstart|move: Psychic Terrain|[from] ability: Psychic Surge|[of] p2a: Tapu Lele
|turn|22
|
|t:|1654909884
|switch|p2a: Nihilego|Nihilego|18/100
|switch|p1a: Heatran|Heatran, F|82/100
|-damage|p1a: Heatran|69/100|[from] Stealth Rock
|
|-heal|p1a: Heatran|76/100|[from] item: Leftovers
|upkeep
|turn|23
|
|t:|1654909888
|switch|p1a: Landorus|Landorus-Therian, M|70/100 tox
|-damage|p1a: Landorus|58/100 tox|[from] Stealth Rock
|-ability|p1a: Landorus|Intimidate|boost
|-unboost|p2a: Nihilego|atk|1
|move|p2a: Nihilego|Power Gem|p1a: Landorus
|-damage|p1a: Landorus|15/100 tox
|
|-heal|p1a: Landorus|21/100 tox|[from] item: Leftovers
|-damage|p1a: Landorus|15/100 tox|[from] psn
|upkeep
|turn|24
|
|t:|1654909890
|move|p2a: Nihilego|Power Gem|p1a: Landorus
|-damage|p1a: Landorus|0 fnt
|faint|p1a: Landorus
|-ability|p2a: Nihilego|Beast Boost|boost
|-boost|p2a: Nihilego|spa|1
|
|upkeep
|
|t:|1654909894
|switch|p1a: Dragapult|Dragapult, M|64/100
|-damage|p1a: Dragapult|51/100|[from] Stealth Rock
|turn|25
|
|t:|1654909903
|move|p1a: Dragapult|Phantom Force||[still]
|-prepare|p1a: Dragapult|Phantom Force
|move|p2a: Nihilego|Power Gem|p1a: Dragapult|[miss]
|-miss|p2a: Nihilego|p1a: Dragapult
|
|upkeep
|turn|26
|
|t:|1654909910
|move|p1a: Dragapult|Phantom Force|p2a: Nihilego|[from]lockedmove
|-damage|p2a: Nihilego|0 fnt
|faint|p2a: Nihilego
|
|-fieldend|move: Psychic Terrain
|upkeep
|
|t:|1654909911
|switch|p2a: Tapu Lele|Tapu Lele|100/100
|-fieldstart|move: Psychic Terrain|[from] ability: Psychic Surge|[of] p2a: Tapu Lele
|turn|27
|
|t:|1654909913
|move|p2a: Tapu Lele|Moonblast|p1a: Dragapult
|-supereffective|p1a: Dragapult
|-damage|p1a: Dragapult|0 fnt
|faint|p1a: Dragapult
|
|upkeep
|
|t:|1654909916
|switch|p1a: Heatran|Heatran, F|76/100
|-damage|p1a: Heatran|63/100|[from] Stealth Rock
|turn|28
|
|t:|1654909921
|move|p2a: Tapu Lele|Moonblast|p1a: Heatran
|-resisted|p1a: Heatran
|-damage|p1a: Heatran|54/100
|-unboost|p1a: Heatran|spa|1
|move|p1a: Heatran|Magma Storm|p2a: Tapu Lele|[miss]
|-miss|p1a: Heatran|p2a: Tapu Lele
|
|-heal|p1a: Heatran|60/100|[from] item: Leftovers
|upkeep
|turn|29
|
|t:|1654909924
|move|p2a: Tapu Lele|Moonblast|p1a: Heatran
|-resisted|p1a: Heatran
|-damage|p1a: Heatran|52/100
|move|p1a: Heatran|Magma Storm|p2a: Tapu Lele
|-damage|p2a: Tapu Lele|69/100
|-activate|p2a: Tapu Lele|move: Magma Storm|[of] p1a: Heatran
|
|-heal|p1a: Heatran|58/100|[from] item: Leftovers
|-damage|p2a: Tapu Lele|57/100|[from] move: Magma Storm|[partiallytrapped]
|upkeep
|turn|30
|
|t:|1654909930
|move|p2a: Tapu Lele|Moonblast|p1a: Heatran
|-resisted|p1a: Heatran
|-damage|p1a: Heatran|50/100
|move|p1a: Heatran|Earth Power|p2a: Tapu Lele
|-damage|p2a: Tapu Lele|40/100
|-unboost|p2a: Tapu Lele|spd|1
|
|-heal|p1a: Heatran|56/100|[from] item: Leftovers
|-damage|p2a: Tapu Lele|27/100|[from] move: Magma Storm|[partiallytrapped]
|upkeep
|turn|31
|
|t:|1654909931
|move|p2a: Tapu Lele|Moonblast|p1a: Heatran
|-resisted|p1a: Heatran
|-damage|p1a: Heatran|47/100
|move|p1a: Heatran|Earth Power|p2a: Tapu Lele
|-damage|p2a: Tapu Lele|2/100
|-unboost|p2a: Tapu Lele|spd|1
|
|-heal|p1a: Heatran|53/100|[from] item: Leftovers
|-damage|p2a: Tapu Lele|0 fnt|[from] move: Magma Storm|[partiallytrapped]
|faint|p2a: Tapu Lele
|
|win|Greengamer12
|upkeep
|raw|Greengamer12's rating: 1401 &rarr; <strong>1418</strong><br />(+17 for winning)
|raw|cxmguzzler69's rating: 1350 &rarr; <strong>1333</strong><br />(-17 for losing)
|l|☆cxmguzzler69
|c|☆Greengamer12|gg
||Ladder isn't responding, score probably updated but might not have (Request timeout).
