|j|☆Spectre Ace
|j|☆noocake
|t:|1664312648
|gametype|singles
|player|p1|Spectre Ace|juggler|1658
|player|p2|noocake|101|1711
|teamsize|p1|6
|teamsize|p2|6
|gen|8
|tier|[Gen 8] OU
|rated|
|rule|Sleep Clause Mod: Limit one foe put to sleep
|rule|Species Clause: Limit one of each Pokémon
|rule|OHKO Clause: OHKO moves are banned
|rule|Evasion Items Clause: Evasion items are banned
|rule|Evasion Moves Clause: Evasion moves are banned
|rule|Endless Battle Clause: Forcing endless battles is banned
|rule|HP Percentage Mod: HP is shown in percentages
|rule|Dynamax Clause: You cannot dynamax
|clearpoke
|poke|p1|Landorus-Therian, M|
|poke|p1|Ferrothorn, M|
|poke|p1|Volcanion|
|poke|p1|Raichu-Alola, F|
|poke|p1|Tapu Koko|
|poke|p1|Clefable, M|
|poke|p2|Kartana|
|poke|p2|Tapu Fini|
|poke|p2|Excadrill, M|
|poke|p2|Moltres-Galar|
|poke|p2|Polteageist|
|poke|p2|Volcarona, F|
|teampreview
|inactive|Battle timer is ON: inactive players will automatically lose when time's up. (requested by noocake)
|
|t:|1664312674
|start
|switch|p1a: Booker|Tapu Koko|100/100
|switch|p2a: Excadrill|Excadrill, M|100/100
|-fieldstart|move: Electric Terrain|[from] ability: Electric Surge|[of] p1a: Booker
|-ability|p2a: Excadrill|Mold Breaker
|turn|1
|
|t:|1664312680
|move|p1a: Booker|U-turn|p2a: Excadrill
|-resisted|p2a: Excadrill
|-damage|p2a: Excadrill|88/100
|
|t:|1664312683
|switch|p1a: Amadeus|Landorus-Therian, M|100/100|[from]move: U-turn
|-ability|p1a: Amadeus|Intimidate|boost
|-unboost|p2a: Excadrill|atk|1
|move|p2a: Excadrill|Earthquake|p1a: Amadeus
|-immune|p1a: Amadeus
|
|upkeep
|turn|2
|
|t:|1664312687
|move|p2a: Excadrill|Stealth Rock|p1a: Amadeus
|-sidestart|p1: Spectre Ace|move: Stealth Rock
|move|p1a: Amadeus|Earthquake|p2a: Excadrill
|-supereffective|p2a: Excadrill
|-damage|p2a: Excadrill|0 fnt
|faint|p2a: Excadrill
|
|upkeep
|
|t:|1664312696
|switch|p2a: Polteageist|Polteageist|100/100
|turn|3
|
|t:|1664312701
|move|p2a: Polteageist|Shell Smash|p2a: Polteageist
|-unboost|p2a: Polteageist|def|1
|-unboost|p2a: Polteageist|spd|1
|-boost|p2a: Polteageist|atk|2
|-boost|p2a: Polteageist|spa|2
|-boost|p2a: Polteageist|spe|2
|move|p1a: Amadeus|Toxic|p2a: Polteageist
|-status|p2a: Polteageist|tox
|
|-damage|p2a: Polteageist|94/100 tox|[from] psn
|upkeep
|turn|4
|
|t:|1664312706
|move|p2a: Polteageist|Stored Power|p1a: Amadeus
|-damage|p1a: Amadeus|29/100
|move|p1a: Amadeus|Earthquake|p2a: Polteageist
|-damage|p2a: Polteageist|0 fnt
|faint|p2a: Polteageist
|
|-heal|p1a: Amadeus|35/100|[from] item: Leftovers
|upkeep
|
|t:|1664312712
|switch|p2a: Moltres|Moltres-Galar|100/100
|turn|5
|
|t:|1664312716
|move|p2a: Moltres|Agility|p2a: Moltres
|-boost|p2a: Moltres|spe|2
|move|p1a: Amadeus|Toxic|p2a: Moltres
|-status|p2a: Moltres|tox
|
|-heal|p1a: Amadeus|41/100|[from] item: Leftovers
|-damage|p2a: Moltres|94/100 tox|[from] psn
|upkeep
|turn|6
|
|t:|1664312718
|move|p2a: Moltres|Nasty Plot|p2a: Moltres
|-boost|p2a: Moltres|spa|2
|move|p1a: Amadeus|U-turn|p2a: Moltres
|-damage|p2a: Moltres|71/100 tox
|
|t:|1664312720
|switch|p1a: Clefable|Clefable, M|100/100|[from]move: U-turn
|
|-damage|p2a: Moltres|59/100 tox|[from] psn
|upkeep
|turn|7
|
|t:|1664312724
|move|p2a: Moltres|Rest|p2a: Moltres
|-status|p2a: Moltres|slp|[from] move: Rest
|-heal|p2a: Moltres|100/100 slp|[silent]
|-enditem|p2a: Moltres|Chesto Berry|[eat]
|-curestatus|p2a: Moltres|slp|[msg]
|move|p1a: Clefable|Moonblast|p2a: Moltres
|-supereffective|p2a: Moltres
|-damage|p2a: Moltres|45/100
|-ability|p2a: Moltres|Berserk|boost
|-boost|p2a: Moltres|spa|1
|
|upkeep
|turn|8
|
|t:|1664312729
|move|p2a: Moltres|Fiery Wrath|p1a: Clefable
|-resisted|p1a: Clefable
|-damage|p1a: Clefable|55/100
|move|p1a: Clefable|Moonblast|p2a: Moltres
|-supereffective|p2a: Moltres
|-damage|p2a: Moltres|0 fnt
|faint|p2a: Moltres
|
|-heal|p1a: Clefable|61/100|[from] item: Leftovers
|-fieldend|move: Electric Terrain
|upkeep
|
|t:|1664312733
|switch|p2a: Kartana|Kartana|100/100
|turn|9
|
|t:|1664312739
|switch|p1a: Amadeus|Landorus-Therian, M|41/100
|-damage|p1a: Amadeus|28/100|[from] Stealth Rock
|-ability|p1a: Amadeus|Intimidate|boost
|-unboost|p2a: Kartana|atk|1
|move|p2a: Kartana|Knock Off|p1a: Amadeus
|-damage|p1a: Amadeus|0 fnt
|-enditem|p1a: Amadeus|Leftovers|[from] move: Knock Off|[of] p2a: Kartana
|faint|p1a: Amadeus
|-ability|p2a: Kartana|Beast Boost|boost
|-boost|p2a: Kartana|atk|1
|
|upkeep
|
|t:|1664312746
|switch|p1a: Booker|Tapu Koko|100/100
|-damage|p1a: Booker|88/100|[from] Stealth Rock
|-fieldstart|move: Electric Terrain|[from] ability: Electric Surge|[of] p1a: Booker
|turn|10
|
|t:|1664312750
|move|p2a: Kartana|Endure|p2a: Kartana
|-singleturn|p2a: Kartana|move: Endure
|move|p1a: Booker|U-turn|p2a: Kartana
|-damage|p2a: Kartana|84/100
|
|t:|1664312753
|switch|p1a: Valentine|Raichu-Alola, F, shiny|100/100|[from]move: U-turn
|-damage|p1a: Valentine|88/100|[from] Stealth Rock
|
|upkeep
|turn|11
|
|t:|1664312755
|switch|p2a: Tapu Fini|Tapu Fini|100/100
|-fieldstart|move: Misty Terrain|[from] ability: Misty Surge|[of] p2a: Tapu Fini
|move|p1a: Valentine|Rising Voltage|p2a: Tapu Fini
|-supereffective|p2a: Tapu Fini
|-damage|p2a: Tapu Fini|32/100
|-damage|p1a: Valentine|78/100|[from] item: Life Orb
|
|-heal|p2a: Tapu Fini|38/100|[from] item: Leftovers
|upkeep
|turn|12
|
|t:|1664312763
|move|p1a: Valentine|Rising Voltage|p2a: Tapu Fini
|-supereffective|p2a: Tapu Fini
|-damage|p2a: Tapu Fini|0 fnt
|faint|p2a: Tapu Fini
|-damage|p1a: Valentine|68/100|[from] item: Life Orb
|
|upkeep
|
|t:|1664312768
|switch|p2a: Kartana|Kartana|84/100
|turn|13
|
|t:|1664312770
|switch|p1a: Booker|Tapu Koko|88/100
|-damage|p1a: Booker|76/100|[from] Stealth Rock
|-fieldstart|move: Electric Terrain|[from] ability: Electric Surge|[of] p1a: Booker
|move|p2a: Kartana|Endure||[still]
|-fail|p2a: Kartana
|
|upkeep
|turn|14
|
|t:|1664312772
|move|p1a: Booker|Thunderbolt|p2a: Kartana
|-resisted|p2a: Kartana
|-damage|p2a: Kartana|2/100
|-enditem|p2a: Kartana|Salac Berry|[eat]
|-boost|p2a: Kartana|spe|1|[from] item: Salac Berry
|move|p2a: Kartana|Leaf Blade|p1a: Booker
|-damage|p1a: Booker|0 fnt
|faint|p1a: Booker
|-ability|p2a: Kartana|Beast Boost|boost
|-boost|p2a: Kartana|atk|1
|
|upkeep
|
|t:|1664312776
|switch|p1a: Valentine|Raichu-Alola, F, shiny|68/100
|-damage|p1a: Valentine|56/100|[from] Stealth Rock
|turn|15
|
|t:|1664312778
|move|p1a: Valentine|Rising Voltage|p2a: Kartana
|-hint|Rising Voltage's BP doubled on grounded target.
|-resisted|p2a: Kartana
|-damage|p2a: Kartana|0 fnt
|faint|p2a: Kartana
|-damage|p1a: Valentine|46/100|[from] item: Life Orb
|
|upkeep
|
|t:|1664312779
|switch|p2a: Volcarona|Volcarona, F|100/100
|turn|16
|
|t:|1664312781
|move|p1a: Valentine|Rising Voltage|p2a: Volcarona
|-hint|Rising Voltage's BP doubled on grounded target.
|-damage|p2a: Volcarona|0 fnt
|faint|p2a: Volcarona
|-damage|p1a: Valentine|36/100|[from] item: Life Orb
|
|win|Spectre Ace
|raw|Spectre Ace's rating: 1658 &rarr; <strong>1681</strong><br />(+23 for winning)
|raw|noocake's rating: 1711 &rarr; <strong>1688</strong><br />(-23 for losing)
|l|☆noocake
||Ladder isn't responding, score probably updated but might not have (Request timeout).
