|j|☆CowpieMike
|j|☆LT_Alt1
|t:|1660672744
|gametype|singles
|player|p1|CowpieMike|scientist-gen4dp|1693
|player|p2|LT_Alt1|102|1626
|teamsize|p1|6
|teamsize|p2|6
|gen|8
|tier|[Gen 8] OU
|rated|
|rule|Sleep Clause Mod: Limit one foe put to sleep
|rule|Species Clause: Limit one of each Pokémon
|rule|OHKO Clause: OHKO moves are banned
|rule|Evasion Items Clause: Evasion items are banned
|rule|Evasion Moves Clause: Evasion moves are banned
|rule|Endless Battle Clause: Forcing endless battles is banned
|rule|HP Percentage Mod: HP is shown in percentages
|rule|Dynamax Clause: You cannot dynamax
|clearpoke
|poke|p1|Landorus-Therian, M|
|poke|p1|Buzzwole|
|poke|p1|Heatran, F|
|poke|p1|Melmetal|
|poke|p1|Volcanion|
|poke|p1|Rillaboom, M|
|poke|p2|Alakazam, M|
|poke|p2|Chansey, F|
|poke|p2|Zapdos|
|poke|p2|Clefable, F|
|poke|p2|Slowbro, F|
|poke|p2|Rhydon, M|
|teampreview
|inactive|Battle timer is ON: inactive players will automatically lose when time's up. (requested by CowpieMike)
|
|t:|1660672750
|start
|switch|p1a: Volcanion|Volcanion|100/100
|switch|p2a: Slowbro|Slowbro, F|100/100
|turn|1
|
|t:|1660672755
|switch|p2a: Chansey|Chansey, F|100/100
|move|p1a: Volcanion|Sludge Bomb|p2a: Chansey
|-damage|p2a: Chansey|85/100
|-status|p2a: Chansey|psn
|
|-damage|p2a: Chansey|72/100 psn|[from] psn
|upkeep
|turn|2
|
|t:|1660672763
|switch|p1a: Heatran|Heatran, F|100/100
|-item|p1a: Heatran|Air Balloon
|move|p2a: Chansey|Teleport|p2a: Chansey
|
|t:|1660672772
|-curestatus|p2a: Chansey|psn|[from] ability: Natural Cure
|switch|p2a: Slowbro|Slowbro, F|100/100|[from]move: Teleport
|
|upkeep
|turn|3
|
|t:|1660672776
|move|p1a: Heatran|Toxic|p2a: Slowbro|[miss]
|-miss|p1a: Heatran|p2a: Slowbro
|move|p2a: Slowbro|Body Press|p1a: Heatran
|-supereffective|p1a: Heatran
|-damage|p1a: Heatran|67/100
|-enditem|p1a: Heatran|Air Balloon
|
|upkeep
|turn|4
|
|t:|1660672797
|move|p1a: Heatran|Toxic|p2a: Slowbro
|-status|p2a: Slowbro|tox
|move|p2a: Slowbro|Body Press|p1a: Heatran
|-supereffective|p1a: Heatran
|-damage|p1a: Heatran|31/100
|
|-damage|p2a: Slowbro|94/100 tox|[from] psn
|upkeep
|turn|5
|
|t:|1660672804
|switch|p1a: Landorus|Landorus-Therian, M|100/100
|-ability|p1a: Landorus|Intimidate|boost
|-unboost|p2a: Slowbro|atk|1
|move|p2a: Slowbro|Body Press|p1a: Landorus
|-resisted|p1a: Landorus
|-damage|p1a: Landorus|85/100
|
|-damage|p2a: Slowbro|82/100 tox|[from] psn
|upkeep
|turn|6
|
|t:|1660672813
|move|p1a: Landorus|Stealth Rock|p2a: Slowbro
|-sidestart|p2: LT_Alt1|move: Stealth Rock
|move|p2a: Slowbro|Ice Beam|p1a: Landorus
|-supereffective|p1a: Landorus
|-damage|p1a: Landorus|0 fnt
|faint|p1a: Landorus
|
|-damage|p2a: Slowbro|64/100 tox|[from] psn
|upkeep
|
|t:|1660672820
|switch|p1a: Heatran|Heatran, F|31/100
|turn|7
|
|t:|1660672823
|move|p1a: Heatran|Earth Power|p2a: Slowbro
|-damage|p2a: Slowbro|37/100 tox
|move|p2a: Slowbro|Teleport|p2a: Slowbro
|
|t:|1660672840
|switch|p2a: Zapdos|Zapdos|100/100|[from]move: Teleport
|
|upkeep
|turn|8
|
|t:|1660672846
|move|p2a: Zapdos|Volt Switch|p1a: Heatran
|-damage|p1a: Heatran|5/100
|
|t:|1660672855
|switch|p2a: Alakazam|Alakazam, M|100/100|[from]move: Volt Switch
|move|p1a: Heatran|Toxic|p2a: Alakazam
|-status|p2a: Alakazam|tox
|
|upkeep
|turn|9
|
|t:|1660672862
|move|p2a: Alakazam|Psychic|p1a: Heatran
|-resisted|p1a: Heatran
|-crit|p1a: Heatran
|-damage|p1a: Heatran|0 fnt
|faint|p1a: Heatran
|
|upkeep
|
|t:|1660672871
|switch|p1a: Buzzwole|Buzzwole|100/100
|turn|10
|
|t:|1660672879
|switch|p2a: Clefable|Clefable, F|100/100
|move|p1a: Buzzwole|Leech Life|p2a: Clefable
|-resisted|p2a: Clefable
|-damage|p2a: Clefable|82/100
|
|upkeep
|turn|11
|
|t:|1660672887
|switch|p1a: Melmetal|Melmetal|100/100
|move|p2a: Clefable|Thunder|p1a: Melmetal|[miss]
|-miss|p2a: Clefable|p1a: Melmetal
|
|upkeep
|turn|12
|
|t:|1660672893
|switch|p2a: Zapdos|Zapdos|100/100
|move|p1a: Melmetal|Double Iron Bash|p2a: Zapdos
|-resisted|p2a: Zapdos
|-damage|p2a: Zapdos|80/100
|-resisted|p2a: Zapdos
|-damage|p2a: Zapdos|62/100
|-hitcount|p2a: Zapdos|2
|
|upkeep
|turn|13
|
|t:|1660672901
|move|p2a: Zapdos|Volt Switch|p1a: Melmetal
|-damage|p1a: Melmetal|72/100
|
|t:|1660672905
|switch|p2a: Slowbro|Slowbro, F|71/100 tox|[from]move: Volt Switch
|-damage|p2a: Slowbro|58/100 tox|[from] Stealth Rock
|move|p1a: Melmetal|Rock Slide|p2a: Slowbro
|-crit|p2a: Slowbro
|-damage|p2a: Slowbro|30/100 tox
|
|-heal|p1a: Melmetal|78/100|[from] item: Leftovers
|-damage|p2a: Slowbro|24/100 tox|[from] psn
|upkeep
|turn|14
|
|t:|1660672923
|switch|p2a: Zapdos|Zapdos|62/100
|move|p1a: Melmetal|Rock Slide|p2a: Zapdos
|-supereffective|p2a: Zapdos
|-damage|p2a: Zapdos|13/100
|
|-heal|p1a: Melmetal|84/100|[from] item: Leftovers
|upkeep
|turn|15
|
|t:|1660672930
|move|p2a: Zapdos|Roost|p2a: Zapdos
|-heal|p2a: Zapdos|63/100
|-singleturn|p2a: Zapdos|move: Roost
|move|p1a: Melmetal|Earthquake|p2a: Zapdos
|-supereffective|p2a: Zapdos
|-damage|p2a: Zapdos|0 fnt
|faint|p2a: Zapdos
|
|-heal|p1a: Melmetal|90/100|[from] item: Leftovers
|upkeep
|
|t:|1660672940
|switch|p2a: Rhydon|Rhydon, M|100/100
|-damage|p2a: Rhydon|94/100|[from] Stealth Rock
|turn|16
|
|t:|1660672946
|switch|p1a: Volcanion|Volcanion|100/100
|move|p2a: Rhydon|Earthquake|p1a: Volcanion
|-supereffective|p1a: Volcanion
|-damage|p1a: Volcanion|10/100
|
|upkeep
|turn|17
|
|t:|1660672953
|switch|p2a: Chansey|Chansey, F|72/100
|-damage|p2a: Chansey|60/100|[from] Stealth Rock
|move|p1a: Volcanion|Steam Eruption|p2a: Chansey
|-damage|p2a: Chansey|32/100
|-status|p2a: Chansey|brn
|
|-damage|p2a: Chansey|26/100 brn|[from] brn
|upkeep
|turn|18
|
|t:|1660672962
|move|p1a: Volcanion|Steam Eruption|p2a: Chansey
|-damage|p2a: Chansey|0 fnt
|faint|p2a: Chansey
|
|upkeep
|
|t:|1660672966
|switch|p2a: Alakazam|Alakazam, M|100/100 tox
|turn|19
|
|t:|1660672971
|switch|p1a: Buzzwole|Buzzwole|100/100
|move|p2a: Alakazam|Psychic|p1a: Buzzwole
|-supereffective|p1a: Buzzwole
|-damage|p1a: Buzzwole|0 fnt
|faint|p1a: Buzzwole
|
|upkeep
|
|t:|1660672975
|switch|p1a: Melmetal|Melmetal|90/100
|turn|20
|
|t:|1660672984
|switch|p2a: Slowbro|Slowbro, F|58/100 tox
|-damage|p2a: Slowbro|45/100 tox|[from] Stealth Rock
|move|p1a: Melmetal|Double Iron Bash|p2a: Slowbro
|-resisted|p2a: Slowbro
|-damage|p2a: Slowbro|32/100 tox
|-damage|p1a: Melmetal|74/100|[from] item: Rocky Helmet|[of] p2a: Slowbro
|-resisted|p2a: Slowbro
|-damage|p2a: Slowbro|19/100 tox
|-damage|p1a: Melmetal|57/100|[from] item: Rocky Helmet|[of] p2a: Slowbro
|-hitcount|p2a: Slowbro|2
|
|-heal|p1a: Melmetal|63/100|[from] item: Leftovers
|-damage|p2a: Slowbro|13/100 tox|[from] psn
|upkeep
|turn|21
|
|t:|1660672996
|move|p1a: Melmetal|Earthquake|p2a: Slowbro
|-damage|p2a: Slowbro|0 fnt
|faint|p2a: Slowbro
|
|-heal|p1a: Melmetal|69/100|[from] item: Leftovers
|upkeep
|
|t:|1660673002
|switch|p2a: Rhydon|Rhydon, M|94/100
|-damage|p2a: Rhydon|88/100|[from] Stealth Rock
|turn|22
|
|t:|1660673006
|move|p2a: Rhydon|Fire Punch|p1a: Melmetal
|-supereffective|p1a: Melmetal
|-damage|p1a: Melmetal|37/100
|move|p1a: Melmetal|Double Iron Bash|p2a: Rhydon
|-supereffective|p2a: Rhydon
|-damage|p2a: Rhydon|43/100
|-supereffective|p2a: Rhydon
|-damage|p2a: Rhydon|0 fnt
|faint|p2a: Rhydon
|-hitcount|p2: Rhydon|2
|
|-heal|p1a: Melmetal|43/100|[from] item: Leftovers
|upkeep
|-message|LT_Alt1 forfeited.
|
|win|CowpieMike
|raw|CowpieMike's rating: 1693 &rarr; <strong>1709</strong><br />(+16 for winning)
|raw|LT_Alt1's rating: 1626 &rarr; <strong>1610</strong><br />(-16 for losing)
|l|☆LT_Alt1
