|j|☆winter lanterns
|j|☆FELIPE1000MASTER
|player|p1|winter lanterns|170|1631
|player|p2|FELIPE1000MASTER|169|1579
|teamsize|p1|6
|teamsize|p2|6
|gametype|singles
|gen|8
|tier|[Gen 8] OU
|rated|
|clearpoke
|poke|p1|Magearna|
|poke|p1|Mamoswine, F|
|poke|p1|Azumarill, M|
|poke|p1|Volcarona, M|
|poke|p1|Rillaboom, F|
|poke|p1|Zeraora|
|poke|p2|Aegislash, F|
|poke|p2|Togekiss, F|
|poke|p2|Hydreigon, M|
|poke|p2|Gengar, F|
|poke|p2|Bisharp, M|
|poke|p2|Dragapult, M|
|rule|Sleep Clause Mod: Limit one foe put to sleep
|rule|Species Clause: Limit one of each Pokémon
|rule|OHKO Clause: OHKO moves are banned
|rule|Evasion Moves Clause: Evasion moves are banned
|rule|Endless Battle Clause: Forcing endless battles is banned
|rule|HP Percentage Mod: HP is shown in percentages
|rule|Dynamax Clause: You cannot dynamax
|teampreview
|
|start
|switch|p1a: Mamoswine|Mamoswine, F|100/100
|switch|p2a: Aegislash|Aegislash, F|100/100
|turn|1
|
|move|p1a: Mamoswine|Stealth Rock|p2a: Aegislash
|-sidestart|p2: FELIPE1000MASTER|move: Stealth Rock
|-formechange|p2a: Aegislash|Aegislash-Blade||[from] ability: Stance Change
|move|p2a: Aegislash|Iron Head|p1a: Mamoswine
|-supereffective|p1a: Mamoswine
|-enditem|p1a: Mamoswine|Focus Sash
|-damage|p1a: Mamoswine|1/100
|
|upkeep
|turn|2
|
|move|p2a: Aegislash|Shadow Sneak|p1a: Mamoswine
|-damage|p1a: Mamoswine|0 fnt
|faint|p1a: Mamoswine
|
|upkeep
|
|switch|p1a: Rillaboom|Rillaboom, F|100/100
|-fieldstart|move: Grassy Terrain|[from] ability: Grassy Surge|[of] p1a: Rillaboom
|turn|3
|
|switch|p2a: Togekiss|Togekiss, F|100/100
|-damage|p2a: Togekiss|76/100|[from] Stealth Rock
|move|p1a: Rillaboom|Knock Off|p2a: Togekiss
|-resisted|p2a: Togekiss
|-damage|p2a: Togekiss|55/100
|-enditem|p2a: Togekiss|Leftovers|[from] move: Knock Off|[of] p1a: Rillaboom
|-damage|p1a: Rillaboom|91/100|[from] item: Life Orb
|
|-heal|p1a: Rillaboom|97/100|[from] Grassy Terrain
|upkeep
|turn|4
|
|move|p1a: Rillaboom|Swords Dance|p1a: Rillaboom
|-boost|p1a: Rillaboom|atk|2
|move|p2a: Togekiss|Nasty Plot|p2a: Togekiss
|-boost|p2a: Togekiss|spa|2
|
|-heal|p1a: Rillaboom|100/100|[from] Grassy Terrain
|upkeep
|turn|5
|
|move|p1a: Rillaboom|Grassy Glide|p2a: Togekiss
|-resisted|p2a: Togekiss
|-damage|p2a: Togekiss|0 fnt
|-damage|p1a: Rillaboom|91/100|[from] item: Life Orb
|faint|p2a: Togekiss
|
|-heal|p1a: Rillaboom|97/100|[from] Grassy Terrain
|upkeep
|
|switch|p2a: Dragapult|Dragapult, M|100/100
|-damage|p2a: Dragapult|88/100|[from] Stealth Rock
|turn|6
|
|move|p1a: Rillaboom|Grassy Glide|p2a: Dragapult
|-resisted|p2a: Dragapult
|-damage|p2a: Dragapult|0 fnt
|-damage|p1a: Rillaboom|87/100|[from] item: Life Orb
|faint|p2a: Dragapult
|
|-heal|p1a: Rillaboom|93/100|[from] Grassy Terrain
|upkeep
|-message|FELIPE1000MASTER forfeited.
|
|win|winter lanterns
|player|p2|FELIPE1000MASTER|169
|l|☆winter lanterns
|raw|winter lanterns's rating: 1631 &rarr; <strong>1647</strong><br />(+16 for winning)
|raw|FELIPE1000MASTER's rating: 1557 &rarr; <strong>1541</strong><br />(-16 for losing)
