|j|☆PepsiMaxMango
|j|☆misplayin
|t:|1664220407
|gametype|singles
|player|p1|PepsiMaxMango|janine|1713
|player|p2|misplayin|bugsy|1654
|teamsize|p1|6
|teamsize|p2|6
|gen|8
|tier|[Gen 8] OU
|rated|
|rule|Sleep Clause Mod: Limit one foe put to sleep
|rule|Species Clause: Limit one of each Pokémon
|rule|OHKO Clause: OHKO moves are banned
|rule|Evasion Items Clause: Evasion items are banned
|rule|Evasion Moves Clause: Evasion moves are banned
|rule|Endless Battle Clause: Forcing endless battles is banned
|rule|HP Percentage Mod: HP is shown in percentages
|rule|Dynamax Clause: You cannot dynamax
|clearpoke
|poke|p1|Rillaboom, F|
|poke|p1|Tornadus-Therian, M|
|poke|p1|Clefable, M|
|poke|p1|Swampert, M|
|poke|p1|Heatran, M|
|poke|p1|Umbreon, F|
|poke|p2|Darmanitan, M|
|poke|p2|Swampert, F|
|poke|p2|Amoonguss, M|
|poke|p2|Tornadus-Therian, M|
|poke|p2|Latios, M|
|poke|p2|Urshifu-*, F|
|teampreview
|inactive|Battle timer is ON: inactive players will automatically lose when time's up. (requested by misplayin)
|inactive|PepsiMaxMango also wants the timer to be on.
|
|t:|1664220417
|start
|switch|p1a: Tornadus|Tornadus-Therian, M|100/100
|switch|p2a: Amoonguss|Amoonguss, M, shiny|100/100
|turn|1
|
|t:|1664220422
|switch|p2a: Tornadus|Tornadus-Therian, M|100/100
|move|p1a: Tornadus|Hurricane|p2a: Tornadus
|-damage|p2a: Tornadus|59/100
|
|upkeep
|turn|2
|
|t:|1664220427
|move|p1a: Tornadus|Knock Off|p2a: Tornadus
|-damage|p2a: Tornadus|34/100
|-enditem|p2a: Tornadus|Heavy-Duty Boots|[from] move: Knock Off|[of] p1a: Tornadus
|move|p2a: Tornadus|U-turn|p1a: Tornadus
|-resisted|p1a: Tornadus
|-damage|p1a: Tornadus|93/100
|
|t:|1664220433
|switch|p2a: Darmanitan|Darmanitan, M, shiny|100/100|[from]move: U-turn
|
|upkeep
|turn|3
|
|t:|1664220460
|switch|p1a: Swampert|Swampert, M|100/100
|switch|p2a: Tornadus|Tornadus-Therian, M|67/100
|
|upkeep
|turn|4
|
|t:|1664220473
|move|p2a: Tornadus|Taunt|p1a: Swampert
|-start|p1a: Swampert|move: Taunt
|cant|p1a: Swampert|move: Taunt|Stealth Rock
|
|upkeep
|turn|5
|
|t:|1664220478
|move|p2a: Tornadus|U-turn|p1a: Swampert
|-damage|p1a: Swampert|88/100
|
|t:|1664220485
|switch|p2a: Amoonguss|Amoonguss, M, shiny|100/100|[from]move: U-turn
|move|p1a: Swampert|High Horsepower|p2a: Amoonguss
|-damage|p2a: Amoonguss|73/100
|-damage|p1a: Swampert|72/100|[from] item: Rocky Helmet|[of] p2a: Amoonguss
|
|-heal|p1a: Swampert|78/100|[from] item: Leftovers
|upkeep
|turn|6
|
|t:|1664220508
|switch|p1a: Clefable|Clefable, M|100/100
|move|p2a: Amoonguss|Spore|p1a: Clefable
|-status|p1a: Clefable|slp|[from] move: Spore
|
|upkeep
|turn|7
|
|t:|1664220521
|switch|p1a: Tornadus|Tornadus-Therian, M|100/100
|switch|p2a: Urshifu|Urshifu-Rapid-Strike, F|100/100
|
|upkeep
|turn|8
|
|t:|1664220526
|switch|p2a: Tornadus|Tornadus-Therian, M|100/100
|move|p1a: Tornadus|Hurricane|p2a: Tornadus
|-damage|p2a: Tornadus|57/100
|
|upkeep
|turn|9
|
|t:|1664220531
|switch|p1a: Clefable|Clefable, M|100/100 slp
|move|p2a: Tornadus|U-turn|p1a: Clefable
|-resisted|p1a: Clefable
|-damage|p1a: Clefable|95/100 slp
|
|t:|1664220534
|switch|p2a: Darmanitan|Darmanitan, M, shiny|100/100|[from]move: U-turn
|
|upkeep
|turn|10
|
|t:|1664220548
|move|p2a: Darmanitan|Flare Blitz|p1a: Clefable
|-damage|p1a: Clefable|2/100 slp
|-damage|p2a: Darmanitan|66/100|[from] Recoil
|cant|p1a: Clefable|slp
|
|upkeep
|turn|11
|
|t:|1664220553
|switch|p1a: Heatran|Heatran, M|100/100
|move|p2a: Darmanitan|Flare Blitz|p1a: Heatran
|-damage|p1a: Heatran|2/100
|-damage|p2a: Darmanitan|30/100|[from] Recoil
|
|-heal|p1a: Heatran|8/100|[from] item: Leftovers
|upkeep
|turn|12
|
|t:|1664220572
|move|p2a: Darmanitan|Flare Blitz|p1a: Heatran
|-damage|p1a: Heatran|0 fnt
|faint|p1a: Heatran
|-damage|p2a: Darmanitan|28/100|[from] Recoil
|
|upkeep
|j| 0SiegeWarfare
|
|t:|1664220580
|switch|p1a: Rillaboom|Rillaboom, F|100/100
|-fieldstart|move: Grassy Terrain|[from] ability: Grassy Surge|[of] p1a: Rillaboom
|turn|13
|
|t:|1664220586
|switch|p2a: Tornadus|Tornadus-Therian, M|90/100
|move|p1a: Rillaboom|Knock Off|p2a: Tornadus
|-damage|p2a: Tornadus|30/100
|-enditem|p2a: Tornadus|Sticky Barb|[from] move: Knock Off|[of] p1a: Rillaboom
|
|upkeep
|turn|14
|
|t:|1664220597
|switch|p2a: Amoonguss|Amoonguss, M, shiny|100/100
|move|p1a: Rillaboom|Knock Off|p2a: Amoonguss
|-damage|p2a: Amoonguss|62/100
|-damage|p1a: Rillaboom|84/100|[from] item: Rocky Helmet|[of] p2a: Amoonguss
|-enditem|p2a: Amoonguss|Rocky Helmet|[from] move: Knock Off|[of] p1a: Rillaboom
|
|-heal|p1a: Rillaboom|90/100|[from] Grassy Terrain
|-heal|p2a: Amoonguss|69/100|[from] Grassy Terrain
|upkeep
|turn|15
|j| joeding
|l| joeding
|
|t:|1664220601
|switch|p1a: Tornadus|Tornadus-Therian, M|100/100
|move|p2a: Amoonguss|Sludge Bomb|p1a: Tornadus
|-damage|p1a: Tornadus|71/100
|-status|p1a: Tornadus|psn
|
|-heal|p2a: Amoonguss|75/100|[from] Grassy Terrain
|-damage|p1a: Tornadus|59/100 psn|[from] psn
|upkeep
|turn|16
|
|t:|1664220607
|switch|p2a: Tornadus|Tornadus-Therian, M|63/100
|move|p1a: Tornadus|Hurricane|p2a: Tornadus
|-damage|p2a: Tornadus|23/100
|
|-damage|p1a: Tornadus|47/100 psn|[from] psn
|upkeep
|turn|17
|
|t:|1664220611
|switch|p2a: Swampert|Swampert, F|100/100
|move|p1a: Tornadus|Hurricane|p2a: Swampert|[miss]
|-miss|p1a: Tornadus|p2a: Swampert
|
|-damage|p1a: Tornadus|34/100 psn|[from] psn
|-fieldend|move: Grassy Terrain
|upkeep
|turn|18
|j| joeding
|
|t:|1664220624
|switch|p1a: Umbreon|Umbreon, F|100/100
|move|p2a: Swampert|Flip Turn|p1a: Umbreon
|-damage|p1a: Umbreon|85/100
|
|t:|1664220629
|switch|p2a: Urshifu|Urshifu-Rapid-Strike, F|100/100|[from]move: Flip Turn
|
|-heal|p1a: Umbreon|91/100|[from] item: Leftovers
|upkeep
|turn|19
|
|t:|1664220639
|move|p2a: Urshifu|Close Combat|p1a: Umbreon
|-supereffective|p1a: Umbreon
|-damage|p1a: Umbreon|0 fnt
|-unboost|p2a: Urshifu|def|1
|-unboost|p2a: Urshifu|spd|1
|faint|p1a: Umbreon
|
|upkeep
|
|t:|1664220642
|switch|p1a: Tornadus|Tornadus-Therian, M|67/100 psn
|turn|20
|
|t:|1664220646
|switch|p2a: Swampert|Swampert, F|100/100
|move|p1a: Tornadus|Hurricane|p2a: Swampert
|-damage|p2a: Swampert|74/100
|-start|p2a: Swampert|confusion
|
|-heal|p2a: Swampert|80/100|[from] item: Leftovers
|-damage|p1a: Tornadus|55/100 psn|[from] psn
|upkeep
|turn|21
|
|t:|1664220652
|switch|p2a: Tornadus|Tornadus-Therian, M|57/100
|move|p1a: Tornadus|Knock Off|p2a: Tornadus
|-damage|p2a: Tornadus|41/100
|
|-damage|p1a: Tornadus|42/100 psn|[from] psn
|upkeep
|turn|22
|
|t:|1664220657
|switch|p2a: Swampert|Swampert, F|80/100
|move|p1a: Tornadus|Hurricane|p2a: Swampert
|-damage|p2a: Swampert|54/100
|-start|p2a: Swampert|confusion
|
|-heal|p2a: Swampert|60/100|[from] item: Leftovers
|-damage|p1a: Tornadus|30/100 psn|[from] psn
|upkeep
|turn|23
|
|t:|1664220659
|move|p1a: Tornadus|U-turn|p2a: Swampert
|-damage|p2a: Swampert|46/100
|
|t:|1664220662
|switch|p1a: Rillaboom|Rillaboom, F|90/100|[from]move: U-turn
|-fieldstart|move: Grassy Terrain|[from] ability: Grassy Surge|[of] p1a: Rillaboom
|-activate|p2a: Swampert|confusion
|move|p2a: Swampert|Flip Turn|p1a: Rillaboom
|-resisted|p1a: Rillaboom
|-damage|p1a: Rillaboom|79/100
|
|t:|1664220668
|switch|p2a: Tornadus|Tornadus-Therian, M|74/100|[from]move: Flip Turn
|
|-heal|p1a: Rillaboom|85/100|[from] Grassy Terrain
|upkeep
|turn|24
|
|t:|1664220679
|switch|p1a: Swampert|Swampert, M|78/100
|move|p2a: Tornadus|Hurricane|p1a: Swampert|[miss]
|-miss|p2a: Tornadus|p1a: Swampert
|
|-heal|p1a: Swampert|84/100|[from] Grassy Terrain
|-heal|p1a: Swampert|90/100|[from] item: Leftovers
|upkeep
|turn|25
|
|t:|1664220685
|move|p2a: Tornadus|Taunt|p1a: Swampert
|-start|p1a: Swampert|move: Taunt
|cant|p1a: Swampert|move: Taunt|Stealth Rock
|
|-heal|p1a: Swampert|96/100|[from] Grassy Terrain
|-heal|p1a: Swampert|100/100|[from] item: Leftovers
|upkeep
|turn|26
|
|t:|1664220694
|switch|p1a: Tornadus|Tornadus-Therian, M|63/100 psn
|move|p2a: Tornadus|U-turn|p1a: Tornadus
|-resisted|p1a: Tornadus
|-damage|p1a: Tornadus|56/100 psn
|
|t:|1664220697
|switch|p2a: Swampert|Swampert, F|46/100|[from]move: U-turn
|
|-heal|p2a: Swampert|52/100|[from] Grassy Terrain
|-heal|p2a: Swampert|58/100|[from] item: Leftovers
|-damage|p1a: Tornadus|43/100 psn|[from] psn
|upkeep
|turn|27
|
|t:|1664220702
|move|p1a: Tornadus|U-turn|p2a: Swampert
|-damage|p2a: Swampert|44/100
|
|t:|1664220708
|switch|p1a: Rillaboom|Rillaboom, F|85/100|[from]move: U-turn
|move|p2a: Swampert|Flip Turn|p1a: Rillaboom
|-resisted|p1a: Rillaboom
|-damage|p1a: Rillaboom|72/100
|
|t:|1664220712
|switch|p2a: Urshifu|Urshifu-Rapid-Strike, F|100/100|[from]move: Flip Turn
|
|-heal|p1a: Rillaboom|78/100|[from] Grassy Terrain
|-fieldend|move: Grassy Terrain
|upkeep
|turn|28
|
|t:|1664220717
|move|p2a: Urshifu|Close Combat|p1a: Rillaboom
|-damage|p1a: Rillaboom|0 fnt
|-unboost|p2a: Urshifu|def|1
|-unboost|p2a: Urshifu|spd|1
|faint|p1a: Rillaboom
|
|upkeep
|-message|PepsiMaxMango forfeited.
|
|win|misplayin
|raw|PepsiMaxMango's rating: 1713 &rarr; <strong>1690</strong><br />(-23 for losing)
|raw|misplayin's rating: 1654 &rarr; <strong>1677</strong><br />(+23 for winning)
|l|☆PepsiMaxMango
||Ladder isn't responding, score probably updated but might not have (Request timeout).
