|j|☆bramitoboy
|j|☆Geremo
|t:|1660737769
|gametype|singles
|player|p1|bramitoboy|1|1622
|player|p2|Geremo|170|1716
|teamsize|p1|6
|teamsize|p2|6
|gen|8
|tier|[Gen 8] OU
|rated|
|rule|Sleep Clause Mod: Limit one foe put to sleep
|rule|Species Clause: Limit one of each Pokémon
|rule|OHKO Clause: OHKO moves are banned
|rule|Evasion Items Clause: Evasion items are banned
|rule|Evasion Moves Clause: Evasion moves are banned
|rule|Endless Battle Clause: Forcing endless battles is banned
|rule|HP Percentage Mod: HP is shown in percentages
|rule|Dynamax Clause: You cannot dynamax
|clearpoke
|poke|p1|Zarude-Dada|
|poke|p1|Keldeo-Resolute|
|poke|p1|Tapu Lele|
|poke|p1|Tapu Koko|
|poke|p1|Heatran, F|
|poke|p1|Landorus-Therian, M|
|poke|p2|Starmie|
|poke|p2|Gastrodon, F|
|poke|p2|Scizor, M|
|poke|p2|Zapdos|
|poke|p2|Clefable, M|
|poke|p2|Blissey, F|
|teampreview
|
|t:|1660737807
|start
|switch|p1a: Heatran|Heatran, F|100/100
|switch|p2a: Clefable|Clefable, M|100/100
|-item|p1a: Heatran|Air Balloon
|turn|1
|
|t:|1660737814
|switch|p2a: Starmie|Starmie|100/100
|move|p1a: Heatran|Taunt|p2a: Starmie
|-start|p2a: Starmie|move: Taunt
|
|upkeep
|turn|2
|
|t:|1660737821
|switch|p1a: Keldeo|Keldeo-Resolute|100/100
|move|p2a: Starmie|Scald|p1a: Keldeo
|-resisted|p1a: Keldeo
|-damage|p1a: Keldeo|83/100
|
|-heal|p1a: Keldeo|89/100|[from] item: Leftovers
|upkeep
|turn|3
|
|t:|1660737827
|switch|p1a: Zarude|Zarude-Dada|100/100
|move|p2a: Starmie|Psyshock|p1a: Zarude
|-immune|p1a: Zarude
|
|-end|p2a: Starmie|move: Taunt
|upkeep
|turn|4
|
|t:|1660737833
|switch|p2a: Zapdos|Zapdos|100/100
|move|p1a: Zarude|Bulk Up|p1a: Zarude
|-boost|p1a: Zarude|atk|1
|-boost|p1a: Zarude|def|1
|
|upkeep
|turn|5
|
|t:|1660737836
|move|p1a: Zarude|Darkest Lariat|p2a: Zapdos
|-damage|p2a: Zapdos|38/100
|-status|p1a: Zarude|par|[from] ability: Static|[of] p2a: Zapdos
|-damage|p1a: Zarude|91/100 par|[from] item: Life Orb
|move|p2a: Zapdos|Heat Wave|p1a: Zarude
|-supereffective|p1a: Zarude
|-damage|p1a: Zarude|39/100 par
|
|upkeep
|turn|6
|
|t:|1660737848
|switch|p1a: Tapu Lele|Tapu Lele|100/100
|-fieldstart|move: Psychic Terrain|[from] ability: Psychic Surge|[of] p1a: Tapu Lele
|move|p2a: Zapdos|Roost|p2a: Zapdos
|-heal|p2a: Zapdos|88/100
|-singleturn|p2a: Zapdos|move: Roost
|
|upkeep
|turn|7
|
|t:|1660737853
|move|p1a: Tapu Lele|Psyshock|p2a: Zapdos
|-crit|p2a: Zapdos
|-damage|p2a: Zapdos|23/100
|move|p2a: Zapdos|Toxic|p1a: Tapu Lele
|-status|p1a: Tapu Lele|tox
|
|-damage|p1a: Tapu Lele|94/100 tox|[from] psn
|upkeep
|turn|8
|
|t:|1660737860
|switch|p1a: Heatran|Heatran, F|100/100
|-item|p1a: Heatran|Air Balloon
|switch|p2a: Scizor|Scizor, M|100/100
|
|upkeep
|turn|9
|
|t:|1660737868
|switch|p1a: Tapu Koko|Tapu Koko|100/100
|-fieldstart|move: Electric Terrain|[from] ability: Electric Surge|[of] p1a: Tapu Koko
|switch|p2a: Starmie|Starmie|100/100
|
|upkeep
|turn|10
|
|t:|1660737875
|switch|p2a: Blissey|Blissey, F|100/100
|move|p1a: Tapu Koko|Toxic|p2a: Blissey
|-status|p2a: Blissey|tox
|
|-damage|p2a: Blissey|94/100 tox|[from] psn
|upkeep
|turn|11
|
|t:|1660737881
|switch|p1a: Landorus|Landorus-Therian, M|100/100
|-ability|p1a: Landorus|Intimidate|boost
|-unboost|p2a: Blissey|atk|1
|move|p2a: Blissey|Stealth Rock|p1a: Landorus
|-sidestart|p1: bramitoboy|move: Stealth Rock
|
|-damage|p2a: Blissey|82/100 tox|[from] psn
|upkeep
|turn|12
|inactive|Battle timer is ON: inactive players will automatically lose when time's up. (requested by bramitoboy)
|
|t:|1660737893
|-curestatus|p2a: Blissey|tox|[from] ability: Natural Cure
|switch|p2a: Scizor|Scizor, M|100/100
|move|p1a: Landorus|Swords Dance|p1a: Landorus
|-boost|p1a: Landorus|atk|2
|
|upkeep
|turn|13
|
|t:|1660737907
|move|p1a: Landorus|Earthquake|p2a: Scizor
|-damage|p2a: Scizor|23/100
|move|p2a: Scizor|Knock Off|p1a: Landorus
|-damage|p1a: Landorus|79/100
|-damage|p2a: Scizor|6/100|[from] item: Rocky Helmet|[of] p1a: Landorus
|-enditem|p1a: Landorus|Rocky Helmet|[from] move: Knock Off|[of] p2a: Scizor
|
|-fieldend|move: Electric Terrain
|upkeep
|turn|14
|
|t:|1660737914
|switch|p2a: Clefable|Clefable, M|100/100
|move|p1a: Landorus|Knock Off|p2a: Clefable
|-resisted|p2a: Clefable
|-damage|p2a: Clefable|89/100
|-enditem|p2a: Clefable|Leftovers|[from] move: Knock Off|[of] p1a: Landorus
|
|upkeep
|turn|15
|
|t:|1660737921
|move|p1a: Landorus|Earthquake|p2a: Clefable
|-damage|p2a: Clefable|53/100
|move|p2a: Clefable|Soft-Boiled|p2a: Clefable
|-heal|p2a: Clefable|100/100
|
|upkeep
|turn|16
|
|t:|1660737932
|switch|p1a: Heatran|Heatran, F|100/100
|-damage|p1a: Heatran|88/100|[from] Stealth Rock
|-item|p1a: Heatran|Air Balloon
|move|p2a: Clefable|Moonblast|p1a: Heatran
|-resisted|p1a: Heatran
|-damage|p1a: Heatran|81/100
|-unboost|p1a: Heatran|spa|1
|-enditem|p1a: Heatran|Air Balloon
|
|upkeep
|turn|17
|
|t:|1660737943
|switch|p1a: Zarude|Zarude-Dada|39/100 par
|-damage|p1a: Zarude|27/100 par|[from] Stealth Rock
|switch|p2a: Starmie|Starmie|100/100
|
|upkeep
|turn|18
|
|t:|1660737958
|switch|p2a: Clefable|Clefable, M|100/100
|move|p1a: Zarude|Synthesis|p1a: Zarude
|-heal|p1a: Zarude|77/100 par
|
|upkeep
|turn|19
|
|t:|1660737964
|switch|p1a: Heatran|Heatran, F|81/100
|-damage|p1a: Heatran|69/100|[from] Stealth Rock
|move|p2a: Clefable|Knock Off|p1a: Heatran
|-damage|p1a: Heatran|60/100
|
|upkeep
|turn|20
|
|t:|1660737967
|switch|p2a: Starmie|Starmie|100/100
|move|p1a: Heatran|Stealth Rock|p2a: Starmie
|-sidestart|p2: Geremo|move: Stealth Rock
|
|upkeep
|turn|21
|
|t:|1660737976
|move|p2a: Starmie|Rapid Spin|p1a: Heatran
|-resisted|p1a: Heatran
|-damage|p1a: Heatran|56/100
|-boost|p2a: Starmie|spe|1
|-sideend|p2: Geremo|Stealth Rock|[from] move: Rapid Spin|[of] p2a: Starmie
|move|p1a: Heatran|Taunt|p2a: Starmie
|-start|p2a: Starmie|move: Taunt
|
|upkeep
|turn|22
|
|t:|1660737979
|switch|p1a: Zarude|Zarude-Dada|77/100 par
|-damage|p1a: Zarude|64/100 par|[from] Stealth Rock
|move|p2a: Starmie|Scald|p1a: Zarude
|-resisted|p1a: Zarude
|-damage|p1a: Zarude|48/100 par
|
|upkeep
|turn|23
|
|t:|1660737986
|switch|p2a: Clefable|Clefable, M|100/100
|cant|p1a: Zarude|par
|
|upkeep
|turn|24
|
|t:|1660737990
|move|p1a: Zarude|Power Whip|p2a: Clefable
|-damage|p2a: Clefable|44/100
|-damage|p1a: Zarude|38/100 par|[from] item: Life Orb
|move|p2a: Clefable|Moonblast|p1a: Zarude
|-supereffective|p1a: Zarude
|-damage|p1a: Zarude|0 fnt
|faint|p1a: Zarude
|
|upkeep
|
|t:|1660737997
|switch|p1a: Tapu Lele|Tapu Lele|94/100 tox
|-damage|p1a: Tapu Lele|82/100 tox|[from] Stealth Rock
|-fieldstart|move: Psychic Terrain|[from] ability: Psychic Surge|[of] p1a: Tapu Lele
|turn|25
|
|t:|1660738010
|switch|p2a: Scizor|Scizor, M|6/100
|move|p1a: Tapu Lele|Psyshock|p2a: Scizor
|-resisted|p2a: Scizor
|-damage|p2a: Scizor|0 fnt
|faint|p2a: Scizor
|
|-damage|p1a: Tapu Lele|76/100 tox|[from] psn
|upkeep
|
|t:|1660738014
|switch|p2a: Blissey|Blissey, F|82/100
|turn|26
|
|t:|1660738019
|switch|p1a: Landorus|Landorus-Therian, M|79/100
|-damage|p1a: Landorus|67/100|[from] Stealth Rock
|-ability|p1a: Landorus|Intimidate|boost
|-unboost|p2a: Blissey|atk|1
|move|p2a: Blissey|Soft-Boiled|p2a: Blissey
|-heal|p2a: Blissey|100/100
|
|upkeep
|turn|27
|
|t:|1660738045
|switch|p2a: Clefable|Clefable, M|44/100
|move|p1a: Landorus|Earthquake|p2a: Clefable
|-damage|p2a: Clefable|5/100
|
|upkeep
|turn|28
|
|t:|1660738049
|switch|p2a: Zapdos|Zapdos|23/100
|move|p1a: Landorus|Knock Off|p2a: Zapdos
|-damage|p2a: Zapdos|0 fnt
|-status|p1a: Landorus|par|[from] ability: Static|[of] p2a: Zapdos
|-enditem|p2a: Zapdos|Heavy-Duty Boots|[from] move: Knock Off|[of] p1a: Landorus
|faint|p2a: Zapdos
|
|upkeep
|
|t:|1660738054
|switch|p2a: Clefable|Clefable, M|5/100
|turn|29
|
|t:|1660738062
|move|p2a: Clefable|Soft-Boiled|p2a: Clefable
|-heal|p2a: Clefable|55/100
|move|p1a: Landorus|Defog|p2a: Clefable
|-unboost|p2a: Clefable|evasion|1
|-sideend|p1: bramitoboy|Stealth Rock|[from] move: Defog|[of] p1a: Landorus
|-fieldend|move: Psychic Terrain
|
|upkeep
|turn|30
|
|t:|1660738066
|switch|p1a: Heatran|Heatran, F|56/100
|move|p2a: Clefable|Soft-Boiled|p2a: Clefable
|-heal|p2a: Clefable|100/100
|
|upkeep
|turn|31
|
|t:|1660738073
|switch|p1a: Tapu Koko|Tapu Koko|100/100
|-fieldstart|move: Electric Terrain|[from] ability: Electric Surge|[of] p1a: Tapu Koko
|switch|p2a: Starmie|Starmie|100/100
|
|upkeep
|turn|32
|
|t:|1660738081
|switch|p2a: Blissey|Blissey, F|100/100
|move|p1a: Tapu Koko|Volt Switch|p2a: Blissey
|-crit|p2a: Blissey
|-damage|p2a: Blissey|77/100
|
|t:|1660738088
|switch|p1a: Keldeo|Keldeo-Resolute|89/100|[from]move: Volt Switch
|
|-heal|p1a: Keldeo|96/100|[from] item: Leftovers
|upkeep
|turn|33
|
|t:|1660738091
|switch|p1a: Tapu Koko|Tapu Koko|100/100
|switch|p2a: Gastrodon|Gastrodon, F|100/100
|
|upkeep
|turn|34
|
|t:|1660738096
|move|p1a: Tapu Koko|Toxic|p2a: Gastrodon
|-status|p2a: Gastrodon|tox
|move|p2a: Gastrodon|Toxic|p1a: Tapu Koko|[miss]
|-miss|p2a: Gastrodon|p1a: Tapu Koko
|
|-damage|p2a: Gastrodon|94/100 tox|[from] psn
|upkeep
|turn|35
|
|t:|1660738108
|switch|p1a: Keldeo|Keldeo-Resolute|96/100
|move|p2a: Gastrodon|Scald|p1a: Keldeo
|-resisted|p1a: Keldeo
|-damage|p1a: Keldeo|80/100
|-status|p1a: Keldeo|brn
|
|-heal|p1a: Keldeo|87/100 brn|[from] item: Leftovers
|-heal|p2a: Gastrodon|100/100 tox|[from] item: Leftovers
|-damage|p2a: Gastrodon|88/100 tox|[from] psn
|-damage|p1a: Keldeo|80/100 brn|[from] brn
|-fieldend|move: Electric Terrain
|upkeep
|turn|36
|
|t:|1660738122
|switch|p1a: Heatran|Heatran, F|56/100
|switch|p2a: Clefable|Clefable, M|100/100
|
|upkeep
|turn|37
|
|t:|1660738131
|switch|p1a: Tapu Koko|Tapu Koko|100/100
|-fieldstart|move: Electric Terrain|[from] ability: Electric Surge|[of] p1a: Tapu Koko
|switch|p2a: Starmie|Starmie|100/100
|
|upkeep
|turn|38
|
|t:|1660738136
|switch|p2a: Gastrodon|Gastrodon, F|88/100 tox
|move|p1a: Tapu Koko|Volt Switch|p2a: Gastrodon
|-immune|p2a: Gastrodon
|
|-heal|p2a: Gastrodon|94/100 tox|[from] item: Leftovers
|-damage|p2a: Gastrodon|88/100 tox|[from] psn
|upkeep
|turn|39
|
|t:|1660738141
|move|p1a: Tapu Koko|Volt Switch|p2a: Gastrodon
|-immune|p2a: Gastrodon
|move|p2a: Gastrodon|Scald|p1a: Tapu Koko
|-damage|p1a: Tapu Koko|62/100
|-status|p1a: Tapu Koko|brn
|
|-heal|p2a: Gastrodon|94/100 tox|[from] item: Leftovers
|-damage|p2a: Gastrodon|82/100 tox|[from] psn
|-damage|p1a: Tapu Koko|56/100 brn|[from] brn
|upkeep
|turn|40
|
|t:|1660738146
|switch|p1a: Keldeo|Keldeo-Resolute|80/100 brn
|move|p2a: Gastrodon|Scald|p1a: Keldeo
|-resisted|p1a: Keldeo
|-damage|p1a: Keldeo|66/100 brn
|
|-heal|p1a: Keldeo|72/100 brn|[from] item: Leftovers
|-heal|p2a: Gastrodon|88/100 tox|[from] item: Leftovers
|-damage|p2a: Gastrodon|70/100 tox|[from] psn
|-damage|p1a: Keldeo|66/100 brn|[from] brn
|upkeep
|turn|41
|
|t:|1660738153
|switch|p1a: Heatran|Heatran, F|56/100
|switch|p2a: Clefable|Clefable, M|100/100
|
|-fieldend|move: Electric Terrain
|upkeep
|turn|42
|
|t:|1660738160
|switch|p1a: Tapu Koko|Tapu Koko|56/100 brn
|-fieldstart|move: Electric Terrain|[from] ability: Electric Surge|[of] p1a: Tapu Koko
|switch|p2a: Starmie|Starmie|100/100
|
|-damage|p1a: Tapu Koko|50/100 brn|[from] brn
|upkeep
|turn|43
|
|t:|1660738168
|switch|p1a: Heatran|Heatran, F|56/100
|switch|p2a: Blissey|Blissey, F|77/100
|
|upkeep
|turn|44
|
|t:|1660738173
|switch|p2a: Starmie|Starmie|100/100
|move|p1a: Heatran|Magma Storm|p2a: Starmie
|-resisted|p2a: Starmie
|-damage|p2a: Starmie|59/100
|-activate|p2a: Starmie|move: Magma Storm|[of] p1a: Heatran
|
|-damage|p2a: Starmie|47/100|[from] move: Magma Storm|[partiallytrapped]
|upkeep
|turn|45
|
|t:|1660738180
|move|p2a: Starmie|Scald|p1a: Heatran
|-supereffective|p1a: Heatran
|-damage|p1a: Heatran|5/100
|move|p1a: Heatran|Earth Power|p2a: Starmie
|-damage|p2a: Starmie|3/100
|
|-damage|p2a: Starmie|0 fnt|[from] move: Magma Storm|[partiallytrapped]
|faint|p2a: Starmie
|upkeep
|
|t:|1660738206
|switch|p2a: Gastrodon|Gastrodon, F|70/100 tox
|turn|46
|
|t:|1660738212
|move|p1a: Heatran|Stealth Rock|p2a: Gastrodon
|-sidestart|p2: Geremo|move: Stealth Rock
|move|p2a: Gastrodon|Scald|p1a: Heatran
|-supereffective|p1a: Heatran
|-crit|p1a: Heatran
|-damage|p1a: Heatran|0 fnt
|faint|p1a: Heatran
|
|-heal|p2a: Gastrodon|76/100 tox|[from] item: Leftovers
|-damage|p2a: Gastrodon|70/100 tox|[from] psn
|-fieldend|move: Electric Terrain
|upkeep
|
|t:|1660738239
|switch|p1a: Tapu Lele|Tapu Lele|76/100 tox
|-fieldstart|move: Psychic Terrain|[from] ability: Psychic Surge|[of] p1a: Tapu Lele
|turn|47
|
|t:|1660738253
|move|p1a: Tapu Lele|Psyshock|p2a: Gastrodon
|-crit|p2a: Gastrodon
|-damage|p2a: Gastrodon|0 fnt
|faint|p2a: Gastrodon
|
|-damage|p1a: Tapu Lele|70/100 tox|[from] psn
|upkeep
|
|t:|1660738257
|switch|p2a: Blissey|Blissey, F|77/100
|turn|48
|
|t:|1660738264
|move|p1a: Tapu Lele|Psyshock|p2a: Blissey
|-damage|p2a: Blissey|24/100
|move|p2a: Blissey|Soft-Boiled|p2a: Blissey
|-heal|p2a: Blissey|74/100
|
|-damage|p1a: Tapu Lele|58/100 tox|[from] psn
|upkeep
|turn|49
|
|t:|1660738269
|switch|p1a: Keldeo|Keldeo-Resolute|66/100 brn
|move|p2a: Blissey|Soft-Boiled|p2a: Blissey
|-heal|p2a: Blissey|100/100
|
|-heal|p1a: Keldeo|72/100 brn|[from] item: Leftovers
|-damage|p1a: Keldeo|66/100 brn|[from] brn
|upkeep
|turn|50
|
|t:|1660738273
|switch|p2a: Clefable|Clefable, M|100/100
|-damage|p2a: Clefable|88/100|[from] Stealth Rock
|move|p1a: Keldeo|Scald|p2a: Clefable
|-damage|p2a: Clefable|46/100
|
|-heal|p1a: Keldeo|72/100 brn|[from] item: Leftovers
|-damage|p1a: Keldeo|66/100 brn|[from] brn
|upkeep
|turn|51
|
|t:|1660738284
|move|p1a: Keldeo|Scald|p2a: Clefable
|-damage|p2a: Clefable|7/100
|move|p2a: Clefable|Soft-Boiled|p2a: Clefable
|-heal|p2a: Clefable|57/100
|
|-heal|p1a: Keldeo|72/100 brn|[from] item: Leftovers
|-damage|p1a: Keldeo|66/100 brn|[from] brn
|-fieldend|move: Psychic Terrain
|upkeep
|turn|52
|
|t:|1660738289
|switch|p1a: Tapu Koko|Tapu Koko|50/100 brn
|-fieldstart|move: Electric Terrain|[from] ability: Electric Surge|[of] p1a: Tapu Koko
|move|p2a: Clefable|Soft-Boiled|p2a: Clefable
|-heal|p2a: Clefable|100/100
|
|-damage|p1a: Tapu Koko|44/100 brn|[from] brn
|upkeep
|turn|53
|
|t:|1660738294
|move|p1a: Tapu Koko|Thunderbolt|p2a: Clefable
|-damage|p2a: Clefable|49/100
|move|p2a: Clefable|Moonblast|p1a: Tapu Koko
|-damage|p1a: Tapu Koko|0 fnt
|faint|p1a: Tapu Koko
|
|upkeep
|
|t:|1660738302
|switch|p1a: Tapu Lele|Tapu Lele|58/100 tox
|-fieldstart|move: Psychic Terrain|[from] ability: Psychic Surge|[of] p1a: Tapu Lele
|turn|54
|
|t:|1660738314
|move|p1a: Tapu Lele|Psyshock|p2a: Clefable
|-damage|p2a: Clefable|7/100
|move|p2a: Clefable|Soft-Boiled|p2a: Clefable
|-heal|p2a: Clefable|57/100
|
|-damage|p1a: Tapu Lele|52/100 tox|[from] psn
|upkeep
|turn|55
|
|t:|1660738329
|switch|p2a: Blissey|Blissey, F|100/100
|move|p1a: Tapu Lele|Moonblast|p2a: Blissey
|-damage|p2a: Blissey|81/100
|
|-damage|p1a: Tapu Lele|40/100 tox|[from] psn
|upkeep
|turn|56
|
|t:|1660738332
|switch|p1a: Keldeo|Keldeo-Resolute|66/100 brn
|move|p2a: Blissey|Stealth Rock|p1a: Keldeo
|-sidestart|p1: bramitoboy|move: Stealth Rock
|
|-heal|p1a: Keldeo|72/100 brn|[from] item: Leftovers
|-damage|p1a: Keldeo|66/100 brn|[from] brn
|upkeep
|turn|57
|
|t:|1660738337
|move|p1a: Keldeo|Secret Sword|p2a: Blissey
|-supereffective|p2a: Blissey
|-damage|p2a: Blissey|0 fnt
|faint|p2a: Blissey
|
|-heal|p1a: Keldeo|72/100 brn|[from] item: Leftovers
|-damage|p1a: Keldeo|66/100 brn|[from] brn
|upkeep
|
|t:|1660738339
|switch|p2a: Clefable|Clefable, M|57/100
|-damage|p2a: Clefable|45/100|[from] Stealth Rock
|turn|58
|
|t:|1660738341
|move|p1a: Keldeo|Scald|p2a: Clefable
|-damage|p2a: Clefable|4/100
|move|p2a: Clefable|Soft-Boiled|p2a: Clefable
|-heal|p2a: Clefable|54/100
|
|-heal|p1a: Keldeo|72/100 brn|[from] item: Leftovers
|-damage|p1a: Keldeo|66/100 brn|[from] brn
|-fieldend|move: Psychic Terrain
|upkeep
|turn|59
|
|t:|1660738345
|move|p1a: Keldeo|Scald|p2a: Clefable
|-damage|p2a: Clefable|13/100
|move|p2a: Clefable|Soft-Boiled|p2a: Clefable
|-heal|p2a: Clefable|63/100
|
|-heal|p1a: Keldeo|72/100 brn|[from] item: Leftovers
|-damage|p1a: Keldeo|66/100 brn|[from] brn
|upkeep
|turn|60
|
|t:|1660738349
|move|p1a: Keldeo|Scald|p2a: Clefable
|-damage|p2a: Clefable|21/100
|move|p2a: Clefable|Soft-Boiled|p2a: Clefable
|-heal|p2a: Clefable|71/100
|
|-heal|p1a: Keldeo|72/100 brn|[from] item: Leftovers
|-damage|p1a: Keldeo|66/100 brn|[from] brn
|upkeep
|turn|61
|
|t:|1660738352
|move|p1a: Keldeo|Scald|p2a: Clefable
|-damage|p2a: Clefable|34/100
|move|p2a: Clefable|Soft-Boiled|p2a: Clefable
|-heal|p2a: Clefable|84/100
|
|-heal|p1a: Keldeo|72/100 brn|[from] item: Leftovers
|-damage|p1a: Keldeo|66/100 brn|[from] brn
|upkeep
|turn|62
|
|t:|1660738356
|move|p1a: Keldeo|Scald|p2a: Clefable
|-damage|p2a: Clefable|43/100
|move|p2a: Clefable|Soft-Boiled|p2a: Clefable
|-heal|p2a: Clefable|94/100
|
|-heal|p1a: Keldeo|72/100 brn|[from] item: Leftovers
|-damage|p1a: Keldeo|66/100 brn|[from] brn
|upkeep
|turn|63
|
|t:|1660738364
|move|p1a: Keldeo|Scald|p2a: Clefable
|-damage|p2a: Clefable|50/100
|move|p2a: Clefable|Moonblast|p1a: Keldeo
|-supereffective|p1a: Keldeo
|-damage|p1a: Keldeo|0 fnt
|faint|p1a: Keldeo
|
|upkeep
|c|☆bramitoboy|not even a burn
|c|☆bramitoboy|literally fuc off
|
|t:|1660738377
|switch|p1a: Tapu Lele|Tapu Lele|40/100 tox
|-damage|p1a: Tapu Lele|27/100 tox|[from] Stealth Rock
|-fieldstart|move: Psychic Terrain|[from] ability: Psychic Surge|[of] p1a: Tapu Lele
|turn|64
|c|☆Geremo|Tbf you prob win with lele
|c|☆Geremo|and you got good fortune earlier
|
|t:|1660738394
|move|p1a: Tapu Lele|Moonblast|p2a: Clefable
|-damage|p2a: Clefable|0 fnt
|faint|p2a: Clefable
|
|win|bramitoboy
|raw|bramitoboy's rating: 1622 &rarr; <strong>1647</strong><br />(+25 for winning)
|raw|Geremo's rating: 1716 &rarr; <strong>1691</strong><br />(-25 for losing)
|c|☆bramitoboy|shut the fuc off man, I played far better than you
|c|☆bramitoboy|You didn't do any relevant play through the whole game
|c|☆bramitoboy|many switchs, mainly predicted by me
|c|☆bramitoboy|never a brilliant play
||Ladder isn't responding, score probably updated but might not have (Request timeout).
