|j|☆minimax_ai
|j|☆Kaleor
|t:|1665396192
|gametype|singles
|player|p1|minimax_ai|lusamine-nihilego|1691
|player|p2|Kaleor|swimmer-gen4dp|1722
|teamsize|p1|6
|teamsize|p2|6
|gen|8
|tier|[Gen 8] OU
|rated|
|rule|Sleep Clause Mod: Limit one foe put to sleep
|rule|Species Clause: Limit one of each Pokémon
|rule|OHKO Clause: OHKO moves are banned
|rule|Evasion Items Clause: Evasion items are banned
|rule|Evasion Moves Clause: Evasion moves are banned
|rule|Endless Battle Clause: Forcing endless battles is banned
|rule|HP Percentage Mod: HP is shown in percentages
|rule|Dynamax Clause: You cannot dynamax
|clearpoke
|poke|p1|Rotom-Wash|
|poke|p1|Weavile, M|
|poke|p1|Landorus-Therian, M|
|poke|p1|Heatran, M|
|poke|p1|Tangrowth, F|
|poke|p1|Melmetal|
|poke|p2|Excadrill, F|
|poke|p2|Volcarona, M|
|poke|p2|Polteageist|
|poke|p2|Moltres-Galar|
|poke|p2|Kartana|
|poke|p2|Celesteela|
|teampreview
|c|☆minimax_ai|hf
|inactive|Battle timer is ON: inactive players will automatically lose when time's up. (requested by minimax_ai)
|
|t:|1665396218
|start
|switch|p1a: Heatran|Heatran, M|100/100
|switch|p2a: Excadrill|Excadrill, F|100/100
|-ability|p2a: Excadrill|Mold Breaker
|-item|p1a: Heatran|Air Balloon
|turn|1
|
|t:|1665396222
|move|p2a: Excadrill|Rapid Spin|p1a: Heatran
|-resisted|p1a: Heatran
|-damage|p1a: Heatran|91/100
|-boost|p2a: Excadrill|spe|1
|-enditem|p1a: Heatran|Air Balloon
|move|p1a: Heatran|Eruption|p2a: Excadrill
|-supereffective|p2a: Excadrill
|-enditem|p2a: Excadrill|Focus Sash
|-damage|p2a: Excadrill|1/100
|
|upkeep
|turn|2
|
|t:|1665396226
|switch|p1a: landorustherian|Landorus-Therian, M|100/100
|-ability|p1a: landorustherian|Intimidate|boost
|-unboost|p2a: Excadrill|atk|1
|move|p2a: Excadrill|Stealth Rock|p1a: landorustherian
|-sidestart|p1: minimax_ai|move: Stealth Rock
|
|upkeep
|turn|3
|
|t:|1665396228
|move|p2a: Excadrill|Rapid Spin|p1a: landorustherian
|-damage|p1a: landorustherian|88/100
|-boost|p2a: Excadrill|spe|1
|move|p1a: landorustherian|Defog|p2a: Excadrill
|-unboost|p2a: Excadrill|evasion|1
|-sideend|p1: minimax_ai|Stealth Rock|[from] move: Defog|[of] p1a: landorustherian
|
|-heal|p1a: landorustherian|94/100|[from] item: Leftovers
|upkeep
|turn|4
|
|t:|1665396232
|move|p2a: Excadrill|Stealth Rock|p1a: landorustherian
|-sidestart|p1: minimax_ai|move: Stealth Rock
|move|p1a: landorustherian|Earthquake|p2a: Excadrill
|-supereffective|p2a: Excadrill
|-damage|p2a: Excadrill|0 fnt
|faint|p2a: Excadrill
|
|-heal|p1a: landorustherian|99/100|[from] item: Leftovers
|upkeep
|
|t:|1665396237
|switch|p2a: Moltres|Moltres-Galar|100/100
|turn|5
|
|t:|1665396239
|move|p2a: Moltres|Agility|p2a: Moltres
|-boost|p2a: Moltres|spe|2
|move|p1a: landorustherian|U-turn|p2a: Moltres
|-damage|p2a: Moltres|72/100
|
|t:|1665396239
|switch|p1a: Melmetal|Melmetal|100/100|[from]move: U-turn
|-damage|p1a: Melmetal|94/100|[from] Stealth Rock
|
|upkeep
|turn|6
|j| Ran Kob
|
|t:|1665396244
|move|p2a: Moltres|Fiery Wrath|p1a: Melmetal
|-damage|p1a: Melmetal|72/100
|move|p1a: Melmetal|Double Iron Bash|p2a: Moltres
|-damage|p2a: Moltres|25/100
|-damage|p2a: Moltres|0 fnt
|faint|p2a: Moltres
|-hitcount|p2: Moltres|2
|
|upkeep
|
|t:|1665396247
|switch|p2a: Celesteela|Celesteela|100/100
|turn|7
|
|t:|1665396249
|move|p2a: Celesteela|Autotomize|p2a: Celesteela
|-boost|p2a: Celesteela|spe|2
|-start|p2a: Celesteela|Autotomize
|move|p1a: Melmetal|Thunder Punch|p2a: Celesteela
|-supereffective|p2a: Celesteela
|-damage|p2a: Celesteela|31/100
|-enditem|p2a: Celesteela|Weakness Policy
|-boost|p2a: Celesteela|atk|2|[from] item: Weakness Policy
|-boost|p2a: Celesteela|spa|2|[from] item: Weakness Policy
|
|upkeep
|turn|8
|
|t:|1665396253
|move|p2a: Celesteela|Earthquake|p1a: Melmetal
|-supereffective|p1a: Melmetal
|-damage|p1a: Melmetal|0 fnt
|faint|p1a: Melmetal
|-ability|p2a: Celesteela|Beast Boost|boost
|-boost|p2a: Celesteela|atk|1
|
|upkeep
|
|t:|1665396253
|switch|p1a: rotomwash|Rotom-Wash|100/100
|-damage|p1a: rotomwash|88/100|[from] Stealth Rock
|turn|9
|
|t:|1665396267
|move|p2a: Celesteela|Acrobatics|p1a: rotomwash
|-resisted|p1a: rotomwash
|-damage|p1a: rotomwash|14/100
|move|p1a: rotomwash|Thunderbolt|p2a: Celesteela
|-supereffective|p2a: Celesteela
|-crit|p2a: Celesteela
|-damage|p2a: Celesteela|0 fnt
|faint|p2a: Celesteela
|
|-heal|p1a: rotomwash|21/100|[from] item: Leftovers
|upkeep
|
|t:|1665396274
|switch|p2a: Kartana|Kartana|100/100
|turn|10
|
|t:|1665396276
|switch|p1a: Tangrowth|Tangrowth, F|100/100
|-damage|p1a: Tangrowth|88/100|[from] Stealth Rock
|move|p2a: Kartana|Knock Off|p1a: Tangrowth
|-damage|p1a: Tangrowth|58/100
|-damage|p2a: Kartana|84/100|[from] item: Rocky Helmet|[of] p1a: Tangrowth
|-enditem|p1a: Tangrowth|Rocky Helmet|[from] move: Knock Off|[of] p2a: Kartana
|-damage|p2a: Kartana|74/100|[from] item: Life Orb
|
|upkeep
|turn|11
|inactive|Kaleor has 120 seconds left.
|
|t:|1665396327
|switch|p2a: Volcarona|Volcarona, M|100/100
|move|p1a: Tangrowth|Sleep Powder|p2a: Volcarona
|-status|p2a: Volcarona|slp|[from] move: Sleep Powder
|
|upkeep
|turn|12
|
|t:|1665396331
|switch|p1a: landorustherian|Landorus-Therian, M|99/100
|-damage|p1a: landorustherian|88/100|[from] Stealth Rock
|-ability|p1a: landorustherian|Intimidate|boost
|-unboost|p2a: Volcarona|atk|1
|cant|p2a: Volcarona|slp
|
|-heal|p1a: landorustherian|94/100|[from] item: Leftovers
|upkeep
|turn|13
|
|t:|1665396333
|-curestatus|p2a: Volcarona|slp|[msg]
|move|p2a: Volcarona|Quiver Dance|p2a: Volcarona
|-boost|p2a: Volcarona|spa|1
|-boost|p2a: Volcarona|spd|1
|-boost|p2a: Volcarona|spe|1
|move|p1a: landorustherian|Earthquake|p2a: Volcarona
|-damage|p2a: Volcarona|30/100
|
|-heal|p1a: landorustherian|99/100|[from] item: Leftovers
|upkeep
|turn|14
|
|t:|1665396342
|move|p2a: Volcarona|Giga Drain|p1a: landorustherian
|-damage|p1a: landorustherian|66/100
|-heal|p2a: Volcarona|51/100|[from] drain|[of] p1a: landorustherian
|move|p1a: landorustherian|Earthquake|p2a: Volcarona
|-damage|p2a: Volcarona|0 fnt
|faint|p2a: Volcarona
|
|-heal|p1a: landorustherian|72/100|[from] item: Leftovers
|upkeep
|
|t:|1665396344
|switch|p2a: Polteageist|Polteageist|100/100
|turn|15
|
|t:|1665396346
|move|p2a: Polteageist|Shell Smash|p2a: Polteageist
|-unboost|p2a: Polteageist|def|1
|-unboost|p2a: Polteageist|spd|1
|-boost|p2a: Polteageist|atk|2
|-boost|p2a: Polteageist|spa|2
|-boost|p2a: Polteageist|spe|2
|move|p1a: landorustherian|Toxic|p2a: Polteageist
|-status|p2a: Polteageist|tox
|
|-heal|p1a: landorustherian|78/100|[from] item: Leftovers
|-damage|p2a: Polteageist|94/100 tox|[from] psn
|upkeep
|turn|16
|
|t:|1665396350
|move|p2a: Polteageist|Shadow Ball|p1a: landorustherian
|-damage|p1a: landorustherian|4/100
|move|p1a: landorustherian|Earthquake|p2a: Polteageist
|-damage|p2a: Polteageist|0 fnt
|faint|p2a: Polteageist
|
|-heal|p1a: landorustherian|10/100|[from] item: Leftovers
|upkeep
|inactive|Kaleor has 120 seconds left.
|j| Quagshi
|inactive|Kaleor has 90 seconds left.
|l|☆Kaleor
|inactive|Kaleor disconnected and has a minute to reconnect!
|player|p2|
|j| sada is dafa
|inactive|Kaleor has 30 seconds to reconnect!
|l| sada is dafa
|inactive|Kaleor has 20 seconds to reconnect!
|inactive|Kaleor has 15 seconds to reconnect!
|inactive|Kaleor has 10 seconds to reconnect!
|l| Ran Kob
|inactive|Kaleor has 5 seconds to reconnect!
|-message|Kaleor lost due to inactivity.
|
|win|minimax_ai
|inactive|Kaleor has 20 seconds left this turn.
|raw|minimax_ai's rating: 1691 &rarr; <strong>1713</strong><br />(+22 for winning)
|raw|Kaleor's rating: 1722 &rarr; <strong>1700</strong><br />(-22 for losing)
|c|☆minimax_ai|gg
