|j|☆yuwenzhao
|j|☆minimax_ai
|t:|1662710268
|gametype|singles
|player|p1|yuwenzhao|dawn|1476
|player|p2|minimax_ai|lusamine-nihilego|1445
|teamsize|p1|6
|teamsize|p2|6
|gen|8
|tier|[Gen 8] OU
|rated|
|rule|Sleep Clause Mod: Limit one foe put to sleep
|rule|Species Clause: Limit one of each Pokémon
|rule|OHKO Clause: OHKO moves are banned
|rule|Evasion Items Clause: Evasion items are banned
|rule|Evasion Moves Clause: Evasion moves are banned
|rule|Endless Battle Clause: Forcing endless battles is banned
|rule|HP Percentage Mod: HP is shown in percentages
|rule|Dynamax Clause: You cannot dynamax
|clearpoke
|poke|p1|Kartana|
|poke|p1|Rillaboom, F|
|poke|p1|Nihilego|
|poke|p1|Moltres|
|poke|p1|Volcanion|
|poke|p1|Tyranitar, F|
|poke|p2|Rotom-Wash|
|poke|p2|Weavile, M|
|poke|p2|Landorus-Therian, M|
|poke|p2|Heatran, M|
|poke|p2|Tangrowth, M|
|poke|p2|Melmetal|
|teampreview
|c|☆minimax_ai|hf
|inactive|Battle timer is ON: inactive players will automatically lose when time's up. (requested by minimax_ai)
|
|t:|1662710277
|start
|switch|p1a: Nihilego|Nihilego, shiny|100/100
|switch|p2a: Melmetal|Melmetal|100/100
|turn|1
|
|t:|1662710282
|switch|p1a: Moltres|Moltres, shiny|100/100
|move|p2a: Melmetal|Earthquake|p1a: Moltres
|-immune|p1a: Moltres
|
|upkeep
|turn|2
|
|t:|1662710288
|switch|p2a: rotomwash|Rotom-Wash|100/100
|move|p1a: Moltres|U-turn|p2a: rotomwash
|-damage|p2a: rotomwash|84/100
|
|t:|1662710298
|switch|p1a: Kartana|Kartana, shiny|100/100|[from]move: U-turn
|
|-heal|p2a: rotomwash|90/100|[from] item: Leftovers
|upkeep
|turn|3
|
|t:|1662710304
|switch|p2a: Tangrowth|Tangrowth, M|100/100
|move|p1a: Kartana|Swords Dance|p1a: Kartana
|-boost|p1a: Kartana|atk|2
|
|upkeep
|turn|4
|
|t:|1662710310
|move|p1a: Kartana|Knock Off|p2a: Tangrowth
|-damage|p2a: Tangrowth|41/100
|-damage|p1a: Kartana|84/100|[from] item: Rocky Helmet|[of] p2a: Tangrowth
|-enditem|p2a: Tangrowth|Rocky Helmet|[from] move: Knock Off|[of] p1a: Kartana
|-damage|p1a: Kartana|74/100|[from] item: Life Orb
|move|p2a: Tangrowth|Focus Blast|p1a: Kartana|[miss]
|-miss|p2a: Tangrowth|p1a: Kartana
|
|upkeep
|turn|5
|
|t:|1662710319
|move|p1a: Kartana|Sacred Sword|p2a: Tangrowth
|-damage|p2a: Tangrowth|0 fnt
|faint|p2a: Tangrowth
|-ability|p1a: Kartana|Beast Boost|boost
|-boost|p1a: Kartana|atk|1
|-damage|p1a: Kartana|65/100|[from] item: Life Orb
|
|upkeep
|
|t:|1662710319
|switch|p2a: Weavile|Weavile, M|100/100
|-ability|p2a: Weavile|Pressure
|turn|6
|
|t:|1662710328
|switch|p1a: Moltres|Moltres, shiny|100/100
|move|p2a: Weavile|Knock Off|p1a: Moltres
|-damage|p1a: Moltres|47/100
|-status|p2a: Weavile|brn|[from] ability: Flame Body|[of] p1a: Moltres
|-enditem|p1a: Moltres|Heavy-Duty Boots|[from] move: Knock Off|[of] p2a: Weavile
|
|-damage|p2a: Weavile|94/100 brn|[from] brn
|upkeep
|turn|7
|
|t:|1662710338
|switch|p2a: Heatran|Heatran, M|100/100
|-item|p2a: Heatran|Air Balloon
|move|p1a: Moltres|Roost|p1a: Moltres
|-heal|p1a: Moltres|97/100
|-singleturn|p1a: Moltres|move: Roost
|
|upkeep
|turn|8
|
|t:|1662710345
|move|p2a: Heatran|Stealth Rock|p1a: Moltres
|-sidestart|p1: yuwenzhao|move: Stealth Rock
|move|p1a: Moltres|U-turn|p2a: Heatran
|-resisted|p2a: Heatran
|-damage|p2a: Heatran|97/100
|-enditem|p2a: Heatran|Air Balloon
|
|t:|1662710368
|switch|p1a: Kartana|Kartana, shiny|65/100|[from]move: U-turn
|-damage|p1a: Kartana|58/100|[from] Stealth Rock
|
|upkeep
|turn|9
|
|t:|1662710374
|switch|p2a: Weavile|Weavile, M|94/100 brn
|-ability|p2a: Weavile|Pressure
|move|p1a: Kartana|Sacred Sword|p2a: Weavile
|-supereffective|p2a: Weavile
|-damage|p2a: Weavile|0 fnt
|faint|p2a: Weavile
|-ability|p1a: Kartana|Beast Boost|boost
|-boost|p1a: Kartana|atk|1
|-damage|p1a: Kartana|49/100|[from] item: Life Orb
|
|upkeep
|
|t:|1662710374
|switch|p2a: landorustherian|Landorus-Therian, M|100/100
|-ability|p2a: landorustherian|Intimidate|boost
|-unboost|p1a: Kartana|atk|1
|turn|10
|
|t:|1662710389
|move|p1a: Kartana|Leaf Blade|p2a: landorustherian
|-crit|p2a: landorustherian
|-damage|p2a: landorustherian|0 fnt
|faint|p2a: landorustherian
|-ability|p1a: Kartana|Beast Boost|boost
|-boost|p1a: Kartana|atk|1
|-damage|p1a: Kartana|39/100|[from] item: Life Orb
|
|upkeep
|
|t:|1662710390
|switch|p2a: Melmetal|Melmetal|100/100
|turn|11
|
|t:|1662710398
|move|p1a: Kartana|Sacred Sword|p2a: Melmetal
|-supereffective|p2a: Melmetal
|-damage|p2a: Melmetal|15/100
|-damage|p1a: Kartana|29/100|[from] item: Life Orb
|move|p2a: Melmetal|Double Iron Bash|p1a: Kartana
|-resisted|p1a: Kartana
|-damage|p1a: Kartana|7/100
|-resisted|p1a: Kartana
|-damage|p1a: Kartana|0 fnt
|faint|p1a: Kartana
|-hitcount|p1: Kartana|2
|
|upkeep
|
|t:|1662710409
|switch|p1a: Rillaboom|Rillaboom, F|100/100
|-damage|p1a: Rillaboom|88/100|[from] Stealth Rock
|-fieldstart|move: Grassy Terrain|[from] ability: Grassy Surge|[of] p1a: Rillaboom
|turn|12
|
|t:|1662710415
|move|p1a: Rillaboom|Drain Punch|p2a: Melmetal
|-supereffective|p2a: Melmetal
|-damage|p2a: Melmetal|0 fnt
|-heal|p1a: Rillaboom|98/100|[from] drain|[of] p2a: Melmetal
|faint|p2a: Melmetal
|-damage|p1a: Rillaboom|88/100|[from] item: Life Orb
|
|-heal|p1a: Rillaboom|94/100|[from] Grassy Terrain
|upkeep
|
|t:|1662710415
|switch|p2a: Heatran|Heatran, M|97/100
|turn|13
|
|t:|1662710425
|move|p2a: Heatran|Earth Power|p1a: Rillaboom
|-resisted|p1a: Rillaboom
|-damage|p1a: Rillaboom|73/100
|move|p1a: Rillaboom|High Horsepower|p2a: Heatran
|-supereffective|p2a: Heatran
|-damage|p2a: Heatran|0 fnt
|faint|p2a: Heatran
|-damage|p1a: Rillaboom|63/100|[from] item: Life Orb
|
|-heal|p1a: Rillaboom|69/100|[from] Grassy Terrain
|upkeep
|
|t:|1662710425
|switch|p2a: rotomwash|Rotom-Wash|90/100
|turn|14
|
|t:|1662710436
|move|p1a: Rillaboom|Grassy Glide|p2a: rotomwash
|-supereffective|p2a: rotomwash
|-damage|p2a: rotomwash|0 fnt
|faint|p2a: rotomwash
|-damage|p1a: Rillaboom|59/100|[from] item: Life Orb
|
|win|yuwenzhao
|raw|yuwenzhao's rating: 1476 &rarr; <strong>1494</strong><br />(+18 for winning)
|raw|minimax_ai's rating: 1445 &rarr; <strong>1427</strong><br />(-18 for losing)
|c|☆minimax_ai|gg
