|j|☆The Dragon Gyrados
|j|☆rigmortus
|t:|1640578522
|gametype|singles
|player|p1|The Dragon Gyrados|clair|1774
|player|p2|rigmortus|dawn|1872
|teamsize|p1|6
|teamsize|p2|6
|gen|8
|tier|[Gen 8] OU
|rated|
|rule|Sleep Clause Mod: Limit one foe put to sleep
|rule|Species Clause: Limit one of each Pokémon
|rule|OHKO Clause: OHKO moves are banned
|rule|Evasion Moves Clause: Evasion moves are banned
|rule|Endless Battle Clause: Forcing endless battles is banned
|rule|HP Percentage Mod: HP is shown in percentages
|rule|Dynamax Clause: You cannot dynamax
|clearpoke
|poke|p1|Ninetales-Alola, F|
|poke|p1|Klefki, M|
|poke|p1|Volcarona, F|
|poke|p1|Landorus-Therian, M|
|poke|p1|Dragapult, F|
|poke|p1|Tapu Lele|
|poke|p2|Landorus-Therian, M|
|poke|p2|Heatran, M|
|poke|p2|Ferrothorn, F|
|poke|p2|Clefable, M|
|poke|p2|Blacephalon|
|poke|p2|Weavile, M|
|teampreview
|inactive|Battle timer is ON: inactive players will automatically lose when time's up. (requested by The Dragon Gyrados)
|j| Lyudra
|
|t:|1640578533
|start
|switch|p1a: Klefki|Klefki, M|100/100
|switch|p2a: Heatran|Heatran, M|100/100
|-item|p2a: Heatran|Air Balloon
|turn|1
|
|t:|1640578539
|move|p1a: Klefki|Light Screen|p1a: Klefki
|-sidestart|p1: The Dragon Gyrados|move: Light Screen
|move|p2a: Heatran|Stealth Rock|p1a: Klefki
|-sidestart|p1: The Dragon Gyrados|move: Stealth Rock
|
|upkeep
|turn|2
|
|t:|1640578542
|move|p1a: Klefki|Thunder Wave|p2a: Heatran
|-status|p2a: Heatran|par
|move|p2a: Heatran|Magma Storm|p1a: Klefki
|-supereffective|p1a: Klefki
|-damage|p1a: Klefki|40/100
|-activate|p1a: Klefki|move: Magma Storm|[of] p2a: Heatran
|
|-damage|p1a: Klefki|28/100|[from] move: Magma Storm|[partiallytrapped]
|upkeep
|turn|3
|
|t:|1640578550
|move|p1a: Klefki|Reflect|p1a: Klefki
|-sidestart|p1: The Dragon Gyrados|Reflect
|move|p2a: Heatran|Earth Power|p1a: Klefki
|-supereffective|p1a: Klefki
|-damage|p1a: Klefki|0 fnt
|faint|p1a: Klefki
|
|upkeep
|
|t:|1640578556
|switch|p1a: Dragapult|Dragapult, F|100/100
|-damage|p1a: Dragapult|88/100|[from] Stealth Rock
|turn|4
|j| Galr 3
|
|t:|1640578563
|move|p1a: Dragapult|Dragon Dance|p1a: Dragapult
|-boost|p1a: Dragapult|atk|1
|-boost|p1a: Dragapult|spe|1
|move|p2a: Heatran|Flash Cannon|p1a: Dragapult
|-damage|p1a: Dragapult|62/100
|
|-heal|p1a: Dragapult|68/100|[from] item: Leftovers
|upkeep
|turn|5
|
|t:|1640578570
|move|p1a: Dragapult|Dragon Dance|p1a: Dragapult
|-boost|p1a: Dragapult|atk|1
|-boost|p1a: Dragapult|spe|1
|move|p2a: Heatran|Flash Cannon|p1a: Dragapult
|-damage|p1a: Dragapult|40/100
|
|-heal|p1a: Dragapult|46/100|[from] item: Leftovers
|upkeep
|turn|6
|
|t:|1640578577
|switch|p2a: Ferrothorn|Ferrothorn, F|100/100
|move|p1a: Dragapult|Dragon Dance|p1a: Dragapult
|-boost|p1a: Dragapult|atk|1
|-boost|p1a: Dragapult|spe|1
|
|-heal|p1a: Dragapult|52/100|[from] item: Leftovers
|upkeep
|turn|7
|
|t:|1640578586
|move|p1a: Dragapult|Phantom Force||[still]
|-prepare|p1a: Dragapult|Phantom Force
|move|p2a: Ferrothorn|Leech Seed|p1a: Dragapult|[miss]
|-miss|p2a: Ferrothorn|p1a: Dragapult
|
|-heal|p1a: Dragapult|58/100|[from] item: Leftovers
|upkeep
|turn|8
|
|t:|1640578591
|move|p1a: Dragapult|Phantom Force|p2a: Ferrothorn|[from]lockedmove
|-damage|p2a: Ferrothorn|33/100
|-damage|p1a: Dragapult|46/100|[from] ability: Iron Barbs|[of] p2a: Ferrothorn
|-damage|p1a: Dragapult|29/100|[from] item: Rocky Helmet|[of] p2a: Ferrothorn
|move|p2a: Ferrothorn|Spikes|p1a: Dragapult
|-sidestart|p1: The Dragon Gyrados|Spikes
|
|-heal|p1a: Dragapult|35/100|[from] item: Leftovers
|-sideend|p1: The Dragon Gyrados|move: Light Screen
|upkeep
|turn|9
|
|t:|1640578599
|move|p1a: Dragapult|Dragon Darts|p2a: Ferrothorn
|-resisted|p2a: Ferrothorn
|-damage|p2a: Ferrothorn|15/100
|-anim|p1a: Dragapult|Dragon Darts|p2a: Ferrothorn
|-resisted|p2a: Ferrothorn
|-damage|p2a: Ferrothorn|0 fnt
|faint|p2a: Ferrothorn
|
|-heal|p1a: Dragapult|41/100|[from] item: Leftovers
|upkeep
|
|t:|1640578617
|switch|p2a: Clefable|Clefable, M|100/100
|turn|10
|
|t:|1640578621
|move|p1a: Dragapult|Phantom Force||[still]
|-prepare|p1a: Dragapult|Phantom Force
|move|p2a: Clefable|Moonblast|p1a: Dragapult|[miss]
|-miss|p2a: Clefable|p1a: Dragapult
|
|-heal|p1a: Dragapult|47/100|[from] item: Leftovers
|-sideend|p1: The Dragon Gyrados|Reflect
|upkeep
|turn|11
|
|t:|1640578627
|move|p1a: Dragapult|Phantom Force|p2a: Clefable|[from]lockedmove
|-damage|p2a: Clefable|11/100
|-damage|p1a: Dragapult|31/100|[from] item: Rocky Helmet|[of] p2a: Clefable
|move|p2a: Clefable|Moonblast|p1a: Dragapult
|-supereffective|p1a: Dragapult
|-damage|p1a: Dragapult|0 fnt
|faint|p1a: Dragapult
|
|upkeep
|j| Jdojdosjzjz
|j| Saketh22
|
|t:|1640578648
|switch|p1a: Ninetales|Ninetales-Alola, F|100/100
|-damage|p1a: Ninetales|76/100|[from] Stealth Rock
|-damage|p1a: Ninetales|64/100|[from] Spikes
|-weather|Hail|[from] ability: Snow Warning|[of] p1a: Ninetales
|turn|12
|
|t:|1640578659
|move|p1a: Ninetales|Freeze-Dry|p2a: Clefable
|-damage|p2a: Clefable|0 fnt
|faint|p2a: Clefable
|
|-weather|Hail|[upkeep]
|upkeep
|
|t:|1640578661
|switch|p2a: Blacephalon|Blacephalon|100/100
|turn|13
|
|t:|1640578667
|move|p2a: Blacephalon|Flamethrower|p1a: Ninetales
|-supereffective|p1a: Ninetales
|-damage|p1a: Ninetales|0 fnt
|faint|p1a: Ninetales
|-ability|p2a: Blacephalon|Beast Boost|boost
|-boost|p2a: Blacephalon|spa|1
|
|-weather|Hail|[upkeep]
|-damage|p2a: Blacephalon|94/100|[from] Hail
|upkeep
|
|t:|1640578674
|switch|p1a: Landorus|Landorus-Therian, M|100/100
|-damage|p1a: Landorus|88/100|[from] Stealth Rock
|-ability|p1a: Landorus|Intimidate|boost
|-unboost|p2a: Blacephalon|atk|1
|turn|14
|
|t:|1640578686
|switch|p2a: Heatran|Heatran, M|100/100 par
|-item|p2a: Heatran|Air Balloon
|move|p1a: Landorus|Stone Edge|p2a: Heatran
|-damage|p2a: Heatran|59/100 par
|-enditem|p2a: Heatran|Air Balloon
|
|-weather|Hail|[upkeep]
|-damage|p1a: Landorus|82/100|[from] Hail
|-damage|p2a: Heatran|53/100 par|[from] Hail
|-heal|p1a: Landorus|88/100|[from] item: Leftovers
|upkeep
|turn|15
|
|t:|1640578696
|move|p1a: Landorus|Substitute|p1a: Landorus
|-start|p1a: Landorus|Substitute
|-damage|p1a: Landorus|64/100
|move|p2a: Heatran|Flash Cannon|p1a: Landorus
|-end|p1a: Landorus|Substitute
|
|-weather|Hail|[upkeep]
|-damage|p1a: Landorus|58/100|[from] Hail
|-damage|p2a: Heatran|46/100 par|[from] Hail
|-heal|p1a: Landorus|64/100|[from] item: Leftovers
|upkeep
|turn|16
|
|t:|1640578703
|move|p1a: Landorus|Earthquake|p2a: Heatran
|-supereffective|p2a: Heatran
|-damage|p2a: Heatran|0 fnt
|faint|p2a: Heatran
|
|-weather|none
|-heal|p1a: Landorus|69/100|[from] item: Leftovers
|upkeep
|
|t:|1640578706
|switch|p2a: Weavile|Weavile, M|100/100
|-ability|p2a: Weavile|Pressure
|turn|17
|
|t:|1640578712
|switch|p1a: Volcarona|Volcarona, F|100/100
|move|p2a: Weavile|Ice Shard|p1a: Volcarona
|-resisted|p1a: Volcarona
|-damage|p1a: Volcarona|89/100
|
|upkeep
|turn|18
|
|t:|1640578717
|switch|p2a: Landorus|Landorus-Therian, M|100/100
|-ability|p2a: Landorus|Intimidate|boost
|-unboost|p1a: Volcarona|atk|1
|move|p1a: Volcarona|Quiver Dance|p1a: Volcarona
|-boost|p1a: Volcarona|spa|1
|-boost|p1a: Volcarona|spd|1
|-boost|p1a: Volcarona|spe|1
|
|upkeep
|turn|19
|
|t:|1640578724
|move|p1a: Volcarona|Fiery Dance|p2a: Landorus
|-damage|p2a: Landorus|49/100
|move|p2a: Landorus|Earthquake|p1a: Volcarona
|-damage|p1a: Volcarona|23/100
|
|-heal|p2a: Landorus|55/100|[from] item: Leftovers
|upkeep
|turn|20
|
|t:|1640578730
|move|p1a: Volcarona|Fiery Dance|p2a: Landorus
|-damage|p2a: Landorus|0 fnt
|faint|p2a: Landorus
|
|upkeep
|
|t:|1640578733
|switch|p2a: Blacephalon|Blacephalon|94/100
|turn|21
|j| Might Talk After
|
|t:|1640578740
|move|p2a: Blacephalon|Flamethrower|p1a: Volcarona
|-damage|p1a: Volcarona|0 fnt
|faint|p1a: Volcarona
|-ability|p2a: Blacephalon|Beast Boost|boost
|-boost|p2a: Blacephalon|spa|1
|
|upkeep
|
|t:|1640578745
|switch|p1a: Tapu Lele|Tapu Lele|100/100
|-damage|p1a: Tapu Lele|88/100|[from] Spikes
|-damage|p1a: Tapu Lele|76/100|[from] Stealth Rock
|-fieldstart|move: Psychic Terrain|[from] ability: Psychic Surge|[of] p1a: Tapu Lele
|turn|22
|j| bffbbt
|
|t:|1640578759
|move|p2a: Blacephalon|Flamethrower|p1a: Tapu Lele
|-damage|p1a: Tapu Lele|0 fnt
|faint|p1a: Tapu Lele
|-ability|p2a: Blacephalon|Beast Boost|boost
|-boost|p2a: Blacephalon|spa|1
|
|upkeep
|-message|The Dragon Gyrados forfeited.
|
|win|rigmortus
|raw|The Dragon Gyrados's rating: 1774 &rarr; <strong>1759</strong><br />(-15 for losing)
|raw|rigmortus's rating: 1872 &rarr; <strong>1887</strong><br />(+15 for winning)
|l|☆The Dragon Gyrados
|l| Lyudra
|l| Might Talk After
|l|☆rigmortus
|l| bffbbt
|l| Galr 3
|l| Jdojdosjzjz
|n| Saketh22@!|saketh22
|l| Saketh22
|j| Saketh22
