|j|☆WOKE UP SIPPIN WOK
|j|☆Corumba
|t:|1641659993
|gametype|singles
|player|p1|WOKE UP SIPPIN WOK|archer|1700
|player|p2|Corumba|1|1907
|teamsize|p1|6
|teamsize|p2|6
|gen|8
|tier|[Gen 8] OU
|rated|
|rule|Sleep Clause Mod: Limit one foe put to sleep
|rule|Species Clause: Limit one of each Pokémon
|rule|OHKO Clause: OHKO moves are banned
|rule|Evasion Moves Clause: Evasion moves are banned
|rule|Endless Battle Clause: Forcing endless battles is banned
|rule|HP Percentage Mod: HP is shown in percentages
|rule|Dynamax Clause: You cannot dynamax
|clearpoke
|poke|p1|Altaria, F|
|poke|p1|Blissey, F|
|poke|p1|Mew|
|poke|p1|Toxapex, F|
|poke|p1|Corviknight, M|
|poke|p1|Quagsire, F|
|poke|p2|Dragapult, M|
|poke|p2|Dragonite, F|
|poke|p2|Celesteela|
|poke|p2|Melmetal|
|poke|p2|Mamoswine, M|
|poke|p2|Ferrothorn, F|
|teampreview
|inactive|Battle timer is ON: inactive players will automatically lose when time's up. (requested by WOKE UP SIPPIN WOK)
|j| Ekddidddud
|inactive|Corumba has 120 seconds left.
|j| fgjdfhfdg
|inactive|Corumba has 90 seconds left.
|
|t:|1641660058
|start
|switch|p1a: Toxapex|Toxapex, F|100/100
|switch|p2a: Ferrothorn|Ferrothorn, F|100/100
|turn|1
|
|t:|1641660085
|move|p1a: Toxapex|Toxic Spikes|p2a: Ferrothorn
|-sidestart|p2: Corumba|move: Toxic Spikes
|move|p2a: Ferrothorn|Thunder Wave|p1a: Toxapex
|-status|p1a: Toxapex|par
|
|upkeep
|turn|2
|
|t:|1641660092
|move|p2a: Ferrothorn|Spikes|p1a: Toxapex
|-sidestart|p1: WOKE UP SIPPIN WOK|Spikes
|move|p1a: Toxapex|Toxic Spikes|p2a: Ferrothorn
|-sidestart|p2: Corumba|move: Toxic Spikes
|
|upkeep
|turn|3
|
|t:|1641660096
|switch|p1a: Altaria|Altaria, F|100/100
|move|p2a: Ferrothorn|Spikes|p1a: Altaria
|-sidestart|p1: WOKE UP SIPPIN WOK|Spikes
|
|upkeep
|turn|4
|
|t:|1641660101
|switch|p2a: Dragonite|Dragonite, F|100/100
|move|p1a: Altaria|Fire Spin|p2a: Dragonite
|-resisted|p2a: Dragonite
|-damage|p2a: Dragonite|99/100
|-activate|p2a: Dragonite|move: Fire Spin|[of] p1a: Altaria
|
|-damage|p2a: Dragonite|87/100|[from] move: Fire Spin|[partiallytrapped]
|upkeep
|turn|5
|
|t:|1641660129
|switch|p1a: Toxapex|Toxapex, F|100/100 par
|-damage|p1a: Toxapex|84/100 par|[from] Spikes
|move|p2a: Dragonite|Ice Beam|p1a: Toxapex
|-resisted|p1a: Toxapex
|-damage|p1a: Toxapex|76/100 par
|
|-end|p2a: Dragonite|Fire Spin|[partiallytrapped]|[silent]
|upkeep
|turn|6
|
|t:|1641660135
|switch|p2a: Ferrothorn|Ferrothorn, F|100/100
|move|p1a: Toxapex|Toxic|p2a: Ferrothorn
|-immune|p2a: Ferrothorn
|
|upkeep
|turn|7
|
|t:|1641660141
|switch|p1a: Altaria|Altaria, F|100/100
|move|p2a: Ferrothorn|Spikes|p1a: Altaria
|-sidestart|p1: WOKE UP SIPPIN WOK|Spikes
|
|upkeep
|turn|8
|
|t:|1641660143
|switch|p2a: Dragonite|Dragonite, F|87/100
|move|p1a: Altaria|Fire Spin|p2a: Dragonite
|-resisted|p2a: Dragonite
|-damage|p2a: Dragonite|85/100
|-activate|p2a: Dragonite|move: Fire Spin|[of] p1a: Altaria
|
|-damage|p2a: Dragonite|72/100|[from] move: Fire Spin|[partiallytrapped]
|upkeep
|turn|9
|
|t:|1641660146
|switch|p1a: Blissey|Blissey, F|100/100
|move|p2a: Dragonite|Roost|p2a: Dragonite
|-heal|p2a: Dragonite|100/100
|-singleturn|p2a: Dragonite|move: Roost
|
|-end|p2a: Dragonite|Fire Spin|[partiallytrapped]|[silent]
|upkeep
|turn|10
|
|t:|1641660150
|switch|p2a: Ferrothorn|Ferrothorn, F|100/100
|move|p1a: Blissey|Stealth Rock|p2a: Ferrothorn
|-sidestart|p2: Corumba|move: Stealth Rock
|
|upkeep
|turn|11
|
|t:|1641660154
|switch|p1a: Altaria|Altaria, F|100/100
|move|p2a: Ferrothorn|Leech Seed|p1a: Altaria
|-start|p1a: Altaria|move: Leech Seed
|
|-damage|p1a: Altaria|88/100|[from] Leech Seed|[of] p2a: Ferrothorn
|upkeep
|turn|12
|j| from you
|
|t:|1641660156
|switch|p2a: Dragonite|Dragonite, F|100/100
|move|p1a: Altaria|Fire Spin|p2a: Dragonite
|-resisted|p2a: Dragonite
|-damage|p2a: Dragonite|99/100
|-activate|p2a: Dragonite|move: Fire Spin|[of] p1a: Altaria
|
|-damage|p1a: Altaria|76/100|[from] Leech Seed|[of] p2a: Dragonite
|-heal|p2a: Dragonite|100/100|[silent]
|-damage|p2a: Dragonite|88/100|[from] move: Fire Spin|[partiallytrapped]
|upkeep
|turn|13
|c| from you|hi
|c|☆Corumba|hello
|
|t:|1641660165
|switch|p1a: Mew|Mew, shiny|100/100
|-damage|p1a: Mew|75/100|[from] Spikes
|move|p2a: Dragonite|Earthquake|p1a: Mew
|-damage|p1a: Mew|51/100
|
|-heal|p1a: Mew|57/100|[from] item: Leftovers
|-end|p2a: Dragonite|Fire Spin|[partiallytrapped]|[silent]
|upkeep
|turn|14
|c| from you|gxe is what bro ?
|c|☆Corumba|no idea
|
|t:|1641660184
|move|p1a: Mew|Cosmic Power|p1a: Mew
|-boost|p1a: Mew|def|1
|-boost|p1a: Mew|spd|1
|move|p2a: Dragonite|Thunder Wave|p1a: Mew
|-status|p1a: Mew|par
|-activate|p1a: Mew|ability: Synchronize
|-status|p2a: Dragonite|par
|
|-heal|p1a: Mew|63/100 par|[from] item: Leftovers
|upkeep
|turn|15
|c| from you|i see it in ladder
|c| from you|no idea ?
|
|t:|1641660203
|switch|p2a: Celesteela|Celesteela|100/100
|-damage|p2a: Celesteela|88/100|[from] Stealth Rock
|move|p1a: Mew|Roost|p1a: Mew
|-heal|p1a: Mew|100/100 par
|-singleturn|p1a: Mew|move: Roost
|
|upkeep
|turn|16
|c|☆Corumba|not idea mate sorry
|
|t:|1641660214
|switch|p1a: Blissey|Blissey, F|100/100
|move|p2a: Celesteela|Leech Seed|p1a: Blissey
|-start|p1a: Blissey|move: Leech Seed
|
|-damage|p1a: Blissey|88/100|[from] Leech Seed|[of] p2a: Celesteela
|-heal|p2a: Celesteela|100/100|[silent]
|upkeep
|turn|17
|c|☆Corumba|no*
|c| from you|sad
|
|t:|1641660224
|move|p2a: Celesteela|Autotomize|p2a: Celesteela
|-boost|p2a: Celesteela|spe|2
|-start|p2a: Celesteela|Autotomize
|move|p1a: Blissey|Heal Bell|p1a: Blissey
|-activate|p1a: Blissey|move: Heal Bell
|-curestatus|p1: Mew|par|[msg]
|-curestatus|p1: Toxapex|par|[msg]
|
|-damage|p1a: Blissey|76/100|[from] Leech Seed|[of] p2a: Celesteela
|upkeep
|turn|18
|c| from you|but dont worry
|
|t:|1641660234
|switch|p1a: Quagsire|Quagsire, F|100/100
|-damage|p1a: Quagsire|76/100|[from] Spikes
|move|p2a: Celesteela|Meteor Beam||[still]
|-prepare|p2a: Celesteela|Meteor Beam
|-boost|p2a: Celesteela|spa|1
|-enditem|p2a: Celesteela|Power Herb
|-anim|p2a: Celesteela|Meteor Beam|p1a: Quagsire
|-resisted|p1a: Quagsire
|-damage|p1a: Quagsire|52/100
|
|-heal|p1a: Quagsire|58/100|[from] item: Leftovers
|upkeep
|turn|19
|
|t:|1641660241
|move|p2a: Celesteela|Leech Seed|p1a: Quagsire
|-start|p1a: Quagsire|move: Leech Seed
|move|p1a: Quagsire|Recover|p1a: Quagsire
|-heal|p1a: Quagsire|100/100
|
|-damage|p1a: Quagsire|88/100|[from] Leech Seed|[of] p2a: Celesteela
|upkeep
|turn|20
|
|t:|1641660243
|move|p2a: Celesteela|Air Slash|p1a: Quagsire
|-damage|p1a: Quagsire|40/100
|cant|p1a: Quagsire|flinch
|
|-heal|p1a: Quagsire|46/100|[from] item: Leftovers
|-damage|p1a: Quagsire|33/100|[from] Leech Seed|[of] p2a: Celesteela
|upkeep
|turn|21
|
|t:|1641660260
|switch|p1a: Corviknight|Corviknight, M|100/100
|-ability|p1a: Corviknight|Pressure
|move|p2a: Celesteela|Air Slash|p1a: Corviknight
|-resisted|p1a: Corviknight
|-damage|p1a: Corviknight|79/100
|
|-heal|p1a: Corviknight|85/100|[from] item: Leftovers
|upkeep
|turn|22
|
|t:|1641660266
|move|p2a: Celesteela|Meteor Beam||[still]
|-prepare|p2a: Celesteela|Meteor Beam
|-boost|p2a: Celesteela|spa|1
|move|p1a: Corviknight|Iron Defense|p1a: Corviknight
|-boost|p1a: Corviknight|def|2
|
|-heal|p1a: Corviknight|91/100|[from] item: Leftovers
|upkeep
|turn|23
|
|t:|1641660269
|move|p2a: Celesteela|Meteor Beam|p1a: Corviknight|[from]lockedmove
|-crit|p1a: Corviknight
|-damage|p1a: Corviknight|6/100
|move|p1a: Corviknight|Roost|p1a: Corviknight
|-heal|p1a: Corviknight|56/100
|-singleturn|p1a: Corviknight|move: Roost
|
|-heal|p1a: Corviknight|62/100|[from] item: Leftovers
|upkeep
|turn|24
|
|t:|1641660273
|move|p2a: Celesteela|Leech Seed|p1a: Corviknight
|-start|p1a: Corviknight|move: Leech Seed
|move|p1a: Corviknight|Body Press|p2a: Celesteela
|-damage|p2a: Celesteela|60/100
|
|-heal|p1a: Corviknight|68/100|[from] item: Leftovers
|-damage|p1a: Corviknight|56/100|[from] Leech Seed|[of] p2a: Celesteela
|-heal|p2a: Celesteela|75/100|[silent]
|upkeep
|turn|25
|c| from you|air slash is so fking mad
|
|t:|1641660281
|move|p2a: Celesteela|Meteor Beam||[still]
|-prepare|p2a: Celesteela|Meteor Beam
|-boost|p2a: Celesteela|spa|1
|move|p1a: Corviknight|Roost|p1a: Corviknight
|-heal|p1a: Corviknight|100/100
|-singleturn|p1a: Corviknight|move: Roost
|
|-damage|p1a: Corviknight|88/100|[from] Leech Seed|[of] p2a: Celesteela
|-heal|p2a: Celesteela|90/100|[silent]
|upkeep
|turn|26
|
|t:|1641660286
|move|p2a: Celesteela|Meteor Beam|p1a: Corviknight|[from]lockedmove
|-damage|p1a: Corviknight|12/100
|move|p1a: Corviknight|Roost|p1a: Corviknight
|-heal|p1a: Corviknight|62/100
|-singleturn|p1a: Corviknight|move: Roost
|
|-heal|p1a: Corviknight|68/100|[from] item: Leftovers
|-damage|p1a: Corviknight|56/100|[from] Leech Seed|[of] p2a: Celesteela
|-heal|p2a: Celesteela|100/100|[silent]
|upkeep
|turn|27
|c| from you|just 30 % and flinch 5 turn
|j| NekoSea0
|
|t:|1641660307
|switch|p1a: Quagsire|Quagsire, F|33/100
|-damage|p1a: Quagsire|9/100|[from] Spikes
|move|p2a: Celesteela|Meteor Beam||[still]
|-prepare|p2a: Celesteela|Meteor Beam
|-boost|p2a: Celesteela|spa|1
|
|-heal|p1a: Quagsire|15/100|[from] item: Leftovers
|upkeep
|turn|28
|c|☆Corumba|this is a great celes set
|
|t:|1641660315
|move|p2a: Celesteela|Meteor Beam|p1a: Quagsire|[from]lockedmove
|-resisted|p1a: Quagsire
|-damage|p1a: Quagsire|0 fnt
|faint|p1a: Quagsire
|-ability|p2a: Celesteela|Beast Boost|boost
|-boost|p2a: Celesteela|spa|1
|
|upkeep
|
|t:|1641660318
|switch|p1a: Altaria|Altaria, F|76/100
|turn|29
|
|t:|1641660320
|move|p2a: Celesteela|Air Slash|p1a: Altaria
|-crit|p1a: Altaria
|-damage|p1a: Altaria|0 fnt
|faint|p1a: Altaria
|-ability|p2a: Celesteela|Beast Boost|boost
|-boost|p2a: Celesteela|spa|1
|
|upkeep
|-message|WOKE UP SIPPIN WOK forfeited.
|
|win|Corumba
|raw|WOKE UP SIPPIN WOK's rating: 1700 &rarr; <strong>1691</strong><br />(-9 for losing)
|raw|Corumba's rating: 1907 &rarr; <strong>1916</strong><br />(+9 for winning)
|l|☆WOKE UP SIPPIN WOK
