|j|☆Almighty Sa'
|j|☆Highv0ltag3
|t:|1660311921
|gametype|singles
|player|p1|Almighty Sa'|tabitha-gen3|1690
|player|p2|Highv0ltag3|volo|1692
|teamsize|p1|6
|teamsize|p2|6
|gen|8
|tier|[Gen 8] OU
|rated|
|rule|Sleep Clause Mod: Limit one foe put to sleep
|rule|Species Clause: Limit one of each Pokémon
|rule|OHKO Clause: OHKO moves are banned
|rule|Evasion Items Clause: Evasion items are banned
|rule|Evasion Moves Clause: Evasion moves are banned
|rule|Endless Battle Clause: Forcing endless battles is banned
|rule|HP Percentage Mod: HP is shown in percentages
|rule|Dynamax Clause: You cannot dynamax
|clearpoke
|poke|p1|Ferrothorn, M|
|poke|p1|Blacephalon|
|poke|p1|Slowbro, F|
|poke|p1|Haxorus, M|
|poke|p1|Landorus-Therian, M|
|poke|p1|Tyranitar, M|
|poke|p2|Ditto|
|poke|p2|Gastrodon, M|
|poke|p2|Zapdos|
|poke|p2|Corviknight, F|
|poke|p2|Toxapex, F|
|poke|p2|Clefable, F|
|teampreview
|
|t:|1660311938
|start
|switch|p1a: Wallstreet|Ferrothorn, M|100/100
|switch|p2a: Toxapex|Toxapex, F|100/100
|turn|1
|
|t:|1660311943
|move|p2a: Toxapex|Knock Off|p1a: Wallstreet
|-damage|p1a: Wallstreet|90/100
|-damage|p2a: Toxapex|88/100|[from] ability: Iron Barbs|[of] p1a: Wallstreet
|-enditem|p1a: Wallstreet|Leftovers|[from] move: Knock Off|[of] p2a: Toxapex
|move|p1a: Wallstreet|Stealth Rock|p2a: Toxapex
|-sidestart|p2: Highv0ltag3|move: Stealth Rock
|
|-heal|p2a: Toxapex|94/100|[from] item: Black Sludge
|upkeep
|turn|2
|
|t:|1660311951
|switch|p2a: Clefable|Clefable, F|100/100
|switch|p1a: Pink Bean|Slowbro, F|100/100
|
|upkeep
|turn|3
|
|t:|1660311953
|move|p2a: Clefable|Stealth Rock|p1a: Pink Bean
|-sidestart|p1: Almighty Sa'|move: Stealth Rock
|move|p1a: Pink Bean|Future Sight|p2a: Clefable
|-start|p1a: Pink Bean|move: Future Sight
|
|upkeep
|turn|4
|
|t:|1660311966
|move|p2a: Clefable|Moonblast|p1a: Pink Bean
|-damage|p1a: Pink Bean|70/100
|-unboost|p1a: Pink Bean|spa|1
|move|p1a: Pink Bean|Teleport|p1a: Pink Bean
|
|t:|1660311976
|switch|p1a: Search Bloc|Tyranitar, M|100/100|[from]move: Teleport
|-damage|p1a: Search Bloc|88/100|[from] Stealth Rock
|-weather|Sandstorm|[from] ability: Sand Stream|[of] p1a: Search Bloc
|
|-weather|Sandstorm|[upkeep]
|upkeep
|turn|5
|
|t:|1660311981
|move|p1a: Search Bloc|Stone Edge|p2a: Clefable|[miss]
|-miss|p1a: Search Bloc|p2a: Clefable
|move|p2a: Clefable|Soft-Boiled||[still]
|-fail|p2a: Clefable|heal
|
|-weather|Sandstorm|[upkeep]
|-end|p2a: Clefable|move: Future Sight
|-damage|p2a: Clefable|60/100
|upkeep
|turn|6
|inactive|Battle timer is ON: inactive players will automatically lose when time's up. (requested by Almighty Sa')
|
|t:|1660311992
|switch|p2a: Gastrodon|Gastrodon, M|100/100
|-damage|p2a: Gastrodon|94/100|[from] Stealth Rock
|move|p1a: Search Bloc|Stone Edge|p2a: Gastrodon
|-resisted|p2a: Gastrodon
|-damage|p2a: Gastrodon|48/100
|
|-weather|Sandstorm|[upkeep]
|-heal|p2a: Gastrodon|54/100|[from] item: Leftovers
|upkeep
|turn|7
|
|t:|1660311997
|switch|p1a: Pink Bean|Slowbro, F|100/100
|-damage|p1a: Pink Bean|88/100|[from] Stealth Rock
|move|p2a: Gastrodon|Recover|p2a: Gastrodon
|-heal|p2a: Gastrodon|100/100
|
|-weather|Sandstorm|[upkeep]
|-damage|p1a: Pink Bean|82/100|[from] Sandstorm
|upkeep
|turn|8
|
|t:|1660311999
|switch|p2a: Clefable|Clefable, F|60/100
|move|p1a: Pink Bean|Future Sight|p2a: Clefable
|-start|p1a: Pink Bean|move: Future Sight
|
|-weather|none
|upkeep
|turn|9
|
|t:|1660312001
|move|p2a: Clefable|Soft-Boiled|p2a: Clefable
|-heal|p2a: Clefable|100/100
|move|p1a: Pink Bean|Teleport|p1a: Pink Bean
|
|t:|1660312004
|switch|p1a: Search Bloc|Tyranitar, M|88/100|[from]move: Teleport
|-damage|p1a: Search Bloc|76/100|[from] Stealth Rock
|-weather|Sandstorm|[from] ability: Sand Stream|[of] p1a: Search Bloc
|
|-weather|Sandstorm|[upkeep]
|upkeep
|turn|10
|
|t:|1660312009
|move|p1a: Search Bloc|Heavy Slam|p2a: Clefable
|-supereffective|p2a: Clefable
|-damage|p2a: Clefable|0 fnt
|faint|p2a: Clefable
|
|-weather|Sandstorm|[upkeep]
|-hint|Future Sight did not hit because the target is fainted.
|upkeep
|
|t:|1660312014
|switch|p2a: Ditto|Ditto|100/100
|-damage|p2a: Ditto|88/100|[from] Stealth Rock
|-transform|p2a: Ditto|p1a: Search Bloc|[from] ability: Imposter
|turn|11
|
|t:|1660312022
|switch|p2a: Zapdos|Zapdos|100/100
|switch|p1a: Wallstreet|Ferrothorn, M|90/100
|-damage|p1a: Wallstreet|84/100|[from] Stealth Rock
|
|-weather|Sandstorm|[upkeep]
|-damage|p2a: Zapdos|94/100|[from] Sandstorm
|upkeep
|turn|12
|
|t:|1660312024
|move|p2a: Zapdos|Thunderbolt|p1a: Wallstreet
|-resisted|p1a: Wallstreet
|-damage|p1a: Wallstreet|71/100
|move|p1a: Wallstreet|Leech Seed|p2a: Zapdos
|-start|p2a: Zapdos|move: Leech Seed
|
|-weather|Sandstorm|[upkeep]
|-damage|p2a: Zapdos|88/100|[from] Sandstorm
|-damage|p2a: Zapdos|75/100|[from] Leech Seed|[of] p1a: Wallstreet
|-heal|p1a: Wallstreet|84/100|[silent]
|upkeep
|turn|13
|
|t:|1660312028
|move|p2a: Zapdos|Toxic|p1a: Wallstreet
|-immune|p1a: Wallstreet
|move|p1a: Wallstreet|Stealth Rock||[still]
|-fail|p1a: Wallstreet
|
|-weather|none
|-damage|p2a: Zapdos|63/100|[from] Leech Seed|[of] p1a: Wallstreet
|-heal|p1a: Wallstreet|98/100|[silent]
|upkeep
|turn|14
|
|t:|1660312031
|switch|p2a: Corviknight|Corviknight, F|100/100
|-damage|p2a: Corviknight|88/100|[from] Stealth Rock
|-ability|p2a: Corviknight|Pressure
|switch|p1a: Search Bloc|Tyranitar, M|76/100
|-damage|p1a: Search Bloc|64/100|[from] Stealth Rock
|-weather|Sandstorm|[from] ability: Sand Stream|[of] p1a: Search Bloc
|
|-weather|Sandstorm|[upkeep]
|-heal|p2a: Corviknight|94/100|[from] item: Leftovers
|upkeep
|turn|15
|
|t:|1660312036
|switch|p1a: Pink Bean|Slowbro, F|100/100
|-damage|p1a: Pink Bean|88/100|[from] Stealth Rock
|move|p2a: Corviknight|Body Press|p1a: Pink Bean
|-resisted|p1a: Pink Bean
|-damage|p1a: Pink Bean|81/100
|
|-weather|Sandstorm|[upkeep]
|-damage|p1a: Pink Bean|75/100|[from] Sandstorm
|-heal|p2a: Corviknight|100/100|[from] item: Leftovers
|upkeep
|turn|16
|
|t:|1660312042
|switch|p2a: Zapdos|Zapdos|63/100
|move|p1a: Pink Bean|Future Sight|p2a: Zapdos
|-start|p1a: Pink Bean|move: Future Sight
|
|-weather|Sandstorm|[upkeep]
|-damage|p2a: Zapdos|57/100|[from] Sandstorm
|-damage|p1a: Pink Bean|69/100|[from] Sandstorm
|upkeep
|turn|17
|
|t:|1660312050
|switch|p1a: Wallstreet|Ferrothorn, M|98/100
|-damage|p1a: Wallstreet|92/100|[from] Stealth Rock
|move|p2a: Zapdos|Thunderbolt|p1a: Wallstreet
|-resisted|p1a: Wallstreet
|-damage|p1a: Wallstreet|79/100
|
|-weather|Sandstorm|[upkeep]
|-damage|p2a: Zapdos|50/100|[from] Sandstorm
|upkeep
|turn|18
|
|t:|1660312054
|move|p2a: Zapdos|Roost|p2a: Zapdos
|-heal|p2a: Zapdos|100/100
|-singleturn|p2a: Zapdos|move: Roost
|move|p1a: Wallstreet|Leech Seed|p2a: Zapdos
|-start|p2a: Zapdos|move: Leech Seed
|
|-weather|none
|-end|p2a: Zapdos|move: Future Sight
|-damage|p2a: Zapdos|69/100
|-damage|p2a: Zapdos|56/100|[from] Leech Seed|[of] p1a: Wallstreet
|-heal|p1a: Wallstreet|93/100|[silent]
|upkeep
|turn|19
|
|t:|1660312057
|switch|p1a: Search Bloc|Tyranitar, M|64/100
|-damage|p1a: Search Bloc|51/100|[from] Stealth Rock
|-weather|Sandstorm|[from] ability: Sand Stream|[of] p1a: Search Bloc
|move|p2a: Zapdos|Roost|p2a: Zapdos
|-heal|p2a: Zapdos|100/100
|-singleturn|p2a: Zapdos|move: Roost
|
|-weather|Sandstorm|[upkeep]
|-damage|p2a: Zapdos|94/100|[from] Sandstorm
|-damage|p2a: Zapdos|82/100|[from] Leech Seed|[of] p1a: Search Bloc
|-heal|p1a: Search Bloc|65/100|[silent]
|upkeep
|turn|20
|
|t:|1660312059
|switch|p2a: Toxapex|Toxapex, F|100/100
|-damage|p2a: Toxapex|88/100|[from] Stealth Rock
|move|p1a: Search Bloc|Assurance|p2a: Toxapex
|-damage|p2a: Toxapex|23/100
|
|-weather|Sandstorm|[upkeep]
|-damage|p2a: Toxapex|16/100|[from] Sandstorm
|-heal|p2a: Toxapex|23/100|[from] item: Black Sludge
|upkeep
|turn|21
|
|t:|1660312084
|switch|p2a: Zapdos|Zapdos|82/100
|move|p1a: Search Bloc|Assurance|p2a: Zapdos
|-damage|p2a: Zapdos|38/100
|
|-weather|Sandstorm|[upkeep]
|-damage|p2a: Zapdos|31/100|[from] Sandstorm
|upkeep
|turn|22
|
|t:|1660312094
|switch|p1a: Objection|Landorus-Therian, M|100/100
|-damage|p1a: Objection|88/100|[from] Stealth Rock
|-ability|p1a: Objection|Intimidate|boost
|-unboost|p2a: Zapdos|atk|1
|move|p2a: Zapdos|Roost|p2a: Zapdos
|-heal|p2a: Zapdos|81/100
|-singleturn|p2a: Zapdos|move: Roost
|
|-weather|Sandstorm|[upkeep]
|-damage|p2a: Zapdos|75/100|[from] Sandstorm
|-heal|p1a: Objection|94/100|[from] item: Leftovers
|upkeep
|turn|23
|
|t:|1660312097
|move|p1a: Objection|Knock Off|p2a: Zapdos
|-damage|p2a: Zapdos|48/100
|-enditem|p2a: Zapdos|Heavy-Duty Boots|[from] move: Knock Off|[of] p1a: Objection
|move|p2a: Zapdos|Toxic|p1a: Objection
|-status|p1a: Objection|tox
|
|-weather|none
|-heal|p1a: Objection|100/100 tox|[from] item: Leftovers
|-damage|p1a: Objection|94/100 tox|[from] psn
|upkeep
|turn|24
|
|t:|1660312102
|switch|p1a: Search Bloc|Tyranitar, M|65/100
|-damage|p1a: Search Bloc|53/100|[from] Stealth Rock
|-weather|Sandstorm|[from] ability: Sand Stream|[of] p1a: Search Bloc
|move|p2a: Zapdos|Roost|p2a: Zapdos
|-heal|p2a: Zapdos|98/100
|-singleturn|p2a: Zapdos|move: Roost
|
|-weather|Sandstorm|[upkeep]
|-damage|p2a: Zapdos|92/100|[from] Sandstorm
|upkeep
|turn|25
|
|t:|1660312104
|move|p2a: Zapdos|Thunderbolt|p1a: Search Bloc
|-damage|p1a: Search Bloc|29/100
|move|p1a: Search Bloc|Stone Edge|p2a: Zapdos
|-supereffective|p2a: Zapdos
|-damage|p2a: Zapdos|0 fnt
|faint|p2a: Zapdos
|
|-weather|Sandstorm|[upkeep]
|upkeep
|
|t:|1660312109
|switch|p2a: Corviknight|Corviknight, F|100/100
|-damage|p2a: Corviknight|88/100|[from] Stealth Rock
|-ability|p2a: Corviknight|Pressure
|turn|26
|
|t:|1660312113
|switch|p1a: Pink Bean|Slowbro, F|100/100
|-damage|p1a: Pink Bean|88/100|[from] Stealth Rock
|move|p2a: Corviknight|U-turn|p1a: Pink Bean
|-supereffective|p1a: Pink Bean
|-damage|p1a: Pink Bean|71/100
|
|t:|1660312116
|switch|p2a: Ditto|Ditto|88/100|[from]move: U-turn
|-damage|p2a: Ditto|76/100|[from] Stealth Rock
|-transform|p2a: Ditto|p1a: Pink Bean|[from] ability: Imposter
|
|-weather|Sandstorm|[upkeep]
|-damage|p2a: Ditto|70/100|[from] Sandstorm
|-damage|p1a: Pink Bean|65/100|[from] Sandstorm
|upkeep
|turn|27
|
|t:|1660312118
|move|p2a: Ditto|Future Sight|p1a: Pink Bean
|-start|p2a: Ditto|move: Future Sight
|move|p1a: Pink Bean|Future Sight|p2a: Ditto
|-start|p1a: Pink Bean|move: Future Sight
|
|-weather|Sandstorm|[upkeep]
|-damage|p2a: Ditto|64/100|[from] Sandstorm
|-damage|p1a: Pink Bean|59/100|[from] Sandstorm
|upkeep
|turn|28
|
|t:|1660312124
|switch|p2a: Gastrodon|Gastrodon, M|100/100
|-damage|p2a: Gastrodon|94/100|[from] Stealth Rock
|move|p1a: Pink Bean|Teleport|p1a: Pink Bean
|
|t:|1660312130
|switch|p1a: Wallstreet|Ferrothorn, M|93/100|[from]move: Teleport
|-damage|p1a: Wallstreet|86/100|[from] Stealth Rock
|
|-weather|none
|-heal|p2a: Gastrodon|100/100|[from] item: Leftovers
|upkeep
|turn|29
|
|t:|1660312136
|switch|p2a: Corviknight|Corviknight, F|88/100
|-damage|p2a: Corviknight|75/100|[from] Stealth Rock
|-ability|p2a: Corviknight|Pressure
|move|p1a: Wallstreet|Leech Seed|p2a: Corviknight
|-start|p2a: Corviknight|move: Leech Seed
|
|-end|p1a: Wallstreet|move: Future Sight
|-resisted|p1a: Wallstreet
|-damage|p1a: Wallstreet|81/100
|-end|p2a: Corviknight|move: Future Sight
|-resisted|p2a: Corviknight
|-damage|p2a: Corviknight|57/100
|-heal|p2a: Corviknight|63/100|[from] item: Leftovers
|-damage|p2a: Corviknight|51/100|[from] Leech Seed|[of] p1a: Wallstreet
|-heal|p1a: Wallstreet|96/100|[silent]
|upkeep
|turn|30
|
|t:|1660312140
|switch|p1a: Pink Bean|Slowbro, F|92/100
|-damage|p1a: Pink Bean|80/100|[from] Stealth Rock
|move|p2a: Corviknight|Roost|p2a: Corviknight
|-heal|p2a: Corviknight|100/100
|-singleturn|p2a: Corviknight|move: Roost
|
|-damage|p2a: Corviknight|88/100|[from] Leech Seed|[of] p1a: Pink Bean
|-heal|p1a: Pink Bean|93/100|[silent]
|upkeep
|turn|31
|
|t:|1660312144
|switch|p2a: Gastrodon|Gastrodon, M|100/100
|-damage|p2a: Gastrodon|94/100|[from] Stealth Rock
|move|p1a: Pink Bean|Future Sight|p2a: Gastrodon
|-start|p1a: Pink Bean|move: Future Sight
|
|-heal|p2a: Gastrodon|100/100|[from] item: Leftovers
|upkeep
|turn|32
|
|t:|1660312146
|switch|p1a: Wallstreet|Ferrothorn, M|96/100
|-damage|p1a: Wallstreet|89/100|[from] Stealth Rock
|move|p2a: Gastrodon|Scald|p1a: Wallstreet
|-resisted|p1a: Wallstreet
|-damage|p1a: Wallstreet|80/100
|
|upkeep
|turn|33
|
|t:|1660312174
|switch|p2a: Corviknight|Corviknight, F|88/100
|-damage|p2a: Corviknight|75/100|[from] Stealth Rock
|-ability|p2a: Corviknight|Pressure
|move|p1a: Wallstreet|Leech Seed|p2a: Corviknight
|-start|p2a: Corviknight|move: Leech Seed
|
|-end|p2a: Corviknight|move: Future Sight
|-resisted|p2a: Corviknight
|-damage|p2a: Corviknight|58/100
|-heal|p2a: Corviknight|64/100|[from] item: Leftovers
|-damage|p2a: Corviknight|52/100|[from] Leech Seed|[of] p1a: Wallstreet
|-heal|p1a: Wallstreet|95/100|[silent]
|upkeep
|turn|34
|
|t:|1660312180
|switch|p1a: Objection|Landorus-Therian, M|94/100 tox
|-damage|p1a: Objection|82/100 tox|[from] Stealth Rock
|-ability|p1a: Objection|Intimidate|boost
|-unboost|p2a: Corviknight|atk|1
|move|p2a: Corviknight|Roost|p2a: Corviknight
|-heal|p2a: Corviknight|100/100
|-singleturn|p2a: Corviknight|move: Roost
|
|-heal|p1a: Objection|88/100 tox|[from] item: Leftovers
|-damage|p2a: Corviknight|88/100|[from] Leech Seed|[of] p1a: Objection
|-heal|p1a: Objection|100/100 tox|[silent]
|-damage|p1a: Objection|94/100 tox|[from] psn
|upkeep
|turn|35
|
|t:|1660312182
|move|p1a: Objection|Knock Off|p2a: Corviknight
|-damage|p2a: Corviknight|67/100
|-enditem|p2a: Corviknight|Leftovers|[from] move: Knock Off|[of] p1a: Objection
|move|p2a: Corviknight|U-turn|p1a: Objection
|-resisted|p1a: Objection
|-damage|p1a: Objection|89/100 tox
|
|t:|1660312185
|switch|p2a: Ditto|Ditto|97/100|[from]move: U-turn
|-damage|p2a: Ditto|85/100|[from] Stealth Rock
|-transform|p2a: Ditto|p1a: Objection|[from] ability: Imposter
|-ability|p2a: Ditto|Intimidate|boost
|-unboost|p1a: Objection|atk|1
|
|-heal|p1a: Objection|95/100 tox|[from] item: Leftovers
|-damage|p1a: Objection|83/100 tox|[from] psn
|upkeep
|turn|36
|
|t:|1660312190
|move|p2a: Ditto|U-turn|p1a: Objection
|-resisted|p1a: Objection
|-damage|p1a: Objection|72/100 tox
|
|t:|1660312194
|switch|p2a: Corviknight|Corviknight, F|67/100|[from]move: U-turn
|-damage|p2a: Corviknight|54/100|[from] Stealth Rock
|-ability|p2a: Corviknight|Pressure
|move|p1a: Objection|U-turn|p2a: Corviknight
|-resisted|p2a: Corviknight
|-damage|p2a: Corviknight|52/100
|
|t:|1660312199
|switch|p1a: Tate W|Blacephalon, shiny|100/100|[from]move: U-turn
|-damage|p1a: Tate W|76/100|[from] Stealth Rock
|
|upkeep
|turn|37
|
|t:|1660312204
|switch|p2a: Gastrodon|Gastrodon, M|100/100
|-damage|p2a: Gastrodon|94/100|[from] Stealth Rock
|move|p1a: Tate W|Trick|p2a: Gastrodon
|-activate|p1a: Tate W|move: Trick|[of] p2a: Gastrodon
|-item|p2a: Gastrodon|Choice Scarf|[from] move: Trick
|-item|p1a: Tate W|Leftovers|[from] move: Trick
|
|-heal|p1a: Tate W|82/100|[from] item: Leftovers
|upkeep
|turn|38
|
|t:|1660312210
|switch|p1a: Pink Bean|Slowbro, F|100/100
|-damage|p1a: Pink Bean|88/100|[from] Stealth Rock
|move|p2a: Gastrodon|Scald|p1a: Pink Bean
|-resisted|p1a: Pink Bean
|-damage|p1a: Pink Bean|74/100
|
|upkeep
|turn|39
|
|t:|1660312213
|switch|p2a: Corviknight|Corviknight, F|52/100
|-damage|p2a: Corviknight|39/100|[from] Stealth Rock
|-ability|p2a: Corviknight|Pressure
|move|p1a: Pink Bean|Teleport|p1a: Pink Bean
|
|t:|1660312218
|switch|p1a: Tate W|Blacephalon, shiny|82/100|[from]move: Teleport
|-damage|p1a: Tate W|57/100|[from] Stealth Rock
|
|-heal|p1a: Tate W|63/100|[from] item: Leftovers
|upkeep
|turn|40
|
|t:|1660312223
|switch|p2a: Gastrodon|Gastrodon, M|94/100
|-damage|p2a: Gastrodon|88/100|[from] Stealth Rock
|move|p1a: Tate W|Shadow Ball|p2a: Gastrodon
|-damage|p2a: Gastrodon|56/100
|
|-heal|p1a: Tate W|69/100|[from] item: Leftovers
|upkeep
|turn|41
|
|t:|1660312227
|switch|p1a: Pink Bean|Slowbro, F|100/100
|-damage|p1a: Pink Bean|88/100|[from] Stealth Rock
|switch|p2a: Corviknight|Corviknight, F|39/100
|-damage|p2a: Corviknight|27/100|[from] Stealth Rock
|-ability|p2a: Corviknight|Pressure
|
|upkeep
|turn|42
|
|t:|1660312233
|move|p2a: Corviknight|Roost|p2a: Corviknight
|-heal|p2a: Corviknight|77/100
|-singleturn|p2a: Corviknight|move: Roost
|move|p1a: Pink Bean|Future Sight|p2a: Corviknight
|-start|p1a: Pink Bean|move: Future Sight
|
|upkeep
|turn|43
|
|t:|1660312242
|move|p2a: Corviknight|Roost|p2a: Corviknight
|-heal|p2a: Corviknight|100/100
|-singleturn|p2a: Corviknight|move: Roost
|move|p1a: Pink Bean|Teleport|p1a: Pink Bean
|
|t:|1660312249
|switch|p1a: Tate W|Blacephalon, shiny|69/100|[from]move: Teleport
|-damage|p1a: Tate W|45/100|[from] Stealth Rock
|
|-heal|p1a: Tate W|51/100|[from] item: Leftovers
|upkeep
|turn|44
|
|t:|1660312258
|move|p1a: Tate W|Flamethrower|p2a: Corviknight
|-supereffective|p2a: Corviknight
|-damage|p2a: Corviknight|13/100
|move|p2a: Corviknight|U-turn|p1a: Tate W
|-resisted|p1a: Tate W
|-damage|p1a: Tate W|42/100
|
|t:|1660312264
|switch|p2a: Gastrodon|Gastrodon, M|56/100|[from]move: U-turn
|-damage|p2a: Gastrodon|50/100|[from] Stealth Rock
|
|-end|p2a: Gastrodon|move: Future Sight
|-damage|p2a: Gastrodon|21/100
|-heal|p1a: Tate W|48/100|[from] item: Leftovers
|upkeep
|turn|45
|inactive|Almighty Sa' has 120 seconds left.
|
|t:|1660312299
|switch|p2a: Corviknight|Corviknight, F|13/100
|-damage|p2a: Corviknight|0 fnt|[from] Stealth Rock
|faint|p2a: Corviknight
|move|p1a: Tate W|Shadow Ball|p2: Corviknight|[notarget]
|-fail|p1a: Tate W
|
|-heal|p1a: Tate W|54/100|[from] item: Leftovers
|upkeep
|
|t:|1660312301
|switch|p2a: Ditto|Ditto|85/100
|-damage|p2a: Ditto|72/100|[from] Stealth Rock
|-transform|p2a: Ditto|p1a: Tate W|[from] ability: Imposter
|turn|46
|
|t:|1660312309
|switch|p1a: Wallstreet|Ferrothorn, M|95/100
|-damage|p1a: Wallstreet|88/100|[from] Stealth Rock
|move|p2a: Ditto|Shadow Ball|p1a: Wallstreet
|-damage|p1a: Wallstreet|57/100
|
|upkeep
|turn|47
|
|t:|1660312315
|switch|p2a: Gastrodon|Gastrodon, M|21/100
|-damage|p2a: Gastrodon|15/100|[from] Stealth Rock
|move|p1a: Wallstreet|Leech Seed|p2a: Gastrodon
|-start|p2a: Gastrodon|move: Leech Seed
|
|-damage|p2a: Gastrodon|3/100|[from] Leech Seed|[of] p1a: Wallstreet
|-heal|p1a: Wallstreet|72/100|[silent]
|upkeep
|turn|48
|
|t:|1660312318
|switch|p1a: Pink Bean|Slowbro, F|100/100
|-damage|p1a: Pink Bean|88/100|[from] Stealth Rock
|move|p2a: Gastrodon|Earth Power|p1a: Pink Bean
|-damage|p1a: Pink Bean|57/100
|
|-damage|p2a: Gastrodon|0 fnt|[from] Leech Seed|[of] p1a: Pink Bean
|-heal|p1a: Pink Bean|60/100|[silent]
|faint|p2a: Gastrodon
|upkeep
|
|t:|1660312320
|switch|p2a: Ditto|Ditto|72/100
|-damage|p2a: Ditto|60/100|[from] Stealth Rock
|-transform|p2a: Ditto|p1a: Pink Bean|[from] ability: Imposter
|turn|49
|c|☆Highv0ltag3|gg
|-message|Highv0ltag3 forfeited.
|
|win|Almighty Sa'
|raw|Almighty Sa&apos;'s rating: 1690 &rarr; <strong>1710</strong><br />(+20 for winning)
|raw|Highv0ltag3's rating: 1692 &rarr; <strong>1672</strong><br />(-20 for losing)
|l|☆Highv0ltag3
|c|☆Almighty Sa'|gg
