|j|☆Pinkacross
|j|☆Swag onna bi
|inactive|Battle timer is ON: inactive players will automatically lose when time's up.
|t:|1662255444
|gametype|singles
|player|p1|Pinkacross|artist|
|player|p2|Swag onna bi|hilbert-wonderlauncher|
|teamsize|p1|6
|teamsize|p2|6
|gen|8
|tier|[Gen 8] OU
|rated|Tournament battle
|rule|Sleep Clause Mod: Limit one foe put to sleep
|rule|Species Clause: Limit one of each Pokémon
|rule|OHKO Clause: OHKO moves are banned
|rule|Evasion Items Clause: Evasion items are banned
|rule|Evasion Moves Clause: Evasion moves are banned
|rule|Endless Battle Clause: Forcing endless battles is banned
|rule|HP Percentage Mod: HP is shown in percentages
|rule|Dynamax Clause: You cannot dynamax
|clearpoke
|poke|p1|Amoonguss, M|
|poke|p1|Clefable, F|
|poke|p1|Excadrill, F|
|poke|p1|Ferrothorn, F|
|poke|p1|Tornadus-Therian, M|
|poke|p1|Salazzle, F|
|poke|p2|Clefable, M|
|poke|p2|Toxapex, M|
|poke|p2|Landorus-Therian, M|
|poke|p2|Heatran, M|
|poke|p2|Celesteela|
|poke|p2|Suicune|
|teampreview
|j|%Sww-Suwa
|c|☆Pinkacross|hf
|j| InfSerendipity
|c|☆Swag onna bi|Bro what is this
|c| InfSerendipity|better call stall
|
|t:|1662255469
|start
|switch|p1a: Salazzle|Salazzle, F|100/100
|switch|p2a: Heatran|Heatran, M|100/100
|turn|1
|c| InfSerendipity|*better call it stall
|
|t:|1662255474
|switch|p1a: Tornadus|Tornadus-Therian, M|100/100
|move|p2a: Heatran|Earth Power|p1a: Tornadus
|-immune|p1a: Tornadus
|
|upkeep
|turn|2
|
|t:|1662255480
|move|p1a: Tornadus|Taunt|p2a: Heatran
|-start|p2a: Heatran|move: Taunt
|move|p2a: Heatran|Magma Storm|p1a: Tornadus
|-damage|p1a: Tornadus|44/100
|-activate|p1a: Tornadus|move: Magma Storm|[of] p2a: Heatran
|
|-damage|p1a: Tornadus|32/100|[from] move: Magma Storm|[partiallytrapped]
|upkeep
|turn|3
|
|t:|1662255490
|move|p1a: Tornadus|U-turn|p2a: Heatran
|-resisted|p2a: Heatran
|-damage|p2a: Heatran|97/100
|
|t:|1662255495
|switch|p1a: Clefable|Clefable, F|100/100|[from]move: U-turn
|move|p2a: Heatran|Magma Storm|p1a: Clefable|[miss]
|-miss|p2a: Heatran|p1a: Clefable
|
|-heal|p2a: Heatran|100/100|[from] item: Leftovers
|upkeep
|turn|4
|
|t:|1662255501
|move|p2a: Heatran|Magma Storm|p1a: Clefable
|-damage|p1a: Clefable|67/100
|-activate|p1a: Clefable|move: Magma Storm|[of] p2a: Heatran
|move|p1a: Clefable|Teleport|p1a: Clefable
|
|t:|1662255504
|switch|p1a: Excadrill|Excadrill, F|100/100|[from]move: Teleport
|-ability|p1a: Excadrill|Mold Breaker
|
|-end|p2a: Heatran|move: Taunt
|upkeep
|turn|5
|j| Lord Xen VII
|
|t:|1662255517
|switch|p1a: Ferrothorn|Ferrothorn, F|100/100
|switch|p2a: Celesteela|Celesteela|100/100
|
|upkeep
|turn|6
|
|t:|1662255524
|switch|p1a: Salazzle|Salazzle, F|100/100
|move|p2a: Celesteela|Flamethrower|p1a: Salazzle
|-resisted|p1a: Salazzle
|-damage|p1a: Salazzle|77/100
|
|-heal|p1a: Salazzle|84/100|[from] item: Leftovers
|upkeep
|turn|7
|
|t:|1662255534
|switch|p2a: Heatran|Heatran, M|100/100
|move|p1a: Salazzle|Toxic|p2a: Heatran
|-status|p2a: Heatran|tox
|
|-heal|p1a: Salazzle|90/100|[from] item: Leftovers
|-damage|p2a: Heatran|94/100 tox|[from] psn
|upkeep
|turn|8
|
|t:|1662255539
|switch|p1a: Clefable|Clefable, F|67/100
|move|p2a: Heatran|Magma Storm|p1a: Clefable
|-damage|p1a: Clefable|33/100
|-activate|p1a: Clefable|move: Magma Storm|[of] p2a: Heatran
|
|-heal|p2a: Heatran|100/100 tox|[from] item: Leftovers
|-heal|p1a: Clefable|39/100|[from] item: Leftovers
|-damage|p2a: Heatran|88/100 tox|[from] psn
|upkeep
|turn|9
|
|t:|1662255544
|move|p1a: Clefable|Protect|p1a: Clefable
|-singleturn|p1a: Clefable|Protect
|move|p2a: Heatran|Taunt|p1a: Clefable
|-activate|p1a: Clefable|move: Protect
|
|-heal|p2a: Heatran|94/100 tox|[from] item: Leftovers
|-heal|p1a: Clefable|45/100|[from] item: Leftovers
|-damage|p2a: Heatran|76/100 tox|[from] psn
|upkeep
|turn|10
|
|t:|1662255546
|move|p2a: Heatran|Taunt|p1a: Clefable
|-start|p1a: Clefable|move: Taunt
|cant|p1a: Clefable|move: Taunt|Wish
|
|-heal|p2a: Heatran|82/100 tox|[from] item: Leftovers
|-heal|p1a: Clefable|52/100|[from] item: Leftovers
|-damage|p2a: Heatran|57/100 tox|[from] psn
|upkeep
|turn|11
|
|t:|1662255551
|move|p2a: Heatran|Magma Storm|p1a: Clefable|[miss]
|-miss|p2a: Heatran|p1a: Clefable
|move|p1a: Clefable|Moonblast|p2a: Heatran
|-resisted|p2a: Heatran
|-damage|p2a: Heatran|49/100 tox
|-unboost|p2a: Heatran|spa|1
|
|-heal|p2a: Heatran|55/100 tox|[from] item: Leftovers
|-heal|p1a: Clefable|58/100|[from] item: Leftovers
|-damage|p2a: Heatran|24/100 tox|[from] psn
|upkeep
|turn|12
|
|t:|1662255554
|move|p2a: Heatran|Magma Storm|p1a: Clefable
|-damage|p1a: Clefable|33/100
|move|p1a: Clefable|Moonblast|p2a: Heatran
|-resisted|p2a: Heatran
|-damage|p2a: Heatran|16/100 tox
|
|-heal|p2a: Heatran|22/100 tox|[from] item: Leftovers
|-heal|p1a: Clefable|39/100|[from] item: Leftovers
|-damage|p2a: Heatran|0 fnt|[from] psn
|faint|p2a: Heatran
|-end|p1a: Clefable|Magma Storm|[partiallytrapped]|[silent]
|-end|p1a: Clefable|move: Taunt
|upkeep
|j| Juni01
|c|☆Swag onna bi|Smh
|
|t:|1662255582
|switch|p2a: Suicune|Suicune|100/100
|-ability|p2a: Suicune|Pressure
|turn|13
|
|t:|1662255588
|switch|p1a: Tornadus|Tornadus-Therian, M|65/100
|move|p2a: Suicune|Substitute|p2a: Suicune
|-start|p2a: Suicune|Substitute
|-damage|p2a: Suicune|76/100
|
|-heal|p2a: Suicune|82/100|[from] item: Leftovers
|upkeep
|turn|14
|
|t:|1662255591
|move|p2a: Suicune|Protect|p2a: Suicune
|-singleturn|p2a: Suicune|Protect
|move|p1a: Tornadus|Taunt|p2a: Suicune
|-activate|p2a: Suicune|move: Protect
|
|-heal|p2a: Suicune|88/100|[from] item: Leftovers
|upkeep
|turn|15
|
|t:|1662255596
|move|p1a: Tornadus|Taunt|p2a: Suicune
|-start|p2a: Suicune|move: Taunt
|move|p2a: Suicune|Scald|p1a: Tornadus
|-crit|p1a: Tornadus
|-damage|p1a: Tornadus|23/100
|
|-heal|p2a: Suicune|94/100|[from] item: Leftovers
|upkeep
|turn|16
|
|t:|1662255601
|move|p1a: Tornadus|U-turn|p2a: Suicune
|-activate|p2a: Suicune|move: Substitute|[damage]
|
|t:|1662255603
|switch|p1a: Amoonguss|Amoonguss, M|100/100|[from]move: U-turn
|move|p2a: Suicune|Scald|p1a: Amoonguss
|-resisted|p1a: Amoonguss
|-damage|p1a: Amoonguss|88/100
|
|-heal|p2a: Suicune|100/100|[from] item: Leftovers
|upkeep
|turn|17
|
|t:|1662255607
|move|p2a: Suicune|Scald|p1a: Amoonguss
|-resisted|p1a: Amoonguss
|-damage|p1a: Amoonguss|75/100
|move|p1a: Amoonguss|Giga Drain|p2a: Suicune
|-supereffective|p2a: Suicune
|-end|p2a: Suicune|Substitute
|-heal|p1a: Amoonguss|83/100|[from] drain|[of] p2a: Suicune
|
|-end|p2a: Suicune|move: Taunt
|upkeep
|turn|18
|
|t:|1662255616
|move|p2a: Suicune|Substitute|p2a: Suicune
|-start|p2a: Suicune|Substitute
|-damage|p2a: Suicune|76/100
|move|p1a: Amoonguss|Giga Drain|p2a: Suicune
|-supereffective|p2a: Suicune
|-end|p2a: Suicune|Substitute
|-heal|p1a: Amoonguss|94/100|[from] drain|[of] p2a: Suicune
|
|-heal|p2a: Suicune|82/100|[from] item: Leftovers
|upkeep
|turn|19
|
|t:|1662255621
|switch|p1a: Salazzle|Salazzle, F|90/100
|move|p2a: Suicune|Protect||[still]
|-fail|p2a: Suicune
|
|-heal|p1a: Salazzle|96/100|[from] item: Leftovers
|-heal|p2a: Suicune|88/100|[from] item: Leftovers
|upkeep
|turn|20
|
|t:|1662255628
|move|p1a: Salazzle|Toxic|p2a: Suicune
|-status|p2a: Suicune|tox
|move|p2a: Suicune|Scald|p1a: Salazzle
|-supereffective|p1a: Salazzle
|-damage|p1a: Salazzle|9/100
|
|-heal|p1a: Salazzle|15/100|[from] item: Leftovers
|-heal|p2a: Suicune|94/100 tox|[from] item: Leftovers
|-damage|p2a: Suicune|88/100 tox|[from] psn
|upkeep
|turn|21
|
|t:|1662255631
|switch|p1a: Clefable|Clefable, F|39/100
|move|p2a: Suicune|Scald|p1a: Clefable
|-damage|p1a: Clefable|23/100
|-status|p1a: Clefable|brn
|
|-heal|p2a: Suicune|94/100 tox|[from] item: Leftovers
|-heal|p1a: Clefable|29/100 brn|[from] item: Leftovers
|-damage|p2a: Suicune|82/100 tox|[from] psn
|upkeep
|turn|22
|
|t:|1662255654
|switch|p2a: Celesteela|Celesteela|100/100
|move|p1a: Clefable|Wish|p1a: Clefable
|
|-heal|p1a: Clefable|35/100 brn|[from] item: Leftovers
|upkeep
|turn|23
|
|t:|1662255660
|move|p1a: Clefable|Protect|p1a: Clefable
|-singleturn|p1a: Clefable|Protect
|move|p2a: Celesteela|Heavy Slam|p1a: Clefable
|-activate|p1a: Clefable|move: Protect
|
|-heal|p1a: Clefable|85/100 brn|[from] move: Wish|[wisher] Clefable
|-heal|p1a: Clefable|91/100 brn|[from] item: Leftovers
|upkeep
|turn|24
|
|t:|1662255664
|switch|p1a: Amoonguss|Amoonguss, M|100/100
|move|p2a: Celesteela|Leech Seed|p1a: Amoonguss
|-immune|p1a: Amoonguss
|
|upkeep
|turn|25
|
|t:|1662255671
|switch|p2a: Suicune|Suicune|82/100 tox
|-ability|p2a: Suicune|Pressure
|move|p1a: Amoonguss|Spore||[still]
|-fail|p1a: Amoonguss
|
|-heal|p2a: Suicune|88/100 tox|[from] item: Leftovers
|-damage|p2a: Suicune|82/100 tox|[from] psn
|upkeep
|turn|26
|
|t:|1662255678
|switch|p1a: Clefable|Clefable, F|91/100 brn
|move|p2a: Suicune|Scald|p1a: Clefable
|-damage|p1a: Clefable|75/100 brn
|
|-heal|p2a: Suicune|88/100 tox|[from] item: Leftovers
|-heal|p1a: Clefable|81/100 brn|[from] item: Leftovers
|-damage|p2a: Suicune|76/100 tox|[from] psn
|upkeep
|turn|27
|
|t:|1662255696
|switch|p2a: Celesteela|Celesteela|100/100
|move|p1a: Clefable|Wish|p1a: Clefable
|
|-heal|p1a: Clefable|87/100 brn|[from] item: Leftovers
|upkeep
|turn|28
|
|t:|1662255704
|switch|p1a: Amoonguss|Amoonguss, M|100/100
|move|p2a: Celesteela|Heavy Slam|p1a: Amoonguss
|-damage|p1a: Amoonguss|71/100
|-damage|p2a: Celesteela|84/100|[from] item: Rocky Helmet|[of] p1a: Amoonguss
|
|-heal|p1a: Amoonguss|100/100|[from] move: Wish|[wisher] Clefable
|-heal|p2a: Celesteela|90/100|[from] item: Leftovers
|upkeep
|turn|29
|
|t:|1662255710
|move|p2a: Celesteela|Protect|p2a: Celesteela
|-singleturn|p2a: Celesteela|Protect
|move|p1a: Amoonguss|Spore|p2a: Celesteela
|-activate|p2a: Celesteela|move: Protect
|
|-heal|p2a: Celesteela|96/100|[from] item: Leftovers
|upkeep
|turn|30
|
|t:|1662255721
|switch|p2a: Suicune|Suicune|76/100 tox
|-ability|p2a: Suicune|Pressure
|move|p1a: Amoonguss|Spore||[still]
|-fail|p1a: Amoonguss
|
|-heal|p2a: Suicune|82/100 tox|[from] item: Leftovers
|-damage|p2a: Suicune|76/100 tox|[from] psn
|upkeep
|turn|31
|
|t:|1662255728
|move|p2a: Suicune|Scald|p1a: Amoonguss
|-resisted|p1a: Amoonguss
|-damage|p1a: Amoonguss|88/100
|-status|p1a: Amoonguss|brn
|move|p1a: Amoonguss|Giga Drain|p2a: Suicune
|-supereffective|p2a: Suicune
|-damage|p2a: Suicune|43/100 tox
|-heal|p1a: Amoonguss|100/100 brn|[from] drain|[of] p2a: Suicune
|
|-heal|p2a: Suicune|49/100 tox|[from] item: Leftovers
|-damage|p2a: Suicune|37/100 tox|[from] psn
|-damage|p1a: Amoonguss|94/100 brn|[from] brn
|upkeep
|turn|32
|
|t:|1662255738
|switch|p2a: Celesteela|Celesteela|96/100
|move|p1a: Amoonguss|Spore|p2a: Celesteela
|-status|p2a: Celesteela|slp|[from] move: Spore
|
|-heal|p2a: Celesteela|100/100 slp|[from] item: Leftovers
|-damage|p1a: Amoonguss|88/100 brn|[from] brn
|upkeep
|turn|33
|
|t:|1662255747
|switch|p1a: Salazzle|Salazzle, F|15/100
|cant|p2a: Celesteela|slp
|
|-heal|p1a: Salazzle|21/100|[from] item: Leftovers
|upkeep
|turn|34
|
|t:|1662255751
|switch|p1a: Amoonguss|Amoonguss, M|100/100 brn
|switch|p2a: Suicune|Suicune|37/100 tox
|-ability|p2a: Suicune|Pressure
|
|-heal|p2a: Suicune|43/100 tox|[from] item: Leftovers
|-damage|p2a: Suicune|37/100 tox|[from] psn
|-damage|p1a: Amoonguss|94/100 brn|[from] brn
|upkeep
|turn|35
|
|t:|1662255754
|switch|p2a: Celesteela|Celesteela|100/100 slp
|move|p1a: Amoonguss|Giga Drain|p2a: Celesteela
|-resisted|p2a: Celesteela
|-damage|p2a: Celesteela|96/100 slp
|-heal|p1a: Amoonguss|96/100 brn|[from] drain|[of] p2a: Celesteela
|
|-heal|p2a: Celesteela|100/100 slp|[from] item: Leftovers
|-damage|p1a: Amoonguss|90/100 brn|[from] brn
|upkeep
|turn|36
|
|t:|1662255762
|-curestatus|p2a: Celesteela|slp|[msg]
|move|p2a: Celesteela|Heavy Slam|p1a: Amoonguss
|-damage|p1a: Amoonguss|59/100 brn
|-damage|p2a: Celesteela|84/100|[from] item: Rocky Helmet|[of] p1a: Amoonguss
|move|p1a: Amoonguss|Spore|p2a: Celesteela
|-status|p2a: Celesteela|slp|[from] move: Spore
|
|-heal|p2a: Celesteela|90/100 slp|[from] item: Leftovers
|-damage|p1a: Amoonguss|53/100 brn|[from] brn
|upkeep
|turn|37
|
|t:|1662255770
|switch|p1a: Salazzle|Salazzle, F|21/100
|cant|p2a: Celesteela|slp
|
|-heal|p1a: Salazzle|28/100|[from] item: Leftovers
|-heal|p2a: Celesteela|96/100 slp|[from] item: Leftovers
|upkeep
|turn|38
|
|t:|1662255780
|switch|p1a: Amoonguss|Amoonguss, M|86/100 brn
|switch|p2a: Suicune|Suicune|37/100 tox
|-ability|p2a: Suicune|Pressure
|
|-heal|p2a: Suicune|43/100 tox|[from] item: Leftovers
|-damage|p2a: Suicune|37/100 tox|[from] psn
|-damage|p1a: Amoonguss|80/100 brn|[from] brn
|upkeep
|turn|39
|
|t:|1662255787
|switch|p2a: Celesteela|Celesteela|96/100 slp
|switch|p1a: Clefable|Clefable, F|87/100 brn
|
|-heal|p1a: Clefable|93/100 brn|[from] item: Leftovers
|-heal|p2a: Celesteela|100/100 slp|[from] item: Leftovers
|upkeep
|turn|40
|
|t:|1662255806
|move|p1a: Clefable|Wish|p1a: Clefable
|cant|p2a: Celesteela|slp
|
|-heal|p1a: Clefable|99/100 brn|[from] item: Leftovers
|upkeep
|turn|41
|
|t:|1662255815
|switch|p1a: Ferrothorn|Ferrothorn, F|100/100
|-curestatus|p2a: Celesteela|slp|[msg]
|move|p2a: Celesteela|Leech Seed|p1a: Ferrothorn
|-immune|p1a: Ferrothorn
|
|upkeep
|turn|42
|
|t:|1662255818
|move|p2a: Celesteela|Flamethrower|p1a: Ferrothorn
|-supereffective|p1a: Ferrothorn
|-damage|p1a: Ferrothorn|20/100
|move|p1a: Ferrothorn|Knock Off|p2a: Celesteela
|-damage|p2a: Celesteela|87/100
|-enditem|p2a: Celesteela|Leftovers|[from] move: Knock Off|[of] p1a: Ferrothorn
|
|upkeep
|turn|43
|
|t:|1662255824
|switch|p1a: Amoonguss|Amoonguss, M|100/100 brn
|move|p2a: Celesteela|Flamethrower|p1a: Amoonguss
|-supereffective|p1a: Amoonguss
|-damage|p1a: Amoonguss|59/100 brn
|
|-damage|p1a: Amoonguss|53/100 brn|[from] brn
|upkeep
|turn|44
|
|t:|1662255831
|switch|p2a: Toxapex|Toxapex, M|100/100
|move|p1a: Amoonguss|Spore|p2a: Toxapex
|-status|p2a: Toxapex|slp|[from] move: Spore
|
|-damage|p1a: Amoonguss|47/100 brn|[from] brn
|upkeep
|turn|45
|
|t:|1662255839
|switch|p2a: Celesteela|Celesteela|87/100
|switch|p1a: Salazzle|Salazzle, F|28/100
|
|-heal|p1a: Salazzle|34/100|[from] item: Leftovers
|upkeep
|turn|46
|
|t:|1662255855
|switch|p1a: Amoonguss|Amoonguss, M|80/100 brn
|switch|p2a: Suicune|Suicune|37/100 tox
|-ability|p2a: Suicune|Pressure
|
|-heal|p2a: Suicune|43/100 tox|[from] item: Leftovers
|-damage|p2a: Suicune|37/100 tox|[from] psn
|-damage|p1a: Amoonguss|74/100 brn|[from] brn
|upkeep
|turn|47
|
|t:|1662255861
|switch|p2a: Celesteela|Celesteela|87/100
|switch|p1a: Clefable|Clefable, F|99/100 brn
|
|-heal|p1a: Clefable|100/100 brn|[from] item: Leftovers
|upkeep
|turn|48
|
|t:|1662255867
|switch|p1a: Amoonguss|Amoonguss, M|100/100 brn
|move|p2a: Celesteela|Heavy Slam|p1a: Amoonguss
|-damage|p1a: Amoonguss|71/100 brn
|-damage|p2a: Celesteela|71/100|[from] item: Rocky Helmet|[of] p1a: Amoonguss
|
|-damage|p1a: Amoonguss|65/100 brn|[from] brn
|upkeep
|turn|49
|
|t:|1662255873
|move|p2a: Celesteela|Flamethrower|p1a: Amoonguss
|-supereffective|p1a: Amoonguss
|-damage|p1a: Amoonguss|22/100 brn
|move|p1a: Amoonguss|Spore|p2a: Celesteela
|-message|Sleep Clause Mod activated.
|
|-damage|p1a: Amoonguss|16/100 brn|[from] brn
|upkeep
|turn|50
|
|t:|1662255879
|switch|p1a: Excadrill|Excadrill, F|100/100
|-ability|p1a: Excadrill|Mold Breaker
|move|p2a: Celesteela|Leech Seed|p1a: Excadrill
|-start|p1a: Excadrill|move: Leech Seed
|
|-damage|p1a: Excadrill|88/100|[from] Leech Seed|[of] p2a: Celesteela
|-heal|p2a: Celesteela|82/100|[silent]
|upkeep
|turn|51
|c|☆Pinkacross|me forgetting sleep clause lol
|
|t:|1662255889
|switch|p1a: Amoonguss|Amoonguss, M|49/100 brn
|move|p2a: Celesteela|Flamethrower|p1a: Amoonguss
|-supereffective|p1a: Amoonguss
|-damage|p1a: Amoonguss|2/100 brn
|
|-damage|p1a: Amoonguss|0 fnt|[from] brn
|faint|p1a: Amoonguss
|upkeep
|
|t:|1662255890
|switch|p1a: Salazzle|Salazzle, F|34/100
|turn|52
|inactive|Swag onna bi has 120 seconds left.
|c|☆Swag onna bi|Happens
|c|☆Swag onna bi|sry looking for a charger
|
|t:|1662255945
|switch|p2a: Suicune|Suicune|37/100 tox
|-ability|p2a: Suicune|Pressure
|move|p1a: Salazzle|Flamethrower|p2a: Suicune
|-resisted|p2a: Suicune
|-damage|p2a: Suicune|22/100 tox
|
|-heal|p1a: Salazzle|40/100|[from] item: Leftovers
|-heal|p2a: Suicune|28/100 tox|[from] item: Leftovers
|-damage|p2a: Suicune|22/100 tox|[from] psn
|upkeep
|turn|53
|
|t:|1662255957
|switch|p1a: Clefable|Clefable, F|100/100 brn
|move|p2a: Suicune|Scald|p1a: Clefable
|-damage|p1a: Clefable|82/100 brn
|
|-heal|p2a: Suicune|28/100 tox|[from] item: Leftovers
|-heal|p1a: Clefable|88/100 brn|[from] item: Leftovers
|-damage|p2a: Suicune|16/100 tox|[from] psn
|upkeep
|turn|54
|j| lags
|
|t:|1662255960
|switch|p2a: Celesteela|Celesteela|82/100
|move|p1a: Clefable|Wish|p1a: Clefable
|
|-heal|p1a: Clefable|94/100 brn|[from] item: Leftovers
|upkeep
|turn|55
|
|t:|1662255965
|move|p2a: Celesteela|Heavy Slam|p1a: Clefable
|-supereffective|p1a: Clefable
|-damage|p1a: Clefable|6/100 brn
|move|p1a: Clefable|Teleport|p1a: Clefable
|
|t:|1662255968
|switch|p1a: Salazzle|Salazzle, F|40/100|[from]move: Teleport
|
|-heal|p1a: Salazzle|100/100|[from] move: Wish|[wisher] Clefable
|upkeep
|turn|56
|
|t:|1662255975
|switch|p2a: Suicune|Suicune|16/100 tox
|-ability|p2a: Suicune|Pressure
|move|p1a: Salazzle|Substitute|p1a: Salazzle
|-start|p1a: Salazzle|Substitute
|-damage|p1a: Salazzle|76/100
|
|-heal|p1a: Salazzle|82/100|[from] item: Leftovers
|-heal|p2a: Suicune|22/100 tox|[from] item: Leftovers
|-damage|p2a: Suicune|16/100 tox|[from] psn
|upkeep
|turn|57
|c|☆Swag onna bi|Oh god
|j| Pokemon Hates Me
|
|t:|1662255992
|move|p1a: Salazzle|Nasty Plot|p1a: Salazzle
|-boost|p1a: Salazzle|spa|2
|move|p2a: Suicune|Scald|p1a: Salazzle
|-supereffective|p1a: Salazzle
|-end|p1a: Salazzle|Substitute
|
|-heal|p1a: Salazzle|88/100|[from] item: Leftovers
|-heal|p2a: Suicune|22/100 tox|[from] item: Leftovers
|-damage|p2a: Suicune|10/100 tox|[from] psn
|upkeep
|turn|58
|
|t:|1662255997
|move|p1a: Salazzle|Flamethrower|p2a: Suicune
|-resisted|p2a: Suicune
|-damage|p2a: Suicune|0 fnt
|faint|p2a: Suicune
|
|-heal|p1a: Salazzle|94/100|[from] item: Leftovers
|upkeep
|
|t:|1662255999
|switch|p2a: Landorus|Landorus-Therian, M|100/100
|-ability|p2a: Landorus|Intimidate|boost
|-unboost|p1a: Salazzle|atk|1
|turn|59
|c|☆Swag onna bi|Pls live lol
|
|t:|1662256024
|move|p2a: Landorus|Earthquake|p1a: Salazzle
|-supereffective|p1a: Salazzle
|-damage|p1a: Salazzle|0 fnt
|faint|p1a: Salazzle
|
|upkeep
|
|t:|1662256026
|switch|p1a: Tornadus|Tornadus-Therian, M|56/100
|turn|60
|c|☆Swag onna bi|Money
|
|t:|1662256040
|switch|p2a: Clefable|Clefable, M|100/100
|move|p1a: Tornadus|U-turn|p2a: Clefable
|-resisted|p2a: Clefable
|-damage|p2a: Clefable|95/100
|
|t:|1662256045
|switch|p1a: Excadrill|Excadrill, F|88/100|[from]move: U-turn
|-ability|p1a: Excadrill|Mold Breaker
|
|-heal|p1a: Excadrill|94/100|[from] item: Leftovers
|-heal|p2a: Clefable|100/100|[from] item: Leftovers
|upkeep
|turn|61
|
|t:|1662256049
|move|p1a: Excadrill|Swords Dance|p1a: Excadrill
|-boost|p1a: Excadrill|atk|2
|move|p2a: Clefable|Flamethrower|p1a: Excadrill
|-supereffective|p1a: Excadrill
|-damage|p1a: Excadrill|38/100
|
|-heal|p1a: Excadrill|44/100|[from] item: Leftovers
|upkeep
|turn|62
|
|t:|1662256056
|switch|p2a: Celesteela|Celesteela|82/100
|move|p1a: Excadrill|Iron Head|p2a: Celesteela
|-resisted|p2a: Celesteela
|-damage|p2a: Celesteela|51/100
|
|-heal|p1a: Excadrill|50/100|[from] item: Leftovers
|upkeep
|turn|63
|
|t:|1662256062
|move|p1a: Excadrill|Rock Slide|p2a: Celesteela
|-damage|p2a: Celesteela|14/100
|move|p2a: Celesteela|Flamethrower|p1a: Excadrill
|-supereffective|p1a: Excadrill
|-damage|p1a: Excadrill|0 fnt
|faint|p1a: Excadrill
|-ability|p2a: Celesteela|Beast Boost|boost
|-boost|p2a: Celesteela|spa|1
|
|upkeep
|
|t:|1662256075
|switch|p1a: Tornadus|Tornadus-Therian, M|89/100
|turn|64
|c|☆Pinkacross|this salaz team is NOT it
|
|t:|1662256089
|switch|p2a: Clefable|Clefable, M|100/100
|move|p1a: Tornadus|Hurricane|p2a: Clefable
|-damage|p2a: Clefable|59/100
|
|-heal|p2a: Clefable|65/100|[from] item: Leftovers
|upkeep
|turn|65
|c|☆Pinkacross|I gotta work on it
|
|t:|1662256096
|move|p1a: Tornadus|Taunt|p2a: Clefable
|-start|p2a: Clefable|move: Taunt
|cant|p2a: Clefable|move: Taunt|Soft-Boiled
|
|-heal|p2a: Clefable|71/100|[from] item: Leftovers
|upkeep
|turn|66
|
|t:|1662256100
|switch|p2a: Toxapex|Toxapex, M|100/100 slp
|move|p1a: Tornadus|Hurricane|p2a: Toxapex
|-damage|p2a: Toxapex|72/100 slp
|
|-heal|p2a: Toxapex|78/100 slp|[from] item: Black Sludge
|upkeep
|turn|67
|
|t:|1662256105
|move|p1a: Tornadus|U-turn|p2a: Toxapex
|-resisted|p2a: Toxapex
|-damage|p2a: Toxapex|73/100 slp
|
|t:|1662256106
|switch|p1a: Clefable|Clefable, F|6/100 brn|[from]move: U-turn
|cant|p2a: Toxapex|slp
|
|-heal|p1a: Clefable|12/100 brn|[from] item: Leftovers
|-heal|p2a: Toxapex|79/100 slp|[from] item: Black Sludge
|upkeep
|turn|68
|
|t:|1662256118
|switch|p2a: Clefable|Clefable, M|71/100
|move|p1a: Clefable|Wish|p1a: Clefable
|
|-heal|p1a: Clefable|18/100 brn|[from] item: Leftovers
|-heal|p2a: Clefable|78/100|[from] item: Leftovers
|upkeep
|turn|69
|
|t:|1662256123
|move|p1a: Clefable|Protect|p1a: Clefable
|-singleturn|p1a: Clefable|Protect
|move|p2a: Clefable|Stealth Rock|p1a: Clefable
|-sidestart|p1: Pinkacross|move: Stealth Rock
|
|-heal|p1a: Clefable|68/100 brn|[from] move: Wish|[wisher] Clefable
|-heal|p1a: Clefable|74/100 brn|[from] item: Leftovers
|-heal|p2a: Clefable|84/100|[from] item: Leftovers
|upkeep
|turn|70
|
|t:|1662256130
|move|p1a: Clefable|Wish|p1a: Clefable
|move|p2a: Clefable|Moonblast|p1a: Clefable
|-damage|p1a: Clefable|53/100 brn
|
|-heal|p1a: Clefable|59/100 brn|[from] item: Leftovers
|-heal|p2a: Clefable|90/100|[from] item: Leftovers
|upkeep
|turn|71
|
|t:|1662256133
|move|p2a: Clefable|Moonblast|p1a: Clefable
|-damage|p1a: Clefable|38/100 brn
|move|p1a: Clefable|Moonblast|p2a: Clefable
|-damage|p2a: Clefable|62/100
|-unboost|p2a: Clefable|spa|1
|
|-heal|p1a: Clefable|88/100 brn|[from] move: Wish|[wisher] Clefable
|-heal|p1a: Clefable|94/100 brn|[from] item: Leftovers
|-heal|p2a: Clefable|68/100|[from] item: Leftovers
|upkeep
|turn|72
|l| InfSerendipity
|
|t:|1662256144
|switch|p2a: Toxapex|Toxapex, M|100/100 slp
|move|p1a: Clefable|Wish|p1a: Clefable
|
|-heal|p1a: Clefable|99/100 brn|[from] item: Leftovers
|upkeep
|turn|73
|
|t:|1662256150
|switch|p2a: Clefable|Clefable, M|68/100
|move|p1a: Clefable|Teleport|p1a: Clefable
|
|t:|1662256153
|switch|p1a: Ferrothorn|Ferrothorn, F|20/100|[from]move: Teleport
|-damage|p1a: Ferrothorn|14/100|[from] Stealth Rock
|
|-heal|p1a: Ferrothorn|70/100|[from] move: Wish|[wisher] Clefable
|-heal|p2a: Clefable|75/100|[from] item: Leftovers
|upkeep
|turn|74
|
|t:|1662256156
|switch|p1a: Clefable|Clefable, F|99/100 brn
|move|p2a: Clefable|Flamethrower|p1a: Clefable
|-damage|p1a: Clefable|86/100 brn
|
|-heal|p1a: Clefable|92/100 brn|[from] item: Leftovers
|-heal|p2a: Clefable|81/100|[from] item: Leftovers
|upkeep
|turn|75
|
|t:|1662256161
|switch|p2a: Toxapex|Toxapex, M|100/100 slp
|move|p1a: Clefable|Protect||[still]
|-fail|p1a: Clefable
|
|-heal|p1a: Clefable|98/100 brn|[from] item: Leftovers
|upkeep
|turn|76
|
|t:|1662256165
|switch|p2a: Clefable|Clefable, M|81/100
|move|p1a: Clefable|Wish|p1a: Clefable
|
|-heal|p1a: Clefable|100/100 brn|[from] item: Leftovers
|-heal|p2a: Clefable|87/100|[from] item: Leftovers
|upkeep
|turn|77
|
|t:|1662256169
|switch|p2a: Toxapex|Toxapex, M|100/100 slp
|move|p1a: Clefable|Teleport|p1a: Clefable
|
|t:|1662256171
|switch|p1a: Ferrothorn|Ferrothorn, F|70/100|[from]move: Teleport
|-damage|p1a: Ferrothorn|64/100|[from] Stealth Rock
|
|-heal|p1a: Ferrothorn|100/100|[from] move: Wish|[wisher] Clefable
|upkeep
|turn|78
|
|t:|1662256184
|switch|p2a: Celesteela|Celesteela|14/100
|move|p1a: Ferrothorn|Knock Off|p2a: Celesteela
|-damage|p2a: Celesteela|4/100
|
|upkeep
|turn|79
|
|t:|1662256190
|switch|p1a: Tornadus|Tornadus-Therian, M|100/100
|move|p2a: Celesteela|Flamethrower|p1a: Tornadus
|-damage|p1a: Tornadus|76/100
|
|upkeep
|turn|80
|j| abowlofvegies
|
|t:|1662256213
|switch|p2a: Toxapex|Toxapex, M|100/100 slp
|move|p1a: Tornadus|Taunt|p2a: Toxapex
|-start|p2a: Toxapex|move: Taunt
|
|upkeep
|turn|81
|
|t:|1662256220
|switch|p2a: Clefable|Clefable, M|87/100
|move|p1a: Tornadus|Defog|p2a: Clefable
|-unboost|p2a: Clefable|evasion|1
|-sideend|p1: Pinkacross|Stealth Rock|[from] move: Defog|[of] p1a: Tornadus
|
|-heal|p2a: Clefable|93/100|[from] item: Leftovers
|upkeep
|turn|82
|
|t:|1662256229
|move|p1a: Tornadus|Taunt|p2a: Clefable
|-start|p2a: Clefable|move: Taunt
|move|p2a: Clefable|Moonblast|p1a: Tornadus
|-damage|p1a: Tornadus|41/100
|
|-heal|p2a: Clefable|99/100|[from] item: Leftovers
|upkeep
|turn|83
|
|t:|1662256237
|switch|p2a: Celesteela|Celesteela|4/100
|move|p1a: Tornadus|U-turn|p2a: Celesteela
|-resisted|p2a: Celesteela
|-crit|p2a: Celesteela
|-damage|p2a: Celesteela|0 fnt
|faint|p2a: Celesteela
|
|t:|1662256249
|switch|p1a: Clefable|Clefable, F|100/100 brn|[from]move: U-turn
|
|upkeep
|c|☆Swag onna bi|Idk why I thought u would hard switch
|
|t:|1662256267
|switch|p2a: Clefable|Clefable, M|99/100
|turn|84
|
|t:|1662256291
|move|p2a: Clefable|Stealth Rock|p1a: Clefable
|-sidestart|p1: Pinkacross|move: Stealth Rock
|move|p1a: Clefable|Moonblast|p2a: Clefable
|-damage|p2a: Clefable|69/100
|
|-heal|p2a: Clefable|75/100|[from] item: Leftovers
|upkeep
|turn|85
|
|t:|1662256302
|switch|p2a: Toxapex|Toxapex, M|100/100 slp
|move|p1a: Clefable|Teleport|p1a: Clefable
|
|t:|1662256305
|switch|p1a: Ferrothorn|Ferrothorn, F|100/100|[from]move: Teleport
|-damage|p1a: Ferrothorn|95/100|[from] Stealth Rock
|
|upkeep
|turn|86
|
|t:|1662256310
|switch|p2a: Clefable|Clefable, M|75/100
|move|p1a: Ferrothorn|Knock Off|p2a: Clefable
|-resisted|p2a: Clefable
|-damage|p2a: Clefable|67/100
|-enditem|p2a: Clefable|Leftovers|[from] move: Knock Off|[of] p1a: Ferrothorn
|
|upkeep
|turn|87
|
|t:|1662256317
|switch|p1a: Clefable|Clefable, F|100/100 brn
|move|p2a: Clefable|Flamethrower|p1a: Clefable
|-damage|p1a: Clefable|87/100 brn
|
|-heal|p1a: Clefable|93/100 brn|[from] item: Leftovers
|upkeep
|turn|88
|
|t:|1662256322
|move|p2a: Clefable|Soft-Boiled|p2a: Clefable
|-heal|p2a: Clefable|100/100
|move|p1a: Clefable|Teleport|p1a: Clefable
|
|t:|1662256324
|switch|p1a: Tornadus|Tornadus-Therian, M|74/100|[from]move: Teleport
|
|upkeep
|turn|89
|
|t:|1662256328
|move|p1a: Tornadus|U-turn|p2a: Clefable
|-resisted|p2a: Clefable
|-damage|p2a: Clefable|95/100
|
|t:|1662256330
|switch|p1a: Clefable|Clefable, F|93/100 brn|[from]move: U-turn
|move|p2a: Clefable|Moonblast|p1a: Clefable
|-damage|p1a: Clefable|73/100 brn
|-unboost|p1a: Clefable|spa|1
|
|-heal|p1a: Clefable|79/100 brn|[from] item: Leftovers
|upkeep
|turn|90
|
|t:|1662256334
|switch|p2a: Toxapex|Toxapex, M|100/100 slp
|move|p1a: Clefable|Wish|p1a: Clefable
|
|-heal|p1a: Clefable|86/100 brn|[from] item: Leftovers
|upkeep
|turn|91
|
|t:|1662256338
|switch|p1a: Ferrothorn|Ferrothorn, F|95/100
|-damage|p1a: Ferrothorn|89/100|[from] Stealth Rock
|switch|p2a: Clefable|Clefable, M|95/100
|
|-heal|p1a: Ferrothorn|100/100|[from] move: Wish|[wisher] Clefable
|upkeep
|turn|92
|
|t:|1662256342
|switch|p2a: Toxapex|Toxapex, M|100/100 slp
|switch|p1a: Clefable|Clefable, F|86/100 brn
|
|-heal|p1a: Clefable|92/100 brn|[from] item: Leftovers
|upkeep
|turn|93
|
|t:|1662256347
|switch|p2a: Clefable|Clefable, M|95/100
|move|p1a: Clefable|Teleport|p1a: Clefable
|
|t:|1662256348
|switch|p1a: Tornadus|Tornadus-Therian, M|100/100|[from]move: Teleport
|
|upkeep
|turn|94
|
|t:|1662256358
|switch|p2a: Toxapex|Toxapex, M|100/100 slp
|move|p1a: Tornadus|Defog|p2a: Toxapex
|-unboost|p2a: Toxapex|evasion|1
|-sideend|p1: Pinkacross|Stealth Rock|[from] move: Defog|[of] p1a: Tornadus
|
|upkeep
|turn|95
|
|t:|1662256362
|switch|p2a: Clefable|Clefable, M|95/100
|move|p1a: Tornadus|U-turn|p2a: Clefable
|-resisted|p2a: Clefable
|-damage|p2a: Clefable|90/100
|
|t:|1662256364
|switch|p1a: Clefable|Clefable, F|92/100 brn|[from]move: U-turn
|
|-heal|p1a: Clefable|98/100 brn|[from] item: Leftovers
|upkeep
|turn|96
|
|t:|1662256368
|switch|p2a: Toxapex|Toxapex, M|100/100 slp
|switch|p1a: Tornadus|Tornadus-Therian, M|100/100
|
|upkeep
|turn|97
|
|t:|1662256372
|switch|p2a: Clefable|Clefable, M|90/100
|move|p1a: Tornadus|Hurricane|p2a: Clefable
|-damage|p2a: Clefable|50/100
|
|upkeep
|turn|98
|j| blooclipse
|
|t:|1662256379
|move|p1a: Tornadus|Taunt|p2a: Clefable
|-start|p2a: Clefable|move: Taunt
|cant|p2a: Clefable|move: Taunt|Soft-Boiled
|
|upkeep
|turn|99
|
|t:|1662256382
|switch|p2a: Toxapex|Toxapex, M|100/100 slp
|move|p1a: Tornadus|Hurricane|p2a: Toxapex|[miss]
|-miss|p1a: Tornadus|p2a: Toxapex
|
|upkeep
|turn|100
|c| blooclipse|among
|
|t:|1662256387
|move|p1a: Tornadus|Hurricane|p2a: Toxapex
|-damage|p2a: Toxapex|70/100 slp
|cant|p2a: Toxapex|slp
|
|-heal|p2a: Toxapex|76/100 slp|[from] item: Black Sludge
|upkeep
|turn|101
|
|t:|1662256391
|move|p1a: Tornadus|U-turn|p2a: Toxapex
|-resisted|p2a: Toxapex
|-crit|p2a: Toxapex
|-damage|p2a: Toxapex|68/100 slp
|
|t:|1662256393
|switch|p1a: Ferrothorn|Ferrothorn, F|100/100|[from]move: U-turn
|cant|p2a: Toxapex|slp
|
|-heal|p2a: Toxapex|74/100 slp|[from] item: Black Sludge
|upkeep
|turn|102
|
|t:|1662256399
|switch|p2a: Clefable|Clefable, M|50/100
|move|p1a: Ferrothorn|Stealth Rock|p2a: Clefable
|-sidestart|p2: Swag onna bi|move: Stealth Rock
|
|upkeep
|turn|103
|
|t:|1662256409
|switch|p1a: Tornadus|Tornadus-Therian, M|100/100
|move|p2a: Clefable|Soft-Boiled|p2a: Clefable
|-heal|p2a: Clefable|99/100
|
|upkeep
|turn|104
|
|t:|1662256412
|switch|p2a: Toxapex|Toxapex, M|100/100 slp
|-damage|p2a: Toxapex|88/100 slp|[from] Stealth Rock
|move|p1a: Tornadus|Taunt|p2a: Toxapex
|-start|p2a: Toxapex|move: Taunt
|
|-heal|p2a: Toxapex|94/100 slp|[from] item: Black Sludge
|upkeep
|turn|105
|
|t:|1662256417
|switch|p2a: Clefable|Clefable, M|99/100
|move|p1a: Tornadus|U-turn|p2a: Clefable
|-resisted|p2a: Clefable
|-damage|p2a: Clefable|95/100
|
|t:|1662256419
|switch|p1a: Clefable|Clefable, F|98/100 brn|[from]move: U-turn
|
|-heal|p1a: Clefable|100/100 brn|[from] item: Leftovers
|upkeep
|turn|106
|j|@Wildfiree ❤
|c|☆Pinkacross|hey so
|
|t:|1662256426
|move|p2a: Clefable|Stealth Rock|p1a: Clefable
|-sidestart|p1: Pinkacross|move: Stealth Rock
|move|p1a: Clefable|Teleport|p1a: Clefable
|c|☆Pinkacross|this is gonna go on for a while
|c|☆Pinkacross|for the sake of the tour
|c|☆Pinkacross|lets do smth
|
|t:|1662256434
|switch|p1a: Tornadus|Tornadus-Therian, M|100/100|[from]move: Teleport
|
|upkeep
|turn|107
|c|%Sww-Suwa|I can do the coinflip
|c|☆Pinkacross|lemme try this strat but
|c|%Sww-Suwa|if you both agree
|c|☆Pinkacross|after that we'll coinflip
|c|☆Swag onna bi|Bruh
|c|☆Pinkacross|I got 1 last dich effort
|j|+storm zone
|c|%Sww-Suwa|alr ill give til turn 125
|c|%Sww-Suwa|if that's alr
|c|☆Pinkacross|sounds good
|inactive|Swag onna bi has 120 seconds left.
|
|t:|1662256467
|move|p1a: Tornadus|Hurricane|p2a: Clefable
|-damage|p2a: Clefable|55/100
|move|p2a: Clefable|Moonblast|p1a: Tornadus
|-damage|p1a: Tornadus|66/100
|
|upkeep
|turn|108
|inactive|Swag onna bi has 120 seconds left.
|
|t:|1662256474
|move|p1a: Tornadus|Taunt|p2a: Clefable
|-start|p2a: Clefable|move: Taunt
|cant|p2a: Clefable|move: Taunt|Soft-Boiled
|
|upkeep
|turn|109
|
|t:|1662256476
|switch|p2a: Toxapex|Toxapex, M|100/100 slp
|-damage|p2a: Toxapex|88/100 slp|[from] Stealth Rock
|move|p1a: Tornadus|Hurricane|p2a: Toxapex
|-damage|p2a: Toxapex|61/100 slp
|
|-heal|p2a: Toxapex|67/100 slp|[from] item: Black Sludge
|upkeep
|turn|110
|
|t:|1662256482
|move|p1a: Tornadus|Taunt|p2a: Toxapex
|-start|p2a: Toxapex|move: Taunt
|-curestatus|p2a: Toxapex|slp|[msg]
|cant|p2a: Toxapex|move: Taunt|Toxic
|
|-heal|p2a: Toxapex|72/100|[from] item: Black Sludge
|upkeep
|turn|111
|
|t:|1662256485
|switch|p2a: Clefable|Clefable, M|55/100
|move|p1a: Tornadus|Hurricane|p2a: Clefable|[miss]
|-miss|p1a: Tornadus|p2a: Clefable
|
|upkeep
|turn|112
|inactive|Swag onna bi has 120 seconds left.
|
|t:|1662256504
|switch|p2a: Toxapex|Toxapex, M|100/100
|-damage|p2a: Toxapex|88/100|[from] Stealth Rock
|move|p1a: Tornadus|Taunt|p2a: Toxapex
|-start|p2a: Toxapex|move: Taunt
|
|-heal|p2a: Toxapex|94/100|[from] item: Black Sludge
|upkeep
|turn|113
|inactive|Swag onna bi has 120 seconds left.
|
|t:|1662256513
|switch|p2a: Landorus|Landorus-Therian, M|100/100
|-damage|p2a: Landorus|88/100|[from] Stealth Rock
|-ability|p2a: Landorus|Intimidate|boost
|-unboost|p1a: Tornadus|atk|1
|move|p1a: Tornadus|Hurricane|p2a: Landorus
|-damage|p2a: Landorus|37/100
|
|upkeep
|turn|114
|inactive|Swag onna bi has 120 seconds left.
|
|t:|1662256530
|switch|p1a: Ferrothorn|Ferrothorn, F|100/100
|-damage|p1a: Ferrothorn|95/100|[from] Stealth Rock
|move|p2a: Landorus|U-turn|p1a: Ferrothorn
|-crit|p1a: Ferrothorn
|-damage|p1a: Ferrothorn|69/100
|-damage|p2a: Landorus|25/100|[from] ability: Iron Barbs|[of] p1a: Ferrothorn
|-damage|p2a: Landorus|8/100|[from] item: Rocky Helmet|[of] p1a: Ferrothorn
|
|t:|1662256533
|switch|p2a: Toxapex|Toxapex, M|100/100|[from]move: U-turn
|-damage|p2a: Toxapex|88/100|[from] Stealth Rock
|
|-heal|p2a: Toxapex|94/100|[from] item: Black Sludge
|upkeep
|turn|115
|j| Rovergz
|c|☆Swag onna bi|U can just have it
|j| El Hueco Mundo
|inactive|Swag onna bi has 90 seconds left.
|c|☆Pinkacross|o ok
|l| Juni01
|c|☆Pinkacross|thx
|-message|Swag onna bi forfeited.
|
|win|Pinkacross
