|raw|<div class="broadcast-blue"><strong>This battle is required to be public due to a player having a name starting with 'lt94je'.</div>
|j|☆LT94JE 33321
|j|☆N30N3
|t:|1661352793
|gametype|singles
|player|p1|LT94JE 33321|az|1826
|player|p2|N30N3|266|1767
|teamsize|p1|6
|teamsize|p2|6
|gen|8
|tier|[Gen 8] OU
|rated|
|rule|Sleep Clause Mod: Limit one foe put to sleep
|rule|Species Clause: Limit one of each Pokémon
|rule|OHKO Clause: OHKO moves are banned
|rule|Evasion Items Clause: Evasion items are banned
|rule|Evasion Moves Clause: Evasion moves are banned
|rule|Endless Battle Clause: Forcing endless battles is banned
|rule|HP Percentage Mod: HP is shown in percentages
|rule|Dynamax Clause: You cannot dynamax
|clearpoke
|poke|p1|Shedinja|
|poke|p1|Xatu, M|
|poke|p1|Corviknight, F|
|poke|p1|Landorus-Therian, M|
|poke|p1|Ditto|
|poke|p1|Blissey, F|
|poke|p2|Garchomp, M|
|poke|p2|Moltres-Galar|
|poke|p2|Melmetal|
|poke|p2|Urshifu-*, M|
|poke|p2|Rillaboom, M|
|poke|p2|Latias, F|
|teampreview
|inactive|Battle timer is ON: inactive players will automatically lose when time's up. (requested by N30N3)
|inactive|LT94JE 33321 also wants the timer to be on.
|
|t:|1661352812
|start
|switch|p1a: Ditto|Ditto|100/100
|switch|p2a: Garchomp|Garchomp, M|100/100
|-transform|p1a: Ditto|p2a: Garchomp|[from] ability: Imposter
|turn|1
|
|t:|1661352820
|switch|p1a: Corviknight|Corviknight, F|100/100
|-ability|p1a: Corviknight|Pressure
|move|p2a: Garchomp|Dragon Tail|p1a: Corviknight
|-resisted|p1a: Corviknight
|-damage|p1a: Corviknight|93/100
|drag|p1a: Blissey|Blissey, F|100/100
|
|upkeep
|turn|2
|
|t:|1661352825
|switch|p2a: Melmetal|Melmetal|100/100
|switch|p1a: Corviknight|Corviknight, F|93/100
|-ability|p1a: Corviknight|Pressure
|
|upkeep
|turn|3
|
|t:|1661352830
|switch|p1a: Shedinja|Shedinja|100/100
|move|p2a: Melmetal|Acid Armor|p2a: Melmetal
|-boost|p2a: Melmetal|def|2
|
|upkeep
|turn|4
|
|t:|1661352837
|switch|p2a: Moltres|Moltres-Galar|100/100
|move|p1a: Shedinja|Protect||[still]
|-fail|p1a: Shedinja
|
|upkeep
|turn|5
|
|t:|1661352841
|switch|p1a: Blissey|Blissey, F|100/100
|move|p2a: Moltres|Nasty Plot|p2a: Moltres
|-boost|p2a: Moltres|spa|2
|
|upkeep
|turn|6
|
|t:|1661352846
|move|p2a: Moltres|Nasty Plot|p2a: Moltres
|-boost|p2a: Moltres|spa|2
|move|p1a: Blissey|Toxic|p2a: Moltres
|-status|p2a: Moltres|tox
|
|-damage|p2a: Moltres|94/100 tox|[from] psn
|upkeep
|turn|7
|
|t:|1661352851
|move|p2a: Moltres|Nasty Plot|p2a: Moltres
|-boost|p2a: Moltres|spa|2
|move|p1a: Blissey|Stealth Rock|p2a: Moltres
|-sidestart|p2: N30N3|move: Stealth Rock
|
|-damage|p2a: Moltres|82/100 tox|[from] psn
|upkeep
|turn|8
|
|t:|1661352854
|move|p2a: Moltres|Fiery Wrath|p1a: Blissey
|-damage|p1a: Blissey|41/100
|cant|p1a: Blissey|flinch
|
|-damage|p2a: Moltres|63/100 tox|[from] psn
|upkeep
|turn|9
|
|t:|1661352859
|move|p2a: Moltres|Fiery Wrath|p1a: Blissey
|-damage|p1a: Blissey|0 fnt
|faint|p1a: Blissey
|
|-damage|p2a: Moltres|38/100 tox|[from] psn
|upkeep
|j| Spitfire arcanine
|
|t:|1661352862
|switch|p1a: Ditto|Ditto|100/100
|-transform|p1a: Ditto|p2a: Moltres|[from] ability: Imposter
|turn|10
|
|t:|1661352873
|move|p1a: Ditto|Fiery Wrath|p2a: Moltres
|-resisted|p2a: Moltres
|-damage|p2a: Moltres|0 fnt
|faint|p2a: Moltres
|
|upkeep
|
|t:|1661352878
|switch|p2a: Urshifu|Urshifu-Rapid-Strike, M|100/100
|-damage|p2a: Urshifu|94/100|[from] Stealth Rock
|turn|11
|
|t:|1661352883
|switch|p1a: Shedinja|Shedinja|100/100
|move|p2a: Urshifu|Surging Strikes|p1a: Shedinja
|-immune|p1a: Shedinja|[from] ability: Wonder Guard
|
|upkeep
|turn|12
|j| Evil
|
|t:|1661352887
|switch|p2a: Garchomp|Garchomp, M|100/100
|-damage|p2a: Garchomp|94/100|[from] Stealth Rock
|move|p1a: Shedinja|Will-O-Wisp|p2a: Garchomp
|-status|p2a: Garchomp|brn
|
|-damage|p2a: Garchomp|88/100 brn|[from] brn
|upkeep
|turn|13
|
|t:|1661352893
|switch|p1a: Xatu|Xatu, M|100/100
|move|p2a: Garchomp|Stealth Rock|p1a: Xatu
|move|p1a: Xatu|Stealth Rock||[from]ability: Magic Bounce|[still]
|-fail|p1a: Xatu
|
|-damage|p2a: Garchomp|82/100 brn|[from] brn
|upkeep
|turn|14
|
|t:|1661352899
|move|p2a: Garchomp|Stealth Rock|p1a: Xatu
|move|p1a: Xatu|Stealth Rock||[from]ability: Magic Bounce|[still]
|-fail|p1a: Xatu
|move|p1a: Xatu|Night Shade|p2a: Garchomp
|-damage|p2a: Garchomp|58/100 brn
|
|-damage|p2a: Garchomp|52/100 brn|[from] brn
|upkeep
|turn|15
|
|t:|1661352904
|switch|p2a: Melmetal|Melmetal|100/100
|-damage|p2a: Melmetal|94/100|[from] Stealth Rock
|move|p1a: Xatu|Night Shade|p2a: Melmetal
|-damage|p2a: Melmetal|73/100
|
|-heal|p2a: Melmetal|79/100|[from] item: Leftovers
|upkeep
|turn|16
|
|t:|1661352908
|switch|p1a: Ditto|Ditto|100/100
|-transform|p1a: Ditto|p2a: Melmetal|[from] ability: Imposter
|switch|p2a: Latias|Latias, F|100/100
|-damage|p2a: Latias|88/100|[from] Stealth Rock
|
|upkeep
|turn|17
|
|t:|1661352916
|switch|p2a: Garchomp|Garchomp, M|52/100 brn
|-damage|p2a: Garchomp|46/100 brn|[from] Stealth Rock
|switch|p1a: Landorus|Landorus-Therian, M|100/100
|-ability|p1a: Landorus|Intimidate|boost
|-unboost|p2a: Garchomp|atk|1
|
|-damage|p2a: Garchomp|40/100 brn|[from] brn
|upkeep
|turn|18
|
|t:|1661352920
|switch|p1a: Xatu|Xatu, M|100/100
|move|p2a: Garchomp|Stealth Rock|p1a: Xatu
|move|p1a: Xatu|Stealth Rock||[from]ability: Magic Bounce|[still]
|-fail|p1a: Xatu
|
|-damage|p2a: Garchomp|33/100 brn|[from] brn
|upkeep
|turn|19
|
|t:|1661352924
|switch|p2a: Latias|Latias, F|88/100
|-damage|p2a: Latias|76/100|[from] Stealth Rock
|move|p1a: Xatu|Night Shade|p2a: Latias
|-damage|p2a: Latias|43/100
|
|upkeep
|turn|20
|
|t:|1661352929
|switch|p1a: Landorus|Landorus-Therian, M|100/100
|-ability|p1a: Landorus|Intimidate|boost
|-unboost|p2a: Latias|atk|1
|move|p2a: Latias|Trick|p1a: Landorus
|-activate|p2a: Latias|move: Trick|[of] p1a: Landorus
|-item|p1a: Landorus|Choice Scarf|[from] move: Trick
|-item|p2a: Latias|Leftovers|[from] move: Trick
|
|-heal|p2a: Latias|49/100|[from] item: Leftovers
|upkeep
|turn|21
|
|t:|1661352934
|switch|p2a: Urshifu|Urshifu-Rapid-Strike, M|94/100
|-damage|p2a: Urshifu|88/100|[from] Stealth Rock
|move|p1a: Landorus|Knock Off|p2a: Urshifu
|-resisted|p2a: Urshifu
|-damage|p2a: Urshifu|74/100
|-enditem|p2a: Urshifu|Choice Scarf|[from] move: Knock Off|[of] p1a: Landorus
|
|upkeep
|turn|22
|
|t:|1661352941
|switch|p1a: Shedinja|Shedinja|100/100
|switch|p2a: Rillaboom|Rillaboom, M|100/100
|-damage|p2a: Rillaboom|88/100|[from] Stealth Rock
|-fieldstart|move: Grassy Terrain|[from] ability: Grassy Surge|[of] p2a: Rillaboom
|
|-heal|p2a: Rillaboom|94/100|[from] Grassy Terrain
|upkeep
|turn|23
|
|t:|1661352947
|switch|p1a: Corviknight|Corviknight, F|93/100
|-ability|p1a: Corviknight|Pressure
|move|p2a: Rillaboom|Swords Dance|p2a: Rillaboom
|-boost|p2a: Rillaboom|atk|2
|
|-heal|p2a: Rillaboom|100/100|[from] Grassy Terrain
|upkeep
|turn|24
|
|t:|1661352950
|move|p2a: Rillaboom|Swords Dance|p2a: Rillaboom
|-boost|p2a: Rillaboom|atk|2
|move|p1a: Corviknight|Iron Defense|p1a: Corviknight
|-boost|p1a: Corviknight|def|2
|
|upkeep
|turn|25
|
|t:|1661352953
|move|p2a: Rillaboom|Swords Dance|p2a: Rillaboom
|-boost|p2a: Rillaboom|atk|2
|move|p1a: Corviknight|Body Press|p2a: Rillaboom
|-damage|p2a: Rillaboom|44/100
|
|-heal|p2a: Rillaboom|50/100|[from] Grassy Terrain
|upkeep
|turn|26
|
|t:|1661352955
|move|p2a: Rillaboom|Drain Punch|p1a: Corviknight
|-damage|p1a: Corviknight|60/100
|-heal|p2a: Rillaboom|69/100|[from] drain|[of] p1a: Corviknight
|move|p1a: Corviknight|Body Press|p2a: Rillaboom
|-damage|p2a: Rillaboom|16/100
|
|-heal|p2a: Rillaboom|23/100|[from] Grassy Terrain
|-fieldend|move: Grassy Terrain
|upkeep
|turn|27
|
|t:|1661352960
|switch|p2a: Garchomp|Garchomp, M|33/100 brn
|-damage|p2a: Garchomp|27/100 brn|[from] Stealth Rock
|move|p1a: Corviknight|Roost|p1a: Corviknight
|-heal|p1a: Corviknight|100/100
|-singleturn|p1a: Corviknight|move: Roost
|
|-damage|p2a: Garchomp|21/100 brn|[from] brn
|upkeep
|turn|28
|-message|N30N3 forfeited.
|
|win|LT94JE 33321
|raw|LT94JE 33321's rating: 1826 &rarr; <strong>1843</strong><br />(+17 for winning)
|raw|N30N3's rating: 1767 &rarr; <strong>1750</strong><br />(-17 for losing)
|l|☆N30N3
|l|☆LT94JE 33321
||Ladder isn't responding, score probably updated but might not have (Request timeout).
