|j|☆A3720
|j|☆CYB
|t:|1667190151
|gametype|singles
|player|p1|A3720|101|1688
|player|p2|CYB|veteran|1637
|teamsize|p1|6
|teamsize|p2|6
|gen|8
|tier|[Gen 8] OU
|rated|
|rule|Sleep Clause Mod: Limit one foe put to sleep
|rule|Species Clause: Limit one of each Pokémon
|rule|OHKO Clause: OHKO moves are banned
|rule|Evasion Items Clause: Evasion items are banned
|rule|Evasion Moves Clause: Evasion moves are banned
|rule|Endless Battle Clause: Forcing endless battles is banned
|rule|HP Percentage Mod: HP is shown in percentages
|rule|Dynamax Clause: You cannot dynamax
|clearpoke
|poke|p1|Vanilluxe, F|
|poke|p1|Arctozolt|
|poke|p1|Toxapex, F|
|poke|p1|Magnezone|
|poke|p1|Landorus-Therian, M|
|poke|p1|Tornadus-Therian, M|
|poke|p2|Dragapult, F|
|poke|p2|Tapu Lele|
|poke|p2|Landorus-Therian, M|
|poke|p2|Rotom-Wash|
|poke|p2|Kartana|
|poke|p2|Weavile, F|
|teampreview
|
|t:|1667190192
|start
|switch|p1a: Vanilluxe|Vanilluxe, F|100/100
|switch|p2a: Weavile|Weavile, F|100/100
|-ability|p2a: Weavile|Pressure
|-weather|Hail|[from] ability: Snow Warning|[of] p1a: Vanilluxe
|turn|1
|
|t:|1667190201
|switch|p1a: Toxapex|Toxapex, F, shiny|100/100
|move|p2a: Weavile|Knock Off|p1a: Toxapex
|-crit|p1a: Toxapex
|-damage|p1a: Toxapex|55/100
|-enditem|p1a: Toxapex|Eject Button|[from] move: Knock Off|[of] p2a: Weavile
|
|-weather|Hail|[upkeep]
|-damage|p1a: Toxapex|49/100|[from] Hail
|upkeep
|turn|2
|
|t:|1667190219
|switch|p2a: Rotom|Rotom-Wash|100/100
|move|p1a: Toxapex|Recover|p1a: Toxapex
|-heal|p1a: Toxapex|99/100
|
|-weather|Hail|[upkeep]
|-damage|p2a: Rotom|94/100|[from] Hail
|-damage|p1a: Toxapex|92/100|[from] Hail
|-heal|p2a: Rotom|100/100|[from] item: Leftovers
|upkeep
|turn|3
|
|t:|1667190228
|move|p2a: Rotom|Volt Switch|p1a: Toxapex
|-supereffective|p1a: Toxapex
|-damage|p1a: Toxapex|49/100
|j| voy por todos
|
|t:|1667190242
|switch|p2a: Landorus|Landorus-Therian, M|100/100|[from]move: Volt Switch
|-ability|p2a: Landorus|Intimidate|boost
|-unboost|p1a: Toxapex|atk|1
|move|p1a: Toxapex|Toxic|p2a: Landorus
|-status|p2a: Landorus|tox
|
|-weather|Hail|[upkeep]
|-damage|p2a: Landorus|94/100 tox|[from] Hail
|-damage|p1a: Toxapex|43/100|[from] Hail
|-heal|p2a: Landorus|100/100 tox|[from] item: Leftovers
|-damage|p2a: Landorus|94/100 tox|[from] psn
|upkeep
|turn|4
|
|t:|1667190247
|switch|p1a: Tornadus|Tornadus-Therian, M|100/100
|move|p2a: Landorus|Stealth Rock|p1a: Tornadus
|-sidestart|p1: A3720|move: Stealth Rock
|
|-weather|Hail|[upkeep]
|-damage|p1a: Tornadus|94/100|[from] Hail
|-damage|p2a: Landorus|88/100 tox|[from] Hail
|-heal|p2a: Landorus|94/100 tox|[from] item: Leftovers
|-damage|p2a: Landorus|82/100 tox|[from] psn
|upkeep
|turn|5
|
|t:|1667190255
|move|p1a: Tornadus|Taunt|p2a: Landorus
|-start|p2a: Landorus|move: Taunt
|move|p2a: Landorus|U-turn|p1a: Tornadus
|-resisted|p1a: Tornadus
|-damage|p1a: Tornadus|83/100
|
|t:|1667190274
|switch|p2a: Tapu Lele|Tapu Lele|100/100|[from]move: U-turn
|-fieldstart|move: Psychic Terrain|[from] ability: Psychic Surge|[of] p2a: Tapu Lele
|
|-weather|none
|upkeep
|turn|6
|
|t:|1667190286
|move|p1a: Tornadus|U-turn|p2a: Tapu Lele
|-damage|p2a: Tapu Lele|77/100
|
|t:|1667190288
|switch|p1a: Magnezone|Magnezone|100/100|[from]move: U-turn
|-damage|p1a: Magnezone|94/100|[from] Stealth Rock
|move|p2a: Tapu Lele|Psyshock|p1a: Magnezone
|-resisted|p1a: Magnezone
|-damage|p1a: Magnezone|55/100
|
|upkeep
|turn|7
|
|t:|1667190297
|switch|p2a: Rotom|Rotom-Wash|100/100
|switch|p1a: Tornadus|Tornadus-Therian, M|100/100
|
|upkeep
|turn|8
|
|t:|1667190301
|move|p1a: Tornadus|Defog|p2a: Rotom
|-unboost|p2a: Rotom|evasion|1
|-sideend|p1: A3720|Stealth Rock|[from] move: Defog|[of] p1a: Tornadus
|-fieldend|move: Psychic Terrain
|move|p2a: Rotom|Volt Switch|p1a: Tornadus
|-supereffective|p1a: Tornadus
|-damage|p1a: Tornadus|52/100
|
|t:|1667190304
|switch|p2a: Tapu Lele|Tapu Lele|77/100|[from]move: Volt Switch
|-fieldstart|move: Psychic Terrain|[from] ability: Psychic Surge|[of] p2a: Tapu Lele
|
|upkeep
|turn|9
|
|t:|1667190307
|move|p1a: Tornadus|U-turn|p2a: Tapu Lele
|-damage|p2a: Tapu Lele|55/100
|
|t:|1667190341
|switch|p1a: Magnezone|Magnezone|55/100|[from]move: U-turn
|move|p2a: Tapu Lele|Psyshock|p1a: Magnezone
|-resisted|p1a: Magnezone
|-damage|p1a: Magnezone|10/100
|
|upkeep
|turn|10
|
|t:|1667190351
|move|p2a: Tapu Lele|Psyshock|p1a: Magnezone
|-resisted|p1a: Magnezone
|-damage|p1a: Magnezone|0 fnt
|faint|p1a: Magnezone
|
|upkeep
|j| DarkRinoRex
|l| voy por todos
|
|t:|1667190401
|switch|p1a: Landorus|Landorus-Therian, M|100/100
|-ability|p1a: Landorus|Intimidate|boost
|-unboost|p2a: Tapu Lele|atk|1
|turn|11
|
|t:|1667190406
|switch|p2a: Rotom|Rotom-Wash|100/100
|move|p1a: Landorus|U-turn|p2a: Rotom
|-damage|p2a: Rotom|85/100
|
|t:|1667190409
|switch|p1a: Vanilluxe|Vanilluxe, F|100/100|[from]move: U-turn
|-weather|Hail|[from] ability: Snow Warning|[of] p1a: Vanilluxe
|
|-weather|Hail|[upkeep]
|-damage|p2a: Rotom|78/100|[from] Hail
|-heal|p2a: Rotom|85/100|[from] item: Leftovers
|upkeep
|turn|12
|
|t:|1667190423
|move|p1a: Vanilluxe|Freeze-Dry|p2a: Rotom
|-supereffective|p2a: Rotom
|-damage|p2a: Rotom|0 fnt
|faint|p2a: Rotom
|
|-weather|Hail|[upkeep]
|-fieldend|move: Psychic Terrain
|upkeep
|
|t:|1667190439
|switch|p2a: Weavile|Weavile, F|100/100
|-ability|p2a: Weavile|Pressure
|turn|13
|
|t:|1667190465
|switch|p2a: Tapu Lele|Tapu Lele|55/100
|-fieldstart|move: Psychic Terrain|[from] ability: Psychic Surge|[of] p2a: Tapu Lele
|switch|p1a: Toxapex|Toxapex, F, shiny|76/100
|
|-weather|Hail|[upkeep]
|-damage|p2a: Tapu Lele|49/100|[from] Hail
|-damage|p1a: Toxapex|70/100|[from] Hail
|upkeep
|turn|14
|
|t:|1667190491
|switch|p1a: Tornadus|Tornadus-Therian, M|86/100
|move|p2a: Tapu Lele|Psyshock|p1a: Tornadus
|-damage|p1a: Tornadus|0 fnt
|faint|p1a: Tornadus
|
|-weather|Hail|[upkeep]
|-damage|p2a: Tapu Lele|43/100|[from] Hail
|upkeep
|j| Haxgo
|
|t:|1667190493
|switch|p1a: Arctozolt|Arctozolt|100/100
|turn|15
|j| Tegalik
|l| Haxgo
|
|t:|1667190541
|switch|p2a: Landorus|Landorus-Therian, M|82/100 tox
|-ability|p2a: Landorus|Intimidate|boost
|-unboost|p1a: Arctozolt|atk|1
|move|p1a: Arctozolt|Blizzard|p2a: Landorus
|-supereffective|p2a: Landorus
|-damage|p2a: Landorus|0 fnt
|faint|p2a: Landorus
|
|-weather|none
|upkeep
|
|t:|1667190548
|switch|p2a: Dragapult|Dragapult, F|100/100
|turn|16
|
|t:|1667190581
|switch|p1a: Toxapex|Toxapex, F, shiny|100/100
|move|p2a: Dragapult|Draco Meteor|p1a: Toxapex|[miss]
|-miss|p2a: Dragapult|p1a: Toxapex
|
|upkeep
|turn|17
|
|t:|1667190590
|switch|p2a: Tapu Lele|Tapu Lele|43/100
|move|p1a: Toxapex|Knock Off|p2a: Tapu Lele
|-damage|p2a: Tapu Lele|23/100
|-enditem|p2a: Tapu Lele|Choice Specs|[from] move: Knock Off|[of] p1a: Toxapex
|
|-fieldend|move: Psychic Terrain
|upkeep
|turn|18
|
|t:|1667190633
|switch|p1a: Vanilluxe|Vanilluxe, F|100/100
|-weather|Hail|[from] ability: Snow Warning|[of] p1a: Vanilluxe
|move|p2a: Tapu Lele|Psyshock|p1a: Vanilluxe
|-damage|p1a: Vanilluxe|35/100
|
|-weather|Hail|[upkeep]
|-damage|p2a: Tapu Lele|17/100|[from] Hail
|upkeep
|turn|19
|
|t:|1667190640
|move|p1a: Vanilluxe|Ice Shard|p2a: Tapu Lele
|-damage|p2a: Tapu Lele|0 fnt
|faint|p2a: Tapu Lele
|
|-weather|Hail|[upkeep]
|upkeep
|
|t:|1667190650
|switch|p2a: Kartana|Kartana, shiny|100/100
|turn|20
|j| ignor1ngU
|
|t:|1667190659
|switch|p1a: Landorus|Landorus-Therian, M|100/100
|-ability|p1a: Landorus|Intimidate|boost
|-unboost|p2a: Kartana|atk|1
|move|p2a: Kartana|Leaf Blade|p1a: Landorus
|-damage|p1a: Landorus|63/100
|
|-weather|Hail|[upkeep]
|-damage|p2a: Kartana|94/100|[from] Hail
|-damage|p1a: Landorus|57/100|[from] Hail
|-heal|p1a: Landorus|63/100|[from] item: Leftovers
|upkeep
|turn|21
|
|t:|1667190666
|move|p2a: Kartana|Leaf Blade|p1a: Landorus
|-damage|p1a: Landorus|22/100
|move|p1a: Landorus|Earthquake|p2a: Kartana
|-damage|p2a: Kartana|45/100
|
|-weather|Hail|[upkeep]
|-damage|p2a: Kartana|39/100|[from] Hail
|-damage|p1a: Landorus|16/100|[from] Hail
|-heal|p1a: Landorus|22/100|[from] item: Leftovers
|upkeep
|turn|22
|
|t:|1667190696
|switch|p2a: Dragapult|Dragapult, F|100/100
|move|p1a: Landorus|Earthquake|p2a: Dragapult
|-damage|p2a: Dragapult|31/100
|
|-weather|none
|-heal|p1a: Landorus|28/100|[from] item: Leftovers
|upkeep
|turn|23
|inactive|Battle timer is ON: inactive players will automatically lose when time's up. (requested by CYB)
|
|t:|1667190759
|move|p2a: Dragapult|Shadow Ball|p1a: Landorus
|-damage|p1a: Landorus|0 fnt
|faint|p1a: Landorus
|
|upkeep
|
|t:|1667190761
|switch|p1a: Vanilluxe|Vanilluxe, F|35/100
|-weather|Hail|[from] ability: Snow Warning|[of] p1a: Vanilluxe
|turn|24
|
|t:|1667190767
|switch|p2a: Weavile|Weavile, F|100/100
|-ability|p2a: Weavile|Pressure
|switch|p1a: Arctozolt|Arctozolt|100/100
|
|-weather|Hail|[upkeep]
|upkeep
|turn|25
|
|t:|1667190774
|move|p1a: Arctozolt|Bolt Beak|p2a: Weavile
|-damage|p2a: Weavile|5/100
|move|p2a: Weavile|Low Kick|p1a: Arctozolt
|-supereffective|p1a: Arctozolt
|-damage|p1a: Arctozolt|15/100
|
|-weather|Hail|[upkeep]
|upkeep
|turn|26
|
|t:|1667190784
|move|p2a: Weavile|Ice Shard|p1a: Arctozolt
|-resisted|p1a: Arctozolt
|-damage|p1a: Arctozolt|2/100
|move|p1a: Arctozolt|Bolt Beak|p2a: Weavile
|-damage|p2a: Weavile|0 fnt
|faint|p2a: Weavile
|
|-weather|Hail|[upkeep]
|upkeep
|
|t:|1667190794
|switch|p2a: Kartana|Kartana, shiny|39/100
|turn|27
|
|t:|1667190799
|switch|p1a: Toxapex|Toxapex, F, shiny|100/100
|move|p2a: Kartana|Leaf Blade|p1a: Toxapex
|-damage|p1a: Toxapex|65/100
|
|-weather|Hail|[upkeep]
|-damage|p2a: Kartana|33/100|[from] Hail
|-damage|p1a: Toxapex|58/100|[from] Hail
|upkeep
|turn|28
|
|t:|1667190803
|move|p2a: Kartana|Leaf Blade|p1a: Toxapex
|-crit|p1a: Toxapex
|-damage|p1a: Toxapex|4/100
|move|p1a: Toxapex|Recover|p1a: Toxapex
|-heal|p1a: Toxapex|54/100
|
|-weather|none
|upkeep
|turn|29
|
|t:|1667190807
|move|p2a: Kartana|Leaf Blade|p1a: Toxapex
|-damage|p1a: Toxapex|16/100
|move|p1a: Toxapex|Recover|p1a: Toxapex
|-heal|p1a: Toxapex|66/100
|
|upkeep
|turn|30
|
|t:|1667190810
|move|p2a: Kartana|Leaf Blade|p1a: Toxapex
|-crit|p1a: Toxapex
|-damage|p1a: Toxapex|9/100
|move|p1a: Toxapex|Recover|p1a: Toxapex
|-heal|p1a: Toxapex|59/100
|
|upkeep
|turn|31
|
|t:|1667190813
|move|p2a: Kartana|Leaf Blade|p1a: Toxapex
|-crit|p1a: Toxapex
|-damage|p1a: Toxapex|6/100
|move|p1a: Toxapex|Recover|p1a: Toxapex
|-heal|p1a: Toxapex|56/100
|
|upkeep
|turn|32
|
|t:|1667190816
|move|p2a: Kartana|Leaf Blade|p1a: Toxapex
|-damage|p1a: Toxapex|19/100
|move|p1a: Toxapex|Recover|p1a: Toxapex
|-heal|p1a: Toxapex|69/100
|
|upkeep
|turn|33
|
|t:|1667190819
|move|p2a: Kartana|Leaf Blade|p1a: Toxapex
|-crit|p1a: Toxapex
|-damage|p1a: Toxapex|10/100
|move|p1a: Toxapex|Recover|p1a: Toxapex
|-heal|p1a: Toxapex|60/100
|
|upkeep
|turn|34
|
|t:|1667190823
|move|p2a: Kartana|Leaf Blade|p1a: Toxapex
|-damage|p1a: Toxapex|24/100
|move|p1a: Toxapex|Recover|p1a: Toxapex
|-heal|p1a: Toxapex|74/100
|
|upkeep
|turn|35
|
|t:|1667190831
|move|p2a: Kartana|Leaf Blade|p1a: Toxapex
|-damage|p1a: Toxapex|39/100
|move|p1a: Toxapex|Recover|p1a: Toxapex
|-heal|p1a: Toxapex|89/100
|
|upkeep
|turn|36
|
|t:|1667190835
|move|p2a: Kartana|Leaf Blade|p1a: Toxapex
|-damage|p1a: Toxapex|51/100
|move|p1a: Toxapex|Knock Off|p2a: Kartana
|-damage|p2a: Kartana|19/100
|-enditem|p2a: Kartana|Choice Scarf|[from] move: Knock Off|[of] p1a: Toxapex
|
|upkeep
|turn|37
|inactive|A3720 has 120 seconds left.
|
|t:|1667190868
|move|p2a: Kartana|Leaf Blade|p1a: Toxapex
|-damage|p1a: Toxapex|15/100
|move|p1a: Toxapex|Knock Off|p2a: Kartana
|-damage|p2a: Kartana|9/100
|
|upkeep
|turn|38
|
|t:|1667190874
|move|p2a: Kartana|Leaf Blade|p1a: Toxapex
|-damage|p1a: Toxapex|0 fnt
|faint|p1a: Toxapex
|-ability|p2a: Kartana|Beast Boost|boost
|-boost|p2a: Kartana|atk|1
|
|upkeep
|
|t:|1667190877
|switch|p1a: Vanilluxe|Vanilluxe, F|35/100
|-weather|Hail|[from] ability: Snow Warning|[of] p1a: Vanilluxe
|turn|39
|
|t:|1667190881
|move|p1a: Vanilluxe|Ice Shard|p2a: Kartana
|-damage|p2a: Kartana|0 fnt
|faint|p2a: Kartana
|
|-weather|Hail|[upkeep]
|upkeep
|c|☆A3720|gg
|
|t:|1667190882
|switch|p2a: Dragapult|Dragapult, F|31/100
|turn|40
|
|t:|1667190885
|move|p1a: Vanilluxe|Ice Shard|p2a: Dragapult
|-supereffective|p2a: Dragapult
|-damage|p2a: Dragapult|0 fnt
|faint|p2a: Dragapult
|
|win|A3720
|raw|A3720's rating: 1688 &rarr; <strong>1705</strong><br />(+17 for winning)
|raw|CYB's rating: 1637 &rarr; <strong>1620</strong><br />(-17 for losing)
|l|☆CYB
