|j|☆Lt71lx life
|j|☆LT71LX LE K
|t:|1597285381
|player|p1|Lt71lx life|ethan|2078
|player|p2|LT71LX LE K|medium|2132
|teamsize|p1|6
|teamsize|p2|6
|gametype|singles
|gen|8
|tier|[Gen 8] OU
|rated|
|clearpoke
|poke|p1|Alakazam, M|
|poke|p1|Hippowdon, F|
|poke|p1|Rillaboom, M|
|poke|p1|Magnezone|
|poke|p1|Togekiss, F|
|poke|p1|Urshifu-*, M|
|poke|p2|Conkeldurr, F|
|poke|p2|Rillaboom, F|
|poke|p2|Dragapult, M|
|poke|p2|Clefable, M|
|poke|p2|Corviknight, F|
|poke|p2|Hippowdon, M|
|rule|Sleep Clause Mod: Limit one foe put to sleep
|rule|Species Clause: Limit one of each Pokémon
|rule|OHKO Clause: OHKO moves are banned
|rule|Evasion Moves Clause: Evasion moves are banned
|rule|Endless Battle Clause: Forcing endless battles is banned
|rule|HP Percentage Mod: HP is shown in percentages
|rule|Dynamax Clause: You cannot dynamax
|teampreview
|inactive|Battle timer is ON: inactive players will automatically lose when time's up. (requested by Lt71lx life)
|j| Boigunn
|j| ligmadon769
|j|+Raiza
|j|+Wally
|c|☆Lt71lx life|hf
|j| mofuke
|c|☆LT71LX LE K|hf
|j| Dahyouko
|j| quino666
|j| Mengy 乁㋛ㄏ
|l| quino666
|j| theoxtheo
|j| LT71LX PJ
|j| Javoon
|j| esrtyu
|j| hipster garbage
|inactive|Lt71lx life has 120 seconds left.
|l| hipster garbage
|
|t:|1597285424
|start
|switch|p1a: Rillaboom|Rillaboom, M|100/100
|switch|p2a: Rillaboom|Rillaboom, F|100/100
|-fieldstart|move: Grassy Terrain|[from] ability: Grassy Surge|[of] p1a: Rillaboom
|turn|1
|j| The Son of Ogre
|j| Briitt
|j| Kuyuri
|
|t:|1597285436
|move|p1a: Rillaboom|U-turn|p2a: Rillaboom
|-supereffective|p2a: Rillaboom
|-damage|p2a: Rillaboom|10/100
|j| Lunarr
|
|t:|1597285438
|switch|p1a: Togekiss|Togekiss, F|100/100|[from]move: U-turn
|move|p2a: Rillaboom|U-turn|p1a: Togekiss
|-resisted|p1a: Togekiss
|-damage|p1a: Togekiss|93/100
|
|t:|1597285449
|switch|p2a: Hippowdon|Hippowdon, M|100/100|[from]move: U-turn
|-weather|Sandstorm|[from] ability: Sand Stream|[of] p2a: Hippowdon
|
|-weather|Sandstorm|[upkeep]
|-damage|p1a: Togekiss|87/100|[from] Sandstorm
|upkeep
|turn|2
|j| The Teal Scizor
|
|t:|1597285454
|move|p1a: Togekiss|Air Slash|p2a: Hippowdon
|-damage|p2a: Hippowdon|78/100
|move|p2a: Hippowdon|Rock Slide|p1a: Togekiss
|-supereffective|p1a: Togekiss
|-damage|p1a: Togekiss|52/100
|
|-weather|Sandstorm|[upkeep]
|-damage|p1a: Togekiss|45/100|[from] Sandstorm
|-heal|p2a: Hippowdon|85/100|[from] Grassy Terrain
|upkeep
|turn|3
|
|t:|1597285460
|move|p1a: Togekiss|Roost|p1a: Togekiss
|-heal|p1a: Togekiss|95/100
|-singleturn|p1a: Togekiss|move: Roost
|move|p2a: Hippowdon|Stealth Rock|p1a: Togekiss
|-sidestart|p1: Lt71lx life|move: Stealth Rock
|
|-weather|Sandstorm|[upkeep]
|-damage|p1a: Togekiss|89/100|[from] Sandstorm
|-heal|p1a: Togekiss|95/100|[from] Grassy Terrain
|-heal|p2a: Hippowdon|91/100|[from] Grassy Terrain
|upkeep
|turn|4
|
|t:|1597285464
|move|p1a: Togekiss|Nasty Plot|p1a: Togekiss
|-boost|p1a: Togekiss|spa|2
|move|p2a: Hippowdon|Rock Slide|p1a: Togekiss
|-supereffective|p1a: Togekiss
|-crit|p1a: Togekiss
|-damage|p1a: Togekiss|50/100
|
|-weather|Sandstorm|[upkeep]
|-damage|p1a: Togekiss|44/100|[from] Sandstorm
|-heal|p2a: Hippowdon|97/100|[from] Grassy Terrain
|upkeep
|turn|5
|
|t:|1597285471
|switch|p2a: Corviknight|Corviknight, F|100/100
|-ability|p2a: Corviknight|Pressure
|move|p1a: Togekiss|Roost|p1a: Togekiss
|-heal|p1a: Togekiss|94/100
|-singleturn|p1a: Togekiss|move: Roost
|
|-weather|none
|-heal|p1a: Togekiss|99/100|[from] Grassy Terrain
|-fieldend|move: Grassy Terrain
|upkeep
|turn|6
|j| LT71LX Luisout
|j| lt71lx fendi
|
|t:|1597285478
|move|p1a: Togekiss|Nasty Plot|p1a: Togekiss
|-boost|p1a: Togekiss|spa|2
|move|p2a: Corviknight|Iron Head|p1a: Togekiss
|-supereffective|p1a: Togekiss
|-damage|p1a: Togekiss|58/100
|
|upkeep
|turn|7
|
|t:|1597285483
|move|p1a: Togekiss|Air Slash|p2a: Corviknight
|-resisted|p2a: Corviknight
|-damage|p2a: Corviknight|62/100
|cant|p2a: Corviknight|flinch
|
|-heal|p2a: Corviknight|68/100|[from] item: Leftovers
|upkeep
|turn|8
|j| i9iih
|
|t:|1597285486
|move|p1a: Togekiss|Air Slash|p2a: Corviknight
|-resisted|p2a: Corviknight
|-crit|p2a: Corviknight
|-damage|p2a: Corviknight|15/100
|cant|p2a: Corviknight|flinch
|
|-heal|p2a: Corviknight|22/100|[from] item: Leftovers
|upkeep
|turn|9
|j| spx1油
|
|t:|1597285493
|move|p1a: Togekiss|Air Slash|p2a: Corviknight
|-resisted|p2a: Corviknight
|-damage|p2a: Corviknight|0 fnt
|faint|p2a: Corviknight
|
|upkeep
|
|t:|1597285496
|switch|p2a: Rillaboom|Rillaboom, F|10/100
|-fieldstart|move: Grassy Terrain|[from] ability: Grassy Surge|[of] p2a: Rillaboom
|turn|10
|
|t:|1597285500
|move|p2a: Rillaboom|Grassy Glide|p1a: Togekiss
|-resisted|p1a: Togekiss
|-damage|p1a: Togekiss|27/100
|move|p1a: Togekiss|Roost|p1a: Togekiss
|-heal|p1a: Togekiss|77/100
|-singleturn|p1a: Togekiss|move: Roost
|
|-heal|p2a: Rillaboom|16/100|[from] Grassy Terrain
|-heal|p1a: Togekiss|83/100|[from] Grassy Terrain
|upkeep
|turn|11
|j|+Emeri ✿@!
|j| LT71LX IV
|j| lt71lx bacon
|
|t:|1597285512
|switch|p2a: Clefable|Clefable, M|100/100
|move|p1a: Togekiss|Roost|p1a: Togekiss
|-heal|p1a: Togekiss|100/100
|-singleturn|p1a: Togekiss|move: Roost
|
|upkeep
|turn|12
|
|t:|1597285519
|move|p1a: Togekiss|Air Slash|p2a: Clefable
|-damage|p2a: Clefable|35/100
|move|p2a: Clefable|Teleport|p2a: Clefable
|j| guacamole socks
|
|t:|1597285524
|switch|p2a: Conkeldurr|Conkeldurr, F|100/100|[from]move: Teleport
|
|-status|p2a: Conkeldurr|brn|[from] item: Flame Orb
|upkeep
|turn|13
|
|t:|1597285527
|move|p1a: Togekiss|Air Slash|p2a: Conkeldurr
|-supereffective|p2a: Conkeldurr
|-damage|p2a: Conkeldurr|0 fnt
|faint|p2a: Conkeldurr
|
|upkeep
|c|☆LT71LX LE K|gg
|c|☆Lt71lx life|gg
|-message|LT71LX LE K forfeited.
|
|win|Lt71lx life
|l|☆LT71LX LE K
|c|☆Lt71lx life|sorry man
|l|☆Lt71lx life
|l| i9iih
|l| The Son of Ogre
|j| Pansears for Fears
|l| The Teal Scizor
|l|+Raiza
|l| Javoon
|raw|Lt71lx life's rating: 2078 &rarr; <strong>2101</strong><br />(+23 for winning)
|raw|LT71LX LE K's rating: 2132 &rarr; <strong>2109</strong><br />(-23 for losing)
|l| theoxtheo
|l| lt71lx bacon
|l| Boigunn
|l| LT71LX IV
|l| Dahyouko
|l|+Wally
|l| LT71LX PJ
|l| LT71LX Luisout
|l| esrtyu
|l| ligmadon769
|l| guacamole socks
|l|+Emeri ✿
|l| Lunarr
|l| lt71lx fendi
