|j|☆BOX MUNCHER
|j|☆noudle soop
|t:|1628971552
|gametype|singles
|player|p1|BOX MUNCHER|scientist|1629
|player|p2|noudle soop|unknown|1702
|teamsize|p1|6
|teamsize|p2|6
|gen|8
|tier|[Gen 8] OU
|rated|
|rule|Sleep Clause Mod: Limit one foe put to sleep
|rule|Species Clause: Limit one of each Pokémon
|rule|OHKO Clause: OHKO moves are banned
|rule|Evasion Moves Clause: Evasion moves are banned
|rule|Endless Battle Clause: Forcing endless battles is banned
|rule|HP Percentage Mod: HP is shown in percentages
|rule|Dynamax Clause: You cannot dynamax
|clearpoke
|poke|p1|Cobalion|
|poke|p1|Landorus-Therian, M|
|poke|p1|Weezing-Galar, F|
|poke|p1|Jellicent, M|
|poke|p1|Heatran, M|
|poke|p1|Snorlax, F|
|poke|p2|Victini|
|poke|p2|Tapu Lele|
|poke|p2|Garchomp, M|
|poke|p2|Celesteela|
|poke|p2|Regieleki|
|poke|p2|Golisopod, M|
|teampreview
|inactive|Battle timer is ON: inactive players will automatically lose when time's up. (requested by noudle soop)
|
|t:|1628971567
|start
|switch|p1a: FART TO LIVE|Weezing-Galar, F, shiny|100/100
|switch|p2a: Tapu Lele|Tapu Lele|100/100
|-fieldstart|move: Psychic Terrain|[from] ability: Psychic Surge|[of] p2a: Tapu Lele
|turn|1
|
|t:|1628971574
|move|p1a: FART TO LIVE|Protect|p1a: FART TO LIVE
|-singleturn|p1a: FART TO LIVE|Protect
|move|p2a: Tapu Lele|Psychic|p1a: FART TO LIVE
|-activate|p1a: FART TO LIVE|move: Protect
|
|upkeep
|turn|2
|
|t:|1628971584
|switch|p1a: SAUCE SQUID|Jellicent, M, shiny|100/100
|move|p2a: Tapu Lele|Psyshock|p1a: SAUCE SQUID
|-damage|p1a: SAUCE SQUID|24/100
|
|upkeep
|turn|3
|
|t:|1628971592
|move|p2a: Tapu Lele|Psyshock|p1a: SAUCE SQUID
|-damage|p1a: SAUCE SQUID|0 fnt
|faint|p1a: SAUCE SQUID
|
|upkeep
|
|t:|1628971595
|switch|p1a: EXOTIC PIT BULL|Cobalion, shiny|100/100
|turn|4
|
|t:|1628971598
|move|p1a: EXOTIC PIT BULL|Iron Head|p2a: Tapu Lele
|-supereffective|p2a: Tapu Lele
|-damage|p2a: Tapu Lele|19/100
|move|p2a: Tapu Lele|Psychic|p1a: EXOTIC PIT BULL
|-damage|p1a: EXOTIC PIT BULL|0 fnt
|faint|p1a: EXOTIC PIT BULL
|
|upkeep
|
|t:|1628971601
|switch|p1a: SLANDORUS|Landorus-Therian, M, shiny|100/100
|-ability|p1a: SLANDORUS|Intimidate|boost
|-unboost|p2a: Tapu Lele|atk|1
|turn|5
|c|☆noudle soop|damn that shit sucks
|
|t:|1628971606
|move|p1a: SLANDORUS|U-turn|p2a: Tapu Lele
|-damage|p2a: Tapu Lele|0 fnt
|faint|p2a: Tapu Lele
|
|t:|1628971615
|switch|p1a: FART TO LIVE|Weezing-Galar, F, shiny|100/100|[from]move: U-turn
|
|-fieldend|move: Psychic Terrain
|upkeep
|
|t:|1628971623
|switch|p2a: Regieleki|Regieleki|100/100
|turn|6
|
|t:|1628971629
|switch|p1a: SLANDORUS|Landorus-Therian, M, shiny|100/100
|-ability|p1a: SLANDORUS|Intimidate|boost
|-unboost|p2a: Regieleki|atk|1
|move|p2a: Regieleki|Thunderbolt|p1a: SLANDORUS
|-immune|p1a: SLANDORUS
|
|upkeep
|turn|7
|
|t:|1628971634
|switch|p2a: Golisopod|Golisopod, M|100/100
|move|p1a: SLANDORUS|U-turn|p2a: Golisopod
|-crit|p2a: Golisopod
|-damage|p2a: Golisopod|73/100
|j| OUTJ Johnny
|
|t:|1628971642
|switch|p1a: FART TO LIVE|Weezing-Galar, F, shiny|100/100|[from]move: U-turn
|
|upkeep
|turn|8
|
|t:|1628971645
|move|p1a: FART TO LIVE|Toxic Spikes|p2a: Golisopod
|-sidestart|p2: noudle soop|move: Toxic Spikes
|move|p2a: Golisopod|Spikes|p1a: FART TO LIVE
|-sidestart|p1: BOX MUNCHER|Spikes
|
|upkeep
|turn|9
|
|t:|1628971648
|move|p1a: FART TO LIVE|Toxic Spikes|p2a: Golisopod
|-sidestart|p2: noudle soop|move: Toxic Spikes
|move|p2a: Golisopod|Spikes|p1a: FART TO LIVE
|-sidestart|p1: BOX MUNCHER|Spikes
|
|upkeep
|turn|10
|
|t:|1628971658
|move|p1a: FART TO LIVE|Strange Steam|p2a: Golisopod
|-damage|p2a: Golisopod|44/100
|-activate|p2a: Golisopod|ability: Emergency Exit
|
|t:|1628971661
|switch|p2a: Victini|Victini|100/100
|
|upkeep
|turn|11
|
|t:|1628971666
|move|p1a: FART TO LIVE|Protect|p1a: FART TO LIVE
|-singleturn|p1a: FART TO LIVE|Protect
|move|p2a: Victini|Expanding Force|p1a: FART TO LIVE
|-activate|p1a: FART TO LIVE|move: Protect
|
|upkeep
|turn|12
|
|t:|1628971673
|switch|p1a: NO NIPPLES|Snorlax, F, shiny|100/100
|-damage|p1a: NO NIPPLES|84/100|[from] Spikes
|move|p2a: Victini|Expanding Force|p1a: NO NIPPLES
|-damage|p1a: NO NIPPLES|68/100
|
|-heal|p1a: NO NIPPLES|75/100|[from] item: Leftovers
|upkeep
|turn|13
|
|t:|1628971677
|switch|p2a: Golisopod|Golisopod, M|44/100
|move|p1a: NO NIPPLES|Body Slam|p2a: Golisopod
|-damage|p2a: Golisopod|19/100
|
|-heal|p1a: NO NIPPLES|81/100|[from] item: Leftovers
|upkeep
|turn|14
|
|t:|1628971684
|switch|p1a: FART TO LIVE|Weezing-Galar, F, shiny|100/100
|move|p2a: Golisopod|First Impression|p1a: FART TO LIVE
|-resisted|p1a: FART TO LIVE
|-damage|p1a: FART TO LIVE|92/100
|
|-heal|p1a: FART TO LIVE|98/100|[from] item: Black Sludge
|upkeep
|turn|15
|
|t:|1628971690
|move|p1a: FART TO LIVE|Strange Steam|p2a: Golisopod
|-damage|p2a: Golisopod|0 fnt
|faint|p2a: Golisopod
|
|-heal|p1a: FART TO LIVE|100/100|[from] item: Black Sludge
|upkeep
|
|t:|1628971692
|switch|p2a: Victini|Victini|100/100
|turn|16
|
|t:|1628971696
|switch|p2a: Regieleki|Regieleki|100/100
|switch|p1a: NO NIPPLES|Snorlax, F, shiny|81/100
|-damage|p1a: NO NIPPLES|64/100|[from] Spikes
|
|-heal|p1a: NO NIPPLES|70/100|[from] item: Leftovers
|upkeep
|turn|17
|
|t:|1628971700
|move|p2a: Regieleki|Rapid Spin|p1a: NO NIPPLES
|-damage|p1a: NO NIPPLES|61/100
|-boost|p2a: Regieleki|spe|1
|-sideend|p2: noudle soop|Toxic Spikes|[from] move: Rapid Spin|[of] p2a: Regieleki
|move|p1a: NO NIPPLES|Curse|p1a: NO NIPPLES
|-unboost|p1a: NO NIPPLES|spe|1
|-boost|p1a: NO NIPPLES|atk|1
|-boost|p1a: NO NIPPLES|def|1
|
|-heal|p1a: NO NIPPLES|67/100|[from] item: Leftovers
|upkeep
|turn|18
|
|t:|1628971702
|move|p2a: Regieleki|Volt Switch|p1a: NO NIPPLES
|-damage|p1a: NO NIPPLES|46/100
|
|t:|1628971704
|switch|p2a: Garchomp|Garchomp, M|100/100|[from]move: Volt Switch
|move|p1a: NO NIPPLES|Curse|p1a: NO NIPPLES
|-unboost|p1a: NO NIPPLES|spe|1
|-boost|p1a: NO NIPPLES|atk|1
|-boost|p1a: NO NIPPLES|def|1
|
|-heal|p1a: NO NIPPLES|53/100|[from] item: Leftovers
|upkeep
|turn|19
|
|t:|1628971712
|move|p2a: Garchomp|Swords Dance|p2a: Garchomp
|-boost|p2a: Garchomp|atk|2
|move|p1a: NO NIPPLES|Rest|p1a: NO NIPPLES
|-status|p1a: NO NIPPLES|slp|[from] move: Rest
|-heal|p1a: NO NIPPLES|100/100 slp|[silent]
|
|upkeep
|turn|20
|
|t:|1628971714
|switch|p1a: FART TO LIVE|Weezing-Galar, F, shiny|100/100
|move|p2a: Garchomp|Swords Dance|p2a: Garchomp
|-boost|p2a: Garchomp|atk|2
|
|upkeep
|turn|21
|
|t:|1628971718
|move|p2a: Garchomp|Stone Edge|p1a: FART TO LIVE
|-damage|p1a: FART TO LIVE|31/100
|move|p1a: FART TO LIVE|Strange Steam|p2a: Garchomp
|-supereffective|p2a: Garchomp
|-damage|p2a: Garchomp|42/100
|
|-heal|p2a: Garchomp|48/100|[from] item: Leftovers
|-heal|p1a: FART TO LIVE|37/100|[from] item: Black Sludge
|upkeep
|turn|22
|
|t:|1628971723
|move|p2a: Garchomp|Stone Edge|p1a: FART TO LIVE
|-damage|p1a: FART TO LIVE|0 fnt
|faint|p1a: FART TO LIVE
|
|-heal|p2a: Garchomp|54/100|[from] item: Leftovers
|upkeep
|
|t:|1628971726
|switch|p1a: SLANDORUS|Landorus-Therian, M, shiny|100/100
|-ability|p1a: SLANDORUS|Intimidate|boost
|-unboost|p2a: Garchomp|atk|1
|turn|23
|
|t:|1628971729
|move|p1a: SLANDORUS|Earthquake|p2a: Garchomp
|-damage|p2a: Garchomp|0 fnt
|faint|p2a: Garchomp
|
|upkeep
|
|t:|1628971731
|switch|p2a: Celesteela|Celesteela|100/100
|turn|24
|
|t:|1628971736
|switch|p1a: LEFT HANDED|Heatran, M|100/100
|move|p2a: Celesteela|Earthquake|p1a: LEFT HANDED
|-supereffective|p1a: LEFT HANDED
|-damage|p1a: LEFT HANDED|0 fnt
|faint|p1a: LEFT HANDED
|-ability|p2a: Celesteela|Beast Boost|boost
|-boost|p2a: Celesteela|atk|1
|
|upkeep
|
|t:|1628971740
|switch|p1a: SLANDORUS|Landorus-Therian, M, shiny|100/100
|-ability|p1a: SLANDORUS|Intimidate|boost
|-unboost|p2a: Celesteela|atk|1
|turn|25
|
|t:|1628971750
|move|p1a: SLANDORUS|Knock Off|p2a: Celesteela
|-damage|p2a: Celesteela|64/100
|-enditem|p2a: Celesteela|Occa Berry|[from] move: Knock Off|[of] p1a: SLANDORUS
|move|p2a: Celesteela|Autotomize|p2a: Celesteela
|-boost|p2a: Celesteela|spe|2
|-start|p2a: Celesteela|Autotomize
|
|upkeep
|turn|26
|
|t:|1628971758
|switch|p1a: NO NIPPLES|Snorlax, F, shiny|100/100 slp
|-damage|p1a: NO NIPPLES|84/100 slp|[from] Spikes
|move|p2a: Celesteela|Heavy Slam|p1a: NO NIPPLES
|-damage|p1a: NO NIPPLES|66/100 slp
|
|-heal|p1a: NO NIPPLES|72/100 slp|[from] item: Leftovers
|upkeep
|turn|27
|
|t:|1628971762
|move|p2a: Celesteela|Acrobatics|p1a: NO NIPPLES
|-damage|p1a: NO NIPPLES|20/100 slp
|cant|p1a: NO NIPPLES|slp
|move|p1a: NO NIPPLES|Sleep Talk|p1a: NO NIPPLES
|move|p1a: NO NIPPLES|Curse|p1a: NO NIPPLES|[from]move: Sleep Talk
|-unboost|p1a: NO NIPPLES|spe|1
|-boost|p1a: NO NIPPLES|atk|1
|-boost|p1a: NO NIPPLES|def|1
|
|-heal|p1a: NO NIPPLES|26/100 slp|[from] item: Leftovers
|upkeep
|turn|28
|
|t:|1628971766
|switch|p1a: SLANDORUS|Landorus-Therian, M, shiny|100/100
|-ability|p1a: SLANDORUS|Intimidate|boost
|-unboost|p2a: Celesteela|atk|1
|move|p2a: Celesteela|Acrobatics|p1a: SLANDORUS
|-damage|p1a: SLANDORUS|56/100
|
|upkeep
|turn|29
|c|☆noudle soop|gg
|
|t:|1628971771
|move|p1a: SLANDORUS|Stone Edge|p2a: Celesteela
|-crit|p2a: Celesteela
|-damage|p2a: Celesteela|3/100
|move|p2a: Celesteela|Acrobatics|p1a: SLANDORUS
|-damage|p1a: SLANDORUS|14/100
|
|upkeep
|turn|30
|
|t:|1628971778
|move|p1a: SLANDORUS|Stone Edge|p2a: Celesteela
|-damage|p2a: Celesteela|0 fnt
|faint|p2a: Celesteela
|
|upkeep
|
|t:|1628971779
|switch|p2a: Victini|Victini|100/100
|turn|31
|
|t:|1628971783
|move|p1a: SLANDORUS|Stone Edge|p2a: Victini
|-supereffective|p2a: Victini
|-crit|p2a: Victini
|-damage|p2a: Victini|0 fnt
|faint|p2a: Victini
|
|upkeep
|c|☆noudle soop|lmfao
|c| OUTJ Johnny|spin
|
|t:|1628971793
|switch|p2a: Regieleki|Regieleki|100/100
|turn|32
|c| OUTJ Johnny|it kills I think
|c|☆noudle soop|spin doesnt kill
|c|☆noudle soop|at fuckin
|c|☆noudle soop|14
|
|t:|1628971804
|switch|p1a: NO NIPPLES|Snorlax, F, shiny|26/100 slp
|-damage|p1a: NO NIPPLES|10/100 slp|[from] Spikes
|move|p2a: Regieleki|Hyper Beam|p1a: NO NIPPLES
|-damage|p1a: NO NIPPLES|0 fnt
|-mustrecharge|p2a: Regieleki
|faint|p1a: NO NIPPLES
|
|upkeep
|
|t:|1628971807
|switch|p1a: SLANDORUS|Landorus-Therian, M, shiny|14/100
|-ability|p1a: SLANDORUS|Intimidate|boost
|-unboost|p2a: Regieleki|atk|1
|turn|33
|c|☆noudle soop|edge again if you're real
|
|t:|1628971820
|cant|p2a: Regieleki|recharge
|move|p1a: SLANDORUS|Earthquake|p2a: Regieleki
|-supereffective|p2a: Regieleki
|-damage|p2a: Regieleki|0 fnt
|faint|p2a: Regieleki
|
|win|BOX MUNCHER
|raw|BOX MUNCHER's rating: 1629 &rarr; <strong>1654</strong><br />(+25 for winning)
|raw|noudle soop's rating: 1721 &rarr; <strong>1696</strong><br />(-25 for losing)
|c|☆noudle soop|yea
|c|☆noudle soop|soft as shit
|l|☆noudle soop
|l| OUTJ Johnny
||Ladder isn't responding, score probably updated but might not have (Request timeout).
