|j|☆CoconutCrabs
|j|☆AmphibiansRiseUp
|inactive|Battle timer is ON: inactive players will automatically lose when time's up.
|t:|1649642767
|gametype|singles
|player|p1|CoconutCrabs|chuck|
|player|p2|AmphibiansRiseUp|grimsley-gen7|
|teamsize|p1|6
|teamsize|p2|6
|gen|8
|tier|[Gen 8] OU
|rated|Tournament battle
|rule|Sleep Clause Mod: Limit one foe put to sleep
|rule|Species Clause: Limit one of each Pokémon
|rule|OHKO Clause: OHKO moves are banned
|rule|Evasion Moves Clause: Evasion moves are banned
|rule|Endless Battle Clause: Forcing endless battles is banned
|rule|HP Percentage Mod: HP is shown in percentages
|rule|Dynamax Clause: You cannot dynamax
|clearpoke
|poke|p1|Tyranitar, F|
|poke|p1|Excadrill, M|
|poke|p1|Tornadus-Therian, M|
|poke|p1|Toxapex, F|
|poke|p1|Heatran, M|
|poke|p1|Tangrowth, F|
|poke|p2|Volcanion|
|poke|p2|Ninetales-Alola, F|
|poke|p2|Corviknight, F|
|poke|p2|Arctozolt|
|poke|p2|Landorus-Therian, M|
|poke|p2|Tornadus-Therian, M|
|teampreview
|j|%Sp0oNl0rD
|c|☆AmphibiansRiseUp|gl hf
|j| Yarm
|j| pikablu007
|j| NIGHTCORE DRAKE
|j| Prince Zenaku
|
|t:|1649642788
|start
|switch|p1a: Mole Man|Excadrill, M|100/100
|switch|p2a: Tornadus|Tornadus-Therian, M|100/100
|turn|1
|j| mangoes crazy
|
|t:|1649642792
|switch|p1a: Baby|Toxapex, F|100/100
|move|p2a: Tornadus|U-turn|p1a: Baby
|-resisted|p1a: Baby
|-damage|p1a: Baby|96/100
|-damage|p2a: Tornadus|84/100|[from] item: Rocky Helmet|[of] p1a: Baby
|c| NIGHTCORE DRAKE|gl frog man
|l| NIGHTCORE DRAKE
|
|t:|1649642799
|switch|p2a: Arctozolt|Arctozolt|100/100|[from]move: U-turn
|
|upkeep
|turn|2
|j| amessofitall
|j| Echo2615
|
|t:|1649642806
|switch|p1a: Boogers|Tyranitar, F|100/100
|-weather|Sandstorm|[from] ability: Sand Stream|[of] p1a: Boogers
|move|p2a: Arctozolt|Substitute|p2a: Arctozolt
|-start|p2a: Arctozolt|Substitute
|-damage|p2a: Arctozolt|76/100
|
|-weather|Sandstorm|[upkeep]
|-damage|p2a: Arctozolt|69/100|[from] Sandstorm
|-heal|p2a: Arctozolt|76/100|[from] item: Leftovers
|upkeep
|turn|3
|j| emoboy77
|
|t:|1649642809
|move|p2a: Arctozolt|Bolt Beak|p1a: Boogers
|-damage|p1a: Boogers|43/100
|move|p1a: Boogers|Rock Blast|p2a: Arctozolt
|-supereffective|p2a: Arctozolt
|-end|p2a: Arctozolt|Substitute
|-supereffective|p2a: Arctozolt
|-damage|p2a: Arctozolt|47/100
|-supereffective|p2a: Arctozolt
|-damage|p2a: Arctozolt|19/100
|-supereffective|p2a: Arctozolt
|-damage|p2a: Arctozolt|0 fnt
|faint|p2a: Arctozolt
|-hitcount|p2: Arctozolt|4
|
|-weather|Sandstorm|[upkeep]
|-heal|p1a: Boogers|49/100|[from] item: Leftovers
|upkeep
|j| Forresterr
|l| emoboy77
|
|t:|1649642814
|switch|p2a: Volcanion|Volcanion|100/100
|turn|4
|j| bobdonn235
|
|t:|1649642821
|switch|p1a: Baby|Toxapex, F|100/100
|move|p2a: Volcanion|Earth Power|p1a: Baby
|-supereffective|p1a: Baby
|-damage|p1a: Baby|29/100
|
|-weather|Sandstorm|[upkeep]
|-damage|p2a: Volcanion|95/100|[from] Sandstorm
|-damage|p1a: Baby|23/100|[from] Sandstorm
|upkeep
|turn|5
|j| Kabilapok ❄
|
|t:|1649642827
|switch|p2a: Tornadus|Tornadus-Therian, M|100/100
|switch|p1a: Paloma|Tornadus-Therian, M|100/100
|
|-weather|Sandstorm|[upkeep]
|-damage|p1a: Paloma|94/100|[from] Sandstorm
|-damage|p2a: Tornadus|94/100|[from] Sandstorm
|upkeep
|turn|6
|
|t:|1649642829
|switch|p1a: Baby|Toxapex, F|56/100
|move|p2a: Tornadus|Weather Ball|p1a: Baby
|-damage|p1a: Baby|36/100
|
|-weather|none
|upkeep
|turn|7
|
|t:|1649642835
|move|p2a: Tornadus|Knock Off|p1a: Baby
|-damage|p1a: Baby|22/100
|-damage|p2a: Tornadus|78/100|[from] item: Rocky Helmet|[of] p1a: Baby
|-enditem|p1a: Baby|Rocky Helmet|[from] move: Knock Off|[of] p2a: Tornadus
|move|p1a: Baby|Recover|p1a: Baby
|-heal|p1a: Baby|72/100
|
|upkeep
|turn|8
|
|t:|1649642838
|move|p2a: Tornadus|U-turn|p1a: Baby
|-resisted|p1a: Baby
|-damage|p1a: Baby|68/100
|j| crying snow
|
|t:|1649642838
|switch|p2a: Landorus|Landorus-Therian, M|100/100|[from]move: U-turn
|-ability|p2a: Landorus|Intimidate|boost
|-unboost|p1a: Baby|atk|1
|move|p1a: Baby|Recover|p1a: Baby
|-heal|p1a: Baby|100/100
|
|upkeep
|turn|9
|
|t:|1649642841
|switch|p1a: Paloma|Tornadus-Therian, M|100/100
|move|p2a: Landorus|Earthquake|p1a: Paloma
|-immune|p1a: Paloma
|
|upkeep
|turn|10
|
|t:|1649642843
|switch|p2a: Tornadus|Tornadus-Therian, M|100/100
|move|p1a: Paloma|Icy Wind|p2a: Tornadus
|-supereffective|p2a: Tornadus
|-damage|p2a: Tornadus|63/100
|-unboost|p2a: Tornadus|spe|1
|
|upkeep
|turn|11
|
|t:|1649642845
|switch|p1a: Baby|Toxapex, F|100/100
|move|p2a: Tornadus|U-turn|p1a: Baby
|-resisted|p1a: Baby
|-damage|p1a: Baby|96/100
|
|t:|1649642850
|switch|p2a: Landorus|Landorus-Therian, M|100/100|[from]move: U-turn
|-ability|p2a: Landorus|Intimidate|boost
|-unboost|p1a: Baby|atk|1
|
|upkeep
|turn|12
|
|t:|1649642853
|move|p2a: Landorus|U-turn|p1a: Baby
|-resisted|p1a: Baby
|-damage|p1a: Baby|89/100
|
|t:|1649642855
|switch|p2a: Tornadus|Tornadus-Therian, M|97/100|[from]move: U-turn
|move|p1a: Baby|Knock Off|p2a: Tornadus
|-damage|p2a: Tornadus|86/100
|-enditem|p2a: Tornadus|Assault Vest|[from] move: Knock Off|[of] p1a: Baby
|
|upkeep
|turn|13
|j| Xabeth
|
|t:|1649642859
|move|p2a: Tornadus|Weather Ball|p1a: Baby
|-damage|p1a: Baby|79/100
|move|p1a: Baby|Knock Off|p2a: Tornadus
|-damage|p2a: Tornadus|78/100
|
|upkeep
|turn|14
|
|t:|1649642861
|move|p2a: Tornadus|Weather Ball|p1a: Baby
|-crit|p1a: Baby
|-damage|p1a: Baby|63/100
|move|p1a: Baby|Knock Off|p2a: Tornadus
|-damage|p2a: Tornadus|71/100
|
|upkeep
|turn|15
|
|t:|1649642863
|move|p2a: Tornadus|Weather Ball|p1a: Baby
|-damage|p1a: Baby|51/100
|move|p1a: Baby|Scald|p2a: Tornadus
|-damage|p2a: Tornadus|55/100
|
|upkeep
|turn|16
|j| Frank Lopez
|
|t:|1649642866
|move|p2a: Tornadus|Weather Ball|p1a: Baby
|-damage|p1a: Baby|40/100
|move|p1a: Baby|Recover|p1a: Baby
|-heal|p1a: Baby|91/100
|
|upkeep
|turn|17
|
|t:|1649642869
|move|p2a: Tornadus|Heat Wave|p1a: Baby
|-resisted|p1a: Baby
|-damage|p1a: Baby|81/100
|move|p1a: Baby|Scald|p2a: Tornadus
|-crit|p2a: Tornadus
|-damage|p2a: Tornadus|33/100
|
|upkeep
|turn|18
|c| Xabeth|Nice team, AmphibiansRiseUp
|
|t:|1649642871
|move|p2a: Tornadus|U-turn|p1a: Baby
|-resisted|p1a: Baby
|-damage|p1a: Baby|76/100
|
|t:|1649642872
|switch|p2a: Corviknight|Corviknight, F|100/100|[from]move: U-turn
|-ability|p2a: Corviknight|Pressure
|move|p1a: Baby|Scald|p2a: Corviknight
|-damage|p2a: Corviknight|86/100
|
|upkeep
|turn|19
|
|t:|1649642876
|switch|p2a: Tornadus|Tornadus-Therian, M|67/100
|move|p1a: Baby|Knock Off|p2a: Tornadus
|-damage|p2a: Tornadus|60/100
|
|upkeep
|turn|20
|
|t:|1649642882
|move|p2a: Tornadus|Knock Off|p1a: Baby
|-damage|p1a: Baby|67/100
|move|p1a: Baby|Knock Off|p2a: Tornadus
|-damage|p2a: Tornadus|53/100
|
|upkeep
|turn|21
|
|t:|1649642884
|move|p2a: Tornadus|Knock Off|p1a: Baby
|-crit|p1a: Baby
|-damage|p1a: Baby|55/100
|move|p1a: Baby|Knock Off|p2a: Tornadus
|-damage|p2a: Tornadus|46/100
|
|upkeep
|turn|22
|
|t:|1649642887
|move|p2a: Tornadus|Knock Off|p1a: Baby
|-damage|p1a: Baby|46/100
|move|p1a: Baby|Recover|p1a: Baby
|-heal|p1a: Baby|96/100
|
|upkeep
|turn|23
|
|t:|1649642890
|move|p2a: Tornadus|U-turn|p1a: Baby
|-resisted|p1a: Baby
|-damage|p1a: Baby|91/100
|
|t:|1649642891
|switch|p2a: Volcanion|Volcanion|95/100|[from]move: U-turn
|move|p1a: Baby|Scald|p2a: Volcanion
|-heal|p2a: Volcanion|100/100|[from] ability: Water Absorb|[of] p1a: Baby
|
|upkeep
|turn|24
|
|t:|1649642894
|move|p2a: Volcanion|Steam Eruption|p1a: Baby
|-resisted|p1a: Baby
|-damage|p1a: Baby|57/100
|move|p1a: Baby|Knock Off|p2a: Volcanion
|-damage|p2a: Volcanion|91/100
|-enditem|p2a: Volcanion|Choice Specs|[from] move: Knock Off|[of] p1a: Baby
|
|upkeep
|turn|25
|
|t:|1649642899
|switch|p1a: Paloma|Tornadus-Therian, M|100/100
|move|p2a: Volcanion|Steam Eruption|p1a: Paloma
|-damage|p1a: Paloma|34/100
|-status|p1a: Paloma|brn
|
|-damage|p1a: Paloma|28/100 brn|[from] brn
|upkeep
|turn|26
|l| crying snow
|
|t:|1649642903
|switch|p2a: Tornadus|Tornadus-Therian, M|79/100
|move|p1a: Paloma|Hurricane|p2a: Tornadus
|-damage|p2a: Tornadus|2/100
|
|-damage|p1a: Paloma|22/100 brn|[from] brn
|upkeep
|turn|27
|
|t:|1649642909
|switch|p1a: Pretty|Tangrowth, F|100/100
|move|p2a: Tornadus|U-turn|p1a: Pretty
|-supereffective|p1a: Pretty
|-damage|p1a: Pretty|84/100
|-damage|p2a: Tornadus|0 fnt|[from] item: Rocky Helmet|[of] p1a: Pretty
|faint|p2a: Tornadus
|
|upkeep
|
|t:|1649642910
|switch|p2a: Volcanion|Volcanion|91/100
|turn|28
|
|t:|1649642914
|switch|p1a: Baby|Toxapex, F|90/100
|move|p2a: Volcanion|Flamethrower|p1a: Baby
|-resisted|p1a: Baby
|-damage|p1a: Baby|70/100
|
|upkeep
|turn|29
|
|t:|1649642916
|move|p2a: Volcanion|Earth Power|p1a: Baby
|-supereffective|p1a: Baby
|-damage|p1a: Baby|15/100
|move|p1a: Baby|Recover|p1a: Baby
|-heal|p1a: Baby|66/100
|
|upkeep
|turn|30
|
|t:|1649642925
|switch|p1a: Pretty|Tangrowth, F|100/100
|move|p2a: Volcanion|Flamethrower|p1a: Pretty
|-supereffective|p1a: Pretty
|-damage|p1a: Pretty|0 fnt
|faint|p1a: Pretty
|
|upkeep
|
|t:|1649642928
|switch|p1a: Mole Man|Excadrill, M|100/100
|turn|31
|
|t:|1649642931
|switch|p1a: Little Man|Heatran, M|100/100
|switch|p2a: Corviknight|Corviknight, F|86/100
|-ability|p2a: Corviknight|Pressure
|
|upkeep
|turn|32
|
|t:|1649642936
|switch|p2a: Landorus|Landorus-Therian, M|100/100
|-ability|p2a: Landorus|Intimidate|boost
|-unboost|p1a: Little Man|atk|1
|move|p1a: Little Man|Eruption|p2a: Landorus
|-damage|p2a: Landorus|44/100
|
|-heal|p2a: Landorus|50/100|[from] item: Leftovers
|upkeep
|turn|33
|
|t:|1649642938
|move|p1a: Little Man|Eruption|p2a: Landorus
|-damage|p2a: Landorus|0 fnt
|faint|p2a: Landorus
|
|upkeep
|
|t:|1649642939
|switch|p2a: Volcanion|Volcanion|91/100
|turn|34
|j| Coalbeanz
|
|t:|1649642945
|switch|p1a: Baby|Toxapex, F|99/100
|move|p2a: Volcanion|Steam Eruption|p1a: Baby
|-resisted|p1a: Baby
|-damage|p1a: Baby|78/100
|-status|p1a: Baby|brn
|
|-damage|p1a: Baby|72/100 brn|[from] brn
|upkeep
|turn|35
|j| Stimikyu Mardust
|
|t:|1649642947
|move|p2a: Volcanion|Earth Power|p1a: Baby
|-supereffective|p1a: Baby
|-damage|p1a: Baby|18/100 brn
|move|p1a: Baby|Knock Off|p2a: Volcanion
|-damage|p2a: Volcanion|85/100
|
|-damage|p1a: Baby|12/100 brn|[from] brn
|upkeep
|turn|36
|j| McClane117
|c| Coalbeanz|YEAHHH
|
|t:|1649642949
|move|p2a: Volcanion|Steam Eruption|p1a: Baby
|-resisted|p1a: Baby
|-damage|p1a: Baby|0 fnt
|faint|p1a: Baby
|
|upkeep
|l| McClane117
|c| Coalbeanz|GO BATMAN
|c| Coalbeanz|WOOOO
|
|t:|1649642955
|switch|p1a: Paloma|Tornadus-Therian, M|55/100 brn
|turn|37
|
|t:|1649642958
|switch|p2a: Ninetales|Ninetales-Alola, F|100/100
|-weather|Hail|[from] ability: Snow Warning|[of] p2a: Ninetales
|move|p1a: Paloma|Hurricane|p2a: Ninetales|[miss]
|-miss|p1a: Paloma|p2a: Ninetales
|
|-weather|Hail|[upkeep]
|-damage|p1a: Paloma|49/100 brn|[from] Hail
|-damage|p1a: Paloma|43/100 brn|[from] brn
|upkeep
|turn|38
|
|t:|1649642961
|switch|p1a: Boogers|Tyranitar, F|49/100
|-weather|Sandstorm|[from] ability: Sand Stream|[of] p1a: Boogers
|move|p2a: Ninetales|Freeze-Dry|p1a: Boogers
|-damage|p1a: Boogers|40/100
|
|-weather|Sandstorm|[upkeep]
|-damage|p2a: Ninetales|94/100|[from] Sandstorm
|-heal|p1a: Boogers|47/100|[from] item: Leftovers
|upkeep
|turn|39
|
|t:|1649642963
|switch|p2a: Corviknight|Corviknight, F|86/100
|-ability|p2a: Corviknight|Pressure
|move|p1a: Boogers|Stealth Rock|p2a: Corviknight
|-sidestart|p2: AmphibiansRiseUp|move: Stealth Rock
|
|-weather|Sandstorm|[upkeep]
|-heal|p1a: Boogers|53/100|[from] item: Leftovers
|upkeep
|turn|40
|
|t:|1649642966
|move|p1a: Boogers|Thunder Wave|p2a: Corviknight
|-status|p2a: Corviknight|par
|move|p2a: Corviknight|Defog|p1a: Boogers
|-unboost|p1a: Boogers|evasion|1
|-sideend|p2: AmphibiansRiseUp|Stealth Rock|[from] move: Defog|[of] p2a: Corviknight
|
|-weather|Sandstorm|[upkeep]
|-heal|p1a: Boogers|59/100|[from] item: Leftovers
|upkeep
|turn|41
|j| Nuukem
|
|t:|1649642971
|switch|p1a: Little Man|Heatran, M|100/100
|move|p2a: Corviknight|Body Press|p1a: Little Man
|-supereffective|p1a: Little Man
|-damage|p1a: Little Man|46/100
|
|-weather|Sandstorm|[upkeep]
|upkeep
|turn|42
|
|t:|1649642975
|switch|p2a: Ninetales|Ninetales-Alola, F|94/100
|-weather|Hail|[from] ability: Snow Warning|[of] p2a: Ninetales
|move|p1a: Little Man|Flamethrower|p2a: Ninetales
|-supereffective|p2a: Ninetales
|-damage|p2a: Ninetales|5/100
|
|-weather|Hail|[upkeep]
|-damage|p1a: Little Man|40/100|[from] Hail
|upkeep
|turn|43
|
|t:|1649642983
|move|p1a: Little Man|Flamethrower|p2a: Ninetales
|-supereffective|p2a: Ninetales
|-damage|p2a: Ninetales|0 fnt
|faint|p2a: Ninetales
|
|-weather|Hail|[upkeep]
|-damage|p1a: Little Man|34/100|[from] Hail
|upkeep
|
|t:|1649642985
|switch|p2a: Volcanion|Volcanion|85/100
|turn|44
|
|t:|1649642992
|switch|p1a: Boogers|Tyranitar, F|59/100
|-weather|Sandstorm|[from] ability: Sand Stream|[of] p1a: Boogers
|move|p2a: Volcanion|Steam Eruption|p1a: Boogers
|-supereffective|p1a: Boogers
|-damage|p1a: Boogers|7/100
|
|-weather|Sandstorm|[upkeep]
|-damage|p2a: Volcanion|79/100|[from] Sandstorm
|-heal|p1a: Boogers|13/100|[from] item: Leftovers
|upkeep
|turn|45
|
|t:|1649642995
|move|p2a: Volcanion|Steam Eruption|p1a: Boogers
|-supereffective|p1a: Boogers
|-damage|p1a: Boogers|0 fnt
|faint|p1a: Boogers
|
|-weather|Sandstorm|[upkeep]
|-damage|p2a: Volcanion|73/100|[from] Sandstorm
|upkeep
|
|t:|1649643002
|switch|p1a: Paloma|Tornadus-Therian, M|76/100 brn
|turn|46
|
|t:|1649643004
|move|p1a: Paloma|Hurricane|p2a: Volcanion
|-damage|p2a: Volcanion|0 fnt
|faint|p2a: Volcanion
|
|-weather|Sandstorm|[upkeep]
|-damage|p1a: Paloma|70/100 brn|[from] Sandstorm
|-damage|p1a: Paloma|64/100 brn|[from] brn
|upkeep
|c|☆AmphibiansRiseUp|Ggs
|-message|AmphibiansRiseUp forfeited.
|
|win|CoconutCrabs
|n|☆CoconutCrabs|coconutcrabs
|n|☆AmphibiansRiseUp|amphibiansriseup
|n| Sp0oNl0rD|sp0onl0rd
|n| Yarm|yarm
|n| pikablu007|pikablu007
|n| Prince Zenaku|princezenaku
|n| mangoes crazy|mangoescrazy
|n| amessofitall|amessofitall
|n| Echo2615|echo2615
|n| Forresterr|forresterr
|n| bobdonn235|bobdonn235
|n| Kabilapok ❄|kabilapok
|n| Xabeth|xabeth
|n| Frank Lopez|franklopez
|n| Coalbeanz|coalbeanz
|n| Stimikyu Mardust|stimikyumardust
|n| Nuukem|nuukem
|l|☆AmphibiansRiseUp
|l| pikablu007
|l| Echo2615
|l| Sp0oNl0rD
|l| mangoes crazy
|l| Nuukem
|c| Coalbeanz|ggs
|l| Yarm
