|j|☆knexhawk2
|j|☆quixana
|inactive|Battle timer is ON: inactive players will automatically lose when time's up.
|t:|1666829806
|gametype|singles
|player|p1|knexhawk2|red-masters|
|player|p2|quixana|aromalady|
|teamsize|p1|6
|teamsize|p2|6
|gen|8
|tier|[Gen 8] OU
|rated|Tournament battle
|rule|Sleep Clause Mod: Limit one foe put to sleep
|rule|Species Clause: Limit one of each Pokémon
|rule|OHKO Clause: OHKO moves are banned
|rule|Evasion Items Clause: Evasion items are banned
|rule|Evasion Moves Clause: Evasion moves are banned
|rule|Endless Battle Clause: Forcing endless battles is banned
|rule|HP Percentage Mod: HP is shown in percentages
|rule|Dynamax Clause: You cannot dynamax
|rule|Event Moves Clause: Event-only moves are banned
|clearpoke
|poke|p1|Xurkitree|
|poke|p1|Slowbro, M|
|poke|p1|Rillaboom, M|
|poke|p1|Melmetal|
|poke|p1|Tornadus-Therian, M|
|poke|p1|Landorus-Therian, M|
|poke|p2|Tapu Koko|
|poke|p2|Hippowdon, M|
|poke|p2|Clefable, M|
|poke|p2|Skarmory, M|
|poke|p2|Reuniclus, F|
|poke|p2|Toxapex, F|
|teampreview
|
|t:|1666829828
|start
|switch|p1a: christmas lights|Xurkitree, shiny|100/100
|switch|p2a: Tapu Koko|Tapu Koko|100/100
|-fieldstart|move: Electric Terrain|[from] ability: Electric Surge|[of] p2a: Tapu Koko
|turn|1
|
|t:|1666829837
|move|p2a: Tapu Koko|Volt Switch|p1a: christmas lights
|-resisted|p1a: christmas lights
|-crit|p1a: christmas lights
|-damage|p1a: christmas lights|58/100
|
|t:|1666829841
|switch|p2a: Hippowdon|Hippowdon, M|100/100|[from]move: Volt Switch
|-weather|Sandstorm|[from] ability: Sand Stream|[of] p2a: Hippowdon
|move|p1a: christmas lights|Energy Ball|p2a: Hippowdon
|-supereffective|p2a: Hippowdon
|-damage|p2a: Hippowdon|29/100
|
|-weather|Sandstorm|[upkeep]
|-damage|p1a: christmas lights|52/100|[from] Sandstorm
|-heal|p2a: Hippowdon|36/100|[from] item: Leftovers
|upkeep
|turn|2
|
|t:|1666829848
|switch|p2a: Reuniclus|Reuniclus, F|100/100
|move|p1a: christmas lights|Thunderbolt|p2a: Reuniclus
|-damage|p2a: Reuniclus|40/100
|
|-weather|Sandstorm|[upkeep]
|-damage|p1a: christmas lights|46/100|[from] Sandstorm
|-heal|p2a: Reuniclus|46/100|[from] item: Leftovers
|upkeep
|turn|3
|
|t:|1666829857
|switch|p2a: Tapu Koko|Tapu Koko|100/100
|move|p1a: christmas lights|Thunderbolt|p2a: Tapu Koko
|-resisted|p2a: Tapu Koko
|-damage|p2a: Tapu Koko|36/100
|
|-weather|Sandstorm|[upkeep]
|-damage|p2a: Tapu Koko|30/100|[from] Sandstorm
|-damage|p1a: christmas lights|40/100|[from] Sandstorm
|upkeep
|turn|4
|
|t:|1666829864
|switch|p1a: Landorus|Landorus-Therian, M|100/100
|-ability|p1a: Landorus|Intimidate|boost
|-unboost|p2a: Tapu Koko|atk|1
|move|p2a: Tapu Koko|Thunderbolt|p1a: Landorus
|-immune|p1a: Landorus
|
|-weather|Sandstorm|[upkeep]
|-damage|p2a: Tapu Koko|24/100|[from] Sandstorm
|upkeep
|turn|5
|
|t:|1666829868
|switch|p2a: Skarmory|Skarmory, M|100/100
|move|p1a: Landorus|U-turn|p2a: Skarmory
|-resisted|p2a: Skarmory
|-damage|p2a: Skarmory|98/100
|-damage|p1a: Landorus|84/100|[from] item: Rocky Helmet|[of] p2a: Skarmory
|
|t:|1666829869
|switch|p1a: christmas lights|Xurkitree, shiny|40/100|[from]move: U-turn
|
|-weather|none
|-fieldend|move: Electric Terrain
|upkeep
|turn|6
|
|t:|1666829878
|switch|p2a: Hippowdon|Hippowdon, M|36/100
|-weather|Sandstorm|[from] ability: Sand Stream|[of] p2a: Hippowdon
|move|p1a: christmas lights|Thunderbolt|p2a: Hippowdon
|-immune|p2a: Hippowdon
|
|-weather|Sandstorm|[upkeep]
|-damage|p1a: christmas lights|34/100|[from] Sandstorm
|-heal|p2a: Hippowdon|42/100|[from] item: Leftovers
|upkeep
|turn|7
|
|t:|1666829897
|switch|p2a: Toxapex|Toxapex, F|100/100
|move|p1a: christmas lights|Volt Switch|p2a: Toxapex
|-supereffective|p2a: Toxapex
|-damage|p2a: Toxapex|29/100
|
|t:|1666829901
|switch|p1a: Rillaboom|Rillaboom, M|100/100|[from]move: Volt Switch
|-fieldstart|move: Grassy Terrain|[from] ability: Grassy Surge|[of] p1a: Rillaboom
|
|-weather|Sandstorm|[upkeep]
|-damage|p1a: Rillaboom|94/100|[from] Sandstorm
|-damage|p2a: Toxapex|23/100|[from] Sandstorm
|-heal|p1a: Rillaboom|100/100|[from] Grassy Terrain
|-heal|p2a: Toxapex|29/100|[from] Grassy Terrain
|-heal|p2a: Toxapex|34/100|[from] item: Black Sludge
|upkeep
|turn|8
|
|t:|1666829904
|switch|p2a: Skarmory|Skarmory, M|98/100
|move|p1a: Rillaboom|U-turn|p2a: Skarmory
|-resisted|p2a: Skarmory
|-damage|p2a: Skarmory|92/100
|-damage|p1a: Rillaboom|84/100|[from] item: Rocky Helmet|[of] p2a: Skarmory
|
|t:|1666829905
|switch|p1a: christmas lights|Xurkitree, shiny|34/100|[from]move: U-turn
|
|-weather|Sandstorm|[upkeep]
|-damage|p1a: christmas lights|28/100|[from] Sandstorm
|-heal|p1a: christmas lights|34/100|[from] Grassy Terrain
|upkeep
|turn|9
|c|☆quixana|why does this 6 0 my team
|c|☆knexhawk2|it 6-0s a lot of times
|inactive|quixana has 120 seconds left.
|
|t:|1666829935
|switch|p2a: Clefable|Clefable, M|100/100
|move|p1a: christmas lights|Thunderbolt|p2a: Clefable
|-damage|p2a: Clefable|30/100
|
|-weather|Sandstorm|[upkeep]
|-damage|p1a: christmas lights|28/100|[from] Sandstorm
|-heal|p1a: christmas lights|34/100|[from] Grassy Terrain
|-heal|p2a: Clefable|36/100|[from] Grassy Terrain
|upkeep
|turn|10
|c|☆knexhawk2|xurk is lowkey a fucking monster
|inactive|quixana has 120 seconds left.
|
|t:|1666829946
|move|p1a: christmas lights|Energy Ball|p2a: Clefable
|-crit|p2a: Clefable
|-damage|p2a: Clefable|0 fnt
|faint|p2a: Clefable
|-ability|p1a: christmas lights|Beast Boost|boost
|-boost|p1a: christmas lights|spa|1
|
|-weather|none
|-heal|p1a: christmas lights|40/100|[from] Grassy Terrain
|upkeep
|
|t:|1666829948
|switch|p2a: Tapu Koko|Tapu Koko|24/100
|-fieldstart|move: Electric Terrain|[from] ability: Electric Surge|[of] p2a: Tapu Koko
|turn|11
|
|t:|1666829951
|switch|p1a: Landorus|Landorus-Therian, M|84/100
|-ability|p1a: Landorus|Intimidate|boost
|-unboost|p2a: Tapu Koko|atk|1
|move|p2a: Tapu Koko|Toxic|p1a: Landorus
|-status|p1a: Landorus|tox
|
|-heal|p1a: Landorus|90/100 tox|[from] item: Leftovers
|-damage|p1a: Landorus|84/100 tox|[from] psn
|upkeep
|turn|12
|
|t:|1666829959
|switch|p2a: Skarmory|Skarmory, M|92/100
|move|p1a: Landorus|U-turn|p2a: Skarmory
|-resisted|p2a: Skarmory
|-damage|p2a: Skarmory|89/100
|-damage|p1a: Landorus|68/100 tox|[from] item: Rocky Helmet|[of] p2a: Skarmory
|
|t:|1666829961
|switch|p1a: christmas lights|Xurkitree, shiny|40/100|[from]move: U-turn
|
|upkeep
|turn|13
|
|t:|1666829965
|switch|p2a: Hippowdon|Hippowdon, M|42/100
|-weather|Sandstorm|[from] ability: Sand Stream|[of] p2a: Hippowdon
|move|p1a: christmas lights|Thunderbolt|p2a: Hippowdon
|-immune|p2a: Hippowdon
|
|-weather|Sandstorm|[upkeep]
|-damage|p1a: christmas lights|34/100|[from] Sandstorm
|-heal|p2a: Hippowdon|48/100|[from] item: Leftovers
|upkeep
|turn|14
|c|☆knexhawk2|i mean i got to 2000 with this team so
|j| Satiri1
|c|☆quixana|empo
|j| OUTD Eclipse
|c|☆quixana|made a shit team
|c|☆knexhawk2|it kinda just instaloses to a well played blissey tho
|c|☆knexhawk2|lmao
|inactive|quixana has 120 seconds left.
|c|☆quixana|Xd
|c|☆quixana|yeah
|c|☆quixana|blissey
|c|☆knexhawk2|skarm bliss fucks me hard
|j| yeshahr
|c|☆quixana|fr
|c|☆knexhawk2|since i have rilla to threaten most spdef walls
|j| cypherstest
|c|☆quixana|can you make room for zone?
|inactive|quixana has 90 seconds left.
|c|☆knexhawk2|and to boost energy ball and remove sand chip
|c|☆knexhawk2|not rlly
|
|t:|1666830037
|switch|p1a: Rillaboom|Rillaboom, M|84/100
|-fieldstart|move: Grassy Terrain|[from] ability: Grassy Surge|[of] p1a: Rillaboom
|switch|p2a: Toxapex|Toxapex, F|68/100
|
|-weather|Sandstorm|[upkeep]
|-damage|p1a: Rillaboom|78/100|[from] Sandstorm
|-damage|p2a: Toxapex|62/100|[from] Sandstorm
|-heal|p1a: Rillaboom|84/100|[from] Grassy Terrain
|-heal|p2a: Toxapex|68/100|[from] Grassy Terrain
|-heal|p2a: Toxapex|74/100|[from] item: Black Sludge
|upkeep
|turn|15
|c|☆knexhawk2|this team is so stuffed already
|
|t:|1666830046
|move|p1a: Rillaboom|Wood Hammer|p2a: Toxapex
|-crit|p2a: Toxapex
|-damage|p2a: Toxapex|0 fnt
|faint|p2a: Toxapex
|-damage|p1a: Rillaboom|62/100|[from] Recoil
|
|-weather|Sandstorm|[upkeep]
|-damage|p1a: Rillaboom|56/100|[from] Sandstorm
|-heal|p1a: Rillaboom|62/100|[from] Grassy Terrain
|upkeep
|c|☆quixana|NOOOOOOOO
|
|t:|1666830058
|switch|p2a: Skarmory|Skarmory, M|89/100
|turn|16
|c|☆knexhawk2|lol
|
|t:|1666830062
|switch|p1a: Tornadus|Tornadus-Therian, M|100/100
|move|p2a: Skarmory|Whirlwind|p1a: Tornadus
|drag|p1a: Slowbro|Slowbro, M|100/100
|
|-weather|Sandstorm|[upkeep]
|-damage|p1a: Slowbro|94/100|[from] Sandstorm
|-heal|p1a: Slowbro|100/100|[from] Grassy Terrain
|upkeep
|turn|17
|
|t:|1666830067
|move|p2a: Skarmory|Spikes|p1a: Slowbro
|-sidestart|p1: knexhawk2|Spikes
|move|p1a: Slowbro|Flamethrower|p2a: Skarmory
|-supereffective|p2a: Skarmory
|-crit|p2a: Skarmory
|-damage|p2a: Skarmory|12/100
|
|-weather|none
|upkeep
|turn|18
|
|t:|1666830074
|switch|p2a: Reuniclus|Reuniclus, F|46/100
|move|p1a: Slowbro|Teleport|p1a: Slowbro
|
|t:|1666830078
|switch|p1a: christmas lights|Xurkitree, shiny|34/100|[from]move: Teleport
|-damage|p1a: christmas lights|21/100|[from] Spikes
|
|-heal|p1a: christmas lights|28/100|[from] Grassy Terrain
|-heal|p2a: Reuniclus|53/100|[from] Grassy Terrain
|-heal|p2a: Reuniclus|59/100|[from] item: Leftovers
|-fieldend|move: Grassy Terrain
|upkeep
|turn|19
|
|t:|1666830085
|move|p1a: christmas lights|Volt Switch|p2a: Reuniclus
|-damage|p2a: Reuniclus|21/100
|
|t:|1666830086
|switch|p1a: Landorus|Landorus-Therian, M|68/100 tox|[from]move: Volt Switch
|-ability|p1a: Landorus|Intimidate|boost
|-unboost|p2a: Reuniclus|atk|1
|move|p2a: Reuniclus|Recover|p2a: Reuniclus
|-heal|p2a: Reuniclus|71/100
|
|-heal|p1a: Landorus|74/100 tox|[from] item: Leftovers
|-heal|p2a: Reuniclus|77/100|[from] item: Leftovers
|-damage|p1a: Landorus|68/100 tox|[from] psn
|upkeep
|turn|20
|
|t:|1666830094
|switch|p2a: Hippowdon|Hippowdon, M|48/100
|-weather|Sandstorm|[from] ability: Sand Stream|[of] p2a: Hippowdon
|move|p1a: Landorus|Defog|p2a: Hippowdon
|-unboost|p2a: Hippowdon|evasion|1
|-sideend|p1: knexhawk2|Spikes|[from] move: Defog|[of] p1a: Landorus
|
|-weather|Sandstorm|[upkeep]
|-heal|p1a: Landorus|74/100 tox|[from] item: Leftovers
|-heal|p2a: Hippowdon|54/100|[from] item: Leftovers
|-damage|p1a: Landorus|61/100 tox|[from] psn
|upkeep
|turn|21
|c|☆knexhawk2|i also dont have rocks
|c|☆knexhawk2|which blows
|
|t:|1666830102
|move|p1a: Landorus|Toxic|p2a: Hippowdon
|-status|p2a: Hippowdon|tox
|move|p2a: Hippowdon|Slack Off|p2a: Hippowdon
|-heal|p2a: Hippowdon|100/100 tox
|
|-weather|Sandstorm|[upkeep]
|-heal|p1a: Landorus|68/100 tox|[from] item: Leftovers
|-damage|p1a: Landorus|49/100 tox|[from] psn
|-damage|p2a: Hippowdon|94/100 tox|[from] psn
|upkeep
|turn|22
|
|t:|1666830106
|switch|p1a: Tornadus|Tornadus-Therian, M|100/100
|move|p2a: Hippowdon|Stealth Rock|p1a: Tornadus
|-sidestart|p1: knexhawk2|move: Stealth Rock
|
|-weather|Sandstorm|[upkeep]
|-damage|p1a: Tornadus|94/100|[from] Sandstorm
|-heal|p2a: Hippowdon|100/100 tox|[from] item: Leftovers
|-damage|p2a: Hippowdon|88/100 tox|[from] psn
|upkeep
|turn|23
|
|t:|1666830109
|move|p1a: Tornadus|Knock Off|p2a: Hippowdon
|-damage|p2a: Hippowdon|72/100 tox
|-enditem|p2a: Hippowdon|Leftovers|[from] move: Knock Off|[of] p1a: Tornadus
|move|p2a: Hippowdon|Toxic|p1a: Tornadus
|-status|p1a: Tornadus|tox
|
|-weather|Sandstorm|[upkeep]
|-damage|p1a: Tornadus|88/100 tox|[from] Sandstorm
|-damage|p1a: Tornadus|82/100 tox|[from] psn
|-damage|p2a: Hippowdon|54/100 tox|[from] psn
|upkeep
|turn|24
|c|☆knexhawk2|volcarona can fuck me up hard too
|
|t:|1666830120
|switch|p2a: Tapu Koko|Tapu Koko|24/100
|-fieldstart|move: Electric Terrain|[from] ability: Electric Surge|[of] p2a: Tapu Koko
|move|p1a: Tornadus|Icy Wind|p2a: Tapu Koko
|-damage|p2a: Tapu Koko|3/100
|-unboost|p2a: Tapu Koko|spe|1
|
|-weather|none
|-damage|p1a: Tornadus|70/100 tox|[from] psn
|upkeep
|turn|25
|
|t:|1666830125
|switch|p2a: Reuniclus|Reuniclus, F|77/100
|move|p1a: Tornadus|Knock Off|p2a: Reuniclus
|-supereffective|p2a: Reuniclus
|-crit|p2a: Reuniclus
|-damage|p2a: Reuniclus|13/100
|-enditem|p2a: Reuniclus|Leftovers|[from] move: Knock Off|[of] p1a: Tornadus
|
|-damage|p1a: Tornadus|52/100 tox|[from] psn
|upkeep
|turn|26
|c|☆quixana|YEAH
|c|☆quixana|i cant
|l| yeshahr
|
|t:|1666830142
|move|p1a: Tornadus|U-turn|p2a: Reuniclus
|-supereffective|p2a: Reuniclus
|-damage|p2a: Reuniclus|0 fnt
|faint|p2a: Reuniclus
|c|☆knexhawk2|yeah ur team has no real answer
|c|☆knexhawk2|reuni is close but a lil too frail
|
|t:|1666830154
|switch|p1a: Landorus|Landorus-Therian, M|49/100 tox|[from]move: U-turn
|-damage|p1a: Landorus|37/100 tox|[from] Stealth Rock
|
|-heal|p1a: Landorus|43/100 tox|[from] item: Leftovers
|-damage|p1a: Landorus|37/100 tox|[from] psn
|upkeep
|c|☆quixana|just frail enough
|
|t:|1666830160
|switch|p2a: Skarmory|Skarmory, M|12/100
|turn|27
|c|☆knexhawk2|whats the reuni spread
|
|t:|1666830168
|move|p1a: Landorus|Defog|p2a: Skarmory
|-unboost|p2a: Skarmory|evasion|1
|-sideend|p1: knexhawk2|Stealth Rock|[from] move: Defog|[of] p1a: Landorus
|-fieldend|move: Electric Terrain
|move|p2a: Skarmory|Roost|p2a: Skarmory
|-heal|p2a: Skarmory|62/100
|-singleturn|p2a: Skarmory|move: Roost
|
|-heal|p1a: Landorus|43/100 tox|[from] item: Leftovers
|-damage|p1a: Landorus|31/100 tox|[from] psn
|upkeep
|turn|28
|
|t:|1666830180
|switch|p1a: christmas lights|Xurkitree, shiny|28/100
|move|p2a: Skarmory|Body Press|p1a: christmas lights
|-damage|p1a: christmas lights|0 fnt
|faint|p1a: christmas lights
|
|upkeep
|c|☆knexhawk2|oh i lost
|c|☆knexhawk2|lol
|
|t:|1666830192
|switch|p1a: Slowbro|Slowbro, M|100/100
|turn|29
|c|☆quixana|max def
|c|☆quixana|idk g
|c|☆quixana|i have to outplay
|c|☆knexhawk2|ah yeah a little spdef
|c|☆knexhawk2|ur skarm kinda fucks me
|c|☆quixana|max spdef i mean
|c|☆knexhawk2|if koko could switch in
|c|☆quixana|i won
|c|☆knexhawk2|id lose
|c|☆quixana|if koko could switch in
|inactive|quixana has 120 seconds left.
|c|☆knexhawk2|yeah i just spam scald now since i know ur ww not toxic
|
|t:|1666830238
|switch|p2a: Hippowdon|Hippowdon, M|54/100 tox
|-weather|Sandstorm|[from] ability: Sand Stream|[of] p2a: Hippowdon
|move|p1a: Slowbro|Scald|p2a: Hippowdon
|-supereffective|p2a: Hippowdon
|-crit|p2a: Hippowdon
|-damage|p2a: Hippowdon|0 fnt
|faint|p2a: Hippowdon
|
|-weather|Sandstorm|[upkeep]
|-damage|p1a: Slowbro|94/100|[from] Sandstorm
|upkeep
|
|t:|1666830241
|switch|p2a: Tapu Koko|Tapu Koko|3/100
|-fieldstart|move: Electric Terrain|[from] ability: Electric Surge|[of] p2a: Tapu Koko
|turn|30
|
|t:|1666830249
|switch|p1a: Melmetal|Melmetal|100/100
|move|p2a: Tapu Koko|Roost|p2a: Tapu Koko
|-heal|p2a: Tapu Koko|53/100
|-singleturn|p2a: Tapu Koko|move: Roost
|
|-weather|Sandstorm|[upkeep]
|-damage|p2a: Tapu Koko|47/100|[from] Sandstorm
|upkeep
|turn|31
|inactive|quixana has 120 seconds left.
|
|t:|1666830257
|move|p2a: Tapu Koko|Volt Switch|p1a: Melmetal
|-damage|p1a: Melmetal|74/100
|
|t:|1666830259
|switch|p2a: Skarmory|Skarmory, M|62/100|[from]move: Volt Switch
|move|p1a: Melmetal|Toxic|p2a: Skarmory
|-immune|p2a: Skarmory
|
|-weather|Sandstorm|[upkeep]
|-heal|p1a: Melmetal|80/100|[from] item: Leftovers
|upkeep
|turn|32
|j|%htcl
|
|t:|1666830270
|switch|p1a: Slowbro|Slowbro, M|100/100
|move|p2a: Skarmory|Roost|p2a: Skarmory
|-heal|p2a: Skarmory|100/100
|-singleturn|p2a: Skarmory|move: Roost
|
|-weather|Sandstorm|[upkeep]
|-damage|p1a: Slowbro|94/100|[from] Sandstorm
|upkeep
|turn|33
|
|t:|1666830273
|switch|p2a: Tapu Koko|Tapu Koko|47/100
|move|p1a: Slowbro|Scald|p2a: Tapu Koko
|-damage|p2a: Tapu Koko|4/100
|
|-weather|none
|upkeep
|turn|34
|c|☆knexhawk2|oo
|c|☆quixana|omg
|
|t:|1666830281
|switch|p1a: Tornadus|Tornadus-Therian, M|85/100 tox
|move|p2a: Tapu Koko|Roost|p2a: Tapu Koko
|-heal|p2a: Tapu Koko|54/100
|-singleturn|p2a: Tapu Koko|move: Roost
|
|-damage|p1a: Tornadus|79/100 tox|[from] psn
|-fieldend|move: Electric Terrain
|upkeep
|turn|35
|c|☆knexhawk2|just realized ur only electric movea
|c|☆quixana|ye
|c|☆quixana|he never revealed 4th move
|c|☆knexhawk2|the instalose to excadrill and nidoking set
|c|%htcl|regieleki cosplay
|inactive|knexhawk2 has 120 seconds left.
|
|t:|1666830319
|move|p2a: Tapu Koko|Roost|p2a: Tapu Koko
|-heal|p2a: Tapu Koko|100/100
|-singleturn|p2a: Tapu Koko|move: Roost
|move|p1a: Tornadus|Knock Off|p2a: Tapu Koko
|-resisted|p2a: Tapu Koko
|-crit|p2a: Tapu Koko
|-damage|p2a: Tapu Koko|77/100
|-enditem|p2a: Tapu Koko|Heavy-Duty Boots|[from] move: Knock Off|[of] p1a: Tornadus
|
|-damage|p1a: Tornadus|67/100 tox|[from] psn
|upkeep
|turn|36
|c|☆quixana|regieleki with toxic
|c|☆knexhawk2|nice boots
|
|t:|1666830333
|move|p2a: Tapu Koko|Thunderbolt|p1a: Tornadus
|-supereffective|p1a: Tornadus
|-damage|p1a: Tornadus|18/100 tox
|move|p1a: Tornadus|U-turn|p2a: Tapu Koko
|-resisted|p2a: Tapu Koko
|-damage|p2a: Tapu Koko|66/100
|
|t:|1666830336
|switch|p1a: Rillaboom|Rillaboom, M|62/100|[from]move: U-turn
|-fieldstart|move: Grassy Terrain|[from] ability: Grassy Surge|[of] p1a: Rillaboom
|
|-heal|p2a: Tapu Koko|72/100|[from] Grassy Terrain
|-heal|p1a: Rillaboom|69/100|[from] Grassy Terrain
|upkeep
|turn|37
|
|t:|1666830341
|switch|p2a: Skarmory|Skarmory, M|100/100
|switch|p1a: Tornadus|Tornadus-Therian, M|51/100 tox
|
|-damage|p1a: Tornadus|45/100 tox|[from] psn
|upkeep
|turn|38
|
|t:|1666830346
|switch|p2a: Tapu Koko|Tapu Koko|72/100
|-fieldstart|move: Electric Terrain|[from] ability: Electric Surge|[of] p2a: Tapu Koko
|move|p1a: Tornadus|Knock Off|p2a: Tapu Koko
|-resisted|p2a: Tapu Koko
|-crit|p2a: Tapu Koko
|-damage|p2a: Tapu Koko|55/100
|
|-damage|p1a: Tornadus|33/100 tox|[from] psn
|upkeep
|turn|39
|
|t:|1666830352
|switch|p1a: Landorus|Landorus-Therian, M|31/100 tox
|-ability|p1a: Landorus|Intimidate|boost
|-unboost|p2a: Tapu Koko|atk|1
|move|p2a: Tapu Koko|Roost|p2a: Tapu Koko
|-heal|p2a: Tapu Koko|100/100
|-singleturn|p2a: Tapu Koko|move: Roost
|
|-heal|p1a: Landorus|37/100 tox|[from] item: Leftovers
|-damage|p1a: Landorus|31/100 tox|[from] psn
|upkeep
|turn|40
|c|☆knexhawk2|i mean
|c|%htcl|wheres ur sludge wave
|c|%htcl|or sludge bobm
|c|☆knexhawk2|i dont habe it
|c|%htcl|damn...
|
|t:|1666830363
|switch|p2a: Skarmory|Skarmory, M|100/100
|switch|p1a: Slowbro|Slowbro, M|100/100
|
|upkeep
|turn|41
|c|☆knexhawk2|i have icy wind
|
|t:|1666830371
|switch|p2a: Tapu Koko|Tapu Koko|100/100
|move|p1a: Slowbro|Scald|p2a: Tapu Koko
|-damage|p2a: Tapu Koko|55/100
|
|upkeep
|turn|42
|
|t:|1666830380
|switch|p1a: Landorus|Landorus-Therian, M|31/100 tox
|-ability|p1a: Landorus|Intimidate|boost
|-unboost|p2a: Tapu Koko|atk|1
|move|p2a: Tapu Koko|Roost|p2a: Tapu Koko
|-heal|p2a: Tapu Koko|100/100
|-singleturn|p2a: Tapu Koko|move: Roost
|
|-heal|p1a: Landorus|37/100 tox|[from] item: Leftovers
|-damage|p1a: Landorus|31/100 tox|[from] psn
|-fieldend|move: Electric Terrain
|upkeep
|turn|43
|
|t:|1666830390
|switch|p2a: Skarmory|Skarmory, M|100/100
|switch|p1a: Slowbro|Slowbro, M|100/100
|
|upkeep
|turn|44
|
|t:|1666830394
|switch|p2a: Tapu Koko|Tapu Koko|100/100
|-fieldstart|move: Electric Terrain|[from] ability: Electric Surge|[of] p2a: Tapu Koko
|move|p1a: Slowbro|Scald|p2a: Tapu Koko
|-damage|p2a: Tapu Koko|61/100
|
|upkeep
|turn|45
|j| ronnie.dgaf
|c|☆knexhawk2|burn plz
|
|t:|1666830399
|switch|p1a: Landorus|Landorus-Therian, M|31/100 tox
|-ability|p1a: Landorus|Intimidate|boost
|-unboost|p2a: Tapu Koko|atk|1
|move|p2a: Tapu Koko|Roost|p2a: Tapu Koko
|-heal|p2a: Tapu Koko|100/100
|-singleturn|p2a: Tapu Koko|move: Roost
|
|-heal|p1a: Landorus|37/100 tox|[from] item: Leftovers
|-damage|p1a: Landorus|31/100 tox|[from] psn
|upkeep
|turn|46
|
|t:|1666830404
|switch|p1a: Tornadus|Tornadus-Therian, M|66/100 tox
|move|p2a: Tapu Koko|Volt Switch|p1a: Tornadus
|-supereffective|p1a: Tornadus
|-damage|p1a: Tornadus|16/100 tox
|
|t:|1666830406
|switch|p2a: Skarmory|Skarmory, M|100/100|[from]move: Volt Switch
|
|-damage|p1a: Tornadus|10/100 tox|[from] psn
|upkeep
|turn|47
|
|t:|1666830414
|switch|p1a: Slowbro|Slowbro, M|100/100
|switch|p2a: Tapu Koko|Tapu Koko|100/100
|
|upkeep
|turn|48
|c| ronnie.dgaf|so my guy is jus not playin
|
|t:|1666830423
|switch|p1a: Melmetal|Melmetal|80/100
|move|p2a: Tapu Koko|Volt Switch|p1a: Melmetal
|-damage|p1a: Melmetal|50/100
|
|t:|1666830425
|switch|p2a: Skarmory|Skarmory, M|100/100|[from]move: Volt Switch
|
|-heal|p1a: Melmetal|57/100|[from] item: Leftovers
|-fieldend|move: Electric Terrain
|upkeep
|turn|49
|
|t:|1666830430
|switch|p1a: Slowbro|Slowbro, M|100/100
|move|p2a: Skarmory|Spikes|p1a: Slowbro
|-sidestart|p1: knexhawk2|Spikes
|
|upkeep
|turn|50
|
|t:|1666830435
|switch|p2a: Tapu Koko|Tapu Koko|100/100
|-fieldstart|move: Electric Terrain|[from] ability: Electric Surge|[of] p2a: Tapu Koko
|move|p1a: Slowbro|Scald|p2a: Tapu Koko
|-damage|p2a: Tapu Koko|58/100
|
|upkeep
|turn|51
|c|☆knexhawk2|i need you scald burn
|
|t:|1666830443
|switch|p1a: Landorus|Landorus-Therian, M|31/100 tox
|-ability|p1a: Landorus|Intimidate|boost
|-unboost|p2a: Tapu Koko|atk|1
|move|p2a: Tapu Koko|Roost|p2a: Tapu Koko
|-heal|p2a: Tapu Koko|100/100
|-singleturn|p2a: Tapu Koko|move: Roost
|
|-heal|p1a: Landorus|37/100 tox|[from] item: Leftovers
|-damage|p1a: Landorus|31/100 tox|[from] psn
|upkeep
|turn|52
|l| ronnie.dgaf
|
|t:|1666830445
|switch|p2a: Skarmory|Skarmory, M|100/100
|move|p1a: Landorus|Defog|p2a: Skarmory
|-unboost|p2a: Skarmory|evasion|1
|-sideend|p1: knexhawk2|Spikes|[from] move: Defog|[of] p1a: Landorus
|-fieldend|move: Electric Terrain
|
|-heal|p1a: Landorus|37/100 tox|[from] item: Leftovers
|-damage|p1a: Landorus|25/100 tox|[from] psn
|upkeep
|turn|53
|
|t:|1666830451
|switch|p1a: Slowbro|Slowbro, M|100/100
|switch|p2a: Tapu Koko|Tapu Koko|100/100
|-fieldstart|move: Electric Terrain|[from] ability: Electric Surge|[of] p2a: Tapu Koko
|
|upkeep
|turn|54
|
|t:|1666830458
|switch|p2a: Skarmory|Skarmory, M|100/100
|switch|p1a: Landorus|Landorus-Therian, M|25/100 tox
|-ability|p1a: Landorus|Intimidate|boost
|-unboost|p2a: Skarmory|atk|1
|
|-heal|p1a: Landorus|31/100 tox|[from] item: Leftovers
|-damage|p1a: Landorus|25/100 tox|[from] psn
|upkeep
|turn|55
|
|t:|1666830463
|switch|p1a: Slowbro|Slowbro, M|100/100
|move|p2a: Skarmory|Spikes|p1a: Slowbro
|-sidestart|p1: knexhawk2|Spikes
|
|upkeep
|turn|56
|l| OUTD Eclipse
|
|t:|1666830465
|switch|p2a: Tapu Koko|Tapu Koko|100/100
|move|p1a: Slowbro|Scald|p2a: Tapu Koko
|-damage|p2a: Tapu Koko|56/100
|-status|p2a: Tapu Koko|brn
|
|-damage|p2a: Tapu Koko|50/100 brn|[from] brn
|upkeep
|turn|57
|c|☆knexhawk2|yay
|
|t:|1666830471
|switch|p1a: Landorus|Landorus-Therian, M|25/100 tox
|-ability|p1a: Landorus|Intimidate|boost
|-unboost|p2a: Tapu Koko|atk|1
|move|p2a: Tapu Koko|Roost|p2a: Tapu Koko
|-heal|p2a: Tapu Koko|99/100 brn
|-singleturn|p2a: Tapu Koko|move: Roost
|
|-heal|p1a: Landorus|31/100 tox|[from] item: Leftovers
|-damage|p1a: Landorus|25/100 tox|[from] psn
|-damage|p2a: Tapu Koko|94/100 brn|[from] brn
|-fieldend|move: Electric Terrain
|upkeep
|turn|58
|
|t:|1666830474
|switch|p2a: Skarmory|Skarmory, M|100/100
|switch|p1a: Slowbro|Slowbro, M|100/100
|-damage|p1a: Slowbro|88/100|[from] Spikes
|
|upkeep
|turn|59
|
|t:|1666830479
|switch|p2a: Tapu Koko|Tapu Koko|94/100 brn
|-fieldstart|move: Electric Terrain|[from] ability: Electric Surge|[of] p2a: Tapu Koko
|move|p1a: Slowbro|Teleport|p1a: Slowbro
|
|t:|1666830482
|switch|p1a: Landorus|Landorus-Therian, M|25/100 tox|[from]move: Teleport
|-ability|p1a: Landorus|Intimidate|boost
|-unboost|p2a: Tapu Koko|atk|1
|
|-heal|p1a: Landorus|31/100 tox|[from] item: Leftovers
|-damage|p1a: Landorus|25/100 tox|[from] psn
|-damage|p2a: Tapu Koko|88/100 brn|[from] brn
|upkeep
|turn|60
|
|t:|1666830485
|switch|p2a: Skarmory|Skarmory, M|100/100
|switch|p1a: Slowbro|Slowbro, M|100/100
|-damage|p1a: Slowbro|88/100|[from] Spikes
|
|upkeep
|turn|61
|
|t:|1666830492
|switch|p2a: Tapu Koko|Tapu Koko|88/100 brn
|move|p1a: Slowbro|Scald|p2a: Tapu Koko
|-damage|p2a: Tapu Koko|46/100 brn
|
|-damage|p2a: Tapu Koko|40/100 brn|[from] brn
|upkeep
|turn|62
|
|t:|1666830497
|move|p2a: Tapu Koko|Roost|p2a: Tapu Koko
|-heal|p2a: Tapu Koko|90/100 brn
|-singleturn|p2a: Tapu Koko|move: Roost
|move|p1a: Slowbro|Scald|p2a: Tapu Koko
|-damage|p2a: Tapu Koko|49/100 brn
|
|-damage|p2a: Tapu Koko|43/100 brn|[from] brn
|upkeep
|turn|63
|
|t:|1666830501
|move|p2a: Tapu Koko|Roost|p2a: Tapu Koko
|-heal|p2a: Tapu Koko|93/100 brn
|-singleturn|p2a: Tapu Koko|move: Roost
|move|p1a: Slowbro|Scald|p2a: Tapu Koko
|-damage|p2a: Tapu Koko|48/100 brn
|
|-damage|p2a: Tapu Koko|42/100 brn|[from] brn
|-fieldend|move: Electric Terrain
|upkeep
|turn|64
|
|t:|1666830504
|move|p2a: Tapu Koko|Roost|p2a: Tapu Koko
|-heal|p2a: Tapu Koko|92/100 brn
|-singleturn|p2a: Tapu Koko|move: Roost
|move|p1a: Slowbro|Scald|p2a: Tapu Koko
|-crit|p2a: Tapu Koko
|-damage|p2a: Tapu Koko|33/100 brn
|
|-damage|p2a: Tapu Koko|27/100 brn|[from] brn
|upkeep
|turn|65
|c|☆knexhawk2|i think i eat
|
|t:|1666830510
|move|p2a: Tapu Koko|Thunderbolt|p1a: Slowbro
|-supereffective|p1a: Slowbro
|-damage|p1a: Slowbro|11/100
|-status|p1a: Slowbro|par
|move|p1a: Slowbro|Scald|p2a: Tapu Koko
|-damage|p2a: Tapu Koko|0 fnt
|faint|p2a: Tapu Koko
|
|upkeep
|c|☆knexhawk2|out of terrain
|c|☆quixana|fuck
|c|☆knexhawk2|god slowbor
|c|☆knexhawk2|that was a super close  ending
|c|☆quixana|fr
|c|☆quixana|wp
|c|☆knexhawk2|skarm absolutley walls me
|
|t:|1666830530
|switch|p2a: Skarmory|Skarmory, M|100/100
|turn|66
|c|☆knexhawk2|with no curk
|c|☆knexhawk2|xurk
|c|☆knexhawk2|thanks
|
|t:|1666830538
|switch|p1a: Tornadus|Tornadus-Therian, M|43/100 tox
|move|p2a: Skarmory|Body Press|p1a: Tornadus
|-resisted|p1a: Tornadus
|-crit|p1a: Tornadus
|-damage|p1a: Tornadus|14/100 tox
|
|-damage|p1a: Tornadus|8/100 tox|[from] psn
|upkeep
|turn|67
|
|t:|1666830545
|move|p1a: Tornadus|Icy Wind|p2a: Skarmory
|-damage|p2a: Skarmory|80/100
|-unboost|p2a: Skarmory|spe|1
|move|p2a: Skarmory|Body Press|p1a: Tornadus
|-resisted|p1a: Tornadus
|-damage|p1a: Tornadus|0 fnt
|faint|p1a: Tornadus
|
|upkeep
|
|t:|1666830546
|switch|p1a: Slowbro|Slowbro, M|45/100 par
|-damage|p1a: Slowbro|32/100 par|[from] Spikes
|turn|68
|inactive|quixana has 120 seconds left.
|inactive|quixana has 90 seconds left.
|l| cypherstest
|inactive|quixana has 60 seconds left.
|j| Geenobe
|inactive|quixana has 30 seconds left.
|
|t:|1666830673
|move|p2a: Skarmory|Body Press|p1a: Slowbro
|-resisted|p1a: Slowbro
|-damage|p1a: Slowbro|23/100 par
|-damage|p2a: Skarmory|63/100|[from] item: Rocky Helmet|[of] p1a: Slowbro
|cant|p1a: Slowbro|par
|
|upkeep
|turn|69
|inactive|quixana has 30 seconds left.
|
|t:|1666830683
|move|p2a: Skarmory|Body Press|p1a: Slowbro
|-resisted|p1a: Slowbro
|-damage|p1a: Slowbro|12/100 par
|-damage|p2a: Skarmory|47/100|[from] item: Rocky Helmet|[of] p1a: Slowbro
|move|p1a: Slowbro|Slack Off|p1a: Slowbro
|-heal|p1a: Slowbro|62/100 par
|
|upkeep
|turn|70
|
|t:|1666830686
|move|p2a: Skarmory|Roost|p2a: Skarmory
|-heal|p2a: Skarmory|97/100
|-singleturn|p2a: Skarmory|move: Roost
|move|p1a: Slowbro|Flamethrower|p2a: Skarmory
|-supereffective|p2a: Skarmory
|-damage|p2a: Skarmory|37/100
|
|upkeep
|turn|71
|
|t:|1666830689
|move|p2a: Skarmory|Roost|p2a: Skarmory
|-heal|p2a: Skarmory|87/100
|-singleturn|p2a: Skarmory|move: Roost
|move|p1a: Slowbro|Scald|p2a: Skarmory
|-damage|p2a: Skarmory|48/100
|
|upkeep
|turn|72
|
|t:|1666830691
|move|p2a: Skarmory|Roost|p2a: Skarmory
|-heal|p2a: Skarmory|98/100
|-singleturn|p2a: Skarmory|move: Roost
|cant|p1a: Slowbro|par
|
|upkeep
|turn|73
|
|t:|1666830694
|move|p1a: Slowbro|Scald|p2a: Skarmory
|-damage|p2a: Skarmory|60/100
|move|p2a: Skarmory|Whirlwind|p1a: Slowbro
|drag|p1a: Landorus|Landorus-Therian, M|25/100 tox
|-ability|p1a: Landorus|Intimidate|boost
|-unboost|p2a: Skarmory|atk|1
|
|-heal|p1a: Landorus|31/100 tox|[from] item: Leftovers
|-damage|p1a: Landorus|25/100 tox|[from] psn
|upkeep
|turn|74
|
|t:|1666830698
|move|p1a: Landorus|Defog|p2a: Skarmory
|-unboost|p2a: Skarmory|evasion|1
|-sideend|p1: knexhawk2|Spikes|[from] move: Defog|[of] p1a: Landorus
|move|p2a: Skarmory|Spikes|p1a: Landorus
|-sidestart|p1: knexhawk2|Spikes
|
|-heal|p1a: Landorus|31/100 tox|[from] item: Leftovers
|-damage|p1a: Landorus|19/100 tox|[from] psn
|upkeep
|turn|75
|
|t:|1666830700
|move|p1a: Landorus|Defog|p2a: Skarmory
|-unboost|p2a: Skarmory|evasion|1
|-sideend|p1: knexhawk2|Spikes|[from] move: Defog|[of] p1a: Landorus
|move|p2a: Skarmory|Spikes|p1a: Landorus
|-sidestart|p1: knexhawk2|Spikes
|
|-heal|p1a: Landorus|25/100 tox|[from] item: Leftovers
|-damage|p1a: Landorus|7/100 tox|[from] psn
|upkeep
|turn|76
|
|t:|1666830703
|move|p1a: Landorus|Defog|p2a: Skarmory
|-unboost|p2a: Skarmory|evasion|1
|-sideend|p1: knexhawk2|Spikes|[from] move: Defog|[of] p1a: Landorus
|move|p2a: Skarmory|Spikes|p1a: Landorus
|-sidestart|p1: knexhawk2|Spikes
|
|-heal|p1a: Landorus|13/100 tox|[from] item: Leftovers
|-damage|p1a: Landorus|0 fnt|[from] psn
|faint|p1a: Landorus
|upkeep
|
|t:|1666830708
|switch|p1a: Slowbro|Slowbro, M|96/100 par
|-damage|p1a: Slowbro|83/100 par|[from] Spikes
|turn|77
|
|t:|1666830715
|move|p2a: Skarmory|Roost|p2a: Skarmory
|-heal|p2a: Skarmory|100/100
|-singleturn|p2a: Skarmory|move: Roost
|move|p1a: Slowbro|Scald|p2a: Skarmory
|-damage|p2a: Skarmory|64/100
|
|upkeep
|turn|78
|j| CartiWins
|
|t:|1666830735
|cant|p1a: Slowbro|par
|move|p2a: Skarmory|Whirlwind|p1a: Slowbro
|drag|p1a: Rillaboom|Rillaboom, M|69/100
|-damage|p1a: Rillaboom|56/100|[from] Spikes
|-fieldstart|move: Grassy Terrain|[from] ability: Grassy Surge|[of] p1a: Rillaboom
|
|-heal|p1a: Rillaboom|62/100|[from] Grassy Terrain
|upkeep
|turn|79
|
|t:|1666830754
|move|p1a: Rillaboom|Superpower|p2a: Skarmory
|-damage|p2a: Skarmory|27/100
|-unboost|p1a: Rillaboom|atk|1
|-unboost|p1a: Rillaboom|def|1
|-damage|p1a: Rillaboom|46/100|[from] item: Rocky Helmet|[of] p2a: Skarmory
|move|p2a: Skarmory|Roost|p2a: Skarmory
|-heal|p2a: Skarmory|77/100
|-singleturn|p2a: Skarmory|move: Roost
|
|-heal|p1a: Rillaboom|52/100|[from] Grassy Terrain
|-heal|p2a: Skarmory|83/100|[from] Grassy Terrain
|upkeep
|turn|80
|
|t:|1666830760
|switch|p1a: Slowbro|Slowbro, M|100/100 par
|-damage|p1a: Slowbro|88/100 par|[from] Spikes
|move|p2a: Skarmory|Spikes|p1a: Slowbro
|-sidestart|p1: knexhawk2|Spikes
|
|-heal|p1a: Slowbro|94/100 par|[from] Grassy Terrain
|upkeep
|turn|81
|
|t:|1666830765
|move|p1a: Slowbro|Scald|p2a: Skarmory
|-damage|p2a: Skarmory|46/100
|-status|p2a: Skarmory|brn
|move|p2a: Skarmory|Whirlwind|p1a: Slowbro
|drag|p1a: Rillaboom|Rillaboom, M|52/100
|-damage|p1a: Rillaboom|35/100|[from] Spikes
|
|-heal|p1a: Rillaboom|41/100|[from] Grassy Terrain
|-damage|p2a: Skarmory|40/100 brn|[from] brn
|upkeep
|turn|82
|
|t:|1666830768
|move|p1a: Rillaboom|Superpower|p2a: Skarmory
|-damage|p2a: Skarmory|0 fnt
|-unboost|p1a: Rillaboom|atk|1
|-unboost|p1a: Rillaboom|def|1
|-damage|p1a: Rillaboom|25/100|[from] item: Rocky Helmet|[of] p2a: Skarmory
|faint|p2a: Skarmory
|
|win|knexhawk2
|n|☆knexhawk2|knexhawk2
|n|☆quixana|quixana
|n| Satiri1|satiri1
|n| htcl|htcl
|n| Geenobe|geenobe
|n| CartiWins|cartiwins
|c|☆quixana|gg
|c|☆knexhawk2|gg
