|html|<div class="broadcast-blue"><strong>[Gen 8] OU is currently suspecting Melmetal! For information on how to participate check out the <a href="https://www.smogon.com/forums/threads/np-ss-ou-suspect-process-round-12-monster-mash.3709234/">suspect thread</a>.</strong></div>
|j|☆Down$pook
|j|☆JojoOui
|t:|1666790518
|gametype|singles
|player|p1|Down$pook|teamrocket|1817
|player|p2|JojoOui|erika|1713
|teamsize|p1|6
|teamsize|p2|6
|gen|8
|tier|[Gen 8] OU
|rated|
|rule|Sleep Clause Mod: Limit one foe put to sleep
|rule|Species Clause: Limit one of each Pokémon
|rule|OHKO Clause: OHKO moves are banned
|rule|Evasion Items Clause: Evasion items are banned
|rule|Evasion Moves Clause: Evasion moves are banned
|rule|Endless Battle Clause: Forcing endless battles is banned
|rule|HP Percentage Mod: HP is shown in percentages
|rule|Dynamax Clause: You cannot dynamax
|clearpoke
|poke|p1|Shedinja|
|poke|p1|Blissey, F|
|poke|p1|Toxapex, M|
|poke|p1|Corviknight, M|
|poke|p1|Clefable, F|
|poke|p1|Ditto|
|poke|p2|Weavile, F|
|poke|p2|Rillaboom, M|
|poke|p2|Volcanion|
|poke|p2|Dragapult, M|
|poke|p2|Urshifu-*, M|
|poke|p2|Landorus-Therian, M|
|teampreview
|inactive|Battle timer is ON: inactive players will automatically lose when time's up. (requested by JojoOui)
|c|☆Down$pook|Hf
|j| ndhb
|
|t:|1666790528
|start
|switch|p1a: Shedinja|Shedinja|100/100
|switch|p2a: Landorus|Landorus-Therian, M|100/100
|-ability|p2a: Landorus|Intimidate|boost
|-unboost|p1a: Shedinja|atk|1
|turn|1
|
|t:|1666790536
|move|p2a: Landorus|Stealth Rock|p1a: Shedinja
|-sidestart|p1: Down$pook|move: Stealth Rock
|move|p1a: Shedinja|Will-O-Wisp|p2a: Landorus
|-status|p2a: Landorus|brn
|
|-damage|p2a: Landorus|95/100 brn|[from] brn
|upkeep
|turn|2
|
|t:|1666790548
|switch|p2a: Volcanion|Volcanion|100/100
|move|p1a: Shedinja|Poltergeist|p2a: Volcanion
|-activate|p2a: Volcanion|move: Poltergeist|Heavy-Duty Boots
|-damage|p2a: Volcanion|67/100
|
|upkeep
|turn|3
|
|t:|1666790554
|switch|p2a: Pouil|Weavile, F|100/100
|-ability|p2a: Pouil|Pressure
|move|p1a: Shedinja|Poltergeist|p2a: Pouil
|-activate|p2a: Pouil|move: Poltergeist|Choice Band
|-resisted|p2a: Pouil
|-damage|p2a: Pouil|71/100
|
|upkeep
|turn|4
|
|t:|1666790558
|move|p2a: Pouil|Knock Off|p1a: Shedinja
|-supereffective|p1a: Shedinja
|-enditem|p1a: Shedinja|Focus Sash
|-damage|p1a: Shedinja|100/100
|move|p1a: Shedinja|Will-O-Wisp|p2a: Pouil
|-status|p2a: Pouil|brn
|
|-damage|p2a: Pouil|65/100 brn|[from] brn
|upkeep
|turn|5
|
|t:|1666790565
|switch|p1a: Ditto|Ditto, shiny|100/100
|-damage|p1a: Ditto|88/100|[from] Stealth Rock
|-transform|p1a: Ditto|p2a: Pouil|[from] ability: Imposter
|-ability|p1a: Ditto|Pressure
|-item|p1a: Ditto|Air Balloon
|move|p2a: Pouil|Knock Off|p1a: Ditto
|-resisted|p1a: Ditto
|-damage|p1a: Ditto|56/100
|-enditem|p1a: Ditto|Air Balloon
|
|-damage|p2a: Pouil|59/100 brn|[from] brn
|upkeep
|turn|6
|
|t:|1666790570
|move|p1a: Ditto|Knock Off|p2a: Pouil
|-resisted|p2a: Pouil
|-damage|p2a: Pouil|11/100 brn
|-enditem|p2a: Pouil|Choice Band|[from] move: Knock Off|[of] p1a: Ditto
|move|p2a: Pouil|Knock Off|p1a: Ditto
|-resisted|p1a: Ditto
|-damage|p1a: Ditto|41/100
|
|-damage|p2a: Pouil|5/100 brn|[from] brn
|upkeep
|turn|7
|
|t:|1666790573
|move|p1a: Ditto|Ice Shard|p2a: Pouil
|-resisted|p2a: Pouil
|-damage|p2a: Pouil|0 fnt
|faint|p2a: Pouil
|
|upkeep
|
|t:|1666790579
|switch|p2a: Dragapult|Dragapult, M|100/100
|turn|8
|inactive|Down$pook has 120 seconds left.
|j| lammkotlett
|
|t:|1666790632
|move|p1a: Ditto|Ice Shard|p2a: Dragapult
|-supereffective|p2a: Dragapult
|-crit|p2a: Dragapult
|-damage|p2a: Dragapult|15/100
|move|p2a: Dragapult|U-turn|p1a: Ditto
|-supereffective|p1a: Ditto
|-damage|p1a: Ditto|0 fnt
|faint|p1a: Ditto
|
|t:|1666790642
|switch|p2a: Landorus|Landorus-Therian, M|95/100 brn|[from]move: U-turn
|
|-damage|p2a: Landorus|89/100 brn|[from] brn
|upkeep
|inactive|Down$pook has 90 seconds left.
|
|t:|1666790676
|switch|p1a: Clefable|Clefable, F|100/100
|turn|9
|
|t:|1666790680
|move|p2a: Landorus|Explosion|p1a: Clefable
|-damage|p1a: Clefable|57/100
|faint|p2a: Landorus
|move|p1a: Clefable|Reflect|p1a: Clefable
|-sidestart|p1: Down$pook|Reflect
|
|upkeep
|
|t:|1666790684
|switch|p2a: Volcanion|Volcanion|67/100
|turn|10
|inactive|Down$pook has 90 seconds left.
|
|t:|1666790716
|switch|p1a: Blissey|Blissey, F|100/100
|-damage|p1a: Blissey|88/100|[from] Stealth Rock
|move|p2a: Volcanion|Sludge Wave|p1a: Blissey
|-damage|p1a: Blissey|77/100
|
|-heal|p1a: Blissey|83/100|[from] item: Leftovers
|upkeep
|turn|11
|
|t:|1666790723
|switch|p2a: Urshifu|Urshifu-Rapid-Strike, M|100/100
|move|p1a: Blissey|Calm Mind|p1a: Blissey
|-boost|p1a: Blissey|spa|1
|-boost|p1a: Blissey|spd|1
|
|-heal|p1a: Blissey|89/100|[from] item: Leftovers
|upkeep
|turn|12
|
|t:|1666790728
|move|p2a: Urshifu|Close Combat|p1a: Blissey
|-supereffective|p1a: Blissey
|-damage|p1a: Blissey|35/100
|-unboost|p2a: Urshifu|def|1
|-unboost|p2a: Urshifu|spd|1
|move|p1a: Blissey|Thunder|p2a: Urshifu
|-supereffective|p2a: Urshifu
|-damage|p2a: Urshifu|0 fnt
|faint|p2a: Urshifu
|
|-heal|p1a: Blissey|42/100|[from] item: Leftovers
|upkeep
|c|☆JojoOui|lol
|
|t:|1666790740
|switch|p2a: Rillaboom|Rillaboom, M|100/100
|-fieldstart|move: Grassy Terrain|[from] ability: Grassy Surge|[of] p2a: Rillaboom
|turn|13
|inactive|Down$pook has 90 seconds left.
|
|t:|1666790781
|move|p2a: Rillaboom|Swords Dance|p2a: Rillaboom
|-boost|p2a: Rillaboom|atk|2
|move|p1a: Blissey|Soft-Boiled|p1a: Blissey
|-heal|p1a: Blissey|92/100
|
|-heal|p1a: Blissey|98/100|[from] Grassy Terrain
|-heal|p1a: Blissey|100/100|[from] item: Leftovers
|upkeep
|turn|14
|
|t:|1666790787
|move|p2a: Rillaboom|Swords Dance|p2a: Rillaboom
|-boost|p2a: Rillaboom|atk|2
|move|p1a: Blissey|Ice Beam|p2a: Rillaboom
|-supereffective|p2a: Rillaboom
|-crit|p2a: Rillaboom
|-damage|p2a: Rillaboom|4/100
|
|-heal|p2a: Rillaboom|10/100|[from] Grassy Terrain
|-heal|p2a: Rillaboom|16/100|[from] item: Leftovers
|upkeep
|turn|15
|
|t:|1666790795
|switch|p1a: Shedinja|Shedinja|100/100
|-damage|p1a: Shedinja|0 fnt|[from] Stealth Rock
|faint|p1a: Shedinja
|move|p2a: Rillaboom|Superpower|p1: Shedinja|[notarget]
|-fail|p2a: Rillaboom
|
|-heal|p2a: Rillaboom|23/100|[from] Grassy Terrain
|-heal|p2a: Rillaboom|29/100|[from] item: Leftovers
|upkeep
|
|t:|1666790798
|switch|p1a: Toxapex|Toxapex, M|100/100
|-damage|p1a: Toxapex|88/100|[from] Stealth Rock
|turn|16
|
|t:|1666790801
|move|p2a: Rillaboom|Grassy Glide|p1a: Toxapex
|-damage|p1a: Toxapex|23/100
|move|p1a: Toxapex|Gunk Shot|p2a: Rillaboom|[miss]
|-miss|p1a: Toxapex|p2a: Rillaboom
|
|-heal|p2a: Rillaboom|35/100|[from] Grassy Terrain
|-heal|p2a: Rillaboom|41/100|[from] item: Leftovers
|-heal|p1a: Toxapex|29/100|[from] Grassy Terrain
|-sideend|p1: Down$pook|Reflect
|upkeep
|turn|17
|
|t:|1666790808
|move|p2a: Rillaboom|Grassy Glide|p1a: Toxapex
|-damage|p1a: Toxapex|0 fnt
|faint|p1a: Toxapex
|
|-heal|p2a: Rillaboom|47/100|[from] Grassy Terrain
|-heal|p2a: Rillaboom|53/100|[from] item: Leftovers
|-fieldend|move: Grassy Terrain
|upkeep
|c|☆JojoOui|lol
|
|t:|1666790812
|switch|p1a: Clefable|Clefable, F|57/100
|turn|18
|
|t:|1666790815
|move|p2a: Rillaboom|Grassy Glide|p1a: Clefable
|-damage|p1a: Clefable|0 fnt
|faint|p1a: Clefable
|
|-heal|p2a: Rillaboom|60/100|[from] item: Leftovers
|upkeep
|c|☆Down$pook|Yea thats too bad
|inactive|Down$pook has 120 seconds left.
|c|☆Down$pook|welp
|
|t:|1666790822
|switch|p1a: Corviknight|Corviknight, M|100/100
|-damage|p1a: Corviknight|88/100|[from] Stealth Rock
|-ability|p1a: Corviknight|Pressure
|turn|19
|c|☆Down$pook|Ishould get good karma for tryna ladder with this garbage
|inactive|JojoOui has 120 seconds left.
|
|t:|1666790872
|move|p1a: Corviknight|Agility|p1a: Corviknight
|-boost|p1a: Corviknight|spe|2
|move|p2a: Rillaboom|Knock Off|p1a: Corviknight
|-damage|p1a: Corviknight|0 fnt
|-enditem|p1a: Corviknight|Weakness Policy|[from] move: Knock Off|[of] p2a: Rillaboom
|faint|p1a: Corviknight
|
|-heal|p2a: Rillaboom|66/100|[from] item: Leftovers
|upkeep
|-message|Down$pook forfeited.
|
|win|JojoOui
|raw|Down$pook's rating: 1817 &rarr; <strong>1791</strong><br />(-26 for losing)
|raw|JojoOui's rating: 1713 &rarr; <strong>1739</strong><br />(+26 for winning)
|l|☆Down$pook
|c|☆JojoOui|im lucky
|l|☆JojoOui
||Ladder isn't responding, score probably updated but might not have (Request timeout).
