|raw|<div class="broadcast-blue"><strong>This battle is required to be public due to a player having a name starting with 'lt81yl'.</div>
|j|☆Orangesavior
|j|☆LT81YL BT
|t:|1625238020
|gametype|singles
|player|p1|Orangesavior|silver|1670
|player|p2|LT81YL BT|101|1775
|teamsize|p1|6
|teamsize|p2|6
|gen|8
|tier|[Gen 8] OU
|rated|
|rule|Sleep Clause Mod: Limit one foe put to sleep
|rule|Species Clause: Limit one of each Pokémon
|rule|OHKO Clause: OHKO moves are banned
|rule|Evasion Moves Clause: Evasion moves are banned
|rule|Endless Battle Clause: Forcing endless battles is banned
|rule|HP Percentage Mod: HP is shown in percentages
|rule|Dynamax Clause: You cannot dynamax
|clearpoke
|poke|p1|Pelipper, F|
|poke|p1|Barraskewda, M|
|poke|p1|Ferrothorn, F|
|poke|p1|Seismitoad, M|
|poke|p1|Tapu Koko|
|poke|p1|Tornadus-Therian, M|
|poke|p2|Tapu Fini|
|poke|p2|Hawlucha, F|
|poke|p2|Landorus-Therian, M|
|poke|p2|Dragonite, F|
|poke|p2|Kartana|
|poke|p2|Volcarona, M|
|teampreview
|j| Mangoverde4
|inactive|Battle timer is ON: inactive players will automatically lose when time's up. (requested by Orangesavior)
|inactive|LT81YL BT has 120 seconds left.
|
|t:|1625238057
|start
|switch|p1a: Big Gulp sponsor|Pelipper, F|100/100
|switch|p2a: Landorus|Landorus-Therian, M|100/100
|-ability|p2a: Landorus|Intimidate|boost
|-unboost|p1a: Big Gulp sponsor|atk|1
|-weather|RainDance|[from] ability: Drizzle|[of] p1a: Big Gulp sponsor
|turn|1
|
|t:|1625238063
|move|p2a: Landorus|Stealth Rock|p1a: Big Gulp sponsor
|-sidestart|p1: Orangesavior|move: Stealth Rock
|move|p1a: Big Gulp sponsor|Scald|p2a: Landorus
|-supereffective|p2a: Landorus
|-damage|p2a: Landorus|1/100
|
|-weather|RainDance|[upkeep]
|upkeep
|turn|2
|
|t:|1625238068
|switch|p1a: Hates rain|Ferrothorn, F|100/100
|-damage|p1a: Hates rain|94/100|[from] Stealth Rock
|move|p2a: Landorus|Explosion|p1a: Hates rain
|-resisted|p1a: Hates rain
|-damage|p1a: Hates rain|65/100
|faint|p2a: Landorus
|
|-weather|RainDance|[upkeep]
|-heal|p1a: Hates rain|72/100|[from] item: Leftovers
|upkeep
|
|t:|1625238086
|switch|p2a: Tapu Fini|Tapu Fini|100/100
|-fieldstart|move: Misty Terrain|[from] ability: Misty Surge|[of] p2a: Tapu Fini
|turn|3
|
|t:|1625238091
|switch|p2a: Hawlucha|Hawlucha, F|100/100
|-enditem|p2a: Hawlucha|Misty Seed
|-boost|p2a: Hawlucha|spd|1|[from] item: Misty Seed
|move|p1a: Hates rain|Knock Off|p2a: Hawlucha
|-resisted|p2a: Hawlucha
|-damage|p2a: Hawlucha|90/100
|
|-weather|RainDance|[upkeep]
|-heal|p1a: Hates rain|78/100|[from] item: Leftovers
|upkeep
|turn|4
|
|t:|1625238102
|switch|p1a: Speed Overdose|Tapu Koko|100/100
|-damage|p1a: Speed Overdose|88/100|[from] Stealth Rock
|-fieldstart|move: Electric Terrain|[from] ability: Electric Surge|[of] p1a: Speed Overdose
|move|p2a: Hawlucha|Close Combat|p1a: Speed Overdose
|-resisted|p1a: Speed Overdose
|-damage|p1a: Speed Overdose|50/100
|-unboost|p2a: Hawlucha|def|1
|-unboost|p2a: Hawlucha|spd|1
|
|-weather|RainDance|[upkeep]
|upkeep
|turn|5
|
|t:|1625238111
|move|p2a: Hawlucha|Stone Edge|p1a: Speed Overdose
|-damage|p1a: Speed Overdose|9/100
|move|p1a: Speed Overdose|Volt Switch|p2a: Hawlucha
|-supereffective|p2a: Hawlucha
|-damage|p2a: Hawlucha|0 fnt
|faint|p2a: Hawlucha
|
|t:|1625238122
|switch|p1a: One fish two fish|Barraskewda, M|100/100|[from]move: Volt Switch
|-damage|p1a: One fish two fish|88/100|[from] Stealth Rock
|
|-weather|RainDance|[upkeep]
|upkeep
|
|t:|1625238129
|switch|p2a: Dragonite|Dragonite, F|100/100
|turn|6
|
|t:|1625238132
|move|p1a: One fish two fish|Flip Turn|p2a: Dragonite
|-resisted|p2a: Dragonite
|-damage|p2a: Dragonite|81/100
|
|t:|1625238136
|switch|p1a: Hates rain|Ferrothorn, F|78/100|[from]move: Flip Turn
|-damage|p1a: Hates rain|72/100|[from] Stealth Rock
|move|p2a: Dragonite|Roost|p2a: Dragonite
|-heal|p2a: Dragonite|100/100
|-singleturn|p2a: Dragonite|move: Roost
|
|-weather|RainDance|[upkeep]
|-heal|p1a: Hates rain|78/100|[from] item: Leftovers
|upkeep
|turn|7
|
|t:|1625238146
|move|p2a: Dragonite|Dragon Dance|p2a: Dragonite
|-boost|p2a: Dragonite|atk|1
|-boost|p2a: Dragonite|spe|1
|move|p1a: Hates rain|Leech Seed|p2a: Dragonite
|-start|p2a: Dragonite|move: Leech Seed
|
|-weather|RainDance|[upkeep]
|-heal|p1a: Hates rain|84/100|[from] item: Leftovers
|-damage|p2a: Dragonite|88/100|[from] Leech Seed|[of] p1a: Hates rain
|-heal|p1a: Hates rain|95/100|[silent]
|upkeep
|turn|8
|
|t:|1625238155
|switch|p2a: Tapu Fini|Tapu Fini|100/100
|-fieldstart|move: Misty Terrain|[from] ability: Misty Surge|[of] p2a: Tapu Fini
|move|p1a: Hates rain|Gyro Ball|p2a: Tapu Fini
|-damage|p2a: Tapu Fini|71/100
|
|-weather|none
|-heal|p2a: Tapu Fini|77/100|[from] item: Leftovers
|-heal|p1a: Hates rain|100/100|[from] item: Leftovers
|upkeep
|turn|9
|
|t:|1625238162
|move|p2a: Tapu Fini|Whirlpool|p1a: Hates rain
|-resisted|p1a: Hates rain
|-damage|p1a: Hates rain|95/100
|-activate|p1a: Hates rain|move: Whirlpool|[of] p2a: Tapu Fini
|move|p1a: Hates rain|Knock Off|p2a: Tapu Fini
|-resisted|p2a: Tapu Fini
|-damage|p2a: Tapu Fini|69/100
|-enditem|p2a: Tapu Fini|Leftovers|[from] move: Knock Off|[of] p1a: Hates rain
|
|-heal|p1a: Hates rain|100/100|[from] item: Leftovers
|-damage|p1a: Hates rain|88/100|[from] move: Whirlpool|[partiallytrapped]
|upkeep
|turn|10
|
|t:|1625238168
|move|p2a: Tapu Fini|Taunt|p1a: Hates rain
|-start|p1a: Hates rain|move: Taunt
|cant|p1a: Hates rain|move: Taunt|Leech Seed
|
|-heal|p1a: Hates rain|94/100|[from] item: Leftovers
|-damage|p1a: Hates rain|82/100|[from] move: Whirlpool|[partiallytrapped]
|upkeep
|turn|11
|
|t:|1625238171
|move|p2a: Tapu Fini|Nature's Madness|p1a: Hates rain
|-damage|p1a: Hates rain|41/100
|move|p1a: Hates rain|Gyro Ball|p2a: Tapu Fini
|-damage|p2a: Tapu Fini|36/100
|
|-heal|p1a: Hates rain|47/100|[from] item: Leftovers
|-damage|p1a: Hates rain|35/100|[from] move: Whirlpool|[partiallytrapped]
|upkeep
|turn|12
|
|t:|1625238182
|move|p2a: Tapu Fini|Nature's Madness|p1a: Hates rain
|-damage|p1a: Hates rain|18/100
|move|p1a: Hates rain|Gyro Ball|p2a: Tapu Fini
|-damage|p2a: Tapu Fini|3/100
|
|-heal|p1a: Hates rain|24/100|[from] item: Leftovers
|-damage|p1a: Hates rain|12/100|[from] move: Whirlpool|[partiallytrapped]
|-end|p1a: Hates rain|move: Taunt
|-fieldend|Misty Terrain
|upkeep
|turn|13
|
|t:|1625238196
|move|p2a: Tapu Fini|Moonblast|p1a: Hates rain
|-resisted|p1a: Hates rain
|-damage|p1a: Hates rain|0 fnt
|faint|p1a: Hates rain
|
|upkeep
|
|t:|1625238200
|switch|p1a: Tornadus|Tornadus-Therian, M|100/100
|turn|14
|
|t:|1625238202
|move|p1a: Tornadus|Defog|p2a: Tapu Fini
|-unboost|p2a: Tapu Fini|evasion|1
|-sideend|p1: Orangesavior|Stealth Rock|[from] move: Defog|[of] p1a: Tornadus
|move|p2a: Tapu Fini|Moonblast|p1a: Tornadus
|-damage|p1a: Tornadus|66/100
|-unboost|p1a: Tornadus|spa|1
|
|upkeep
|turn|15
|
|t:|1625238208
|move|p1a: Tornadus|U-turn|p2a: Tapu Fini
|-resisted|p2a: Tapu Fini
|-damage|p2a: Tapu Fini|0 fnt
|faint|p2a: Tapu Fini
|
|t:|1625238211
|switch|p1a: Big Gulp sponsor|Pelipper, F|100/100|[from]move: U-turn
|-weather|RainDance|[from] ability: Drizzle|[of] p1a: Big Gulp sponsor
|
|-weather|RainDance|[upkeep]
|upkeep
|
|t:|1625238223
|switch|p2a: Dragonite|Dragonite, F|88/100
|turn|16
|
|t:|1625238230
|move|p2a: Dragonite|Roost|p2a: Dragonite
|-heal|p2a: Dragonite|100/100
|-singleturn|p2a: Dragonite|move: Roost
|move|p1a: Big Gulp sponsor|Scald|p2a: Dragonite
|-resisted|p2a: Dragonite
|-damage|p2a: Dragonite|90/100
|
|-weather|RainDance|[upkeep]
|upkeep
|turn|17
|
|t:|1625238237
|move|p2a: Dragonite|Dragon Dance|p2a: Dragonite
|-boost|p2a: Dragonite|atk|1
|-boost|p2a: Dragonite|spe|1
|move|p1a: Big Gulp sponsor|Scald|p2a: Dragonite
|-resisted|p2a: Dragonite
|-damage|p2a: Dragonite|69/100
|-status|p2a: Dragonite|brn
|
|-weather|RainDance|[upkeep]
|-damage|p2a: Dragonite|63/100 brn|[from] brn
|upkeep
|turn|18
|
|t:|1625238240
|move|p2a: Dragonite|Roost|p2a: Dragonite
|-heal|p2a: Dragonite|100/100 brn
|-singleturn|p2a: Dragonite|move: Roost
|move|p1a: Big Gulp sponsor|U-turn|p2a: Dragonite
|-damage|p2a: Dragonite|96/100 brn
|
|t:|1625238245
|switch|p1a: One fish two fish|Barraskewda, M|88/100|[from]move: U-turn
|
|-weather|RainDance|[upkeep]
|-damage|p2a: Dragonite|90/100 brn|[from] brn
|upkeep
|turn|19
|
|t:|1625238250
|move|p1a: One fish two fish|Liquidation|p2a: Dragonite
|-resisted|p2a: Dragonite
|-damage|p2a: Dragonite|32/100 brn
|move|p2a: Dragonite|Roost|p2a: Dragonite
|-heal|p2a: Dragonite|83/100 brn
|-singleturn|p2a: Dragonite|move: Roost
|
|-weather|RainDance|[upkeep]
|-damage|p2a: Dragonite|76/100 brn|[from] brn
|upkeep
|turn|20
|
|t:|1625238256
|move|p1a: One fish two fish|Liquidation|p2a: Dragonite
|-resisted|p2a: Dragonite
|-damage|p2a: Dragonite|22/100 brn
|move|p2a: Dragonite|Dual Wingbeat|p1a: One fish two fish
|-damage|p1a: One fish two fish|59/100
|-damage|p1a: One fish two fish|30/100
|-hitcount|p1a: One fish two fish|2
|
|-weather|RainDance|[upkeep]
|-damage|p2a: Dragonite|16/100 brn|[from] brn
|upkeep
|turn|21
|
|t:|1625238268
|move|p1a: One fish two fish|Liquidation|p2a: Dragonite
|-resisted|p2a: Dragonite
|-damage|p2a: Dragonite|0 fnt
|faint|p2a: Dragonite
|
|-weather|RainDance|[upkeep]
|upkeep
|
|t:|1625238271
|switch|p2a: Kartana|Kartana|100/100
|turn|22
|
|t:|1625238277
|switch|p1a: Tornadus|Tornadus-Therian, M|99/100
|move|p2a: Kartana|Leaf Blade|p1a: Tornadus
|-resisted|p1a: Tornadus
|-damage|p1a: Tornadus|67/100
|
|-weather|none
|upkeep
|turn|23
|
|t:|1625238281
|switch|p2a: Volcarona|Volcarona, M|100/100
|move|p1a: Tornadus|U-turn|p2a: Volcarona
|-resisted|p2a: Volcarona
|-damage|p2a: Volcarona|93/100
|
|t:|1625238289
|switch|p1a: Big Gulp sponsor|Pelipper, F|100/100|[from]move: U-turn
|-weather|RainDance|[from] ability: Drizzle|[of] p1a: Big Gulp sponsor
|
|-weather|RainDance|[upkeep]
|upkeep
|turn|24
|
|t:|1625238296
|move|p2a: Volcarona|Psychic|p1a: Big Gulp sponsor
|-damage|p1a: Big Gulp sponsor|62/100
|move|p1a: Big Gulp sponsor|U-turn|p2a: Volcarona
|-resisted|p2a: Volcarona
|-damage|p2a: Volcarona|89/100
|-status|p1a: Big Gulp sponsor|brn|[from] ability: Flame Body|[of] p2a: Volcarona
|
|t:|1625238299
|switch|p1a: One fish two fish|Barraskewda, M|30/100|[from]move: U-turn
|
|-weather|RainDance|[upkeep]
|upkeep
|turn|25
|
|t:|1625238302
|move|p1a: One fish two fish|Flip Turn|p2a: Volcarona
|-supereffective|p2a: Volcarona
|-damage|p2a: Volcarona|0 fnt
|faint|p2a: Volcarona
|
|t:|1625238307
|switch|p1a: Tornadus|Tornadus-Therian, M|99/100|[from]move: Flip Turn
|
|-weather|RainDance|[upkeep]
|upkeep
|
|t:|1625238310
|switch|p2a: Kartana|Kartana|100/100
|turn|26
|
|t:|1625238315
|move|p2a: Kartana|Knock Off|p1a: Tornadus
|-damage|p1a: Tornadus|53/100
|-enditem|p1a: Tornadus|Heavy-Duty Boots|[from] move: Knock Off|[of] p2a: Kartana
|move|p1a: Tornadus|Hurricane|p2a: Kartana
|-damage|p2a: Kartana|0 fnt
|faint|p2a: Kartana
|
|win|Orangesavior
|raw|Orangesavior's rating: 1668 &rarr; <strong>1694</strong><br />(+26 for winning)
|raw|LT81YL BT's rating: 1775 &rarr; <strong>1749</strong><br />(-26 for losing)
|l|☆LT81YL BT
||Ladder isn't responding, score probably updated but might not have (Request timeout).
