|raw|<div class="broadcast-blue"><strong>This battle is required to be public due to a player having a name starting with 'btlt200'.</div>
|j|☆BTLT200$ SF'
|j|☆Meracx
|t:|1667818907
|gametype|singles
|player|p1|BTLT200$ SF'|palmer|1701
|player|p2|Meracx|thorton|1787
|teamsize|p1|6
|teamsize|p2|6
|gen|8
|tier|[Gen 8] OU
|rated|
|rule|Sleep Clause Mod: Limit one foe put to sleep
|rule|Species Clause: Limit one of each Pokémon
|rule|OHKO Clause: OHKO moves are banned
|rule|Evasion Items Clause: Evasion items are banned
|rule|Evasion Moves Clause: Evasion moves are banned
|rule|Endless Battle Clause: Forcing endless battles is banned
|rule|HP Percentage Mod: HP is shown in percentages
|rule|Dynamax Clause: You cannot dynamax
|clearpoke
|poke|p1|Corviknight, M|
|poke|p1|Tornadus-Therian, M|
|poke|p1|Toxapex, M|
|poke|p1|Clefable, M|
|poke|p1|Hippowdon, F|
|poke|p1|Heatran, M|
|poke|p2|Hydreigon, M|
|poke|p2|Slowking-Galar, M|
|poke|p2|Ferrothorn, F|
|poke|p2|Urshifu-*, M|
|poke|p2|Garchomp, M|
|poke|p2|Clefable, M|
|teampreview
|inactive|Battle timer is ON: inactive players will automatically lose when time's up. (requested by BTLT200$ SF')
|j| Ctannn
|
|t:|1667818922
|start
|switch|p1a: Tornadus|Tornadus-Therian, M|100/100
|switch|p2a: Clefable|Clefable, M|100/100
|turn|1
|j| Sino pacific
|
|t:|1667818927
|move|p1a: Tornadus|Knock Off|p2a: Clefable
|-resisted|p2a: Clefable
|-damage|p2a: Clefable|92/100
|-damage|p1a: Tornadus|84/100|[from] item: Rocky Helmet|[of] p2a: Clefable
|-enditem|p2a: Clefable|Rocky Helmet|[from] move: Knock Off|[of] p1a: Tornadus
|move|p2a: Clefable|Knock Off|p1a: Tornadus
|-damage|p1a: Tornadus|70/100
|-enditem|p1a: Tornadus|Rocky Helmet|[from] move: Knock Off|[of] p2a: Clefable
|
|upkeep
|turn|2
|
|t:|1667818935
|switch|p1a: Corviknight|Corviknight, M|100/100
|-ability|p1a: Corviknight|Pressure
|move|p2a: Clefable|Stealth Rock|p1a: Corviknight
|-sidestart|p1: BTLT200$ SF'|move: Stealth Rock
|
|upkeep
|turn|3
|
|t:|1667818938
|move|p1a: Corviknight|Defog|p2a: Clefable
|-unboost|p2a: Clefable|evasion|1
|-sideend|p1: BTLT200$ SF'|Stealth Rock|[from] move: Defog|[of] p1a: Corviknight
|move|p2a: Clefable|Knock Off|p1a: Corviknight
|-damage|p1a: Corviknight|91/100
|-enditem|p1a: Corviknight|Leftovers|[from] move: Knock Off|[of] p2a: Clefable
|
|upkeep
|turn|4
|
|t:|1667818944
|switch|p1a: Tornadus|Tornadus-Therian, M|100/100
|move|p2a: Clefable|Stealth Rock|p1a: Tornadus
|-sidestart|p1: BTLT200$ SF'|move: Stealth Rock
|
|upkeep
|turn|5
|
|t:|1667818947
|move|p1a: Tornadus|Defog|p2a: Clefable
|-unboost|p2a: Clefable|evasion|1
|-sideend|p1: BTLT200$ SF'|Stealth Rock|[from] move: Defog|[of] p1a: Tornadus
|move|p2a: Clefable|Moonblast|p1a: Tornadus
|-damage|p1a: Tornadus|67/100
|
|upkeep
|turn|6
|j| sam1903
|
|t:|1667818955
|switch|p1a: Corviknight|Corviknight, M|91/100
|-ability|p1a: Corviknight|Pressure
|switch|p2a: Hydreigon|Hydreigon, M|100/100
|
|upkeep
|turn|7
|
|t:|1667818960
|switch|p1a: Toxapex|Toxapex, M|100/100
|move|p2a: Hydreigon|Earth Power|p1a: Toxapex
|-supereffective|p1a: Toxapex
|-damage|p1a: Toxapex|60/100
|
|upkeep
|turn|8
|
|t:|1667818969
|switch|p2a: Slowking|Slowking-Galar, M|100/100
|switch|p1a: Tornadus|Tornadus-Therian, M|99/100
|
|upkeep
|turn|9
|
|t:|1667818975
|switch|p1a: Toxapex|Toxapex, M|93/100
|switch|p2a: Clefable|Clefable, M|92/100
|
|upkeep
|turn|10
|
|t:|1667818982
|switch|p2a: Hydreigon|Hydreigon, M|100/100
|switch|p1a: Corviknight|Corviknight, M|91/100
|-ability|p1a: Corviknight|Pressure
|
|upkeep
|turn|11
|
|t:|1667818984
|switch|p1a: Toxapex|Toxapex, M|100/100
|move|p2a: Hydreigon|Nasty Plot|p2a: Hydreigon
|-boost|p2a: Hydreigon|spa|2
|
|upkeep
|turn|12
|
|t:|1667818990
|move|p2a: Hydreigon|Dark Pulse|p1a: Toxapex
|-damage|p1a: Toxapex|42/100
|move|p1a: Toxapex|Light Screen|p1a: Toxapex
|-sidestart|p1: BTLT200$ SF'|move: Light Screen
|
|upkeep
|turn|13
|
|t:|1667818996
|switch|p1a: Clefable|Clefable, M|100/100
|move|p2a: Hydreigon|Earth Power|p1a: Clefable
|-damage|p1a: Clefable|85/100
|-unboost|p1a: Clefable|spd|1
|
|-heal|p1a: Clefable|91/100|[from] item: Leftovers
|upkeep
|turn|14
|
|t:|1667819004
|switch|p2a: Ferrothorn|Ferrothorn, F|100/100
|switch|p1a: Toxapex|Toxapex, M|75/100
|
|upkeep
|turn|15
|
|t:|1667819010
|switch|p1a: Corviknight|Corviknight, M|91/100
|-ability|p1a: Corviknight|Pressure
|move|p2a: Ferrothorn|Spikes|p1a: Corviknight
|-sidestart|p1: BTLT200$ SF'|Spikes
|
|upkeep
|turn|16
|
|t:|1667819016
|switch|p2a: Garchomp|Garchomp, M|100/100
|move|p1a: Corviknight|Defog|p2a: Garchomp
|-unboost|p2a: Garchomp|evasion|1
|-sideend|p1: BTLT200$ SF'|Spikes|[from] move: Defog|[of] p1a: Corviknight
|
|-sideend|p1: BTLT200$ SF'|move: Light Screen
|upkeep
|turn|17
|
|t:|1667819021
|switch|p1a: Tornadus|Tornadus-Therian, M|100/100
|move|p2a: Garchomp|Swords Dance|p2a: Garchomp
|-boost|p2a: Garchomp|atk|2
|
|upkeep
|turn|18
|
|t:|1667819029
|switch|p1a: Clefable|Clefable, M|91/100
|switch|p2a: Clefable|Clefable, M|92/100
|
|-heal|p1a: Clefable|97/100|[from] item: Leftovers
|upkeep
|turn|19
|
|t:|1667819035
|switch|p1a: Corviknight|Corviknight, M|91/100
|-ability|p1a: Corviknight|Pressure
|switch|p2a: Slowking|Slowking-Galar, M|100/100
|
|upkeep
|turn|20
|
|t:|1667819039
|move|p1a: Corviknight|U-turn|p2a: Slowking
|-damage|p2a: Slowking|85/100
|
|t:|1667819041
|switch|p1a: Toxapex|Toxapex, M|100/100|[from]move: U-turn
|move|p2a: Slowking|Sludge Bomb|p1a: Toxapex
|-resisted|p1a: Toxapex
|-damage|p1a: Toxapex|88/100
|
|upkeep
|turn|21
|
|t:|1667819047
|move|p2a: Slowking|Future Sight|p1a: Toxapex
|-start|p2a: Slowking|move: Future Sight
|move|p1a: Toxapex|Scald|p2a: Slowking
|-damage|p2a: Slowking|77/100
|-status|p2a: Slowking|brn
|
|-damage|p2a: Slowking|71/100 brn|[from] brn
|upkeep
|turn|22
|
|t:|1667819053
|switch|p2a: Hydreigon|Hydreigon, M|100/100
|move|p1a: Toxapex|Light Screen|p1a: Toxapex
|-sidestart|p1: BTLT200$ SF'|move: Light Screen
|
|upkeep
|turn|23
|
|t:|1667819062
|switch|p2a: Clefable|Clefable, M|92/100
|move|p1a: Toxapex|Toxic|p2a: Clefable
|-status|p2a: Clefable|tox
|
|-end|p1a: Toxapex|move: Future Sight
|-supereffective|p1a: Toxapex
|-damage|p1a: Toxapex|57/100
|upkeep
|turn|24
|
|t:|1667819071
|switch|p1a: Corviknight|Corviknight, M|91/100
|-ability|p1a: Corviknight|Pressure
|move|p2a: Clefable|Stealth Rock|p1a: Corviknight
|-sidestart|p1: BTLT200$ SF'|move: Stealth Rock
|
|upkeep
|turn|25
|
|t:|1667819075
|switch|p2a: Garchomp|Garchomp, M|100/100
|move|p1a: Corviknight|Defog|p2a: Garchomp
|-unboost|p2a: Garchomp|evasion|1
|-sideend|p1: BTLT200$ SF'|Stealth Rock|[from] move: Defog|[of] p1a: Corviknight
|
|upkeep
|turn|26
|
|t:|1667819081
|switch|p1a: Tornadus|Tornadus-Therian, M|100/100
|move|p2a: Garchomp|Scale Shot|p1a: Tornadus
|-damage|p1a: Tornadus|86/100
|-damage|p1a: Tornadus|72/100
|-damage|p1a: Tornadus|58/100
|-damage|p1a: Tornadus|46/100
|-hitcount|p1a: Tornadus|4
|-unboost|p2a: Garchomp|def|1
|-boost|p2a: Garchomp|spe|1
|
|-sideend|p1: BTLT200$ SF'|move: Light Screen
|upkeep
|turn|27
|
|t:|1667819090
|switch|p1a: Clefable|Clefable, M|97/100
|move|p2a: Garchomp|Earthquake|p1a: Clefable
|-damage|p1a: Clefable|60/100
|
|-heal|p1a: Clefable|66/100|[from] item: Leftovers
|upkeep
|turn|28
|
|t:|1667819095
|switch|p2a: Slowking|Slowking-Galar, M|100/100 brn
|move|p1a: Clefable|Soft-Boiled|p1a: Clefable
|-heal|p1a: Clefable|100/100
|
|-damage|p2a: Slowking|94/100 brn|[from] brn
|upkeep
|turn|29
|
|t:|1667819100
|switch|p1a: Toxapex|Toxapex, M|90/100
|move|p2a: Slowking|Scald|p1a: Toxapex
|-resisted|p1a: Toxapex
|-damage|p1a: Toxapex|83/100
|
|-damage|p2a: Slowking|88/100 brn|[from] brn
|upkeep
|turn|30
|
|t:|1667819107
|move|p2a: Slowking|Scald|p1a: Toxapex
|-resisted|p1a: Toxapex
|-damage|p1a: Toxapex|76/100
|move|p1a: Toxapex|Light Screen|p1a: Toxapex
|-sidestart|p1: BTLT200$ SF'|move: Light Screen
|
|-damage|p2a: Slowking|82/100 brn|[from] brn
|upkeep
|turn|31
|
|t:|1667819112
|switch|p1a: Tornadus|Tornadus-Therian, M|79/100
|move|p2a: Slowking|Sludge Bomb|p1a: Tornadus
|-damage|p1a: Tornadus|60/100
|-status|p1a: Tornadus|psn
|
|-damage|p1a: Tornadus|47/100 psn|[from] psn
|-damage|p2a: Slowking|76/100 brn|[from] brn
|upkeep
|turn|32
|
|t:|1667819121
|switch|p2a: Clefable|Clefable, M|92/100 tox
|move|p1a: Tornadus|Knock Off|p2a: Clefable
|-resisted|p2a: Clefable
|-damage|p2a: Clefable|86/100 tox
|
|-damage|p1a: Tornadus|35/100 psn|[from] psn
|upkeep
|turn|33
|
|t:|1667819128
|switch|p1a: Corviknight|Corviknight, M|91/100
|-ability|p1a: Corviknight|Pressure
|switch|p2a: Slowking|Slowking-Galar, M|100/100 brn
|
|-damage|p2a: Slowking|94/100 brn|[from] brn
|upkeep
|turn|34
|
|t:|1667819131
|move|p1a: Corviknight|U-turn|p2a: Slowking
|-damage|p2a: Slowking|78/100 brn
|
|t:|1667819133
|switch|p1a: Toxapex|Toxapex, M|100/100|[from]move: U-turn
|move|p2a: Slowking|Future Sight|p1a: Toxapex
|-start|p2a: Slowking|move: Future Sight
|
|-damage|p2a: Slowking|72/100 brn|[from] brn
|-sideend|p1: BTLT200$ SF'|move: Light Screen
|upkeep
|turn|35
|
|t:|1667819140
|move|p2a: Slowking|Scald|p1a: Toxapex
|-resisted|p1a: Toxapex
|-damage|p1a: Toxapex|93/100
|move|p1a: Toxapex|Light Screen|p1a: Toxapex
|-sidestart|p1: BTLT200$ SF'|move: Light Screen
|
|-damage|p2a: Slowking|66/100 brn|[from] brn
|upkeep
|turn|36
|
|t:|1667819151
|move|p2a: Slowking|Scald|p1a: Toxapex
|-resisted|p1a: Toxapex
|-damage|p1a: Toxapex|89/100
|-status|p1a: Toxapex|brn
|move|p1a: Toxapex|Scald|p2a: Slowking
|-crit|p2a: Slowking
|-damage|p2a: Slowking|55/100 brn
|
|-end|p1a: Toxapex|move: Future Sight
|-supereffective|p1a: Toxapex
|-damage|p1a: Toxapex|55/100 brn
|-damage|p2a: Slowking|49/100 brn|[from] brn
|-damage|p1a: Toxapex|49/100 brn|[from] brn
|upkeep
|turn|37
|
|t:|1667819162
|switch|p1a: Heatran|Heatran, M|100/100
|-item|p1a: Heatran|Air Balloon
|move|p2a: Slowking|Future Sight|p1a: Heatran
|-start|p2a: Slowking|move: Future Sight
|
|-damage|p2a: Slowking|43/100 brn|[from] brn
|upkeep
|turn|38
|
|t:|1667819169
|switch|p2a: Hydreigon|Hydreigon, M|100/100
|move|p1a: Heatran|Taunt|p2a: Hydreigon
|-start|p2a: Hydreigon|move: Taunt
|
|upkeep
|turn|39
|
|t:|1667819175
|switch|p1a: Clefable|Clefable, M|100/100
|move|p2a: Hydreigon|Dark Pulse|p1a: Clefable
|-resisted|p1a: Clefable
|-damage|p1a: Clefable|91/100
|
|-end|p1a: Clefable|move: Future Sight
|-damage|p1a: Clefable|65/100
|-heal|p1a: Clefable|72/100|[from] item: Leftovers
|-sideend|p1: BTLT200$ SF'|move: Light Screen
|upkeep
|turn|40
|
|t:|1667819181
|switch|p2a: Slowking|Slowking-Galar, M|76/100 brn
|move|p1a: Clefable|Aromatherapy|p1a: Clefable
|-activate|p1a: Clefable|move: Aromatherapy
|-curestatus|p1: Tornadus|psn|[msg]
|-curestatus|p1: Toxapex|brn|[msg]
|
|-heal|p1a: Clefable|78/100|[from] item: Leftovers
|-damage|p2a: Slowking|70/100 brn|[from] brn
|upkeep
|turn|41
|
|t:|1667819186
|switch|p1a: Toxapex|Toxapex, M|82/100
|switch|p2a: Ferrothorn|Ferrothorn, F|100/100
|
|upkeep
|turn|42
|
|t:|1667819190
|switch|p1a: Corviknight|Corviknight, M|91/100
|-ability|p1a: Corviknight|Pressure
|move|p2a: Ferrothorn|Leech Seed|p1a: Corviknight
|-start|p1a: Corviknight|move: Leech Seed
|
|-damage|p1a: Corviknight|78/100|[from] Leech Seed|[of] p2a: Ferrothorn
|upkeep
|turn|43
|
|t:|1667819198
|switch|p1a: Tornadus|Tornadus-Therian, M|68/100
|move|p2a: Ferrothorn|Spikes|p1a: Tornadus
|-sidestart|p1: BTLT200$ SF'|Spikes
|
|upkeep
|turn|44
|
|t:|1667819216
|switch|p2a: Clefable|Clefable, M|86/100 tox
|move|p1a: Tornadus|Defog|p2a: Clefable
|-unboost|p2a: Clefable|evasion|1
|-sideend|p1: BTLT200$ SF'|Spikes|[from] move: Defog|[of] p1a: Tornadus
|
|upkeep
|turn|45
|
|t:|1667819222
|switch|p1a: Corviknight|Corviknight, M|78/100
|-ability|p1a: Corviknight|Pressure
|switch|p2a: Slowking|Slowking-Galar, M|100/100 brn
|
|-damage|p2a: Slowking|94/100 brn|[from] brn
|upkeep
|turn|46
|
|t:|1667819228
|move|p1a: Corviknight|U-turn|p2a: Slowking
|-damage|p2a: Slowking|79/100 brn
|
|t:|1667819229
|switch|p1a: Toxapex|Toxapex, M|100/100|[from]move: U-turn
|move|p2a: Slowking|Scald|p1a: Toxapex
|-resisted|p1a: Toxapex
|-damage|p1a: Toxapex|94/100
|-status|p1a: Toxapex|brn
|
|-damage|p2a: Slowking|73/100 brn|[from] brn
|-damage|p1a: Toxapex|87/100 brn|[from] brn
|upkeep
|turn|47
|
|t:|1667819242
|switch|p2a: Ferrothorn|Ferrothorn, F|100/100
|move|p1a: Toxapex|Light Screen|p1a: Toxapex
|-sidestart|p1: BTLT200$ SF'|move: Light Screen
|
|-damage|p1a: Toxapex|81/100 brn|[from] brn
|upkeep
|turn|48
|
|t:|1667819248
|switch|p1a: Corviknight|Corviknight, M|78/100
|-ability|p1a: Corviknight|Pressure
|move|p2a: Ferrothorn|Spikes|p1a: Corviknight
|-sidestart|p1: BTLT200$ SF'|Spikes
|
|upkeep
|turn|49
|
|t:|1667819256
|switch|p2a: Slowking|Slowking-Galar, M|100/100 brn
|move|p1a: Corviknight|Defog|p2a: Slowking
|-unboost|p2a: Slowking|evasion|1
|-sideend|p1: BTLT200$ SF'|Spikes|[from] move: Defog|[of] p1a: Corviknight
|
|-damage|p2a: Slowking|94/100 brn|[from] brn
|upkeep
|turn|50
|
|t:|1667819261
|switch|p2a: Ferrothorn|Ferrothorn, F|100/100
|move|p1a: Corviknight|U-turn|p2a: Ferrothorn
|-damage|p2a: Ferrothorn|92/100
|-damage|p1a: Corviknight|66/100|[from] ability: Iron Barbs|[of] p2a: Ferrothorn
|
|t:|1667819263
|switch|p1a: Tornadus|Tornadus-Therian, M|100/100|[from]move: U-turn
|
|-heal|p2a: Ferrothorn|98/100|[from] item: Leftovers
|upkeep
|turn|51
|l| Sino pacific
|
|t:|1667819273
|switch|p2a: Clefable|Clefable, M|86/100 tox
|move|p1a: Tornadus|Heat Wave|p2a: Clefable
|-damage|p2a: Clefable|68/100 tox
|
|-sideend|p1: BTLT200$ SF'|move: Light Screen
|upkeep
|turn|52
|
|t:|1667819284
|switch|p1a: Corviknight|Corviknight, M|66/100
|-ability|p1a: Corviknight|Pressure
|switch|p2a: Slowking|Slowking-Galar, M|100/100 brn
|
|-damage|p2a: Slowking|94/100 brn|[from] brn
|upkeep
|turn|53
|
|t:|1667819286
|move|p1a: Corviknight|U-turn|p2a: Slowking
|-damage|p2a: Slowking|79/100 brn
|
|t:|1667819288
|switch|p1a: Toxapex|Toxapex, M|100/100 brn|[from]move: U-turn
|move|p2a: Slowking|Flamethrower|p1a: Toxapex
|-resisted|p1a: Toxapex
|-damage|p1a: Toxapex|92/100 brn
|
|-damage|p2a: Slowking|73/100 brn|[from] brn
|-damage|p1a: Toxapex|86/100 brn|[from] brn
|upkeep
|turn|54
|
|t:|1667819299
|switch|p2a: Ferrothorn|Ferrothorn, F|98/100
|move|p1a: Toxapex|Light Screen|p1a: Toxapex
|-sidestart|p1: BTLT200$ SF'|move: Light Screen
|
|-heal|p2a: Ferrothorn|100/100|[from] item: Leftovers
|-damage|p1a: Toxapex|80/100 brn|[from] brn
|upkeep
|turn|55
|
|t:|1667819305
|switch|p1a: Corviknight|Corviknight, M|66/100
|-ability|p1a: Corviknight|Pressure
|switch|p2a: Urshifu|Urshifu-Rapid-Strike, M|100/100
|
|upkeep
|turn|56
|
|t:|1667819312
|switch|p1a: Toxapex|Toxapex, M|100/100 brn
|move|p2a: Urshifu|U-turn|p1a: Toxapex
|-resisted|p1a: Toxapex
|-damage|p1a: Toxapex|91/100 brn
|
|t:|1667819320
|switch|p2a: Ferrothorn|Ferrothorn, F|100/100|[from]move: U-turn
|
|-damage|p1a: Toxapex|85/100 brn|[from] brn
|upkeep
|turn|57
|
|t:|1667819337
|switch|p1a: Corviknight|Corviknight, M|66/100
|-ability|p1a: Corviknight|Pressure
|move|p2a: Ferrothorn|Spikes|p1a: Corviknight
|-sidestart|p1: BTLT200$ SF'|Spikes
|
|upkeep
|turn|58
|
|t:|1667819340
|switch|p2a: Slowking|Slowking-Galar, M|100/100 brn
|move|p1a: Corviknight|Defog|p2a: Slowking
|-unboost|p2a: Slowking|evasion|1
|-sideend|p1: BTLT200$ SF'|Spikes|[from] move: Defog|[of] p1a: Corviknight
|
|-damage|p2a: Slowking|94/100 brn|[from] brn
|-sideend|p1: BTLT200$ SF'|move: Light Screen
|upkeep
|turn|59
|
|t:|1667819347
|switch|p1a: Toxapex|Toxapex, M|100/100 brn
|move|p2a: Slowking|Future Sight|p1a: Toxapex
|-start|p2a: Slowking|move: Future Sight
|
|-damage|p2a: Slowking|88/100 brn|[from] brn
|-damage|p1a: Toxapex|94/100 brn|[from] brn
|upkeep
|turn|60
|
|t:|1667819353
|switch|p2a: Garchomp|Garchomp, M|100/100
|move|p1a: Toxapex|Light Screen|p1a: Toxapex
|-sidestart|p1: BTLT200$ SF'|move: Light Screen
|
|-damage|p1a: Toxapex|88/100 brn|[from] brn
|upkeep
|turn|61
|
|t:|1667819365
|move|p2a: Garchomp|Earthquake|p1a: Toxapex
|-supereffective|p1a: Toxapex
|-damage|p1a: Toxapex|14/100 brn
|move|p1a: Toxapex|Toxic|p2a: Garchomp
|-status|p2a: Garchomp|tox
|
|-end|p1a: Toxapex|move: Future Sight
|-supereffective|p1a: Toxapex
|-damage|p1a: Toxapex|0 fnt
|faint|p1a: Toxapex
|-damage|p2a: Garchomp|94/100 tox|[from] psn
|upkeep
|
|t:|1667819373
|switch|p1a: Tornadus|Tornadus-Therian, M|100/100
|turn|62
|
|t:|1667819378
|switch|p1a: Heatran|Heatran, M|100/100
|-item|p1a: Heatran|Air Balloon
|switch|p2a: Clefable|Clefable, M|68/100 tox
|
|upkeep
|turn|63
|
|t:|1667819383
|switch|p2a: Hydreigon|Hydreigon, M|100/100
|move|p1a: Heatran|Magma Storm|p2a: Hydreigon
|-resisted|p2a: Hydreigon
|-damage|p2a: Hydreigon|76/100
|-activate|p2a: Hydreigon|move: Magma Storm|[of] p1a: Heatran
|
|-heal|p2a: Hydreigon|83/100|[from] item: Leftovers
|-damage|p2a: Hydreigon|70/100|[from] move: Magma Storm|[partiallytrapped]
|upkeep
|turn|64
|
|t:|1667819387
|switch|p1a: Tornadus|Tornadus-Therian, M|100/100
|move|p2a: Hydreigon|Dark Pulse|p1a: Tornadus
|-damage|p1a: Tornadus|81/100
|
|-heal|p2a: Hydreigon|76/100|[from] item: Leftovers
|-end|p2a: Hydreigon|Magma Storm|[partiallytrapped]|[silent]
|-sideend|p1: BTLT200$ SF'|move: Light Screen
|upkeep
|turn|65
|
|t:|1667819392
|switch|p1a: Heatran|Heatran, M|100/100
|-item|p1a: Heatran|Air Balloon
|switch|p2a: Clefable|Clefable, M|68/100 tox
|
|upkeep
|turn|66
|
|t:|1667819394
|switch|p2a: Hydreigon|Hydreigon, M|76/100
|move|p1a: Heatran|Magma Storm|p2a: Hydreigon
|-resisted|p2a: Hydreigon
|-damage|p2a: Hydreigon|52/100
|-activate|p2a: Hydreigon|move: Magma Storm|[of] p1a: Heatran
|
|-heal|p2a: Hydreigon|59/100|[from] item: Leftovers
|-damage|p2a: Hydreigon|46/100|[from] move: Magma Storm|[partiallytrapped]
|upkeep
|turn|67
|
|t:|1667819399
|switch|p1a: Hippowdon|Hippowdon, F|100/100
|-weather|Sandstorm|[from] ability: Sand Stream|[of] p1a: Hippowdon
|move|p2a: Hydreigon|Roost|p2a: Hydreigon
|-heal|p2a: Hydreigon|96/100
|-singleturn|p2a: Hydreigon|move: Roost
|
|-weather|Sandstorm|[upkeep]
|-damage|p2a: Hydreigon|90/100|[from] Sandstorm
|-heal|p2a: Hydreigon|96/100|[from] item: Leftovers
|-end|p2a: Hydreigon|Magma Storm|[partiallytrapped]|[silent]
|upkeep
|turn|68
|
|t:|1667819405
|switch|p2a: Ferrothorn|Ferrothorn, F|100/100
|move|p1a: Hippowdon|Stealth Rock|p2a: Ferrothorn
|-sidestart|p2: Meracx|move: Stealth Rock
|
|-weather|Sandstorm|[upkeep]
|upkeep
|turn|69
|
|t:|1667819407
|switch|p1a: Heatran|Heatran, M|100/100
|-item|p1a: Heatran|Air Balloon
|move|p2a: Ferrothorn|Spikes|p1a: Heatran
|-sidestart|p1: BTLT200$ SF'|Spikes
|
|-weather|Sandstorm|[upkeep]
|upkeep
|turn|70
|
|t:|1667819411
|switch|p2a: Hydreigon|Hydreigon, M|96/100
|-damage|p2a: Hydreigon|84/100|[from] Stealth Rock
|move|p1a: Heatran|Magma Storm|p2a: Hydreigon
|-resisted|p2a: Hydreigon
|-damage|p2a: Hydreigon|61/100
|-activate|p2a: Hydreigon|move: Magma Storm|[of] p1a: Heatran
|
|-weather|Sandstorm|[upkeep]
|-damage|p2a: Hydreigon|55/100|[from] Sandstorm
|-heal|p2a: Hydreigon|61/100|[from] item: Leftovers
|-damage|p2a: Hydreigon|48/100|[from] move: Magma Storm|[partiallytrapped]
|upkeep
|turn|71
|
|t:|1667819418
|move|p2a: Hydreigon|Roost|p2a: Hydreigon
|-heal|p2a: Hydreigon|99/100
|-singleturn|p2a: Hydreigon|move: Roost
|move|p1a: Heatran|Taunt|p2a: Hydreigon
|-start|p2a: Hydreigon|move: Taunt
|
|-weather|none
|-heal|p2a: Hydreigon|100/100|[from] item: Leftovers
|-damage|p2a: Hydreigon|88/100|[from] move: Magma Storm|[partiallytrapped]
|upkeep
|turn|72
|
|t:|1667819422
|switch|p1a: Tornadus|Tornadus-Therian, M|100/100
|move|p2a: Hydreigon|Dark Pulse|p1a: Tornadus
|-damage|p1a: Tornadus|55/100
|
|-heal|p2a: Hydreigon|94/100|[from] item: Leftovers
|-end|p2a: Hydreigon|Magma Storm|[partiallytrapped]|[silent]
|upkeep
|turn|73
|j| SandTyrant
|
|t:|1667819430
|switch|p2a: Clefable|Clefable, M|68/100 tox
|move|p1a: Tornadus|Knock Off|p2a: Clefable
|-resisted|p2a: Clefable
|-damage|p2a: Clefable|62/100 tox
|
|upkeep
|turn|74
|
|t:|1667819435
|switch|p1a: Corviknight|Corviknight, M|66/100
|-ability|p1a: Corviknight|Pressure
|move|p2a: Clefable|Soft-Boiled|p2a: Clefable
|-heal|p2a: Clefable|100/100 tox
|
|upkeep
|turn|75
|
|t:|1667819440
|move|p1a: Corviknight|Roost|p1a: Corviknight
|-heal|p1a: Corviknight|100/100
|-singleturn|p1a: Corviknight|move: Roost
|move|p2a: Clefable|Stealth Rock|p1a: Corviknight
|-sidestart|p1: BTLT200$ SF'|move: Stealth Rock
|
|upkeep
|turn|76
|
|t:|1667819447
|switch|p2a: Slowking|Slowking-Galar, M|100/100 brn
|-damage|p2a: Slowking|88/100 brn|[from] Stealth Rock
|move|p1a: Corviknight|Defog|p2a: Slowking
|-unboost|p2a: Slowking|evasion|1
|-sideend|p2: Meracx|Stealth Rock|[from] move: Defog|[of] p1a: Corviknight
|-sideend|p1: BTLT200$ SF'|Spikes|[from] move: Defog|[of] p1a: Corviknight
|-sideend|p1: BTLT200$ SF'|Stealth Rock|[from] move: Defog|[of] p1a: Corviknight
|
|-damage|p2a: Slowking|82/100 brn|[from] brn
|upkeep
|turn|77
|
|t:|1667819455
|move|p1a: Corviknight|U-turn|p2a: Slowking
|-damage|p2a: Slowking|68/100 brn
|
|t:|1667819458
|switch|p1a: Hippowdon|Hippowdon, F|100/100|[from]move: U-turn
|-weather|Sandstorm|[from] ability: Sand Stream|[of] p1a: Hippowdon
|move|p2a: Slowking|Sludge Bomb|p1a: Hippowdon
|-resisted|p1a: Hippowdon
|-crit|p1a: Hippowdon
|-damage|p1a: Hippowdon|80/100
|
|-weather|Sandstorm|[upkeep]
|-damage|p2a: Slowking|61/100 brn|[from] Sandstorm
|-heal|p1a: Hippowdon|86/100|[from] item: Leftovers
|-damage|p2a: Slowking|55/100 brn|[from] brn
|upkeep
|turn|78
|
|t:|1667819465
|switch|p2a: Clefable|Clefable, M|100/100 tox
|move|p1a: Hippowdon|Earthquake|p2a: Clefable
|-damage|p2a: Clefable|68/100 tox
|
|-weather|Sandstorm|[upkeep]
|-heal|p1a: Hippowdon|93/100|[from] item: Leftovers
|upkeep
|turn|79
|
|t:|1667819472
|move|p2a: Clefable|Knock Off|p1a: Hippowdon
|-damage|p1a: Hippowdon|81/100
|-enditem|p1a: Hippowdon|Leftovers|[from] move: Knock Off|[of] p2a: Clefable
|move|p1a: Hippowdon|Stealth Rock|p2a: Clefable
|-sidestart|p2: Meracx|move: Stealth Rock
|
|-weather|Sandstorm|[upkeep]
|upkeep
|turn|80
|
|t:|1667819478
|switch|p1a: Heatran|Heatran, M|100/100
|-item|p1a: Heatran|Air Balloon
|move|p2a: Clefable|Stealth Rock|p1a: Heatran
|-sidestart|p1: BTLT200$ SF'|move: Stealth Rock
|
|-weather|Sandstorm|[upkeep]
|upkeep
|turn|81
|
|t:|1667819486
|switch|p1a: Corviknight|Corviknight, M|100/100
|-damage|p1a: Corviknight|88/100|[from] Stealth Rock
|-ability|p1a: Corviknight|Pressure
|switch|p2a: Hydreigon|Hydreigon, M|94/100
|-damage|p2a: Hydreigon|82/100|[from] Stealth Rock
|
|-weather|none
|-heal|p2a: Hydreigon|88/100|[from] item: Leftovers
|upkeep
|turn|82
|
|t:|1667819490
|move|p2a: Hydreigon|Dark Pulse|p1a: Corviknight
|-damage|p1a: Corviknight|50/100
|move|p1a: Corviknight|U-turn|p2a: Hydreigon
|-supereffective|p2a: Hydreigon
|-damage|p2a: Hydreigon|56/100
|
|t:|1667819494
|switch|p1a: Hippowdon|Hippowdon, F|81/100|[from]move: U-turn
|-damage|p1a: Hippowdon|75/100|[from] Stealth Rock
|-weather|Sandstorm|[from] ability: Sand Stream|[of] p1a: Hippowdon
|
|-weather|Sandstorm|[upkeep]
|-damage|p2a: Hydreigon|49/100|[from] Sandstorm
|-heal|p2a: Hydreigon|56/100|[from] item: Leftovers
|upkeep
|turn|83
|
|t:|1667819509
|switch|p2a: Ferrothorn|Ferrothorn, F|100/100
|-damage|p2a: Ferrothorn|94/100|[from] Stealth Rock
|switch|p1a: Heatran|Heatran, M|100/100
|-damage|p1a: Heatran|88/100|[from] Stealth Rock
|-item|p1a: Heatran|Air Balloon
|
|-weather|Sandstorm|[upkeep]
|-heal|p2a: Ferrothorn|100/100|[from] item: Leftovers
|upkeep
|turn|84
|
|t:|1667819516
|switch|p1a: Tornadus|Tornadus-Therian, M|88/100
|-damage|p1a: Tornadus|63/100|[from] Stealth Rock
|switch|p2a: Garchomp|Garchomp, M|94/100 tox
|-damage|p2a: Garchomp|88/100 tox|[from] Stealth Rock
|
|-weather|Sandstorm|[upkeep]
|-damage|p1a: Tornadus|57/100|[from] Sandstorm
|-heal|p2a: Garchomp|94/100 tox|[from] item: Leftovers
|-damage|p2a: Garchomp|88/100 tox|[from] psn
|upkeep
|turn|85
|j| tyfcruio
|
|t:|1667819520
|switch|p1a: Clefable|Clefable, M|78/100
|-damage|p1a: Clefable|65/100|[from] Stealth Rock
|move|p2a: Garchomp|Scale Shot|p1a: Clefable
|-immune|p1a: Clefable
|
|-weather|Sandstorm|[upkeep]
|-damage|p1a: Clefable|59/100|[from] Sandstorm
|-heal|p2a: Garchomp|94/100 tox|[from] item: Leftovers
|-heal|p1a: Clefable|65/100|[from] item: Leftovers
|-damage|p2a: Garchomp|82/100 tox|[from] psn
|upkeep
|turn|86
|
|t:|1667819526
|switch|p2a: Slowking|Slowking-Galar, M|89/100 brn
|-damage|p2a: Slowking|76/100 brn|[from] Stealth Rock
|move|p1a: Clefable|Soft-Boiled|p1a: Clefable
|-heal|p1a: Clefable|100/100
|
|-weather|none
|-damage|p2a: Slowking|70/100 brn|[from] brn
|upkeep
|turn|87
|l| tyfcruio
|
|t:|1667819531
|switch|p1a: Heatran|Heatran, M|88/100
|-damage|p1a: Heatran|76/100|[from] Stealth Rock
|-item|p1a: Heatran|Air Balloon
|move|p2a: Slowking|Scald|p1a: Heatran
|-supereffective|p1a: Heatran
|-damage|p1a: Heatran|47/100
|-enditem|p1a: Heatran|Air Balloon
|
|-damage|p2a: Slowking|64/100 brn|[from] brn
|upkeep
|turn|88
|
|t:|1667819543
|move|p1a: Heatran|Magma Storm|p2a: Slowking
|-damage|p2a: Slowking|45/100 brn
|-activate|p2a: Slowking|move: Magma Storm|[of] p1a: Heatran
|move|p2a: Slowking|Scald|p1a: Heatran
|-supereffective|p1a: Heatran
|-damage|p1a: Heatran|21/100
|
|-damage|p2a: Slowking|39/100 brn|[from] brn
|-damage|p2a: Slowking|27/100 brn|[from] move: Magma Storm|[partiallytrapped]
|upkeep
|turn|89
|j| tamadie
|
|t:|1667819546
|move|p1a: Heatran|Rest|p1a: Heatran
|-status|p1a: Heatran|slp|[from] move: Rest
|-heal|p1a: Heatran|100/100 slp|[silent]
|move|p2a: Slowking|Scald|p1a: Heatran
|-supereffective|p1a: Heatran
|-damage|p1a: Heatran|71/100 slp
|
|-damage|p2a: Slowking|21/100 brn|[from] brn
|-damage|p2a: Slowking|8/100 brn|[from] move: Magma Storm|[partiallytrapped]
|upkeep
|turn|90
|
|t:|1667819552
|cant|p1a: Heatran|slp
|move|p2a: Slowking|Future Sight|p1a: Heatran
|-start|p2a: Slowking|move: Future Sight
|
|-damage|p2a: Slowking|2/100 brn|[from] brn
|-damage|p2a: Slowking|0 fnt|[from] move: Magma Storm|[partiallytrapped]
|faint|p2a: Slowking
|upkeep
|
|t:|1667819557
|switch|p2a: Urshifu|Urshifu-Rapid-Strike, M|100/100
|-damage|p2a: Urshifu|94/100|[from] Stealth Rock
|turn|91
|
|t:|1667819586
|switch|p1a: Hippowdon|Hippowdon, F|75/100
|-damage|p1a: Hippowdon|69/100|[from] Stealth Rock
|-weather|Sandstorm|[from] ability: Sand Stream|[of] p1a: Hippowdon
|move|p2a: Urshifu|Surging Strikes|p1a: Hippowdon
|-supereffective|p1a: Hippowdon
|-crit|p1a: Hippowdon
|-damage|p1a: Hippowdon|39/100
|-supereffective|p1a: Hippowdon
|-crit|p1a: Hippowdon
|-damage|p1a: Hippowdon|9/100
|-supereffective|p1a: Hippowdon
|-crit|p1a: Hippowdon
|-damage|p1a: Hippowdon|0 fnt
|faint|p1a: Hippowdon
|-hitcount|p1: Hippowdon|3
|
|-weather|Sandstorm|[upkeep]
|-damage|p2a: Urshifu|88/100|[from] Sandstorm
|upkeep
|inactive|BTLT200$ SF' has 120 seconds left.
|
|t:|1667819615
|switch|p1a: Tornadus|Tornadus-Therian, M|90/100
|-damage|p1a: Tornadus|65/100|[from] Stealth Rock
|turn|92
|
|t:|1667819620
|move|p2a: Urshifu|Surging Strikes|p1a: Tornadus
|-crit|p1a: Tornadus
|-damage|p1a: Tornadus|46/100
|-crit|p1a: Tornadus
|-damage|p1a: Tornadus|24/100
|-crit|p1a: Tornadus
|-damage|p1a: Tornadus|4/100
|-hitcount|p1a: Tornadus|3
|move|p1a: Tornadus|Knock Off|p2a: Urshifu
|-resisted|p2a: Urshifu
|-damage|p2a: Urshifu|78/100
|-enditem|p2a: Urshifu|Choice Scarf|[from] move: Knock Off|[of] p1a: Tornadus
|
|-weather|Sandstorm|[upkeep]
|-damage|p1a: Tornadus|0 fnt|[from] Sandstorm
|-damage|p2a: Urshifu|72/100|[from] Sandstorm
|faint|p1a: Tornadus
|-hint|Future Sight did not hit because the target is fainted.
|upkeep
|
|t:|1667819622
|switch|p1a: Clefable|Clefable, M|100/100
|-damage|p1a: Clefable|88/100|[from] Stealth Rock
|turn|93
|
|t:|1667819638
|switch|p1a: Heatran|Heatran, M|71/100 slp
|-damage|p1a: Heatran|59/100 slp|[from] Stealth Rock
|move|p2a: Urshifu|U-turn|p1a: Heatran
|-resisted|p1a: Heatran
|-damage|p1a: Heatran|54/100 slp
|
|t:|1667819646
|switch|p2a: Hydreigon|Hydreigon, M|56/100|[from]move: U-turn
|-damage|p2a: Hydreigon|43/100|[from] Stealth Rock
|
|-weather|Sandstorm|[upkeep]
|-damage|p2a: Hydreigon|37/100|[from] Sandstorm
|-heal|p2a: Hydreigon|43/100|[from] item: Leftovers
|upkeep
|turn|94
|
|t:|1667819650
|switch|p1a: Clefable|Clefable, M|88/100
|-damage|p1a: Clefable|76/100|[from] Stealth Rock
|move|p2a: Hydreigon|Roost|p2a: Hydreigon
|-heal|p2a: Hydreigon|93/100
|-singleturn|p2a: Hydreigon|move: Roost
|
|-weather|Sandstorm|[upkeep]
|-damage|p2a: Hydreigon|87/100|[from] Sandstorm
|-damage|p1a: Clefable|70/100|[from] Sandstorm
|-heal|p2a: Hydreigon|93/100|[from] item: Leftovers
|-heal|p1a: Clefable|76/100|[from] item: Leftovers
|upkeep
|turn|95
|inactive|BTLT200$ SF' has 90 seconds left.
|j| Tokyo EZ
|
|t:|1667819684
|switch|p2a: Ferrothorn|Ferrothorn, F|100/100
|-damage|p2a: Ferrothorn|94/100|[from] Stealth Rock
|move|p1a: Clefable|Aromatherapy|p1a: Clefable
|-activate|p1a: Clefable|move: Aromatherapy
|-curestatus|p1: Heatran|slp|[msg]
|
|-weather|none
|-heal|p1a: Clefable|82/100|[from] item: Leftovers
|-heal|p2a: Ferrothorn|100/100|[from] item: Leftovers
|upkeep
|turn|96
|
|t:|1667819689
|switch|p1a: Corviknight|Corviknight, M|50/100
|-damage|p1a: Corviknight|37/100|[from] Stealth Rock
|-ability|p1a: Corviknight|Pressure
|move|p2a: Ferrothorn|Leech Seed|p1a: Corviknight
|-start|p1a: Corviknight|move: Leech Seed
|
|-damage|p1a: Corviknight|25/100|[from] Leech Seed|[of] p2a: Ferrothorn
|upkeep
|turn|97
|
|t:|1667819696
|switch|p2a: Urshifu|Urshifu-Rapid-Strike, M|72/100
|-damage|p2a: Urshifu|66/100|[from] Stealth Rock
|move|p1a: Corviknight|Roost|p1a: Corviknight
|-heal|p1a: Corviknight|75/100
|-singleturn|p1a: Corviknight|move: Roost
|
|-damage|p1a: Corviknight|62/100|[from] Leech Seed|[of] p2a: Urshifu
|-heal|p2a: Urshifu|80/100|[silent]
|upkeep
|turn|98
|
|t:|1667819704
|move|p2a: Urshifu|Surging Strikes|p1a: Corviknight
|-crit|p1a: Corviknight
|-damage|p1a: Corviknight|49/100
|-crit|p1a: Corviknight
|-damage|p1a: Corviknight|36/100
|-crit|p1a: Corviknight
|-damage|p1a: Corviknight|23/100
|-hitcount|p1a: Corviknight|3
|move|p1a: Corviknight|Roost|p1a: Corviknight
|-heal|p1a: Corviknight|73/100
|-singleturn|p1a: Corviknight|move: Roost
|
|-damage|p1a: Corviknight|61/100|[from] Leech Seed|[of] p2a: Urshifu
|-heal|p2a: Urshifu|95/100|[silent]
|upkeep
|turn|99
|
|t:|1667819712
|move|p2a: Urshifu|Close Combat|p1a: Corviknight
|-damage|p1a: Corviknight|19/100
|-unboost|p2a: Urshifu|def|1
|-unboost|p2a: Urshifu|spd|1
|move|p1a: Corviknight|Roost|p1a: Corviknight
|-heal|p1a: Corviknight|69/100
|-singleturn|p1a: Corviknight|move: Roost
|
|-damage|p1a: Corviknight|57/100|[from] Leech Seed|[of] p2a: Urshifu
|-heal|p2a: Urshifu|100/100|[silent]
|upkeep
|turn|100
|
|t:|1667819719
|move|p2a: Urshifu|Close Combat|p1a: Corviknight
|-damage|p1a: Corviknight|19/100
|-unboost|p2a: Urshifu|def|1
|-unboost|p2a: Urshifu|spd|1
|move|p1a: Corviknight|Roost|p1a: Corviknight
|-heal|p1a: Corviknight|69/100
|-singleturn|p1a: Corviknight|move: Roost
|
|-damage|p1a: Corviknight|57/100|[from] Leech Seed|[of] p2a: Urshifu
|upkeep
|turn|101
|
|t:|1667819727
|move|p2a: Urshifu|Ice Punch|p1a: Corviknight
|-damage|p1a: Corviknight|41/100
|move|p1a: Corviknight|Roost|p1a: Corviknight
|-heal|p1a: Corviknight|91/100
|-singleturn|p1a: Corviknight|move: Roost
|
|-damage|p1a: Corviknight|78/100|[from] Leech Seed|[of] p2a: Urshifu
|upkeep
|turn|102
|
|t:|1667819733
|move|p2a: Urshifu|Close Combat|p1a: Corviknight
|-damage|p1a: Corviknight|39/100
|-unboost|p2a: Urshifu|def|1
|-unboost|p2a: Urshifu|spd|1
|move|p1a: Corviknight|Roost|p1a: Corviknight
|-heal|p1a: Corviknight|89/100
|-singleturn|p1a: Corviknight|move: Roost
|
|-damage|p1a: Corviknight|77/100|[from] Leech Seed|[of] p2a: Urshifu
|upkeep
|turn|103
|
|t:|1667819739
|move|p2a: Urshifu|Ice Punch|p1a: Corviknight
|-damage|p1a: Corviknight|60/100
|move|p1a: Corviknight|Roost|p1a: Corviknight
|-heal|p1a: Corviknight|100/100
|-singleturn|p1a: Corviknight|move: Roost
|
|-damage|p1a: Corviknight|88/100|[from] Leech Seed|[of] p2a: Urshifu
|upkeep
|turn|104
|
|t:|1667819743
|move|p2a: Urshifu|Ice Punch|p1a: Corviknight
|-damage|p1a: Corviknight|70/100
|move|p1a: Corviknight|Defog|p2a: Urshifu
|-unboost|p2a: Urshifu|evasion|1
|-sideend|p2: Meracx|Stealth Rock|[from] move: Defog|[of] p1a: Corviknight
|-sideend|p1: BTLT200$ SF'|Stealth Rock|[from] move: Defog|[of] p1a: Corviknight
|
|-damage|p1a: Corviknight|58/100|[from] Leech Seed|[of] p2a: Urshifu
|upkeep
|turn|105
|
|t:|1667819749
|switch|p1a: Clefable|Clefable, M|82/100
|move|p2a: Urshifu|Ice Punch|p1a: Clefable
|-damage|p1a: Clefable|62/100
|
|-heal|p1a: Clefable|68/100|[from] item: Leftovers
|upkeep
|turn|106
|
|t:|1667819756
|move|p2a: Urshifu|Ice Punch|p1a: Clefable
|-damage|p1a: Clefable|49/100
|-status|p1a: Clefable|frz
|cant|p1a: Clefable|frz
|
|-heal|p1a: Clefable|55/100 frz|[from] item: Leftovers
|upkeep
|turn|107
|
|t:|1667819768
|move|p2a: Urshifu|Surging Strikes|p1a: Clefable
|-crit|p1a: Clefable
|-damage|p1a: Clefable|40/100 frz
|-crit|p1a: Clefable
|-damage|p1a: Clefable|24/100 frz
|-crit|p1a: Clefable
|-damage|p1a: Clefable|9/100 frz
|-hitcount|p1a: Clefable|3
|cant|p1a: Clefable|frz
|
|-heal|p1a: Clefable|15/100 frz|[from] item: Leftovers
|upkeep
|turn|108
|
|t:|1667819784
|move|p2a: Urshifu|Surging Strikes|p1a: Clefable
|-crit|p1a: Clefable
|-damage|p1a: Clefable|0 fnt
|faint|p1a: Clefable
|-hitcount|p1: Clefable|1
|
|upkeep
|
|t:|1667819785
|switch|p1a: Corviknight|Corviknight, M|58/100
|-ability|p1a: Corviknight|Pressure
|turn|109
|j| Ran Kob
|
|t:|1667819795
|switch|p2a: Hydreigon|Hydreigon, M|93/100
|move|p1a: Corviknight|Roost|p1a: Corviknight
|-heal|p1a: Corviknight|100/100
|-singleturn|p1a: Corviknight|move: Roost
|
|-heal|p2a: Hydreigon|99/100|[from] item: Leftovers
|upkeep
|turn|110
|-message|BTLT200$ SF' forfeited.
|
|win|Meracx
|raw|BTLT200$ SF&apos;'s rating: 1701 &rarr; <strong>1686</strong><br />(-15 for losing)
|raw|Meracx's rating: 1787 &rarr; <strong>1802</strong><br />(+15 for winning)
|l|☆BTLT200$ SF'
