|j|☆lebanesestinker
|j|☆Trans Marill
|t:|1647789324
|gametype|singles
|player|p1|lebanesestinker|li|1456
|player|p2|Trans Marill|pokemonbreederf-gen4|1520
|teamsize|p1|6
|teamsize|p2|6
|gen|8
|tier|[Gen 8] OU
|rated|
|rule|Sleep Clause Mod: Limit one foe put to sleep
|rule|Species Clause: Limit one of each Pokémon
|rule|OHKO Clause: OHKO moves are banned
|rule|Evasion Moves Clause: Evasion moves are banned
|rule|Endless Battle Clause: Forcing endless battles is banned
|rule|HP Percentage Mod: HP is shown in percentages
|rule|Dynamax Clause: You cannot dynamax
|clearpoke
|poke|p1|Grimmsnarl, M|
|poke|p1|Garchomp, F|
|poke|p1|Slowbro-Galar, M|
|poke|p1|Dragonite, F|
|poke|p1|Volcarona, F|
|poke|p1|Jirachi|
|poke|p2|Pyukumuku, M|
|poke|p2|Ditto|
|poke|p2|Mew|
|poke|p2|Snorlax, F|
|poke|p2|Goodra, M|
|poke|p2|Moltres|
|teampreview
|inactive|Battle timer is ON: inactive players will automatically lose when time's up. (requested by lebanesestinker)
|
|t:|1647789349
|start
|switch|p1a: Grimmsnarl|Grimmsnarl, M|100/100
|switch|p2a: Snorlax|Snorlax, F|100/100
|turn|1
|
|t:|1647789352
|move|p1a: Grimmsnarl|Taunt|p2a: Snorlax
|-start|p2a: Snorlax|move: Taunt
|move|p2a: Snorlax|Body Slam|p1a: Grimmsnarl
|-damage|p1a: Grimmsnarl|60/100
|
|upkeep
|turn|2
|
|t:|1647789354
|move|p1a: Grimmsnarl|Reflect|p1a: Grimmsnarl
|-sidestart|p1: lebanesestinker|Reflect
|move|p2a: Snorlax|Body Slam|p1a: Grimmsnarl
|-damage|p1a: Grimmsnarl|38/100
|-status|p1a: Grimmsnarl|par
|
|upkeep
|turn|3
|
|t:|1647789356
|move|p1a: Grimmsnarl|Light Screen|p1a: Grimmsnarl
|-sidestart|p1: lebanesestinker|move: Light Screen
|move|p2a: Snorlax|Body Slam|p1a: Grimmsnarl
|-damage|p1a: Grimmsnarl|16/100 par
|
|-end|p2a: Snorlax|move: Taunt
|upkeep
|turn|4
|
|t:|1647789358
|move|p1a: Grimmsnarl|Taunt|p2a: Snorlax
|-start|p2a: Snorlax|move: Taunt
|cant|p2a: Snorlax|move: Taunt|Curse
|
|upkeep
|turn|5
|
|t:|1647789366
|switch|p1a: Slowbro|Slowbro-Galar, M|100/100
|move|p2a: Snorlax|Body Slam|p1a: Slowbro
|-damage|p1a: Slowbro|86/100
|-status|p1a: Slowbro|par
|
|upkeep
|turn|6
|
|t:|1647789376
|move|p2a: Snorlax|Darkest Lariat|p1a: Slowbro
|-supereffective|p1a: Slowbro
|-damage|p1a: Slowbro|67/100 par
|move|p1a: Slowbro|Nasty Plot|p1a: Slowbro
|-boost|p1a: Slowbro|spa|2
|
|-end|p2a: Snorlax|move: Taunt
|upkeep
|turn|7
|-activate|p1a: Slowbro|item: Quick Claw
|
|t:|1647789383
|switch|p2a: Pyukumuku|Pyukumuku, M|100/100
|move|p1a: Slowbro|Psyshock|p2a: Pyukumuku
|-damage|p2a: Pyukumuku|74/100
|
|upkeep
|turn|8
|-activate|p1a: Slowbro|ability: Quick Draw
|
|t:|1647789391
|move|p1a: Slowbro|Sludge Bomb|p2a: Pyukumuku
|-damage|p2a: Pyukumuku|37/100
|move|p2a: Pyukumuku|Recover|p2a: Pyukumuku
|-heal|p2a: Pyukumuku|87/100
|
|upkeep
|turn|9
|
|t:|1647789398
|cant|p1a: Slowbro|par
|move|p2a: Pyukumuku|Block|p1a: Slowbro
|-activate|p1a: Slowbro|trapped
|
|-sideend|p1: lebanesestinker|Reflect
|upkeep
|turn|10
|-activate|p1a: Slowbro|ability: Quick Draw
|
|t:|1647789402
|cant|p1a: Slowbro|par
|move|p2a: Pyukumuku|Taunt|p1a: Slowbro
|-start|p1a: Slowbro|move: Taunt
|
|-sideend|p1: lebanesestinker|move: Light Screen
|upkeep
|turn|11
|
|t:|1647789406
|move|p1a: Slowbro|Sludge Bomb|p2a: Pyukumuku
|-damage|p2a: Pyukumuku|51/100
|-status|p2a: Pyukumuku|psn
|move|p2a: Pyukumuku|Recover|p2a: Pyukumuku
|-heal|p2a: Pyukumuku|100/100 psn
|
|-damage|p2a: Pyukumuku|88/100 psn|[from] psn
|upkeep
|turn|12
|
|t:|1647789412
|move|p1a: Slowbro|Sludge Bomb|p2a: Pyukumuku
|-damage|p2a: Pyukumuku|49/100 psn
|move|p2a: Pyukumuku|Recover|p2a: Pyukumuku
|-heal|p2a: Pyukumuku|99/100 psn
|
|-damage|p2a: Pyukumuku|86/100 psn|[from] psn
|upkeep
|turn|13
|-activate|p1a: Slowbro|ability: Quick Draw
|
|t:|1647789417
|move|p1a: Slowbro|Flamethrower|p2a: Pyukumuku
|-resisted|p2a: Pyukumuku
|-damage|p2a: Pyukumuku|75/100 psn
|move|p2a: Pyukumuku|Recover|p2a: Pyukumuku
|-heal|p2a: Pyukumuku|100/100 psn
|
|-damage|p2a: Pyukumuku|88/100 psn|[from] psn
|-end|p1a: Slowbro|move: Taunt
|upkeep
|turn|14
|-activate|p1a: Slowbro|ability: Quick Draw
|
|t:|1647789423
|cant|p1a: Slowbro|par
|move|p2a: Pyukumuku|Recover|p2a: Pyukumuku
|-heal|p2a: Pyukumuku|100/100 psn
|
|-damage|p2a: Pyukumuku|88/100 psn|[from] psn
|upkeep
|turn|15
|
|t:|1647789427
|move|p1a: Slowbro|Nasty Plot|p1a: Slowbro
|-boost|p1a: Slowbro|spa|2
|move|p2a: Pyukumuku|Recover|p2a: Pyukumuku
|-heal|p2a: Pyukumuku|100/100 psn
|
|-damage|p2a: Pyukumuku|88/100 psn|[from] psn
|upkeep
|turn|16
|c|☆Trans Marill|Jesus what are quick draw’s odds?
|
|t:|1647789439
|cant|p1a: Slowbro|par
|move|p2a: Pyukumuku|Recover|p2a: Pyukumuku
|-heal|p2a: Pyukumuku|100/100 psn
|
|-damage|p2a: Pyukumuku|88/100 psn|[from] psn
|upkeep
|turn|17
|
|t:|1647789442
|move|p1a: Slowbro|Nasty Plot|p1a: Slowbro
|-boost|p1a: Slowbro|spa|2
|move|p2a: Pyukumuku|Recover|p2a: Pyukumuku
|-heal|p2a: Pyukumuku|100/100 psn
|
|-damage|p2a: Pyukumuku|88/100 psn|[from] psn
|upkeep
|turn|18
|-activate|p1a: Slowbro|ability: Quick Draw
|
|t:|1647789445
|move|p1a: Slowbro|Flamethrower|p2a: Pyukumuku
|-resisted|p2a: Pyukumuku
|-damage|p2a: Pyukumuku|75/100 psn
|move|p2a: Pyukumuku|Taunt|p1a: Slowbro
|-start|p1a: Slowbro|move: Taunt
|
|-damage|p2a: Pyukumuku|63/100 psn|[from] psn
|upkeep
|turn|19
|
|t:|1647789452
|move|p1a: Slowbro|Flamethrower|p2a: Pyukumuku
|-resisted|p2a: Pyukumuku
|-damage|p2a: Pyukumuku|51/100 psn
|move|p2a: Pyukumuku|Recover|p2a: Pyukumuku
|-heal|p2a: Pyukumuku|100/100 psn
|
|-damage|p2a: Pyukumuku|88/100 psn|[from] psn
|upkeep
|turn|20
|
|t:|1647789457
|move|p1a: Slowbro|Flamethrower|p2a: Pyukumuku
|-resisted|p2a: Pyukumuku
|-damage|p2a: Pyukumuku|76/100 psn
|move|p2a: Pyukumuku|Recover|p2a: Pyukumuku
|-heal|p2a: Pyukumuku|100/100 psn
|
|-damage|p2a: Pyukumuku|88/100 psn|[from] psn
|upkeep
|turn|21
|-activate|p1a: Slowbro|ability: Quick Draw
|
|t:|1647789461
|move|p1a: Slowbro|Flamethrower|p2a: Pyukumuku
|-resisted|p2a: Pyukumuku
|-damage|p2a: Pyukumuku|75/100 psn
|move|p2a: Pyukumuku|Recover|p2a: Pyukumuku
|-heal|p2a: Pyukumuku|100/100 psn
|
|-damage|p2a: Pyukumuku|88/100 psn|[from] psn
|-end|p1a: Slowbro|move: Taunt
|upkeep
|turn|22
|
|t:|1647789467
|move|p1a: Slowbro|Nasty Plot|p1a: Slowbro
|-boost|p1a: Slowbro|spa|0
|move|p2a: Pyukumuku|Recover|p2a: Pyukumuku
|-heal|p2a: Pyukumuku|100/100 psn
|
|-damage|p2a: Pyukumuku|88/100 psn|[from] psn
|upkeep
|turn|23
|
|t:|1647789473
|move|p1a: Slowbro|Sludge Bomb|p2a: Pyukumuku
|-damage|p2a: Pyukumuku|53/100 psn
|move|p2a: Pyukumuku|Recover|p2a: Pyukumuku
|-heal|p2a: Pyukumuku|100/100 psn
|
|-damage|p2a: Pyukumuku|88/100 psn|[from] psn
|upkeep
|turn|24
|
|t:|1647789478
|move|p1a: Slowbro|Nasty Plot|p1a: Slowbro
|-boost|p1a: Slowbro|spa|0
|move|p2a: Pyukumuku|Taunt|p1a: Slowbro
|-start|p1a: Slowbro|move: Taunt
|
|-damage|p2a: Pyukumuku|76/100 psn|[from] psn
|upkeep
|turn|25
|
|t:|1647789481
|move|p1a: Slowbro|Sludge Bomb|p2a: Pyukumuku
|-damage|p2a: Pyukumuku|37/100 psn
|move|p2a: Pyukumuku|Recover|p2a: Pyukumuku
|-heal|p2a: Pyukumuku|87/100 psn
|
|-damage|p2a: Pyukumuku|75/100 psn|[from] psn
|upkeep
|turn|26
|
|t:|1647789485
|move|p1a: Slowbro|Flamethrower|p2a: Pyukumuku
|-resisted|p2a: Pyukumuku
|-damage|p2a: Pyukumuku|63/100 psn
|move|p2a: Pyukumuku|Recover|p2a: Pyukumuku
|-heal|p2a: Pyukumuku|100/100 psn
|
|-damage|p2a: Pyukumuku|88/100 psn|[from] psn
|upkeep
|turn|27
|
|t:|1647789489
|cant|p1a: Slowbro|par
|move|p2a: Pyukumuku|Recover|p2a: Pyukumuku
|-heal|p2a: Pyukumuku|100/100 psn
|-enditem|p2a: Pyukumuku|Leppa Berry|[eat]
|-activate|p2a: Pyukumuku|item: Leppa Berry|Recover|[consumed]
|
|-damage|p2a: Pyukumuku|88/100 psn|[from] psn
|-end|p1a: Slowbro|move: Taunt
|upkeep
|turn|28
|
|t:|1647789493
|cant|p1a: Slowbro|par
|move|p2a: Pyukumuku|Taunt|p1a: Slowbro
|-start|p1a: Slowbro|move: Taunt
|
|-damage|p2a: Pyukumuku|76/100 psn|[from] psn
|upkeep
|turn|29
|-activate|p1a: Slowbro|item: Quick Claw
|
|t:|1647789496
|move|p1a: Slowbro|Flamethrower|p2a: Pyukumuku
|-resisted|p2a: Pyukumuku
|-damage|p2a: Pyukumuku|64/100 psn
|move|p2a: Pyukumuku|Recover|p2a: Pyukumuku
|-heal|p2a: Pyukumuku|100/100 psn
|
|-damage|p2a: Pyukumuku|88/100 psn|[from] psn
|upkeep
|turn|30
|
|t:|1647789502
|move|p1a: Slowbro|Flamethrower|p2a: Pyukumuku
|-resisted|p2a: Pyukumuku
|-damage|p2a: Pyukumuku|75/100 psn
|move|p2a: Pyukumuku|Recover|p2a: Pyukumuku
|-heal|p2a: Pyukumuku|100/100 psn
|
|-damage|p2a: Pyukumuku|88/100 psn|[from] psn
|upkeep
|turn|31
|-activate|p1a: Slowbro|ability: Quick Draw
|
|t:|1647789505
|move|p1a: Slowbro|Flamethrower|p2a: Pyukumuku
|-resisted|p2a: Pyukumuku
|-damage|p2a: Pyukumuku|77/100 psn
|move|p2a: Pyukumuku|Recover|p2a: Pyukumuku
|-heal|p2a: Pyukumuku|100/100 psn
|
|-damage|p2a: Pyukumuku|88/100 psn|[from] psn
|-end|p1a: Slowbro|move: Taunt
|upkeep
|turn|32
|
|t:|1647789510
|move|p1a: Slowbro|Flamethrower|p2a: Pyukumuku
|-resisted|p2a: Pyukumuku
|-damage|p2a: Pyukumuku|77/100 psn
|move|p2a: Pyukumuku|Taunt|p1a: Slowbro
|-start|p1a: Slowbro|move: Taunt
|
|-damage|p2a: Pyukumuku|64/100 psn|[from] psn
|upkeep
|turn|33
|-activate|p1a: Slowbro|ability: Quick Draw
|
|t:|1647789516
|move|p1a: Slowbro|Flamethrower|p2a: Pyukumuku
|-resisted|p2a: Pyukumuku
|-damage|p2a: Pyukumuku|53/100 psn
|move|p2a: Pyukumuku|Recover|p2a: Pyukumuku
|-heal|p2a: Pyukumuku|100/100 psn
|
|-damage|p2a: Pyukumuku|88/100 psn|[from] psn
|upkeep
|turn|34
|
|t:|1647789522
|cant|p1a: Slowbro|par
|move|p2a: Pyukumuku|Recycle|p2a: Pyukumuku
|-item|p2a: Pyukumuku|Leppa Berry|[from] move: Recycle
|
|-damage|p2a: Pyukumuku|76/100 psn|[from] psn
|upkeep
|turn|35
|
|t:|1647789527
|move|p1a: Slowbro|Sludge Bomb|p2a: Pyukumuku
|-damage|p2a: Pyukumuku|38/100 psn
|move|p2a: Pyukumuku|Recover|p2a: Pyukumuku
|-heal|p2a: Pyukumuku|88/100 psn
|
|-damage|p2a: Pyukumuku|76/100 psn|[from] psn
|-end|p1a: Slowbro|move: Taunt
|upkeep
|turn|36
|
|t:|1647789531
|move|p1a: Slowbro|Psyshock|p2a: Pyukumuku
|-damage|p2a: Pyukumuku|50/100 psn
|move|p2a: Pyukumuku|Recover|p2a: Pyukumuku
|-heal|p2a: Pyukumuku|100/100 psn
|
|-damage|p2a: Pyukumuku|88/100 psn|[from] psn
|upkeep
|turn|37
|-activate|p1a: Slowbro|ability: Quick Draw
|
|t:|1647789535
|move|p1a: Slowbro|Psyshock|p2a: Pyukumuku
|-damage|p2a: Pyukumuku|61/100 psn
|move|p2a: Pyukumuku|Recover|p2a: Pyukumuku
|-heal|p2a: Pyukumuku|100/100 psn
|
|-damage|p2a: Pyukumuku|88/100 psn|[from] psn
|upkeep
|turn|38
|inactive|lebanesestinker has 120 seconds left.
|inactive|lebanesestinker has 90 seconds left.
|
|t:|1647789596
|move|p1a: Slowbro|Flamethrower|p2a: Pyukumuku
|-resisted|p2a: Pyukumuku
|-damage|p2a: Pyukumuku|75/100 psn
|move|p2a: Pyukumuku|Taunt|p1a: Slowbro
|-start|p1a: Slowbro|move: Taunt
|
|-damage|p2a: Pyukumuku|63/100 psn|[from] psn
|upkeep
|turn|39
|inactive|lebanesestinker has 90 seconds left.
|
|t:|1647789607
|move|p1a: Slowbro|Psyshock|p2a: Pyukumuku
|-damage|p2a: Pyukumuku|37/100 psn
|move|p2a: Pyukumuku|Recover|p2a: Pyukumuku
|-heal|p2a: Pyukumuku|87/100 psn
|
|-damage|p2a: Pyukumuku|75/100 psn|[from] psn
|upkeep
|turn|40
|
|t:|1647789611
|move|p1a: Slowbro|Sludge Bomb|p2a: Pyukumuku
|-damage|p2a: Pyukumuku|38/100 psn
|move|p2a: Pyukumuku|Recover|p2a: Pyukumuku
|-heal|p2a: Pyukumuku|88/100 psn
|
|-damage|p2a: Pyukumuku|76/100 psn|[from] psn
|upkeep
|turn|41
|inactive|lebanesestinker has 90 seconds left.
|-activate|p1a: Slowbro|ability: Quick Draw
|
|t:|1647789643
|move|p1a: Slowbro|Psyshock|p2a: Pyukumuku
|-damage|p2a: Pyukumuku|49/100 psn
|move|p2a: Pyukumuku|Recover|p2a: Pyukumuku
|-heal|p2a: Pyukumuku|99/100 psn
|-enditem|p2a: Pyukumuku|Leppa Berry|[eat]
|-activate|p2a: Pyukumuku|item: Leppa Berry|Recover|[consumed]
|
|-damage|p2a: Pyukumuku|87/100 psn|[from] psn
|-end|p1a: Slowbro|move: Taunt
|upkeep
|turn|42
|
|t:|1647789652
|move|p1a: Slowbro|Nasty Plot|p1a: Slowbro
|-boost|p1a: Slowbro|spa|0
|move|p2a: Pyukumuku|Recycle|p2a: Pyukumuku
|-item|p2a: Pyukumuku|Leppa Berry|[from] move: Recycle
|
|-damage|p2a: Pyukumuku|74/100 psn|[from] psn
|upkeep
|turn|43
|inactive|lebanesestinker has 90 seconds left.
|-activate|p1a: Slowbro|item: Quick Claw
|
|t:|1647789676
|move|p1a: Slowbro|Nasty Plot|p1a: Slowbro
|-boost|p1a: Slowbro|spa|0
|move|p2a: Pyukumuku|Recover|p2a: Pyukumuku
|-heal|p2a: Pyukumuku|100/100 psn
|
|-damage|p2a: Pyukumuku|88/100 psn|[from] psn
|upkeep
|turn|44
|
|t:|1647789679
|move|p1a: Slowbro|Nasty Plot|p1a: Slowbro
|-boost|p1a: Slowbro|spa|0
|move|p2a: Pyukumuku|Taunt|p1a: Slowbro
|-start|p1a: Slowbro|move: Taunt
|
|-damage|p2a: Pyukumuku|76/100 psn|[from] psn
|upkeep
|turn|45
|inactive|lebanesestinker has 90 seconds left.
|
|t:|1647789711
|move|p1a: Slowbro|Psyshock|p2a: Pyukumuku
|-damage|p2a: Pyukumuku|52/100 psn
|move|p2a: Pyukumuku|Recover|p2a: Pyukumuku
|-heal|p2a: Pyukumuku|100/100 psn
|
|-damage|p2a: Pyukumuku|88/100 psn|[from] psn
|upkeep
|turn|46
|-activate|p1a: Slowbro|ability: Quick Draw
|
|t:|1647789714
|move|p1a: Slowbro|Sludge Bomb|p2a: Pyukumuku
|-damage|p2a: Pyukumuku|50/100 psn
|move|p2a: Pyukumuku|Recover|p2a: Pyukumuku
|-heal|p2a: Pyukumuku|99/100 psn
|
|-damage|p2a: Pyukumuku|87/100 psn|[from] psn
|upkeep
|turn|47
|-activate|p1a: Slowbro|item: Quick Claw
|
|t:|1647789717
|move|p1a: Slowbro|Flamethrower|p2a: Pyukumuku
|-resisted|p2a: Pyukumuku
|-damage|p2a: Pyukumuku|74/100 psn
|move|p2a: Pyukumuku|Recover|p2a: Pyukumuku
|-heal|p2a: Pyukumuku|100/100 psn
|
|-damage|p2a: Pyukumuku|88/100 psn|[from] psn
|-end|p1a: Slowbro|move: Taunt
|upkeep
|turn|48
|inactive|lebanesestinker has 90 seconds left.
|
|t:|1647789731
|move|p1a: Slowbro|Flamethrower|p2a: Pyukumuku
|-resisted|p2a: Pyukumuku
|-damage|p2a: Pyukumuku|75/100 psn
|move|p2a: Pyukumuku|Taunt|p1a: Slowbro
|-start|p1a: Slowbro|move: Taunt
|
|-damage|p2a: Pyukumuku|63/100 psn|[from] psn
|upkeep
|turn|49
|inactive|lebanesestinker has 90 seconds left.
|-activate|p1a: Slowbro|ability: Quick Draw
|
|t:|1647789754
|move|p1a: Slowbro|Flamethrower|p2a: Pyukumuku
|-resisted|p2a: Pyukumuku
|-damage|p2a: Pyukumuku|50/100 psn
|move|p2a: Pyukumuku|Recover|p2a: Pyukumuku
|-heal|p2a: Pyukumuku|99/100 psn
|
|-damage|p2a: Pyukumuku|88/100 psn|[from] psn
|upkeep
|turn|50
|
|t:|1647789759
|move|p1a: Slowbro|Flamethrower|p2a: Pyukumuku
|-resisted|p2a: Pyukumuku
|-damage|p2a: Pyukumuku|75/100 psn
|move|p2a: Pyukumuku|Recover|p2a: Pyukumuku
|-heal|p2a: Pyukumuku|100/100 psn
|
|-damage|p2a: Pyukumuku|88/100 psn|[from] psn
|upkeep
|turn|51
|inactive|lebanesestinker has 90 seconds left.
|-activate|p1a: Slowbro|ability: Quick Draw
|
|t:|1647789765
|move|p1a: Slowbro|Flamethrower|p2a: Pyukumuku
|-resisted|p2a: Pyukumuku
|-damage|p2a: Pyukumuku|76/100 psn
|move|p2a: Pyukumuku|Recover|p2a: Pyukumuku
|-heal|p2a: Pyukumuku|100/100 psn
|
|-damage|p2a: Pyukumuku|88/100 psn|[from] psn
|-end|p1a: Slowbro|move: Taunt
|upkeep
|turn|52
|
|t:|1647789769
|move|p1a: Slowbro|Flamethrower|p2a: Pyukumuku
|-resisted|p2a: Pyukumuku
|-damage|p2a: Pyukumuku|77/100 psn
|move|p2a: Pyukumuku|Taunt|p1a: Slowbro
|-start|p1a: Slowbro|move: Taunt
|
|-damage|p2a: Pyukumuku|64/100 psn|[from] psn
|upkeep
|turn|53
|
|t:|1647789772
|move|p1a: Slowbro|Flamethrower|p2a: Pyukumuku
|-resisted|p2a: Pyukumuku
|-damage|p2a: Pyukumuku|52/100 psn
|move|p2a: Pyukumuku|Recover|p2a: Pyukumuku
|-heal|p2a: Pyukumuku|100/100 psn
|
|-damage|p2a: Pyukumuku|88/100 psn|[from] psn
|upkeep
|turn|54
|inactive|lebanesestinker has 90 seconds left.
|
|t:|1647789816
|move|p1a: Slowbro|Flamethrower|p2a: Pyukumuku
|-resisted|p2a: Pyukumuku
|-damage|p2a: Pyukumuku|75/100 psn
|move|p2a: Pyukumuku|Recover|p2a: Pyukumuku
|-heal|p2a: Pyukumuku|100/100 psn
|
|-damage|p2a: Pyukumuku|88/100 psn|[from] psn
|upkeep
|turn|55
|inactive|lebanesestinker has 60 seconds left.
|inactive|lebanesestinker has 30 seconds left.
|inactive|lebanesestinker has 20 seconds left.
|inactive|lebanesestinker has 15 seconds left.
|inactive|lebanesestinker has 10 seconds left.
|
|t:|1647789896
|move|p1a: Slowbro|Flamethrower|p2a: Pyukumuku
|-resisted|p2a: Pyukumuku
|-damage|p2a: Pyukumuku|75/100 psn
|move|p2a: Pyukumuku|Recover|p2a: Pyukumuku
|-heal|p2a: Pyukumuku|100/100 psn
|-enditem|p2a: Pyukumuku|Leppa Berry|[eat]
|-activate|p2a: Pyukumuku|item: Leppa Berry|Recover|[consumed]
|
|-damage|p2a: Pyukumuku|88/100 psn|[from] psn
|-end|p1a: Slowbro|move: Taunt
|upkeep
|turn|56
|inactive|lebanesestinker has 20 seconds left this turn.
|-activate|p1a: Slowbro|ability: Quick Draw
|
|t:|1647789900
|move|p1a: Slowbro|Psyshock|p2a: Pyukumuku
|-damage|p2a: Pyukumuku|63/100 psn
|move|p2a: Pyukumuku|Recover|p2a: Pyukumuku
|-heal|p2a: Pyukumuku|100/100 psn
|
|-damage|p2a: Pyukumuku|88/100 psn|[from] psn
|upkeep
|turn|57
|inactive|lebanesestinker has 30 seconds left this turn.
|
|t:|1647789902
|move|p1a: Slowbro|Nasty Plot|p1a: Slowbro
|-boost|p1a: Slowbro|spa|0
|move|p2a: Pyukumuku|Taunt|p1a: Slowbro
|-start|p1a: Slowbro|move: Taunt
|
|-damage|p2a: Pyukumuku|76/100 psn|[from] psn
|upkeep
|turn|58
|
|t:|1647789905
|move|p1a: Slowbro|Psyshock|p2a: Pyukumuku
|-damage|p2a: Pyukumuku|51/100 psn
|move|p2a: Pyukumuku|Recover|p2a: Pyukumuku
|-heal|p2a: Pyukumuku|100/100 psn
|
|-damage|p2a: Pyukumuku|88/100 psn|[from] psn
|upkeep
|turn|59
|-activate|p1a: Slowbro|ability: Quick Draw
|
|t:|1647789907
|move|p1a: Slowbro|Sludge Bomb|p2a: Pyukumuku
|-damage|p2a: Pyukumuku|54/100 psn
|move|p2a: Pyukumuku|Recover|p2a: Pyukumuku
|-heal|p2a: Pyukumuku|100/100 psn
|
|-damage|p2a: Pyukumuku|88/100 psn|[from] psn
|upkeep
|turn|60
|
|t:|1647789910
|cant|p1a: Slowbro|par
|move|p2a: Pyukumuku|Recycle|p2a: Pyukumuku
|-item|p2a: Pyukumuku|Leppa Berry|[from] move: Recycle
|
|-damage|p2a: Pyukumuku|76/100 psn|[from] psn
|-end|p1a: Slowbro|move: Taunt
|upkeep
|turn|61
|
|t:|1647789914
|move|p1a: Slowbro|Nasty Plot|p1a: Slowbro
|-boost|p1a: Slowbro|spa|0
|move|p2a: Pyukumuku|Recover|p2a: Pyukumuku
|-heal|p2a: Pyukumuku|100/100 psn
|
|-damage|p2a: Pyukumuku|88/100 psn|[from] psn
|upkeep
|turn|62
|
|t:|1647789930
|move|p1a: Slowbro|Nasty Plot|p1a: Slowbro
|-boost|p1a: Slowbro|spa|0
|move|p2a: Pyukumuku|Taunt|p1a: Slowbro
|-start|p1a: Slowbro|move: Taunt
|
|-damage|p2a: Pyukumuku|76/100 psn|[from] psn
|upkeep
|turn|63
|
|t:|1647789934
|move|p1a: Slowbro|Flamethrower|p2a: Pyukumuku
|-resisted|p2a: Pyukumuku
|-damage|p2a: Pyukumuku|63/100 psn
|move|p2a: Pyukumuku|Recover|p2a: Pyukumuku
|-heal|p2a: Pyukumuku|100/100 psn
|
|-damage|p2a: Pyukumuku|88/100 psn|[from] psn
|upkeep
|turn|64
|-activate|p1a: Slowbro|item: Quick Claw
|
|t:|1647789938
|move|p1a: Slowbro|Flamethrower|p2a: Pyukumuku
|-resisted|p2a: Pyukumuku
|-damage|p2a: Pyukumuku|76/100 psn
|move|p2a: Pyukumuku|Recover|p2a: Pyukumuku
|-heal|p2a: Pyukumuku|100/100 psn
|
|-damage|p2a: Pyukumuku|88/100 psn|[from] psn
|upkeep
|turn|65
|-activate|p1a: Slowbro|ability: Quick Draw
|
|t:|1647789941
|cant|p1a: Slowbro|par
|move|p2a: Pyukumuku|Recover|p2a: Pyukumuku
|-heal|p2a: Pyukumuku|100/100 psn
|
|-damage|p2a: Pyukumuku|88/100 psn|[from] psn
|-end|p1a: Slowbro|move: Taunt
|upkeep
|turn|66
|
|t:|1647789952
|cant|p1a: Slowbro|par
|move|p2a: Pyukumuku|Taunt|p1a: Slowbro
|-start|p1a: Slowbro|move: Taunt
|
|-damage|p2a: Pyukumuku|76/100 psn|[from] psn
|upkeep
|turn|67
|-activate|p1a: Slowbro|ability: Quick Draw
|
|t:|1647789955
|move|p1a: Slowbro|Flamethrower|p2a: Pyukumuku
|-resisted|p2a: Pyukumuku
|-damage|p2a: Pyukumuku|63/100 psn
|move|p2a: Pyukumuku|Recover|p2a: Pyukumuku
|-heal|p2a: Pyukumuku|100/100 psn
|
|-damage|p2a: Pyukumuku|88/100 psn|[from] psn
|upkeep
|turn|68
|inactive|lebanesestinker has 90 seconds left.
|
|t:|1647789999
|move|p1a: Slowbro|Sludge Bomb|p2a: Pyukumuku
|-damage|p2a: Pyukumuku|53/100 psn
|move|p2a: Pyukumuku|Recover|p2a: Pyukumuku
|-heal|p2a: Pyukumuku|100/100 psn
|
|-damage|p2a: Pyukumuku|88/100 psn|[from] psn
|upkeep
|turn|69
|
|t:|1647790001
|move|p1a: Slowbro|Sludge Bomb|p2a: Pyukumuku
|-damage|p2a: Pyukumuku|54/100 psn
|move|p2a: Pyukumuku|Recover|p2a: Pyukumuku
|-heal|p2a: Pyukumuku|100/100 psn
|-enditem|p2a: Pyukumuku|Leppa Berry|[eat]
|-activate|p2a: Pyukumuku|item: Leppa Berry|Recover|[consumed]
|
|-damage|p2a: Pyukumuku|88/100 psn|[from] psn
|-end|p1a: Slowbro|move: Taunt
|upkeep
|turn|70
|-activate|p1a: Slowbro|item: Quick Claw
|
|t:|1647790004
|move|p1a: Slowbro|Nasty Plot|p1a: Slowbro
|-boost|p1a: Slowbro|spa|0
|move|p2a: Pyukumuku|Taunt|p1a: Slowbro
|-start|p1a: Slowbro|move: Taunt
|
|-damage|p2a: Pyukumuku|76/100 psn|[from] psn
|upkeep
|turn|71
|-activate|p1a: Slowbro|ability: Quick Draw
|
|t:|1647790012
|move|p1a: Slowbro|Sludge Bomb|p2a: Pyukumuku
|-damage|p2a: Pyukumuku|36/100 psn
|move|p2a: Pyukumuku|Recover|p2a: Pyukumuku
|-heal|p2a: Pyukumuku|86/100 psn
|
|-damage|p2a: Pyukumuku|74/100 psn|[from] psn
|upkeep
|turn|72
|
|t:|1647790016
|move|p1a: Slowbro|Sludge Bomb|p2a: Pyukumuku
|-damage|p2a: Pyukumuku|39/100 psn
|move|p2a: Pyukumuku|Recover|p2a: Pyukumuku
|-heal|p2a: Pyukumuku|89/100 psn
|
|-damage|p2a: Pyukumuku|77/100 psn|[from] psn
|upkeep
|turn|73
|-activate|p1a: Slowbro|ability: Quick Draw
|
|t:|1647790041
|move|p1a: Slowbro|Sludge Bomb|p2a: Pyukumuku
|-damage|p2a: Pyukumuku|36/100 psn
|move|p2a: Pyukumuku|Recover|p2a: Pyukumuku
|-heal|p2a: Pyukumuku|86/100 psn
|
|-damage|p2a: Pyukumuku|74/100 psn|[from] psn
|-end|p1a: Slowbro|move: Taunt
|upkeep
|turn|74
|inactive|lebanesestinker has 90 seconds left.
|
|t:|1647790061
|move|p1a: Slowbro|Nasty Plot|p1a: Slowbro
|-boost|p1a: Slowbro|spa|0
|move|p2a: Pyukumuku|Recover|p2a: Pyukumuku
|-heal|p2a: Pyukumuku|100/100 psn
|
|-damage|p2a: Pyukumuku|88/100 psn|[from] psn
|upkeep
|turn|75
|-activate|p1a: Slowbro|item: Quick Claw
|
|t:|1647790062
|move|p1a: Slowbro|Nasty Plot|p1a: Slowbro
|-boost|p1a: Slowbro|spa|0
|move|p2a: Pyukumuku|Recycle|p2a: Pyukumuku
|-item|p2a: Pyukumuku|Leppa Berry|[from] move: Recycle
|
|-damage|p2a: Pyukumuku|76/100 psn|[from] psn
|upkeep
|turn|76
|
|t:|1647790066
|move|p1a: Slowbro|Nasty Plot|p1a: Slowbro
|-boost|p1a: Slowbro|spa|0
|move|p2a: Pyukumuku|Recover|p2a: Pyukumuku
|-heal|p2a: Pyukumuku|100/100 psn
|
|-damage|p2a: Pyukumuku|88/100 psn|[from] psn
|upkeep
|turn|77
|inactive|lebanesestinker has 90 seconds left.
|
|t:|1647790121
|cant|p1a: Slowbro|par
|move|p2a: Pyukumuku|Taunt|p1a: Slowbro
|-start|p1a: Slowbro|move: Taunt
|
|-damage|p2a: Pyukumuku|76/100 psn|[from] psn
|upkeep
|turn|78
|-activate|p1a: Slowbro|ability: Quick Draw
|
|t:|1647790125
|move|p1a: Slowbro|Sludge Bomb|p2a: Pyukumuku
|-damage|p2a: Pyukumuku|36/100 psn
|move|p2a: Pyukumuku|Recover|p2a: Pyukumuku
|-heal|p2a: Pyukumuku|86/100 psn
|
|-damage|p2a: Pyukumuku|74/100 psn|[from] psn
|upkeep
|turn|79
|
|t:|1647790129
|move|p1a: Slowbro|Sludge Bomb|p2a: Pyukumuku
|-damage|p2a: Pyukumuku|35/100 psn
|move|p2a: Pyukumuku|Recover|p2a: Pyukumuku
|-heal|p2a: Pyukumuku|85/100 psn
|
|-damage|p2a: Pyukumuku|72/100 psn|[from] psn
|upkeep
|turn|80
|inactive|lebanesestinker has 90 seconds left.
|
|t:|1647790147
|move|p1a: Slowbro|Psyshock|p2a: Pyukumuku
|-damage|p2a: Pyukumuku|45/100 psn
|move|p2a: Pyukumuku|Recover|p2a: Pyukumuku
|-heal|p2a: Pyukumuku|95/100 psn
|
|-damage|p2a: Pyukumuku|83/100 psn|[from] psn
|-end|p1a: Slowbro|move: Taunt
|upkeep
|turn|81
|inactive|lebanesestinker has 90 seconds left.
|
|t:|1647790167
|move|p1a: Slowbro|Nasty Plot|p1a: Slowbro
|-boost|p1a: Slowbro|spa|0
|move|p2a: Pyukumuku|Recover|p2a: Pyukumuku
|-heal|p2a: Pyukumuku|100/100 psn
|
|-damage|p2a: Pyukumuku|88/100 psn|[from] psn
|upkeep
|turn|82
|inactive|lebanesestinker has 60 seconds left.
|
|t:|1647790202
|move|p1a: Slowbro|Psyshock|p2a: Pyukumuku
|-damage|p2a: Pyukumuku|61/100 psn
|move|p2a: Pyukumuku|Taunt|p1a: Slowbro
|-start|p1a: Slowbro|move: Taunt
|
|-damage|p2a: Pyukumuku|49/100 psn|[from] psn
|upkeep
|turn|83
|-activate|p1a: Slowbro|item: Quick Claw
|
|t:|1647790204
|move|p1a: Slowbro|Psyshock|p2a: Pyukumuku
|-damage|p2a: Pyukumuku|25/100 psn
|move|p2a: Pyukumuku|Recover|p2a: Pyukumuku
|-heal|p2a: Pyukumuku|75/100 psn
|-enditem|p2a: Pyukumuku|Leppa Berry|[eat]
|-activate|p2a: Pyukumuku|item: Leppa Berry|Recover|[consumed]
|
|-damage|p2a: Pyukumuku|62/100 psn|[from] psn
|upkeep
|turn|84
|
|t:|1647790209
|move|p1a: Slowbro|Psyshock|p2a: Pyukumuku
|-damage|p2a: Pyukumuku|36/100 psn
|move|p2a: Pyukumuku|Recover|p2a: Pyukumuku
|-heal|p2a: Pyukumuku|86/100 psn
|
|-damage|p2a: Pyukumuku|74/100 psn|[from] psn
|upkeep
|turn|85
|-activate|p1a: Slowbro|ability: Quick Draw
|
|t:|1647790211
|move|p1a: Slowbro|Psyshock|p2a: Pyukumuku
|-damage|p2a: Pyukumuku|48/100 psn
|move|p2a: Pyukumuku|Recover|p2a: Pyukumuku
|-heal|p2a: Pyukumuku|98/100 psn
|
|-damage|p2a: Pyukumuku|86/100 psn|[from] psn
|-end|p1a: Slowbro|move: Taunt
|upkeep
|turn|86
|-activate|p1a: Slowbro|item: Quick Claw
|
|t:|1647790215
|cant|p1a: Slowbro|par
|move|p2a: Pyukumuku|Recycle|p2a: Pyukumuku
|-item|p2a: Pyukumuku|Leppa Berry|[from] move: Recycle
|
|-damage|p2a: Pyukumuku|73/100 psn|[from] psn
|upkeep
|turn|87
|
|t:|1647790218
|move|p1a: Slowbro|Psyshock|p2a: Pyukumuku
|-damage|p2a: Pyukumuku|50/100 psn
|move|p2a: Pyukumuku|Taunt|p1a: Slowbro
|-start|p1a: Slowbro|move: Taunt
|
|-damage|p2a: Pyukumuku|37/100 psn|[from] psn
|upkeep
|turn|88
|
|t:|1647790219
|move|p1a: Slowbro|Psyshock|p2a: Pyukumuku
|-damage|p2a: Pyukumuku|13/100 psn
|move|p2a: Pyukumuku|Recover|p2a: Pyukumuku
|-heal|p2a: Pyukumuku|63/100 psn
|
|-damage|p2a: Pyukumuku|50/100 psn|[from] psn
|upkeep
|turn|89
|
|t:|1647790221
|move|p1a: Slowbro|Psyshock|p2a: Pyukumuku
|-damage|p2a: Pyukumuku|26/100 psn
|move|p2a: Pyukumuku|Recover|p2a: Pyukumuku
|-heal|p2a: Pyukumuku|76/100 psn
|
|-damage|p2a: Pyukumuku|64/100 psn|[from] psn
|upkeep
|turn|90
|inactive|lebanesestinker has 120 seconds left.
|-activate|p1a: Slowbro|ability: Quick Draw
|
|t:|1647790245
|-activate|p1a: Slowbro|move: Struggle
|move|p1a: Slowbro|Struggle|p2a: Pyukumuku
|-damage|p2a: Pyukumuku|58/100 psn
|-damage|p1a: Slowbro|42/100 par|[from] recoil
|move|p2a: Pyukumuku|Recover|p2a: Pyukumuku
|-heal|p2a: Pyukumuku|100/100 psn
|
|-damage|p2a: Pyukumuku|88/100 psn|[from] psn
|-end|p1a: Slowbro|move: Taunt
|upkeep
|turn|91
|
|t:|1647790251
|move|p1a: Slowbro|Nasty Plot|p1a: Slowbro
|-boost|p1a: Slowbro|spa|0
|move|p2a: Pyukumuku|Recover|p2a: Pyukumuku
|-heal|p2a: Pyukumuku|100/100 psn
|
|-damage|p2a: Pyukumuku|88/100 psn|[from] psn
|upkeep
|turn|92
|inactive|lebanesestinker has 120 seconds left.
|
|t:|1647790269
|move|p1a: Slowbro|Nasty Plot|p1a: Slowbro
|-boost|p1a: Slowbro|spa|0
|move|p2a: Pyukumuku|Recover|p2a: Pyukumuku
|-heal|p2a: Pyukumuku|100/100 psn
|
|-damage|p2a: Pyukumuku|88/100 psn|[from] psn
|upkeep
|turn|93
|-activate|p1a: Slowbro|item: Quick Claw
|
|t:|1647790277
|move|p1a: Slowbro|Nasty Plot|p1a: Slowbro
|-boost|p1a: Slowbro|spa|0
|move|p2a: Pyukumuku|Recover|p2a: Pyukumuku
|-heal|p2a: Pyukumuku|100/100 psn
|
|-damage|p2a: Pyukumuku|88/100 psn|[from] psn
|upkeep
|turn|94
|
|t:|1647790285
|move|p1a: Slowbro|Nasty Plot|p1a: Slowbro
|-boost|p1a: Slowbro|spa|0
|move|p2a: Pyukumuku|Recover|p2a: Pyukumuku
|-heal|p2a: Pyukumuku|100/100 psn
|
|-damage|p2a: Pyukumuku|88/100 psn|[from] psn
|upkeep
|turn|95
|
|t:|1647790287
|move|p1a: Slowbro|Nasty Plot|p1a: Slowbro
|-boost|p1a: Slowbro|spa|0
|move|p2a: Pyukumuku|Recover|p2a: Pyukumuku
|-heal|p2a: Pyukumuku|100/100 psn
|-enditem|p2a: Pyukumuku|Leppa Berry|[eat]
|-activate|p2a: Pyukumuku|item: Leppa Berry|Recover|[consumed]
|
|-damage|p2a: Pyukumuku|88/100 psn|[from] psn
|upkeep
|turn|96
|
|t:|1647790289
|cant|p1a: Slowbro|par
|move|p2a: Pyukumuku|Recycle|p2a: Pyukumuku
|-item|p2a: Pyukumuku|Leppa Berry|[from] move: Recycle
|
|-damage|p2a: Pyukumuku|76/100 psn|[from] psn
|upkeep
|turn|97
|
|t:|1647790296
|cant|p1a: Slowbro|par
|move|p2a: Pyukumuku|Recover|p2a: Pyukumuku
|-heal|p2a: Pyukumuku|100/100 psn
|
|-damage|p2a: Pyukumuku|88/100 psn|[from] psn
|upkeep
|turn|98
|-activate|p1a: Slowbro|item: Quick Claw
|
|t:|1647790298
|switch|p2a: Ditto|Ditto|100/100
|-transform|p2a: Ditto|p1a: Slowbro|[from] ability: Imposter
|move|p1a: Slowbro|Nasty Plot|p1a: Slowbro
|-boost|p1a: Slowbro|spa|0
|
|upkeep
|turn|99
|inactive|lebanesestinker has 120 seconds left.
|
|t:|1647790330
|switch|p1a: Grimmsnarl|Grimmsnarl, M|16/100 par
|move|p2a: Ditto|Flamethrower|p1a: Grimmsnarl
|-damage|p1a: Grimmsnarl|0 fnt
|faint|p1a: Grimmsnarl
|
|upkeep
|inactive|lebanesestinker has 120 seconds left.
|
|t:|1647790338
|switch|p1a: Dragonite|Dragonite, F|100/100
|turn|100
|
|t:|1647790342
|move|p1a: Dragonite|Dragon Dance|p1a: Dragonite
|-boost|p1a: Dragonite|atk|1
|-boost|p1a: Dragonite|spe|1
|move|p2a: Ditto|Sludge Bomb|p1a: Dragonite
|-damage|p1a: Dragonite|17/100
|
|upkeep
|turn|101
|inactive|lebanesestinker has 120 seconds left.
|-activate|p2a: Ditto|ability: Quick Draw
|
|t:|1647790364
|move|p2a: Ditto|Psyshock|p1a: Dragonite
|-damage|p1a: Dragonite|0 fnt
|faint|p1a: Dragonite
|
|upkeep
|inactive|lebanesestinker has 90 seconds left.
|
|t:|1647790412
|switch|p1a: Garchomp|Garchomp, F|100/100
|turn|102
|
|t:|1647790416
|move|p1a: Garchomp|Earthquake|p2a: Ditto
|-supereffective|p2a: Ditto
|-enditem|p2a: Ditto|Focus Sash
|-damage|p2a: Ditto|1/100
|-damage|p1a: Garchomp|91/100|[from] item: Life Orb
|move|p2a: Ditto|Psyshock|p1a: Garchomp
|-damage|p1a: Garchomp|0 fnt
|faint|p1a: Garchomp
|
|upkeep
|
|t:|1647790422
|switch|p1a: Slowbro|Slowbro-Galar, M|42/100 par
|turn|103
|
|t:|1647790425
|move|p2a: Ditto|Flamethrower|p1a: Slowbro
|-damage|p1a: Slowbro|0 fnt
|faint|p1a: Slowbro
|
|upkeep
|
|t:|1647790427
|switch|p1a: Volcarona|Volcarona, F|100/100
|turn|104
|-activate|p2a: Ditto|ability: Quick Draw
|
|t:|1647790430
|move|p2a: Ditto|Sludge Bomb|p1a: Volcarona
|-damage|p1a: Volcarona|0 fnt
|faint|p1a: Volcarona
|
|upkeep
|inactive|lebanesestinker has 90 seconds left.
|c|☆Trans Marill|Cool set
|
|t:|1647790457
|switch|p1a: Jirachi|Jirachi|100/100
|turn|105
|
|t:|1647790460
|move|p1a: Jirachi|Cosmic Power|p1a: Jirachi
|-boost|p1a: Jirachi|def|1
|-boost|p1a: Jirachi|spd|1
|move|p2a: Ditto|Flamethrower|p1a: Jirachi
|-supereffective|p1a: Jirachi
|-damage|p1a: Jirachi|0 fnt
|faint|p1a: Jirachi
|
|win|Trans Marill
|raw|lebanesestinker's rating: 1456 &rarr; <strong>1440</strong><br />(-16 for losing)
|raw|Trans Marill's rating: 1520 &rarr; <strong>1536</strong><br />(+16 for winning)
