|html|<div class="broadcast-blue"><strong>[Gen 8] OU is currently suspecting Kyurem! For information on how to participate check out the <a href="https://www.smogon.com/forums/threads/np-ss-ou-suspect-process-round-11-break-the-ice.3694129/">suspect thread</a>.</strong></div>
|j|☆damorush
|j|☆wutsdisthang
|t:|1639226908
|gametype|singles
|player|p1|damorush|1|1554
|player|p2|wutsdisthang|backpacker|1628
|teamsize|p1|6
|teamsize|p2|6
|gen|8
|tier|[Gen 8] OU
|rated|
|rule|Sleep Clause Mod: Limit one foe put to sleep
|rule|Species Clause: Limit one of each Pokémon
|rule|OHKO Clause: OHKO moves are banned
|rule|Evasion Moves Clause: Evasion moves are banned
|rule|Endless Battle Clause: Forcing endless battles is banned
|rule|HP Percentage Mod: HP is shown in percentages
|rule|Dynamax Clause: You cannot dynamax
|clearpoke
|poke|p1|Pelipper, F|
|poke|p1|Barraskewda, F|
|poke|p1|Ferrothorn, F|
|poke|p1|Zapdos|
|poke|p1|Urshifu-*, M|
|poke|p1|Tornadus-Therian, M|
|poke|p2|Weavile, F|
|poke|p2|Tapu Lele|
|poke|p2|Melmetal|
|poke|p2|Garchomp, F|
|poke|p2|Zapdos|
|poke|p2|Ferrothorn, F|
|teampreview
|
|t:|1639226929
|start
|switch|p1a: Pelipper|Pelipper, F|100/100
|switch|p2a: Garchomp|Garchomp, F|100/100
|-weather|RainDance|[from] ability: Drizzle|[of] p1a: Pelipper
|turn|1
|
|t:|1639226938
|switch|p1a: Zapdos|Zapdos|100/100
|move|p2a: Garchomp|Stealth Rock|p1a: Zapdos
|-sidestart|p1: damorush|move: Stealth Rock
|
|-weather|RainDance|[upkeep]
|upkeep
|turn|2
|
|t:|1639226946
|move|p2a: Garchomp|Protect|p2a: Garchomp
|-singleturn|p2a: Garchomp|Protect
|move|p1a: Zapdos|Hurricane|p2a: Garchomp
|-activate|p2a: Garchomp|move: Protect
|
|-weather|RainDance|[upkeep]
|upkeep
|turn|3
|
|t:|1639226954
|switch|p2a: Melmetal|Melmetal|100/100
|move|p1a: Zapdos|Hurricane|p2a: Melmetal
|-resisted|p2a: Melmetal
|-damage|p2a: Melmetal|88/100
|-start|p2a: Melmetal|confusion
|
|-weather|RainDance|[upkeep]
|upkeep
|turn|4
|
|t:|1639226978
|switch|p1a: Ferrothorn|Ferrothorn, F|100/100
|-damage|p1a: Ferrothorn|94/100|[from] Stealth Rock
|-activate|p2a: Melmetal|confusion
|move|p2a: Melmetal|Rock Slide|p1a: Ferrothorn
|-resisted|p1a: Ferrothorn
|-damage|p1a: Ferrothorn|87/100
|
|-weather|RainDance|[upkeep]
|-heal|p1a: Ferrothorn|93/100|[from] item: Leftovers
|upkeep
|turn|5
|
|t:|1639227000
|switch|p2a: Zapdos|Zapdos|100/100
|move|p1a: Ferrothorn|Stealth Rock|p2a: Zapdos
|-sidestart|p2: wutsdisthang|move: Stealth Rock
|
|-weather|RainDance|[upkeep]
|-heal|p1a: Ferrothorn|99/100|[from] item: Leftovers
|upkeep
|turn|6
|
|t:|1639227008
|move|p2a: Zapdos|Hurricane|p1a: Ferrothorn
|-damage|p1a: Ferrothorn|58/100
|move|p1a: Ferrothorn|Knock Off|p2a: Zapdos
|-damage|p2a: Zapdos|85/100
|-enditem|p2a: Zapdos|Heavy-Duty Boots|[from] move: Knock Off|[of] p1a: Ferrothorn
|
|-weather|RainDance|[upkeep]
|-heal|p1a: Ferrothorn|64/100|[from] item: Leftovers
|upkeep
|turn|7
|j| 33ee
|
|t:|1639227018
|move|p2a: Zapdos|Hurricane|p1a: Ferrothorn
|-damage|p1a: Ferrothorn|23/100
|-start|p1a: Ferrothorn|confusion
|-activate|p1a: Ferrothorn|confusion
|move|p1a: Ferrothorn|Spikes|p2a: Zapdos
|-sidestart|p2: wutsdisthang|Spikes
|
|-weather|RainDance|[upkeep]
|-heal|p1a: Ferrothorn|29/100|[from] item: Leftovers
|upkeep
|turn|8
|l| 33ee
|j| Lane_Alih
|
|t:|1639227033
|move|p2a: Zapdos|Hurricane|p1a: Ferrothorn
|-damage|p1a: Ferrothorn|0 fnt
|faint|p1a: Ferrothorn
|
|-weather|none
|upkeep
|j| aquanami
|
|t:|1639227040
|switch|p1a: Pelipper|Pelipper, F|100/100
|-damage|p1a: Pelipper|76/100|[from] Stealth Rock
|-weather|RainDance|[from] ability: Drizzle|[of] p1a: Pelipper
|turn|9
|
|t:|1639227049
|move|p2a: Zapdos|Discharge|p1a: Pelipper
|-supereffective|p1a: Pelipper
|-damage|p1a: Pelipper|0 fnt
|faint|p1a: Pelipper
|
|-weather|RainDance|[upkeep]
|upkeep
|
|t:|1639227058
|switch|p1a: Zapdos|Zapdos|100/100
|turn|10
|
|t:|1639227064
|switch|p2a: Melmetal|Melmetal|88/100
|-damage|p2a: Melmetal|82/100|[from] Stealth Rock
|-damage|p2a: Melmetal|70/100|[from] Spikes
|move|p1a: Zapdos|Thunder|p2a: Melmetal
|-damage|p2a: Melmetal|40/100
|
|-weather|RainDance|[upkeep]
|upkeep
|turn|11
|
|t:|1639227074
|switch|p2a: Garchomp|Garchomp, F|100/100
|-damage|p2a: Garchomp|88/100|[from] Spikes
|-damage|p2a: Garchomp|82/100|[from] Stealth Rock
|move|p1a: Zapdos|Thunder|p2a: Garchomp
|-immune|p2a: Garchomp
|
|-weather|RainDance|[upkeep]
|-heal|p2a: Garchomp|88/100|[from] item: Leftovers
|upkeep
|turn|12
|
|t:|1639227085
|move|p2a: Garchomp|Protect|p2a: Garchomp
|-singleturn|p2a: Garchomp|Protect
|move|p1a: Zapdos|Hurricane|p2a: Garchomp
|-activate|p2a: Garchomp|move: Protect
|
|-weather|RainDance|[upkeep]
|-heal|p2a: Garchomp|94/100|[from] item: Leftovers
|upkeep
|turn|13
|
|t:|1639227094
|move|p2a: Garchomp|Toxic|p1a: Zapdos
|-status|p1a: Zapdos|tox
|move|p1a: Zapdos|Hurricane|p2a: Garchomp
|-damage|p2a: Garchomp|40/100
|
|-weather|RainDance|[upkeep]
|-heal|p2a: Garchomp|46/100|[from] item: Leftovers
|-damage|p1a: Zapdos|94/100 tox|[from] psn
|upkeep
|turn|14
|
|t:|1639227104
|switch|p1a: Tornadus|Tornadus-Therian, M|100/100
|-damage|p1a: Tornadus|76/100|[from] Stealth Rock
|move|p2a: Garchomp|Protect||[still]
|-fail|p2a: Garchomp
|
|-weather|RainDance|[upkeep]
|-heal|p2a: Garchomp|52/100|[from] item: Leftovers
|upkeep
|turn|15
|
|t:|1639227120
|move|p1a: Tornadus|Weather Ball|p2a: Garchomp
|-damage|p2a: Garchomp|0 fnt
|faint|p2a: Garchomp
|
|-weather|RainDance|[upkeep]
|upkeep
|
|t:|1639227127
|switch|p2a: Weavile|Weavile, F|100/100
|-ability|p2a: Weavile|Pressure
|turn|16
|
|t:|1639227132
|switch|p1a: Urshifu|Urshifu-Rapid-Strike, M|100/100
|-damage|p1a: Urshifu|94/100|[from] Stealth Rock
|move|p2a: Weavile|Triple Axel|p1a: Urshifu
|-resisted|p1a: Urshifu
|-damage|p1a: Urshifu|89/100
|-hitcount|p1a: Urshifu|1
|
|-weather|none
|upkeep
|turn|17
|j| Nahhhe
|
|t:|1639227143
|switch|p2a: Zapdos|Zapdos|85/100
|-damage|p2a: Zapdos|60/100|[from] Stealth Rock
|move|p1a: Urshifu|U-turn|p2a: Zapdos
|-resisted|p2a: Zapdos
|-crit|p2a: Zapdos
|-damage|p2a: Zapdos|47/100
|
|t:|1639227152
|switch|p1a: Zapdos|Zapdos|94/100 tox|[from]move: U-turn
|
|-damage|p1a: Zapdos|88/100 tox|[from] psn
|upkeep
|turn|18
|
|t:|1639227162
|switch|p2a: Melmetal|Melmetal|40/100
|-damage|p2a: Melmetal|34/100|[from] Stealth Rock
|-damage|p2a: Melmetal|22/100|[from] Spikes
|move|p1a: Zapdos|Thunder|p2a: Melmetal
|-damage|p2a: Melmetal|0 fnt
|faint|p2a: Melmetal
|
|-damage|p1a: Zapdos|76/100 tox|[from] psn
|upkeep
|l| aquanami
|j| CallMePrimal
|
|t:|1639227183
|switch|p2a: Weavile|Weavile, F|100/100
|-ability|p2a: Weavile|Pressure
|turn|19
|
|t:|1639227189
|move|p2a: Weavile|Triple Axel|p1a: Zapdos
|-supereffective|p1a: Zapdos
|-damage|p1a: Zapdos|51/100 tox
|-hitcount|p1a: Zapdos|1
|move|p1a: Zapdos|Hurricane|p2a: Weavile
|-damage|p2a: Weavile|20/100
|
|-damage|p1a: Zapdos|33/100 tox|[from] psn
|upkeep
|turn|20
|
|t:|1639227199
|move|p2a: Weavile|Ice Shard|p1a: Zapdos
|-supereffective|p1a: Zapdos
|-damage|p1a: Zapdos|0 fnt
|faint|p1a: Zapdos
|
|upkeep
|
|t:|1639227204
|switch|p1a: Urshifu|Urshifu-Rapid-Strike, M|89/100
|-damage|p1a: Urshifu|83/100|[from] Stealth Rock
|turn|21
|
|t:|1639227209
|switch|p2a: Zapdos|Zapdos|47/100
|-damage|p2a: Zapdos|23/100|[from] Stealth Rock
|move|p1a: Urshifu|U-turn|p2a: Zapdos
|-resisted|p2a: Zapdos
|-damage|p2a: Zapdos|14/100
|
|t:|1639227216
|switch|p1a: Barraskewda|Barraskewda, F|100/100|[from]move: U-turn
|-damage|p1a: Barraskewda|88/100|[from] Stealth Rock
|
|upkeep
|turn|22
|
|t:|1639227222
|move|p1a: Barraskewda|Flip Turn|p2a: Zapdos
|-damage|p2a: Zapdos|0 fnt
|faint|p2a: Zapdos
|
|t:|1639227226
|switch|p1a: Tornadus|Tornadus-Therian, M|100/100|[from]move: Flip Turn
|-damage|p1a: Tornadus|76/100|[from] Stealth Rock
|
|upkeep
|
|t:|1639227234
|switch|p2a: Weavile|Weavile, F|20/100
|-ability|p2a: Weavile|Pressure
|turn|23
|
|t:|1639227239
|switch|p1a: Urshifu|Urshifu-Rapid-Strike, M|83/100
|-damage|p1a: Urshifu|77/100|[from] Stealth Rock
|move|p2a: Weavile|Triple Axel|p1a: Urshifu
|-resisted|p1a: Urshifu
|-damage|p1a: Urshifu|71/100
|-resisted|p1a: Urshifu
|-damage|p1a: Urshifu|62/100
|-resisted|p1a: Urshifu
|-crit|p1a: Urshifu
|-damage|p1a: Urshifu|38/100
|-hitcount|p1a: Urshifu|3
|
|upkeep
|turn|24
|
|t:|1639227251
|switch|p2a: Tapu Lele|Tapu Lele|100/100
|-damage|p2a: Tapu Lele|88/100|[from] Spikes
|-damage|p2a: Tapu Lele|76/100|[from] Stealth Rock
|-fieldstart|move: Psychic Terrain|[from] ability: Psychic Surge|[of] p2a: Tapu Lele
|move|p1a: Urshifu|U-turn|p2a: Tapu Lele
|-damage|p2a: Tapu Lele|40/100
|
|t:|1639227260
|switch|p1a: Barraskewda|Barraskewda, F|88/100|[from]move: U-turn
|-damage|p1a: Barraskewda|76/100|[from] Stealth Rock
|
|upkeep
|turn|25
|
|t:|1639227266
|move|p1a: Barraskewda|Flip Turn|p2a: Tapu Lele
|-damage|p2a: Tapu Lele|0 fnt
|faint|p2a: Tapu Lele
|
|t:|1639227273
|switch|p1a: Urshifu|Urshifu-Rapid-Strike, M|38/100|[from]move: Flip Turn
|-damage|p1a: Urshifu|32/100|[from] Stealth Rock
|
|upkeep
|-message|wutsdisthang forfeited.
|
|win|damorush
|raw|damorush's rating: 1554 &rarr; <strong>1578</strong><br />(+24 for winning)
|raw|wutsdisthang's rating: 1628 &rarr; <strong>1604</strong><br />(-24 for losing)
|l|☆damorush
