|j|☆Kakarotto Prime
|j|☆friedfreak
|t:|1620711712
|gametype|singles
|player|p1|Kakarotto Prime|170|1658
|player|p2|friedfreak|170|1810
|teamsize|p1|6
|teamsize|p2|6
|gen|8
|tier|[Gen 8] OU
|rated|
|rule|Sleep Clause Mod: Limit one foe put to sleep
|rule|Species Clause: Limit one of each Pokémon
|rule|OHKO Clause: OHKO moves are banned
|rule|Evasion Moves Clause: Evasion moves are banned
|rule|Endless Battle Clause: Forcing endless battles is banned
|rule|HP Percentage Mod: HP is shown in percentages
|rule|Dynamax Clause: You cannot dynamax
|clearpoke
|poke|p1|Rillaboom, M|
|poke|p1|Latios, M|
|poke|p1|Suicune|
|poke|p1|Volcarona, F|
|poke|p1|Zeraora|
|poke|p1|Lycanroc-Dusk, M|
|poke|p2|Mandibuzz, F|
|poke|p2|Urshifu-*, M|
|poke|p2|Slowking, F|
|poke|p2|Nidoking, M|
|poke|p2|Zeraora|
|poke|p2|Ferrothorn, M|
|teampreview
|
|t:|1620711735
|start
|switch|p1a: Thundercat|Zeraora|100/100
|switch|p2a: Ferrothorn|Ferrothorn, M|100/100
|turn|1
|j| iouweoiueoiw
|
|t:|1620711750
|move|p1a: Thundercat|Fire Punch|p2a: Ferrothorn
|-supereffective|p2a: Ferrothorn
|-damage|p2a: Ferrothorn|0 fnt
|-damage|p1a: Thundercat|88/100|[from] ability: Iron Barbs|[of] p2a: Ferrothorn
|faint|p2a: Ferrothorn
|
|upkeep
|
|t:|1620711759
|switch|p2a: Mandibuzz|Mandibuzz, F|100/100
|turn|2
|
|t:|1620711766
|switch|p1a: Panthro|Suicune|100/100
|-ability|p1a: Panthro|Pressure
|move|p2a: Mandibuzz|Toxic|p1a: Panthro
|-status|p1a: Panthro|tox
|
|-damage|p1a: Panthro|94/100 tox|[from] psn
|upkeep
|turn|3
|
|t:|1620711775
|switch|p2a: Slowking|Slowking, F|100/100
|move|p1a: Panthro|Ice Beam|p2a: Slowking
|-resisted|p2a: Slowking
|-damage|p2a: Slowking|92/100
|
|-heal|p1a: Panthro|100/100 tox|[from] item: Leftovers
|-damage|p1a: Panthro|88/100 tox|[from] psn
|upkeep
|turn|4
|
|t:|1620711781
|switch|p1a: Thundercat|Zeraora|88/100
|move|p2a: Slowking|Teleport|p2a: Slowking
|
|t:|1620711785
|switch|p2a: Nidoking|Nidoking, M|100/100|[from]move: Teleport
|
|upkeep
|turn|5
|
|t:|1620711794
|switch|p1a: Panthro|Suicune|88/100 tox
|-ability|p1a: Panthro|Pressure
|move|p2a: Nidoking|Earth Power|p1a: Panthro
|-damage|p1a: Panthro|42/100 tox
|
|-heal|p1a: Panthro|48/100 tox|[from] item: Leftovers
|-damage|p1a: Panthro|42/100 tox|[from] psn
|upkeep
|turn|6
|
|t:|1620711810
|switch|p1a: Thundercat|Zeraora|88/100
|move|p2a: Nidoking|Stealth Rock|p1a: Thundercat
|-sidestart|p1: Kakarotto Prime|move: Stealth Rock
|
|upkeep
|turn|7
|
|t:|1620711818
|move|p1a: Thundercat|Knock Off|p2a: Nidoking
|-damage|p2a: Nidoking|32/100
|-enditem|p2a: Nidoking|Life Orb|[from] move: Knock Off|[of] p1a: Thundercat
|move|p2a: Nidoking|Sludge Wave|p1a: Thundercat
|-damage|p1a: Thundercat|24/100
|
|upkeep
|turn|8
|j| Limited_Toolkit
|
|t:|1620711837
|move|p1a: Thundercat|Knock Off|p2a: Nidoking
|-damage|p2a: Nidoking|0 fnt
|faint|p2a: Nidoking
|
|upkeep
|
|t:|1620711859
|switch|p2a: Urshifu|Urshifu-Rapid-Strike, M|100/100
|turn|9
|
|t:|1620711868
|switch|p1a: Kong|Rillaboom, M|100/100
|-damage|p1a: Kong|88/100|[from] Stealth Rock
|-fieldstart|move: Grassy Terrain|[from] ability: Grassy Surge|[of] p1a: Kong
|-enditem|p1a: Kong|Grassy Seed
|-boost|p1a: Kong|def|1|[from] item: Grassy Seed
|move|p2a: Urshifu|U-turn|p1a: Kong
|-supereffective|p1a: Kong
|-damage|p1a: Kong|32/100
|
|t:|1620711874
|switch|p2a: Mandibuzz|Mandibuzz, F|100/100|[from]move: U-turn
|
|-heal|p1a: Kong|39/100|[from] Grassy Terrain
|upkeep
|turn|10
|
|t:|1620711882
|move|p1a: Kong|Acrobatics|p2a: Mandibuzz
|-damage|p2a: Mandibuzz|80/100
|move|p2a: Mandibuzz|Foul Play|p1a: Kong
|-damage|p1a: Kong|1/100
|
|-heal|p1a: Kong|7/100|[from] Grassy Terrain
|upkeep
|turn|11
|
|t:|1620711887
|move|p1a: Kong|Acrobatics|p2a: Mandibuzz
|-damage|p2a: Mandibuzz|60/100
|move|p2a: Mandibuzz|Roost|p2a: Mandibuzz
|-heal|p2a: Mandibuzz|100/100
|-singleturn|p2a: Mandibuzz|move: Roost
|
|-heal|p1a: Kong|13/100|[from] Grassy Terrain
|upkeep
|turn|12
|j| ghosts n bones
|
|t:|1620711908
|move|p1a: Kong|Acrobatics|p2a: Mandibuzz
|-damage|p2a: Mandibuzz|80/100
|move|p2a: Mandibuzz|Foul Play|p1a: Kong
|-crit|p1a: Kong
|-damage|p1a: Kong|0 fnt
|faint|p1a: Kong
|
|upkeep
|
|t:|1620711911
|switch|p1a: Mothra|Volcarona, F|100/100
|turn|13
|
|t:|1620711915
|move|p1a: Mothra|Quiver Dance|p1a: Mothra
|-boost|p1a: Mothra|spa|1
|-boost|p1a: Mothra|spd|1
|-boost|p1a: Mothra|spe|1
|move|p2a: Mandibuzz|Toxic|p1a: Mothra
|-status|p1a: Mothra|tox
|
|-damage|p1a: Mothra|94/100 tox|[from] psn
|-fieldend|move: Grassy Terrain
|upkeep
|turn|14
|
|t:|1620711933
|switch|p2a: Slowking|Slowking, F|100/100
|move|p1a: Mothra|Fiery Dance|p2a: Slowking
|-resisted|p2a: Slowking
|-damage|p2a: Slowking|81/100
|-boost|p1a: Mothra|spa|1
|
|-damage|p1a: Mothra|82/100 tox|[from] psn
|upkeep
|turn|15
|
|t:|1620711942
|move|p1a: Mothra|Bug Buzz|p2a: Slowking
|-supereffective|p2a: Slowking
|-damage|p2a: Slowking|0 fnt
|faint|p2a: Slowking
|
|-damage|p1a: Mothra|64/100 tox|[from] psn
|upkeep
|
|t:|1620711957
|switch|p2a: Urshifu|Urshifu-Rapid-Strike, M|100/100
|turn|16
|
|t:|1620711961
|move|p2a: Urshifu|Aqua Jet|p1a: Mothra
|-supereffective|p1a: Mothra
|-damage|p1a: Mothra|0 fnt
|faint|p1a: Mothra
|
|upkeep
|
|t:|1620711965
|switch|p1a: Eragon|Latios, M|100/100
|-damage|p1a: Eragon|88/100|[from] Stealth Rock
|turn|17
|
|t:|1620711974
|switch|p2a: Mandibuzz|Mandibuzz, F|80/100
|move|p1a: Eragon|Draco Meteor|p2a: Mandibuzz
|-damage|p2a: Mandibuzz|20/100
|-unboost|p1a: Eragon|spa|2
|
|upkeep
|turn|18
|j| poolboy124
|
|t:|1620711989
|move|p1a: Eragon|Draco Meteor|p2a: Mandibuzz
|-damage|p2a: Mandibuzz|0 fnt
|-unboost|p1a: Eragon|spa|2
|faint|p2a: Mandibuzz
|
|upkeep
|
|t:|1620711993
|switch|p2a: Zeraora|Zeraora|100/100
|turn|19
|
|t:|1620711997
|switch|p1a: Panthro|Suicune|42/100 tox
|-damage|p1a: Panthro|29/100 tox|[from] Stealth Rock
|-ability|p1a: Panthro|Pressure
|move|p2a: Zeraora|Knock Off|p1a: Panthro
|-damage|p1a: Panthro|5/100 tox
|-enditem|p1a: Panthro|Leftovers|[from] move: Knock Off|[of] p2a: Zeraora
|
|-damage|p1a: Panthro|0 fnt|[from] psn
|faint|p1a: Panthro
|upkeep
|
|t:|1620712001
|switch|p1a: Balto|Lycanroc-Dusk, M|100/100
|-damage|p1a: Balto|88/100|[from] Stealth Rock
|turn|20
|
|t:|1620712023
|move|p2a: Zeraora|Close Combat|p1a: Balto
|-supereffective|p1a: Balto
|-damage|p1a: Balto|0 fnt
|-unboost|p2a: Zeraora|def|1
|-unboost|p2a: Zeraora|spd|1
|faint|p1a: Balto
|
|upkeep
|
|t:|1620712026
|switch|p1a: Thundercat|Zeraora|24/100
|-damage|p1a: Thundercat|12/100|[from] Stealth Rock
|turn|21
|
|t:|1620712040
|switch|p2a: Urshifu|Urshifu-Rapid-Strike, M|100/100
|move|p1a: Thundercat|Close Combat|p2a: Urshifu
|-damage|p2a: Urshifu|42/100
|-unboost|p1a: Thundercat|def|1
|-unboost|p1a: Thundercat|spd|1
|
|upkeep
|turn|22
|
|t:|1620712047
|move|p2a: Urshifu|Aqua Jet|p1a: Thundercat
|-damage|p1a: Thundercat|0 fnt
|faint|p1a: Thundercat
|
|upkeep
|
|t:|1620712049
|switch|p1a: Eragon|Latios, M|88/100
|-damage|p1a: Eragon|76/100|[from] Stealth Rock
|turn|23
|
|t:|1620712052
|move|p2a: Urshifu|Aqua Jet|p1a: Eragon
|-resisted|p1a: Eragon
|-damage|p1a: Eragon|54/100
|move|p1a: Eragon|Psyshock|p2a: Urshifu
|-supereffective|p2a: Urshifu
|-damage|p2a: Urshifu|0 fnt
|faint|p2a: Urshifu
|
|upkeep
|
|t:|1620712056
|switch|p2a: Zeraora|Zeraora|100/100
|turn|24
|
|t:|1620712059
|move|p1a: Eragon|Psyshock|p2a: Zeraora
|-damage|p2a: Zeraora|39/100
|move|p2a: Zeraora|Knock Off|p1a: Eragon
|-supereffective|p1a: Eragon
|-damage|p1a: Eragon|0 fnt
|-enditem|p1a: Eragon|Choice Scarf|[from] move: Knock Off|[of] p2a: Zeraora
|faint|p1a: Eragon
|
|win|friedfreak
|raw|Kakarotto Prime's rating: 1658 &rarr; <strong>1646</strong><br />(-12 for losing)
|raw|friedfreak's rating: 1810 &rarr; <strong>1822</strong><br />(+12 for winning)
|c|☆Kakarotto Prime|Gg
|l|☆Kakarotto Prime
