|j|☆Huskothy
|j|☆Steez Ibanez
|t:|1665015484
|gametype|singles
|player|p1|Huskothy|lucas|1633
|player|p2|Steez Ibanez|pokemonranger-gen4|1884
|teamsize|p1|6
|teamsize|p2|6
|gen|8
|tier|[Gen 8] OU
|rated|
|rule|Sleep Clause Mod: Limit one foe put to sleep
|rule|Species Clause: Limit one of each Pokémon
|rule|OHKO Clause: OHKO moves are banned
|rule|Evasion Items Clause: Evasion items are banned
|rule|Evasion Moves Clause: Evasion moves are banned
|rule|Endless Battle Clause: Forcing endless battles is banned
|rule|HP Percentage Mod: HP is shown in percentages
|rule|Dynamax Clause: You cannot dynamax
|clearpoke
|poke|p1|Tyranitar, F|
|poke|p1|Excadrill, F|
|poke|p1|Stoutland, F|
|poke|p1|Volcanion|
|poke|p1|Zapdos|
|poke|p1|Clefable, F|
|poke|p2|Clefable, M|
|poke|p2|Dragapult, M|
|poke|p2|Tyranitar, M|
|poke|p2|Landorus-Therian, M|
|poke|p2|Ferrothorn, M|
|poke|p2|Zapdos|
|teampreview
|
|t:|1665015495
|start
|switch|p1a: Tyranitar|Tyranitar, F|100/100
|switch|p2a: Simba|Landorus-Therian, M|100/100
|-ability|p2a: Simba|Intimidate|boost
|-unboost|p1a: Tyranitar|atk|1
|-weather|Sandstorm|[from] ability: Sand Stream|[of] p1a: Tyranitar
|turn|1
|
|t:|1665015500
|move|p2a: Simba|U-turn|p1a: Tyranitar
|-supereffective|p1a: Tyranitar
|-damage|p1a: Tyranitar|55/100
|
|t:|1665015523
|switch|p2a: Abomination|Ferrothorn, M|100/100|[from]move: U-turn
|move|p1a: Tyranitar|Stealth Rock|p2a: Abomination
|-sidestart|p2: Steez Ibanez|move: Stealth Rock
|
|-weather|Sandstorm|[upkeep]
|upkeep
|turn|2
|
|t:|1665015531
|switch|p1a: Volcanion|Volcanion|100/100
|move|p2a: Abomination|Knock Off|p1a: Volcanion
|-damage|p1a: Volcanion|80/100
|-enditem|p1a: Volcanion|Heavy-Duty Boots|[from] move: Knock Off|[of] p2a: Abomination
|
|-weather|Sandstorm|[upkeep]
|-damage|p1a: Volcanion|74/100|[from] Sandstorm
|upkeep
|turn|3
|
|t:|1665015536
|switch|p2a: Toothless|Dragapult, M|100/100
|move|p1a: Volcanion|Steam Eruption|p2a: Toothless
|-resisted|p2a: Toothless
|-damage|p2a: Toothless|62/100
|
|-weather|Sandstorm|[upkeep]
|-damage|p2a: Toothless|56/100|[from] Sandstorm
|-damage|p1a: Volcanion|68/100|[from] Sandstorm
|upkeep
|turn|4
|
|t:|1665015542
|switch|p1a: Clefable|Clefable, F|100/100
|move|p2a: Toothless|Dragon Darts|p1a: Clefable
|-immune|p1a: Clefable
|
|-weather|Sandstorm|[upkeep]
|-damage|p2a: Toothless|50/100|[from] Sandstorm
|upkeep
|turn|5
|
|t:|1665015546
|switch|p1a: Volcanion|Volcanion|68/100
|move|p2a: Toothless|Thunder Wave|p1a: Volcanion
|-status|p1a: Volcanion|par
|
|-weather|Sandstorm|[upkeep]
|-damage|p2a: Toothless|44/100|[from] Sandstorm
|-damage|p1a: Volcanion|62/100 par|[from] Sandstorm
|upkeep
|turn|6
|
|t:|1665015550
|switch|p1a: Clefable|Clefable, F|100/100
|move|p2a: Toothless|Hex|p1a: Clefable
|-damage|p1a: Clefable|77/100
|
|-weather|Sandstorm|[upkeep]
|-damage|p2a: Toothless|38/100|[from] Sandstorm
|-heal|p1a: Clefable|83/100|[from] item: Leftovers
|upkeep
|turn|7
|
|t:|1665015553
|switch|p2a: Abomination|Ferrothorn, M|100/100
|-damage|p2a: Abomination|95/100|[from] Stealth Rock
|move|p1a: Clefable|Moonblast|p2a: Abomination
|-resisted|p2a: Abomination
|-damage|p2a: Abomination|82/100
|
|-weather|Sandstorm|[upkeep]
|-heal|p1a: Clefable|89/100|[from] item: Leftovers
|upkeep
|turn|8
|
|t:|1665015556
|switch|p2a: Majinn|Clefable, M|100/100
|move|p1a: Clefable|Knock Off|p2a: Majinn
|-resisted|p2a: Majinn
|-damage|p2a: Majinn|94/100
|-enditem|p2a: Majinn|Sticky Barb|[from] move: Knock Off|[of] p1a: Clefable
|
|-weather|none
|-heal|p1a: Clefable|95/100|[from] item: Leftovers
|upkeep
|turn|9
|
|t:|1665015560
|switch|p1a: Tyranitar|Tyranitar, F|55/100
|-weather|Sandstorm|[from] ability: Sand Stream|[of] p1a: Tyranitar
|move|p2a: Majinn|Trick|p1a: Tyranitar
|-activate|p2a: Majinn|move: Trick|[of] p1a: Tyranitar
|-enditem|p1a: Tyranitar|Smooth Rock|[silent]|[from] move: Trick
|-item|p2a: Majinn|Smooth Rock|[from] move: Trick
|
|-weather|Sandstorm|[upkeep]
|upkeep
|turn|10
|
|t:|1665015563
|switch|p1a: Excadrill|Excadrill, F|100/100
|-item|p1a: Excadrill|Air Balloon
|move|p2a: Majinn|Stealth Rock|p1a: Excadrill
|-sidestart|p1: Huskothy|move: Stealth Rock
|
|-weather|Sandstorm|[upkeep]
|upkeep
|turn|11
|
|t:|1665015566
|switch|p2a: Toothless|Dragapult, M|38/100
|move|p1a: Excadrill|Rapid Spin|p2a: Toothless
|-immune|p2a: Toothless
|
|-weather|Sandstorm|[upkeep]
|-damage|p2a: Toothless|32/100|[from] Sandstorm
|upkeep
|turn|12
|
|t:|1665015571
|switch|p2a: Simba|Landorus-Therian, M|100/100
|-damage|p2a: Simba|88/100|[from] Stealth Rock
|-ability|p2a: Simba|Intimidate|boost
|-unboost|p1a: Excadrill|atk|1
|move|p1a: Excadrill|Rapid Spin|p2a: Simba
|-damage|p2a: Simba|75/100
|-boost|p1a: Excadrill|spe|1
|-sideend|p1: Huskothy|Stealth Rock|[from] move: Rapid Spin|[of] p1a: Excadrill
|
|-weather|Sandstorm|[upkeep]
|upkeep
|turn|13
|
|t:|1665015574
|move|p1a: Excadrill|Iron Head|p2a: Simba
|-damage|p2a: Simba|39/100
|move|p2a: Simba|U-turn|p1a: Excadrill
|-resisted|p1a: Excadrill
|-damage|p1a: Excadrill|80/100
|-enditem|p1a: Excadrill|Air Balloon
|
|t:|1665015576
|switch|p2a: Bolt|Zapdos|100/100|[from]move: U-turn
|
|-weather|Sandstorm|[upkeep]
|-damage|p2a: Bolt|94/100|[from] Sandstorm
|upkeep
|turn|14
|
|t:|1665015599
|switch|p1a: Clefable|Clefable, F|95/100
|move|p2a: Bolt|Heat Wave|p1a: Clefable
|-damage|p1a: Clefable|73/100
|
|-weather|Sandstorm|[upkeep]
|-damage|p2a: Bolt|88/100|[from] Sandstorm
|-heal|p1a: Clefable|79/100|[from] item: Leftovers
|upkeep
|turn|15
|
|t:|1665015614
|switch|p2a: Majinn|Clefable, M|94/100
|move|p1a: Clefable|Moonblast|p2a: Majinn
|-damage|p2a: Majinn|67/100
|
|-weather|Sandstorm|[upkeep]
|-heal|p1a: Clefable|85/100|[from] item: Leftovers
|upkeep
|turn|16
|
|t:|1665015628
|switch|p1a: Zapdos|Zapdos|100/100
|move|p2a: Majinn|Stealth Rock|p1a: Zapdos
|-sidestart|p1: Huskothy|move: Stealth Rock
|
|-weather|none
|upkeep
|turn|17
|
|t:|1665015643
|move|p1a: Zapdos|Hurricane|p2a: Majinn|[miss]
|-miss|p1a: Zapdos|p2a: Majinn
|move|p2a: Majinn|Soft-Boiled|p2a: Majinn
|-heal|p2a: Majinn|100/100
|
|upkeep
|turn|18
|
|t:|1665015647
|move|p1a: Zapdos|Hurricane|p2a: Majinn
|-damage|p2a: Majinn|58/100
|-start|p2a: Majinn|confusion
|-activate|p2a: Majinn|confusion
|move|p2a: Majinn|Moonblast|p1a: Zapdos
|-damage|p1a: Zapdos|63/100
|
|upkeep
|turn|19
|
|t:|1665015651
|move|p1a: Zapdos|Volt Switch|p2a: Majinn
|-damage|p2a: Majinn|28/100
|
|t:|1665015654
|switch|p1a: Stoutland|Stoutland, F|100/100|[from]move: Volt Switch
|-damage|p1a: Stoutland|88/100|[from] Stealth Rock
|-activate|p2a: Majinn|confusion
|move|p2a: Majinn|Soft-Boiled|p2a: Majinn
|-heal|p2a: Majinn|78/100
|
|-status|p1a: Stoutland|tox|[from] item: Toxic Orb
|upkeep
|turn|20
|
|t:|1665015661
|switch|p2a: Toothless|Dragapult, M|32/100
|move|p1a: Stoutland|Work Up|p1a: Stoutland
|-boost|p1a: Stoutland|atk|1
|-boost|p1a: Stoutland|spa|1
|
|-damage|p1a: Stoutland|82/100 tox|[from] psn
|upkeep
|turn|21
|
|t:|1665015666
|move|p2a: Toothless|U-turn|p1a: Stoutland
|-damage|p1a: Stoutland|57/100 tox
|
|t:|1665015668
|switch|p2a: Abomination|Ferrothorn, M|82/100|[from]move: U-turn
|-damage|p2a: Abomination|76/100|[from] Stealth Rock
|move|p1a: Stoutland|Crunch|p2a: Abomination
|-damage|p2a: Abomination|53/100
|-damage|p1a: Stoutland|45/100 tox|[from] ability: Iron Barbs|[of] p2a: Abomination
|-damage|p1a: Stoutland|29/100 tox|[from] item: Rocky Helmet|[of] p2a: Abomination
|
|-damage|p1a: Stoutland|17/100 tox|[from] psn
|upkeep
|turn|22
|
|t:|1665015673
|switch|p1a: Clefable|Clefable, F|85/100
|move|p2a: Abomination|Spikes|p1a: Clefable
|-sidestart|p1: Huskothy|Spikes
|
|-heal|p1a: Clefable|91/100|[from] item: Leftovers
|upkeep
|turn|23
|
|t:|1665015683
|move|p1a: Clefable|Moonblast|p2a: Abomination
|-resisted|p2a: Abomination
|-damage|p2a: Abomination|39/100
|move|p2a: Abomination|Knock Off|p1a: Clefable
|-resisted|p1a: Clefable
|-damage|p1a: Clefable|81/100
|-enditem|p1a: Clefable|Leftovers|[from] move: Knock Off|[of] p2a: Abomination
|
|upkeep
|turn|24
|
|t:|1665015687
|switch|p1a: Excadrill|Excadrill, F|80/100
|-damage|p1a: Excadrill|77/100|[from] Stealth Rock
|-damage|p1a: Excadrill|65/100|[from] Spikes
|move|p2a: Abomination|Gyro Ball|p1a: Excadrill
|-resisted|p1a: Excadrill
|-damage|p1a: Excadrill|29/100
|
|upkeep
|turn|25
|
|t:|1665015692
|move|p1a: Excadrill|Earthquake|p2a: Abomination
|-damage|p2a: Abomination|8/100
|move|p2a: Abomination|Spikes|p1a: Excadrill
|-sidestart|p1: Huskothy|Spikes
|
|upkeep
|turn|26
|
|t:|1665015695
|switch|p2a: Toothless|Dragapult, M|32/100
|move|p1a: Excadrill|Rapid Spin|p2a: Toothless
|-immune|p2a: Toothless
|
|upkeep
|turn|27
|
|t:|1665015697
|switch|p1a: Clefable|Clefable, F|81/100
|move|p2a: Toothless|Hex|p1a: Clefable
|-damage|p1a: Clefable|61/100
|
|upkeep
|turn|28
|
|t:|1665015701
|move|p2a: Toothless|U-turn|p1a: Clefable
|-resisted|p1a: Clefable
|-damage|p1a: Clefable|53/100
|
|t:|1665015703
|switch|p2a: Reptar|Tyranitar, M|100/100|[from]move: U-turn
|-damage|p2a: Reptar|88/100|[from] Stealth Rock
|-weather|Sandstorm|[from] ability: Sand Stream|[of] p2a: Reptar
|move|p1a: Clefable|Moonblast|p2a: Reptar
|-supereffective|p2a: Reptar
|-damage|p2a: Reptar|46/100
|
|-weather|Sandstorm|[upkeep]
|upkeep
|turn|29
|
|t:|1665015732
|move|p2a: Reptar|Heavy Slam|p1a: Clefable
|-supereffective|p1a: Clefable
|-damage|p1a: Clefable|0 fnt
|faint|p1a: Clefable
|
|-weather|Sandstorm|[upkeep]
|upkeep
|
|t:|1665015750
|switch|p1a: Excadrill|Excadrill, F|29/100
|-damage|p1a: Excadrill|26/100|[from] Stealth Rock
|-damage|p1a: Excadrill|10/100|[from] Spikes
|turn|30
|
|t:|1665015758
|switch|p2a: Toothless|Dragapult, M|32/100
|move|p1a: Excadrill|Swords Dance|p1a: Excadrill
|-boost|p1a: Excadrill|atk|2
|
|-weather|Sandstorm|[upkeep]
|-damage|p2a: Toothless|26/100|[from] Sandstorm
|upkeep
|turn|31
|
|t:|1665015761
|switch|p2a: Abomination|Ferrothorn, M|8/100
|-damage|p2a: Abomination|2/100|[from] Stealth Rock
|move|p1a: Excadrill|Earthquake|p2a: Abomination
|-damage|p2a: Abomination|0 fnt
|faint|p2a: Abomination
|
|-weather|Sandstorm|[upkeep]
|upkeep
|
|t:|1665015768
|switch|p2a: Bolt|Zapdos|88/100
|turn|32
|
|t:|1665015770
|move|p1a: Excadrill|Rapid Spin|p2a: Bolt
|-damage|p2a: Bolt|63/100
|-boost|p1a: Excadrill|spe|1
|-sideend|p1: Huskothy|Spikes|[from] move: Rapid Spin|[of] p1a: Excadrill
|-sideend|p1: Huskothy|Stealth Rock|[from] move: Rapid Spin|[of] p1a: Excadrill
|move|p2a: Bolt|Heat Wave|p1a: Excadrill
|-supereffective|p1a: Excadrill
|-damage|p1a: Excadrill|0 fnt
|faint|p1a: Excadrill
|
|-weather|none
|upkeep
|
|t:|1665015774
|switch|p1a: Tyranitar|Tyranitar, F|55/100
|-weather|Sandstorm|[from] ability: Sand Stream|[of] p1a: Tyranitar
|turn|33
|
|t:|1665015775
|move|p2a: Bolt|Toxic|p1a: Tyranitar
|-status|p1a: Tyranitar|tox
|move|p1a: Tyranitar|Rock Blast|p2a: Bolt
|-supereffective|p2a: Bolt
|-damage|p2a: Bolt|44/100
|-supereffective|p2a: Bolt
|-damage|p2a: Bolt|22/100
|-supereffective|p2a: Bolt
|-damage|p2a: Bolt|3/100
|-supereffective|p2a: Bolt
|-damage|p2a: Bolt|0 fnt
|faint|p2a: Bolt
|-hitcount|p2: Bolt|4
|
|-weather|Sandstorm|[upkeep]
|-damage|p1a: Tyranitar|49/100 tox|[from] psn
|upkeep
|
|t:|1665015781
|switch|p2a: Majinn|Clefable, M|78/100
|turn|34
|
|t:|1665015787
|move|p1a: Tyranitar|Thunder Wave|p2a: Majinn
|-status|p2a: Majinn|par
|move|p2a: Majinn|Stealth Rock|p1a: Tyranitar
|-sidestart|p1: Huskothy|move: Stealth Rock
|
|-weather|Sandstorm|[upkeep]
|-damage|p1a: Tyranitar|37/100 tox|[from] psn
|upkeep
|turn|35
|
|t:|1665015790
|switch|p1a: Zapdos|Zapdos|63/100
|move|p2a: Majinn|Soft-Boiled|p2a: Majinn
|-heal|p2a: Majinn|100/100 par
|
|-weather|Sandstorm|[upkeep]
|-damage|p1a: Zapdos|57/100|[from] Sandstorm
|upkeep
|turn|36
|
|t:|1665015834
|switch|p2a: Reptar|Tyranitar, M|46/100
|-damage|p2a: Reptar|34/100|[from] Stealth Rock
|move|p1a: Zapdos|Roost|p1a: Zapdos
|-heal|p1a: Zapdos|100/100
|-singleturn|p1a: Zapdos|move: Roost
|
|-weather|Sandstorm|[upkeep]
|-damage|p1a: Zapdos|94/100|[from] Sandstorm
|upkeep
|turn|37
|
|t:|1665015838
|move|p1a: Zapdos|Volt Switch|p2a: Reptar
|-damage|p2a: Reptar|9/100
|
|t:|1665015844
|switch|p1a: Stoutland|Stoutland, F|17/100 tox|[from]move: Volt Switch
|-damage|p1a: Stoutland|4/100 tox|[from] Stealth Rock
|move|p2a: Reptar|Crunch|p1a: Stoutland
|-damage|p1a: Stoutland|0 fnt
|faint|p1a: Stoutland
|
|-weather|none
|upkeep
|
|t:|1665015849
|switch|p1a: Zapdos|Zapdos|94/100
|turn|38
|
|t:|1665015852
|switch|p2a: Simba|Landorus-Therian, M|39/100
|-damage|p2a: Simba|27/100|[from] Stealth Rock
|-ability|p2a: Simba|Intimidate|boost
|-unboost|p1a: Zapdos|atk|1
|move|p1a: Zapdos|Heat Wave|p2a: Simba
|-damage|p2a: Simba|0 fnt
|faint|p2a: Simba
|
|upkeep
|
|t:|1665015854
|switch|p2a: Toothless|Dragapult, M|26/100
|turn|39
|
|t:|1665015861
|move|p2a: Toothless|Dragon Darts|p1a: Zapdos
|-damage|p1a: Zapdos|68/100
|-anim|p2a: Toothless|Dragon Darts|p1a: Zapdos
|-damage|p1a: Zapdos|43/100
|move|p1a: Zapdos|Hurricane|p2a: Toothless
|-damage|p2a: Toothless|0 fnt
|faint|p2a: Toothless
|
|upkeep
|
|t:|1665015863
|switch|p2a: Majinn|Clefable, M|100/100 par
|turn|40
|
|t:|1665015866
|move|p1a: Zapdos|Roost|p1a: Zapdos
|-heal|p1a: Zapdos|93/100
|-singleturn|p1a: Zapdos|move: Roost
|move|p2a: Majinn|Moonblast|p1a: Zapdos
|-damage|p1a: Zapdos|58/100
|
|upkeep
|turn|41
|
|t:|1665015869
|move|p1a: Zapdos|Roost|p1a: Zapdos
|-heal|p1a: Zapdos|100/100
|-singleturn|p1a: Zapdos|move: Roost
|cant|p2a: Majinn|par
|
|upkeep
|turn|42
|
|t:|1665015870
|move|p1a: Zapdos|Hurricane|p2a: Majinn|[miss]
|-miss|p1a: Zapdos|p2a: Majinn
|move|p2a: Majinn|Moonblast|p1a: Zapdos
|-crit|p1a: Zapdos
|-damage|p1a: Zapdos|44/100
|
|upkeep
|turn|43
|
|t:|1665015872
|move|p1a: Zapdos|Roost|p1a: Zapdos
|-heal|p1a: Zapdos|94/100
|-singleturn|p1a: Zapdos|move: Roost
|move|p2a: Majinn|Moonblast|p1a: Zapdos
|-damage|p1a: Zapdos|60/100
|
|upkeep
|turn|44
|
|t:|1665015874
|move|p1a: Zapdos|Hurricane|p2a: Majinn
|-damage|p2a: Majinn|57/100 par
|move|p2a: Majinn|Trick|p1a: Zapdos
|-activate|p2a: Majinn|move: Trick|[of] p1a: Zapdos
|-item|p1a: Zapdos|Smooth Rock|[from] move: Trick
|-item|p2a: Majinn|Heavy-Duty Boots|[from] move: Trick
|
|upkeep
|turn|45
|
|t:|1665015878
|move|p1a: Zapdos|Hurricane|p2a: Majinn|[miss]
|-miss|p1a: Zapdos|p2a: Majinn
|move|p2a: Majinn|Soft-Boiled|p2a: Majinn
|-heal|p2a: Majinn|100/100 par
|
|upkeep
|turn|46
|
|t:|1665015879
|move|p1a: Zapdos|Roost|p1a: Zapdos
|-heal|p1a: Zapdos|100/100
|-singleturn|p1a: Zapdos|move: Roost
|move|p2a: Majinn|Moonblast|p1a: Zapdos
|-damage|p1a: Zapdos|64/100
|
|upkeep
|turn|47
|
|t:|1665015883
|move|p1a: Zapdos|Hurricane|p2a: Majinn
|-damage|p2a: Majinn|58/100 par
|move|p2a: Majinn|Moonblast|p1a: Zapdos
|-damage|p1a: Zapdos|29/100
|-unboost|p1a: Zapdos|spa|1
|
|upkeep
|turn|48
|
|t:|1665015887
|move|p1a: Zapdos|Roost|p1a: Zapdos
|-heal|p1a: Zapdos|80/100
|-singleturn|p1a: Zapdos|move: Roost
|move|p2a: Majinn|Soft-Boiled|p2a: Majinn
|-heal|p2a: Majinn|100/100 par
|
|upkeep
|turn|49
|
|t:|1665015894
|move|p1a: Zapdos|Volt Switch|p2a: Majinn
|-damage|p2a: Majinn|82/100 par
|
|t:|1665015895
|switch|p1a: Tyranitar|Tyranitar, F|37/100 tox|[from]move: Volt Switch
|-damage|p1a: Tyranitar|25/100 tox|[from] Stealth Rock
|-weather|Sandstorm|[from] ability: Sand Stream|[of] p1a: Tyranitar
|cant|p2a: Majinn|par
|
|-weather|Sandstorm|[upkeep]
|-damage|p1a: Tyranitar|18/100 tox|[from] psn
|upkeep
|turn|50
|
|t:|1665015898
|move|p1a: Tyranitar|Rock Blast|p2a: Majinn
|-damage|p2a: Majinn|68/100 par
|-damage|p2a: Majinn|54/100 par
|-damage|p2a: Majinn|41/100 par
|-hitcount|p2a: Majinn|3
|cant|p2a: Majinn|par
|
|-weather|Sandstorm|[upkeep]
|-damage|p1a: Tyranitar|6/100 tox|[from] psn
|upkeep
|turn|51
|
|t:|1665015900
|move|p1a: Tyranitar|Rock Blast|p2a: Majinn
|-damage|p2a: Majinn|29/100 par
|-damage|p2a: Majinn|16/100 par
|-damage|p2a: Majinn|4/100 par
|-damage|p2a: Majinn|0 fnt
|faint|p2a: Majinn
|-hitcount|p2: Majinn|4
|
|-weather|Sandstorm|[upkeep]
|-damage|p1a: Tyranitar|0 fnt|[from] psn
|faint|p1a: Tyranitar
|upkeep
|-message|Steez Ibanez forfeited.
|
|win|Huskothy
|raw|Huskothy's rating: 1613 &rarr; <strong>1646</strong><br />(+33 for winning)
|raw|Steez Ibanez's rating: 1884 &rarr; <strong>1851</strong><br />(-33 for losing)
|l|☆Steez Ibanez
||Ladder isn't responding, score probably updated but might not have (Request timeout).
