|raw|<div class="broadcast-blue"><strong>This battle is required to be public due to a player having a name starting with 'lt91bb'.</div>
|j|☆N30N3
|j|☆LT91BB MDB2
|t:|1659451824
|gametype|singles
|player|p1|N30N3|2|1965
|player|p2|LT91BB MDB2|102|1995
|teamsize|p1|6
|teamsize|p2|6
|gen|8
|tier|[Gen 8] OU
|rated|
|rule|Sleep Clause Mod: Limit one foe put to sleep
|rule|Species Clause: Limit one of each Pokémon
|rule|OHKO Clause: OHKO moves are banned
|rule|Evasion Moves Clause: Evasion moves are banned
|rule|Endless Battle Clause: Forcing endless battles is banned
|rule|HP Percentage Mod: HP is shown in percentages
|rule|Dynamax Clause: You cannot dynamax
|clearpoke
|poke|p1|Garchomp, M|
|poke|p1|Moltres-Galar|
|poke|p1|Melmetal|
|poke|p1|Urshifu-*, F|
|poke|p1|Rillaboom, F|
|poke|p1|Latias, F|
|poke|p2|Rillaboom, M|
|poke|p2|Tornadus-Therian, M|
|poke|p2|Blaziken, F|
|poke|p2|Melmetal|
|poke|p2|Garchomp, M|
|poke|p2|Slowbro, M|
|teampreview
|inactive|Battle timer is ON: inactive players will automatically lose when time's up. (requested by N30N3)
|
|t:|1659451834
|start
|switch|p1a: Moltres|Moltres-Galar|100/100
|switch|p2a: Slowbro|Slowbro, M|100/100
|turn|1
|
|t:|1659451843
|move|p1a: Moltres|Fiery Wrath|p2a: Slowbro
|-supereffective|p2a: Slowbro
|-damage|p2a: Slowbro|7/100
|move|p2a: Slowbro|Teleport|p2a: Slowbro
|
|t:|1659451851
|switch|p2a: Melmetal|Melmetal|100/100|[from]move: Teleport
|
|upkeep
|turn|2
|
|t:|1659451855
|switch|p1a: Garchomp|Garchomp, M|100/100
|move|p2a: Melmetal|Thunder Punch|p1a: Garchomp
|-immune|p1a: Garchomp
|
|upkeep
|turn|3
|
|t:|1659451858
|move|p1a: Garchomp|Earthquake|p2a: Melmetal
|-supereffective|p2a: Melmetal
|-damage|p2a: Melmetal|47/100
|move|p2a: Melmetal|Double Iron Bash|p1a: Garchomp
|-damage|p1a: Garchomp|72/100
|-damage|p2a: Melmetal|34/100|[from] ability: Rough Skin|[of] p1a: Garchomp
|-damage|p2a: Melmetal|18/100|[from] item: Rocky Helmet|[of] p1a: Garchomp
|-damage|p1a: Garchomp|43/100
|-damage|p2a: Melmetal|5/100|[from] ability: Rough Skin|[of] p1a: Garchomp
|-damage|p2a: Melmetal|0 fnt|[from] item: Rocky Helmet|[of] p1a: Garchomp
|faint|p2a: Melmetal
|-hitcount|p1a: Garchomp|2
|
|upkeep
|
|t:|1659451864
|switch|p2a: Rillaboom|Rillaboom, M|100/100
|-fieldstart|move: Grassy Terrain|[from] ability: Grassy Surge|[of] p2a: Rillaboom
|turn|4
|
|t:|1659451868
|move|p2a: Rillaboom|Swords Dance|p2a: Rillaboom
|-boost|p2a: Rillaboom|atk|2
|move|p1a: Garchomp|Dragon Tail|p2a: Rillaboom
|-damage|p2a: Rillaboom|74/100
|drag|p2a: Garchomp|Garchomp, M|100/100
|
|-heal|p1a: Garchomp|49/100|[from] Grassy Terrain
|upkeep
|turn|5
|j| LT91BB LA BOMBA
|j| dmt dreams
|j| LT91BB Ox
|j| ggblockeurope
|
|t:|1659451872
|switch|p1a: Melmetal|Melmetal|100/100
|move|p2a: Garchomp|Stealth Rock|p1a: Melmetal
|-sidestart|p1: N30N3|move: Stealth Rock
|
|upkeep
|turn|6
|
|t:|1659451877
|switch|p2a: Slowbro|Slowbro, M|40/100
|move|p1a: Melmetal|Acid Armor|p1a: Melmetal
|-boost|p1a: Melmetal|def|2
|
|-heal|p2a: Slowbro|46/100|[from] Grassy Terrain
|upkeep
|turn|7
|j| leona misa
|
|t:|1659451883
|move|p1a: Melmetal|Acid Armor|p1a: Melmetal
|-boost|p1a: Melmetal|def|2
|move|p2a: Slowbro|Scald|p1a: Melmetal
|-damage|p1a: Melmetal|82/100
|
|-heal|p1a: Melmetal|88/100|[from] Grassy Terrain
|-heal|p1a: Melmetal|94/100|[from] item: Leftovers
|-heal|p2a: Slowbro|53/100|[from] Grassy Terrain
|upkeep
|turn|8
|
|t:|1659451887
|move|p1a: Melmetal|Acid Armor|p1a: Melmetal
|-boost|p1a: Melmetal|def|2
|move|p2a: Slowbro|Scald|p1a: Melmetal
|-damage|p1a: Melmetal|76/100
|
|-heal|p1a: Melmetal|83/100|[from] Grassy Terrain
|-heal|p1a: Melmetal|89/100|[from] item: Leftovers
|-heal|p2a: Slowbro|59/100|[from] Grassy Terrain
|-fieldend|move: Grassy Terrain
|upkeep
|turn|9
|j|+Raj.Shoot
|
|t:|1659451890
|move|p1a: Melmetal|Body Press|p2a: Slowbro
|-resisted|p2a: Slowbro
|-damage|p2a: Slowbro|30/100
|-damage|p1a: Melmetal|72/100|[from] item: Rocky Helmet|[of] p2a: Slowbro
|move|p2a: Slowbro|Scald|p1a: Melmetal
|-damage|p1a: Melmetal|55/100
|
|-heal|p1a: Melmetal|61/100|[from] item: Leftovers
|upkeep
|turn|10
|j| ElevatedGodlyness
|
|t:|1659451894
|move|p1a: Melmetal|Body Press|p2a: Slowbro
|-resisted|p2a: Slowbro
|-damage|p2a: Slowbro|1/100
|-damage|p1a: Melmetal|44/100|[from] item: Rocky Helmet|[of] p2a: Slowbro
|move|p2a: Slowbro|Teleport|p2a: Slowbro
|
|t:|1659451895
|switch|p2a: Tornadus|Tornadus-Therian, M|100/100|[from]move: Teleport
|
|-heal|p1a: Melmetal|50/100|[from] item: Leftovers
|upkeep
|turn|11
|
|t:|1659451898
|move|p2a: Tornadus|Heat Wave|p1a: Melmetal
|-supereffective|p1a: Melmetal
|-damage|p1a: Melmetal|16/100
|move|p1a: Melmetal|Double Iron Bash|p2a: Tornadus
|-damage|p2a: Tornadus|62/100
|-damage|p2a: Tornadus|25/100
|-hitcount|p2a: Tornadus|2
|
|-heal|p1a: Melmetal|22/100|[from] item: Leftovers
|upkeep
|turn|12
|
|t:|1659451904
|switch|p1a: Garchomp|Garchomp, M|49/100
|-damage|p1a: Garchomp|43/100|[from] Stealth Rock
|move|p2a: Tornadus|Heat Wave|p1a: Garchomp
|-resisted|p1a: Garchomp
|-damage|p1a: Garchomp|33/100
|-status|p1a: Garchomp|brn
|
|-damage|p1a: Garchomp|27/100 brn|[from] brn
|upkeep
|turn|13
|j| De la Bourdonnais
|
|t:|1659451910
|switch|p2a: Slowbro|Slowbro, M|35/100
|move|p1a: Garchomp|Stealth Rock|p2a: Slowbro
|-sidestart|p2: LT91BB MDB2|move: Stealth Rock
|
|-damage|p1a: Garchomp|20/100 brn|[from] brn
|upkeep
|turn|14
|
|t:|1659451912
|move|p1a: Garchomp|Toxic|p2a: Slowbro
|-status|p2a: Slowbro|tox
|move|p2a: Slowbro|Future Sight|p1a: Garchomp
|-start|p2a: Slowbro|move: Future Sight
|
|-damage|p2a: Slowbro|28/100 tox|[from] psn
|-damage|p1a: Garchomp|14/100 brn|[from] brn
|upkeep
|turn|15
|j| H.M.N.I.P
|
|t:|1659451916
|switch|p1a: Latias|Latias, F|100/100
|-damage|p1a: Latias|88/100|[from] Stealth Rock
|move|p2a: Slowbro|Teleport|p2a: Slowbro
|j| LT91BB Raizen
|
|t:|1659451932
|switch|p2a: Garchomp|Garchomp, M|100/100|[from]move: Teleport
|-damage|p2a: Garchomp|94/100|[from] Stealth Rock
|
|-heal|p2a: Garchomp|100/100|[from] item: Leftovers
|upkeep
|turn|16
|
|t:|1659451934
|move|p1a: Latias|Draco Meteor|p2a: Garchomp
|-supereffective|p2a: Garchomp
|-damage|p2a: Garchomp|18/100
|-unboost|p1a: Latias|spa|2
|move|p2a: Garchomp|Toxic|p1a: Latias
|-status|p1a: Latias|tox
|
|-end|p1a: Latias|move: Future Sight
|-resisted|p1a: Latias
|-damage|p1a: Latias|68/100 tox
|-heal|p2a: Garchomp|25/100|[from] item: Leftovers
|-damage|p1a: Latias|62/100 tox|[from] psn
|upkeep
|turn|17
|
|t:|1659451943
|switch|p1a: Urshifu|Urshifu-Rapid-Strike, F|100/100
|-damage|p1a: Urshifu|94/100|[from] Stealth Rock
|switch|p2a: Tornadus|Tornadus-Therian, M|58/100
|
|upkeep
|turn|18
|j| Atomise
|
|t:|1659451947
|move|p1a: Urshifu|Ice Punch|p2a: Tornadus
|-supereffective|p2a: Tornadus
|-damage|p2a: Tornadus|6/100
|move|p2a: Tornadus|U-turn|p1a: Urshifu
|-resisted|p1a: Urshifu
|-damage|p1a: Urshifu|87/100
|j| 1Pyramid King
|
|t:|1659451951
|switch|p2a: Blaziken|Blaziken, F|100/100|[from]move: U-turn
|-damage|p2a: Blaziken|88/100|[from] Stealth Rock
|
|-heal|p2a: Blaziken|94/100|[from] item: Leftovers
|upkeep
|turn|19
|
|t:|1659451963
|switch|p1a: Latias|Latias, F|62/100 tox
|-damage|p1a: Latias|50/100 tox|[from] Stealth Rock
|move|p2a: Blaziken|Swords Dance|p2a: Blaziken
|-boost|p2a: Blaziken|atk|2
|
|-heal|p2a: Blaziken|100/100|[from] item: Leftovers
|-damage|p1a: Latias|44/100 tox|[from] psn
|-ability|p2a: Blaziken|Speed Boost|boost
|-boost|p2a: Blaziken|spe|1
|upkeep
|turn|20
|
|t:|1659451965
|move|p2a: Blaziken|Protect|p2a: Blaziken
|-singleturn|p2a: Blaziken|Protect
|move|p1a: Latias|Psychic|p2a: Blaziken
|-activate|p2a: Blaziken|move: Protect
|
|-damage|p1a: Latias|32/100 tox|[from] psn
|-ability|p2a: Blaziken|Speed Boost|boost
|-boost|p2a: Blaziken|spe|1
|upkeep
|turn|21
|
|t:|1659451978
|switch|p1a: Garchomp|Garchomp, M|14/100 brn
|-damage|p1a: Garchomp|8/100 brn|[from] Stealth Rock
|switch|p2a: Slowbro|Slowbro, M|62/100 tox
|-damage|p2a: Slowbro|49/100 tox|[from] Stealth Rock
|
|-damage|p2a: Slowbro|43/100 tox|[from] psn
|-damage|p1a: Garchomp|2/100 brn|[from] brn
|upkeep
|turn|22
|
|t:|1659451989
|switch|p1a: Moltres|Moltres-Galar|100/100
|-damage|p1a: Moltres|76/100|[from] Stealth Rock
|move|p2a: Slowbro|Teleport|p2a: Slowbro
|j| mushroom poisoning
|j| Master 8 Leon
|
|t:|1659452000
|switch|p2a: Garchomp|Garchomp, M|25/100|[from]move: Teleport
|-damage|p2a: Garchomp|18/100|[from] Stealth Rock
|
|-heal|p2a: Garchomp|25/100|[from] item: Leftovers
|upkeep
|turn|23
|
|t:|1659452002
|move|p1a: Moltres|Fiery Wrath|p2a: Garchomp
|-damage|p2a: Garchomp|0 fnt
|faint|p2a: Garchomp
|
|upkeep
|
|t:|1659452006
|switch|p2a: Blaziken|Blaziken, F|100/100
|-damage|p2a: Blaziken|88/100|[from] Stealth Rock
|turn|24
|j| Phxo'
|
|t:|1659452008
|move|p2a: Blaziken|Protect|p2a: Blaziken
|-singleturn|p2a: Blaziken|Protect
|move|p1a: Moltres|Hurricane|p2a: Blaziken
|-activate|p2a: Blaziken|move: Protect
|
|-heal|p2a: Blaziken|94/100|[from] item: Leftovers
|-ability|p2a: Blaziken|Speed Boost|boost
|-boost|p2a: Blaziken|spe|1
|upkeep
|turn|25
|j| rgh54h54
|
|t:|1659452010
|move|p2a: Blaziken|Close Combat|p1a: Moltres
|-damage|p1a: Moltres|0 fnt
|-unboost|p2a: Blaziken|def|1
|-unboost|p2a: Blaziken|spd|1
|faint|p1a: Moltres
|
|-heal|p2a: Blaziken|100/100|[from] item: Leftovers
|-ability|p2a: Blaziken|Speed Boost|boost
|-boost|p2a: Blaziken|spe|1
|upkeep
|
|t:|1659452014
|switch|p1a: Urshifu|Urshifu-Rapid-Strike, F|87/100
|-damage|p1a: Urshifu|81/100|[from] Stealth Rock
|turn|26
|j| GodXShadow
|
|t:|1659452018
|switch|p2a: Slowbro|Slowbro, M|76/100 tox
|-damage|p2a: Slowbro|64/100 tox|[from] Stealth Rock
|move|p1a: Urshifu|U-turn|p2a: Slowbro
|-supereffective|p2a: Slowbro
|-damage|p2a: Slowbro|37/100 tox
|-damage|p1a: Urshifu|64/100|[from] item: Rocky Helmet|[of] p2a: Slowbro
|
|t:|1659452027
|switch|p1a: Rillaboom|Rillaboom, F|100/100|[from]move: U-turn
|-damage|p1a: Rillaboom|88/100|[from] Stealth Rock
|-fieldstart|move: Grassy Terrain|[from] ability: Grassy Surge|[of] p1a: Rillaboom
|
|-heal|p1a: Rillaboom|94/100|[from] Grassy Terrain
|-heal|p2a: Slowbro|43/100 tox|[from] Grassy Terrain
|-damage|p2a: Slowbro|37/100 tox|[from] psn
|upkeep
|turn|27
|j| gridline
|
|t:|1659452032
|switch|p2a: Blaziken|Blaziken, F|100/100
|-damage|p2a: Blaziken|88/100|[from] Stealth Rock
|move|p1a: Rillaboom|Swords Dance|p1a: Rillaboom
|-boost|p1a: Rillaboom|atk|2
|
|-heal|p1a: Rillaboom|100/100|[from] Grassy Terrain
|-heal|p2a: Blaziken|94/100|[from] Grassy Terrain
|-heal|p2a: Blaziken|100/100|[from] item: Leftovers
|upkeep
|turn|28
|l| ggblockeurope
|j| Ultimate ou
|
|t:|1659452049
|move|p2a: Blaziken|Protect|p2a: Blaziken
|-singleturn|p2a: Blaziken|Protect
|move|p1a: Rillaboom|Grassy Glide|p2a: Blaziken
|-activate|p2a: Blaziken|move: Protect
|
|-ability|p2a: Blaziken|Speed Boost|boost
|-boost|p2a: Blaziken|spe|1
|upkeep
|turn|29
|
|t:|1659452057
|move|p1a: Rillaboom|Grassy Glide|p2a: Blaziken
|-resisted|p2a: Blaziken
|-damage|p2a: Blaziken|10/100
|move|p2a: Blaziken|Flare Blitz|p1a: Rillaboom
|-supereffective|p1a: Rillaboom
|-damage|p1a: Rillaboom|0 fnt
|faint|p1a: Rillaboom
|-damage|p2a: Blaziken|0 fnt|[from] Recoil
|faint|p2a: Blaziken
|
|upkeep
|j| gssagssagssag
|l| gssagssagssag
|
|t:|1659452074
|switch|p1a: Latias|Latias, F|32/100 tox
|switch|p2a: Tornadus|Tornadus-Therian, M|39/100
|-damage|p1a: Latias|20/100 tox|[from] Stealth Rock
|turn|30
|
|t:|1659452079
|move|p1a: Latias|Healing Wish|p1a: Latias
|faint|p1a: Latias
|move|p2a: Tornadus|U-turn|p1: Latias|[notarget]
|-fail|p2a: Tornadus
|
|-fieldend|move: Grassy Terrain
|upkeep
|
|t:|1659452080
|switch|p1a: Melmetal|Melmetal|22/100
|-heal|p1a: Melmetal|100/100|[from] move: Healing Wish
|-damage|p1a: Melmetal|94/100|[from] Stealth Rock
|turn|31
|
|t:|1659452083
|move|p2a: Tornadus|Heat Wave|p1a: Melmetal
|-supereffective|p1a: Melmetal
|-damage|p1a: Melmetal|62/100
|move|p1a: Melmetal|Acid Armor|p1a: Melmetal
|-boost|p1a: Melmetal|def|2
|
|-heal|p1a: Melmetal|68/100|[from] item: Leftovers
|upkeep
|turn|32
|
|t:|1659452085
|move|p2a: Tornadus|Heat Wave|p1a: Melmetal|[miss]
|-miss|p2a: Tornadus|p1a: Melmetal
|move|p1a: Melmetal|Double Iron Bash|p2a: Tornadus
|-damage|p2a: Tornadus|0 fnt
|faint|p2a: Tornadus
|-hitcount|p2: Tornadus|1
|
|-heal|p1a: Melmetal|75/100|[from] item: Leftovers
|upkeep
|
|t:|1659452086
|switch|p2a: Slowbro|Slowbro, M|70/100 tox
|-damage|p2a: Slowbro|58/100 tox|[from] Stealth Rock
|turn|33
|j| Venositile
|
|t:|1659452088
|move|p1a: Melmetal|Acid Armor|p1a: Melmetal
|-boost|p1a: Melmetal|def|2
|move|p2a: Slowbro|Scald|p1a: Melmetal
|-damage|p1a: Melmetal|57/100
|
|-heal|p1a: Melmetal|63/100|[from] item: Leftovers
|-damage|p2a: Slowbro|52/100 tox|[from] psn
|upkeep
|turn|34
|
|t:|1659452089
|move|p1a: Melmetal|Acid Armor|p1a: Melmetal
|-boost|p1a: Melmetal|def|2
|move|p2a: Slowbro|Scald|p1a: Melmetal
|-crit|p1a: Melmetal
|-damage|p1a: Melmetal|34/100
|
|-heal|p1a: Melmetal|40/100|[from] item: Leftovers
|-damage|p2a: Slowbro|40/100 tox|[from] psn
|upkeep
|turn|35
|
|t:|1659452092
|move|p1a: Melmetal|Rest|p1a: Melmetal
|-status|p1a: Melmetal|slp|[from] move: Rest
|-heal|p1a: Melmetal|100/100 slp|[silent]
|move|p2a: Slowbro|Scald|p1a: Melmetal
|-damage|p1a: Melmetal|80/100 slp
|
|-heal|p1a: Melmetal|86/100 slp|[from] item: Leftovers
|-damage|p2a: Slowbro|21/100 tox|[from] psn
|upkeep
|turn|36
|
|t:|1659452095
|cant|p1a: Melmetal|slp
|move|p2a: Slowbro|Teleport|p2a: Slowbro
|
|t:|1659452097
|switch|p2a: Rillaboom|Rillaboom, M|74/100|[from]move: Teleport
|-damage|p2a: Rillaboom|61/100|[from] Stealth Rock
|-fieldstart|move: Grassy Terrain|[from] ability: Grassy Surge|[of] p2a: Rillaboom
|
|-heal|p2a: Rillaboom|68/100|[from] Grassy Terrain
|-heal|p2a: Rillaboom|74/100|[from] item: Leftovers
|-heal|p1a: Melmetal|92/100 slp|[from] Grassy Terrain
|-heal|p1a: Melmetal|99/100 slp|[from] item: Leftovers
|upkeep
|turn|37
|c|☆N30N3|Gg
|
|t:|1659452102
|switch|p2a: Slowbro|Slowbro, M|55/100 tox
|-damage|p2a: Slowbro|42/100 tox|[from] Stealth Rock
|cant|p1a: Melmetal|slp
|
|-heal|p1a: Melmetal|100/100 slp|[from] Grassy Terrain
|-heal|p2a: Slowbro|48/100 tox|[from] Grassy Terrain
|-damage|p2a: Slowbro|42/100 tox|[from] psn
|upkeep
|turn|38
|
|t:|1659452104
|-curestatus|p1a: Melmetal|slp|[msg]
|move|p1a: Melmetal|Body Press|p2a: Slowbro
|-resisted|p2a: Slowbro
|-damage|p2a: Slowbro|15/100 tox
|-damage|p1a: Melmetal|84/100|[from] item: Rocky Helmet|[of] p2a: Slowbro
|move|p2a: Slowbro|Scald|p1a: Melmetal
|-damage|p1a: Melmetal|64/100
|
|-heal|p1a: Melmetal|70/100|[from] Grassy Terrain
|-heal|p1a: Melmetal|76/100|[from] item: Leftovers
|-heal|p2a: Slowbro|21/100 tox|[from] Grassy Terrain
|-damage|p2a: Slowbro|9/100 tox|[from] psn
|upkeep
|turn|39
|
|t:|1659452107
|move|p1a: Melmetal|Body Press|p2a: Slowbro
|-resisted|p2a: Slowbro
|-damage|p2a: Slowbro|0 fnt
|-damage|p1a: Melmetal|59/100|[from] item: Rocky Helmet|[of] p2a: Slowbro
|faint|p2a: Slowbro
|
|-heal|p1a: Melmetal|65/100|[from] Grassy Terrain
|-heal|p1a: Melmetal|71/100|[from] item: Leftovers
|upkeep
|
|t:|1659452108
|switch|p2a: Rillaboom|Rillaboom, M|74/100
|-damage|p2a: Rillaboom|61/100|[from] Stealth Rock
|turn|40
|
|t:|1659452109
|move|p2a: Rillaboom|Drain Punch|p1a: Melmetal
|-supereffective|p1a: Melmetal
|-crit|p1a: Melmetal
|-damage|p1a: Melmetal|31/100
|-heal|p2a: Rillaboom|85/100|[from] drain|[of] p1a: Melmetal
|move|p1a: Melmetal|Body Press|p2a: Rillaboom
|-damage|p2a: Rillaboom|0 fnt
|faint|p2a: Rillaboom
|
|win|N30N3
|raw|N30N3's rating: 1965 &rarr; <strong>1987</strong><br />(+22 for winning)
|raw|LT91BB MDB2's rating: 1995 &rarr; <strong>1973</strong><br />(-22 for losing)
|l|☆LT91BB MDB2
|j| irgendwasmitmeeem
|l| 1Pyramid King
|l| H.M.N.I.P
|l| gridline
|l|☆N30N3
|j| Skyrio
||Ladder isn't responding, score probably updated but might not have (Request timeout).
|l| Venositile
|l|+Raj.Shoot
