|j|☆Zeno420
|j|☆jawabarat
|inactive|Battle timer is ON: inactive players will automatically lose when time's up.
|t:|1653519070
|gametype|singles
|player|p1|Zeno420|#teamballo2022|
|player|p2|jawabarat|artist-gen4|
|teamsize|p1|6
|teamsize|p2|6
|gen|8
|tier|[Gen 8] OU
|rated|Tournament battle
|rule|Sleep Clause Mod: Limit one foe put to sleep
|rule|Species Clause: Limit one of each Pokémon
|rule|OHKO Clause: OHKO moves are banned
|rule|Evasion Moves Clause: Evasion moves are banned
|rule|Endless Battle Clause: Forcing endless battles is banned
|rule|HP Percentage Mod: HP is shown in percentages
|rule|Dynamax Clause: You cannot dynamax
|clearpoke
|poke|p1|Tyranitar, M|
|poke|p1|Clefable, M|
|poke|p1|Excadrill, M|
|poke|p1|Tangrowth, M|
|poke|p1|Mew|
|poke|p1|Rotom-Wash|
|poke|p2|Volcanion|
|poke|p2|Clefable, F|
|poke|p2|Garchomp, F|
|poke|p2|Scizor, F|
|poke|p2|Kartana|
|poke|p2|Zapdos-Galar|
|teampreview
|inactive|Zeno420 also wants the timer to be on.
|c|☆jawabarat|hf
|c|☆Zeno420|u2
|j| Bradley Chadster
|j| Rowler#5669
|inactive|Zeno420 has 120 seconds left.
|
|t:|1653519117
|start
|switch|p1a: Crescent|Clefable, M, shiny|100/100
|switch|p2a: KALAM MEHKAR|Scizor, F|100/100
|turn|1
|
|t:|1653519132
|move|p2a: KALAM MEHKAR|Knock Off|p1a: Crescent
|-resisted|p1a: Crescent
|-damage|p1a: Crescent|90/100
|-damage|p2a: KALAM MEHKAR|84/100|[from] item: Rocky Helmet|[of] p1a: Crescent
|-enditem|p1a: Crescent|Rocky Helmet|[from] move: Knock Off|[of] p2a: KALAM MEHKAR
|move|p1a: Crescent|Stealth Rock|p2a: KALAM MEHKAR
|-sidestart|p2: jawabarat|move: Stealth Rock
|
|upkeep
|turn|2
|
|t:|1653519142
|switch|p1a: Phantom|Rotom-Wash, shiny|100/100
|move|p2a: KALAM MEHKAR|Knock Off|p1a: Phantom
|-damage|p1a: Phantom|70/100
|-enditem|p1a: Phantom|Leftovers|[from] move: Knock Off|[of] p2a: KALAM MEHKAR
|
|upkeep
|turn|3
|
|t:|1653519155
|switch|p2a: TATTERSAIL|Clefable, F|100/100
|move|p1a: Phantom|Will-O-Wisp|p2a: TATTERSAIL
|-status|p2a: TATTERSAIL|brn
|
|upkeep
|turn|4
|
|t:|1653519160
|move|p1a: Phantom|Volt Switch|p2a: TATTERSAIL
|-damage|p2a: TATTERSAIL|83/100 brn
|
|t:|1653519173
|switch|p1a: Impaler|Excadrill, M, shiny|100/100|[from]move: Volt Switch
|move|p2a: TATTERSAIL|Trick|p1a: Impaler
|-activate|p2a: TATTERSAIL|move: Trick|[of] p1a: Impaler
|-item|p1a: Impaler|Sticky Barb|[from] move: Trick
|-item|p2a: TATTERSAIL|Leftovers|[from] move: Trick
|
|-heal|p2a: TATTERSAIL|89/100 brn|[from] item: Leftovers
|-damage|p1a: Impaler|88/100|[from] item: Sticky Barb
|upkeep
|turn|5
|
|t:|1653519183
|switch|p2a: KALAM MEHKAR|Scizor, F|84/100
|move|p1a: Impaler|Earthquake|p2a: KALAM MEHKAR
|-damage|p2a: KALAM MEHKAR|36/100
|
|-damage|p1a: Impaler|76/100|[from] item: Sticky Barb
|upkeep
|turn|6
|c|☆jawabarat|scizor is such a shitmon
|inactive|jawabarat has 120 seconds left.
|
|t:|1653519221
|move|p1a: Impaler|Earthquake|p2a: KALAM MEHKAR
|-damage|p2a: KALAM MEHKAR|0 fnt
|faint|p2a: KALAM MEHKAR
|
|-damage|p1a: Impaler|63/100|[from] item: Sticky Barb
|upkeep
|
|t:|1653519226
|switch|p2a: EMPEROR KELLANVED|Zapdos-Galar|100/100
|-damage|p2a: EMPEROR KELLANVED|88/100|[from] Stealth Rock
|turn|7
|inactive|jawabarat has 120 seconds left.
|inactive|Zeno420 has 120 seconds left.
|
|t:|1653519258
|switch|p1a: Crescent|Clefable, M, shiny|90/100
|move|p2a: EMPEROR KELLANVED|Close Combat|p1a: Crescent
|-resisted|p1a: Crescent
|-damage|p1a: Crescent|53/100
|-unboost|p2a: EMPEROR KELLANVED|def|1
|-unboost|p2a: EMPEROR KELLANVED|spd|1
|
|upkeep
|turn|8
|inactive|jawabarat has 120 seconds left.
|
|t:|1653519267
|switch|p2a: TATTERSAIL|Clefable, F|89/100 brn
|move|p1a: Crescent|Soft-Boiled|p1a: Crescent
|-heal|p1a: Crescent|100/100
|
|-heal|p2a: TATTERSAIL|95/100 brn|[from] item: Leftovers
|upkeep
|turn|9
|
|t:|1653519275
|move|p2a: TATTERSAIL|Stealth Rock|p1a: Crescent
|-sidestart|p1: Zeno420|move: Stealth Rock
|move|p1a: Crescent|Knock Off|p2a: TATTERSAIL
|-resisted|p2a: TATTERSAIL
|-damage|p2a: TATTERSAIL|87/100 brn
|-enditem|p2a: TATTERSAIL|Leftovers|[from] move: Knock Off|[of] p1a: Crescent
|
|upkeep
|turn|10
|
|t:|1653519282
|move|p1a: Crescent|Moonblast|p2a: TATTERSAIL
|-damage|p2a: TATTERSAIL|65/100 brn
|-unboost|p2a: TATTERSAIL|spa|1
|move|p2a: TATTERSAIL|Moonblast|p1a: Crescent
|-damage|p1a: Crescent|81/100
|
|upkeep
|turn|11
|
|t:|1653519298
|switch|p1a: Chaos|Mew, shiny|100/100
|-damage|p1a: Chaos|88/100|[from] Stealth Rock
|move|p2a: TATTERSAIL|Soft-Boiled|p2a: TATTERSAIL
|-heal|p2a: TATTERSAIL|100/100 brn
|
|-heal|p1a: Chaos|94/100|[from] item: Leftovers
|upkeep
|turn|12
|
|t:|1653519308
|switch|p1a: Impaler|Excadrill, M, shiny|63/100
|-damage|p1a: Impaler|60/100|[from] Stealth Rock
|move|p2a: TATTERSAIL|Trick|p1a: Impaler
|-activate|p2a: TATTERSAIL|move: Trick|[of] p1a: Impaler
|-enditem|p1a: Impaler|Sticky Barb|[silent]|[from] move: Trick
|-item|p2a: TATTERSAIL|Sticky Barb|[from] move: Trick
|
|upkeep
|turn|13
|
|t:|1653519321
|move|p1a: Impaler|Iron Head|p2a: TATTERSAIL
|-supereffective|p2a: TATTERSAIL
|-damage|p2a: TATTERSAIL|0 fnt
|faint|p2a: TATTERSAIL
|
|-damage|p1a: Impaler|48/100|[from] item: Sticky Barb
|upkeep
|
|t:|1653519339
|switch|p2a: EMPEROR KELLANVED|Zapdos-Galar|88/100
|-damage|p2a: EMPEROR KELLANVED|76/100|[from] Stealth Rock
|turn|14
|
|t:|1653519359
|switch|p1a: Rex|Tyranitar, M, shiny|100/100
|-damage|p1a: Rex|88/100|[from] Stealth Rock
|-weather|Sandstorm|[from] ability: Sand Stream|[of] p1a: Rex
|move|p2a: EMPEROR KELLANVED|Brave Bird|p1a: Rex
|-resisted|p1a: Rex
|-damage|p1a: Rex|49/100
|-damage|p2a: EMPEROR KELLANVED|62/100|[from] Recoil
|
|-weather|Sandstorm|[upkeep]
|-damage|p2a: EMPEROR KELLANVED|55/100|[from] Sandstorm
|upkeep
|turn|15
|j| cursedstar
|
|t:|1653519373
|switch|p2a: TAYSCHRENN|Kartana|100/100
|-damage|p2a: TAYSCHRENN|94/100|[from] Stealth Rock
|move|p1a: Rex|Assurance|p2a: TAYSCHRENN
|-damage|p2a: TAYSCHRENN|0 fnt
|faint|p2a: TAYSCHRENN
|
|-weather|Sandstorm|[upkeep]
|upkeep
|
|t:|1653519377
|switch|p2a: BRIDGEBURNERS|Volcanion|100/100
|-damage|p2a: BRIDGEBURNERS|76/100|[from] Stealth Rock
|turn|16
|
|t:|1653519385
|move|p2a: BRIDGEBURNERS|Steam Eruption|p1a: Rex
|-supereffective|p1a: Rex
|-damage|p1a: Rex|0 fnt
|faint|p1a: Rex
|
|-weather|Sandstorm|[upkeep]
|-damage|p2a: BRIDGEBURNERS|70/100|[from] Sandstorm
|upkeep
|
|t:|1653519392
|switch|p1a: Impaler|Excadrill, M, shiny|48/100
|-damage|p1a: Impaler|45/100|[from] Stealth Rock
|turn|17
|
|t:|1653519398
|move|p1a: Impaler|Rapid Spin|p2a: BRIDGEBURNERS
|-damage|p2a: BRIDGEBURNERS|51/100
|-boost|p1a: Impaler|spe|1
|-sideend|p1: Zeno420|Stealth Rock|[from] move: Rapid Spin|[of] p1a: Impaler
|move|p2a: BRIDGEBURNERS|Steam Eruption|p1a: Impaler
|-supereffective|p1a: Impaler
|-damage|p1a: Impaler|0 fnt
|faint|p1a: Impaler
|
|-weather|Sandstorm|[upkeep]
|-damage|p2a: BRIDGEBURNERS|45/100|[from] Sandstorm
|upkeep
|
|t:|1653519404
|switch|p1a: Phantom|Rotom-Wash, shiny|70/100
|turn|18
|
|t:|1653519409
|move|p1a: Phantom|Volt Switch|p2a: BRIDGEBURNERS
|-supereffective|p2a: BRIDGEBURNERS
|-damage|p2a: BRIDGEBURNERS|0 fnt
|faint|p2a: BRIDGEBURNERS
|
|t:|1653519418
|switch|p1a: Crescent|Clefable, M, shiny|81/100|[from]move: Volt Switch
|
|-weather|none
|upkeep
|
|t:|1653519420
|switch|p2a: EMPEROR KELLANVED|Zapdos-Galar|55/100
|-damage|p2a: EMPEROR KELLANVED|43/100|[from] Stealth Rock
|turn|19
|
|t:|1653519427
|move|p2a: EMPEROR KELLANVED|Brave Bird|p1a: Crescent
|-damage|p1a: Crescent|14/100
|-damage|p2a: EMPEROR KELLANVED|16/100|[from] Recoil
|move|p1a: Crescent|Moonblast|p2a: EMPEROR KELLANVED
|-supereffective|p2a: EMPEROR KELLANVED
|-damage|p2a: EMPEROR KELLANVED|0 fnt
|faint|p2a: EMPEROR KELLANVED
|
|upkeep
|
|t:|1653519430
|switch|p2a: OTATARAL DRAGON|Garchomp, F|100/100
|-damage|p2a: OTATARAL DRAGON|94/100|[from] Stealth Rock
|turn|20
|
|t:|1653519436
|move|p2a: OTATARAL DRAGON|Earthquake|p1a: Crescent
|-damage|p1a: Crescent|0 fnt
|faint|p1a: Crescent
|
|-heal|p2a: OTATARAL DRAGON|100/100|[from] item: Leftovers
|upkeep
|
|t:|1653519440
|switch|p1a: Ramen|Tangrowth, M, shiny|100/100
|turn|21
|
|t:|1653519443
|move|p2a: OTATARAL DRAGON|Substitute|p2a: OTATARAL DRAGON
|-start|p2a: OTATARAL DRAGON|Substitute
|-damage|p2a: OTATARAL DRAGON|76/100
|move|p1a: Ramen|Toxic||[still]
|-fail|p1a: Ramen
|
|-heal|p2a: OTATARAL DRAGON|82/100|[from] item: Leftovers
|upkeep
|turn|22
|
|t:|1653519450
|move|p2a: OTATARAL DRAGON|Swords Dance|p2a: OTATARAL DRAGON
|-boost|p2a: OTATARAL DRAGON|atk|2
|move|p1a: Ramen|Giga Drain|p2a: OTATARAL DRAGON
|-end|p2a: OTATARAL DRAGON|Substitute
|
|-heal|p2a: OTATARAL DRAGON|88/100|[from] item: Leftovers
|upkeep
|turn|23
|
|t:|1653519454
|move|p2a: OTATARAL DRAGON|Substitute|p2a: OTATARAL DRAGON
|-start|p2a: OTATARAL DRAGON|Substitute
|-damage|p2a: OTATARAL DRAGON|63/100
|move|p1a: Ramen|Giga Drain|p2a: OTATARAL DRAGON
|-end|p2a: OTATARAL DRAGON|Substitute
|
|-heal|p2a: OTATARAL DRAGON|69/100|[from] item: Leftovers
|upkeep
|turn|24
|
|t:|1653519458
|move|p2a: OTATARAL DRAGON|Scale Shot|p1a: Ramen
|-damage|p1a: Ramen|86/100
|-damage|p1a: Ramen|73/100
|-damage|p1a: Ramen|59/100
|-damage|p1a: Ramen|46/100
|-hitcount|p1a: Ramen|4
|-unboost|p2a: OTATARAL DRAGON|def|1
|-boost|p2a: OTATARAL DRAGON|spe|1
|move|p1a: Ramen|Giga Drain|p2a: OTATARAL DRAGON
|-damage|p2a: OTATARAL DRAGON|36/100
|-heal|p1a: Ramen|60/100|[from] drain|[of] p2a: OTATARAL DRAGON
|
|-heal|p2a: OTATARAL DRAGON|42/100|[from] item: Leftovers
|upkeep
|turn|25
|
|t:|1653519469
|move|p2a: OTATARAL DRAGON|Swords Dance|p2a: OTATARAL DRAGON
|-boost|p2a: OTATARAL DRAGON|atk|2
|move|p1a: Ramen|Giga Drain|p2a: OTATARAL DRAGON
|-damage|p2a: OTATARAL DRAGON|9/100
|-heal|p1a: Ramen|75/100|[from] drain|[of] p2a: OTATARAL DRAGON
|
|-heal|p2a: OTATARAL DRAGON|16/100|[from] item: Leftovers
|upkeep
|turn|26
|
|t:|1653519479
|switch|p1a: Chaos|Mew, shiny|94/100
|move|p2a: OTATARAL DRAGON|Scale Shot|p1a: Chaos
|-damage|p1a: Chaos|58/100
|-damage|p1a: Chaos|27/100
|-damage|p1a: Chaos|0 fnt
|faint|p1a: Chaos
|-hitcount|p1: Chaos|3
|-unboost|p2a: OTATARAL DRAGON|def|1
|-boost|p2a: OTATARAL DRAGON|spe|1
|
|-heal|p2a: OTATARAL DRAGON|22/100|[from] item: Leftovers
|upkeep
|
|t:|1653519481
|switch|p1a: Ramen|Tangrowth, M, shiny|100/100
|turn|27
|
|t:|1653519483
|move|p2a: OTATARAL DRAGON|Scale Shot|p1a: Ramen
|-damage|p1a: Ramen|79/100
|-damage|p1a: Ramen|58/100
|-damage|p1a: Ramen|38/100
|-damage|p1a: Ramen|18/100
|-hitcount|p1a: Ramen|4
|-unboost|p2a: OTATARAL DRAGON|def|1
|-boost|p2a: OTATARAL DRAGON|spe|1
|move|p1a: Ramen|Giga Drain|p2a: OTATARAL DRAGON
|-damage|p2a: OTATARAL DRAGON|0 fnt
|-heal|p1a: Ramen|28/100|[from] drain|[of] p2a: OTATARAL DRAGON
|faint|p2a: OTATARAL DRAGON
|
|win|Zeno420
|n|☆Zeno420|zeno420
|n|☆jawabarat|jawabarat
|n| Bradley Chadster|bradleychadster
|n| Rowler#5669|rowler5669
|n| cursedstar|cursedstar
|c|☆jawabarat|gg
|c|☆Zeno420|Gg
|l|☆jawabarat
|l| Rowler#5669
|l|☆Zeno420
|l| cursedstar
|j|☆Zeno420
|player|p1|Zeno420|#teamballo2022
