|raw|<div class="broadcast-blue"><strong>This battle is required to be public due to a player having a name starting with 'LT74PF'.</div>
|j|☆LT74PF kon
|j|☆The Last Hero
|t:|1599379320
|player|p1|LT74PF kon|volkner|1873
|player|p2|The Last Hero|acetrainersnow|1803
|teamsize|p1|6
|teamsize|p2|6
|gametype|singles
|gen|8
|tier|[Gen 8] OU
|rated|
|clearpoke
|poke|p1|Ditto|
|poke|p1|Hatterene, F|
|poke|p1|Toxapex, M|
|poke|p1|Blissey, F|
|poke|p1|Corviknight, M|
|poke|p1|Amoonguss, M|
|poke|p2|Golurk|
|poke|p2|Clefable, F|
|poke|p2|Amoonguss, M|
|poke|p2|Mandibuzz, F|
|poke|p2|Dragapult, M|
|poke|p2|Jirachi|
|rule|Sleep Clause Mod: Limit one foe put to sleep
|rule|Species Clause: Limit one of each Pokémon
|rule|OHKO Clause: OHKO moves are banned
|rule|Evasion Moves Clause: Evasion moves are banned
|rule|Endless Battle Clause: Forcing endless battles is banned
|rule|HP Percentage Mod: HP is shown in percentages
|rule|Dynamax Clause: You cannot dynamax
|teampreview
|inactive|Battle timer is ON: inactive players will automatically lose when time's up. (requested by LT74PF kon)
|
|t:|1599379335
|start
|switch|p1a: Blissey|Blissey, F|100/100
|switch|p2a: Wish Of Hax|Jirachi|100/100
|turn|1
|
|t:|1599379340
|move|p2a: Wish Of Hax|Trick|p1a: Blissey
|-activate|p2a: Wish Of Hax|move: Trick|[of] p1a: Blissey
|-item|p1a: Blissey|Choice Scarf|[from] move: Trick
|-item|p2a: Wish Of Hax|Heavy-Duty Boots|[from] move: Trick
|move|p1a: Blissey|Thunder Wave|p2a: Wish Of Hax
|-status|p2a: Wish Of Hax|par
|
|upkeep
|turn|2
|
|t:|1599379359
|switch|p1a: Toxapex|Toxapex, M|100/100
|move|p2a: Wish Of Hax|Trick|p1a: Toxapex
|-activate|p2a: Wish Of Hax|move: Trick|[of] p1a: Toxapex
|-item|p1a: Toxapex|Heavy-Duty Boots|[from] move: Trick
|-item|p2a: Wish Of Hax|Rocky Helmet|[from] move: Trick
|
|upkeep
|turn|3
|
|t:|1599379368
|switch|p2a: Fabiole|Clefable, F|100/100
|move|p1a: Toxapex|Knock Off|p2a: Fabiole
|-resisted|p2a: Fabiole
|-damage|p2a: Fabiole|93/100
|-enditem|p2a: Fabiole|Leftovers|[from] move: Knock Off|[of] p1a: Toxapex
|
|upkeep
|turn|4
|
|t:|1599379374
|switch|p1a: Blissey|Blissey, F|100/100
|move|p2a: Fabiole|Stealth Rock|p1a: Blissey
|-sidestart|p1: LT74PF kon|move: Stealth Rock
|
|upkeep
|turn|5
|
|t:|1599379378
|switch|p2a: Robocop|Golurk|100/100
|move|p1a: Blissey|Stealth Rock|p2a: Robocop
|-sidestart|p2: The Last Hero|move: Stealth Rock
|
|upkeep
|turn|6
|
|t:|1599379384
|switch|p1a: Toxapex|Toxapex, M|100/100
|move|p2a: Robocop|Power-Up Punch|p1a: Toxapex
|-resisted|p1a: Toxapex
|-damage|p1a: Toxapex|96/100
|-boost|p2a: Robocop|atk|1
|
|upkeep
|turn|7
|
|t:|1599379390
|move|p2a: Robocop|Earthquake|p1a: Toxapex
|-supereffective|p1a: Toxapex
|-damage|p1a: Toxapex|0 fnt
|faint|p1a: Toxapex
|
|upkeep
|
|t:|1599379394
|switch|p1a: Ditto|Ditto|100/100
|-damage|p1a: Ditto|88/100|[from] Stealth Rock
|-transform|p1a: Ditto|p2a: Robocop|[from] ability: Imposter
|turn|8
|j| Ezzelz
|
|t:|1599379400
|switch|p2a: Regina|Mandibuzz, F|100/100
|move|p1a: Ditto|Earthquake|p2a: Regina
|-immune|p2a: Regina
|
|upkeep
|turn|9
|j| skaarlet
|
|t:|1599379407
|switch|p1a: Amoonguss|Amoonguss, M|100/100
|-damage|p1a: Amoonguss|88/100|[from] Stealth Rock
|move|p2a: Regina|U-turn|p1a: Amoonguss
|-damage|p1a: Amoonguss|81/100
|-damage|p2a: Regina|84/100|[from] item: Rocky Helmet|[of] p1a: Amoonguss
|
|t:|1599379417
|switch|p2a: Spyro|Dragapult, M|100/100|[from]move: U-turn
|-damage|p2a: Spyro|88/100|[from] Stealth Rock
|
|-heal|p2a: Spyro|94/100|[from] item: Leftovers
|upkeep
|turn|10
|
|t:|1599379422
|move|p2a: Spyro|Thunder Wave|p1a: Amoonguss
|-status|p1a: Amoonguss|par
|move|p1a: Amoonguss|Spore|p2a: Spyro
|-status|p2a: Spyro|slp|[from] move: Spore
|
|-heal|p2a: Spyro|99/100 slp|[from] item: Leftovers
|upkeep
|turn|11
|
|t:|1599379426
|switch|p1a: Hatterene|Hatterene, F|100/100
|-damage|p1a: Hatterene|88/100|[from] Stealth Rock
|cant|p2a: Spyro|slp
|
|-heal|p2a: Spyro|100/100 slp|[from] item: Leftovers
|-heal|p1a: Hatterene|94/100|[from] item: Leftovers
|upkeep
|turn|12
|
|t:|1599379431
|switch|p2a: Wish Of Hax|Jirachi|100/100 par
|-damage|p2a: Wish Of Hax|94/100 par|[from] Stealth Rock
|move|p1a: Hatterene|Calm Mind|p1a: Hatterene
|-boost|p1a: Hatterene|spa|1
|-boost|p1a: Hatterene|spd|1
|
|-heal|p1a: Hatterene|99/100|[from] item: Leftovers
|upkeep
|turn|13
|
|t:|1599379434
|move|p2a: Wish Of Hax|Iron Head|p1a: Hatterene
|-supereffective|p1a: Hatterene
|-damage|p1a: Hatterene|47/100
|cant|p1a: Hatterene|flinch
|
|-heal|p1a: Hatterene|53/100|[from] item: Leftovers
|upkeep
|turn|14
|
|t:|1599379443
|switch|p1a: Amoonguss|Amoonguss, M|100/100 par
|-damage|p1a: Amoonguss|88/100 par|[from] Stealth Rock
|move|p2a: Wish Of Hax|Iron Head|p1a: Amoonguss
|-damage|p1a: Amoonguss|69/100 par
|-damage|p2a: Wish Of Hax|78/100 par|[from] item: Rocky Helmet|[of] p1a: Amoonguss
|
|upkeep
|turn|15
|
|t:|1599379447
|switch|p1a: Corviknight|Corviknight, M|100/100
|-damage|p1a: Corviknight|88/100|[from] Stealth Rock
|-ability|p1a: Corviknight|Pressure
|move|p2a: Wish Of Hax|Wish|p2a: Wish Of Hax
|
|-heal|p1a: Corviknight|94/100|[from] item: Leftovers
|upkeep
|turn|16
|
|t:|1599379451
|move|p1a: Corviknight|Body Press|p2a: Wish Of Hax
|-damage|p2a: Wish Of Hax|59/100 par
|-damage|p1a: Corviknight|78/100|[from] item: Rocky Helmet|[of] p2a: Wish Of Hax
|move|p2a: Wish Of Hax|U-turn|p1a: Corviknight
|-resisted|p1a: Corviknight
|-damage|p1a: Corviknight|74/100
|
|t:|1599379458
|switch|p2a: Spyro|Dragapult, M|100/100 slp|[from]move: U-turn
|-damage|p2a: Spyro|88/100 slp|[from] Stealth Rock
|
|-heal|p2a: Spyro|100/100 slp|[from] move: Wish|[wisher] Wish Of Hax
|-heal|p1a: Corviknight|81/100|[from] item: Leftovers
|upkeep
|turn|17
|
|t:|1599379465
|switch|p1a: Ditto|Ditto|88/100
|-damage|p1a: Ditto|76/100|[from] Stealth Rock
|-transform|p1a: Ditto|p2a: Spyro|[from] ability: Imposter
|cant|p2a: Spyro|slp
|
|upkeep
|turn|18
|
|t:|1599379473
|switch|p2a: Fabiole|Clefable, F|93/100
|move|p1a: Ditto|U-turn|p2a: Fabiole
|-resisted|p2a: Fabiole
|-damage|p2a: Fabiole|81/100
|
|t:|1599379477
|switch|p1a: Corviknight|Corviknight, M|81/100|[from]move: U-turn
|-damage|p1a: Corviknight|68/100|[from] Stealth Rock
|-ability|p1a: Corviknight|Pressure
|
|-heal|p1a: Corviknight|74/100|[from] item: Leftovers
|upkeep
|turn|19
|l| Ezzelz
|
|t:|1599379484
|move|p1a: Corviknight|Iron Head|p2a: Fabiole
|-supereffective|p2a: Fabiole
|-damage|p2a: Fabiole|24/100
|move|p2a: Fabiole|Flamethrower|p1a: Corviknight
|-supereffective|p1a: Corviknight
|-damage|p1a: Corviknight|45/100
|
|-heal|p1a: Corviknight|52/100|[from] item: Leftovers
|upkeep
|turn|20
|
|t:|1599379493
|switch|p2a: Robocop|Golurk|100/100
|-damage|p2a: Robocop|95/100|[from] Stealth Rock
|move|p1a: Corviknight|Roost|p1a: Corviknight
|-heal|p1a: Corviknight|100/100
|-singleturn|p1a: Corviknight|move: Roost
|
|-heal|p2a: Robocop|100/100|[from] item: Leftovers
|upkeep
|turn|21
|
|t:|1599379500
|switch|p1a: Ditto|Ditto|76/100
|-damage|p1a: Ditto|63/100|[from] Stealth Rock
|-transform|p1a: Ditto|p2a: Robocop|[from] ability: Imposter
|move|p2a: Robocop|Power-Up Punch|p1a: Ditto
|-immune|p1a: Ditto
|
|upkeep
|turn|22
|j| isoptera815
|
|t:|1599379511
|switch|p1a: Hatterene|Hatterene, F|53/100
|-damage|p1a: Hatterene|40/100|[from] Stealth Rock
|switch|p2a: Mr. Seton|Amoonguss, M|100/100
|-damage|p2a: Mr. Seton|88/100|[from] Stealth Rock
|
|-heal|p1a: Hatterene|46/100|[from] item: Leftovers
|upkeep
|turn|23
|
|t:|1599379514
|move|p1a: Hatterene|Psychic|p2a: Mr. Seton
|-supereffective|p2a: Mr. Seton
|-damage|p2a: Mr. Seton|0 fnt
|faint|p2a: Mr. Seton
|
|-heal|p1a: Hatterene|52/100|[from] item: Leftovers
|upkeep
|
|t:|1599379518
|switch|p2a: Robocop|Golurk|100/100
|-damage|p2a: Robocop|95/100|[from] Stealth Rock
|turn|24
|
|t:|1599379524
|switch|p1a: Blissey|Blissey, F|100/100
|-damage|p1a: Blissey|88/100|[from] Stealth Rock
|move|p2a: Robocop|Earthquake|p1a: Blissey
|-damage|p1a: Blissey|40/100
|
|-heal|p2a: Robocop|100/100|[from] item: Leftovers
|upkeep
|turn|25
|
|t:|1599379540
|switch|p1a: Amoonguss|Amoonguss, M|100/100 par
|-damage|p1a: Amoonguss|88/100 par|[from] Stealth Rock
|move|p2a: Robocop|Power-Up Punch|p1a: Amoonguss
|-resisted|p1a: Amoonguss
|-crit|p1a: Amoonguss
|-damage|p1a: Amoonguss|80/100 par
|-boost|p2a: Robocop|atk|1
|-damage|p2a: Robocop|84/100|[from] item: Rocky Helmet|[of] p1a: Amoonguss
|
|-heal|p2a: Robocop|90/100|[from] item: Leftovers
|upkeep
|turn|26
|
|t:|1599379546
|move|p2a: Robocop|Poltergeist|p1a: Amoonguss
|-activate|p1a: Amoonguss|move: Poltergeist|Rocky Helmet
|-damage|p1a: Amoonguss|12/100 par
|cant|p1a: Amoonguss|par
|
|-heal|p2a: Robocop|96/100|[from] item: Leftovers
|upkeep
|turn|27
|
|t:|1599379554
|switch|p1a: Blissey|Blissey, F|40/100
|-damage|p1a: Blissey|28/100|[from] Stealth Rock
|move|p2a: Robocop|Earthquake|p1a: Blissey
|-damage|p1a: Blissey|0 fnt
|faint|p1a: Blissey
|
|-heal|p2a: Robocop|100/100|[from] item: Leftovers
|upkeep
|
|t:|1599379556
|switch|p1a: Ditto|Ditto|63/100
|-damage|p1a: Ditto|51/100|[from] Stealth Rock
|-transform|p1a: Ditto|p2a: Robocop|[from] ability: Imposter
|turn|28
|
|t:|1599379567
|switch|p2a: Regina|Mandibuzz, F|84/100
|move|p1a: Ditto|Poltergeist|p2a: Regina
|-activate|p2a: Regina|move: Poltergeist|Heavy-Duty Boots
|-resisted|p2a: Regina
|-damage|p2a: Regina|58/100
|
|upkeep
|turn|29
|
|t:|1599379575
|switch|p1a: Amoonguss|Amoonguss, M|45/100 par
|-damage|p1a: Amoonguss|32/100 par|[from] Stealth Rock
|move|p2a: Regina|Roost|p2a: Regina
|-heal|p2a: Regina|100/100
|-singleturn|p2a: Regina|move: Roost
|
|upkeep
|turn|30
|
|t:|1599379581
|switch|p2a: Wish Of Hax|Jirachi|59/100 par
|-damage|p2a: Wish Of Hax|53/100 par|[from] Stealth Rock
|switch|p1a: Corviknight|Corviknight, M|100/100
|-damage|p1a: Corviknight|88/100|[from] Stealth Rock
|-ability|p1a: Corviknight|Pressure
|
|-heal|p1a: Corviknight|94/100|[from] item: Leftovers
|upkeep
|turn|31
|
|t:|1599379584
|move|p1a: Corviknight|Body Press|p2a: Wish Of Hax
|-damage|p2a: Wish Of Hax|36/100 par
|-damage|p1a: Corviknight|78/100|[from] item: Rocky Helmet|[of] p2a: Wish Of Hax
|move|p2a: Wish Of Hax|Wish|p2a: Wish Of Hax
|
|-heal|p1a: Corviknight|84/100|[from] item: Leftovers
|upkeep
|turn|32
|
|t:|1599379597
|move|p1a: Corviknight|Defog|p2a: Wish Of Hax
|-unboost|p2a: Wish Of Hax|evasion|1
|-sideend|p2: The Last Hero|Stealth Rock|[from] move: Defog|[of] p1a: Corviknight
|-sideend|p1: LT74PF kon|Stealth Rock|[from] move: Defog|[of] p1a: Corviknight
|cant|p2a: Wish Of Hax|par
|
|-heal|p2a: Wish Of Hax|86/100 par|[from] move: Wish|[wisher] Wish Of Hax
|-heal|p1a: Corviknight|90/100|[from] item: Leftovers
|upkeep
|turn|33
|
|t:|1599379608
|switch|p1a: Ditto|Ditto|51/100
|-transform|p1a: Ditto|p2a: Wish Of Hax|[from] ability: Imposter
|move|p2a: Wish Of Hax|Wish|p2a: Wish Of Hax
|
|upkeep
|turn|34
|l| skaarlet
|j| Justindrag
|
|t:|1599379619
|move|p1a: Ditto|Trick|p2a: Wish Of Hax
|-activate|p1a: Ditto|move: Trick|[of] p2a: Wish Of Hax
|-item|p2a: Wish Of Hax|Choice Scarf|[from] move: Trick
|-item|p1a: Ditto|Rocky Helmet|[from] move: Trick
|move|p2a: Wish Of Hax|U-turn|p1a: Ditto
|-damage|p1a: Ditto|32/100
|-damage|p2a: Wish Of Hax|69/100 par|[from] item: Rocky Helmet|[of] p1a: Ditto
|
|t:|1599379626
|switch|p2a: Robocop|Golurk|100/100|[from]move: U-turn
|
|upkeep
|turn|35
|
|t:|1599379630
|move|p1a: Ditto|Iron Head|p2a: Robocop
|-damage|p2a: Robocop|63/100
|cant|p2a: Robocop|flinch
|
|-heal|p2a: Robocop|69/100|[from] item: Leftovers
|upkeep
|turn|36
|
|t:|1599379635
|move|p1a: Ditto|Iron Head|p2a: Robocop
|-damage|p2a: Robocop|32/100
|cant|p2a: Robocop|flinch
|
|-heal|p2a: Robocop|38/100|[from] item: Leftovers
|upkeep
|turn|37
|
|t:|1599379643
|switch|p2a: Wish Of Hax|Jirachi|69/100 par
|move|p1a: Ditto|Iron Head|p2a: Wish Of Hax
|-resisted|p2a: Wish Of Hax
|-damage|p2a: Wish Of Hax|58/100 par
|
|upkeep
|turn|38
|
|t:|1599379648
|move|p1a: Ditto|Wish|p1a: Ditto
|move|p2a: Wish Of Hax|Trick|p1a: Ditto
|-activate|p2a: Wish Of Hax|move: Trick|[of] p1a: Ditto
|-item|p1a: Ditto|Choice Scarf|[from] move: Trick
|-item|p2a: Wish Of Hax|Rocky Helmet|[from] move: Trick
|
|upkeep
|turn|39
|
|t:|1599379658
|move|p1a: Ditto|Iron Head|p2a: Wish Of Hax
|-resisted|p2a: Wish Of Hax
|-damage|p2a: Wish Of Hax|45/100 par
|-damage|p1a: Ditto|15/100|[from] item: Rocky Helmet|[of] p2a: Wish Of Hax
|move|p2a: Wish Of Hax|U-turn|p1a: Ditto
|-damage|p1a: Ditto|0 fnt
|faint|p1a: Ditto
|
|t:|1599379663
|switch|p2a: Robocop|Golurk|38/100|[from]move: U-turn
|
|-heal|p2a: Robocop|44/100|[from] item: Leftovers
|upkeep
|
|t:|1599379666
|switch|p1a: Corviknight|Corviknight, M|90/100
|-ability|p1a: Corviknight|Pressure
|turn|40
|
|t:|1599379672
|switch|p2a: Spyro|Dragapult, M|100/100 slp
|move|p1a: Corviknight|Iron Head|p2a: Spyro
|-damage|p2a: Spyro|65/100 slp
|
|-heal|p2a: Spyro|71/100 slp|[from] item: Leftovers
|-heal|p1a: Corviknight|96/100|[from] item: Leftovers
|upkeep
|turn|41
|
|t:|1599379680
|switch|p1a: Hatterene|Hatterene, F|52/100
|cant|p2a: Spyro|slp
|
|-heal|p2a: Spyro|77/100 slp|[from] item: Leftovers
|-heal|p1a: Hatterene|58/100|[from] item: Leftovers
|upkeep
|turn|42
|
|t:|1599379688
|switch|p2a: Wish Of Hax|Jirachi|45/100 par
|move|p1a: Hatterene|Draining Kiss|p2a: Wish Of Hax
|-resisted|p2a: Wish Of Hax
|-damage|p2a: Wish Of Hax|35/100 par
|-heal|p1a: Hatterene|68/100|[from] drain|[of] p2a: Wish Of Hax
|-damage|p1a: Hatterene|52/100|[from] item: Rocky Helmet|[of] p2a: Wish Of Hax
|
|-heal|p1a: Hatterene|58/100|[from] item: Leftovers
|upkeep
|turn|43
|
|t:|1599379697
|cant|p2a: Wish Of Hax|par
|move|p1a: Hatterene|Mystical Fire|p2a: Wish Of Hax
|-supereffective|p2a: Wish Of Hax
|-damage|p2a: Wish Of Hax|0 fnt
|faint|p2a: Wish Of Hax
|
|-heal|p1a: Hatterene|64/100|[from] item: Leftovers
|upkeep
|
|t:|1599379699
|switch|p2a: Robocop|Golurk|44/100
|turn|44
|
|t:|1599379713
|switch|p1a: Corviknight|Corviknight, M|96/100
|-ability|p1a: Corviknight|Pressure
|move|p2a: Robocop|Poltergeist|p1a: Corviknight
|-activate|p1a: Corviknight|move: Poltergeist|Leftovers
|-damage|p1a: Corviknight|54/100
|
|-heal|p2a: Robocop|50/100|[from] item: Leftovers
|-heal|p1a: Corviknight|61/100|[from] item: Leftovers
|upkeep
|turn|45
|
|t:|1599379723
|move|p2a: Robocop|Power-Up Punch|p1a: Corviknight
|-damage|p1a: Corviknight|49/100
|-boost|p2a: Robocop|atk|1
|move|p1a: Corviknight|Iron Head|p2a: Robocop
|-damage|p2a: Robocop|19/100
|
|-heal|p2a: Robocop|25/100|[from] item: Leftovers
|-heal|p1a: Corviknight|55/100|[from] item: Leftovers
|upkeep
|turn|46
|
|t:|1599379734
|move|p2a: Robocop|Poltergeist|p1a: Corviknight
|-activate|p1a: Corviknight|move: Poltergeist|Leftovers
|-damage|p1a: Corviknight|0 fnt
|faint|p1a: Corviknight
|
|-heal|p2a: Robocop|31/100|[from] item: Leftovers
|upkeep
|
|t:|1599379737
|switch|p1a: Amoonguss|Amoonguss, M|66/100 par
|turn|47
|
|t:|1599379746
|move|p2a: Robocop|Poltergeist|p1a: Amoonguss
|-activate|p1a: Amoonguss|move: Poltergeist|Rocky Helmet
|-damage|p1a: Amoonguss|3/100 par
|move|p1a: Amoonguss|Giga Drain|p2a: Robocop
|-supereffective|p2a: Robocop
|-damage|p2a: Robocop|0 fnt
|-heal|p1a: Amoonguss|14/100 par|[from] drain|[of] p2a: Robocop
|faint|p2a: Robocop
|
|upkeep
|l| Justindrag
|
|t:|1599379754
|switch|p2a: Spyro|Dragapult, M|77/100 slp
|turn|48
|
|t:|1599379757
|-curestatus|p2a: Spyro|slp|[msg]
|move|p2a: Spyro|Hex|p1a: Amoonguss
|-damage|p1a: Amoonguss|0 fnt
|faint|p1a: Amoonguss
|
|-heal|p2a: Spyro|83/100|[from] item: Leftovers
|upkeep
|
|t:|1599379761
|switch|p1a: Hatterene|Hatterene, F|64/100
|turn|49
|
|t:|1599379764
|move|p2a: Spyro|Hex|p1a: Hatterene
|-supereffective|p1a: Hatterene
|-damage|p1a: Hatterene|3/100
|move|p1a: Hatterene|Draining Kiss|p2a: Spyro
|-supereffective|p2a: Spyro
|-damage|p2a: Spyro|12/100
|-heal|p1a: Hatterene|56/100|[from] drain|[of] p2a: Spyro
|
|-heal|p2a: Spyro|18/100|[from] item: Leftovers
|-heal|p1a: Hatterene|62/100|[from] item: Leftovers
|upkeep
|turn|50
|
|t:|1599379768
|move|p2a: Spyro|Hex|p1a: Hatterene
|-supereffective|p1a: Hatterene
|-damage|p1a: Hatterene|2/100
|move|p1a: Hatterene|Draining Kiss|p2a: Spyro
|-supereffective|p2a: Spyro
|-damage|p2a: Spyro|0 fnt
|-heal|p1a: Hatterene|15/100|[from] drain|[of] p2a: Spyro
|faint|p2a: Spyro
|
|-heal|p1a: Hatterene|21/100|[from] item: Leftovers
|upkeep
|
|t:|1599379777
|switch|p2a: Fabiole|Clefable, F|24/100
|turn|51
|
|t:|1599379782
|move|p2a: Fabiole|Moonblast|p1a: Hatterene
|-damage|p1a: Hatterene|0 fnt
|faint|p1a: Hatterene
|
|win|The Last Hero
|l|☆LT74PF kon
|l| isoptera815
|raw|LT74PF kon's rating: 1873 &rarr; <strong>1849</strong><br />(-24 for losing)
|raw|The Last Hero's rating: 1803 &rarr; <strong>1827</strong><br />(+24 for winning)
|l|☆The Last Hero
