|raw|<div class="broadcast-blue"><strong>This battle is required to be public due to a player having a name starting with 'lt94je'.</div>
|j|‽BLOODCLAT
|j|☆LT94JE KEBAB
|t:|1661294061
|gametype|singles
|player|p1|BLOODCLAT|hoopster|1858
|player|p2|LT94JE KEBAB|volkner|1834
|teamsize|p1|6
|teamsize|p2|6
|gen|8
|tier|[Gen 8] OU
|rated|
|rule|Sleep Clause Mod: Limit one foe put to sleep
|rule|Species Clause: Limit one of each Pokémon
|rule|OHKO Clause: OHKO moves are banned
|rule|Evasion Items Clause: Evasion items are banned
|rule|Evasion Moves Clause: Evasion moves are banned
|rule|Endless Battle Clause: Forcing endless battles is banned
|rule|HP Percentage Mod: HP is shown in percentages
|rule|Dynamax Clause: You cannot dynamax
|clearpoke
|poke|p1|Slowking-Galar, M|
|poke|p1|Rotom-Wash|
|poke|p1|Garchomp, M|
|poke|p1|Tornadus-Therian, M|
|poke|p1|Ferrothorn, M|
|poke|p1|Weavile, F|
|poke|p2|Landorus-Therian, M|
|poke|p2|Urshifu-*, F|
|poke|p2|Slowking-Galar, M|
|poke|p2|Ferrothorn, M|
|poke|p2|Dragapult, F|
|poke|p2|Zapdos|
|teampreview
|
|t:|1661294078
|start
|switch|p1a: Weavile|Weavile, F|100/100
|switch|p2a: Dragapult|Dragapult, F|100/100
|-ability|p1a: Weavile|Pressure
|turn|1
|
|t:|1661294086
|switch|p1a: Slowking|Slowking-Galar, M|100/100
|move|p2a: Dragapult|Flamethrower|p1a: Slowking
|-damage|p1a: Slowking|69/100
|
|-heal|p1a: Slowking|75/100|[from] item: Black Sludge
|upkeep
|turn|2
|j| lt94je ACII
|
|t:|1661294093
|switch|p2a: Slowking|Slowking-Galar, M|100/100
|move|p1a: Slowking|Nasty Plot|p1a: Slowking
|-boost|p1a: Slowking|spa|2
|
|-heal|p1a: Slowking|81/100|[from] item: Black Sludge
|upkeep
|turn|3
|
|t:|1661294097
|move|p1a: Slowking|Nasty Plot|p1a: Slowking
|-boost|p1a: Slowking|spa|2
|move|p2a: Slowking|Future Sight|p1a: Slowking
|-start|p2a: Slowking|move: Future Sight
|
|-heal|p1a: Slowking|87/100|[from] item: Black Sludge
|upkeep
|turn|4
|
|t:|1661294099
|move|p1a: Slowking|Psychic|p2a: Slowking
|-damage|p2a: Slowking|47/100
|-unboost|p2a: Slowking|spd|1
|move|p2a: Slowking|Scald|p1a: Slowking
|-damage|p1a: Slowking|66/100
|
|-heal|p1a: Slowking|72/100|[from] item: Black Sludge
|upkeep
|turn|5
|
|t:|1661294104
|switch|p2a: Ferrothorn|Ferrothorn, M|100/100
|move|p1a: Slowking|Psychic|p2a: Ferrothorn
|-resisted|p2a: Ferrothorn
|-damage|p2a: Ferrothorn|66/100
|
|-end|p1a: Slowking|move: Future Sight
|-damage|p1a: Slowking|22/100
|-heal|p1a: Slowking|28/100|[from] item: Black Sludge
|-heal|p2a: Ferrothorn|72/100|[from] item: Leftovers
|upkeep
|turn|6
|
|t:|1661294113
|switch|p1a: Tornadus|Tornadus-Therian, M|100/100
|move|p2a: Ferrothorn|Knock Off|p1a: Tornadus
|-damage|p1a: Tornadus|77/100
|-enditem|p1a: Tornadus|Heavy-Duty Boots|[from] move: Knock Off|[of] p2a: Ferrothorn
|
|-heal|p2a: Ferrothorn|78/100|[from] item: Leftovers
|upkeep
|turn|7
|
|t:|1661294118
|move|p1a: Tornadus|U-turn|p2a: Ferrothorn
|-damage|p2a: Ferrothorn|67/100
|-damage|p1a: Tornadus|65/100|[from] ability: Iron Barbs|[of] p2a: Ferrothorn
|
|t:|1661294122
|switch|p1a: Garchomp|Garchomp, M|100/100|[from]move: U-turn
|move|p2a: Ferrothorn|Gyro Ball|p1a: Garchomp
|-damage|p1a: Garchomp|48/100
|-damage|p2a: Ferrothorn|55/100|[from] ability: Rough Skin|[of] p1a: Garchomp
|
|-heal|p1a: Garchomp|54/100|[from] item: Leftovers
|-heal|p2a: Ferrothorn|61/100|[from] item: Leftovers
|upkeep
|turn|8
|j| Momentary Life
|
|t:|1661294129
|switch|p2a: Landorus|Landorus-Therian, M|100/100
|-ability|p2a: Landorus|Intimidate|boost
|-unboost|p1a: Garchomp|atk|1
|move|p1a: Garchomp|Swords Dance|p1a: Garchomp
|-boost|p1a: Garchomp|atk|2
|
|-heal|p1a: Garchomp|60/100|[from] item: Leftovers
|upkeep
|turn|9
|
|t:|1661294155
|switch|p1a: Tornadus|Tornadus-Therian, M|98/100
|move|p2a: Landorus|U-turn|p1a: Tornadus
|-resisted|p1a: Tornadus
|-damage|p1a: Tornadus|86/100
|
|t:|1661294160
|switch|p2a: Zapdos|Zapdos|100/100|[from]move: U-turn
|
|upkeep
|turn|10
|j| isabela000◥▶_◀◤
|l| Momentary Life
|
|t:|1661294180
|move|p1a: Tornadus|Knock Off|p2a: Zapdos
|-damage|p2a: Zapdos|84/100
|-enditem|p2a: Zapdos|Heavy-Duty Boots|[from] move: Knock Off|[of] p1a: Tornadus
|move|p2a: Zapdos|Volt Switch|p1a: Tornadus
|-supereffective|p1a: Tornadus
|-damage|p1a: Tornadus|33/100
|
|t:|1661294185
|switch|p2a: Dragapult|Dragapult, F|100/100|[from]move: Volt Switch
|
|upkeep
|turn|11
|
|t:|1661294191
|switch|p1a: Weavile|Weavile, F|100/100
|-ability|p1a: Weavile|Pressure
|move|p2a: Dragapult|Shadow Ball|p1a: Weavile
|-resisted|p1a: Weavile
|-damage|p1a: Weavile|62/100
|
|upkeep
|turn|12
|
|t:|1661294201
|switch|p2a: Urshifu|Urshifu-Rapid-Strike, F|100/100
|move|p1a: Weavile|Knock Off|p2a: Urshifu
|-resisted|p2a: Urshifu
|-damage|p2a: Urshifu|78/100
|-enditem|p2a: Urshifu|Choice Band|[from] move: Knock Off|[of] p1a: Weavile
|
|upkeep
|turn|13
|
|t:|1661294219
|switch|p1a: Ferrothorn|Ferrothorn, M|100/100
|move|p2a: Urshifu|Surging Strikes|p1a: Ferrothorn
|-resisted|p1a: Ferrothorn
|-crit|p1a: Ferrothorn
|-damage|p1a: Ferrothorn|94/100
|-damage|p2a: Urshifu|66/100|[from] ability: Iron Barbs|[of] p1a: Ferrothorn
|-damage|p2a: Urshifu|49/100|[from] item: Rocky Helmet|[of] p1a: Ferrothorn
|-resisted|p1a: Ferrothorn
|-crit|p1a: Ferrothorn
|-damage|p1a: Ferrothorn|89/100
|-damage|p2a: Urshifu|37/100|[from] ability: Iron Barbs|[of] p1a: Ferrothorn
|-damage|p2a: Urshifu|21/100|[from] item: Rocky Helmet|[of] p1a: Ferrothorn
|-resisted|p1a: Ferrothorn
|-crit|p1a: Ferrothorn
|-damage|p1a: Ferrothorn|83/100
|-damage|p2a: Urshifu|8/100|[from] ability: Iron Barbs|[of] p1a: Ferrothorn
|-damage|p2a: Urshifu|0 fnt|[from] item: Rocky Helmet|[of] p1a: Ferrothorn
|faint|p2a: Urshifu
|-hitcount|p1a: Ferrothorn|3
|
|upkeep
|
|t:|1661294229
|switch|p2a: Zapdos|Zapdos|84/100
|turn|14
|
|t:|1661294253
|switch|p1a: Garchomp|Garchomp, M|60/100
|move|p2a: Zapdos|Heat Wave|p1a: Garchomp
|-resisted|p1a: Garchomp
|-damage|p1a: Garchomp|44/100
|
|-heal|p1a: Garchomp|51/100|[from] item: Leftovers
|upkeep
|turn|15
|
|t:|1661294263
|move|p1a: Garchomp|Swords Dance|p1a: Garchomp
|-boost|p1a: Garchomp|atk|2
|move|p2a: Zapdos|Toxic|p1a: Garchomp
|-status|p1a: Garchomp|tox
|
|-heal|p1a: Garchomp|57/100 tox|[from] item: Leftovers
|-damage|p1a: Garchomp|51/100 tox|[from] psn
|upkeep
|turn|16
|
|t:|1661294269
|switch|p2a: Ferrothorn|Ferrothorn, M|61/100
|move|p1a: Garchomp|Scale Shot|p2a: Ferrothorn
|-resisted|p2a: Ferrothorn
|-damage|p2a: Ferrothorn|52/100
|-resisted|p2a: Ferrothorn
|-damage|p2a: Ferrothorn|43/100
|-resisted|p2a: Ferrothorn
|-damage|p2a: Ferrothorn|34/100
|-hitcount|p2a: Ferrothorn|3
|-unboost|p1a: Garchomp|def|1
|-boost|p1a: Garchomp|spe|1
|
|-heal|p1a: Garchomp|57/100 tox|[from] item: Leftovers
|-heal|p2a: Ferrothorn|41/100|[from] item: Leftovers
|-damage|p1a: Garchomp|44/100 tox|[from] psn
|upkeep
|turn|17
|
|t:|1661294276
|switch|p2a: Landorus|Landorus-Therian, M|100/100
|-ability|p2a: Landorus|Intimidate|boost
|-unboost|p1a: Garchomp|atk|1
|move|p1a: Garchomp|Scale Shot|p2a: Landorus
|-damage|p2a: Landorus|81/100
|-damage|p2a: Landorus|60/100
|-damage|p2a: Landorus|40/100
|-crit|p2a: Landorus
|-damage|p2a: Landorus|12/100
|-damage|p2a: Landorus|0 fnt
|faint|p2a: Landorus
|-hitcount|p2: Landorus|5
|-unboost|p1a: Garchomp|def|1
|-boost|p1a: Garchomp|spe|1
|
|-heal|p1a: Garchomp|51/100 tox|[from] item: Leftovers
|-damage|p1a: Garchomp|32/100 tox|[from] psn
|upkeep
|
|t:|1661294284
|switch|p2a: Ferrothorn|Ferrothorn, M|41/100
|turn|18
|
|t:|1661294307
|switch|p2a: Zapdos|Zapdos|84/100
|move|p1a: Garchomp|Fire Fang|p2a: Zapdos
|-damage|p2a: Zapdos|55/100
|
|-heal|p1a: Garchomp|38/100 tox|[from] item: Leftovers
|-damage|p1a: Garchomp|14/100 tox|[from] psn
|upkeep
|turn|19
|
|t:|1661294329
|switch|p2a: Ferrothorn|Ferrothorn, M|41/100
|move|p1a: Garchomp|Scale Shot|p2a: Ferrothorn
|-resisted|p2a: Ferrothorn
|-damage|p2a: Ferrothorn|34/100
|-resisted|p2a: Ferrothorn
|-damage|p2a: Ferrothorn|27/100
|-resisted|p2a: Ferrothorn
|-damage|p2a: Ferrothorn|20/100
|-resisted|p2a: Ferrothorn
|-damage|p2a: Ferrothorn|14/100
|-hitcount|p2a: Ferrothorn|4
|-unboost|p1a: Garchomp|def|1
|-boost|p1a: Garchomp|spe|1
|
|-heal|p1a: Garchomp|20/100 tox|[from] item: Leftovers
|-heal|p2a: Ferrothorn|20/100|[from] item: Leftovers
|-damage|p1a: Garchomp|0 fnt|[from] psn
|faint|p1a: Garchomp
|upkeep
|
|t:|1661294340
|switch|p1a: Weavile|Weavile, F|62/100
|-ability|p1a: Weavile|Pressure
|turn|20
|
|t:|1661294344
|switch|p2a: Zapdos|Zapdos|55/100
|move|p1a: Weavile|Triple Axel|p2a: Zapdos
|-supereffective|p2a: Zapdos
|-damage|p2a: Zapdos|39/100
|-supereffective|p2a: Zapdos
|-damage|p2a: Zapdos|9/100
|-status|p1a: Weavile|par|[from] ability: Static|[of] p2a: Zapdos
|-supereffective|p2a: Zapdos
|-damage|p2a: Zapdos|0 fnt
|faint|p2a: Zapdos
|-hitcount|p2: Zapdos|3
|
|upkeep
|
|t:|1661294355
|switch|p2a: Dragapult|Dragapult, F|100/100
|turn|21
|
|t:|1661294371
|switch|p1a: Rotom|Rotom-Wash|100/100
|move|p2a: Dragapult|Flamethrower|p1a: Rotom
|-resisted|p1a: Rotom
|-damage|p1a: Rotom|80/100
|
|-heal|p1a: Rotom|86/100|[from] item: Leftovers
|upkeep
|turn|22
|
|t:|1661294379
|switch|p2a: Ferrothorn|Ferrothorn, M|20/100
|move|p1a: Rotom|Volt Switch|p2a: Ferrothorn
|-resisted|p2a: Ferrothorn
|-damage|p2a: Ferrothorn|10/100
|
|t:|1661294420
|switch|p1a: Tornadus|Tornadus-Therian, M|66/100|[from]move: Volt Switch
|
|-heal|p2a: Ferrothorn|16/100|[from] item: Leftovers
|upkeep
|turn|23
|inactive|Battle timer is ON: inactive players will automatically lose when time's up. (requested by LT94JE KEBAB)
|
|t:|1661294430
|move|p1a: Tornadus|Knock Off|p2a: Ferrothorn
|-damage|p2a: Ferrothorn|4/100
|-damage|p1a: Tornadus|53/100|[from] ability: Iron Barbs|[of] p2a: Ferrothorn
|-enditem|p2a: Ferrothorn|Leftovers|[from] move: Knock Off|[of] p1a: Tornadus
|move|p2a: Ferrothorn|Stealth Rock|p1a: Tornadus
|-sidestart|p1: BLOODCLAT|move: Stealth Rock
|
|upkeep
|turn|24
|inactive|BLOODCLAT has 120 seconds left.
|
|t:|1661294474
|move|p1a: Tornadus|Knock Off|p2a: Ferrothorn
|-damage|p2a: Ferrothorn|0 fnt
|-damage|p1a: Tornadus|41/100|[from] ability: Iron Barbs|[of] p2a: Ferrothorn
|faint|p2a: Ferrothorn
|
|upkeep
|
|t:|1661294478
|switch|p2a: Dragapult|Dragapult, F|100/100
|turn|25
|inactive|BLOODCLAT has 120 seconds left.
|
|t:|1661294483
|switch|p1a: Rotom|Rotom-Wash|86/100
|-damage|p1a: Rotom|74/100|[from] Stealth Rock
|move|p2a: Dragapult|Shadow Ball|p1a: Rotom
|-damage|p1a: Rotom|20/100
|
|-heal|p1a: Rotom|26/100|[from] item: Leftovers
|upkeep
|turn|26
|
|t:|1661294487
|move|p2a: Dragapult|Shadow Ball|p1a: Rotom
|-damage|p1a: Rotom|0 fnt
|faint|p1a: Rotom
|
|upkeep
|
|t:|1661294489
|switch|p1a: Weavile|Weavile, F|62/100 par
|-ability|p1a: Weavile|Pressure
|turn|27
|
|t:|1661294496
|move|p2a: Dragapult|Shadow Ball|p1a: Weavile
|-resisted|p1a: Weavile
|-damage|p1a: Weavile|24/100 par
|cant|p1a: Weavile|par
|
|upkeep
|turn|28
|
|t:|1661294505
|move|p1a: Weavile|Ice Shard|p2a: Dragapult
|-supereffective|p2a: Dragapult
|-damage|p2a: Dragapult|48/100
|move|p2a: Dragapult|Shadow Ball|p1a: Weavile
|-resisted|p1a: Weavile
|-damage|p1a: Weavile|0 fnt
|faint|p1a: Weavile
|
|upkeep
|
|t:|1661294507
|switch|p1a: Tornadus|Tornadus-Therian, M|74/100
|-damage|p1a: Tornadus|49/100|[from] Stealth Rock
|turn|29
|
|t:|1661294514
|move|p2a: Dragapult|Shadow Ball|p1a: Tornadus
|-damage|p1a: Tornadus|3/100
|-unboost|p1a: Tornadus|spd|1
|move|p1a: Tornadus|Knock Off|p2a: Dragapult
|-supereffective|p2a: Dragapult
|-damage|p2a: Dragapult|0 fnt
|-enditem|p2a: Dragapult|Choice Specs|[from] move: Knock Off|[of] p1a: Tornadus
|faint|p2a: Dragapult
|
|upkeep
|
|t:|1661294518
|switch|p2a: Slowking|Slowking-Galar, M|80/100
|turn|30
|
|t:|1661294522
|move|p1a: Tornadus|Knock Off|p2a: Slowking
|-supereffective|p2a: Slowking
|-damage|p2a: Slowking|40/100
|-enditem|p2a: Slowking|Assault Vest|[from] move: Knock Off|[of] p1a: Tornadus
|move|p2a: Slowking|Sludge Bomb|p1a: Tornadus
|-damage|p1a: Tornadus|0 fnt
|faint|p1a: Tornadus
|
|upkeep
|
|t:|1661294526
|switch|p1a: Slowking|Slowking-Galar, M|61/100
|-damage|p1a: Slowking|49/100|[from] Stealth Rock
|turn|31
|
|t:|1661294532
|move|p1a: Slowking|Psychic|p2a: Slowking
|-damage|p2a: Slowking|14/100
|move|p2a: Slowking|Scald|p1a: Slowking
|-damage|p1a: Slowking|29/100
|
|-heal|p1a: Slowking|35/100|[from] item: Black Sludge
|upkeep
|turn|32
|
|t:|1661294538
|move|p1a: Slowking|Psychic|p2a: Slowking
|-damage|p2a: Slowking|0 fnt
|faint|p2a: Slowking
|
|win|BLOODCLAT
|raw|BLOODCLAT's rating: 1858 &rarr; <strong>1877</strong><br />(+19 for winning)
|raw|LT94JE KEBAB's rating: 1834 &rarr; <strong>1815</strong><br />(-19 for losing)
|l|☆LT94JE KEBAB
