|raw|<div class="broadcast-blue"><strong>This battle is required to be public due to a player having a name starting with 'lt94je'.</div>
|j|☆groundt
|j|☆lt94je star
|t:|1661310816
|gametype|singles
|player|p1|groundt|2|1751
|player|p2|lt94je star|#uplxdurians|1825
|teamsize|p1|6
|teamsize|p2|6
|gen|8
|tier|[Gen 8] OU
|rated|
|rule|Sleep Clause Mod: Limit one foe put to sleep
|rule|Species Clause: Limit one of each Pokémon
|rule|OHKO Clause: OHKO moves are banned
|rule|Evasion Items Clause: Evasion items are banned
|rule|Evasion Moves Clause: Evasion moves are banned
|rule|Endless Battle Clause: Forcing endless battles is banned
|rule|HP Percentage Mod: HP is shown in percentages
|rule|Dynamax Clause: You cannot dynamax
|clearpoke
|poke|p1|Tapu Fini|
|poke|p1|Landorus-Therian, M|
|poke|p1|Ferrothorn, M|
|poke|p1|Blacephalon|
|poke|p1|Glastrier|
|poke|p1|Kartana|
|poke|p2|Tyranitar, F|
|poke|p2|Slowbro, F|
|poke|p2|Buzzwole|
|poke|p2|Ferrothorn, F|
|poke|p2|Excadrill, F|
|poke|p2|Tornadus-Therian, M|
|teampreview
|
|t:|1661310846
|start
|switch|p1a: Landorus|Landorus-Therian, M|100/100
|switch|p2a: Tornadus|Tornadus-Therian, M|100/100
|-ability|p1a: Landorus|Intimidate|boost
|-unboost|p2a: Tornadus|atk|1
|turn|1
|j| lt94je nick
|j| Amigento1958
|
|t:|1661310853
|move|p2a: Tornadus|Toxic|p1a: Landorus
|-status|p1a: Landorus|tox
|move|p1a: Landorus|Fling|p2a: Tornadus
|-damage|p2a: Tornadus|90/100
|-status|p2a: Tornadus|par
|-enditem|p1a: Landorus|Light Ball|[from] move: Fling
|
|-damage|p1a: Landorus|94/100 tox|[from] psn
|upkeep
|turn|2
|
|t:|1661310861
|move|p1a: Landorus|Stealth Rock|p2a: Tornadus
|-sidestart|p2: lt94je star|move: Stealth Rock
|cant|p2a: Tornadus|par
|
|-damage|p1a: Landorus|82/100 tox|[from] psn
|upkeep
|turn|3
|j| fuxiddd
|j| NlCHOLAS
|
|t:|1661310865
|switch|p2a: Ferrothorn|Ferrothorn, F|100/100
|-damage|p2a: Ferrothorn|94/100|[from] Stealth Rock
|move|p1a: Landorus|U-turn|p2a: Ferrothorn
|-damage|p2a: Ferrothorn|80/100
|-damage|p1a: Landorus|70/100 tox|[from] ability: Iron Barbs|[of] p2a: Ferrothorn
|
|t:|1661310870
|switch|p1a: Blacephalon|Blacephalon|100/100|[from]move: U-turn
|
|-heal|p2a: Ferrothorn|87/100|[from] item: Leftovers
|upkeep
|turn|4
|
|t:|1661310873
|switch|p2a: Tyranitar|Tyranitar, F|100/100
|-damage|p2a: Tyranitar|88/100|[from] Stealth Rock
|-weather|Sandstorm|[from] ability: Sand Stream|[of] p2a: Tyranitar
|move|p1a: Blacephalon|Overheat|p2a: Tyranitar
|-resisted|p2a: Tyranitar
|-damage|p2a: Tyranitar|52/100
|-unboost|p1a: Blacephalon|spa|2
|
|-weather|Sandstorm|[upkeep]
|-damage|p1a: Blacephalon|94/100|[from] Sandstorm
|upkeep
|turn|5
|l| NlCHOLAS
|
|t:|1661310883
|switch|p1a: Ferrothorn|Ferrothorn, M|100/100
|move|p2a: Tyranitar|Crunch|p1a: Ferrothorn
|-damage|p1a: Ferrothorn|60/100
|-damage|p2a: Tyranitar|40/100|[from] ability: Iron Barbs|[of] p1a: Ferrothorn
|
|-weather|Sandstorm|[upkeep]
|-heal|p1a: Ferrothorn|67/100|[from] item: Leftovers
|upkeep
|turn|6
|j| TrollingJank
|
|t:|1661310894
|switch|p2a: Tornadus|Tornadus-Therian, M|100/100 par
|move|p1a: Ferrothorn|Leech Seed|p2a: Tornadus
|-start|p2a: Tornadus|move: Leech Seed
|
|-weather|Sandstorm|[upkeep]
|-damage|p2a: Tornadus|94/100 par|[from] Sandstorm
|-heal|p1a: Ferrothorn|73/100|[from] item: Leftovers
|-damage|p2a: Tornadus|82/100 par|[from] Leech Seed|[of] p1a: Ferrothorn
|-heal|p1a: Ferrothorn|86/100|[silent]
|upkeep
|turn|7
|
|t:|1661310898
|switch|p1a: Blacephalon|Blacephalon|94/100
|move|p2a: Tornadus|Defog|p1a: Blacephalon
|-unboost|p1a: Blacephalon|evasion|1
|-sideend|p2: lt94je star|Stealth Rock|[from] move: Defog|[of] p2a: Tornadus
|
|-weather|Sandstorm|[upkeep]
|-damage|p1a: Blacephalon|88/100|[from] Sandstorm
|-damage|p2a: Tornadus|76/100 par|[from] Sandstorm
|-damage|p2a: Tornadus|63/100 par|[from] Leech Seed|[of] p1a: Blacephalon
|-heal|p1a: Blacephalon|100/100|[silent]
|upkeep
|turn|8
|
|t:|1661310906
|move|p1a: Blacephalon|Overheat|p2a: Tornadus
|-damage|p2a: Tornadus|0 fnt
|-unboost|p1a: Blacephalon|spa|2
|faint|p2a: Tornadus
|-ability|p1a: Blacephalon|Beast Boost|boost
|-boost|p1a: Blacephalon|spa|1
|
|-weather|none
|upkeep
|
|t:|1661310909
|switch|p2a: Tyranitar|Tyranitar, F|40/100
|-weather|Sandstorm|[from] ability: Sand Stream|[of] p2a: Tyranitar
|turn|9
|
|t:|1661310922
|switch|p1a: Tapu Fini|Tapu Fini|100/100
|-fieldstart|move: Misty Terrain|[from] ability: Misty Surge|[of] p1a: Tapu Fini
|move|p2a: Tyranitar|Superpower|p1a: Tapu Fini
|-resisted|p1a: Tapu Fini
|-damage|p1a: Tapu Fini|71/100
|-unboost|p2a: Tyranitar|atk|1
|-unboost|p2a: Tyranitar|def|1
|
|-weather|Sandstorm|[upkeep]
|-damage|p1a: Tapu Fini|65/100|[from] Sandstorm
|upkeep
|turn|10
|
|t:|1661310930
|switch|p2a: Excadrill|Excadrill, F|100/100
|move|p1a: Tapu Fini|Trick|p2a: Excadrill
|-activate|p1a: Tapu Fini|move: Trick|[of] p2a: Excadrill
|-item|p2a: Excadrill|Choice Scarf|[from] move: Trick
|-item|p1a: Tapu Fini|Leftovers|[from] move: Trick
|
|-weather|Sandstorm|[upkeep]
|-damage|p1a: Tapu Fini|59/100|[from] Sandstorm
|-heal|p1a: Tapu Fini|65/100|[from] item: Leftovers
|upkeep
|turn|11
|
|t:|1661310939
|move|p2a: Excadrill|Earthquake|p1a: Tapu Fini
|-damage|p1a: Tapu Fini|13/100
|move|p1a: Tapu Fini|Surf|p2a: Excadrill
|-supereffective|p2a: Excadrill
|-damage|p2a: Excadrill|19/100
|
|-weather|Sandstorm|[upkeep]
|-damage|p1a: Tapu Fini|7/100|[from] Sandstorm
|-heal|p1a: Tapu Fini|13/100|[from] item: Leftovers
|upkeep
|turn|12
|
|t:|1661310949
|switch|p2a: Buzzwole|Buzzwole|100/100
|switch|p1a: Ferrothorn|Ferrothorn, M|86/100
|
|-weather|Sandstorm|[upkeep]
|-damage|p2a: Buzzwole|94/100|[from] Sandstorm
|-heal|p1a: Ferrothorn|92/100|[from] item: Leftovers
|upkeep
|turn|13
|
|t:|1661310963
|switch|p1a: Tapu Fini|Tapu Fini|13/100
|move|p2a: Buzzwole|Close Combat|p1a: Tapu Fini
|-resisted|p1a: Tapu Fini
|-damage|p1a: Tapu Fini|0 fnt
|-unboost|p2a: Buzzwole|def|1
|-unboost|p2a: Buzzwole|spd|1
|faint|p1a: Tapu Fini
|-ability|p2a: Buzzwole|Beast Boost|boost
|-boost|p2a: Buzzwole|def|1
|
|-weather|none
|-fieldend|Misty Terrain
|upkeep
|
|t:|1661310969
|switch|p1a: Blacephalon|Blacephalon|100/100
|turn|14
|
|t:|1661310974
|switch|p2a: Tyranitar|Tyranitar, F|40/100
|-weather|Sandstorm|[from] ability: Sand Stream|[of] p2a: Tyranitar
|move|p1a: Blacephalon|Shadow Ball|p2a: Tyranitar
|-resisted|p2a: Tyranitar
|-damage|p2a: Tyranitar|14/100
|
|-weather|Sandstorm|[upkeep]
|-damage|p1a: Blacephalon|94/100|[from] Sandstorm
|upkeep
|turn|15
|
|t:|1661310981
|move|p1a: Blacephalon|Shadow Ball|p2a: Tyranitar
|-resisted|p2a: Tyranitar
|-damage|p2a: Tyranitar|0 fnt
|faint|p2a: Tyranitar
|-ability|p1a: Blacephalon|Beast Boost|boost
|-boost|p1a: Blacephalon|spa|1
|
|-weather|Sandstorm|[upkeep]
|-damage|p1a: Blacephalon|88/100|[from] Sandstorm
|upkeep
|
|t:|1661310983
|switch|p2a: Excadrill|Excadrill, F|19/100
|turn|16
|
|t:|1661310988
|switch|p2a: Ferrothorn|Ferrothorn, F|87/100
|switch|p1a: Ferrothorn|Ferrothorn, M|92/100
|
|-weather|Sandstorm|[upkeep]
|-heal|p1a: Ferrothorn|98/100|[from] item: Leftovers
|-heal|p2a: Ferrothorn|93/100|[from] item: Leftovers
|upkeep
|turn|17
|
|t:|1661310993
|move|p1a: Ferrothorn|Body Press|p2a: Ferrothorn
|-supereffective|p2a: Ferrothorn
|-damage|p2a: Ferrothorn|58/100
|-damage|p1a: Ferrothorn|85/100|[from] ability: Iron Barbs|[of] p2a: Ferrothorn
|move|p2a: Ferrothorn|Stealth Rock|p1a: Ferrothorn
|-sidestart|p1: groundt|move: Stealth Rock
|
|-weather|Sandstorm|[upkeep]
|-heal|p1a: Ferrothorn|92/100|[from] item: Leftovers
|-heal|p2a: Ferrothorn|64/100|[from] item: Leftovers
|upkeep
|turn|18
|
|t:|1661311004
|switch|p2a: Buzzwole|Buzzwole|94/100
|move|p1a: Ferrothorn|Body Press|p2a: Buzzwole
|-resisted|p2a: Buzzwole
|-damage|p2a: Buzzwole|87/100
|-damage|p1a: Ferrothorn|75/100|[from] item: Rocky Helmet|[of] p2a: Buzzwole
|
|-weather|none
|-heal|p1a: Ferrothorn|81/100|[from] item: Leftovers
|upkeep
|turn|19
|
|t:|1661311018
|move|p2a: Buzzwole|Close Combat|p1a: Ferrothorn
|-supereffective|p1a: Ferrothorn
|-damage|p1a: Ferrothorn|6/100
|-unboost|p2a: Buzzwole|def|1
|-unboost|p2a: Buzzwole|spd|1
|-damage|p2a: Buzzwole|75/100|[from] ability: Iron Barbs|[of] p1a: Ferrothorn
|move|p1a: Ferrothorn|Spikes|p2a: Buzzwole
|-sidestart|p2: lt94je star|Spikes
|
|-heal|p1a: Ferrothorn|12/100|[from] item: Leftovers
|upkeep
|turn|20
|j| mishimono
|
|t:|1661311029
|move|p2a: Buzzwole|Earthquake|p1a: Ferrothorn
|-damage|p1a: Ferrothorn|0 fnt
|faint|p1a: Ferrothorn
|-ability|p2a: Buzzwole|Beast Boost|boost
|-boost|p2a: Buzzwole|def|1
|
|upkeep
|
|t:|1661311032
|switch|p1a: Blacephalon|Blacephalon|88/100
|-damage|p1a: Blacephalon|63/100|[from] Stealth Rock
|turn|21
|
|t:|1661311051
|switch|p2a: Ferrothorn|Ferrothorn, F|64/100
|-damage|p2a: Ferrothorn|51/100|[from] Spikes
|move|p1a: Blacephalon|Shadow Ball|p2a: Ferrothorn
|-damage|p2a: Ferrothorn|0 fnt
|faint|p2a: Ferrothorn
|-ability|p1a: Blacephalon|Beast Boost|boost
|-boost|p1a: Blacephalon|spa|1
|
|upkeep
|
|t:|1661311054
|switch|p2a: Excadrill|Excadrill, F|19/100
|-damage|p2a: Excadrill|7/100|[from] Spikes
|turn|22
|
|t:|1661311059
|switch|p1a: Kartana|Kartana, shiny|100/100
|-damage|p1a: Kartana|94/100|[from] Stealth Rock
|move|p2a: Excadrill|Iron Head|p1a: Kartana
|-resisted|p1a: Kartana
|-damage|p1a: Kartana|70/100
|
|upkeep
|turn|23
|
|t:|1661311070
|switch|p1a: Landorus|Landorus-Therian, M|70/100 tox
|-damage|p1a: Landorus|58/100 tox|[from] Stealth Rock
|-ability|p1a: Landorus|Intimidate|boost
|-unboost|p2a: Excadrill|atk|1
|switch|p2a: Buzzwole|Buzzwole|75/100
|-damage|p2a: Buzzwole|63/100|[from] Spikes
|
|-damage|p1a: Landorus|52/100 tox|[from] psn
|upkeep
|turn|24
|
|t:|1661311074
|move|p2a: Buzzwole|Ice Punch|p1a: Landorus
|-supereffective|p1a: Landorus
|-damage|p1a: Landorus|0 fnt
|faint|p1a: Landorus
|-ability|p2a: Buzzwole|Beast Boost|boost
|-boost|p2a: Buzzwole|def|1
|
|upkeep
|
|t:|1661311077
|switch|p1a: Blacephalon|Blacephalon|63/100
|-damage|p1a: Blacephalon|38/100|[from] Stealth Rock
|turn|25
|
|t:|1661311079
|switch|p2a: Excadrill|Excadrill, F|7/100
|-damage|p2a: Excadrill|0 fnt|[from] Spikes
|faint|p2a: Excadrill
|move|p1a: Blacephalon|Shadow Ball|p2: Excadrill|[notarget]
|-fail|p1a: Blacephalon
|
|upkeep
|
|t:|1661311081
|switch|p2a: Slowbro|Slowbro, F|100/100
|turn|26
|c|☆lt94je star|gg
|j| LT94JE A
|inactive|Battle timer is ON: inactive players will automatically lose when time's up. (requested by lt94je star)
|j|+Luigi
|
|t:|1661311135
|switch|p1a: Glastrier|Glastrier|100/100
|-damage|p1a: Glastrier|75/100|[from] Stealth Rock
|move|p2a: Slowbro|Scald|p1a: Glastrier
|-damage|p1a: Glastrier|55/100
|
|upkeep
|turn|27
|
|t:|1661311146
|move|p1a: Glastrier|Megahorn|p2a: Slowbro
|-supereffective|p2a: Slowbro
|-damage|p2a: Slowbro|36/100
|move|p2a: Slowbro|Future Sight|p1a: Glastrier
|-start|p2a: Slowbro|move: Future Sight
|
|upkeep
|turn|28
|
|t:|1661311153
|switch|p2a: Buzzwole|Buzzwole|63/100
|-damage|p2a: Buzzwole|50/100|[from] Spikes
|move|p1a: Glastrier|Icicle Crash|p2a: Buzzwole
|-crit|p2a: Buzzwole
|-damage|p2a: Buzzwole|9/100
|
|upkeep
|turn|29
|
|t:|1661311161
|move|p2a: Buzzwole|Roost|p2a: Buzzwole
|-heal|p2a: Buzzwole|59/100
|-singleturn|p2a: Buzzwole|move: Roost
|move|p1a: Glastrier|Icicle Crash|p2a: Buzzwole
|-damage|p2a: Buzzwole|33/100
|
|-end|p1a: Glastrier|move: Future Sight
|-damage|p1a: Glastrier|23/100
|upkeep
|turn|30
|-enditem|p1a: Glastrier|Custap Berry|[eat]
|-activate|p1a: Glastrier|item: Custap Berry|[consumed]
|
|t:|1661311165
|move|p1a: Glastrier|Icicle Crash|p2a: Buzzwole|[miss]
|-miss|p1a: Glastrier|p2a: Buzzwole
|move|p2a: Buzzwole|Roost|p2a: Buzzwole
|-heal|p2a: Buzzwole|83/100
|-singleturn|p2a: Buzzwole|move: Roost
|
|upkeep
|turn|31
|
|t:|1661311170
|move|p2a: Buzzwole|Roost|p2a: Buzzwole
|-heal|p2a: Buzzwole|100/100
|-singleturn|p2a: Buzzwole|move: Roost
|move|p1a: Glastrier|Icicle Crash|p2a: Buzzwole
|-damage|p2a: Buzzwole|76/100
|
|upkeep
|turn|32
|
|t:|1661311172
|move|p2a: Buzzwole|Roost|p2a: Buzzwole
|-heal|p2a: Buzzwole|100/100
|-singleturn|p2a: Buzzwole|move: Roost
|move|p1a: Glastrier|Icicle Crash|p2a: Buzzwole
|-damage|p2a: Buzzwole|74/100
|
|upkeep
|turn|33
|
|t:|1661311174
|move|p2a: Buzzwole|Roost|p2a: Buzzwole
|-heal|p2a: Buzzwole|100/100
|-singleturn|p2a: Buzzwole|move: Roost
|move|p1a: Glastrier|Icicle Crash|p2a: Buzzwole
|-damage|p2a: Buzzwole|72/100
|
|upkeep
|turn|34
|
|t:|1661311179
|move|p2a: Buzzwole|Roost|p2a: Buzzwole
|-heal|p2a: Buzzwole|100/100
|-singleturn|p2a: Buzzwole|move: Roost
|move|p1a: Glastrier|Icicle Crash|p2a: Buzzwole
|-crit|p2a: Buzzwole
|-damage|p2a: Buzzwole|61/100
|
|upkeep
|turn|35
|
|t:|1661311182
|move|p2a: Buzzwole|Roost|p2a: Buzzwole
|-heal|p2a: Buzzwole|100/100
|-singleturn|p2a: Buzzwole|move: Roost
|move|p1a: Glastrier|Icicle Crash|p2a: Buzzwole
|-crit|p2a: Buzzwole
|-damage|p2a: Buzzwole|63/100
|
|upkeep
|turn|36
|
|t:|1661311208
|switch|p1a: Kartana|Kartana, shiny|70/100
|-damage|p1a: Kartana|64/100|[from] Stealth Rock
|move|p2a: Buzzwole|Earthquake|p1a: Kartana
|-crit|p1a: Kartana
|-damage|p1a: Kartana|9/100
|
|upkeep
|turn|37
|inactive|groundt has 120 seconds left.
|
|t:|1661311224
|move|p1a: Kartana|Smart Strike|p2a: Buzzwole
|-damage|p2a: Buzzwole|39/100
|-damage|p1a: Kartana|0 fnt|[from] item: Rocky Helmet|[of] p2a: Buzzwole
|faint|p1a: Kartana
|move|p2a: Buzzwole|Roost|p2a: Buzzwole
|-heal|p2a: Buzzwole|89/100
|-singleturn|p2a: Buzzwole|move: Roost
|
|upkeep
|
|t:|1661311227
|switch|p1a: Blacephalon|Blacephalon|38/100
|-damage|p1a: Blacephalon|13/100|[from] Stealth Rock
|turn|38
|
|t:|1661311231
|move|p1a: Blacephalon|Shadow Ball|p2a: Buzzwole
|-damage|p2a: Buzzwole|0 fnt
|faint|p2a: Buzzwole
|-ability|p1a: Blacephalon|Beast Boost|boost
|-boost|p1a: Blacephalon|spa|1
|
|upkeep
|
|t:|1661311235
|switch|p2a: Slowbro|Slowbro, F|69/100
|turn|39
|
|t:|1661311236
|move|p1a: Blacephalon|Shadow Ball|p2a: Slowbro
|-supereffective|p2a: Slowbro
|-damage|p2a: Slowbro|0 fnt
|faint|p2a: Slowbro
|
|win|groundt
|raw|groundt's rating: 1751 &rarr; <strong>1775</strong><br />(+24 for winning)
|raw|lt94je star's rating: 1825 &rarr; <strong>1801</strong><br />(-24 for losing)
|l|☆lt94je star
|l|☆groundt
|j|☆groundt
|player|p1|groundt|2
|l| TrollingJank
|l| fuxiddd
||Ladder isn't responding, score probably updated but might not have (Request timeout).
