|j|☆soap776
|j|☆sqrlsattack
|player|p1|soap776|265|1390
|player|p2|sqrlsattack|dawn|1421
|teamsize|p1|6
|teamsize|p2|6
|gametype|singles
|gen|8
|tier|[Gen 8] OU
|rated|
|clearpoke
|poke|p1|Barraskewda, F|
|poke|p1|Urshifu-*, F|
|poke|p1|Kingdra, M|
|poke|p1|Pelipper, M|
|poke|p1|Ferrothorn, F|
|poke|p1|Magearna|
|poke|p2|Dragalge, M|
|poke|p2|Chansey, F|
|poke|p2|Slowbro, M|
|poke|p2|Ferrothorn, M|
|poke|p2|Kommo-o, F|
|poke|p2|Magearna|
|rule|Sleep Clause Mod: Limit one foe put to sleep
|rule|Species Clause: Limit one of each Pokémon
|rule|OHKO Clause: OHKO moves are banned
|rule|Evasion Moves Clause: Evasion moves are banned
|rule|Endless Battle Clause: Forcing endless battles is banned
|rule|HP Percentage Mod: HP is shown in percentages
|rule|Dynamax Clause: You cannot dynamax
|teampreview
|
|start
|switch|p1a: Urshifu|Urshifu-Rapid-Strike, F|100/100
|switch|p2a: hard sponge|Magearna|100/100
|turn|1
|
|switch|p1a: Magearna|Magearna|100/100
|move|p2a: hard sponge|Trick Room|p2a: hard sponge
|-fieldstart|move: Trick Room|[of] p2a: hard sponge
|
|upkeep
|turn|2
|
|move|p2a: hard sponge|Volt Switch|p1a: Magearna
|-damage|p1a: Magearna|92/100
|
|switch|p2a: BOP|Dragalge, M, shiny|100/100|[from]move: Volt Switch
|move|p1a: Magearna|Volt Switch|p2a: BOP
|-resisted|p2a: BOP
|-damage|p2a: BOP|92/100
|l|☆soap776
|player|p1|
|j|☆soap776
|player|p1|soap776|265
|
|switch|p1a: Pelipper|Pelipper, M|100/100|[from]move: Volt Switch
|-weather|RainDance|[from] ability: Drizzle|[of] p1a: Pelipper
|
|-weather|RainDance|[upkeep]
|upkeep
|turn|3
|
|switch|p1a: Ferrothorn|Ferrothorn, F|100/100
|move|p2a: BOP|Draco Meteor|p1a: Ferrothorn
|-resisted|p1a: Ferrothorn
|-crit|p1a: Ferrothorn
|-damage|p1a: Ferrothorn|20/100
|-unboost|p2a: BOP|spa|2
|
|-weather|RainDance|[upkeep]
|-heal|p1a: Ferrothorn|27/100|[from] item: Leftovers
|upkeep
|turn|4
|
|move|p1a: Ferrothorn|Thunder Wave|p2a: BOP
|-status|p2a: BOP|par
|move|p2a: BOP|Draco Meteor|p1a: Ferrothorn
|-resisted|p1a: Ferrothorn
|-damage|p1a: Ferrothorn|1/100
|-unboost|p2a: BOP|spa|2
|
|-weather|RainDance|[upkeep]
|-heal|p1a: Ferrothorn|7/100|[from] item: Leftovers
|upkeep
|turn|5
|
|move|p2a: BOP|Draco Meteor|p1a: Ferrothorn
|-resisted|p1a: Ferrothorn
|-damage|p1a: Ferrothorn|0 fnt
|-unboost|p2a: BOP|spa|2
|faint|p1a: Ferrothorn
|
|-weather|RainDance|[upkeep]
|-fieldend|move: Trick Room
|upkeep
|
|switch|p1a: Kingdra|Kingdra, M|100/100
|turn|6
|
|switch|p2a: thron pron|Ferrothorn, M, shiny|100/100
|move|p1a: Kingdra|Flip Turn|p2a: thron pron
|-resisted|p2a: thron pron
|-damage|p2a: thron pron|90/100
|-damage|p1a: Kingdra|88/100|[from] ability: Iron Barbs|[of] p2a: thron pron
|
|switch|p1a: Urshifu|Urshifu-Rapid-Strike, F|100/100|[from]move: Flip Turn
|
|-weather|RainDance|[upkeep]
|upkeep
|turn|7
|
|switch|p2a: bro u slo|Slowbro, M, shiny|100/100
|move|p1a: Urshifu|U-turn|p2a: bro u slo
|-supereffective|p2a: bro u slo
|-damage|p2a: bro u slo|56/100
|-damage|p1a: Urshifu|84/100|[from] item: Rocky Helmet|[of] p2a: bro u slo
|
|switch|p1a: Magearna|Magearna|92/100|[from]move: U-turn
|
|-weather|RainDance|[upkeep]
|upkeep
|turn|8
|
|switch|p2a: big ol' bitch|Chansey, F, shiny|100/100
|move|p1a: Magearna|Energy Ball|p2a: big ol' bitch
|-damage|p2a: big ol' bitch|93/100
|
|-weather|RainDance|[upkeep]
|upkeep
|turn|9
|
|switch|p2a: hard sponge|Magearna|100/100
|move|p1a: Magearna|Volt Switch|p2a: hard sponge
|-damage|p2a: hard sponge|88/100
|
|switch|p1a: Urshifu|Urshifu-Rapid-Strike, F|84/100|[from]move: Volt Switch
|
|-weather|none
|-heal|p2a: hard sponge|94/100|[from] item: Leftovers
|upkeep
|turn|10
|
|move|p1a: Urshifu|Close Combat|p2a: hard sponge
|-damage|p2a: hard sponge|22/100
|-unboost|p1a: Urshifu|def|1
|-unboost|p1a: Urshifu|spd|1
|move|p2a: hard sponge|Trick Room|p2a: hard sponge
|-fieldstart|move: Trick Room|[of] p2a: hard sponge
|
|-heal|p2a: hard sponge|28/100|[from] item: Leftovers
|upkeep
|turn|11
|l|☆soap776
|player|p1|
|j|☆soap776
|player|p1|soap776|265
|
|switch|p1a: Magearna|Magearna|92/100
|move|p2a: hard sponge|Fleur Cannon|p1a: Magearna
|-resisted|p1a: Magearna
|-damage|p1a: Magearna|81/100
|-unboost|p2a: hard sponge|spa|2
|
|-heal|p2a: hard sponge|34/100|[from] item: Leftovers
|upkeep
|turn|12
|
|move|p2a: hard sponge|Volt Switch|p1a: Magearna
|-damage|p1a: Magearna|77/100
|
|switch|p2a: thron pron|Ferrothorn, M, shiny|90/100|[from]move: Volt Switch
|move|p1a: Magearna|Volt Switch|p2a: thron pron
|-resisted|p2a: thron pron
|-damage|p2a: thron pron|80/100
|
|switch|p1a: Pelipper|Pelipper, M|100/100|[from]move: Volt Switch
|-weather|RainDance|[from] ability: Drizzle|[of] p1a: Pelipper
|
|-weather|RainDance|[upkeep]
|upkeep
|turn|13
|
|move|p2a: thron pron|Power Whip|p1a: Pelipper
|-damage|p1a: Pelipper|33/100
|move|p1a: Pelipper|Scald|p2a: thron pron
|-resisted|p2a: thron pron
|-damage|p2a: thron pron|64/100
|
|-weather|RainDance|[upkeep]
|upkeep
|turn|14
|
|switch|p1a: Magearna|Magearna|77/100
|move|p2a: thron pron|Power Whip|p1a: Magearna
|-resisted|p1a: Magearna
|-damage|p1a: Magearna|41/100
|
|-weather|RainDance|[upkeep]
|-fieldend|move: Trick Room
|upkeep
|turn|15
|
|move|p1a: Magearna|Volt Switch|p2a: thron pron
|-resisted|p2a: thron pron
|-damage|p2a: thron pron|56/100
|
|switch|p1a: Kingdra|Kingdra, M|88/100|[from]move: Volt Switch
|move|p2a: thron pron|Power Whip|p1a: Kingdra
|-damage|p1a: Kingdra|0 fnt
|faint|p1a: Kingdra
|
|-weather|RainDance|[upkeep]
|upkeep
|
|switch|p1a: Urshifu|Urshifu-Rapid-Strike, F|84/100
|turn|16
|
|switch|p2a: Kommo-Mierta|Kommo-o, F, shiny|100/100
|move|p1a: Urshifu|U-turn|p2a: Kommo-Mierta
|-resisted|p2a: Kommo-Mierta
|-damage|p2a: Kommo-Mierta|90/100
|-message|soap776 forfeited.
|
|win|sqrlsattack
|l|☆soap776
|raw|soap776's rating: 1390 &rarr; <strong>1372</strong><br />(-18 for losing)
|raw|sqrlsattack's rating: 1421 &rarr; <strong>1439</strong><br />(+18 for winning)
