|j|☆smollest brian
|j|☆257m
|inactive|Battle timer is ON: inactive players will automatically lose when time's up.
|t:|1657770708
|gametype|singles
|player|p1|smollest brian|sonia|
|player|p2|257m|janitor|
|teamsize|p1|6
|teamsize|p2|6
|gen|8
|tier|[Gen 8] OU
|rated|Tournament battle
|rule|Sleep Clause Mod: Limit one foe put to sleep
|rule|Species Clause: Limit one of each Pokémon
|rule|OHKO Clause: OHKO moves are banned
|rule|Evasion Moves Clause: Evasion moves are banned
|rule|Endless Battle Clause: Forcing endless battles is banned
|rule|HP Percentage Mod: HP is shown in percentages
|rule|Dynamax Clause: You cannot dynamax
|clearpoke
|poke|p1|Frosmoth, M|
|poke|p1|Volcanion|
|poke|p1|Corviknight, M|
|poke|p1|Garchomp, M|
|poke|p1|Tapu Lele|
|poke|p1|Hawlucha, F|
|poke|p2|Pelipper, F|
|poke|p2|Barraskewda, F|
|poke|p2|Zapdos|
|poke|p2|Blissey, F|
|poke|p2|Tornadus-Therian, M|
|poke|p2|Garchomp, F|
|teampreview
|j|*Lady Monita ☀
|
|t:|1657770718
|start
|switch|p1a: Frosmoth|Frosmoth, M|100/100
|switch|p2a: Pelipper|Pelipper, F|100/100
|-weather|RainDance|[from] ability: Drizzle|[of] p2a: Pelipper
|turn|1
|
|t:|1657770733
|move|p1a: Frosmoth|Ice Beam|p2a: Pelipper
|-damage|p2a: Pelipper|30/100
|move|p2a: Pelipper|Scald|p1a: Frosmoth
|-damage|p1a: Frosmoth|88/100
|
|-weather|RainDance|[upkeep]
|upkeep
|turn|2
|
|t:|1657770738
|switch|p2a: Barraskewda|Barraskewda, F|100/100
|move|p1a: Frosmoth|Ice Beam|p2a: Barraskewda
|-resisted|p2a: Barraskewda
|-damage|p2a: Barraskewda|42/100
|
|-weather|RainDance|[upkeep]
|upkeep
|turn|3
|
|t:|1657770747
|switch|p1a: Garchomp|Garchomp, M|100/100
|move|p2a: Barraskewda|Close Combat|p1a: Garchomp
|-damage|p1a: Garchomp|45/100
|-unboost|p2a: Barraskewda|def|1
|-unboost|p2a: Barraskewda|spd|1
|-damage|p2a: Barraskewda|30/100|[from] ability: Rough Skin|[of] p1a: Garchomp
|-damage|p2a: Barraskewda|14/100|[from] item: Rocky Helmet|[of] p1a: Garchomp
|
|-weather|RainDance|[upkeep]
|upkeep
|turn|4
|
|t:|1657770759
|move|p2a: Barraskewda|Close Combat|p1a: Garchomp
|-damage|p1a: Garchomp|0 fnt
|-unboost|p2a: Barraskewda|def|1
|-unboost|p2a: Barraskewda|spd|1
|-damage|p2a: Barraskewda|2/100|[from] ability: Rough Skin|[of] p1a: Garchomp
|-damage|p2a: Barraskewda|0 fnt|[from] item: Rocky Helmet|[of] p1a: Garchomp
|faint|p1a: Garchomp
|faint|p2a: Barraskewda
|
|-weather|RainDance|[upkeep]
|upkeep
|
|t:|1657770767
|switch|p2a: Zapdos|Zapdos|100/100
|switch|p1a: Frosmoth|Frosmoth, M|88/100
|turn|5
|
|t:|1657770771
|move|p2a: Zapdos|Hurricane|p1a: Frosmoth
|-supereffective|p1a: Frosmoth
|-damage|p1a: Frosmoth|48/100
|-start|p1a: Frosmoth|confusion
|-activate|p1a: Frosmoth|confusion
|-damage|p1a: Frosmoth|38/100|[from] confusion
|
|-weather|RainDance|[upkeep]
|upkeep
|turn|6
|
|t:|1657770783
|switch|p1a: Corviknight|Corviknight, M|100/100
|-ability|p1a: Corviknight|Pressure
|move|p2a: Zapdos|Hurricane|p1a: Corviknight
|-resisted|p1a: Corviknight
|-damage|p1a: Corviknight|74/100
|-start|p1a: Corviknight|confusion
|
|-weather|RainDance|[upkeep]
|-heal|p1a: Corviknight|81/100|[from] item: Leftovers
|upkeep
|turn|7
|
|t:|1657770788
|move|p2a: Zapdos|Thunder|p1a: Corviknight
|-supereffective|p1a: Corviknight
|-damage|p1a: Corviknight|0 fnt
|faint|p1a: Corviknight
|
|-weather|RainDance|[upkeep]
|upkeep
|
|t:|1657770790
|switch|p1a: Tapu Lele|Tapu Lele|100/100
|-fieldstart|move: Psychic Terrain|[from] ability: Psychic Surge|[of] p1a: Tapu Lele
|turn|8
|
|t:|1657770812
|move|p2a: Zapdos|Thunder|p1a: Tapu Lele
|-damage|p1a: Tapu Lele|38/100
|move|p1a: Tapu Lele|Psyshock|p2a: Zapdos
|-damage|p2a: Zapdos|0 fnt
|faint|p2a: Zapdos
|
|-weather|none
|upkeep
|
|t:|1657770825
|switch|p2a: Pelipper|Pelipper, F|30/100
|-weather|RainDance|[from] ability: Drizzle|[of] p2a: Pelipper
|turn|9
|
|t:|1657770831
|move|p1a: Tapu Lele|Psyshock|p2a: Pelipper
|-damage|p2a: Pelipper|0 fnt
|faint|p2a: Pelipper
|
|-weather|RainDance|[upkeep]
|upkeep
|
|t:|1657770835
|switch|p2a: Blissey|Blissey, F|100/100
|turn|10
|
|t:|1657770838
|move|p1a: Tapu Lele|Psyshock|p2a: Blissey
|-damage|p2a: Blissey|27/100
|move|p2a: Blissey|Thunder Wave|p1a: Tapu Lele
|-status|p1a: Tapu Lele|par
|
|-weather|RainDance|[upkeep]
|upkeep
|turn|11
|
|t:|1657770843
|move|p1a: Tapu Lele|Psyshock|p2a: Blissey
|-damage|p2a: Blissey|0 fnt
|faint|p2a: Blissey
|
|-weather|RainDance|[upkeep]
|upkeep
|
|t:|1657770849
|switch|p2a: Garchomp|Garchomp, F|100/100
|turn|12
|
|t:|1657770863
|switch|p1a: Hawlucha|Hawlucha, F|100/100
|-enditem|p1a: Hawlucha|Psychic Seed
|-boost|p1a: Hawlucha|spd|1|[from] item: Psychic Seed
|move|p2a: Garchomp|Stealth Rock|p1a: Hawlucha
|-sidestart|p1: smollest brian|move: Stealth Rock
|
|-weather|RainDance|[upkeep]
|-fieldend|move: Psychic Terrain
|upkeep
|turn|13
|
|t:|1657770869
|move|p1a: Hawlucha|Swords Dance|p1a: Hawlucha
|-boost|p1a: Hawlucha|atk|2
|move|p2a: Garchomp|Toxic|p1a: Hawlucha
|-status|p1a: Hawlucha|tox
|
|-weather|RainDance|[upkeep]
|-damage|p1a: Hawlucha|94/100 tox|[from] psn
|upkeep
|turn|14
|
|t:|1657770875
|move|p2a: Garchomp|Protect|p2a: Garchomp
|-singleturn|p2a: Garchomp|Protect
|move|p1a: Hawlucha|Acrobatics|p2a: Garchomp
|-activate|p2a: Garchomp|move: Protect
|
|-weather|RainDance|[upkeep]
|-damage|p1a: Hawlucha|82/100 tox|[from] psn
|upkeep
|turn|15
|
|t:|1657770886
|move|p2a: Garchomp|Protect||[still]
|-fail|p2a: Garchomp
|move|p1a: Hawlucha|Acrobatics|p2a: Garchomp
|-damage|p2a: Garchomp|30/100
|-damage|p1a: Hawlucha|70/100 tox|[from] ability: Rough Skin|[of] p2a: Garchomp
|
|-weather|RainDance|[upkeep]
|-heal|p2a: Garchomp|36/100|[from] item: Leftovers
|-damage|p1a: Hawlucha|52/100 tox|[from] psn
|upkeep
|turn|16
|
|t:|1657770894
|move|p2a: Garchomp|Protect|p2a: Garchomp
|-singleturn|p2a: Garchomp|Protect
|move|p1a: Hawlucha|Swords Dance|p1a: Hawlucha
|-boost|p1a: Hawlucha|atk|2
|
|-weather|none
|-heal|p2a: Garchomp|42/100|[from] item: Leftovers
|-damage|p1a: Hawlucha|27/100 tox|[from] psn
|upkeep
|turn|17
|
|t:|1657770908
|switch|p2a: Tornadus|Tornadus-Therian, M|100/100
|move|p1a: Hawlucha|Acrobatics|p2a: Tornadus
|-damage|p2a: Tornadus|0 fnt
|faint|p2a: Tornadus
|
|-damage|p1a: Hawlucha|0 fnt|[from] psn
|faint|p1a: Hawlucha
|upkeep
|
|t:|1657770912
|switch|p2a: Garchomp|Garchomp, F|42/100
|switch|p1a: Volcanion|Volcanion|100/100
|turn|18
|
|t:|1657770917
|move|p2a: Garchomp|Earthquake|p1a: Volcanion
|-supereffective|p1a: Volcanion
|-crit|p1a: Volcanion
|-damage|p1a: Volcanion|0 fnt
|faint|p1a: Volcanion
|
|-heal|p2a: Garchomp|48/100|[from] item: Leftovers
|upkeep
|
|t:|1657770921
|switch|p1a: Tapu Lele|Tapu Lele|38/100 par
|-damage|p1a: Tapu Lele|26/100 par|[from] Stealth Rock
|-fieldstart|move: Psychic Terrain|[from] ability: Psychic Surge|[of] p1a: Tapu Lele
|turn|19
|
|t:|1657770927
|move|p2a: Garchomp|Earthquake|p1a: Tapu Lele
|-damage|p1a: Tapu Lele|0 fnt
|faint|p1a: Tapu Lele
|
|-heal|p2a: Garchomp|55/100|[from] item: Leftovers
|upkeep
|
|t:|1657770929
|switch|p1a: Frosmoth|Frosmoth, M|38/100
|-damage|p1a: Frosmoth|0 fnt|[from] Stealth Rock
|faint|p1a: Frosmoth
|
|win|257m
|n|☆smollest brian|smollestbrian
|n|☆257m|257m
|n|*Lady Monita ☀|ladymonita
|l|*Lady Monita ☀
|l|☆smollest brian
|c|☆257m|gg
