|j|☆tlord
|j|☆ferromolybdenum
|player|p1|tlord|294|1504
|player|p2|ferromolybdenum|lucas|1547
|teamsize|p1|6
|teamsize|p2|6
|gametype|singles
|gen|8
|tier|[Gen 8] OU
|rated|
|html|<div class="broadcast-red"><strong>OU is currently suspecting Melmetal! For information on how to participate check out the <a href="https://www.smogon.com/forums/threads/3662190/">suspect thread</a>.</strong></div>
|clearpoke
|poke|p1|Toxapex, M|
|poke|p1|Ferrothorn, M|
|poke|p1|Rotom-Heat|
|poke|p1|Dragapult, M|
|poke|p1|Conkeldurr, M|
|poke|p1|Hydreigon, M|
|poke|p2|Melmetal|
|poke|p2|Dragapult, M|
|poke|p2|Clefable, M|
|poke|p2|Kyurem|
|poke|p2|Seismitoad, F|
|poke|p2|Corviknight, F|
|rule|Sleep Clause Mod: Limit one foe put to sleep
|rule|Species Clause: Limit one of each Pokémon
|rule|OHKO Clause: OHKO moves are banned
|rule|Evasion Moves Clause: Evasion moves are banned
|rule|Endless Battle Clause: Forcing endless battles is banned
|rule|HP Percentage Mod: HP is shown in percentages
|rule|Dynamax Clause: You cannot dynamax
|teampreview
|
|start
|switch|p1a: Conkeldurr|Conkeldurr, M|100/100
|switch|p2a: Melmetal|Melmetal|100/100
|turn|1
|
|switch|p2a: Corviknight|Corviknight, F|100/100
|-ability|p2a: Corviknight|Pressure
|switch|p1a: Rotom|Rotom-Heat|100/100
|
|upkeep
|turn|2
|
|switch|p2a: Seismitoad|Seismitoad, F|100/100
|move|p1a: Rotom|Will-O-Wisp|p2a: Seismitoad
|-status|p2a: Seismitoad|brn
|
|-damage|p2a: Seismitoad|94/100 brn|[from] brn
|upkeep
|turn|3
|
|switch|p1a: Ferrothorn|Ferrothorn, M|100/100
|move|p2a: Seismitoad|Stealth Rock|p1a: Ferrothorn
|-sidestart|p1: tlord|move: Stealth Rock
|
|-heal|p2a: Seismitoad|100/100 brn|[from] item: Leftovers
|-damage|p2a: Seismitoad|94/100 brn|[from] brn
|upkeep
|turn|4
|
|switch|p2a: Clefable|Clefable, M|100/100
|move|p1a: Ferrothorn|Stealth Rock|p2a: Clefable
|-sidestart|p2: ferromolybdenum|move: Stealth Rock
|
|upkeep
|turn|5
|
|switch|p1a: Toxapex|Toxapex, M|100/100
|-damage|p1a: Toxapex|88/100|[from] Stealth Rock
|move|p2a: Clefable|Teleport|p2a: Clefable
|
|switch|p2a: Kyurem|Kyurem|100/100|[from]move: Teleport
|-damage|p2a: Kyurem|76/100|[from] Stealth Rock
|-ability|p2a: Kyurem|Pressure
|
|-heal|p1a: Toxapex|94/100|[from] item: Black Sludge
|upkeep
|turn|6
|
|switch|p1a: Rotom|Rotom-Heat|100/100
|move|p2a: Kyurem|Freeze-Dry|p1a: Rotom
|-resisted|p1a: Rotom
|-damage|p1a: Rotom|72/100
|
|upkeep
|turn|7
|
|switch|p2a: Seismitoad|Seismitoad, F|94/100 brn
|-damage|p2a: Seismitoad|88/100 brn|[from] Stealth Rock
|switch|p1a: Ferrothorn|Ferrothorn, M|100/100
|-damage|p1a: Ferrothorn|95/100|[from] Stealth Rock
|
|-heal|p2a: Seismitoad|94/100 brn|[from] item: Leftovers
|-heal|p1a: Ferrothorn|100/100|[from] item: Leftovers
|-damage|p2a: Seismitoad|88/100 brn|[from] brn
|upkeep
|turn|8
|j|‽Guest 4020727
|
|switch|p2a: Corviknight|Corviknight, F|100/100
|-damage|p2a: Corviknight|88/100|[from] Stealth Rock
|-ability|p2a: Corviknight|Pressure
|move|p1a: Ferrothorn|Leech Seed|p2a: Corviknight
|-start|p2a: Corviknight|move: Leech Seed
|
|-heal|p2a: Corviknight|94/100|[from] item: Leftovers
|-damage|p2a: Corviknight|82/100|[from] Leech Seed|[of] p1a: Ferrothorn
|upkeep
|turn|9
|
|switch|p1a: Rotom|Rotom-Heat|72/100
|move|p2a: Corviknight|Roost|p2a: Corviknight
|-heal|p2a: Corviknight|100/100
|-singleturn|p2a: Corviknight|move: Roost
|
|-damage|p2a: Corviknight|88/100|[from] Leech Seed|[of] p1a: Rotom
|-heal|p1a: Rotom|88/100|[silent]
|upkeep
|turn|10
|
|switch|p1a: Conkeldurr|Conkeldurr, M|100/100
|-damage|p1a: Conkeldurr|94/100|[from] Stealth Rock
|switch|p2a: Seismitoad|Seismitoad, F|88/100 brn
|-damage|p2a: Seismitoad|82/100 brn|[from] Stealth Rock
|
|-heal|p2a: Seismitoad|88/100 brn|[from] item: Leftovers
|-damage|p2a: Seismitoad|82/100 brn|[from] brn
|-status|p1a: Conkeldurr|brn|[from] item: Flame Orb
|upkeep
|turn|11
|
|move|p2a: Seismitoad|Earth Power|p1a: Conkeldurr
|-damage|p1a: Conkeldurr|60/100 brn
|move|p1a: Conkeldurr|Knock Off|p2a: Seismitoad
|-damage|p2a: Seismitoad|39/100 brn
|-enditem|p2a: Seismitoad|Leftovers|[from] move: Knock Off|[of] p1a: Conkeldurr
|
|-damage|p2a: Seismitoad|33/100 brn|[from] brn
|-damage|p1a: Conkeldurr|54/100 brn|[from] brn
|upkeep
|turn|12
|
|switch|p1a: Hydreigon|Hydreigon, M|100/100
|-damage|p1a: Hydreigon|88/100|[from] Stealth Rock
|move|p2a: Seismitoad|Earth Power|p1a: Hydreigon
|-immune|p1a: Hydreigon|[from] ability: Levitate
|
|-damage|p2a: Seismitoad|27/100 brn|[from] brn
|upkeep
|turn|13
|
|switch|p2a: Clefable|Clefable, M|100/100
|move|p1a: Hydreigon|U-turn|p2a: Clefable
|-resisted|p2a: Clefable
|-damage|p2a: Clefable|92/100
|
|switch|p1a: Toxapex|Toxapex, M|100/100|[from]move: U-turn
|-damage|p1a: Toxapex|88/100|[from] Stealth Rock
|
|-heal|p2a: Clefable|98/100|[from] item: Leftovers
|-heal|p1a: Toxapex|94/100|[from] item: Black Sludge
|upkeep
|turn|14
|
|switch|p1a: Ferrothorn|Ferrothorn, M|100/100
|-damage|p1a: Ferrothorn|95/100|[from] Stealth Rock
|move|p2a: Clefable|Teleport|p2a: Clefable
|
|switch|p2a: Corviknight|Corviknight, F|88/100|[from]move: Teleport
|-damage|p2a: Corviknight|75/100|[from] Stealth Rock
|-ability|p2a: Corviknight|Pressure
|
|-heal|p2a: Corviknight|82/100|[from] item: Leftovers
|-heal|p1a: Ferrothorn|100/100|[from] item: Leftovers
|upkeep
|turn|15
|
|move|p2a: Corviknight|Defog|p1a: Ferrothorn
|-unboost|p1a: Ferrothorn|evasion|1
|-sideend|p1: tlord|Stealth Rock|[from] move: Defog|[of] p2a: Corviknight
|-sideend|p2: ferromolybdenum|Stealth Rock|[from] move: Defog|[of] p2a: Corviknight
|move|p1a: Ferrothorn|Leech Seed|p2a: Corviknight
|-start|p2a: Corviknight|move: Leech Seed
|
|-heal|p2a: Corviknight|88/100|[from] item: Leftovers
|-damage|p2a: Corviknight|75/100|[from] Leech Seed|[of] p1a: Ferrothorn
|upkeep
|turn|16
|
|move|p2a: Corviknight|Body Press|p1a: Ferrothorn
|-supereffective|p1a: Ferrothorn
|-damage|p1a: Ferrothorn|72/100
|-damage|p2a: Corviknight|63/100|[from] ability: Iron Barbs|[of] p1a: Ferrothorn
|move|p1a: Ferrothorn|Thunder Wave|p2a: Corviknight|[miss]
|-miss|p1a: Ferrothorn|p2a: Corviknight
|
|-heal|p2a: Corviknight|69/100|[from] item: Leftovers
|-heal|p1a: Ferrothorn|78/100|[from] item: Leftovers
|-damage|p2a: Corviknight|57/100|[from] Leech Seed|[of] p1a: Ferrothorn
|-heal|p1a: Ferrothorn|92/100|[silent]
|upkeep
|turn|17
|
|move|p2a: Corviknight|Roost|p2a: Corviknight
|-heal|p2a: Corviknight|100/100
|-singleturn|p2a: Corviknight|move: Roost
|move|p1a: Ferrothorn|Thunder Wave|p2a: Corviknight|[miss]
|-miss|p1a: Ferrothorn|p2a: Corviknight
|
|-heal|p1a: Ferrothorn|98/100|[from] item: Leftovers
|-damage|p2a: Corviknight|88/100|[from] Leech Seed|[of] p1a: Ferrothorn
|-heal|p1a: Ferrothorn|100/100|[silent]
|upkeep
|turn|18
|
|switch|p2a: Clefable|Clefable, M|98/100
|move|p1a: Ferrothorn|Stealth Rock|p2a: Clefable
|-sidestart|p2: ferromolybdenum|move: Stealth Rock
|
|-heal|p2a: Clefable|100/100|[from] item: Leftovers
|upkeep
|turn|19
|
|move|p2a: Clefable|Wish|p2a: Clefable
|move|p1a: Ferrothorn|Thunder Wave|p2a: Clefable
|-status|p2a: Clefable|par
|
|upkeep
|turn|20
|
|switch|p1a: Toxapex|Toxapex, M|100/100
|move|p2a: Clefable|Teleport|p2a: Clefable
|
|switch|p2a: Seismitoad|Seismitoad, F|27/100 brn|[from]move: Teleport
|-damage|p2a: Seismitoad|21/100 brn|[from] Stealth Rock
|
|-heal|p2a: Seismitoad|68/100 brn|[from] move: Wish|[wisher] Clefable
|-damage|p2a: Seismitoad|62/100 brn|[from] brn
|upkeep
|turn|21
|
|switch|p2a: Corviknight|Corviknight, F|88/100
|-damage|p2a: Corviknight|75/100|[from] Stealth Rock
|-ability|p2a: Corviknight|Pressure
|move|p1a: Toxapex|Toxic Spikes|p2a: Corviknight
|-sidestart|p2: ferromolybdenum|move: Toxic Spikes
|
|-heal|p2a: Corviknight|82/100|[from] item: Leftovers
|upkeep
|turn|22
|
|move|p2a: Corviknight|Defog|p1a: Toxapex
|-unboost|p1a: Toxapex|evasion|1
|-sideend|p2: ferromolybdenum|Toxic Spikes|[from] move: Defog|[of] p2a: Corviknight
|-sideend|p2: ferromolybdenum|Stealth Rock|[from] move: Defog|[of] p2a: Corviknight
|move|p1a: Toxapex|Scald|p2a: Corviknight
|-damage|p2a: Corviknight|66/100
|
|-heal|p2a: Corviknight|73/100|[from] item: Leftovers
|upkeep
|turn|23
|
|switch|p2a: Seismitoad|Seismitoad, F|62/100 brn
|move|p1a: Toxapex|Toxic Spikes|p2a: Seismitoad
|-sidestart|p2: ferromolybdenum|move: Toxic Spikes
|
|-damage|p2a: Seismitoad|56/100 brn|[from] brn
|upkeep
|turn|24
|
|switch|p2a: Corviknight|Corviknight, F|73/100
|-ability|p2a: Corviknight|Pressure
|switch|p1a: Ferrothorn|Ferrothorn, M|100/100
|
|-heal|p2a: Corviknight|79/100|[from] item: Leftovers
|upkeep
|turn|25
|
|move|p2a: Corviknight|Defog|p1a: Ferrothorn
|-unboost|p1a: Ferrothorn|evasion|1
|-sideend|p2: ferromolybdenum|Toxic Spikes|[from] move: Defog|[of] p2a: Corviknight
|move|p1a: Ferrothorn|Stealth Rock|p2a: Corviknight
|-sidestart|p2: ferromolybdenum|move: Stealth Rock
|
|-heal|p2a: Corviknight|85/100|[from] item: Leftovers
|upkeep
|turn|26
|
|switch|p1a: Rotom|Rotom-Heat|88/100
|move|p2a: Corviknight|Defog|p1a: Rotom
|-unboost|p1a: Rotom|evasion|1
|-sideend|p2: ferromolybdenum|Stealth Rock|[from] move: Defog|[of] p2a: Corviknight
|
|-heal|p2a: Corviknight|91/100|[from] item: Leftovers
|upkeep
|turn|27
|
|switch|p1a: Dragapult|Dragapult, M|100/100
|switch|p2a: Seismitoad|Seismitoad, F|56/100 brn
|
|-damage|p2a: Seismitoad|50/100 brn|[from] brn
|upkeep
|turn|28
|
|switch|p2a: Clefable|Clefable, M|100/100 par
|move|p1a: Dragapult|Hex|p2a: Clefable
|-damage|p2a: Clefable|59/100 par
|
|-heal|p2a: Clefable|65/100 par|[from] item: Leftovers
|upkeep
|turn|29
|
|move|p1a: Dragapult|Hex|p2a: Clefable
|-damage|p2a: Clefable|20/100 par
|cant|p2a: Clefable|par
|
|-heal|p2a: Clefable|26/100 par|[from] item: Leftovers
|upkeep
|turn|30
|
|switch|p2a: Corviknight|Corviknight, F|91/100
|-ability|p2a: Corviknight|Pressure
|move|p1a: Dragapult|Hex|p2a: Corviknight
|-damage|p2a: Corviknight|60/100
|
|-heal|p2a: Corviknight|67/100|[from] item: Leftovers
|upkeep
|turn|31
|
|move|p1a: Dragapult|Will-O-Wisp|p2a: Corviknight
|-status|p2a: Corviknight|brn
|move|p2a: Corviknight|Iron Head|p1a: Dragapult
|-damage|p1a: Dragapult|84/100
|
|-heal|p2a: Corviknight|73/100 brn|[from] item: Leftovers
|-damage|p2a: Corviknight|67/100 brn|[from] brn
|upkeep
|turn|32
|
|move|p1a: Dragapult|Hex|p2a: Corviknight
|-damage|p2a: Corviknight|14/100 brn
|move|p2a: Corviknight|Roost|p2a: Corviknight
|-heal|p2a: Corviknight|64/100 brn
|-singleturn|p2a: Corviknight|move: Roost
|
|-heal|p2a: Corviknight|70/100 brn|[from] item: Leftovers
|-damage|p2a: Corviknight|64/100 brn|[from] brn
|upkeep
|turn|33
|
|switch|p1a: Rotom|Rotom-Heat|88/100
|move|p2a: Corviknight|Roost|p2a: Corviknight
|-heal|p2a: Corviknight|100/100 brn
|-singleturn|p2a: Corviknight|move: Roost
|
|-damage|p2a: Corviknight|94/100 brn|[from] brn
|upkeep
|turn|34
|
|switch|p1a: Hydreigon|Hydreigon, M|88/100
|switch|p2a: Dragapult|Dragapult, M|100/100
|
|upkeep
|turn|35
|
|switch|p1a: Toxapex|Toxapex, M|100/100
|move|p2a: Dragapult|Draco Meteor|p1a: Toxapex
|-damage|p1a: Toxapex|64/100
|-unboost|p2a: Dragapult|spa|2
|
|-heal|p1a: Toxapex|70/100|[from] item: Black Sludge
|upkeep
|turn|36
|-message|ferromolybdenum forfeited.
|
|win|tlord
|l|☆ferromolybdenum
|l|☆tlord
|raw|tlord's rating: 1489 &rarr; <strong>1512</strong><br />(+23 for winning)
|raw|ferromolybdenum's rating: 1547 &rarr; <strong>1524</strong><br />(-23 for losing)
