|j|☆JoJo321
|j|☆Slowkine D-Isl
|player|p1|JoJo321|101|1581
|player|p2|Slowkine D-Isl|50|1550
|teamsize|p1|6
|teamsize|p2|6
|gametype|singles
|gen|8
|tier|[Gen 8] OU
|rated|
|clearpoke
|poke|p1|Kommo-o, M|
|poke|p1|Cloyster, M|
|poke|p1|Conkeldurr, F|
|poke|p1|Cinderace, F|
|poke|p1|Grimmsnarl, M|
|poke|p1|Aegislash, M|
|poke|p2|Obstagoon, M|
|poke|p2|Hatterene, F|
|poke|p2|Dracovish|
|poke|p2|Dugtrio, F|
|poke|p2|Rotom-Heat|
|poke|p2|Eldegoss, F|
|rule|Sleep Clause Mod: Limit one foe put to sleep
|rule|Species Clause: Limit one of each Pokémon
|rule|OHKO Clause: OHKO moves are banned
|rule|Evasion Moves Clause: Evasion moves are banned
|rule|Endless Battle Clause: Forcing endless battles is banned
|rule|HP Percentage Mod: HP is shown in percentages
|rule|Dynamax Clause: You cannot dynamax
|teampreview
|
|start
|switch|p1a: Cinderace|Cinderace, F|100/100
|switch|p2a: Dracovish|Dracovish|100/100
|turn|1
|
|move|p1a: Cinderace|U-turn|p2a: Dracovish
|-damage|p2a: Dracovish|76/100
|
|switch|p1a: Kommo-o|Kommo-o, M|100/100|[from]move: U-turn
|move|p2a: Dracovish|Fishious Rend|p1a: Kommo-o
|-resisted|p1a: Kommo-o
|-damage|p1a: Kommo-o|31/100
|-damage|p2a: Dracovish|66/100|[from] item: Life Orb
|
|upkeep
|turn|2
|
|switch|p2a: Hatterene|Hatterene, F|100/100
|move|p1a: Kommo-o|Flash Cannon|p2a: Hatterene
|-supereffective|p2a: Hatterene
|-damage|p2a: Hatterene|71/100
|
|upkeep
|turn|3
|
|switch|p1a: Aegislash|Aegislash, M|100/100
|move|p2a: Hatterene|Draining Kiss|p1a: Aegislash
|-resisted|p1a: Aegislash
|-damage|p1a: Aegislash|89/100
|-heal|p2a: Hatterene|80/100|[from] drain|[of] p1a: Aegislash
|
|-heal|p1a: Aegislash|96/100|[from] item: Leftovers
|upkeep
|turn|4
|
|switch|p2a: Rotom|Rotom-Heat|100/100
|-formechange|p1a: Aegislash|Aegislash-Blade||[from] ability: Stance Change
|move|p1a: Aegislash|Flash Cannon|p2a: Rotom
|-resisted|p2a: Rotom
|-damage|p2a: Rotom|90/100
|
|-heal|p1a: Aegislash|100/100|[from] item: Leftovers
|upkeep
|turn|5
|
|switch|p1a: Kommo-o|Kommo-o, M|31/100
|move|p2a: Rotom|Volt Switch|p1a: Kommo-o
|-resisted|p1a: Kommo-o
|-damage|p1a: Kommo-o|18/100
|
|switch|p2a: Dugtrio|Dugtrio, F|100/100|[from]move: Volt Switch
|
|upkeep
|turn|6
|
|move|p2a: Dugtrio|Earthquake|p1a: Kommo-o
|-damage|p1a: Kommo-o|0 fnt
|faint|p1a: Kommo-o
|
|upkeep
|
|switch|p1a: Conkeldurr|Conkeldurr, F|100/100
|turn|7
|
|switch|p2a: Hatterene|Hatterene, F|80/100
|move|p1a: Conkeldurr|Drain Punch|p2a: Hatterene
|-resisted|p2a: Hatterene
|-damage|p2a: Hatterene|68/100
|
|-status|p1a: Conkeldurr|brn|[from] item: Flame Orb
|upkeep
|turn|8
|
|switch|p1a: Aegislash|Aegislash, M|100/100
|move|p2a: Hatterene|Draining Kiss|p1a: Aegislash
|-resisted|p1a: Aegislash
|-damage|p1a: Aegislash|90/100
|-heal|p2a: Hatterene|77/100|[from] drain|[of] p1a: Aegislash
|
|-heal|p1a: Aegislash|96/100|[from] item: Leftovers
|upkeep
|turn|9
|
|switch|p2a: Obstagoon|Obstagoon, M|100/100
|-formechange|p1a: Aegislash|Aegislash-Blade||[from] ability: Stance Change
|move|p1a: Aegislash|Shadow Ball|p2a: Obstagoon
|-immune|p2a: Obstagoon
|
|-heal|p1a: Aegislash|100/100|[from] item: Leftovers
|-status|p2a: Obstagoon|brn|[from] item: Flame Orb
|upkeep
|turn|10
|
|-formechange|p1a: Aegislash|Aegislash||[from] ability: Stance Change
|move|p1a: Aegislash|King's Shield|p1a: Aegislash
|-singleturn|p1a: Aegislash|Protect
|move|p2a: Obstagoon|Knock Off|p1a: Aegislash
|-activate|p1a: Aegislash|move: Protect
|-unboost|p2a: Obstagoon|atk|1
|
|-damage|p2a: Obstagoon|94/100 brn|[from] brn
|upkeep
|turn|11
|
|switch|p2a: Eldegoss|Eldegoss, F|100/100
|-formechange|p1a: Aegislash|Aegislash-Blade||[from] ability: Stance Change
|move|p1a: Aegislash|Flash Cannon|p2a: Eldegoss
|-damage|p2a: Eldegoss|56/100
|
|-heal|p2a: Eldegoss|62/100|[from] item: Leftovers
|upkeep
|turn|12
|
|move|p2a: Eldegoss|Leech Seed|p1a: Aegislash|[miss]
|-miss|p2a: Eldegoss|p1a: Aegislash
|move|p1a: Aegislash|Flash Cannon|p2a: Eldegoss
|-damage|p2a: Eldegoss|19/100
|
|-heal|p2a: Eldegoss|25/100|[from] item: Leftovers
|upkeep
|turn|13
|
|move|p2a: Eldegoss|Light Screen|p2a: Eldegoss
|-sidestart|p2: Slowkine D-Isl|move: Light Screen
|move|p1a: Aegislash|Shadow Ball|p2a: Eldegoss
|-damage|p2a: Eldegoss|5/100
|
|-heal|p2a: Eldegoss|11/100|[from] item: Leftovers
|upkeep
|turn|14
|
|switch|p2a: Rotom|Rotom-Heat|90/100
|move|p1a: Aegislash|Shadow Sneak|p2a: Rotom
|-damage|p2a: Rotom|71/100
|
|upkeep
|turn|15
|
|-formechange|p1a: Aegislash|Aegislash||[from] ability: Stance Change
|move|p1a: Aegislash|King's Shield|p1a: Aegislash
|-singleturn|p1a: Aegislash|Protect
|move|p2a: Rotom|Volt Switch|p1a: Aegislash
|-activate|p1a: Aegislash|move: Protect
|
|upkeep
|turn|16
|
|switch|p1a: Cinderace|Cinderace, F|100/100
|move|p2a: Rotom|Overheat|p1a: Cinderace
|-resisted|p1a: Cinderace
|-damage|p1a: Cinderace|67/100
|-unboost|p2a: Rotom|spa|2
|
|upkeep
|turn|17
|
|move|p1a: Cinderace|Gunk Shot|p2a: Rotom
|-damage|p2a: Rotom|32/100
|-status|p2a: Rotom|psn
|move|p2a: Rotom|Volt Switch|p1a: Cinderace
|-damage|p1a: Cinderace|48/100
|
|switch|p2a: Dugtrio|Dugtrio, F|100/100|[from]move: Volt Switch
|
|-sideend|p2: Slowkine D-Isl|move: Light Screen
|upkeep
|turn|18
|
|move|p2a: Dugtrio|Stealth Rock|p1a: Cinderace
|-sidestart|p1: JoJo321|move: Stealth Rock
|move|p1a: Cinderace|U-turn|p2a: Dugtrio
|-damage|p2a: Dugtrio|39/100
|
|switch|p1a: Conkeldurr|Conkeldurr, F|100/100 brn|[from]move: U-turn
|-damage|p1a: Conkeldurr|94/100 brn|[from] Stealth Rock
|
|-damage|p1a: Conkeldurr|88/100 brn|[from] brn
|upkeep
|turn|19
|
|switch|p2a: Rotom|Rotom-Heat|32/100 psn
|move|p1a: Conkeldurr|Drain Punch|p2a: Rotom
|-damage|p2a: Rotom|0 fnt
|-heal|p1a: Conkeldurr|99/100 brn|[from] drain|[of] p2a: Rotom
|faint|p2a: Rotom
|
|-damage|p1a: Conkeldurr|94/100 brn|[from] brn
|upkeep
|
|switch|p2a: Dracovish|Dracovish|66/100
|turn|20
|
|switch|p1a: Grimmsnarl|Grimmsnarl, M|100/100
|-damage|p1a: Grimmsnarl|88/100|[from] Stealth Rock
|move|p2a: Dracovish|Fishious Rend|p1a: Grimmsnarl
|-damage|p1a: Grimmsnarl|0 fnt
|-damage|p2a: Dracovish|56/100|[from] item: Life Orb
|faint|p1a: Grimmsnarl
|
|upkeep
|
|switch|p1a: Cinderace|Cinderace, F|48/100
|turn|21
|
|switch|p2a: Hatterene|Hatterene, F|77/100
|move|p1a: Cinderace|Court Change|p1a: Cinderace
|-sideend|p1: JoJo321|Stealth Rock|[silent]
|-sidestart|p2: Slowkine D-Isl|Stealth Rock|[silent]
|-activate|p1a: Cinderace|move: Court Change
|
|upkeep
|turn|22
|
|move|p1a: Cinderace|Pyro Ball|p2a: Hatterene
|-damage|p2a: Hatterene|18/100
|-status|p2a: Hatterene|brn
|move|p2a: Hatterene|Psyshock|p1a: Cinderace
|-damage|p1a: Cinderace|0 fnt
|faint|p1a: Cinderace
|
|-damage|p2a: Hatterene|12/100 brn|[from] brn
|upkeep
|
|switch|p1a: Conkeldurr|Conkeldurr, F|94/100 brn
|turn|23
|
|move|p1a: Conkeldurr|Earthquake|p2a: Hatterene
|-damage|p2a: Hatterene|0 fnt
|faint|p2a: Hatterene
|
|-damage|p1a: Conkeldurr|88/100 brn|[from] brn
|upkeep
|
|switch|p2a: Dracovish|Dracovish|56/100
|-damage|p2a: Dracovish|43/100|[from] Stealth Rock
|turn|24
|
|move|p1a: Conkeldurr|Mach Punch|p2a: Dracovish
|-damage|p2a: Dracovish|5/100
|move|p2a: Dracovish|Fishious Rend|p1a: Conkeldurr
|-damage|p1a: Conkeldurr|21/100 brn
|-damage|p2a: Dracovish|0 fnt|[from] item: Life Orb
|faint|p2a: Dracovish
|
|-damage|p1a: Conkeldurr|15/100 brn|[from] brn
|upkeep
|
|switch|p2a: Eldegoss|Eldegoss, F|44/100
|-damage|p2a: Eldegoss|32/100|[from] Stealth Rock
|turn|25
|
|move|p1a: Conkeldurr|Mach Punch|p2a: Eldegoss
|-damage|p2a: Eldegoss|4/100
|move|p2a: Eldegoss|Giga Drain|p1a: Conkeldurr
|-damage|p1a: Conkeldurr|0 fnt
|-heal|p2a: Eldegoss|13/100|[from] drain|[of] p1a: Conkeldurr
|faint|p1a: Conkeldurr
|
|-heal|p2a: Eldegoss|19/100|[from] item: Leftovers
|upkeep
|
|switch|p1a: Cloyster|Cloyster, M|100/100
|turn|26
|
|move|p1a: Cloyster|Ice Shard|p2a: Eldegoss
|-supereffective|p2a: Eldegoss
|-damage|p2a: Eldegoss|0 fnt
|faint|p2a: Eldegoss
|
|upkeep
|
|switch|p2a: Obstagoon|Obstagoon, M|94/100 brn
|-damage|p2a: Obstagoon|82/100 brn|[from] Stealth Rock
|turn|27
|
|move|p2a: Obstagoon|Facade|p1a: Cloyster
|-damage|p1a: Cloyster|24/100
|move|p1a: Cloyster|Shell Smash|p1a: Cloyster
|-unboost|p1a: Cloyster|def|1
|-unboost|p1a: Cloyster|spd|1
|-boost|p1a: Cloyster|atk|2
|-boost|p1a: Cloyster|spa|2
|-boost|p1a: Cloyster|spe|2
|
|-damage|p2a: Obstagoon|76/100 brn|[from] brn
|upkeep
|turn|28
|
|move|p1a: Cloyster|Icicle Spear|p2a: Obstagoon
|-damage|p2a: Obstagoon|53/100 brn
|-damage|p2a: Obstagoon|33/100 brn
|-damage|p2a: Obstagoon|12/100 brn
|-damage|p2a: Obstagoon|0 fnt
|-hitcount|p2a: Obstagoon|4
|faint|p2a: Obstagoon
|
|upkeep
|
|switch|p2a: Dugtrio|Dugtrio, F|39/100
|-damage|p2a: Dugtrio|33/100|[from] Stealth Rock
|turn|29
|
|move|p1a: Cloyster|Ice Shard|p2a: Dugtrio
|-supereffective|p2a: Dugtrio
|-damage|p2a: Dugtrio|0 fnt
|faint|p2a: Dugtrio
|
|win|JoJo321
|l|☆JoJo321
|l|☆Slowkine D-Isl
||Ladder (probably) updated, but score could not be retrieved (Response not received).
