|j|☆FENDINI
|j|☆Password is love
|t:|1650210174
|gametype|singles
|player|p1|FENDINI|n|1686
|player|p2|Password is love|swimmer-gen4|1669
|teamsize|p1|6
|teamsize|p2|6
|gen|8
|tier|[Gen 8] OU
|rated|
|rule|Sleep Clause Mod: Limit one foe put to sleep
|rule|Species Clause: Limit one of each Pokémon
|rule|OHKO Clause: OHKO moves are banned
|rule|Evasion Moves Clause: Evasion moves are banned
|rule|Endless Battle Clause: Forcing endless battles is banned
|rule|HP Percentage Mod: HP is shown in percentages
|rule|Dynamax Clause: You cannot dynamax
|clearpoke
|poke|p1|Weavile, M|
|poke|p1|Garchomp, M|
|poke|p1|Tornadus-Therian, M|
|poke|p1|Clefable, F|
|poke|p1|Rotom-Wash|
|poke|p1|Ferrothorn, M|
|poke|p2|Dragonite, M|
|poke|p2|Tapu Koko|
|poke|p2|Heatran, F|
|poke|p2|Corviknight, F|
|poke|p2|Obstagoon, M|
|poke|p2|Landorus-Therian, M|
|teampreview
|inactive|Battle timer is ON: inactive players will automatically lose when time's up. (requested by FENDINI)
|
|t:|1650210183
|start
|switch|p1a: Garchomp|Garchomp, M|100/100
|switch|p2a: Heatran|Heatran, F|100/100
|turn|1
|j| Silver2030
|
|t:|1650210186
|switch|p2a: Corviknight|Corviknight, F|100/100
|-ability|p2a: Corviknight|Pressure
|move|p1a: Garchomp|Stealth Rock|p2a: Corviknight
|-sidestart|p2: Password is love|move: Stealth Rock
|
|upkeep
|turn|2
|
|t:|1650210190
|move|p1a: Garchomp|Swords Dance|p1a: Garchomp
|-boost|p1a: Garchomp|atk|2
|move|p2a: Corviknight|U-turn|p1a: Garchomp
|-damage|p1a: Garchomp|86/100
|-damage|p2a: Corviknight|88/100|[from] ability: Rough Skin|[of] p1a: Garchomp
|
|t:|1650210192
|switch|p2a: Landorus|Landorus-Therian, M|100/100|[from]move: U-turn
|-damage|p2a: Landorus|88/100|[from] Stealth Rock
|-ability|p2a: Landorus|Intimidate|boost
|-unboost|p1a: Garchomp|atk|1
|
|-heal|p1a: Garchomp|92/100|[from] item: Leftovers
|upkeep
|turn|3
|
|t:|1650210197
|move|p2a: Landorus|Earthquake|p1a: Garchomp
|-damage|p1a: Garchomp|33/100
|move|p1a: Garchomp|Stone Edge|p2a: Landorus|[miss]
|-miss|p1a: Garchomp|p2a: Landorus
|
|-heal|p1a: Garchomp|39/100|[from] item: Leftovers
|upkeep
|turn|4
|
|t:|1650210203
|switch|p1a: Rotom|Rotom-Wash|100/100
|move|p2a: Landorus|Earthquake|p1a: Rotom
|-immune|p1a: Rotom|[from] ability: Levitate
|
|upkeep
|turn|5
|
|t:|1650210209
|switch|p2a: Tapu Koko|Tapu Koko|100/100
|-fieldstart|move: Electric Terrain|[from] ability: Electric Surge|[of] p2a: Tapu Koko
|move|p1a: Rotom|Volt Switch|p2a: Tapu Koko
|-resisted|p2a: Tapu Koko
|-damage|p2a: Tapu Koko|83/100
|
|t:|1650210212
|switch|p1a: Ferrothorn|Ferrothorn, M|100/100|[from]move: Volt Switch
|
|upkeep
|turn|6
|
|t:|1650210219
|move|p2a: Tapu Koko|Volt Switch|p1a: Ferrothorn
|-resisted|p1a: Ferrothorn
|-crit|p1a: Ferrothorn
|-damage|p1a: Ferrothorn|78/100
|
|t:|1650210223
|switch|p2a: Heatran|Heatran, F|100/100|[from]move: Volt Switch
|-damage|p2a: Heatran|88/100|[from] Stealth Rock
|move|p1a: Ferrothorn|Knock Off|p2a: Heatran
|-damage|p2a: Heatran|69/100
|-enditem|p2a: Heatran|Leftovers|[from] move: Knock Off|[of] p1a: Ferrothorn
|
|-heal|p1a: Ferrothorn|84/100|[from] item: Leftovers
|upkeep
|turn|7
|
|t:|1650210237
|switch|p1a: Rotom|Rotom-Wash|100/100
|move|p2a: Heatran|Stealth Rock|p1a: Rotom
|-sidestart|p1: FENDINI|move: Stealth Rock
|
|upkeep
|turn|8
|
|t:|1650210240
|move|p2a: Heatran|Protect|p2a: Heatran
|-singleturn|p2a: Heatran|Protect
|move|p1a: Rotom|Hydro Pump|p2a: Heatran
|-activate|p2a: Heatran|move: Protect
|
|upkeep
|turn|9
|
|t:|1650210245
|switch|p2a: Dragonite|Dragonite, M|100/100
|move|p1a: Rotom|Thunder Wave|p2a: Dragonite
|-status|p2a: Dragonite|par
|
|-fieldend|move: Electric Terrain
|upkeep
|turn|10
|
|t:|1650210251
|switch|p2a: Tapu Koko|Tapu Koko|83/100
|-fieldstart|move: Electric Terrain|[from] ability: Electric Surge|[of] p2a: Tapu Koko
|move|p1a: Rotom|Volt Switch|p2a: Tapu Koko
|-resisted|p2a: Tapu Koko
|-damage|p2a: Tapu Koko|64/100
|
|t:|1650210254
|switch|p1a: Ferrothorn|Ferrothorn, M|84/100|[from]move: Volt Switch
|-damage|p1a: Ferrothorn|78/100|[from] Stealth Rock
|
|-heal|p1a: Ferrothorn|84/100|[from] item: Leftovers
|upkeep
|turn|11
|
|t:|1650210263
|move|p2a: Tapu Koko|Roost|p2a: Tapu Koko
|-heal|p2a: Tapu Koko|100/100
|-singleturn|p2a: Tapu Koko|move: Roost
|move|p1a: Ferrothorn|Spikes|p2a: Tapu Koko
|-sidestart|p2: Password is love|Spikes
|
|-heal|p1a: Ferrothorn|90/100|[from] item: Leftovers
|upkeep
|turn|12
|
|t:|1650210274
|move|p2a: Tapu Koko|Volt Switch|p1a: Ferrothorn
|-resisted|p1a: Ferrothorn
|-damage|p1a: Ferrothorn|74/100
|
|t:|1650210277
|switch|p2a: Corviknight|Corviknight, F|88/100|[from]move: Volt Switch
|-damage|p2a: Corviknight|76/100|[from] Stealth Rock
|-ability|p2a: Corviknight|Pressure
|move|p1a: Ferrothorn|Knock Off|p2a: Corviknight
|-crit|p2a: Corviknight
|-damage|p2a: Corviknight|56/100
|-damage|p1a: Ferrothorn|57/100|[from] item: Rocky Helmet|[of] p2a: Corviknight
|-enditem|p2a: Corviknight|Rocky Helmet|[from] move: Knock Off|[of] p1a: Ferrothorn
|
|-heal|p1a: Ferrothorn|63/100|[from] item: Leftovers
|upkeep
|turn|13
|
|t:|1650210288
|switch|p1a: Rotom|Rotom-Wash|100/100
|-damage|p1a: Rotom|88/100|[from] Stealth Rock
|move|p2a: Corviknight|U-turn|p1a: Rotom
|-crit|p1a: Rotom
|-damage|p1a: Rotom|67/100
|
|t:|1650210292
|switch|p2a: Obstagoon|Obstagoon, M|100/100|[from]move: U-turn
|-damage|p2a: Obstagoon|88/100|[from] Stealth Rock
|-damage|p2a: Obstagoon|76/100|[from] Spikes
|
|-heal|p1a: Rotom|73/100|[from] item: Leftovers
|-status|p2a: Obstagoon|brn|[from] item: Flame Orb
|upkeep
|turn|14
|
|t:|1650210306
|switch|p1a: Tornadus|Tornadus-Therian, M|100/100
|move|p2a: Obstagoon|Knock Off|p1a: Tornadus
|-damage|p1a: Tornadus|35/100
|-enditem|p1a: Tornadus|Heavy-Duty Boots|[from] move: Knock Off|[of] p2a: Obstagoon
|
|-damage|p2a: Obstagoon|70/100 brn|[from] brn
|-fieldend|move: Electric Terrain
|upkeep
|turn|15
|
|t:|1650210313
|switch|p2a: Corviknight|Corviknight, F|56/100
|-damage|p2a: Corviknight|44/100|[from] Stealth Rock
|-ability|p2a: Corviknight|Pressure
|move|p1a: Tornadus|Hurricane|p2a: Corviknight
|-resisted|p2a: Corviknight
|-damage|p2a: Corviknight|23/100
|-start|p2a: Corviknight|confusion
|
|upkeep
|turn|16
|
|t:|1650210317
|move|p1a: Tornadus|Taunt|p2a: Corviknight
|-start|p2a: Corviknight|move: Taunt
|cant|p2a: Corviknight|move: Taunt|Roost
|
|upkeep
|turn|17
|
|t:|1650210335
|switch|p1a: Garchomp|Garchomp, M|39/100
|-damage|p1a: Garchomp|33/100|[from] Stealth Rock
|-activate|p2a: Corviknight|confusion
|move|p2a: Corviknight|U-turn|p1a: Garchomp
|-damage|p1a: Garchomp|19/100
|-damage|p2a: Corviknight|11/100|[from] ability: Rough Skin|[of] p1a: Garchomp
|
|t:|1650210340
|switch|p2a: Tapu Koko|Tapu Koko|100/100|[from]move: U-turn
|-fieldstart|move: Electric Terrain|[from] ability: Electric Surge|[of] p2a: Tapu Koko
|
|-heal|p1a: Garchomp|25/100|[from] item: Leftovers
|upkeep
|turn|18
|
|t:|1650210351
|switch|p1a: Ferrothorn|Ferrothorn, M|63/100
|-damage|p1a: Ferrothorn|57/100|[from] Stealth Rock
|move|p2a: Tapu Koko|Dazzling Gleam|p1a: Ferrothorn
|-resisted|p1a: Ferrothorn
|-damage|p1a: Ferrothorn|44/100
|
|-heal|p1a: Ferrothorn|50/100|[from] item: Leftovers
|upkeep
|turn|19
|
|t:|1650210353
|move|p2a: Tapu Koko|Volt Switch|p1a: Ferrothorn
|-resisted|p1a: Ferrothorn
|-damage|p1a: Ferrothorn|32/100
|
|t:|1650210356
|switch|p2a: Heatran|Heatran, F|69/100|[from]move: Volt Switch
|-damage|p2a: Heatran|56/100|[from] Stealth Rock
|-damage|p2a: Heatran|44/100|[from] Spikes
|move|p1a: Ferrothorn|Leech Seed|p2a: Heatran
|-start|p2a: Heatran|move: Leech Seed
|
|-heal|p1a: Ferrothorn|38/100|[from] item: Leftovers
|-damage|p2a: Heatran|31/100|[from] Leech Seed|[of] p1a: Ferrothorn
|-heal|p1a: Ferrothorn|52/100|[silent]
|upkeep
|turn|20
|
|t:|1650210365
|switch|p1a: Rotom|Rotom-Wash|73/100
|-damage|p1a: Rotom|61/100|[from] Stealth Rock
|move|p2a: Heatran|Magma Storm|p1a: Rotom
|-resisted|p1a: Rotom
|-damage|p1a: Rotom|41/100
|-activate|p1a: Rotom|move: Magma Storm|[of] p2a: Heatran
|
|-heal|p1a: Rotom|47/100|[from] item: Leftovers
|-damage|p2a: Heatran|19/100|[from] Leech Seed|[of] p1a: Rotom
|-heal|p1a: Rotom|63/100|[silent]
|-damage|p1a: Rotom|51/100|[from] move: Magma Storm|[partiallytrapped]
|upkeep
|turn|21
|
|t:|1650210371
|switch|p2a: Landorus|Landorus-Therian, M|88/100
|-damage|p2a: Landorus|76/100|[from] Stealth Rock
|-ability|p2a: Landorus|Intimidate|boost
|-unboost|p1a: Rotom|atk|1
|move|p1a: Rotom|Hydro Pump|p2a: Landorus
|-supereffective|p2a: Landorus
|-crit|p2a: Landorus
|-damage|p2a: Landorus|0 fnt
|faint|p2a: Landorus
|
|-heal|p1a: Rotom|57/100|[from] item: Leftovers
|-end|p1a: Rotom|Magma Storm|[partiallytrapped]|[silent]
|-fieldend|move: Electric Terrain
|upkeep
|
|t:|1650210373
|switch|p2a: Tapu Koko|Tapu Koko|100/100
|-fieldstart|move: Electric Terrain|[from] ability: Electric Surge|[of] p2a: Tapu Koko
|turn|22
|
|t:|1650210376
|move|p2a: Tapu Koko|Dazzling Gleam|p1a: Rotom
|-damage|p1a: Rotom|29/100
|move|p1a: Rotom|Pain Split|p2a: Tapu Koko
|-sethp|p2a: Tapu Koko|66/100|[from] move: Pain Split|[silent]
|-sethp|p1a: Rotom|61/100|[from] move: Pain Split
|
|-heal|p1a: Rotom|67/100|[from] item: Leftovers
|upkeep
|turn|23
|-message|Password is love forfeited.
|
|win|FENDINI
|raw|FENDINI's rating: 1686 &rarr; <strong>1705</strong><br />(+19 for winning)
|raw|Password is love's rating: 1669 &rarr; <strong>1650</strong><br />(-19 for losing)
|l|☆Password is love
