|j|☆corvax12
|j|☆El Stefano
|t:|1653543263
|gametype|singles
|player|p1|corvax12|fisherman-gen4|1358
|player|p2|El Stefano|102|1419
|teamsize|p1|6
|teamsize|p2|6
|gen|8
|tier|[Gen 8] OU
|rated|
|rule|Sleep Clause Mod: Limit one foe put to sleep
|rule|Species Clause: Limit one of each Pokémon
|rule|OHKO Clause: OHKO moves are banned
|rule|Evasion Moves Clause: Evasion moves are banned
|rule|Endless Battle Clause: Forcing endless battles is banned
|rule|HP Percentage Mod: HP is shown in percentages
|rule|Dynamax Clause: You cannot dynamax
|clearpoke
|poke|p1|Blacephalon|
|poke|p1|Nihilego|
|poke|p1|Kartana|
|poke|p1|Volcarona, F|
|poke|p1|Buzzwole|
|poke|p1|Melmetal|
|poke|p2|Reuniclus, M|
|poke|p2|Toxapex, F|
|poke|p2|Landorus-Therian, M|
|poke|p2|Aegislash, F|
|poke|p2|Zapdos-Galar|
|poke|p2|Heatran, M|
|teampreview
|inactive|Battle timer is ON: inactive players will automatically lose when time's up. (requested by corvax12)
|
|t:|1653543269
|start
|switch|p1a: Nihilego|Nihilego|100/100
|switch|p2a: Aegislash|Aegislash, F|100/100
|turn|1
|
|t:|1653543278
|move|p1a: Nihilego|Meteor Beam||[still]
|-prepare|p1a: Nihilego|Meteor Beam
|-boost|p1a: Nihilego|spa|1
|-enditem|p1a: Nihilego|Power Herb
|-anim|p1a: Nihilego|Meteor Beam|p2a: Aegislash
|-resisted|p2a: Aegislash
|-crit|p2a: Aegislash
|-damage|p2a: Aegislash|48/100
|-formechange|p2a: Aegislash|Aegislash-Blade||[from] ability: Stance Change
|move|p2a: Aegislash|Shadow Ball|p1a: Nihilego
|-damage|p1a: Nihilego|67/100
|-unboost|p1a: Nihilego|spd|1
|
|-heal|p2a: Aegislash|54/100|[from] item: Leftovers
|upkeep
|turn|2
|
|t:|1653543285
|-formechange|p2a: Aegislash|Aegislash||[from] ability: Stance Change
|move|p2a: Aegislash|King's Shield|p2a: Aegislash
|-singleturn|p2a: Aegislash|Protect
|move|p1a: Nihilego|Meteor Beam||[still]
|-prepare|p1a: Nihilego|Meteor Beam
|-boost|p1a: Nihilego|spa|1
|
|-heal|p2a: Aegislash|60/100|[from] item: Leftovers
|upkeep
|turn|3
|
|t:|1653543296
|move|p2a: Aegislash|King's Shield|p2a: Aegislash
|-singleturn|p2a: Aegislash|Protect
|move|p1a: Nihilego|Meteor Beam|p2a: Aegislash|[from]lockedmove
|-activate|p2a: Aegislash|move: Protect
|
|-heal|p2a: Aegislash|66/100|[from] item: Leftovers
|upkeep
|turn|4
|
|t:|1653543303
|move|p1a: Nihilego|Psyshock|p2a: Aegislash
|-resisted|p2a: Aegislash
|-damage|p2a: Aegislash|44/100
|-formechange|p2a: Aegislash|Aegislash-Blade||[from] ability: Stance Change
|move|p2a: Aegislash|Shadow Ball|p1a: Nihilego
|-damage|p1a: Nihilego|16/100
|
|-heal|p2a: Aegislash|50/100|[from] item: Leftovers
|upkeep
|turn|5
|
|t:|1653543308
|-formechange|p2a: Aegislash|Aegislash||[from] ability: Stance Change
|move|p2a: Aegislash|King's Shield|p2a: Aegislash
|-singleturn|p2a: Aegislash|Protect
|move|p1a: Nihilego|Meteor Beam||[still]
|-prepare|p1a: Nihilego|Meteor Beam
|-boost|p1a: Nihilego|spa|1
|
|-heal|p2a: Aegislash|56/100|[from] item: Leftovers
|upkeep
|turn|6
|
|t:|1653543316
|move|p2a: Aegislash|King's Shield||[still]
|-fail|p2a: Aegislash
|move|p1a: Nihilego|Meteor Beam|p2a: Aegislash|[from]lockedmove
|-resisted|p2a: Aegislash
|-crit|p2a: Aegislash
|-damage|p2a: Aegislash|0 fnt
|faint|p2a: Aegislash
|-ability|p1a: Nihilego|Beast Boost|boost
|-boost|p1a: Nihilego|spe|1
|
|upkeep
|
|t:|1653543320
|switch|p2a: Zapdos|Zapdos-Galar|100/100
|turn|7
|
|t:|1653543325
|move|p1a: Nihilego|Psyshock|p2a: Zapdos
|-supereffective|p2a: Zapdos
|-damage|p2a: Zapdos|0 fnt
|faint|p2a: Zapdos
|-ability|p1a: Nihilego|Beast Boost|boost
|-boost|p1a: Nihilego|spe|1
|
|upkeep
|-message|El Stefano forfeited.
|
|win|corvax12
|raw|corvax12's rating: 1358 &rarr; <strong>1381</strong><br />(+23 for winning)
|raw|El Stefano's rating: 1419 &rarr; <strong>1396</strong><br />(-23 for losing)
|l|☆El Stefano
