|j|☆Seigneur-Fou
|j|‽minimax_ai
|t:|1668175726
|gametype|singles
|player|p1|Seigneur-Fou|266|1643
|player|p2|minimax_ai|265|1561
|teamsize|p1|6
|teamsize|p2|6
|gen|8
|tier|[Gen 8] OU
|rated|
|rule|Sleep Clause Mod: Limit one foe put to sleep
|rule|Species Clause: Limit one of each Pokémon
|rule|OHKO Clause: OHKO moves are banned
|rule|Evasion Items Clause: Evasion items are banned
|rule|Evasion Moves Clause: Evasion moves are banned
|rule|Endless Battle Clause: Forcing endless battles is banned
|rule|HP Percentage Mod: HP is shown in percentages
|rule|Dynamax Clause: You cannot dynamax
|clearpoke
|poke|p1|Garchomp, F|
|poke|p1|Clefable, M|
|poke|p1|Aegislash, F|
|poke|p1|Slowking-Galar, M|
|poke|p1|Melmetal|
|poke|p1|Heatran, F|
|poke|p2|Rotom-Wash|
|poke|p2|Weavile, F|
|poke|p2|Landorus-Therian, M|
|poke|p2|Heatran, M|
|poke|p2|Tangrowth, M|
|poke|p2|Melmetal|
|teampreview
|inactive|Battle timer is ON: inactive players will automatically lose when time's up. (requested by Seigneur-Fou)
|inactive|minimax_ai also wants the timer to be on.
|
|t:|1668175731
|start
|switch|p1a: Garchomp|Garchomp, F|100/100
|switch|p2a: Melmetal|Melmetal|100/100
|turn|1
|
|t:|1668175736
|move|p1a: Garchomp|Stealth Rock|p2a: Melmetal
|-sidestart|p2: minimax_ai|move: Stealth Rock
|move|p2a: Melmetal|Double Iron Bash|p1a: Garchomp
|-damage|p1a: Garchomp|74/100
|-damage|p2a: Melmetal|88/100|[from] ability: Rough Skin|[of] p1a: Garchomp
|-damage|p2a: Melmetal|71/100|[from] item: Rocky Helmet|[of] p1a: Garchomp
|-damage|p1a: Garchomp|50/100
|-damage|p2a: Melmetal|59/100|[from] ability: Rough Skin|[of] p1a: Garchomp
|-damage|p2a: Melmetal|42/100|[from] item: Rocky Helmet|[of] p1a: Garchomp
|-hitcount|p1a: Garchomp|2
|
|upkeep
|turn|2
|
|t:|1668175748
|switch|p2a: Landorus|Landorus-Therian, M|100/100
|-damage|p2a: Landorus|88/100|[from] Stealth Rock
|-ability|p2a: Landorus|Intimidate|boost
|-unboost|p1a: Garchomp|atk|1
|move|p1a: Garchomp|Toxic|p2a: Landorus
|-status|p2a: Landorus|tox
|
|-heal|p2a: Landorus|94/100 tox|[from] item: Leftovers
|-damage|p2a: Landorus|88/100 tox|[from] psn
|upkeep
|turn|3
|
|t:|1668175762
|switch|p1a: Clefable|Clefable, M|100/100
|move|p2a: Landorus|Defog|p1a: Clefable
|-unboost|p1a: Clefable|evasion|1
|-sideend|p2: minimax_ai|Stealth Rock|[from] move: Defog|[of] p2a: Landorus
|
|-heal|p2a: Landorus|94/100 tox|[from] item: Leftovers
|-damage|p2a: Landorus|82/100 tox|[from] psn
|upkeep
|turn|4
|
|t:|1668175770
|move|p2a: Landorus|Defog|p1a: Clefable
|-unboost|p1a: Clefable|evasion|1
|move|p1a: Clefable|Wish|p1a: Clefable
|
|-heal|p2a: Landorus|88/100 tox|[from] item: Leftovers
|-damage|p2a: Landorus|70/100 tox|[from] psn
|upkeep
|turn|5
|
|t:|1668175776
|switch|p2a: Heatran|Heatran, M|100/100
|-item|p2a: Heatran|Air Balloon
|switch|p1a: Garchomp|Garchomp, F|50/100
|
|-heal|p1a: Garchomp|97/100|[from] move: Wish|[wisher] Clefable
|upkeep
|turn|6
|
|t:|1668175785
|move|p2a: Heatran|Stealth Rock|p1a: Garchomp
|-sidestart|p1: Seigneur-Fou|move: Stealth Rock
|move|p1a: Garchomp|Stealth Rock|p2a: Heatran
|-sidestart|p2: minimax_ai|move: Stealth Rock
|
|upkeep
|turn|7
|
|t:|1668175790
|move|p2a: Heatran|Magma Storm|p1a: Garchomp|[miss]
|-miss|p2a: Heatran|p1a: Garchomp
|move|p1a: Garchomp|Dragon Tail|p2a: Heatran
|-resisted|p2a: Heatran
|-damage|p2a: Heatran|88/100
|-enditem|p2a: Heatran|Air Balloon
|drag|p2a: Tangrowth|Tangrowth, M|100/100
|-damage|p2a: Tangrowth|88/100|[from] Stealth Rock
|
|upkeep
|turn|8
|
|t:|1668175809
|move|p1a: Garchomp|Toxic|p2a: Tangrowth
|-status|p2a: Tangrowth|tox
|move|p2a: Tangrowth|Giga Drain|p1a: Garchomp
|-damage|p1a: Garchomp|71/100
|-heal|p2a: Tangrowth|100/100 tox|[from] drain|[of] p1a: Garchomp
|
|-damage|p2a: Tangrowth|94/100 tox|[from] psn
|upkeep
|turn|9
|
|t:|1668175818
|switch|p1a: Slowking|Slowking-Galar, M|100/100
|-damage|p1a: Slowking|88/100|[from] Stealth Rock
|move|p2a: Tangrowth|Sleep Powder|p1a: Slowking|[miss]
|-miss|p2a: Tangrowth|p1a: Slowking
|
|-damage|p2a: Tangrowth|82/100 tox|[from] psn
|upkeep
|turn|10
|
|t:|1668175826
|switch|p2a: Melmetal|Melmetal|42/100
|-damage|p2a: Melmetal|36/100|[from] Stealth Rock
|move|p1a: Slowking|Future Sight|p2a: Melmetal
|-start|p1a: Slowking|move: Future Sight
|
|upkeep
|turn|11
|
|t:|1668175833
|switch|p2a: Landorus|Landorus-Therian, M|70/100 tox
|-damage|p2a: Landorus|58/100 tox|[from] Stealth Rock
|-ability|p2a: Landorus|Intimidate|boost
|-unboost|p1a: Slowking|atk|1
|switch|p1a: Garchomp|Garchomp, F|71/100
|-damage|p1a: Garchomp|65/100|[from] Stealth Rock
|
|-heal|p2a: Landorus|64/100 tox|[from] item: Leftovers
|-damage|p2a: Landorus|58/100 tox|[from] psn
|upkeep
|turn|12
|
|t:|1668175844
|move|p2a: Landorus|Defog|p1a: Garchomp
|-unboost|p1a: Garchomp|evasion|1
|-sideend|p1: Seigneur-Fou|Stealth Rock|[from] move: Defog|[of] p2a: Landorus
|-sideend|p2: minimax_ai|Stealth Rock|[from] move: Defog|[of] p2a: Landorus
|move|p1a: Garchomp|Dragon Tail|p2a: Landorus
|-damage|p2a: Landorus|34/100 tox
|drag|p2a: Rotom|Rotom-Wash|100/100
|
|-end|p2a: Rotom|move: Future Sight
|-damage|p2a: Rotom|50/100
|-heal|p2a: Rotom|56/100|[from] item: Leftovers
|upkeep
|turn|13
|
|t:|1668175854
|move|p2a: Rotom|Hydro Pump|p1a: Garchomp
|-damage|p1a: Garchomp|23/100
|move|p1a: Garchomp|Toxic|p2a: Rotom
|-status|p2a: Rotom|tox
|
|-heal|p2a: Rotom|62/100 tox|[from] item: Leftovers
|-damage|p2a: Rotom|56/100 tox|[from] psn
|upkeep
|turn|14
|
|t:|1668175861
|switch|p1a: Slowking|Slowking-Galar, M|100/100
|move|p2a: Rotom|Nasty Plot|p2a: Rotom
|-boost|p2a: Rotom|spa|2
|
|-heal|p2a: Rotom|62/100 tox|[from] item: Leftovers
|-damage|p2a: Rotom|50/100 tox|[from] psn
|upkeep
|turn|15
|
|t:|1668175869
|move|p2a: Rotom|Hydro Pump|p1a: Slowking
|-damage|p1a: Slowking|70/100
|move|p1a: Slowking|Sludge Bomb|p2a: Rotom
|-crit|p2a: Rotom
|-damage|p2a: Rotom|0 fnt
|faint|p2a: Rotom
|
|upkeep
|
|t:|1668175869
|switch|p2a: Heatran|Heatran, M|88/100
|turn|16
|
|t:|1668175878
|switch|p1a: Heatran|Heatran, F|100/100
|-item|p1a: Heatran|Air Balloon
|move|p2a: Heatran|Eruption|p1a: Heatran
|-start|p1a: Heatran|ability: Flash Fire
|
|upkeep
|turn|17
|
|t:|1668175891
|move|p2a: Heatran|Magma Storm|p1a: Heatran
|-immune|p1a: Heatran|[from] ability: Flash Fire
|move|p1a: Heatran|Lava Plume|p2a: Heatran
|-start|p2a: Heatran|ability: Flash Fire
|
|upkeep
|turn|18
|
|t:|1668175897
|move|p2a: Heatran|Magma Storm|p1a: Heatran
|-immune|p1a: Heatran|[from] ability: Flash Fire
|move|p1a: Heatran|Earth Power|p2a: Heatran
|-supereffective|p2a: Heatran
|-damage|p2a: Heatran|0 fnt
|faint|p2a: Heatran
|
|upkeep
|
|t:|1668175897
|switch|p2a: Landorus|Landorus-Therian, M|34/100 tox
|-ability|p2a: Landorus|Intimidate|boost
|-unboost|p1a: Heatran|atk|1
|turn|19
|
|t:|1668175907
|move|p1a: Heatran|Lava Plume|p2a: Landorus
|-damage|p2a: Landorus|0 fnt
|faint|p2a: Landorus
|
|upkeep
|
|t:|1668175907
|switch|p2a: Weavile|Weavile, F|100/100
|-ability|p2a: Weavile|Pressure
|turn|20
|
|t:|1668175913
|switch|p2a: Melmetal|Melmetal|36/100
|move|p1a: Heatran|Lava Plume|p2a: Melmetal
|-supereffective|p2a: Melmetal
|-damage|p2a: Melmetal|0 fnt
|faint|p2a: Melmetal
|
|upkeep
|
|t:|1668175913
|switch|p2a: Weavile|Weavile, F|100/100
|-ability|p2a: Weavile|Pressure
|turn|21
|
|t:|1668175922
|move|p2a: Weavile|Low Kick|p1a: Heatran
|-supereffective|p1a: Heatran
|-damage|p1a: Heatran|0 fnt
|-enditem|p1a: Heatran|Air Balloon
|faint|p1a: Heatran
|
|upkeep
|
|t:|1668175929
|switch|p1a: Aegislash|Aegislash, F|100/100
|turn|22
|
|t:|1668175934
|switch|p2a: Tangrowth|Tangrowth, M|100/100 tox
|-formechange|p1a: Aegislash|Aegislash-Blade||[from] ability: Stance Change
|move|p1a: Aegislash|Flash Cannon|p2a: Tangrowth
|-crit|p2a: Tangrowth
|-damage|p2a: Tangrowth|0 fnt
|faint|p2a: Tangrowth
|
|upkeep
|
|t:|1668175935
|switch|p2a: Weavile|Weavile, F|100/100
|-ability|p2a: Weavile|Pressure
|turn|23
|
|t:|1668175946
|move|p2a: Weavile|Knock Off|p1a: Aegislash
|-supereffective|p1a: Aegislash
|-damage|p1a: Aegislash|0 fnt
|-enditem|p1a: Aegislash|Choice Specs|[from] move: Knock Off|[of] p2a: Weavile
|faint|p1a: Aegislash
|
|upkeep
|
|t:|1668175953
|switch|p1a: Melmetal|Melmetal|100/100
|turn|24
|
|t:|1668175955
|move|p2a: Weavile|Knock Off|p1a: Melmetal
|-damage|p1a: Melmetal|61/100
|-enditem|p1a: Melmetal|Choice Band|[from] move: Knock Off|[of] p2a: Weavile
|move|p1a: Melmetal|Double Iron Bash|p2a: Weavile
|-supereffective|p2a: Weavile
|-damage|p2a: Weavile|0 fnt
|faint|p2a: Weavile
|-hitcount|p2: Weavile|1
|
|win|Seigneur-Fou
|raw|Seigneur-Fou's rating: 1643 &rarr; <strong>1658</strong><br />(+15 for winning)
|raw|minimax_ai's rating: 1561 &rarr; <strong>1546</strong><br />(-15 for losing)
