|j|☆ferromolybdenum
|j|☆Banda Calypso
|t:|1620929092
|gametype|singles
|player|p1|ferromolybdenum|101|1539
|player|p2|Banda Calypso|schoolkid-gen4|1583
|teamsize|p1|6
|teamsize|p2|6
|gen|8
|tier|[Gen 8] OU
|rated|
|rule|Sleep Clause Mod: Limit one foe put to sleep
|rule|Species Clause: Limit one of each Pokémon
|rule|OHKO Clause: OHKO moves are banned
|rule|Evasion Moves Clause: Evasion moves are banned
|rule|Endless Battle Clause: Forcing endless battles is banned
|rule|HP Percentage Mod: HP is shown in percentages
|rule|Dynamax Clause: You cannot dynamax
|clearpoke
|poke|p1|Slowking, F|
|poke|p1|Zapdos|
|poke|p1|Heatran, M|
|poke|p1|Rillaboom, F|
|poke|p1|Dragapult, F|
|poke|p1|Urshifu-*, F|
|poke|p2|Dragapult, F|
|poke|p2|Urshifu-*, M|
|poke|p2|Slowking-Galar, M|
|poke|p2|Rillaboom, M|
|poke|p2|Clefable, M|
|poke|p2|Corviknight, M|
|teampreview
|inactive|Battle timer is ON: inactive players will automatically lose when time's up. (requested by ferromolybdenum)
|
|t:|1620929115
|start
|switch|p1a: Dragapult|Dragapult, F|100/100
|switch|p2a: Rillaboom|Rillaboom, M|100/100
|-fieldstart|move: Grassy Terrain|[from] ability: Grassy Surge|[of] p2a: Rillaboom
|turn|1
|
|t:|1620929132
|switch|p2a: Clefable|Clefable, M|100/100
|move|p1a: Dragapult|U-turn|p2a: Clefable
|-resisted|p2a: Clefable
|-damage|p2a: Clefable|94/100
|
|t:|1620929139
|switch|p1a: Heatran|Heatran, M|100/100|[from]move: U-turn
|
|-heal|p2a: Clefable|99/100|[from] Grassy Terrain
|-heal|p2a: Clefable|100/100|[from] item: Leftovers
|upkeep
|turn|2
|
|t:|1620929144
|switch|p2a: Urshifu|Urshifu-Rapid-Strike, M|100/100
|move|p1a: Heatran|Stealth Rock|p2a: Urshifu
|-sidestart|p2: Banda Calypso|move: Stealth Rock
|
|upkeep
|turn|3
|
|t:|1620929159
|switch|p2a: Slowking|Slowking-Galar, M|100/100
|-damage|p2a: Slowking|88/100|[from] Stealth Rock
|switch|p1a: Zapdos|Zapdos|100/100
|
|-heal|p2a: Slowking|94/100|[from] Grassy Terrain
|upkeep
|turn|4
|
|t:|1620929165
|switch|p1a: Slowking|Slowking, F|100/100
|move|p2a: Slowking|Future Sight|p1a: Slowking
|-start|p2a: Slowking|move: Future Sight
|
|-heal|p2a: Slowking|99/100|[from] Grassy Terrain
|upkeep
|turn|5
|
|t:|1620929173
|switch|p2a: Rillaboom|Rillaboom, M|100/100
|-damage|p2a: Rillaboom|88/100|[from] Stealth Rock
|move|p1a: Slowking|Teleport|p1a: Slowking
|
|t:|1620929178
|switch|p1a: Zapdos|Zapdos|100/100|[from]move: Teleport
|
|-heal|p2a: Rillaboom|94/100|[from] Grassy Terrain
|-fieldend|move: Grassy Terrain
|upkeep
|turn|6
|
|t:|1620929186
|switch|p2a: Clefable|Clefable, M|100/100
|move|p1a: Zapdos|Heat Wave|p2a: Clefable
|-damage|p2a: Clefable|74/100
|
|-end|p1a: Zapdos|move: Future Sight
|-crit|p1a: Zapdos
|-damage|p1a: Zapdos|18/100
|-heal|p2a: Clefable|80/100|[from] item: Leftovers
|upkeep
|turn|7
|
|t:|1620929193
|move|p1a: Zapdos|Roost|p1a: Zapdos
|-heal|p1a: Zapdos|68/100
|-singleturn|p1a: Zapdos|move: Roost
|move|p2a: Clefable|Knock Off|p1a: Zapdos
|-damage|p1a: Zapdos|55/100
|-enditem|p1a: Zapdos|Heavy-Duty Boots|[from] move: Knock Off|[of] p2a: Clefable
|
|-heal|p2a: Clefable|87/100|[from] item: Leftovers
|upkeep
|turn|8
|
|t:|1620929196
|move|p1a: Zapdos|Roost|p1a: Zapdos
|-heal|p1a: Zapdos|100/100
|-singleturn|p1a: Zapdos|move: Roost
|move|p2a: Clefable|Stealth Rock|p1a: Zapdos
|-sidestart|p1: ferromolybdenum|move: Stealth Rock
|
|-heal|p2a: Clefable|93/100|[from] item: Leftovers
|upkeep
|turn|9
|
|t:|1620929199
|move|p1a: Zapdos|Defog|p2a: Clefable
|-unboost|p2a: Clefable|evasion|1
|-sideend|p2: Banda Calypso|Stealth Rock|[from] move: Defog|[of] p1a: Zapdos
|-sideend|p1: ferromolybdenum|Stealth Rock|[from] move: Defog|[of] p1a: Zapdos
|move|p2a: Clefable|Knock Off|p1a: Zapdos
|-damage|p1a: Zapdos|93/100
|-status|p2a: Clefable|par|[from] ability: Static|[of] p1a: Zapdos
|
|-heal|p2a: Clefable|99/100 par|[from] item: Leftovers
|upkeep
|turn|10
|
|t:|1620929205
|move|p1a: Zapdos|Discharge|p2a: Clefable
|-damage|p2a: Clefable|69/100 par
|cant|p2a: Clefable|par
|
|-heal|p2a: Clefable|75/100 par|[from] item: Leftovers
|upkeep
|turn|11
|
|t:|1620929210
|move|p1a: Zapdos|Discharge|p2a: Clefable
|-damage|p2a: Clefable|45/100 par
|cant|p2a: Clefable|par
|
|-heal|p2a: Clefable|51/100 par|[from] item: Leftovers
|upkeep
|turn|12
|
|t:|1620929214
|move|p1a: Zapdos|Discharge|p2a: Clefable
|-crit|p2a: Clefable
|-damage|p2a: Clefable|1/100 par
|move|p2a: Clefable|Soft-Boiled|p2a: Clefable
|-heal|p2a: Clefable|51/100 par
|
|-heal|p2a: Clefable|57/100 par|[from] item: Leftovers
|upkeep
|turn|13
|
|t:|1620929220
|move|p1a: Zapdos|Discharge|p2a: Clefable
|-damage|p2a: Clefable|28/100 par
|move|p2a: Clefable|Soft-Boiled|p2a: Clefable
|-heal|p2a: Clefable|78/100 par
|
|-heal|p2a: Clefable|84/100 par|[from] item: Leftovers
|upkeep
|turn|14
|
|t:|1620929225
|switch|p1a: Heatran|Heatran, M|100/100
|cant|p2a: Clefable|par
|
|-heal|p2a: Clefable|90/100 par|[from] item: Leftovers
|upkeep
|turn|15
|
|t:|1620929230
|switch|p2a: Urshifu|Urshifu-Rapid-Strike, M|100/100
|move|p1a: Heatran|Taunt|p2a: Urshifu
|-start|p2a: Urshifu|move: Taunt
|
|upkeep
|turn|16
|
|t:|1620929238
|switch|p2a: Clefable|Clefable, M|90/100 par
|switch|p1a: Zapdos|Zapdos|93/100
|
|-heal|p2a: Clefable|96/100 par|[from] item: Leftovers
|upkeep
|turn|17
|
|t:|1620929246
|move|p1a: Zapdos|Discharge|p2a: Clefable
|-damage|p2a: Clefable|62/100 par
|move|p2a: Clefable|Knock Off|p1a: Zapdos
|-damage|p1a: Zapdos|85/100
|
|-heal|p2a: Clefable|68/100 par|[from] item: Leftovers
|upkeep
|turn|18
|
|t:|1620929251
|move|p1a: Zapdos|Discharge|p2a: Clefable
|-damage|p2a: Clefable|35/100 par
|move|p2a: Clefable|Soft-Boiled|p2a: Clefable
|-heal|p2a: Clefable|85/100 par
|
|-heal|p2a: Clefable|91/100 par|[from] item: Leftovers
|upkeep
|turn|19
|
|t:|1620929255
|switch|p1a: Heatran|Heatran, M|100/100
|move|p2a: Clefable|Stealth Rock|p1a: Heatran
|-sidestart|p1: ferromolybdenum|move: Stealth Rock
|
|-heal|p2a: Clefable|97/100 par|[from] item: Leftovers
|upkeep
|turn|20
|
|t:|1620929262
|move|p1a: Heatran|Stealth Rock|p2a: Clefable
|-sidestart|p2: Banda Calypso|move: Stealth Rock
|cant|p2a: Clefable|par
|
|-heal|p2a: Clefable|100/100 par|[from] item: Leftovers
|upkeep
|turn|21
|
|t:|1620929268
|switch|p2a: Urshifu|Urshifu-Rapid-Strike, M|100/100
|-damage|p2a: Urshifu|94/100|[from] Stealth Rock
|move|p1a: Heatran|Magma Storm|p2a: Urshifu
|-resisted|p2a: Urshifu
|-damage|p2a: Urshifu|60/100
|-activate|p2a: Urshifu|move: Magma Storm|[of] p1a: Heatran
|
|-damage|p2a: Urshifu|48/100|[from] move: Magma Storm|[partiallytrapped]
|upkeep
|turn|22
|
|t:|1620929277
|switch|p1a: Slowking|Slowking, F|100/100
|move|p2a: Urshifu|Bulk Up|p2a: Urshifu
|-boost|p2a: Urshifu|atk|1
|-boost|p2a: Urshifu|def|1
|
|-end|p2a: Urshifu|Magma Storm|[partiallytrapped]|[silent]
|upkeep
|turn|23
|
|t:|1620929282
|move|p2a: Urshifu|Surging Strikes|p1a: Slowking
|-resisted|p1a: Slowking
|-crit|p1a: Slowking
|-damage|p1a: Slowking|86/100
|-resisted|p1a: Slowking
|-crit|p1a: Slowking
|-damage|p1a: Slowking|70/100
|-resisted|p1a: Slowking
|-crit|p1a: Slowking
|-damage|p1a: Slowking|54/100
|-hitcount|p1a: Slowking|3
|move|p1a: Slowking|Future Sight|p2a: Urshifu
|-start|p1a: Slowking|move: Future Sight
|
|upkeep
|turn|24
|
|t:|1620929295
|move|p2a: Urshifu|Surging Strikes|p1a: Slowking
|-resisted|p1a: Slowking
|-crit|p1a: Slowking
|-damage|p1a: Slowking|37/100
|-resisted|p1a: Slowking
|-crit|p1a: Slowking
|-damage|p1a: Slowking|23/100
|-resisted|p1a: Slowking
|-crit|p1a: Slowking
|-damage|p1a: Slowking|6/100
|-hitcount|p1a: Slowking|3
|move|p1a: Slowking|Slack Off|p1a: Slowking
|-heal|p1a: Slowking|56/100
|
|upkeep
|turn|25
|
|t:|1620929302
|switch|p2a: Slowking|Slowking-Galar, M|100/100
|-damage|p2a: Slowking|88/100|[from] Stealth Rock
|move|p1a: Slowking|Slack Off|p1a: Slowking
|-heal|p1a: Slowking|100/100
|
|-end|p2a: Slowking|move: Future Sight
|-damage|p2a: Slowking|70/100
|upkeep
|turn|26
|
|t:|1620929306
|move|p2a: Slowking|Future Sight|p1a: Slowking
|-start|p2a: Slowking|move: Future Sight
|move|p1a: Slowking|Teleport|p1a: Slowking
|
|t:|1620929309
|switch|p1a: Urshifu|Urshifu-Rapid-Strike, F|100/100|[from]move: Teleport
|-damage|p1a: Urshifu|94/100|[from] Stealth Rock
|
|upkeep
|turn|27
|
|t:|1620929316
|switch|p2a: Corviknight|Corviknight, M|100/100
|-damage|p2a: Corviknight|88/100|[from] Stealth Rock
|-ability|p2a: Corviknight|Pressure
|move|p1a: Urshifu|Surging Strikes|p2a: Corviknight
|-crit|p2a: Corviknight
|-damage|p2a: Corviknight|71/100
|-crit|p2a: Corviknight
|-damage|p2a: Corviknight|54/100
|-crit|p2a: Corviknight
|-damage|p2a: Corviknight|38/100
|-hitcount|p2a: Corviknight|3
|
|-heal|p2a: Corviknight|44/100|[from] item: Leftovers
|upkeep
|turn|28
|
|t:|1620929329
|switch|p1a: Slowking|Slowking, F|100/100
|move|p2a: Corviknight|Roost|p2a: Corviknight
|-heal|p2a: Corviknight|94/100
|-singleturn|p2a: Corviknight|move: Roost
|
|-end|p1a: Slowking|move: Future Sight
|-resisted|p1a: Slowking
|-damage|p1a: Slowking|86/100
|-heal|p2a: Corviknight|99/100|[from] item: Leftovers
|upkeep
|turn|29
|
|t:|1620929333
|move|p2a: Corviknight|U-turn|p1a: Slowking
|-supereffective|p1a: Slowking
|-damage|p1a: Slowking|56/100
|
|t:|1620929336
|switch|p2a: Slowking|Slowking-Galar, M|100/100|[from]move: U-turn
|-damage|p2a: Slowking|88/100|[from] Stealth Rock
|move|p1a: Slowking|Teleport|p1a: Slowking
|
|t:|1620929341
|switch|p1a: Urshifu|Urshifu-Rapid-Strike, F|94/100|[from]move: Teleport
|-damage|p1a: Urshifu|88/100|[from] Stealth Rock
|
|upkeep
|turn|30
|
|t:|1620929347
|move|p1a: Urshifu|Surging Strikes|p2a: Slowking
|-crit|p2a: Slowking
|-damage|p2a: Slowking|58/100
|-crit|p2a: Slowking
|-damage|p2a: Slowking|26/100
|-crit|p2a: Slowking
|-damage|p2a: Slowking|0 fnt
|-hitcount|p2a: Slowking|3
|faint|p2a: Slowking
|
|upkeep
|
|t:|1620929354
|switch|p2a: Rillaboom|Rillaboom, M|94/100
|-damage|p2a: Rillaboom|82/100|[from] Stealth Rock
|-fieldstart|move: Grassy Terrain|[from] ability: Grassy Surge|[of] p2a: Rillaboom
|turn|31
|
|t:|1620929358
|switch|p1a: Zapdos|Zapdos|85/100
|-damage|p1a: Zapdos|60/100|[from] Stealth Rock
|move|p2a: Rillaboom|U-turn|p1a: Zapdos
|-resisted|p1a: Zapdos
|-crit|p1a: Zapdos
|-damage|p1a: Zapdos|37/100
|-status|p2a: Rillaboom|par|[from] ability: Static|[of] p1a: Zapdos
|
|t:|1620929362
|switch|p2a: Dragapult|Dragapult, F|100/100|[from]move: U-turn
|-damage|p2a: Dragapult|88/100|[from] Stealth Rock
|
|-heal|p2a: Dragapult|94/100|[from] Grassy Terrain
|-heal|p2a: Dragapult|99/100|[from] item: Leftovers
|upkeep
|turn|32
|
|t:|1620929366
|switch|p1a: Heatran|Heatran, M|100/100
|-damage|p1a: Heatran|88/100|[from] Stealth Rock
|move|p2a: Dragapult|Substitute|p2a: Dragapult
|-start|p2a: Dragapult|Substitute
|-damage|p2a: Dragapult|75/100
|
|-heal|p2a: Dragapult|81/100|[from] Grassy Terrain
|-heal|p2a: Dragapult|87/100|[from] item: Leftovers
|-heal|p1a: Heatran|94/100|[from] Grassy Terrain
|-heal|p1a: Heatran|100/100|[from] item: Leftovers
|upkeep
|turn|33
|
|t:|1620929371
|move|p2a: Dragapult|Dragon Dance|p2a: Dragapult
|-boost|p2a: Dragapult|atk|1
|-boost|p2a: Dragapult|spe|1
|move|p1a: Heatran|Earth Power|p2a: Dragapult
|-end|p2a: Dragapult|Substitute
|
|-heal|p2a: Dragapult|93/100|[from] Grassy Terrain
|-heal|p2a: Dragapult|99/100|[from] item: Leftovers
|upkeep
|turn|34
|
|t:|1620929379
|move|p2a: Dragapult|Dragon Dance|p2a: Dragapult
|-boost|p2a: Dragapult|atk|1
|-boost|p2a: Dragapult|spe|1
|move|p1a: Heatran|Taunt|p2a: Dragapult
|-start|p2a: Dragapult|move: Taunt
|
|-heal|p2a: Dragapult|100/100|[from] Grassy Terrain
|upkeep
|turn|35
|
|t:|1620929384
|move|p2a: Dragapult|Phantom Force||[still]
|-prepare|p2a: Dragapult|Phantom Force
|move|p1a: Heatran|Magma Storm|p2a: Dragapult|[miss]
|-miss|p1a: Heatran|p2a: Dragapult
|
|-fieldend|move: Grassy Terrain
|upkeep
|turn|36
|
|t:|1620929387
|move|p2a: Dragapult|Phantom Force|p1a: Heatran|[from]lockedmove
|-damage|p1a: Heatran|19/100
|move|p1a: Heatran|Magma Storm|p2a: Dragapult
|-resisted|p2a: Dragapult
|-damage|p2a: Dragapult|72/100
|-activate|p2a: Dragapult|move: Magma Storm|[of] p1a: Heatran
|
|-heal|p2a: Dragapult|78/100|[from] item: Leftovers
|-heal|p1a: Heatran|26/100|[from] item: Leftovers
|-damage|p2a: Dragapult|66/100|[from] move: Magma Storm|[partiallytrapped]
|upkeep
|turn|37
|
|t:|1620929404
|move|p2a: Dragapult|Dragon Darts|p1a: Heatran
|-resisted|p1a: Heatran
|-damage|p1a: Heatran|4/100
|-anim|p2a: Dragapult|Dragon Darts|p1a: Heatran
|-resisted|p1a: Heatran
|-damage|p1a: Heatran|0 fnt
|faint|p1a: Heatran
|
|-heal|p2a: Dragapult|72/100|[from] item: Leftovers
|-end|p2a: Dragapult|Magma Storm|[partiallytrapped]|[silent]
|-end|p2a: Dragapult|move: Taunt
|upkeep
|
|t:|1620929407
|switch|p1a: Rillaboom|Rillaboom, F|100/100
|-damage|p1a: Rillaboom|88/100|[from] Stealth Rock
|-fieldstart|move: Grassy Terrain|[from] ability: Grassy Surge|[of] p1a: Rillaboom
|turn|38
|
|t:|1620929418
|move|p1a: Rillaboom|Grassy Glide|p2a: Dragapult
|-resisted|p2a: Dragapult
|-damage|p2a: Dragapult|22/100
|move|p2a: Dragapult|Dragon Darts|p1a: Rillaboom
|-damage|p1a: Rillaboom|27/100
|-anim|p2a: Dragapult|Dragon Darts|p1a: Rillaboom
|-damage|p1a: Rillaboom|0 fnt
|faint|p1a: Rillaboom
|
|-heal|p2a: Dragapult|28/100|[from] Grassy Terrain
|-heal|p2a: Dragapult|34/100|[from] item: Leftovers
|upkeep
|-message|ferromolybdenum forfeited.
|
|win|Banda Calypso
|l|☆ferromolybdenum
|raw|ferromolybdenum's rating: 1539 &rarr; <strong>1522</strong><br />(-17 for losing)
|raw|Banda Calypso's rating: 1583 &rarr; <strong>1600</strong><br />(+17 for winning)
||Ladder isn't responding, score probably updated but might not have (Request timeout).
