|j|☆Meroz
|j|☆HLT1B Argas
|player|p1|Meroz|101|1876
|player|p2|HLT1B Argas|gardenia|1887
|teamsize|p1|6
|teamsize|p2|6
|gametype|singles
|gen|8
|tier|[Gen 8] OU
|rated|
|clearpoke
|poke|p1|Gengar, M|
|poke|p1|Magearna|
|poke|p1|Kommo-o, M|
|poke|p1|Terrakion|
|poke|p1|Comfey, M|
|poke|p1|Cinderace, M|
|poke|p2|Volcarona, M|
|poke|p2|Slowbro, F|
|poke|p2|Urshifu-*, M|
|poke|p2|Excadrill, F|
|poke|p2|Magearna|
|poke|p2|Togekiss, M|
|rule|Sleep Clause Mod: Limit one foe put to sleep
|rule|Species Clause: Limit one of each Pokémon
|rule|OHKO Clause: OHKO moves are banned
|rule|Evasion Moves Clause: Evasion moves are banned
|rule|Endless Battle Clause: Forcing endless battles is banned
|rule|HP Percentage Mod: HP is shown in percentages
|rule|Dynamax Clause: You cannot dynamax
|teampreview
|j| 47dhd
|j| egalvanc
|j| dwawdwf
|inactive|Battle timer is ON: inactive players will automatically lose when time's up. (requested by Meroz)
|j| AnimaticLunatic
|
|start
|switch|p1a: Cinderace|Cinderace, M|100/100
|switch|p2a: Togekiss|Togekiss, M|100/100
|turn|1
|j| Jey2
|
|move|p2a: Togekiss|Air Slash|p1a: Cinderace
|-damage|p1a: Cinderace|47/100
|cant|p1a: Cinderace|flinch
|
|upkeep
|turn|2
|
|switch|p1a: Magearna|Magearna|100/100
|move|p2a: Togekiss|Air Slash|p1a: Magearna
|-resisted|p1a: Magearna
|-damage|p1a: Magearna|89/100
|
|upkeep
|turn|3
|j| Euphrona
|
|switch|p2a: Excadrill|Excadrill, F|100/100
|-ability|p2a: Excadrill|Mold Breaker
|move|p1a: Magearna|Iron Head|p2a: Excadrill
|-resisted|p2a: Excadrill
|-damage|p2a: Excadrill|84/100
|
|-heal|p2a: Excadrill|90/100|[from] item: Leftovers
|upkeep
|turn|4
|j| addictedtomethlol
|j| Tigamer13
|
|switch|p1a: Kommo-o|Kommo-o, M|100/100
|move|p2a: Excadrill|Earthquake|p1a: Kommo-o
|-damage|p1a: Kommo-o|76/100
|
|-heal|p2a: Excadrill|96/100|[from] item: Leftovers
|-heal|p1a: Kommo-o|82/100|[from] item: Leftovers
|upkeep
|turn|5
|j| guille14
|j| copon santo
|l| AnimaticLunatic
|j| Lenape
|j| dra15
|
|move|p2a: Excadrill|Stealth Rock|p1a: Kommo-o
|-sidestart|p1: Meroz|move: Stealth Rock
|move|p1a: Kommo-o|Stealth Rock|p2a: Excadrill
|-sidestart|p2: HLT1B Argas|move: Stealth Rock
|
|-heal|p2a: Excadrill|100/100|[from] item: Leftovers
|-heal|p1a: Kommo-o|88/100|[from] item: Leftovers
|upkeep
|turn|6
|j| AnimaticLunatic
|l| AnimaticLunatic
|
|switch|p2a: Slowbro|Slowbro, F|100/100
|move|p1a: Kommo-o|Body Press|p2a: Slowbro
|-resisted|p2a: Slowbro
|-damage|p2a: Slowbro|86/100
|
|-heal|p1a: Kommo-o|95/100|[from] item: Leftovers
|upkeep
|turn|7
|j| xxxsaaawxx
|
|move|p1a: Kommo-o|Toxic|p2a: Slowbro
|-status|p2a: Slowbro|tox
|move|p2a: Slowbro|Teleport|p2a: Slowbro
|j| yolovid19
|
|switch|p2a: Magearna|Magearna|100/100|[from]move: Teleport
|-damage|p2a: Magearna|94/100|[from] Stealth Rock
|
|-heal|p2a: Magearna|100/100|[from] item: Leftovers
|-heal|p1a: Kommo-o|100/100|[from] item: Leftovers
|upkeep
|turn|8
|l| Tigamer13
|
|switch|p1a: Comfey|Comfey, M|100/100
|-damage|p1a: Comfey|88/100|[from] Stealth Rock
|move|p2a: Magearna|Shift Gear|p2a: Magearna
|-boost|p2a: Magearna|spe|2
|-boost|p2a: Magearna|atk|1
|
|upkeep
|turn|9
|
|move|p2a: Magearna|Calm Mind|p2a: Magearna
|-boost|p2a: Magearna|spa|1
|-boost|p2a: Magearna|spd|1
|move|p1a: Comfey|Encore|p2a: Magearna
|-start|p2a: Magearna|Encore
|
|upkeep
|turn|10
|
|switch|p1a: Cinderace|Cinderace, M|47/100
|move|p2a: Magearna|Calm Mind|p2a: Magearna
|-boost|p2a: Magearna|spa|1
|-boost|p2a: Magearna|spd|1
|
|upkeep
|turn|11
|j| Culamen
|
|switch|p2a: Slowbro|Slowbro, F|100/100 tox
|move|p1a: Cinderace|Pyro Ball|p2a: Slowbro
|-resisted|p2a: Slowbro
|-damage|p2a: Slowbro|83/100 tox
|
|-damage|p2a: Slowbro|77/100 tox|[from] psn
|upkeep
|turn|12
|l| Culamen
|
|move|p1a: Cinderace|U-turn|p2a: Slowbro
|-start|p1a: Cinderace|typechange|Bug|[from] ability: Libero
|-supereffective|p2a: Slowbro
|-damage|p2a: Slowbro|36/100 tox
|c| Euphrona|Guys
|
|switch|p1a: Magearna|Magearna|89/100|[from]move: U-turn
|-damage|p1a: Magearna|83/100|[from] Stealth Rock
|move|p2a: Slowbro|Teleport|p2a: Slowbro
|
|switch|p2a: Excadrill|Excadrill, F|100/100|[from]move: Teleport
|-damage|p2a: Excadrill|97/100|[from] Stealth Rock
|-ability|p2a: Excadrill|Mold Breaker
|
|-heal|p2a: Excadrill|100/100|[from] item: Leftovers
|upkeep
|turn|13
|
|switch|p1a: Kommo-o|Kommo-o, M|100/100
|-damage|p1a: Kommo-o|94/100|[from] Stealth Rock
|move|p2a: Excadrill|Toxic|p1a: Kommo-o
|-status|p1a: Kommo-o|tox
|
|-heal|p1a: Kommo-o|100/100 tox|[from] item: Leftovers
|-damage|p1a: Kommo-o|94/100 tox|[from] psn
|upkeep
|turn|14
|j| HLT1B Aqua
|
|switch|p2a: Slowbro|Slowbro, F|70/100 tox
|switch|p1a: Gengar|Gengar, M|100/100
|-damage|p1a: Gengar|88/100|[from] Stealth Rock
|
|-heal|p1a: Gengar|94/100|[from] item: Black Sludge
|-damage|p2a: Slowbro|64/100 tox|[from] psn
|upkeep
|turn|15
|j| Culamen
|
|switch|p2a: Urshifu|Urshifu, M|100/100
|-damage|p2a: Urshifu|94/100|[from] Stealth Rock
|move|p1a: Gengar|Substitute|p1a: Gengar
|-start|p1a: Gengar|Substitute
|-damage|p1a: Gengar|69/100
|
|-heal|p1a: Gengar|76/100|[from] item: Black Sludge
|upkeep
|turn|16
|l| Culamen
|c| Euphrona|Anyone know with who magearna can be replaced with ?
|
|move|p1a: Gengar|Sludge Wave|p2a: Urshifu
|-damage|p2a: Urshifu|24/100
|move|p2a: Urshifu|Wicked Blow|p1a: Gengar
|-supereffective|p1a: Gengar
|-crit|p1a: Gengar
|-end|p1a: Gengar|Substitute
|
|-heal|p1a: Gengar|82/100|[from] item: Black Sludge
|upkeep
|turn|17
|c| Euphrona|i cnat have her on the game
|j|‽Guest 7987917
|
|switch|p2a: Excadrill|Excadrill, F|100/100
|-damage|p2a: Excadrill|97/100|[from] Stealth Rock
|-ability|p2a: Excadrill|Mold Breaker
|move|p1a: Gengar|Substitute|p1a: Gengar
|-start|p1a: Gengar|Substitute
|-damage|p1a: Gengar|57/100
|
|-heal|p1a: Gengar|63/100|[from] item: Black Sludge
|-heal|p2a: Excadrill|100/100|[from] item: Leftovers
|upkeep
|turn|18
|
|move|p1a: Gengar|Shadow Ball|p2a: Excadrill
|-damage|p2a: Excadrill|57/100
|move|p2a: Excadrill|Earthquake|p1a: Gengar
|-supereffective|p1a: Gengar
|-end|p1a: Gengar|Substitute
|
|-heal|p1a: Gengar|69/100|[from] item: Black Sludge
|-heal|p2a: Excadrill|63/100|[from] item: Leftovers
|upkeep
|turn|19
|c| dwawdwf|why not?
|j| Unlucky account
|
|switch|p1a: Kommo-o|Kommo-o, M|94/100 tox
|-damage|p1a: Kommo-o|88/100 tox|[from] Stealth Rock
|move|p2a: Excadrill|Earthquake|p1a: Kommo-o
|-damage|p1a: Kommo-o|60/100 tox
|
|-heal|p2a: Excadrill|69/100|[from] item: Leftovers
|-heal|p1a: Kommo-o|66/100 tox|[from] item: Leftovers
|-damage|p1a: Kommo-o|60/100 tox|[from] psn
|upkeep
|turn|20
|c| Euphrona|becase i must haave sun and moon
|c| Euphrona|and i dont have it
|
|move|p2a: Excadrill|Earthquake|p1a: Kommo-o
|-damage|p1a: Kommo-o|33/100 tox
|move|p1a: Kommo-o|Body Press|p2a: Excadrill
|-supereffective|p2a: Excadrill
|-damage|p2a: Excadrill|0 fnt
|faint|p2a: Excadrill
|
|-heal|p1a: Kommo-o|39/100 tox|[from] item: Leftovers
|-damage|p1a: Kommo-o|27/100 tox|[from] psn
|upkeep
|c| dwawdwf|go to OU chatroom
|j| AshGreninja74
|
|switch|p2a: Volcarona|Volcarona, M|100/100
|turn|21
|
|switch|p1a: Terrakion|Terrakion|100/100
|-damage|p1a: Terrakion|94/100|[from] Stealth Rock
|move|p2a: Volcarona|Quiver Dance|p2a: Volcarona
|-boost|p2a: Volcarona|spa|1
|-boost|p2a: Volcarona|spd|1
|-boost|p2a: Volcarona|spe|1
|
|upkeep
|turn|22
|c| dwawdwf|ooh you mean on the actual pokemon game
|
|move|p1a: Terrakion|Rock Slide|p2a: Volcarona
|-supereffective|p2a: Volcarona
|-damage|p2a: Volcarona|0 fnt
|faint|p2a: Volcarona
|
|upkeep
|c| Euphrona|yeh
|
|switch|p2a: Magearna|Magearna|100/100
|-damage|p2a: Magearna|94/100|[from] Stealth Rock
|turn|23
|j| stormorax
|
|switch|p1a: Comfey|Comfey, M|88/100
|-damage|p1a: Comfey|76/100|[from] Stealth Rock
|move|p2a: Magearna|Shift Gear|p2a: Magearna
|-boost|p2a: Magearna|spe|2
|-boost|p2a: Magearna|atk|1
|
|-heal|p2a: Magearna|100/100|[from] item: Leftovers
|upkeep
|turn|24
|
|move|p2a: Magearna|Stored Power|p1a: Comfey
|-damage|p1a: Comfey|51/100
|move|p1a: Comfey|Encore|p2a: Magearna
|-start|p2a: Magearna|Encore
|
|upkeep
|turn|25
|c| dwawdwf|comfey i guess
|inactive|Meroz has 120 seconds left.
|
|switch|p1a: Kommo-o|Kommo-o, M|27/100 tox
|-damage|p1a: Kommo-o|21/100 tox|[from] Stealth Rock
|move|p2a: Magearna|Stored Power|p1a: Kommo-o
|-supereffective|p1a: Kommo-o
|-damage|p1a: Kommo-o|0 fnt
|faint|p1a: Kommo-o
|-ability|p2a: Magearna|Soul-Heart|boost
|-boost|p2a: Magearna|spa|1
|
|upkeep
|
|switch|p1a: Cinderace|Cinderace, M|47/100
|turn|26
|j| Briitt
|inactive|Meroz has 120 seconds left.
|
|move|p2a: Magearna|Stored Power|p1a: Cinderace
|-damage|p1a: Cinderace|0 fnt
|faint|p1a: Cinderace
|-ability|p2a: Magearna|Soul-Heart|boost
|-boost|p2a: Magearna|spa|1
|
|upkeep
|
|switch|p1a: Magearna|Magearna|83/100
|-damage|p1a: Magearna|77/100|[from] Stealth Rock
|turn|27
|
|move|p2a: Magearna|Stored Power|p1a: Magearna
|-resisted|p1a: Magearna
|-damage|p1a: Magearna|54/100
|move|p1a: Magearna|Iron Head|p2a: Magearna
|-damage|p2a: Magearna|80/100
|
|-heal|p2a: Magearna|86/100|[from] item: Leftovers
|-end|p2a: Magearna|Encore
|upkeep
|turn|28
|j| BetaToTheTop
|
|move|p2a: Magearna|Calm Mind|p2a: Magearna
|-boost|p2a: Magearna|spa|1
|-boost|p2a: Magearna|spd|1
|move|p1a: Magearna|Iron Head|p2a: Magearna
|-damage|p2a: Magearna|65/100
|
|-heal|p2a: Magearna|71/100|[from] item: Leftovers
|upkeep
|turn|29
|
|move|p2a: Magearna|Shift Gear|p2a: Magearna
|-boost|p2a: Magearna|spe|2
|-boost|p2a: Magearna|atk|1
|move|p1a: Magearna|Iron Head|p2a: Magearna
|-damage|p2a: Magearna|49/100
|
|-heal|p2a: Magearna|55/100|[from] item: Leftovers
|upkeep
|turn|30
|j| Ayk157
|l| guille14
|j| bison33
|
|move|p2a: Magearna|Stored Power|p1a: Magearna
|-resisted|p1a: Magearna
|-damage|p1a: Magearna|4/100
|-enditem|p1a: Magearna|Sitrus Berry|[eat]
|-heal|p1a: Magearna|29/100|[from] item: Sitrus Berry
|move|p1a: Magearna|Iron Head|p2a: Magearna
|-damage|p2a: Magearna|34/100
|
|-heal|p2a: Magearna|40/100|[from] item: Leftovers
|upkeep
|turn|31
|
|move|p2a: Magearna|Stored Power|p1a: Magearna
|-resisted|p1a: Magearna
|-damage|p1a: Magearna|0 fnt
|faint|p1a: Magearna
|-ability|p2a: Magearna|Soul-Heart|boost
|-boost|p2a: Magearna|spa|1
|
|-heal|p2a: Magearna|46/100|[from] item: Leftovers
|upkeep
|
|switch|p1a: Terrakion|Terrakion|94/100
|-damage|p1a: Terrakion|88/100|[from] Stealth Rock
|turn|32
|
|move|p2a: Magearna|Draining Kiss|p1a: Terrakion
|-supereffective|p1a: Terrakion
|-damage|p1a: Terrakion|0 fnt
|-heal|p2a: Magearna|100/100|[from] drain|[of] p1a: Terrakion
|faint|p1a: Terrakion
|-ability|p2a: Magearna|Soul-Heart|boost
|-boost|p2a: Magearna|spa|1
|
|upkeep
|c|☆HLT1B Argas|gg
|j| hgcfnhjkmn
|c|☆Meroz|gg
|l| Lenape
|j| ADM02
|c| hgcfnhjkmn|mag is so broken lol
|inactive|Meroz has 120 seconds left.
|c| Briitt|lol
|c|☆Meroz|i'll make sure to abuse setup magearna next time
|j| guille14
|c| BetaToTheTop|MAG
|l| Ayk157
|-message|Meroz forfeited.
|
|win|HLT1B Argas
|l|☆Meroz
|c|☆HLT1B Argas|you should
|l| HLT1B Aqua
|l| BetaToTheTop
|l|☆HLT1B Argas
|l| hgcfnhjkmn
|l| Briitt
|l| egalvanc
|l| stormorax
|l| guille14
|l| Jey2
|l| dra15
|l| 47dhd
||Ladder (probably) updated, but score could not be retrieved (Request timeout).
|l| AshGreninja74
|l| xxxsaaawxx
|l| Unlucky account
|l| copon santo
|c| dwawdwf|Meroz do you mind battling me for a friendly duel
|c| dwawdwf|i ust wanna see how i stand compared to a high ranking player
|l| ADM02
|l| dwawdwf
|l| addictedtomethlol
|l| Euphrona
|l|‽Guest 7987917
