|j|☆Rheinmetal
|j|☆dracovishzolt
|player|p1|Rheinmetal|cynthia|1207
|player|p2|dracovishzolt|marlon|1256
|teamsize|p1|6
|teamsize|p2|6
|gametype|singles
|gen|8
|tier|[Gen 8] OU
|rated|
|rule|Sleep Clause Mod: Limit one foe put to sleep
|rule|Species Clause: Limit one of each Pokémon
|rule|OHKO Clause: OHKO moves are banned
|rule|Evasion Moves Clause: Evasion moves are banned
|rule|Endless Battle Clause: Forcing endless battles is banned
|rule|HP Percentage Mod: HP is shown in percentages
|clearpoke
|poke|p1|Tyranitar, M|
|poke|p1|Hippowdon, F|
|poke|p1|Mew|
|poke|p1|Aegislash, M|
|poke|p1|Rotom-Mow|
|poke|p1|Cloyster, F|
|poke|p2|Araquanid, F|
|poke|p2|Corviknight, M|
|poke|p2|Excadrill, M|
|poke|p2|Dragapult, M|
|poke|p2|Ferrothorn, M|
|poke|p2|Toxapex, M|
|teampreview
|inactive|Battle timer is ON: inactive players will automatically lose when time's up. (requested by dracovishzolt)
|
|start
|switch|p1a: Hippowdon|Hippowdon, F|100/100
|switch|p2a: Araquanid|Araquanid, F|100/100
|-weather|Sandstorm|[from] ability: Sand Stream|[of] p1a: Hippowdon
|turn|1
|
|switch|p1a: Cloyster|Cloyster, F|100/100
|move|p2a: Araquanid|Sticky Web|p1a: Cloyster
|-sidestart|p1: Rheinmetal|move: Sticky Web
|
|-weather|Sandstorm|[upkeep]
|-damage|p1a: Cloyster|94/100|[from] Sandstorm
|-damage|p2a: Araquanid|94/100|[from] Sandstorm
|-heal|p1a: Cloyster|100/100|[from] item: Leftovers
|upkeep
|turn|2
|
|move|p1a: Cloyster|Spikes|p2a: Araquanid
|-sidestart|p2: dracovishzolt|Spikes
|move|p2a: Araquanid|Liquidation|p1a: Cloyster
|-resisted|p1a: Cloyster
|-damage|p1a: Cloyster|79/100
|
|-weather|Sandstorm|[upkeep]
|-damage|p1a: Cloyster|73/100|[from] Sandstorm
|-damage|p2a: Araquanid|88/100|[from] Sandstorm
|-heal|p1a: Cloyster|79/100|[from] item: Leftovers
|upkeep
|turn|3
|
|move|p1a: Cloyster|Rock Blast|p2a: Araquanid
|-supereffective|p2a: Araquanid
|-damage|p2a: Araquanid|76/100
|-supereffective|p2a: Araquanid
|-damage|p2a: Araquanid|63/100
|-supereffective|p2a: Araquanid
|-damage|p2a: Araquanid|50/100
|-supereffective|p2a: Araquanid
|-damage|p2a: Araquanid|39/100
|-supereffective|p2a: Araquanid
|-damage|p2a: Araquanid|27/100
|-hitcount|p2a: Araquanid|5
|move|p2a: Araquanid|Leech Life|p1a: Cloyster
|-damage|p1a: Cloyster|64/100
|-heal|p2a: Araquanid|34/100|[from] drain|[of] p1a: Cloyster
|
|-weather|Sandstorm|[upkeep]
|-damage|p1a: Cloyster|58/100|[from] Sandstorm
|-damage|p2a: Araquanid|28/100|[from] Sandstorm
|-heal|p1a: Cloyster|64/100|[from] item: Leftovers
|upkeep
|turn|4
|
|move|p1a: Cloyster|Spikes|p2a: Araquanid
|-sidestart|p2: dracovishzolt|Spikes
|move|p2a: Araquanid|Leech Life|p1a: Cloyster
|-damage|p1a: Cloyster|49/100
|-heal|p2a: Araquanid|35/100|[from] drain|[of] p1a: Cloyster
|
|-weather|Sandstorm|[upkeep]
|-damage|p1a: Cloyster|43/100|[from] Sandstorm
|-damage|p2a: Araquanid|29/100|[from] Sandstorm
|-heal|p1a: Cloyster|49/100|[from] item: Leftovers
|upkeep
|turn|5
|
|move|p1a: Cloyster|Rock Blast|p2a: Araquanid
|-supereffective|p2a: Araquanid
|-damage|p2a: Araquanid|16/100
|-supereffective|p2a: Araquanid
|-damage|p2a: Araquanid|4/100
|-supereffective|p2a: Araquanid
|-damage|p2a: Araquanid|0 fnt
|-hitcount|p2a: Araquanid|3
|faint|p2a: Araquanid
|
|-weather|none
|-heal|p1a: Cloyster|55/100|[from] item: Leftovers
|upkeep
|
|switch|p2a: Corviknight|Corviknight, M|100/100
|turn|6
|
|switch|p1a: Rotom|Rotom-Mow|100/100
|move|p2a: Corviknight|Bulk Up|p2a: Corviknight
|-boost|p2a: Corviknight|atk|1
|-boost|p2a: Corviknight|def|1
|
|upkeep
|turn|7
|
|switch|p2a: Ferrothorn|Ferrothorn, M|100/100
|-damage|p2a: Ferrothorn|84/100|[from] Spikes
|move|p1a: Rotom|Volt Switch|p2a: Ferrothorn
|-resisted|p2a: Ferrothorn
|-damage|p2a: Ferrothorn|71/100
|inactive|Rheinmetal has 120 seconds left.
|inactive|Rheinmetal has 90 seconds left.
|
|switch|p1a: Mew|Mew|100/100|[from]move: Volt Switch
|-activate|p1a: Mew|move: Sticky Web
|-unboost|p1a: Mew|spe|1
|
|upkeep
|turn|8
|
|move|p1a: Mew|Fire Blast|p2a: Ferrothorn
|-supereffective|p2a: Ferrothorn
|-damage|p2a: Ferrothorn|0 fnt
|faint|p2a: Ferrothorn
|
|upkeep
|
|switch|p2a: Dragapult|Dragapult, M|100/100
|-damage|p2a: Dragapult|84/100|[from] Spikes
|turn|9
|
|switch|p1a: Tyranitar|Tyranitar, M|100/100
|-activate|p1a: Tyranitar|move: Sticky Web
|-unboost|p1a: Tyranitar|spe|1
|-weather|Sandstorm|[from] ability: Sand Stream|[of] p1a: Tyranitar
|move|p2a: Dragapult|Substitute|p2a: Dragapult
|-start|p2a: Dragapult|Substitute
|-damage|p2a: Dragapult|59/100
|
|-weather|Sandstorm|[upkeep]
|-damage|p2a: Dragapult|53/100|[from] Sandstorm
|-heal|p2a: Dragapult|59/100|[from] item: Leftovers
|upkeep
|turn|10
|
|move|p2a: Dragapult|Dragon Dance|p2a: Dragapult
|-boost|p2a: Dragapult|atk|1
|-boost|p2a: Dragapult|spe|1
|move|p1a: Tyranitar|Crunch|p2a: Dragapult
|-supereffective|p2a: Dragapult
|-end|p2a: Dragapult|Substitute
|
|-weather|Sandstorm|[upkeep]
|-damage|p2a: Dragapult|53/100|[from] Sandstorm
|-heal|p2a: Dragapult|59/100|[from] item: Leftovers
|upkeep
|turn|11
|
|move|p2a: Dragapult|Dragon Darts|p1a: Tyranitar
|-damage|p1a: Tyranitar|62/100
|-damage|p1a: Tyranitar|22/100
|-hitcount|p1a: Tyranitar|2
|move|p1a: Tyranitar|Crunch|p2a: Dragapult
|-supereffective|p2a: Dragapult
|-damage|p2a: Dragapult|0 fnt
|faint|p2a: Dragapult
|
|-weather|Sandstorm|[upkeep]
|upkeep
|
|switch|p2a: Corviknight|Corviknight, M|100/100
|turn|12
|inactive|Rheinmetal has 120 seconds left.
|
|switch|p1a: Rotom|Rotom-Mow|100/100
|move|p2a: Corviknight|Substitute|p2a: Corviknight
|-start|p2a: Corviknight|Substitute
|-damage|p2a: Corviknight|76/100
|
|-weather|Sandstorm|[upkeep]
|-damage|p1a: Rotom|94/100|[from] Sandstorm
|-heal|p2a: Corviknight|82/100|[from] item: Leftovers
|upkeep
|turn|13
|
|move|p1a: Rotom|Thunderbolt|p2a: Corviknight
|-supereffective|p2a: Corviknight
|-end|p2a: Corviknight|Substitute
|move|p2a: Corviknight|Bulk Up|p2a: Corviknight
|-boost|p2a: Corviknight|atk|1
|-boost|p2a: Corviknight|def|1
|
|-weather|none
|-heal|p2a: Corviknight|88/100|[from] item: Leftovers
|upkeep
|turn|14
|
|move|p1a: Rotom|Thunderbolt|p2a: Corviknight
|-supereffective|p2a: Corviknight
|-damage|p2a: Corviknight|27/100
|move|p2a: Corviknight|Roost|p2a: Corviknight
|-heal|p2a: Corviknight|77/100
|-singleturn|p2a: Corviknight|move: Roost
|
|-heal|p2a: Corviknight|83/100|[from] item: Leftovers
|upkeep
|turn|15
|
|move|p1a: Rotom|Thunderbolt|p2a: Corviknight
|-supereffective|p2a: Corviknight
|-damage|p2a: Corviknight|23/100
|move|p2a: Corviknight|Roost|p2a: Corviknight
|-heal|p2a: Corviknight|73/100
|-singleturn|p2a: Corviknight|move: Roost
|
|-heal|p2a: Corviknight|79/100|[from] item: Leftovers
|upkeep
|turn|16
|inactive|Rheinmetal has 120 seconds left.
|
|switch|p2a: Excadrill|Excadrill, M|100/100
|-damage|p2a: Excadrill|84/100|[from] Spikes
|-ability|p2a: Excadrill|Mold Breaker
|move|p1a: Rotom|Thunderbolt|p2a: Excadrill
|-immune|p2a: Excadrill
|
|upkeep
|turn|17
|
|-start|p1a: Rotom|Dynamax
|-heal|p1a: Rotom|94/100|[silent]
|move|p2a: Excadrill|Rapid Spin|p1a: Rotom
|-damage|p1a: Rotom|81/100
|-sideend|p2: dracovishzolt|Spikes|[from] move: Rapid Spin|[of] p2a: Excadrill
|-boost|p2a: Excadrill|spe|1
|move|p1a: Rotom|Max Overgrowth|p2a: Excadrill
|-damage|p2a: Excadrill|0 fnt
|-fieldstart|move: Grassy Terrain
|faint|p2a: Excadrill
|
|upkeep
|
|switch|p2a: Toxapex|Toxapex, M|100/100
|turn|18
|
|move|p1a: Rotom|Max Lightning|p2a: Toxapex
|-supereffective|p2a: Toxapex
|-damage|p2a: Toxapex|39/100
|-fieldstart|move: Electric Terrain
|move|p2a: Toxapex|Scald|p1a: Rotom
|-resisted|p1a: Rotom
|-damage|p1a: Rotom|76/100
|
|-heal|p2a: Toxapex|45/100|[from] item: Black Sludge
|upkeep
|turn|19
|
|move|p1a: Rotom|Max Lightning|p2a: Toxapex
|-supereffective|p2a: Toxapex
|-damage|p2a: Toxapex|0 fnt
|faint|p2a: Toxapex
|
|-end|p1a: Rotom|Dynamax
|-heal|p1a: Rotom|76/100|[silent]
|upkeep
|
|switch|p2a: Corviknight|Corviknight, M|79/100
|turn|20
|
|move|p1a: Rotom|Thunderbolt|p2a: Corviknight
|-supereffective|p2a: Corviknight
|-damage|p2a: Corviknight|18/100
|move|p2a: Corviknight|Roost|p2a: Corviknight
|-heal|p2a: Corviknight|68/100
|-singleturn|p2a: Corviknight|move: Roost
|
|-heal|p2a: Corviknight|74/100|[from] item: Leftovers
|upkeep
|turn|21
|
|move|p1a: Rotom|Thunderbolt|p2a: Corviknight
|-supereffective|p2a: Corviknight
|-damage|p2a: Corviknight|23/100
|move|p2a: Corviknight|Roost|p2a: Corviknight
|-heal|p2a: Corviknight|73/100
|-singleturn|p2a: Corviknight|move: Roost
|
|-heal|p2a: Corviknight|79/100|[from] item: Leftovers
|upkeep
|turn|22
|
|move|p1a: Rotom|Thunderbolt|p2a: Corviknight
|-supereffective|p2a: Corviknight
|-damage|p2a: Corviknight|19/100
|move|p2a: Corviknight|Roost|p2a: Corviknight
|-heal|p2a: Corviknight|69/100
|-singleturn|p2a: Corviknight|move: Roost
|
|-heal|p2a: Corviknight|75/100|[from] item: Leftovers
|-fieldend|move: Electric Terrain
|upkeep
|turn|23
|
|move|p1a: Rotom|Thunderbolt|p2a: Corviknight
|-supereffective|p2a: Corviknight
|-damage|p2a: Corviknight|14/100
|move|p2a: Corviknight|Roost|p2a: Corviknight
|-heal|p2a: Corviknight|64/100
|-singleturn|p2a: Corviknight|move: Roost
|
|-heal|p2a: Corviknight|70/100|[from] item: Leftovers
|upkeep
|turn|24
|
|move|p1a: Rotom|Thunderbolt|p2a: Corviknight
|-supereffective|p2a: Corviknight
|-damage|p2a: Corviknight|11/100
|-status|p2a: Corviknight|par
|cant|p2a: Corviknight|par
|
|-heal|p2a: Corviknight|17/100 par|[from] item: Leftovers
|upkeep
|turn|25
|
|move|p1a: Rotom|Thunderbolt|p2a: Corviknight
|-supereffective|p2a: Corviknight
|-damage|p2a: Corviknight|0 fnt
|faint|p2a: Corviknight
|
|win|Rheinmetal
|l|☆dracovishzolt
