|j|☆minimax_ai
|j|☆galarian dragapult
|t:|1663836072
|gametype|singles
|player|p1|minimax_ai|lusamine-nihilego|1595
|player|p2|galarian dragapult|zinzolin|1663
|teamsize|p1|6
|teamsize|p2|6
|gen|8
|tier|[Gen 8] OU
|rated|
|rule|Sleep Clause Mod: Limit one foe put to sleep
|rule|Species Clause: Limit one of each Pokémon
|rule|OHKO Clause: OHKO moves are banned
|rule|Evasion Items Clause: Evasion items are banned
|rule|Evasion Moves Clause: Evasion moves are banned
|rule|Endless Battle Clause: Forcing endless battles is banned
|rule|HP Percentage Mod: HP is shown in percentages
|rule|Dynamax Clause: You cannot dynamax
|clearpoke
|poke|p1|Rotom-Wash|
|poke|p1|Weavile, F|
|poke|p1|Landorus-Therian, M|
|poke|p1|Heatran, M|
|poke|p1|Tangrowth, F|
|poke|p1|Melmetal|
|poke|p2|Tornadus-Therian, M|
|poke|p2|Toxapex, F|
|poke|p2|Hippowdon, F|
|poke|p2|Kartana|
|poke|p2|Tapu Lele|
|poke|p2|Umbreon, M|
|teampreview
|c|☆minimax_ai|hf
|inactive|Battle timer is ON: inactive players will automatically lose when time's up. (requested by minimax_ai)
|
|t:|1663836082
|start
|switch|p1a: Heatran|Heatran, M|100/100
|switch|p2a: Kartana|Kartana, shiny|100/100
|-item|p1a: Heatran|Air Balloon
|turn|1
|
|t:|1663836090
|switch|p2a: Toxapex|Toxapex, F, shiny|100/100
|switch|p1a: Tangrowth|Tangrowth, F|100/100
|
|upkeep
|turn|2
|
|t:|1663836092
|move|p1a: Tangrowth|Sleep Powder|p2a: Toxapex
|-status|p2a: Toxapex|slp|[from] move: Sleep Powder
|cant|p2a: Toxapex|slp
|
|upkeep
|turn|3
|
|t:|1663836095
|switch|p1a: Heatran|Heatran, M|100/100
|-item|p1a: Heatran|Air Balloon
|cant|p2a: Toxapex|slp
|
|upkeep
|turn|4
|
|t:|1663836098
|move|p1a: Heatran|Magma Storm|p2a: Toxapex
|-resisted|p2a: Toxapex
|-damage|p2a: Toxapex|81/100 slp
|-activate|p2a: Toxapex|move: Magma Storm|[of] p1a: Heatran
|-curestatus|p2a: Toxapex|slp|[msg]
|move|p2a: Toxapex|Scald|p1a: Heatran
|-supereffective|p1a: Heatran
|-damage|p1a: Heatran|70/100
|-enditem|p1a: Heatran|Air Balloon
|
|-damage|p2a: Toxapex|68/100|[from] move: Magma Storm|[partiallytrapped]
|upkeep
|turn|5
|
|t:|1663836101
|switch|p2a: Hippowdon|Hippowdon, F, shiny|100/100
|-weather|Sandstorm|[from] ability: Sand Stream|[of] p2a: Hippowdon
|move|p1a: Heatran|Stealth Rock|p2a: Hippowdon
|-sidestart|p2: galarian dragapult|move: Stealth Rock
|
|-weather|Sandstorm|[upkeep]
|upkeep
|turn|6
|
|t:|1663836104
|switch|p1a: rotomwash|Rotom-Wash|100/100
|move|p2a: Hippowdon|Stealth Rock|p1a: rotomwash
|-sidestart|p1: minimax_ai|move: Stealth Rock
|
|-weather|Sandstorm|[upkeep]
|-damage|p1a: rotomwash|94/100|[from] Sandstorm
|-heal|p1a: rotomwash|100/100|[from] item: Leftovers
|upkeep
|turn|7
|
|t:|1663836106
|move|p1a: rotomwash|Hydro Pump|p2a: Hippowdon|[miss]
|-miss|p1a: rotomwash|p2a: Hippowdon
|move|p2a: Hippowdon|Toxic|p1a: rotomwash
|-status|p1a: rotomwash|tox
|
|-weather|Sandstorm|[upkeep]
|-damage|p1a: rotomwash|94/100 tox|[from] Sandstorm
|-heal|p1a: rotomwash|100/100 tox|[from] item: Leftovers
|-damage|p1a: rotomwash|94/100 tox|[from] psn
|upkeep
|turn|8
|
|t:|1663836110
|switch|p2a: Toxapex|Toxapex, F, shiny|100/100
|-damage|p2a: Toxapex|88/100|[from] Stealth Rock
|move|p1a: rotomwash|Thunderbolt|p2a: Toxapex
|-supereffective|p2a: Toxapex
|-crit|p2a: Toxapex
|-damage|p2a: Toxapex|4/100
|
|-weather|Sandstorm|[upkeep]
|-damage|p1a: rotomwash|88/100 tox|[from] Sandstorm
|-damage|p2a: Toxapex|0 fnt|[from] Sandstorm
|faint|p2a: Toxapex
|-heal|p1a: rotomwash|94/100 tox|[from] item: Leftovers
|-damage|p1a: rotomwash|82/100 tox|[from] psn
|upkeep
|
|t:|1663836112
|switch|p2a: Tapu Lele|Tapu Lele, shiny|100/100
|-damage|p2a: Tapu Lele|88/100|[from] Stealth Rock
|-fieldstart|move: Psychic Terrain|[from] ability: Psychic Surge|[of] p2a: Tapu Lele
|turn|9
|
|t:|1663836115
|switch|p1a: Melmetal|Melmetal|100/100
|-damage|p1a: Melmetal|94/100|[from] Stealth Rock
|move|p2a: Tapu Lele|Psychic|p1a: Melmetal
|-resisted|p1a: Melmetal
|-damage|p1a: Melmetal|66/100
|-unboost|p1a: Melmetal|spd|1
|
|-weather|none
|upkeep
|turn|10
|
|t:|1663836120
|switch|p2a: Umbreon|Umbreon, M, shiny|100/100
|-damage|p2a: Umbreon|88/100|[from] Stealth Rock
|move|p1a: Melmetal|Double Iron Bash|p2a: Umbreon
|-damage|p2a: Umbreon|64/100
|-damage|p2a: Umbreon|41/100
|-hitcount|p2a: Umbreon|2
|
|-heal|p2a: Umbreon|47/100|[from] item: Leftovers
|upkeep
|turn|11
|
|t:|1663836123
|move|p2a: Umbreon|Protect|p2a: Umbreon
|-singleturn|p2a: Umbreon|Protect
|move|p1a: Melmetal|Double Iron Bash|p2a: Umbreon
|-activate|p2a: Umbreon|move: Protect
|
|-heal|p2a: Umbreon|53/100|[from] item: Leftovers
|upkeep
|turn|12
|
|t:|1663836128
|switch|p2a: Kartana|Kartana, shiny|100/100
|-damage|p2a: Kartana|94/100|[from] Stealth Rock
|move|p1a: Melmetal|Double Iron Bash|p2a: Kartana
|-resisted|p2a: Kartana
|-damage|p2a: Kartana|72/100
|-resisted|p2a: Kartana
|-damage|p2a: Kartana|52/100
|-hitcount|p2a: Kartana|2
|
|upkeep
|turn|13
|
|t:|1663836132
|switch|p2a: Tapu Lele|Tapu Lele, shiny|88/100
|-damage|p2a: Tapu Lele|76/100|[from] Stealth Rock
|switch|p1a: Tangrowth|Tangrowth, F|100/100
|-damage|p1a: Tangrowth|88/100|[from] Stealth Rock
|
|-fieldend|move: Psychic Terrain
|upkeep
|turn|14
|
|t:|1663836134
|switch|p1a: landorustherian|Landorus-Therian, M|100/100
|-damage|p1a: landorustherian|88/100|[from] Stealth Rock
|-ability|p1a: landorustherian|Intimidate|boost
|-unboost|p2a: Tapu Lele|atk|1
|move|p2a: Tapu Lele|Psychic|p1a: landorustherian
|-damage|p1a: landorustherian|35/100
|
|-heal|p1a: landorustherian|41/100|[from] item: Leftovers
|upkeep
|turn|15
|
|t:|1663836136
|switch|p1a: Melmetal|Melmetal|66/100
|-damage|p1a: Melmetal|60/100|[from] Stealth Rock
|move|p2a: Tapu Lele|Psychic|p1a: Melmetal
|-resisted|p1a: Melmetal
|-damage|p1a: Melmetal|41/100
|
|upkeep
|turn|16
|
|t:|1663836139
|switch|p2a: Kartana|Kartana, shiny|52/100
|-damage|p2a: Kartana|46/100|[from] Stealth Rock
|move|p1a: Melmetal|Ice Punch|p2a: Kartana
|-damage|p2a: Kartana|7/100
|
|upkeep
|turn|17
|
|t:|1663836141
|switch|p2a: Tapu Lele|Tapu Lele, shiny|76/100
|-damage|p2a: Tapu Lele|63/100|[from] Stealth Rock
|-fieldstart|move: Psychic Terrain|[from] ability: Psychic Surge|[of] p2a: Tapu Lele
|switch|p1a: Tangrowth|Tangrowth, F|100/100
|-damage|p1a: Tangrowth|88/100|[from] Stealth Rock
|
|upkeep
|turn|18
|
|t:|1663836142
|switch|p1a: Melmetal|Melmetal|41/100
|-damage|p1a: Melmetal|35/100|[from] Stealth Rock
|move|p2a: Tapu Lele|Psychic|p1a: Melmetal
|-resisted|p1a: Melmetal
|-damage|p1a: Melmetal|9/100
|
|upkeep
|turn|19
|
|t:|1663836144
|switch|p1a: Weavile|Weavile, F|100/100
|-damage|p1a: Weavile|76/100|[from] Stealth Rock
|-ability|p1a: Weavile|Pressure
|move|p2a: Tapu Lele|Psychic|p1a: Weavile
|-immune|p1a: Weavile
|
|upkeep
|turn|20
|
|t:|1663836148
|switch|p2a: Umbreon|Umbreon, M, shiny|53/100
|-damage|p2a: Umbreon|41/100|[from] Stealth Rock
|move|p1a: Weavile|Triple Axel|p2a: Umbreon
|-damage|p2a: Umbreon|32/100
|-damage|p2a: Umbreon|16/100
|-hitcount|p2a: Umbreon|2
|
|-heal|p2a: Umbreon|22/100|[from] item: Leftovers
|upkeep
|turn|21
|
|t:|1663836150
|move|p2a: Umbreon|Protect|p2a: Umbreon
|-singleturn|p2a: Umbreon|Protect
|move|p1a: Weavile|Triple Axel|p2a: Umbreon
|-activate|p2a: Umbreon|move: Protect
|
|-heal|p2a: Umbreon|28/100|[from] item: Leftovers
|-fieldend|move: Psychic Terrain
|upkeep
|turn|22
|
|t:|1663836153
|move|p1a: Weavile|Triple Axel|p2a: Umbreon|[miss]
|-miss|p1a: Weavile|p2a: Umbreon
|move|p2a: Umbreon|Wish|p2a: Umbreon
|
|-heal|p2a: Umbreon|34/100|[from] item: Leftovers
|upkeep
|turn|23
|
|t:|1663836155
|move|p2a: Umbreon|Protect|p2a: Umbreon
|-singleturn|p2a: Umbreon|Protect
|move|p1a: Weavile|Triple Axel|p2a: Umbreon
|-activate|p2a: Umbreon|move: Protect
|
|-heal|p2a: Umbreon|84/100|[from] move: Wish|[wisher] Umbreon
|-heal|p2a: Umbreon|90/100|[from] item: Leftovers
|upkeep
|turn|24
|
|t:|1663836157
|move|p1a: Weavile|Triple Axel|p2a: Umbreon
|-damage|p2a: Umbreon|81/100
|-damage|p2a: Umbreon|65/100
|-damage|p2a: Umbreon|37/100
|-hitcount|p2a: Umbreon|3
|move|p2a: Umbreon|Wish|p2a: Umbreon
|
|-heal|p2a: Umbreon|43/100|[from] item: Leftovers
|upkeep
|turn|25
|
|t:|1663836161
|move|p1a: Weavile|Triple Axel|p2a: Umbreon
|-damage|p2a: Umbreon|35/100
|-damage|p2a: Umbreon|16/100
|-damage|p2a: Umbreon|0 fnt
|faint|p2a: Umbreon
|-hitcount|p2: Umbreon|3
|
|upkeep
|
|t:|1663836164
|switch|p2a: Tornadus|Tornadus-Therian, M|100/100
|turn|26
|
|t:|1663836167
|move|p1a: Weavile|Triple Axel|p2a: Tornadus
|-supereffective|p2a: Tornadus
|-damage|p2a: Tornadus|71/100
|-supereffective|p2a: Tornadus
|-damage|p2a: Tornadus|10/100
|-supereffective|p2a: Tornadus
|-damage|p2a: Tornadus|0 fnt
|faint|p2a: Tornadus
|-hitcount|p2: Tornadus|3
|
|upkeep
|-message|galarian dragapult forfeited.
|
|win|minimax_ai
|raw|minimax_ai's rating: 1595 &rarr; <strong>1619</strong><br />(+24 for winning)
|raw|galarian dragapult's rating: 1663 &rarr; <strong>1639</strong><br />(-24 for losing)
|c|☆minimax_ai|gg
|l|☆galarian dragapult
