|j|☆BigWes95
|j|☆lowtiergodBBC444
|t:|1629877518
|gametype|singles
|player|p1|BigWes95|swimmer-gen4dp|1488
|player|p2|lowtiergodBBC444|2|1499
|teamsize|p1|6
|teamsize|p2|6
|gen|8
|tier|[Gen 8] OU
|rated|
|rule|Sleep Clause Mod: Limit one foe put to sleep
|rule|Species Clause: Limit one of each Pokémon
|rule|OHKO Clause: OHKO moves are banned
|rule|Evasion Moves Clause: Evasion moves are banned
|rule|Endless Battle Clause: Forcing endless battles is banned
|rule|HP Percentage Mod: HP is shown in percentages
|rule|Dynamax Clause: You cannot dynamax
|clearpoke
|poke|p1|Dragapult, M|
|poke|p1|Landorus-Therian, M|
|poke|p1|Kyurem|
|poke|p1|Kartana|
|poke|p1|Urshifu-*, M|
|poke|p1|Slowking-Galar, F|
|poke|p2|Skarmory, F|
|poke|p2|Alakazam, M|
|poke|p2|Politoed, F|
|poke|p2|Ninetales-Alola, F|
|poke|p2|Seismitoad, F|
|poke|p2|Scizor, M|
|teampreview
|inactive|Battle timer is ON: inactive players will automatically lose when time's up. (requested by lowtiergodBBC444)
|
|t:|1629877529
|start
|switch|p1a: Gareth|Dragapult, M|100/100
|switch|p2a: Skarmory|Skarmory, F|100/100
|turn|1
|
|t:|1629877536
|move|p1a: Gareth|Shadow Ball|p2a: Skarmory
|-damage|p2a: Skarmory|37/100
|move|p2a: Skarmory|Stealth Rock|p1a: Gareth
|-sidestart|p1: BigWes95|move: Stealth Rock
|
|upkeep
|turn|2
|
|t:|1629877561
|move|p1a: Gareth|Shadow Ball|p2a: Skarmory
|-damage|p2a: Skarmory|0 fnt
|faint|p2a: Skarmory
|
|upkeep
|
|t:|1629877566
|switch|p2a: Ninetales|Ninetales-Alola, F|100/100
|-weather|Hail|[from] ability: Snow Warning|[of] p2a: Ninetales
|turn|3
|
|t:|1629877571
|move|p1a: Gareth|Shadow Ball|p2a: Ninetales
|-damage|p2a: Ninetales|42/100
|move|p2a: Ninetales|Aurora Veil|p2a: Ninetales
|-sidestart|p2: lowtiergodBBC444|move: Aurora Veil
|
|-weather|Hail|[upkeep]
|-damage|p1a: Gareth|95/100|[from] Hail
|upkeep
|turn|4
|
|t:|1629877579
|switch|p1a: Roger|Slowking-Galar, F|100/100
|-damage|p1a: Roger|88/100|[from] Stealth Rock
|move|p2a: Ninetales|Pain Split|p1a: Roger
|-sethp|p1a: Roger|59/100|[from] move: Pain Split|[silent]
|-sethp|p2a: Ninetales|81/100|[from] move: Pain Split
|
|-weather|Hail|[upkeep]
|-damage|p1a: Roger|53/100|[from] Hail
|upkeep
|turn|5
|
|t:|1629877589
|switch|p2a: Politoed|Politoed, F|100/100
|-weather|RainDance|[from] ability: Drizzle|[of] p2a: Politoed
|move|p1a: Roger|Future Sight|p2a: Politoed
|-start|p1a: Roger|move: Future Sight
|
|-weather|RainDance|[upkeep]
|upkeep
|turn|6
|
|t:|1629877599
|switch|p1a: Claude|Urshifu-Rapid-Strike, M|100/100
|-damage|p1a: Claude|94/100|[from] Stealth Rock
|move|p2a: Politoed|Scald|p1a: Claude
|-resisted|p1a: Claude
|-damage|p1a: Claude|59/100
|
|-weather|RainDance|[upkeep]
|upkeep
|turn|7
|
|t:|1629877609
|move|p1a: Claude|Close Combat|p2a: Politoed
|-damage|p2a: Politoed|51/100
|-unboost|p1a: Claude|def|1
|-unboost|p1a: Claude|spd|1
|move|p2a: Politoed|Scald|p1a: Claude
|-resisted|p1a: Claude
|-damage|p1a: Claude|5/100
|-status|p1a: Claude|brn
|
|-weather|RainDance|[upkeep]
|-end|p2a: Politoed|move: Future Sight
|-damage|p2a: Politoed|32/100
|-damage|p1a: Claude|0 fnt|[from] brn
|faint|p1a: Claude
|upkeep
|
|t:|1629877615
|switch|p1a: Chris|Kyurem|100/100
|-damage|p1a: Chris|76/100|[from] Stealth Rock
|-ability|p1a: Chris|Pressure
|turn|8
|
|t:|1629877626
|switch|p2a: Ninetales|Ninetales-Alola, F|81/100
|-weather|Hail|[from] ability: Snow Warning|[of] p2a: Ninetales
|move|p1a: Chris|Freeze-Dry|p2a: Ninetales
|-resisted|p2a: Ninetales
|-damage|p2a: Ninetales|65/100
|
|-weather|Hail|[upkeep]
|upkeep
|turn|9
|
|t:|1629877634
|switch|p1a: Roger|Slowking-Galar, F|86/100
|-damage|p1a: Roger|74/100|[from] Stealth Rock
|move|p2a: Ninetales|Freeze-Dry|p1a: Roger
|-damage|p1a: Roger|64/100
|
|-weather|Hail|[upkeep]
|-damage|p1a: Roger|58/100|[from] Hail
|upkeep
|turn|10
|
|t:|1629877642
|move|p2a: Ninetales|Freeze-Dry|p1a: Roger
|-damage|p1a: Roger|48/100
|move|p1a: Roger|Future Sight|p2a: Ninetales
|-start|p1a: Roger|move: Future Sight
|
|-weather|Hail|[upkeep]
|-damage|p1a: Roger|42/100|[from] Hail
|-sideend|p2: lowtiergodBBC444|move: Aurora Veil
|upkeep
|turn|11
|
|t:|1629877649
|move|p2a: Ninetales|Encore|p1a: Roger
|-start|p1a: Roger|Encore
|move|p1a: Roger|Future Sight||[still]
|-fail|p1a: Roger
|
|-weather|Hail|[upkeep]
|-damage|p1a: Roger|36/100|[from] Hail
|upkeep
|turn|12
|
|t:|1629877655
|switch|p1a: Tony|Kartana|100/100
|-damage|p1a: Tony|94/100|[from] Stealth Rock
|move|p2a: Ninetales|Aurora Veil|p2a: Ninetales
|-sidestart|p2: lowtiergodBBC444|move: Aurora Veil
|
|-weather|none
|-end|p2a: Ninetales|move: Future Sight
|-damage|p2a: Ninetales|38/100
|upkeep
|turn|13
|
|t:|1629877664
|switch|p2a: Scizor|Scizor, M|100/100
|move|p1a: Tony|Smart Strike|p2a: Scizor
|-resisted|p2a: Scizor
|-damage|p2a: Scizor|89/100
|
|-heal|p2a: Scizor|95/100|[from] item: Leftovers
|upkeep
|turn|14
|
|t:|1629877673
|switch|p1a: Dwight|Landorus-Therian, M|100/100
|-damage|p1a: Dwight|88/100|[from] Stealth Rock
|-ability|p1a: Dwight|Intimidate|boost
|-unboost|p2a: Scizor|atk|1
|move|p2a: Scizor|Swords Dance|p2a: Scizor
|-boost|p2a: Scizor|atk|2
|
|-heal|p1a: Dwight|94/100|[from] item: Leftovers
|-heal|p2a: Scizor|100/100|[from] item: Leftovers
|upkeep
|turn|15
|
|t:|1629877682
|move|p1a: Dwight|Defog|p2a: Scizor
|-unboost|p2a: Scizor|evasion|1
|-sideend|p2: lowtiergodBBC444|move: Aurora Veil
|-sideend|p1: BigWes95|Stealth Rock|[from] move: Defog|[of] p1a: Dwight
|move|p2a: Scizor|Swords Dance|p2a: Scizor
|-boost|p2a: Scizor|atk|2
|
|-heal|p1a: Dwight|99/100|[from] item: Leftovers
|upkeep
|turn|16
|
|t:|1629877691
|move|p1a: Dwight|Earthquake|p2a: Scizor
|-damage|p2a: Scizor|48/100
|move|p2a: Scizor|Knock Off|p1a: Dwight
|-damage|p1a: Dwight|35/100
|-enditem|p1a: Dwight|Leftovers|[from] move: Knock Off|[of] p2a: Scizor
|
|-heal|p2a: Scizor|54/100|[from] item: Leftovers
|upkeep
|turn|17
|
|t:|1629877698
|move|p2a: Scizor|Bullet Punch|p1a: Dwight
|-damage|p1a: Dwight|0 fnt
|faint|p1a: Dwight
|
|-heal|p2a: Scizor|60/100|[from] item: Leftovers
|upkeep
|
|t:|1629877705
|switch|p1a: Chris|Kyurem|76/100
|-ability|p1a: Chris|Pressure
|turn|18
|
|t:|1629877708
|move|p2a: Scizor|Bullet Punch|p1a: Chris
|-supereffective|p1a: Chris
|-damage|p1a: Chris|0 fnt
|faint|p1a: Chris
|
|-heal|p2a: Scizor|66/100|[from] item: Leftovers
|upkeep
|
|t:|1629877710
|switch|p1a: Gareth|Dragapult, M|95/100
|turn|19
|
|t:|1629877715
|move|p2a: Scizor|Bullet Punch|p1a: Gareth
|-damage|p1a: Gareth|0 fnt
|faint|p1a: Gareth
|
|-heal|p2a: Scizor|72/100|[from] item: Leftovers
|upkeep
|-message|BigWes95 forfeited.
|
|win|lowtiergodBBC444
|raw|BigWes95's rating: 1488 &rarr; <strong>1469</strong><br />(-19 for losing)
|raw|lowtiergodBBC444's rating: 1499 &rarr; <strong>1518</strong><br />(+19 for winning)
|l|☆BigWes95
|c|☆lowtiergodBBC444|lol checkmate
